{"id": "gen9randombattle-2641811646", "format": "[Gen 9] Random Battle", "players": ["Siamato", "milkreo"], "log": "|badge|p1|bronze|gen9randombattle|100-9\n|html|<div class=\"broadcast-red\"><strong>This battle is required to be public due to one or more player having a season medal.</strong><br />During the public phase, you can discuss the state of the ladder <a href=\"/seasondiscussion\">in a special chatroom.</a></div>\n|uhtml|medal-msg|<div class=\"broadcast-blue\">Curious what those medals under the avatar are? PS now has Ladder Seasons! For more information, check out the <a href=\"https://www.smogon.com/forums/threads/3740067/\">thread on Smogon.</a></div>\n|badge|p2|silver|gen9randombattle|30-9\n|uhtml|medal-msg|<div class=\"broadcast-blue\">Curious what those medals under the avatar are? PS now has Ladder Seasons! For more information, check out the <a href=\"https://www.smogon.com/forums/threads/3740067/\">thread on Smogon.</a></div>\n|j|\u2606Siamato\n|j|\u2606milkreo\n|t:|1782844764\n|gametype|singles\n|player|p1|Siamato|#omclihearttakers|2312\n|player|p2|milkreo|101|2346\n|gen|9\n|tier|[Gen 9] Random Battle\n|rated|\n|rule|Species Clause: Limit one of each Pok\u00e9mon\n|rule|HP Percentage Mod: HP is shown in percentages\n|rule|Sleep Clause Mod: Limit one foe put to sleep\n|rule|Illusion Level Mod: Illusion disguises the Pok\u00e9mon's true level\n|\n|t:|1782844764\n|teamsize|p1|6\n|teamsize|p2|6\n|start\n|switch|p1a: Jirachi|Jirachi, L80|291/291\n|switch|p2a: Tatsugiri|Tatsugiri, L87, M|260/260\n|turn|1\n|\n|t:|1782844771\n|switch|p2a: Bellibolt|Bellibolt, L84, M|320/320\n|move|p1a: Jirachi|Body Slam|p2a: Bellibolt\n|-damage|p2a: Bellibolt|266/320\n|-start|p2a: Bellibolt|Charge|Body Slam|[from] ability: Electromorphosis\n|\n|-heal|p2a: Bellibolt|286/320|[from] item: Leftovers\n|upkeep\n|turn|2\n|\n|t:|1782844787\n|move|p1a: Jirachi|U-turn|p2a: Bellibolt\n|-damage|p2a: Bellibolt|241/320\n|-start|p2a: Bellibolt|Charge|U-turn|[from] ability: Electromorphosis\n|\n|t:|1782844790\n|switch|p1a: Grafaiai|Grafaiai, L86, M|249/249|[from] U-turn\n|move|p2a: Bellibolt|Muddy Water|p1a: Grafaiai\n|-damage|p1a: Grafaiai|197/249\n|\n|-heal|p2a: Bellibolt|261/320|[from] item: Leftovers\n|upkeep\n|turn|3\n|\n|t:|1782844798\n|move|p1a: Grafaiai|Knock Off|p2a: Bellibolt\n|-damage|p2a: Bellibolt|187/320\n|-start|p2a: Bellibolt|Charge|Knock Off|[from] ability: Electromorphosis\n|-enditem|p2a: Bellibolt|Leftovers|[from] move: Knock Off|[of] p1a: Grafaiai\n|move|p2a: Bellibolt|Thunderbolt|p1a: Grafaiai\n|-damage|p1a: Grafaiai|41/249\n|-end|p2a: Bellibolt|Charge|[silent]\n|\n|upkeep\n|turn|4\n|\n|t:|1782844806\n|move|p1a: Grafaiai|Gunk Shot|p2a: Bellibolt\n|-damage|p2a: Bellibolt|64/320\n|-start|p2a: Bellibolt|Charge|Gunk Shot|[from] ability: Electromorphosis\n|move|p2a: Bellibolt|Slack Off|p2a: Bellibolt\n|-heal|p2a: Bellibolt|224/320\n|\n|upkeep\n|turn|5\n|\n|t:|1782844820\n|move|p1a: Grafaiai|Super Fang|p2a: Bellibolt\n|-damage|p2a: Bellibolt|112/320\n|-start|p2a: Bellibolt|Charge|Super Fang|[from] ability: Electromorphosis\n|-status|p2a: Bellibolt|psn|[from] ability: Poison Touch|[of] p1a: Grafaiai\n|move|p2a: Bellibolt|Slack Off|p2a: Bellibolt\n|-heal|p2a: Bellibolt|272/320 psn\n|\n|-damage|p2a: Bellibolt|232/320 psn|[from] psn\n|upkeep\n|turn|6\n|j| Tusclomb\n|\n|t:|1782844832\n|move|p1a: Grafaiai|U-turn|p2a: Bellibolt\n|-damage|p2a: Bellibolt|186/320 psn\n|-start|p2a: Bellibolt|Charge|U-turn|[from] ability: Electromorphosis\n|\n|t:|1782844834\n|switch|p1a: Jirachi|Jirachi, L80|291/291|[from] U-turn\n|move|p2a: Bellibolt|Slack Off|p2a: Bellibolt\n|-heal|p2a: Bellibolt|320/320 psn\n|\n|-damage|p2a: Bellibolt|280/320 psn|[from] psn\n|upkeep\n|turn|7\n|\n|t:|1782844842\n|move|p1a: Jirachi|Iron Head|p2a: Bellibolt\n|-resisted|p2a: Bellibolt\n|-damage|p2a: Bellibolt|244/320 psn\n|-start|p2a: Bellibolt|Charge|Iron Head|[from] ability: Electromorphosis\n|cant|p2a: Bellibolt|flinch\n|-end|p2a: Bellibolt|Charge|[silent]\n|\n|-damage|p2a: Bellibolt|204/320 psn|[from] psn\n|upkeep\n|turn|8\n|\n|t:|1782844848\n|move|p1a: Jirachi|Iron Head|p2a: Bellibolt\n|-resisted|p2a: Bellibolt\n|-damage|p2a: Bellibolt|163/320 psn\n|-start|p2a: Bellibolt|Charge|Iron Head|[from] ability: Electromorphosis\n|cant|p2a: Bellibolt|flinch\n|\n|-damage|p2a: Bellibolt|123/320 psn|[from] psn\n|upkeep\n|turn|9\n|\n|t:|1782844855\n|move|p1a: Jirachi|Iron Head|p2a: Bellibolt\n|-resisted|p2a: Bellibolt\n|-damage|p2a: Bellibolt|81/320 psn\n|-start|p2a: Bellibolt|Charge|Iron Head|[from] ability: Electromorphosis\n|cant|p2a: Bellibolt|flinch\n|-end|p2a: Bellibolt|Charge|[silent]\n|\n|-damage|p2a: Bellibolt|41/320 psn|[from] psn\n|upkeep\n|turn|10\n|\n|t:|1782844866\n|switch|p2a: Gurdurr|Gurdurr, L85, F|283/283\n|move|p1a: Jirachi|Body Slam|p2a: Gurdurr\n|-damage|p2a: Gurdurr|241/283\n|-status|p2a: Gurdurr|par\n|\n|upkeep\n|turn|11\n|\n|t:|1782844881\n|move|p1a: Jirachi|U-turn|p2a: Gurdurr\n|-resisted|p2a: Gurdurr\n|-damage|p2a: Gurdurr|226/283 par\n|\n|t:|1782844883\n|switch|p1a: Scrafty|Scrafty, L83, F|244/244|[from] U-turn\n|-ability|p1a: Scrafty|Intimidate|boost\n|-unboost|p2a: Gurdurr|atk|1\n|move|p2a: Gurdurr|Knock Off|p1a: Scrafty\n|-resisted|p1a: Scrafty\n|-damage|p1a: Scrafty|229/244\n|-enditem|p1a: Scrafty|Leftovers|[from] move: Knock Off|[of] p2a: Gurdurr\n|\n|upkeep\n|turn|12\n|\n|t:|1782844889\n|move|p1a: Scrafty|Dragon Dance|p1a: Scrafty\n|-boost|p1a: Scrafty|atk|1\n|-boost|p1a: Scrafty|spe|1\n|move|p2a: Gurdurr|Bulk Up|p2a: Gurdurr\n|-boost|p2a: Gurdurr|atk|1\n|-boost|p2a: Gurdurr|def|1\n|\n|upkeep\n|turn|13\n|\n|t:|1782844911\n|switch|p1a: Oricorio|Oricorio, L84, F|263/263\n|move|p2a: Gurdurr|Bulk Up|p2a: Gurdurr\n|-boost|p2a: Gurdurr|atk|1\n|-boost|p2a: Gurdurr|def|1\n|\n|upkeep\n|turn|14\n|\n|t:|1782844925\n|switch|p2a: Bellibolt|Bellibolt, L84, M|41/320 psn\n|move|p1a: Oricorio|Hurricane|p2a: Bellibolt\n|-resisted|p2a: Bellibolt\n|-damage|p2a: Bellibolt|0 fnt\n|faint|p2a: Bellibolt\n|\n|upkeep\n|\n|t:|1782844927\n|switch|p2a: Tatsugiri|Tatsugiri, L87, M|260/260\n|turn|15\n|\n|t:|1782844938\n|switch|p1a: Jirachi|Jirachi, L80|291/291\n|move|p2a: Tatsugiri|Hydro Pump|p1a: Jirachi\n|-damage|p1a: Jirachi|194/291\n|\n|upkeep\n|turn|16\n|\n|t:|1782844946\n|switch|p2a: Gurdurr|Gurdurr, L85, F|226/283 par\n|move|p1a: Jirachi|Body Slam|p2a: Gurdurr\n|-damage|p2a: Gurdurr|185/283 par\n|\n|upkeep\n|turn|17\n|\n|t:|1782844948\n|move|p1a: Jirachi|U-turn|p2a: Gurdurr\n|-resisted|p2a: Gurdurr\n|-damage|p2a: Gurdurr|170/283 par\n|\n|t:|1782844950\n|switch|p1a: Oricorio|Oricorio, L84, F|263/263|[from] U-turn\n|move|p2a: Gurdurr|Knock Off|p1a: Oricorio\n|-damage|p1a: Oricorio|129/263\n|-enditem|p1a: Oricorio|Heavy-Duty Boots|[from] move: Knock Off|[of] p2a: Gurdurr\n|\n|upkeep\n|turn|18\n|\n|t:|1782844974\n|move|p1a: Oricorio|Hurricane|p2a: Gurdurr\n|-supereffective|p2a: Gurdurr\n|-damage|p2a: Gurdurr|0 fnt\n|faint|p2a: Gurdurr\n|\n|upkeep\n|\n|t:|1782844976\n|switch|p2a: Tatsugiri|Tatsugiri, L87, M|260/260\n|turn|19\n|\n|t:|1782844994\n|switch|p1a: Grafaiai|Grafaiai, L86, M|41/249\n|move|p2a: Tatsugiri|Hydro Pump|p1a: Grafaiai|[miss]\n|-miss|p2a: Tatsugiri|p1a: Grafaiai\n|\n|upkeep\n|turn|20\n|j| xMagic_7\n|\n|t:|1782845010\n|move|p1a: Grafaiai|Super Fang|p2a: Tatsugiri\n|-damage|p2a: Tatsugiri|130/260\n|move|p2a: Tatsugiri|Rapid Spin|p1a: Grafaiai\n|-damage|p1a: Grafaiai|13/249\n|-boost|p2a: Tatsugiri|spe|1\n|\n|upkeep\n|turn|21\n|\n|t:|1782845021\n|move|p2a: Tatsugiri|Hydro Pump|p1a: Grafaiai|[miss]\n|-miss|p2a: Tatsugiri|p1a: Grafaiai\n|move|p1a: Grafaiai|Gunk Shot|p2a: Tatsugiri|[miss]\n|-miss|p1a: Grafaiai|p2a: Tatsugiri\n|\n|upkeep\n|turn|22\n|\n|t:|1782845024\n|move|p2a: Tatsugiri|Rapid Spin|p1a: Grafaiai\n|-crit|p1a: Grafaiai\n|-damage|p1a: Grafaiai|0 fnt\n|-boost|p2a: Tatsugiri|spe|1\n|faint|p1a: Grafaiai\n|\n|upkeep\n|\n|t:|1782845027\n|switch|p1a: Jirachi|Jirachi, L80|194/291\n|turn|23\n|\n|t:|1782845055\n|move|p2a: Tatsugiri|Hydro Pump|p1a: Jirachi\n|-damage|p1a: Jirachi|109/291\n|move|p1a: Jirachi|Drain Punch|p2a: Tatsugiri\n|-damage|p2a: Tatsugiri|66/260\n|-heal|p1a: Jirachi|141/291|[from] drain|[of] p2a: Tatsugiri\n|\n|upkeep\n|turn|24\n|\n|t:|1782845062\n|move|p2a: Tatsugiri|Hydro Pump|p1a: Jirachi\n|-damage|p1a: Jirachi|47/291\n|move|p1a: Jirachi|Body Slam|p2a: Tatsugiri\n|-damage|p2a: Tatsugiri|0 fnt\n|faint|p2a: Tatsugiri\n|\n|upkeep\n|\n|t:|1782845071\n|switch|p2a: Tauros|Tauros-Paldea-Combat, L82, M|257/257\n|-ability|p2a: Tauros|Intimidate|boost\n|-unboost|p1a: Jirachi|atk|1\n|turn|25\n|\n|t:|1782845077\n|move|p2a: Tauros|Close Combat|p1a: Jirachi\n|-damage|p1a: Jirachi|0 fnt\n|-unboost|p2a: Tauros|def|1\n|-unboost|p2a: Tauros|spd|1\n|faint|p1a: Jirachi\n|\n|upkeep\n|\n|t:|1782845087\n|switch|p1a: Oricorio|Oricorio, L84, F|129/263\n|turn|26\n|\n|t:|1782845093\n|move|p2a: Tauros|Close Combat|p1a: Oricorio\n|-resisted|p1a: Oricorio\n|-damage|p1a: Oricorio|7/263\n|-unboost|p2a: Tauros|def|1\n|-unboost|p2a: Tauros|spd|1\n|move|p1a: Oricorio|Roost|p1a: Oricorio\n|-heal|p1a: Oricorio|139/263\n|-singleturn|p1a: Oricorio|move: Roost\n|\n|upkeep\n|turn|27\n|\n|t:|1782845103\n|switch|p2a: Espathra|Espathra, L80, M|283/283\n|move|p1a: Oricorio|Quiver Dance|p1a: Oricorio\n|-boost|p1a: Oricorio|spa|1\n|-boost|p1a: Oricorio|spd|1\n|-boost|p1a: Oricorio|spe|1\n|\n|upkeep\n|turn|28\n|\n|t:|1782845110\n|move|p1a: Oricorio|Hurricane|p2a: Espathra\n|-damage|p2a: Espathra|33/283\n|move|p2a: Espathra|Lumina Crash|p1a: Oricorio\n|-damage|p1a: Oricorio|37/263\n|-unboost|p1a: Oricorio|spd|2\n|\n|-ability|p2a: Espathra|Speed Boost|boost\n|-boost|p2a: Espathra|spe|1\n|upkeep\n|turn|29\n|\n|t:|1782845119\n|switch|p2a: Tauros|Tauros-Paldea-Combat, L82, M|257/257\n|-ability|p2a: Tauros|Intimidate|boost\n|-unboost|p1a: Oricorio|atk|1\n|switch|p1a: Scrafty|Scrafty, L83, F|229/244\n|-ability|p1a: Scrafty|Intimidate|boost\n|-unboost|p2a: Tauros|atk|1\n|\n|upkeep\n|turn|30\n|\n|t:|1782845128\n|-terastallize|p1a: Scrafty|Poison\n|move|p2a: Tauros|Close Combat|p1a: Scrafty\n|-resisted|p1a: Scrafty\n|-damage|p1a: Scrafty|176/244\n|-unboost|p2a: Tauros|def|1\n|-unboost|p2a: Tauros|spd|1\n|move|p1a: Scrafty|Dragon Dance|p1a: Scrafty\n|-boost|p1a: Scrafty|atk|1\n|-boost|p1a: Scrafty|spe|1\n|\n|upkeep\n|turn|31\n|\n|t:|1782845132\n|switch|p2a: Bastiodon|Bastiodon, L89, M|252/252\n|move|p1a: Scrafty|Dragon Dance|p1a: Scrafty\n|-boost|p1a: Scrafty|atk|1\n|-boost|p1a: Scrafty|spe|1\n|\n|upkeep\n|turn|32\n|inactive|Battle timer is ON: inactive players will automatically lose when time's up. (requested by Siamato)\n|j| tyrantkingdad\n|\n|t:|1782845178\n|-terastallize|p2a: Bastiodon|Fighting\n|move|p1a: Scrafty|Knock Off|p2a: Bastiodon\n|-resisted|p2a: Bastiodon\n|-damage|p2a: Bastiodon|202/252\n|-enditem|p2a: Bastiodon|Chesto Berry|[from] move: Knock Off|[of] p1a: Scrafty\n|move|p2a: Bastiodon|Iron Defense|p2a: Bastiodon\n|-boost|p2a: Bastiodon|def|2\n|\n|upkeep\n|turn|33\n|\n|t:|1782845195\n|move|p1a: Scrafty|Drain Punch|p2a: Bastiodon\n|-damage|p2a: Bastiodon|162/252\n|-heal|p1a: Scrafty|196/244|[from] drain|[of] p2a: Bastiodon\n|move|p2a: Bastiodon|Iron Defense|p2a: Bastiodon\n|-boost|p2a: Bastiodon|def|2\n|\n|upkeep\n|turn|34\n|\n|t:|1782845207\n|switch|p1a: Forretress|Forretress, L84, F|263/263\n|move|p2a: Bastiodon|Body Press|p1a: Forretress\n|-ability|p1a: Forretress|Sturdy\n|-damage|p1a: Forretress|1/263\n|\n|-heal|p1a: Forretress|17/263|[from] item: Leftovers\n|upkeep\n|turn|35\n|l| Tusclomb\n|\n|t:|1782845230\n|move|p1a: Forretress|Stealth Rock|p2a: Bastiodon\n|-sidestart|p2: milkreo|move: Stealth Rock\n|move|p2a: Bastiodon|Body Press|p1a: Forretress\n|-damage|p1a: Forretress|0 fnt\n|faint|p1a: Forretress\n|\n|upkeep\n|\n|t:|1782845242\n|switch|p1a: Oricorio|Oricorio, L84, F|37/263\n|turn|36\n|inactive|milkreo has 120 seconds left.\n|\n|t:|1782845286\n|move|p1a: Oricorio|Hurricane|p2a: Bastiodon\n|-supereffective|p2a: Bastiodon\n|-damage|p2a: Bastiodon|12/252\n|-start|p2a: Bastiodon|confusion\n|-activate|p2a: Bastiodon|confusion\n|move|p2a: Bastiodon|Body Press|p1a: Oricorio\n|-resisted|p1a: Oricorio\n|-damage|p1a: Oricorio|0 fnt\n|faint|p1a: Oricorio\n|\n|upkeep\n|\n|t:|1782845306\n|switch|p1a: Scrafty|Scrafty, L83, F, tera:Poison|196/244\n|-ability|p1a: Scrafty|Intimidate|boost\n|-unboost|p2a: Bastiodon|atk|1\n|turn|37\n|\n|t:|1782845314\n|move|p1a: Scrafty|Poison Jab|p2a: Bastiodon\n|-crit|p2a: Bastiodon\n|-damage|p2a: Bastiodon|0 fnt\n|faint|p2a: Bastiodon\n|\n|upkeep\n|\n|t:|1782845317\n|switch|p2a: Tauros|Tauros-Paldea-Combat, L82, M|257/257\n|-damage|p2a: Tauros|241/257|[from] Stealth Rock\n|-ability|p2a: Tauros|Intimidate|boost\n|-unboost|p1a: Scrafty|atk|1\n|turn|38\n|\n|t:|1782845326\n|switch|p1a: Blastoise|Blastoise, L80, F|258/258\n|move|p2a: Tauros|Earthquake|p1a: Blastoise\n|-damage|p1a: Blastoise|155/258\n|\n|upkeep\n|turn|39\n|\n|t:|1782845333\n|move|p2a: Tauros|Earthquake|p1a: Blastoise\n|-damage|p1a: Blastoise|44/258\n|move|p1a: Blastoise|Shell Smash|p1a: Blastoise\n|-unboost|p1a: Blastoise|def|1\n|-unboost|p1a: Blastoise|spd|1\n|-boost|p1a: Blastoise|atk|2\n|-boost|p1a: Blastoise|spa|2\n|-boost|p1a: Blastoise|spe|2\n|-enditem|p1a: Blastoise|White Herb\n|-clearnegativeboost|p1a: Blastoise|[silent]\n|\n|upkeep\n|turn|40\n|\n|t:|1782845342\n|move|p1a: Blastoise|Hydro Pump|p2a: Tauros\n|-damage|p2a: Tauros|0 fnt\n|faint|p2a: Tauros\n|\n|upkeep\n|\n|t:|1782845343\n|switch|p2a: Espathra|Espathra, L80, M|33/283\n|-damage|p2a: Espathra|0 fnt|[from] Stealth Rock\n|faint|p2a: Espathra\n|\n|win|Siamato\n|raw|Siamato's rating: 2312 &rarr; <strong>2334</strong><br />(+22 for winning)\n|raw|milkreo's rating: 2346 &rarr; <strong>2324</strong><br />(-22 for losing)\n|l| tyrantkingdad\n", "inputlog": ">version f8ac14003a5f27e1bdc8d8c59608a773c1cb96e5\n>start {\"formatid\":\"gen9randombattle\",\"seed\":\"sodium,b5e7457512c7357a2b8a630966a5f4d9\",\"rated\":\"Rated battle\"}\n>player p1 {\"name\":\"Siamato\",\"avatar\":\"#omclihearttakers\",\"rating\":2312,\"seed\":\"sodium,dc4046f313c6cc5dea6517fc1782651f\"}\n>player p2 {\"name\":\"milkreo\",\"avatar\":\"101\",\"rating\":2346,\"seed\":\"sodium,0fe6a89b49f490ec004c46d022d6199f\"}\n>p1 move bodyslam\n>p2 switch 6\n>p1 move uturn\n>p2 move muddywater\n>p1 switch 3\n>p1 move knockoff\n>p2 move thunderbolt\n>p1 move gunkshot\n>p2 move slackoff\n>p1 move superfang\n>p2 move slackoff\n>p1 move uturn\n>p2 move slackoff\n>p1 switch 3\n>p1 move ironhead\n>p2 move thunderbolt\n>p1 move ironhead\n>p2 move slackoff\n>p1 move ironhead\n>p2 move voltswitch\n>p1 move bodyslam\n>p2 switch 4\n>p1 move uturn\n>p2 move knockoff\n>p1 switch 6\n>p1 move dragondance\n>p2 move bulkup\n>p1 switch 2\n>p2 move bulkup\n>p1 move hurricane\n>p2 switch 4\n>p2 switch 6\n>p1 switch 6\n>p2 move hydropump\n>p1 move bodyslam\n>p2 switch 4\n>p1 move uturn\n>p2 move knockoff\n>p1 switch 6\n>p1 move hurricane\n>p2 move drainpunch\n>p2 switch 4\n>p1 switch 3\n>p2 move hydropump\n>p1 move superfang\n>p2 move rapidspin\n>p1 move gunkshot\n>p2 move hydropump\n>p1 move gunkshot\n>p2 move rapidspin\n>p1 switch 6\n>p1 move drainpunch\n>p2 move hydropump\n>p1 move bodyslam\n>p2 move hydropump\n>p2 switch 3\n>p1 move bodyslam\n>p2 move closecombat\n>p1 switch 3\n>p1 move roost\n>p2 move closecombat\n>p1 move quiverdance\n>p2 switch 2\n>p1 move hurricane\n>p2 move luminacrash\n>p1 switch 2\n>p2 switch 2\n>p1 move dragondance terastallize\n>p2 move closecombat\n>p1 move dragondance\n>p2 switch 5\n>p1 move knockoff\n>p2 move irondefense terastallize\n>p1 move drainpunch\n>p2 move irondefense\n>p1 switch 4\n>p2 move bodypress\n>p1 move stealthrock\n>p2 move bodypress\n>p1 switch 2\n>p1 move hurricane\n>p2 move bodypress\n>p1 switch 4\n>p1 move poisonjab\n>p2 move rest\n>p2 switch 5\n>p1 switch 5\n>p2 move earthquake\n>p1 move shellsmash\n>p2 move earthquake\n>p1 move hydropump\n>p2 move earthquake\n>p2 switch 2", "uploadtime": 1782845344, "views": 7, "formatid": "gen9randombattle", "rating": 2324, "private": 0, "password": null, "player_dets": [{"name": "Siamato", "avatar": "#omclihearttakers", "rating": 2312, "seed": "sodium,dc4046f313c6cc5dea6517fc1782651f"}, {"name": "milkreo", "avatar": "101", "rating": 2346, "seed": "sodium,0fe6a89b49f490ec004c46d022d6199f"}], "teams_full": [{"Jirachi": {"name": "Jirachi", "species": "Jirachi", "speciesId": "jirachi", "gender": "N", "shiny": false, "level": 80, "moves": ["ironhead", "drainpunch", "bodyslam", "uturn"], "ability": "Serene Grace", "evs": {"hp": 85, "atk": 85, "def": 85, "spa": 85, "spd": 85, "spe": 85}, "ivs": {"hp": 31, "atk": 31, "def": 31, "spa": 31, "spd": 31, "spe": 31}, "item": "Assault Vest", "teraType": "Fighting", "role": "Bulky Attacker", "bvs": {"hp": 100, "atk": 100, "def": 100, "spa": 100, "spd": 100, "spe": 100}, "stats": {"hp": 291, "atk": 206, "def": 206, "spa": 206, "spd": 206, "spe": 206}, "types": ["Steel", "Psychic"]}, "Oricorio": {"name": "Oricorio", "species": "Oricorio", "speciesId": "oricorio", "gender": "F", "shiny": false, "level": 84, "moves": ["revelationdance", "quiverdance", "roost", "hurricane"], "ability": "Dancer", "evs": {"hp": 85, "atk": 0, "def": 85, "spa": 85, "spd": 85, "spe": 85}, "ivs": {"hp": 31, "atk": 0, "def": 31, "spa": 31, "spd": 31, "spe": 31}, "item": "Heavy-Duty Boots", "teraType": "Ground", "role": "Setup Sweeper", "bvs": {"hp": 75, "atk": 70, "def": 70, "spa": 98, "spd": 70, "spe": 93}, "stats": {"hp": 263, "atk": 122, "def": 166, "spa": 213, "spd": 166, "spe": 204}, "types": ["Fire", "Flying"]}, "Grafaiai": {"name": "Grafaiai", "species": "Grafaiai", "speciesId": "grafaiai", "gender": "M", "shiny": false, "level": 86, "moves": ["knockoff", "gunkshot", "uturn", "superfang"], "ability": "Poison Touch", "evs": {"hp": 85, "atk": 85, "def": 85, "spa": 85, "spd": 85, "spe": 85}, "ivs": {"hp": 31, "atk": 31, "def": 31, "spa": 31, "spd": 31, "spe": 31}, "item": "Assault Vest", "teraType": "Dark", "role": "AV Pivot", "bvs": {"hp": 63, "atk": 95, "def": 65, "spa": 80, "spd": 72, "spe": 110}, "stats": {"hp": 249, "atk": 213, "def": 161, "spa": 187, "spd": 173, "spe": 238}, "types": ["Poison", "Normal"]}, "Forretress": {"name": "Forretress", "species": "Forretress", "speciesId": "forretress", "gender": "F", "shiny": false, "level": 84, "moves": ["bodypress", "stealthrock", "ironhead", "rapidspin"], "ability": "Sturdy", "evs": {"hp": 85, "atk": 85, "def": 85, "spa": 85, "spd": 85, "spe": 85}, "ivs": {"hp": 31, "atk": 31, "def": 31, "spa": 31, "spd": 31, "spe": 31}, "item": "Leftovers", "teraType": "Fighting", "role": "Bulky Attacker", "bvs": {"hp": 75, "atk": 90, "def": 140, "spa": 60, "spd": 60, "spe": 40}, "stats": {"hp": 263, "atk": 199, "def": 283, "spa": 149, "spd": 149, "spe": 115}, "types": ["Bug", "Steel"]}, "Blastoise": {"name": "Blastoise", "species": "Blastoise", "speciesId": "blastoise", "gender": "F", "shiny": false, "level": 80, "moves": ["earthquake", "shellsmash", "hydropump", "icebeam"], "ability": "Torrent", "evs": {"hp": 85, "atk": 85, "def": 85, "spa": 85, "spd": 85, "spe": 85}, "ivs": {"hp": 31, "atk": 31, "def": 31, "spa": 31, "spd": 31, "spe": 31}, "item": "White Herb", "teraType": "Ground", "role": "Setup Sweeper", "bvs": {"hp": 79, "atk": 83, "def": 100, "spa": 85, "spd": 105, "spe": 78}, "stats": {"hp": 258, "atk": 179, "def": 206, "spa": 182, "spd": 214, "spe": 171}, "types": ["Water"]}, "Scrafty": {"name": "Scrafty", "species": "Scrafty", "speciesId": "scrafty", "gender": "F", "shiny": false, "level": 83, "moves": ["drainpunch", "dragondance", "knockoff", "poisonjab"], "ability": "Intimidate", "evs": {"hp": 85, "atk": 85, "def": 85, "spa": 85, "spd": 85, "spe": 85}, "ivs": {"hp": 31, "atk": 31, "def": 31, "spa": 31, "spd": 31, "spe": 31}, "item": "Leftovers", "teraType": "Poison", "role": "Bulky Attacker", "bvs": {"hp": 65, "atk": 90, "def": 115, "spa": 45, "spd": 115, "spe": 58}, "stats": {"hp": 244, "atk": 197, "def": 239, "spa": 122, "spd": 239, "spe": 144}, "types": ["Dark", "Fighting"]}}, {"Tatsugiri": {"name": "Tatsugiri", "species": "Tatsugiri", "speciesId": "tatsugiri", "gender": "M", "shiny": false, "level": 87, "moves": ["hydropump", "rapidspin", "dracometeor", "nastyplot"], "ability": "Storm Drain", "evs": {"hp": 85, "atk": 85, "def": 85, "spa": 85, "spd": 85, "spe": 85}, "ivs": {"hp": 31, "atk": 31, "def": 31, "spa": 31, "spd": 31, "spe": 31}, "item": "Heavy-Duty Boots", "teraType": "Water", "role": "Fast Support", "bvs": {"hp": 68, "atk": 50, "def": 60, "spa": 120, "spd": 95, "spe": 82}, "stats": {"hp": 260, "atk": 137, "def": 154, "spa": 259, "spd": 215, "spe": 192}, "types": ["Dragon", "Water"]}, "Espathra": {"name": "Espathra", "species": "Espathra", "speciesId": "espathra", "gender": "M", "shiny": false, "level": 80, "moves": ["luminacrash", "dazzlinggleam", "uturn", "shadowball"], "ability": "Speed Boost", "evs": {"hp": 85, "atk": 85, "def": 85, "spa": 85, "spd": 85, "spe": 85}, "ivs": {"hp": 31, "atk": 31, "def": 31, "spa": 31, "spd": 31, "spe": 31}, "item": "Choice Specs", "teraType": "Psychic", "role": "Wallbreaker", "bvs": {"hp": 95, "atk": 60, "def": 60, "spa": 101, "spd": 60, "spe": 105}, "stats": {"hp": 283, "atk": 142, "def": 142, "spa": 208, "spd": 142, "spe": 214}, "types": ["Psychic"]}, "Tauros": {"name": "Tauros", "species": "Tauros-Paldea-Combat", "speciesId": "taurospaldeacombat", "gender": "M", "shiny": false, "level": 82, "moves": ["closecombat", "ironhead", "stoneedge", "earthquake"], "ability": "Intimidate", "evs": {"hp": 85, "atk": 85, "def": 85, "spa": 85, "spd": 85, "spe": 85}, "ivs": {"hp": 31, "atk": 31, "def": 31, "spa": 31, "spd": 31, "spe": 31}, "item": "Choice Band", "teraType": "Steel", "role": "Wallbreaker", "bvs": {"hp": 75, "atk": 110, "def": 105, "spa": 30, "spd": 70, "spe": 100}, "stats": {"hp": 257, "atk": 228, "def": 219, "spa": 96, "spd": 162, "spe": 211}, "types": ["Fighting"]}, "Gurdurr": {"name": "Gurdurr", "species": "Gurdurr", "speciesId": "gurdurr", "gender": "F", "shiny": false, "level": 85, "moves": ["machpunch", "knockoff", "drainpunch", "bulkup"], "ability": "Guts", "evs": {"hp": 85, "atk": 85, "def": 85, "spa": 85, "spd": 85, "spe": 85}, "ivs": {"hp": 31, "atk": 31, "def": 31, "spa": 31, "spd": 31, "spe": 31}, "item": "Eviolite", "teraType": "Steel", "role": "Bulky Attacker", "bvs": {"hp": 85, "atk": 105, "def": 85, "spa": 40, "spd": 50, "spe": 40}, "stats": {"hp": 283, "atk": 227, "def": 193, "spa": 117, "spd": 134, "spe": 117}, "types": ["Fighting"]}, "Bastiodon": {"name": "Bastiodon", "species": "Bastiodon", "speciesId": "bastiodon", "gender": "M", "shiny": false, "level": 89, "moves": ["bodypress", "rest", "foulplay", "irondefense"], "ability": "Soundproof", "evs": {"hp": 85, "atk": 0, "def": 85, "spa": 85, "spd": 85, "spe": 85}, "ivs": {"hp": 31, "atk": 0, "def": 31, "spa": 31, "spd": 31, "spe": 31}, "item": "Chesto Berry", "teraType": "Fighting", "role": "Bulky Setup", "bvs": {"hp": 60, "atk": 52, "def": 168, "spa": 47, "spd": 138, "spe": 30}, "stats": {"hp": 252, "atk": 97, "def": 350, "spa": 134, "spd": 296, "spe": 104}, "types": ["Rock", "Steel"]}, "Bellibolt": {"name": "Bellibolt", "species": "Bellibolt", "speciesId": "bellibolt", "gender": "M", "shiny": false, "level": 84, "moves": ["voltswitch", "thunderbolt", "muddywater", "slackoff"], "ability": "Electromorphosis", "evs": {"hp": 85, "atk": 0, "def": 85, "spa": 85, "spd": 85, "spe": 85}, "ivs": {"hp": 31, "atk": 0, "def": 31, "spa": 31, "spd": 31, "spe": 31}, "item": "Leftovers", "teraType": "Electric", "role": "Bulky Attacker", "bvs": {"hp": 109, "atk": 64, "def": 91, "spa": 103, "spd": 83, "spe": 45}, "stats": {"hp": 320, "atk": 112, "def": 201, "spa": 221, "spd": 188, "spe": 124}, "types": ["Electric"]}}]}