{"id": "gen9randombattle-2641957451", "format": "[Gen 9] Random Battle", "players": ["pubfr38", "testbotcif"], "log": "|j|\u2606pubfr38\n|j|\u2606testbotcif\n|t:|1782864675\n|gametype|singles\n|player|p1|pubfr38|1|1061\n|player|p2|testbotcif|1|1106\n|gen|9\n|tier|[Gen 9] Random Battle\n|rated|\n|rule|Species Clause: Limit one of each Pok\u00e9mon\n|rule|HP Percentage Mod: HP is shown in percentages\n|rule|Sleep Clause Mod: Limit one foe put to sleep\n|rule|Illusion Level Mod: Illusion disguises the Pok\u00e9mon's true level\n|\n|t:|1782864675\n|teamsize|p1|6\n|teamsize|p2|6\n|start\n|switch|p1a: Stonjourner|Stonjourner, L91, M|330/330\n|switch|p2a: Terrakion|Terrakion, L79|273/273\n|turn|1\n|c|\u2606testbotcif|rlhf\n|inactive|Battle timer is ON: inactive players will automatically lose when time's up. (requested by testbotcif)\n|\n|t:|1782864685\n|-terastallize|p1a: Stonjourner|Ground\n|move|p2a: Terrakion|Close Combat|p1a: Stonjourner\n|-damage|p1a: Stonjourner|197/330\n|-unboost|p2a: Terrakion|def|1\n|-unboost|p2a: Terrakion|spd|1\n|move|p1a: Stonjourner|Rock Polish|p1a: Stonjourner\n|-boost|p1a: Stonjourner|spe|2\n|\n|upkeep\n|turn|2\n|\n|t:|1782864700\n|move|p1a: Stonjourner|Earthquake|p2a: Terrakion\n|-supereffective|p2a: Terrakion\n|-damage|p2a: Terrakion|0 fnt\n|faint|p2a: Terrakion\n|-damage|p1a: Stonjourner|164/330|[from] item: Life Orb\n|\n|upkeep\n|\n|t:|1782864700\n|switch|p2a: Blastoise|Blastoise, L80, F|258/258\n|turn|3\n|\n|t:|1782864713\n|move|p1a: Stonjourner|Stone Edge|p2a: Blastoise\n|-damage|p2a: Blastoise|79/258\n|-damage|p1a: Stonjourner|131/330|[from] item: Life Orb\n|move|p2a: Blastoise|Shell Smash|p2a: Blastoise\n|-unboost|p2a: Blastoise|def|1\n|-unboost|p2a: Blastoise|spd|1\n|-boost|p2a: Blastoise|atk|2\n|-boost|p2a: Blastoise|spa|2\n|-boost|p2a: Blastoise|spe|2\n|-enditem|p2a: Blastoise|White Herb\n|-clearnegativeboost|p2a: Blastoise|[silent]\n|\n|upkeep\n|turn|4\n|\n|t:|1782864725\n|move|p1a: Stonjourner|Earthquake|p2a: Blastoise\n|-damage|p2a: Blastoise|0 fnt\n|faint|p2a: Blastoise\n|-damage|p1a: Stonjourner|98/330|[from] item: Life Orb\n|\n|upkeep\n|\n|t:|1782864725\n|switch|p2a: Hawlucha|Hawlucha, L80, F|256/256\n|turn|5\n|\n|t:|1782864738\n|move|p1a: Stonjourner|Stone Edge|p2a: Hawlucha\n|-damage|p2a: Hawlucha|13/256\n|-damage|p1a: Stonjourner|65/330|[from] item: Life Orb\n|move|p2a: Hawlucha|Acrobatics|p1a: Stonjourner\n|-damage|p1a: Stonjourner|32/330\n|\n|upkeep\n|turn|6\n|\n|t:|1782864749\n|move|p1a: Stonjourner|Heat Crash|p2a: Hawlucha\n|-damage|p2a: Hawlucha|0 fnt\n|faint|p2a: Hawlucha\n|-damage|p1a: Stonjourner|0 fnt|[from] item: Life Orb\n|faint|p1a: Stonjourner\n|\n|upkeep\n|\n|t:|1782864757\n|switch|p2a: Brambleghast|Brambleghast, L88, M|240/240\n|switch|p1a: Zangoose|Zangoose, L85, F|263/263\n|turn|7\n|\n|t:|1782864764\n|move|p2a: Brambleghast|Power Whip|p1a: Zangoose\n|-damage|p1a: Zangoose|65/263\n|move|p1a: Zangoose|Knock Off|p2a: Brambleghast\n|-supereffective|p2a: Brambleghast\n|-damage|p2a: Brambleghast|56/240\n|-enditem|p2a: Brambleghast|Heavy-Duty Boots|[from] move: Knock Off|[of] p1a: Zangoose\n|\n|-status|p1a: Zangoose|tox|[from] item: Toxic Orb\n|upkeep\n|turn|8\n|\n|t:|1782864780\n|switch|p1a: Magcargo|Magcargo, L95, F|268/268\n|move|p2a: Brambleghast|Power Whip|p1a: Magcargo\n|-damage|p1a: Magcargo|151/268\n|-ability|p1a: Magcargo|Weak Armor|boost\n|-unboost|p1a: Magcargo|def|1\n|-boost|p1a: Magcargo|spe|2\n|\n|upkeep\n|turn|9\n|\n|t:|1782864796\n|move|p1a: Magcargo|Fire Blast|p2a: Brambleghast\n|-supereffective|p2a: Brambleghast\n|-damage|p2a: Brambleghast|0 fnt\n|faint|p2a: Brambleghast\n|\n|upkeep\n|\n|t:|1782864796\n|switch|p2a: Zekrom|Zekrom, L71|259/259\n|-ability|p2a: Zekrom|Teravolt\n|turn|10\n|\n|t:|1782864808\n|move|p1a: Magcargo|Earth Power|p2a: Zekrom\n|-supereffective|p2a: Zekrom\n|-damage|p2a: Zekrom|79/259\n|move|p2a: Zekrom|Dragon Dance|p2a: Zekrom\n|-boost|p2a: Zekrom|atk|1\n|-boost|p2a: Zekrom|spe|1\n|\n|-heal|p2a: Zekrom|95/259|[from] item: Leftovers\n|upkeep\n|turn|11\n|\n|t:|1782864817\n|move|p2a: Zekrom|Bolt Strike|p1a: Magcargo\n|-damage|p1a: Magcargo|0 fnt\n|faint|p1a: Magcargo\n|\n|-heal|p2a: Zekrom|111/259|[from] item: Leftovers\n|upkeep\n|\n|t:|1782864825\n|switch|p1a: Mesprit|Mesprit, L85|275/275\n|turn|12\n|\n|t:|1782864834\n|move|p2a: Zekrom|Bolt Strike|p1a: Mesprit\n|-damage|p1a: Mesprit|104/275\n|move|p1a: Mesprit|Psychic Noise|p2a: Zekrom\n|-damage|p2a: Zekrom|17/259\n|-start|p2a: Zekrom|move: Heal Block\n|\n|-heal|p1a: Mesprit|121/275|[from] item: Leftovers\n|upkeep\n|turn|13\n|\n|t:|1782864846\n|move|p2a: Zekrom|Bolt Strike|p1a: Mesprit\n|-damage|p1a: Mesprit|0 fnt\n|faint|p1a: Mesprit\n|\n|-end|p2a: Zekrom|move: Heal Block\n|upkeep\n|\n|t:|1782864854\n|switch|p1a: Zangoose|Zangoose, L85, F|65/263 tox\n|turn|14\n|\n|t:|1782864861\n|move|p2a: Zekrom|Bolt Strike|p1a: Zangoose|[miss]\n|-miss|p2a: Zekrom|p1a: Zangoose\n|move|p1a: Zangoose|Facade|p2a: Zekrom\n|-damage|p2a: Zekrom|0 fnt\n|faint|p2a: Zekrom\n|\n|-damage|p1a: Zangoose|49/263 tox|[from] psn\n|upkeep\n|\n|t:|1782864861\n|switch|p2a: Delibird|Delibird, M|252/252\n|turn|15\n|\n|t:|1782864877\n|move|p2a: Delibird|Ice Shard|p1a: Zangoose\n|-damage|p1a: Zangoose|0 fnt\n|faint|p1a: Zangoose\n|\n|upkeep\n|\n|t:|1782864884\n|switch|p1a: Ariados|Ariados, L95, F|287/287\n|turn|16\n|\n|t:|1782864892\n|move|p2a: Delibird|Brave Bird|p1a: Ariados\n|-supereffective|p1a: Ariados\n|-damage|p1a: Ariados|0 fnt\n|faint|p1a: Ariados\n|-damage|p2a: Delibird|157/252|[from] Recoil\n|\n|upkeep\n|\n|t:|1782864899\n|switch|p1a: Heracross|Heracross, L80, M|259/259\n|turn|17\n|-message|pubfr38 forfeited.\n|\n|win|testbotcif\n|raw|pubfr38's rating: 1061 &rarr; <strong>1044</strong><br />(-17 for losing)\n|raw|testbotcif's rating: 1106 &rarr; <strong>1128</strong><br />(+22 for winning)\n", "inputlog": ">version f8ac14003a5f27e1bdc8d8c59608a773c1cb96e5\n>start {\"formatid\":\"gen9randombattle\",\"seed\":\"sodium,b6f99c019dcb40964539f21c189a200d\",\"rated\":\"Rated battle\"}\n>player p1 {\"name\":\"pubfr38\",\"avatar\":\"1\",\"rating\":1061,\"seed\":\"sodium,424e2bbe308ffa0c6b96d029c31655d7\"}\n>player p2 {\"name\":\"testbotcif\",\"avatar\":\"1\",\"rating\":1106,\"seed\":\"sodium,21a83aa463a4d3ef30a53fa22a414981\"}\n>chat \u2606testbotcif|rlhf\n>p1 move rockpolish terastallize\n>p2 move closecombat\n>p1 move earthquake\n>p2 move closecombat\n>p2 switch 5\n>p1 move stoneedge\n>p2 move shellsmash\n>p1 move earthquake\n>p2 move hydropump\n>p2 switch 3\n>p1 move stoneedge\n>p2 move acrobatics\n>p1 move heatcrash\n>p2 move acrobatics\n>p1 switch 2\n>p2 switch 4\n>p1 move knockoff\n>p2 move powerwhip\n>p1 switch 3\n>p2 move powerwhip\n>p1 move fireblast\n>p2 move poltergeist\n>p2 switch 2\n>p1 move earthpower\n>p2 move dragondance\n>p1 move earthpower\n>p2 move boltstrike\n>p1 switch 6\n>p1 move psychicnoise\n>p2 move boltstrike\n>p1 move drainpunch\n>p2 move boltstrike\n>p1 switch 3\n>p1 move facade\n>p2 move boltstrike\n>p2 switch 6\n>p1 move facade\n>p2 move iceshard\n>p1 switch 4\n>p1 move poisonjab\n>p2 move bravebird\n>p1 switch 5\n>forcelose p1", "uploadtime": 1782864908, "views": 8, "formatid": "gen9randombattle", "rating": 1044, "private": 0, "password": null, "player_dets": [{"name": "pubfr38", "avatar": "1", "rating": 1061, "seed": "sodium,424e2bbe308ffa0c6b96d029c31655d7"}, {"name": "testbotcif", "avatar": "1", "rating": 1106, "seed": "sodium,21a83aa463a4d3ef30a53fa22a414981"}], "teams_full": [{"Stonjourner": {"name": "Stonjourner", "species": "Stonjourner", "speciesId": "stonjourner", "gender": "M", "shiny": false, "level": 91, "moves": ["rockpolish", "stoneedge", "heatcrash", "earthquake"], "ability": "Power Spot", "evs": {"hp": 85, "atk": 85, "def": 85, "spa": 85, "spd": 85, "spe": 85}, "ivs": {"hp": 31, "atk": 31, "def": 31, "spa": 31, "spd": 31, "spe": 31}, "item": "Life Orb", "teraType": "Ground", "role": "Fast Attacker", "bvs": {"hp": 100, "atk": 125, "def": 135, "spa": 20, "spd": 20, "spe": 70}, "stats": {"hp": 330, "atk": 279, "def": 298, "spa": 88, "spd": 88, "spe": 179}, "types": ["Rock"]}, "Zangoose": {"name": "Zangoose", "species": "Zangoose", "speciesId": "zangoose", "gender": "F", "shiny": false, "level": 85, "moves": ["facade", "knockoff", "closecombat", "swordsdance"], "ability": "Toxic Boost", "evs": {"hp": 85, "atk": 85, "def": 85, "spa": 85, "spd": 85, "spe": 85}, "ivs": {"hp": 31, "atk": 31, "def": 31, "spa": 31, "spd": 31, "spe": 31}, "item": "Toxic Orb", "teraType": "Normal", "role": "Fast Attacker", "bvs": {"hp": 73, "atk": 115, "def": 60, "spa": 60, "spd": 60, "spe": 90}, "stats": {"hp": 263, "atk": 244, "def": 151, "spa": 151, "spd": 151, "spe": 202}, "types": ["Normal"]}, "Magcargo": {"name": "Magcargo", "species": "Magcargo", "speciesId": "magcargo", "gender": "F", "shiny": false, "level": 95, "moves": ["powergem", "shellsmash", "earthpower", "fireblast"], "ability": "Weak Armor", "evs": {"hp": 85, "atk": 0, "def": 85, "spa": 85, "spd": 85, "spe": 85}, "ivs": {"hp": 31, "atk": 0, "def": 31, "spa": 31, "spd": 31, "spe": 31}, "item": "Heavy-Duty Boots", "teraType": "Dragon", "role": "Setup Sweeper", "bvs": {"hp": 60, "atk": 50, "def": 120, "spa": 90, "spd": 80, "spe": 30}, "stats": {"hp": 268, "atk": 100, "def": 282, "spa": 225, "spd": 206, "spe": 111}, "types": ["Fire", "Rock"]}, "Ariados": {"name": "Ariados", "species": "Ariados", "speciesId": "ariados", "gender": "F", "shiny": false, "level": 95, "moves": ["megahorn", "knockoff", "stickyweb", "poisonjab"], "ability": "Swarm", "evs": {"hp": 85, "atk": 85, "def": 85, "spa": 85, "spd": 85, "spe": 85}, "ivs": {"hp": 31, "atk": 31, "def": 31, "spa": 31, "spd": 31, "spe": 31}, "item": "Heavy-Duty Boots", "teraType": "Ghost", "role": "Fast Support", "bvs": {"hp": 70, "atk": 90, "def": 70, "spa": 60, "spd": 70, "spe": 40}, "stats": {"hp": 287, "atk": 225, "def": 187, "spa": 168, "spd": 187, "spe": 130}, "types": ["Bug", "Poison"]}, "Heracross": {"name": "Heracross", "species": "Heracross", "speciesId": "heracross", "gender": "M", "shiny": false, "level": 80, "moves": ["facade", "knockoff", "trailblaze", "closecombat"], "ability": "Guts", "evs": {"hp": 85, "atk": 85, "def": 85, "spa": 85, "spd": 85, "spe": 85}, "ivs": {"hp": 31, "atk": 31, "def": 31, "spa": 31, "spd": 31, "spe": 31}, "item": "Flame Orb", "teraType": "Normal", "role": "Setup Sweeper", "bvs": {"hp": 80, "atk": 125, "def": 75, "spa": 40, "spd": 95, "spe": 85}, "stats": {"hp": 259, "atk": 246, "def": 166, "spa": 110, "spd": 198, "spe": 182}, "types": ["Bug", "Fighting"]}, "Mesprit": {"name": "Mesprit", "species": "Mesprit", "speciesId": "mesprit", "gender": "N", "shiny": false, "level": 85, "moves": ["drainpunch", "psychicnoise", "knockoff", "stealthrock"], "ability": "Levitate", "evs": {"hp": 85, "atk": 85, "def": 85, "spa": 85, "spd": 85, "spe": 85}, "ivs": {"hp": 31, "atk": 31, "def": 31, "spa": 31, "spd": 31, "spe": 31}, "item": "Leftovers", "teraType": "Fighting", "role": "Bulky Attacker", "bvs": {"hp": 80, "atk": 105, "def": 105, "spa": 105, "spd": 105, "spe": 80}, "stats": {"hp": 275, "atk": 227, "def": 227, "spa": 227, "spd": 227, "spe": 185}, "types": ["Psychic"]}}, {"Terrakion": {"name": "Terrakion", "species": "Terrakion", "speciesId": "terrakion", "gender": "N", "shiny": false, "level": 79, "moves": ["earthquake", "closecombat", "stoneedge", "quickattack"], "ability": "Justified", "evs": {"hp": 85, "atk": 85, "def": 85, "spa": 85, "spd": 85, "spe": 85}, "ivs": {"hp": 31, "atk": 31, "def": 31, "spa": 31, "spd": 31, "spe": 31}, "item": "Choice Band", "teraType": "Fighting", "role": "Wallbreaker", "bvs": {"hp": 91, "atk": 129, "def": 90, "spa": 72, "spd": 90, "spe": 108}, "stats": {"hp": 273, "atk": 249, "def": 188, "spa": 159, "spd": 188, "spe": 216}, "types": ["Rock", "Fighting"]}, "Zekrom": {"name": "Zekrom", "species": "Zekrom", "speciesId": "zekrom", "gender": "N", "shiny": false, "level": 71, "moves": ["substitute", "outrage", "boltstrike", "dragondance"], "ability": "Teravolt", "evs": {"hp": 85, "atk": 85, "def": 85, "spa": 85, "spd": 85, "spe": 85}, "ivs": {"hp": 31, "atk": 31, "def": 31, "spa": 31, "spd": 31, "spe": 31}, "item": "Leftovers", "teraType": "Fairy", "role": "Setup Sweeper", "bvs": {"hp": 100, "atk": 150, "def": 120, "spa": 120, "spd": 100, "spe": 90}, "stats": {"hp": 259, "atk": 254, "def": 212, "spa": 212, "spd": 183, "spe": 169}, "types": ["Dragon", "Electric"]}, "Hawlucha": {"name": "Hawlucha", "species": "Hawlucha", "speciesId": "hawlucha", "gender": "F", "shiny": false, "level": 80, "moves": ["closecombat", "throatchop", "acrobatics", "swordsdance"], "ability": "Unburden", "evs": {"hp": 85, "atk": 85, "def": 85, "spa": 85, "spd": 85, "spe": 85}, "ivs": {"hp": 31, "atk": 31, "def": 31, "spa": 31, "spd": 31, "spe": 31}, "item": "White Herb", "teraType": "Flying", "role": "Setup Sweeper", "bvs": {"hp": 78, "atk": 92, "def": 75, "spa": 74, "spd": 63, "spe": 118}, "stats": {"hp": 256, "atk": 193, "def": 166, "spa": 165, "spd": 147, "spe": 235}, "types": ["Fighting", "Flying"]}, "Brambleghast": {"name": "Brambleghast", "species": "Brambleghast", "speciesId": "brambleghast", "gender": "M", "shiny": false, "level": 88, "moves": ["rapidspin", "poltergeist", "powerwhip", "spikes"], "ability": "Wind Rider", "evs": {"hp": 85, "atk": 85, "def": 85, "spa": 85, "spd": 85, "spe": 85}, "ivs": {"hp": 31, "atk": 31, "def": 31, "spa": 31, "spd": 31, "spe": 31}, "item": "Heavy-Duty Boots", "teraType": "Fairy", "role": "Fast Support", "bvs": {"hp": 55, "atk": 115, "def": 70, "spa": 80, "spd": 70, "spe": 90}, "stats": {"hp": 240, "atk": 253, "def": 173, "spa": 191, "spd": 173, "spe": 209}, "types": ["Grass", "Ghost"]}, "Blastoise": {"name": "Blastoise", "species": "Blastoise", "speciesId": "blastoise", "gender": "F", "shiny": false, "level": 80, "moves": ["hydropump", "terablast", "shellsmash", "icebeam"], "ability": "Torrent", "evs": {"hp": 85, "atk": 0, "def": 85, "spa": 85, "spd": 85, "spe": 85}, "ivs": {"hp": 31, "atk": 0, "def": 31, "spa": 31, "spd": 31, "spe": 31}, "item": "White Herb", "teraType": "Grass", "role": "Tera Blast user", "bvs": {"hp": 79, "atk": 83, "def": 100, "spa": 85, "spd": 105, "spe": 78}, "stats": {"hp": 258, "atk": 137, "def": 206, "spa": 182, "spd": 214, "spe": 171}, "types": ["Water"]}, "Delibird": {"name": "Delibird", "species": "Delibird", "speciesId": "delibird", "gender": "M", "shiny": false, "level": 100, "moves": ["icespinner", "bravebird", "drillrun", "iceshard"], "ability": "Hustle", "evs": {"hp": 85, "atk": 85, "def": 85, "spa": 85, "spd": 85, "spe": 85}, "ivs": {"hp": 31, "atk": 31, "def": 31, "spa": 31, "spd": 31, "spe": 31}, "item": "Heavy-Duty Boots", "teraType": "Flying", "role": "Fast Attacker", "bvs": {"hp": 45, "atk": 55, "def": 45, "spa": 65, "spd": 45, "spe": 75}, "stats": {"hp": 252, "atk": 167, "def": 147, "spa": 187, "spd": 147, "spe": 207}, "types": ["Ice", "Flying"]}}]}