{"id": "gen9randombattle-2642107047", "format": "[Gen 9] Random Battle", "players": ["notmetbh102", "mimikyu11111"], "log": "|j|\u2606notmetbh102\n|j|\u203dmimikyu11111\n|t:|1782891428\n|gametype|singles\n|player|p1|notmetbh102|265|2204\n|player|p2|mimikyu11111|rocketgrunt|2192\n|gen|9\n|tier|[Gen 9] Random Battle\n|rated|\n|rule|Species Clause: Limit one of each Pok\u00e9mon\n|rule|HP Percentage Mod: HP is shown in percentages\n|rule|Sleep Clause Mod: Limit one foe put to sleep\n|rule|Illusion Level Mod: Illusion disguises the Pok\u00e9mon's true level\n|\n|t:|1782891428\n|teamsize|p1|6\n|teamsize|p2|6\n|start\n|switch|p1a: Honchkrow|Honchkrow, L86, M|312/312\n|switch|p2a: Toxtricity|Toxtricity, L82, M|257/257\n|turn|1\n|inactive|Battle timer is ON: inactive players will automatically lose when time's up. (requested by notmetbh102)\n|c|\u2606notmetbh102|hf\n|\n|t:|1782891441\n|switch|p1a: Mew|Mew, L82|298/298\n|move|p2a: Toxtricity|Volt Switch|p1a: Mew\n|-damage|p1a: Mew|222/298\n|\n|t:|1782891445\n|switch|p2a: Morpeko|Morpeko, L88, M|245/245|[from] Volt Switch\n|\n|-formechange|p2a: Morpeko|Morpeko-Hangry||[from] ability: Hunger Switch\n|upkeep\n|turn|2\n|\n|t:|1782891446\n|switch|p1a: Quagsire|Quagsire, L84, M|297/297\n|move|p2a: Morpeko|Knock Off|p1a: Quagsire\n|-damage|p1a: Quagsire|186/297\n|-enditem|p1a: Quagsire|Leftovers|[from] move: Knock Off|[of] p2a: Morpeko\n|\n|-formechange|p2a: Morpeko|Morpeko||[from] ability: Hunger Switch\n|upkeep\n|turn|3\n|\n|t:|1782891453\n|switch|p2a: Spidops|Spidops, L96, F|271/271\n|move|p1a: Quagsire|Recover|p1a: Quagsire\n|-heal|p1a: Quagsire|297/297\n|\n|upkeep\n|turn|4\n|\n|t:|1782891457\n|switch|p1a: Perrserker|Perrserker, L89, F|269/269\n|move|p2a: Spidops|Sticky Web|p1a: Perrserker\n|-sidestart|p1: notmetbh102|move: Sticky Web\n|\n|upkeep\n|turn|5\n|\n|t:|1782891465\n|move|p1a: Perrserker|Iron Head|p2a: Spidops\n|-damage|p2a: Spidops|96/271\n|move|p2a: Spidops|Toxic Spikes|p1a: Perrserker\n|-sidestart|p1: notmetbh102|move: Toxic Spikes\n|\n|upkeep\n|turn|6\n|\n|t:|1782891467\n|move|p1a: Perrserker|Iron Head|p2a: Spidops\n|-damage|p2a: Spidops|0 fnt\n|faint|p2a: Spidops\n|\n|upkeep\n|\n|t:|1782891471\n|switch|p2a: Palkia|Palkia-Origin, L72|249/249\n|-ability|p2a: Palkia|Pressure\n|turn|7\n|\n|t:|1782891473\n|switch|p1a: Reuniclus|Reuniclus, L88, M|337/337\n|-activate|p1a: Reuniclus|move: Sticky Web\n|-unboost|p1a: Reuniclus|spe|1\n|-status|p1a: Reuniclus|psn\n|move|p2a: Palkia|Fire Blast|p1a: Reuniclus\n|-damage|p1a: Reuniclus|264/337 psn\n|\n|upkeep\n|turn|8\n|\n|t:|1782891478\n|switch|p2a: Morpeko|Morpeko, L88, M|245/245\n|move|p1a: Reuniclus|Recover|p1a: Reuniclus\n|-heal|p1a: Reuniclus|337/337 psn\n|\n|-formechange|p2a: Morpeko|Morpeko-Hangry||[from] ability: Hunger Switch\n|upkeep\n|turn|9\n|\n|t:|1782891481\n|-terastallize|p1a: Reuniclus|Fighting\n|move|p2a: Morpeko|Knock Off|p1a: Reuniclus\n|-resisted|p1a: Reuniclus\n|-damage|p1a: Reuniclus|274/337 psn\n|-enditem|p1a: Reuniclus|Life Orb|[from] move: Knock Off|[of] p2a: Morpeko\n|move|p1a: Reuniclus|Focus Blast|p2a: Morpeko\n|-supereffective|p2a: Morpeko\n|-damage|p2a: Morpeko|0 fnt\n|faint|p2a: Morpeko\n|\n|upkeep\n|\n|t:|1782891484\n|switch|p2a: Magearna|Magearna-Original, L77|250/250\n|turn|10\n|\n|t:|1782891487\n|switch|p1a: Perrserker|Perrserker, L89, F|269/269\n|-activate|p1a: Perrserker|move: Sticky Web\n|-unboost|p1a: Perrserker|spe|1\n|move|p2a: Magearna|Shift Gear|p2a: Magearna\n|-boost|p2a: Magearna|spe|2\n|-boost|p2a: Magearna|atk|1\n|\n|upkeep\n|turn|11\n|\n|t:|1782891491\n|-terastallize|p2a: Magearna|Ground\n|move|p2a: Magearna|Tera Blast|p1a: Perrserker|[anim] Tera Blast Ground\n|-supereffective|p1a: Perrserker\n|-damage|p1a: Perrserker|83/269\n|move|p1a: Perrserker|Iron Head|p2a: Magearna\n|-damage|p2a: Magearna|78/250\n|\n|upkeep\n|turn|12\n|\n|t:|1782891497\n|move|p2a: Magearna|Tera Blast|p1a: Perrserker|[anim] Tera Blast Ground\n|-supereffective|p1a: Perrserker\n|-damage|p1a: Perrserker|0 fnt\n|faint|p1a: Perrserker\n|-ability|p2a: Magearna|Soul-Heart|boost\n|-boost|p2a: Magearna|spa|1\n|\n|upkeep\n|\n|t:|1782891498\n|switch|p1a: Quagsire|Quagsire, L84, M|297/297\n|-activate|p1a: Quagsire|move: Sticky Web\n|-unboost|p1a: Quagsire|spe|1\n|-status|p1a: Quagsire|psn\n|turn|13\n|\n|t:|1782891501\n|switch|p2a: Palkia|Palkia-Origin, L72|249/249\n|-ability|p2a: Palkia|Pressure\n|move|p1a: Quagsire|Earthquake|p2a: Palkia\n|-damage|p2a: Palkia|144/249\n|\n|-damage|p1a: Quagsire|260/297 psn|[from] psn\n|upkeep\n|turn|14\n|\n|t:|1782891503\n|move|p2a: Palkia|Hydro Pump|p1a: Quagsire\n|-damage|p1a: Quagsire|71/297 psn\n|move|p1a: Quagsire|Earthquake|p2a: Palkia\n|-damage|p2a: Palkia|42/249\n|\n|-damage|p1a: Quagsire|34/297 psn|[from] psn\n|upkeep\n|turn|15\n|\n|t:|1782891506\n|move|p2a: Palkia|Hydro Pump|p1a: Quagsire\n|-damage|p1a: Quagsire|0 fnt\n|faint|p1a: Quagsire\n|\n|upkeep\n|\n|t:|1782891507\n|switch|p1a: Reuniclus|Reuniclus, L88, M, tera:Fighting|274/337 psn\n|-activate|p1a: Reuniclus|move: Sticky Web\n|-unboost|p1a: Reuniclus|spe|1\n|turn|16\n|\n|t:|1782891510\n|move|p2a: Palkia|Draco Meteor|p1a: Reuniclus\n|-damage|p1a: Reuniclus|102/337 psn\n|-unboost|p2a: Palkia|spa|2\n|move|p1a: Reuniclus|Calm Mind|p1a: Reuniclus\n|-boost|p1a: Reuniclus|spa|1\n|-boost|p1a: Reuniclus|spd|1\n|\n|upkeep\n|turn|17\n|\n|t:|1782891515\n|switch|p2a: Golurk|Golurk, L87|297/297\n|move|p1a: Reuniclus|Recover|p1a: Reuniclus\n|-heal|p1a: Reuniclus|271/337 psn\n|\n|upkeep\n|turn|18\n|\n|t:|1782891518\n|move|p2a: Golurk|Poltergeist||[still]\n|-fail|p2a: Golurk\n|move|p1a: Reuniclus|Psychic|p2a: Golurk\n|-damage|p2a: Golurk|101/297\n|\n|upkeep\n|turn|19\n|\n|t:|1782891523\n|move|p2a: Golurk|Earthquake|p1a: Reuniclus\n|-damage|p1a: Reuniclus|76/337 psn\n|-damage|p2a: Golurk|72/297|[from] item: Life Orb\n|move|p1a: Reuniclus|Calm Mind|p1a: Reuniclus\n|-boost|p1a: Reuniclus|spa|1\n|-boost|p1a: Reuniclus|spd|1\n|\n|upkeep\n|turn|20\n|\n|t:|1782891525\n|switch|p1a: Mew|Mew, L82|219/219\n|-activate|p1a: Mew|move: Sticky Web\n|-unboost|p1a: Mew|spe|1\n|-status|p1a: Mew|psn\n|move|p2a: Golurk|Earthquake|p1a: Mew\n|-damage|p1a: Mew|0 fnt\n|replace|p1a: Zoroark|Zoroark-Hisui, L80, M\n|-end|p1a: Zoroark|Illusion\n|-hint|Illusion Level Mod is active, so this Pok\u00e9mon's true level was hidden.\n|faint|p1a: Zoroark\n|-damage|p2a: Golurk|43/297|[from] item: Life Orb\n|\n|upkeep\n|\n|t:|1782891526\n|switch|p1a: Honchkrow|Honchkrow, L86, M|312/312\n|turn|21\n|\n|t:|1782891531\n|move|p1a: Honchkrow|Lash Out|p2a: Golurk\n|-supereffective|p2a: Golurk\n|-damage|p2a: Golurk|0 fnt\n|faint|p2a: Golurk\n|-ability|p1a: Honchkrow|Moxie|boost\n|-boost|p1a: Honchkrow|atk|1\n|\n|upkeep\n|\n|t:|1782891533\n|switch|p2a: Toxtricity|Toxtricity, L82, M|257/257\n|turn|22\n|\n|t:|1782891535\n|switch|p1a: Reuniclus|Reuniclus, L88, M, tera:Fighting|76/337 psn\n|-activate|p1a: Reuniclus|move: Sticky Web\n|-unboost|p1a: Reuniclus|spe|1\n|move|p2a: Toxtricity|Overdrive|p1a: Reuniclus\n|-damage|p1a: Reuniclus|0 fnt\n|faint|p1a: Reuniclus\n|\n|upkeep\n|\n|t:|1782891536\n|switch|p1a: Mew|Mew, L82|222/298\n|-activate|p1a: Mew|move: Sticky Web\n|-unboost|p1a: Mew|spe|1\n|-status|p1a: Mew|psn\n|turn|23\n|\n|t:|1782891539\n|switch|p2a: Magearna|Magearna-Original, L77, tera:Ground|78/250\n|move|p1a: Mew|Fire Blast|p2a: Magearna\n|-damage|p2a: Magearna|0 fnt\n|faint|p2a: Magearna\n|-damage|p1a: Mew|193/298 psn|[from] item: Life Orb\n|\n|-damage|p1a: Mew|156/298 psn|[from] psn\n|upkeep\n|\n|t:|1782891543\n|switch|p2a: Palkia|Palkia-Origin, L72|42/249\n|-ability|p2a: Palkia|Pressure\n|turn|24\n|\n|t:|1782891547\n|move|p2a: Palkia|Hydro Pump|p1a: Mew\n|-crit|p1a: Mew\n|-damage|p1a: Mew|0 fnt\n|faint|p1a: Mew\n|\n|upkeep\n|\n|t:|1782891548\n|switch|p1a: Honchkrow|Honchkrow, L86, M|312/312\n|turn|25\n|\n|t:|1782891550\n|move|p2a: Palkia|Thunder Wave|p1a: Honchkrow|[miss]\n|-miss|p2a: Palkia|p1a: Honchkrow\n|move|p1a: Honchkrow|Heat Wave|p2a: Palkia\n|-resisted|p2a: Palkia\n|-damage|p2a: Palkia|25/249\n|-status|p2a: Palkia|brn\n|\n|-damage|p2a: Palkia|10/249 brn|[from] brn\n|upkeep\n|turn|26\n|\n|t:|1782891553\n|move|p2a: Palkia|Thunder Wave|p1a: Honchkrow|[miss]\n|-miss|p2a: Palkia|p1a: Honchkrow\n|move|p1a: Honchkrow|Heat Wave|p2a: Palkia|[miss]\n|-miss|p1a: Honchkrow|p2a: Palkia\n|\n|-damage|p2a: Palkia|0 fnt|[from] brn\n|faint|p2a: Palkia\n|upkeep\n|\n|t:|1782891556\n|switch|p2a: Toxtricity|Toxtricity, L82, M|257/257\n|turn|27\n|\n|t:|1782891558\n|move|p1a: Honchkrow|Sucker Punch|p2a: Toxtricity\n|-damage|p2a: Toxtricity|148/257\n|move|p2a: Toxtricity|Overdrive|p1a: Honchkrow\n|-supereffective|p1a: Honchkrow\n|-damage|p1a: Honchkrow|6/312\n|\n|upkeep\n|turn|28\n|\n|t:|1782891562\n|move|p1a: Honchkrow|Sucker Punch|p2a: Toxtricity\n|-damage|p2a: Toxtricity|27/257\n|move|p2a: Toxtricity|Overdrive|p1a: Honchkrow\n|-supereffective|p1a: Honchkrow\n|-damage|p1a: Honchkrow|0 fnt\n|faint|p1a: Honchkrow\n|\n|win|mimikyu11111\n|raw|notmetbh102's rating: 2204 &rarr; <strong>2183</strong><br />(-21 for losing)\n|raw|mimikyu11111's rating: 2192 &rarr; <strong>2213</strong><br />(+21 for winning)\n|c|\u2606notmetbh102|gg\n", "inputlog": ">version f8ac14003a5f27e1bdc8d8c59608a773c1cb96e5\n>start {\"formatid\":\"gen9randombattle\",\"seed\":\"sodium,b523982024fb7c26a47e45d8b18616bb\",\"rated\":\"Rated battle\"}\n>player p1 {\"name\":\"notmetbh102\",\"avatar\":\"265\",\"rating\":2204,\"seed\":\"sodium,c71691b55ad869fde4918e6d49a44fcc\"}\n>player p2 {\"name\":\"mimikyu11111\",\"avatar\":\"rocketgrunt\",\"rating\":2192,\"seed\":\"sodium,f3356176ff0d0a027e6a866d6a0be4e6\"}\n>chat \u2606notmetbh102|hf\n>p1 switch 4\n>p2 move voltswitch\n>p2 switch 2\n>p1 switch 5\n>p2 move knockoff\n>p1 move recover\n>p2 switch 3\n>p1 switch 3\n>p2 move stickyweb\n>p1 move ironhead\n>p2 move toxicspikes\n>p1 move ironhead\n>p2 move toxicspikes\n>p2 switch 5\n>p1 switch 6\n>p2 move fireblast\n>p1 move recover\n>p2 switch 3\n>p1 move focusblast terastallize\n>p2 move knockoff\n>p2 switch 4\n>p1 switch 6\n>p2 move shiftgear\n>p1 move ironhead\n>p2 move terablast terastallize\n>p1 move ironhead\n>p2 move terablast\n>p1 switch 3\n>p1 move earthquake\n>p2 switch 3\n>p1 move earthquake\n>p2 move hydropump\n>p1 move earthquake\n>p2 move hydropump\n>p1 switch 6\n>p1 move calmmind\n>p2 move dracometeor\n>p1 move recover\n>p2 switch 6\n>p1 move psychic\n>p2 move poltergeist\n>p1 move calmmind\n>p2 move earthquake\n>p1 switch 2\n>p2 move earthquake\n>p1 switch 4\n>p1 move lashout\n>p2 move stealthrock\n>p2 switch 2\n>p1 switch 2\n>p2 move overdrive\n>p1 switch 5\n>p1 move fireblast\n>p2 switch 3\n>p2 switch 6\n>p1 move fireblast\n>p2 move hydropump\n>p1 switch 2\n>p1 move heatwave\n>p2 move thunderwave\n>p1 move heatwave\n>p2 move thunderwave\n>p2 switch 3\n>p1 move suckerpunch\n>p2 move overdrive\n>p1 move suckerpunch\n>p2 move overdrive", "uploadtime": 1782891562, "views": 3, "formatid": "gen9randombattle", "rating": 2183, "private": 0, "password": null, "player_dets": [{"name": "notmetbh102", "avatar": "265", "rating": 2204, "seed": "sodium,c71691b55ad869fde4918e6d49a44fcc"}, {"name": "mimikyu11111", "avatar": "rocketgrunt", "rating": 2192, "seed": "sodium,f3356176ff0d0a027e6a866d6a0be4e6"}], "teams_full": [{"Honchkrow": {"name": "Honchkrow", "species": "Honchkrow", "speciesId": "honchkrow", "gender": "M", "shiny": false, "level": 86, "moves": ["suckerpunch", "heatwave", "lashout", "bravebird"], "ability": "Moxie", "evs": {"hp": 85, "atk": 85, "def": 85, "spa": 85, "spd": 85, "spe": 85}, "ivs": {"hp": 31, "atk": 31, "def": 31, "spa": 31, "spd": 31, "spe": 31}, "item": "Heavy-Duty Boots", "teraType": "Flying", "role": "Wallbreaker", "bvs": {"hp": 100, "atk": 125, "def": 52, "spa": 105, "spd": 52, "spe": 71}, "stats": {"hp": 312, "atk": 264, "def": 139, "spa": 230, "spd": 139, "spe": 171}, "types": ["Dark", "Flying"]}, "Zoroark": {"name": "Zoroark", "species": "Zoroark-Hisui", "speciesId": "zoroarkhisui", "gender": "M", "shiny": false, "level": 80, "moves": ["hypervoice", "focusblast", "willowisp", "poltergeist"], "ability": "Illusion", "evs": {"hp": 85, "atk": 85, "def": 85, "spa": 85, "spd": 85, "spe": 85}, "ivs": {"hp": 31, "atk": 31, "def": 31, "spa": 31, "spd": 31, "spe": 31}, "item": "Life Orb", "teraType": "Fighting", "role": "Fast Attacker", "bvs": {"hp": 55, "atk": 100, "def": 60, "spa": 125, "spd": 60, "spe": 110}, "stats": {"hp": 219, "atk": 206, "def": 142, "spa": 246, "spd": 142, "spe": 222}, "types": ["Normal", "Ghost"]}, "Perrserker": {"name": "Perrserker", "species": "Perrserker", "speciesId": "perrserker", "gender": "F", "shiny": false, "level": 89, "moves": ["uturn", "ironhead", "knockoff", "closecombat"], "ability": "Tough Claws", "evs": {"hp": 85, "atk": 85, "def": 85, "spa": 85, "spd": 85, "spe": 85}, "ivs": {"hp": 31, "atk": 31, "def": 31, "spa": 31, "spd": 31, "spe": 31}, "item": "Choice Band", "teraType": "Fighting", "role": "Fast Attacker", "bvs": {"hp": 70, "atk": 110, "def": 100, "spa": 50, "spd": 60, "spe": 50}, "stats": {"hp": 269, "atk": 247, "def": 229, "spa": 140, "spd": 158, "spe": 140}, "types": ["Steel"]}, "Mew": {"name": "Mew", "species": "Mew", "speciesId": "mew", "gender": "N", "shiny": false, "level": 82, "moves": ["nastyplot", "fireblast", "psychic", "darkpulse"], "ability": "Synchronize", "evs": {"hp": 85, "atk": 0, "def": 85, "spa": 85, "spd": 85, "spe": 85}, "ivs": {"hp": 31, "atk": 0, "def": 31, "spa": 31, "spd": 31, "spe": 31}, "item": "Life Orb", "teraType": "Dark", "role": "Fast Bulky Setup", "bvs": {"hp": 100, "atk": 100, "def": 100, "spa": 100, "spd": 100, "spe": 100}, "stats": {"hp": 298, "atk": 169, "def": 211, "spa": 211, "spd": 211, "spe": 211}, "types": ["Psychic"]}, "Quagsire": {"name": "Quagsire", "species": "Quagsire", "speciesId": "quagsire", "gender": "M", "shiny": false, "level": 84, "moves": ["icebeam", "earthquake", "toxic", "recover"], "ability": "Unaware", "evs": {"hp": 85, "atk": 85, "def": 85, "spa": 85, "spd": 85, "spe": 85}, "ivs": {"hp": 31, "atk": 31, "def": 31, "spa": 31, "spd": 31, "spe": 31}, "item": "Leftovers", "teraType": "Steel", "role": "Bulky Support", "bvs": {"hp": 95, "atk": 85, "def": 85, "spa": 65, "spd": 65, "spe": 35}, "stats": {"hp": 297, "atk": 191, "def": 191, "spa": 157, "spd": 157, "spe": 107}, "types": ["Water", "Ground"]}, "Reuniclus": {"name": "Reuniclus", "species": "Reuniclus", "speciesId": "reuniclus", "gender": "M", "shiny": false, "level": 88, "moves": ["recover", "focusblast", "calmmind", "psychic"], "ability": "Magic Guard", "evs": {"hp": 85, "atk": 0, "def": 85, "spa": 85, "spd": 85, "spe": 85}, "ivs": {"hp": 31, "atk": 0, "def": 31, "spa": 31, "spd": 31, "spe": 31}, "item": "Life Orb", "teraType": "Fighting", "role": "Bulky Setup", "bvs": {"hp": 110, "atk": 65, "def": 75, "spa": 125, "spd": 85, "spe": 30}, "stats": {"hp": 337, "atk": 119, "def": 182, "spa": 270, "spd": 200, "spe": 103}, "types": ["Psychic"]}}, {"Toxtricity": {"name": "Toxtricity", "species": "Toxtricity", "speciesId": "toxtricity", "gender": "M", "shiny": false, "level": 82, "moves": ["sludgewave", "overdrive", "boomburst", "voltswitch"], "ability": "Punk Rock", "evs": {"hp": 85, "atk": 0, "def": 85, "spa": 85, "spd": 85, "spe": 85}, "ivs": {"hp": 31, "atk": 0, "def": 31, "spa": 31, "spd": 31, "spe": 31}, "item": "Choice Scarf", "teraType": "Normal", "role": "Fast Attacker", "bvs": {"hp": 75, "atk": 98, "def": 70, "spa": 114, "spd": 70, "spe": 75}, "stats": {"hp": 257, "atk": 165, "def": 162, "spa": 234, "spd": 162, "spe": 170}, "types": ["Electric", "Poison"]}, "Morpeko": {"name": "Morpeko", "species": "Morpeko", "speciesId": "morpeko", "gender": "M", "shiny": false, "level": 88, "moves": ["aurawheel", "knockoff", "rapidspin", "protect"], "ability": "Hunger Switch", "evs": {"hp": 85, "atk": 85, "def": 85, "spa": 85, "spd": 85, "spe": 85}, "ivs": {"hp": 31, "atk": 31, "def": 31, "spa": 31, "spd": 31, "spe": 31}, "item": "Leftovers", "teraType": "Electric", "role": "Bulky Attacker", "bvs": {"hp": 58, "atk": 95, "def": 58, "spa": 70, "spd": 58, "spe": 97}, "stats": {"hp": 245, "atk": 217, "def": 152, "spa": 173, "spd": 152, "spe": 221}, "types": ["Electric", "Dark"]}, "Spidops": {"name": "Spidops", "species": "Spidops", "speciesId": "spidops", "gender": "F", "shiny": false, "level": 96, "moves": ["circlethrow", "toxicspikes", "stickyweb", "knockoff"], "ability": "Stakeout", "evs": {"hp": 85, "atk": 85, "def": 85, "spa": 85, "spd": 85, "spe": 85}, "ivs": {"hp": 31, "atk": 31, "def": 31, "spa": 31, "spd": 31, "spe": 31}, "item": "Heavy-Duty Boots", "teraType": "Ghost", "role": "Bulky Support", "bvs": {"hp": 60, "atk": 79, "def": 92, "spa": 52, "spd": 86, "spe": 35}, "stats": {"hp": 271, "atk": 206, "def": 231, "spa": 154, "spd": 220, "spe": 122}, "types": ["Bug"]}, "Magearna": {"name": "Magearna", "species": "Magearna-Original", "speciesId": "magearna", "gender": "N", "shiny": false, "level": 77, "moves": ["ironhead", "fleurcannon", "terablast", "shiftgear"], "ability": "Soul-Heart", "evs": {"hp": 85, "atk": 85, "def": 85, "spa": 85, "spd": 85, "spe": 85}, "ivs": {"hp": 31, "atk": 31, "def": 31, "spa": 31, "spd": 31, "spe": 31}, "item": "Weakness Policy", "teraType": "Ground", "role": "Tera Blast user", "bvs": {"hp": 80, "atk": 95, "def": 115, "spa": 130, "spd": 115, "spe": 65}, "stats": {"hp": 250, "atk": 191, "def": 222, "spa": 245, "spd": 222, "spe": 145}, "types": ["Steel", "Fairy"]}, "Palkia": {"name": "Palkia", "species": "Palkia-Origin", "speciesId": "palkiaorigin", "gender": "N", "shiny": false, "level": 72, "moves": ["hydropump", "dracometeor", "fireblast", "thunderwave"], "ability": "Pressure", "evs": {"hp": 85, "atk": 0, "def": 85, "spa": 85, "spd": 85, "spe": 85}, "ivs": {"hp": 31, "atk": 0, "def": 31, "spa": 31, "spd": 31, "spe": 31}, "item": "Lustrous Globe", "teraType": "Fire", "role": "Bulky Attacker", "bvs": {"hp": 90, "atk": 100, "def": 100, "spa": 150, "spd": 120, "spe": 120}, "stats": {"hp": 249, "atk": 149, "def": 186, "spa": 258, "spd": 215, "spe": 215}, "types": ["Water", "Dragon"]}, "Golurk": {"name": "Golurk", "species": "Golurk", "speciesId": "golurk", "gender": "N", "shiny": false, "level": 87, "moves": ["earthquake", "stoneedge", "stealthrock", "poltergeist"], "ability": "No Guard", "evs": {"hp": 85, "atk": 85, "def": 85, "spa": 85, "spd": 85, "spe": 85}, "ivs": {"hp": 31, "atk": 31, "def": 31, "spa": 31, "spd": 31, "spe": 31}, "item": "Life Orb", "teraType": "Ghost", "role": "Wallbreaker", "bvs": {"hp": 89, "atk": 124, "def": 80, "spa": 55, "spd": 80, "spe": 55}, "stats": {"hp": 297, "atk": 266, "def": 189, "spa": 145, "spd": 189, "spe": 145}, "types": ["Ground", "Ghost"]}}]}