{"id": "gen9randombattle-2641755919", "format": "[Gen 9] Random Battle", "players": ["tobiaxy", "Baxters"], "log": "|badge|p1|bronze|gen9randombattle|100-9\n|html|<div class=\"broadcast-red\"><strong>This battle is required to be public due to one or more player having a season medal.</strong><br />During the public phase, you can discuss the state of the ladder <a href=\"/seasondiscussion\">in a special chatroom.</a></div>\n|uhtml|medal-msg|<div class=\"broadcast-blue\">Curious what those medals under the avatar are? PS now has Ladder Seasons! For more information, check out the <a href=\"https://www.smogon.com/forums/threads/3740067/\">thread on Smogon.</a></div>\n|raw|<div class=\"broadcast-blue\"><strong>This battle is required to be public due to a player having a name starting with 'medal'.</div>\n|j|\u2606tobiaxy\n|j|\u2606Baxters\n|t:|1782838124\n|gametype|singles\n|player|p1|tobiaxy|mira|2267\n|player|p2|Baxters|ivor|2212\n|gen|9\n|tier|[Gen 9] Random Battle\n|rated|\n|rule|Species Clause: Limit one of each Pok\u00e9mon\n|rule|HP Percentage Mod: HP is shown in percentages\n|rule|Sleep Clause Mod: Limit one foe put to sleep\n|rule|Illusion Level Mod: Illusion disguises the Pok\u00e9mon's true level\n|\n|t:|1782838124\n|teamsize|p1|6\n|teamsize|p2|6\n|start\n|switch|p1a: Iron Crown|Iron Crown, L78|268/268\n|switch|p2a: Typhlosion|Typhlosion, L84, M|267/267\n|turn|1\n|inactive|Battle timer is ON: inactive players will automatically lose when time's up. (requested by Baxters)\n|\n|t:|1782838134\n|-end|p1a: Iron Crown|Quark Drive|[silent]\n|switch|p1a: Uxie|Uxie, L83|260/260\n|move|p2a: Typhlosion|Eruption|p1a: Uxie\n|-damage|p1a: Uxie|142/260\n|\n|-heal|p1a: Uxie|158/260|[from] item: Leftovers\n|upkeep\n|turn|2\n|\n|t:|1782838158\n|-terastallize|p2a: Typhlosion|Fire\n|move|p2a: Typhlosion|Eruption|p1a: Uxie\n|-crit|p1a: Uxie\n|-damage|p1a: Uxie|0 fnt\n|faint|p1a: Uxie\n|\n|upkeep\n|\n|t:|1782838168\n|switch|p1a: Dodrio|Dodrio, L85, F|241/241\n|turn|3\n|\n|t:|1782838175\n|move|p2a: Typhlosion|Eruption|p1a: Dodrio\n|-damage|p1a: Dodrio|0 fnt\n|faint|p1a: Dodrio\n|\n|upkeep\n|\n|t:|1782838190\n|switch|p1a: Gogoat|Gogoat, L88, M|360/360\n|turn|4\n|\n|t:|1782838197\n|switch|p2a: Rotom|Rotom-Mow, L87|229/229\n|-terastallize|p1a: Gogoat|Ground\n|move|p1a: Gogoat|Earthquake|p2a: Rotom\n|-immune|p2a: Rotom|[from] ability: Levitate\n|\n|upkeep\n|turn|5\n|\n|t:|1782838207\n|switch|p1a: Iron Crown|Iron Crown, L78|268/268\n|move|p2a: Rotom|Trick|p1a: Iron Crown\n|-activate|p2a: Rotom|move: Trick|[of] p1a: Iron Crown\n|-item|p1a: Iron Crown|Choice Scarf|[from] move: Trick\n|-item|p2a: Rotom|Choice Specs|[from] move: Trick\n|\n|upkeep\n|turn|6\n|\n|t:|1782838223\n|move|p1a: Iron Crown|Psyshock|p2a: Rotom\n|-damage|p2a: Rotom|153/229\n|move|p2a: Rotom|Trick|p1a: Iron Crown\n|-activate|p2a: Rotom|move: Trick|[of] p1a: Iron Crown\n|-item|p1a: Iron Crown|Choice Specs|[from] move: Trick\n|-item|p2a: Rotom|Choice Scarf|[from] move: Trick\n|\n|upkeep\n|turn|7\n|\n|t:|1782838242\n|move|p2a: Rotom|Trick|p1a: Iron Crown\n|-activate|p2a: Rotom|move: Trick|[of] p1a: Iron Crown\n|-item|p1a: Iron Crown|Choice Scarf|[from] move: Trick\n|-item|p2a: Rotom|Choice Specs|[from] move: Trick\n|move|p1a: Iron Crown|Psyshock|p2a: Rotom\n|-damage|p2a: Rotom|78/229\n|\n|upkeep\n|turn|8\n|\n|t:|1782838253\n|move|p1a: Iron Crown|Psyshock|p2a: Rotom\n|-damage|p2a: Rotom|11/229\n|move|p2a: Rotom|Volt Switch|p1a: Iron Crown\n|-damage|p1a: Iron Crown|159/268\n|\n|t:|1782838258\n|switch|p2a: Typhlosion|Typhlosion, L84, M, tera:Fire|267/267|[from] Volt Switch\n|\n|upkeep\n|turn|9\n|\n|t:|1782838272\n|move|p2a: Typhlosion|Eruption|p1a: Iron Crown\n|-supereffective|p1a: Iron Crown\n|-damage|p1a: Iron Crown|0 fnt\n|faint|p1a: Iron Crown\n|-end|p1a: Iron Crown|Quark Drive|[silent]\n|\n|upkeep\n|\n|t:|1782838274\n|switch|p1a: Gogoat|Gogoat, L88, M, tera:Ground|360/360\n|turn|10\n|\n|t:|1782838286\n|switch|p2a: Rotom|Rotom-Mow, L87|11/229\n|move|p1a: Gogoat|Horn Leech|p2a: Rotom\n|-resisted|p2a: Rotom\n|-damage|p2a: Rotom|0 fnt\n|faint|p2a: Rotom\n|\n|upkeep\n|\n|t:|1782838291\n|switch|p2a: Urshifu|Urshifu-Rapid-Strike, L75, F|274/274\n|turn|11\n|\n|t:|1782838296\n|switch|p1a: Archaludon|Archaludon, L78, F|268/268\n|move|p2a: Urshifu|Surging Strikes|p1a: Archaludon\n|-resisted|p1a: Archaludon\n|-crit|p1a: Archaludon\n|-damage|p1a: Archaludon|243/268\n|-ability|p1a: Archaludon|Stamina|boost\n|-boost|p1a: Archaludon|def|1\n|-resisted|p1a: Archaludon\n|-crit|p1a: Archaludon\n|-damage|p1a: Archaludon|216/268\n|-ability|p1a: Archaludon|Stamina|boost\n|-boost|p1a: Archaludon|def|1\n|-resisted|p1a: Archaludon\n|-crit|p1a: Archaludon\n|-damage|p1a: Archaludon|192/268\n|-ability|p1a: Archaludon|Stamina|boost\n|-boost|p1a: Archaludon|def|1\n|-hitcount|p1a: Archaludon|3\n|\n|-heal|p1a: Archaludon|208/268|[from] item: Leftovers\n|upkeep\n|turn|12\n|\n|t:|1782838305\n|switch|p2a: Charizard|Charizard, L85, F|271/271\n|move|p1a: Archaludon|Thunder Wave|p2a: Charizard\n|-status|p2a: Charizard|par\n|\n|-heal|p1a: Archaludon|224/268|[from] item: Leftovers\n|upkeep\n|turn|13\n|\n|t:|1782838309\n|switch|p1a: Pecharunt|Pecharunt, L77|262/262\n|cant|p2a: Charizard|par\n|\n|upkeep\n|turn|14\n|\n|t:|1782838315\n|move|p1a: Pecharunt|Malignant Chain|p2a: Charizard\n|-damage|p2a: Charizard|190/271 par\n|move|p2a: Charizard|Flamethrower|p1a: Pecharunt\n|-damage|p1a: Pecharunt|138/262\n|\n|upkeep\n|turn|15\n|\n|t:|1782838321\n|move|p1a: Pecharunt|Malignant Chain|p2a: Charizard\n|-damage|p2a: Charizard|114/271 par\n|move|p2a: Charizard|Flamethrower|p1a: Pecharunt\n|-damage|p1a: Pecharunt|18/262\n|\n|upkeep\n|turn|16\n|\n|t:|1782838342\n|move|p1a: Pecharunt|Recover|p1a: Pecharunt\n|-heal|p1a: Pecharunt|149/262\n|cant|p2a: Charizard|par\n|\n|upkeep\n|turn|17\n|\n|t:|1782838349\n|move|p1a: Pecharunt|Recover|p1a: Pecharunt\n|-heal|p1a: Pecharunt|262/262\n|cant|p2a: Charizard|par\n|\n|upkeep\n|turn|18\n|\n|t:|1782838353\n|move|p1a: Pecharunt|Malignant Chain|p2a: Charizard\n|-damage|p2a: Charizard|24/271 par\n|move|p2a: Charizard|Flamethrower|p1a: Pecharunt\n|-damage|p1a: Pecharunt|100/262\n|\n|upkeep\n|turn|19\n|\n|t:|1782838357\n|move|p1a: Pecharunt|Shadow Ball|p2a: Charizard\n|-damage|p2a: Charizard|0 fnt\n|faint|p2a: Charizard\n|\n|upkeep\n|\n|t:|1782838361\n|switch|p2a: Typhlosion|Typhlosion, L84, M, tera:Fire|267/267\n|turn|20\n|\n|t:|1782838372\n|move|p2a: Typhlosion|Eruption|p1a: Pecharunt\n|-damage|p1a: Pecharunt|0 fnt\n|faint|p1a: Pecharunt\n|\n|upkeep\n|\n|t:|1782838374\n|switch|p1a: Gogoat|Gogoat, L88, M, tera:Ground|360/360\n|turn|21\n|\n|t:|1782838384\n|switch|p2a: Dodrio|Dodrio, L85, M|241/241\n|move|p1a: Gogoat|Horn Leech|p2a: Dodrio\n|-resisted|p2a: Dodrio\n|-damage|p2a: Dodrio|188/241\n|\n|upkeep\n|turn|22\n|\n|t:|1782838394\n|switch|p1a: Archaludon|Archaludon, L78, F|224/268\n|move|p2a: Dodrio|Brave Bird|p1a: Archaludon\n|-resisted|p1a: Archaludon\n|-damage|p1a: Archaludon|141/268\n|-ability|p1a: Archaludon|Stamina|boost\n|-boost|p1a: Archaludon|def|1\n|-damage|p2a: Dodrio|161/241|[from] Recoil\n|\n|-heal|p1a: Archaludon|157/268|[from] item: Leftovers\n|upkeep\n|turn|23\n|\n|t:|1782838401\n|move|p2a: Dodrio|Brave Bird|p1a: Archaludon\n|-resisted|p1a: Archaludon\n|-damage|p1a: Archaludon|101/268\n|-ability|p1a: Archaludon|Stamina|boost\n|-boost|p1a: Archaludon|def|1\n|-damage|p2a: Dodrio|143/241|[from] Recoil\n|move|p1a: Archaludon|Thunder Wave|p2a: Dodrio|[miss]\n|-miss|p1a: Archaludon|p2a: Dodrio\n|\n|-heal|p1a: Archaludon|117/268|[from] item: Leftovers\n|upkeep\n|turn|24\n|c|\u2606tobiaxy|lmfao\n|c|\u2606Baxters|what\n|\n|t:|1782838409\n|move|p2a: Dodrio|Brave Bird|p1a: Archaludon\n|-resisted|p1a: Archaludon\n|-damage|p1a: Archaludon|72/268\n|-ability|p1a: Archaludon|Stamina|boost\n|-boost|p1a: Archaludon|def|1\n|-damage|p2a: Dodrio|128/241|[from] Recoil\n|move|p1a: Archaludon|Thunder Wave|p2a: Dodrio\n|-status|p2a: Dodrio|par\n|\n|-heal|p1a: Archaludon|88/268|[from] item: Leftovers\n|upkeep\n|turn|25\n|\n|t:|1782838415\n|move|p1a: Archaludon|Body Press|p2a: Dodrio\n|-damage|p2a: Dodrio|0 fnt\n|faint|p2a: Dodrio\n|\n|-heal|p1a: Archaludon|104/268|[from] item: Leftovers\n|upkeep\n|\n|t:|1782838418\n|switch|p2a: Typhlosion|Typhlosion, L84, M, tera:Fire|267/267\n|turn|26\n|c|\u2606tobiaxy|laughing at this matchup\n|\n|t:|1782838422\n|move|p2a: Typhlosion|Eruption|p1a: Archaludon\n|-damage|p1a: Archaludon|0 fnt\n|faint|p1a: Archaludon\n|\n|upkeep\n|c|\u2606Baxters|ah\n|\n|t:|1782838425\n|switch|p1a: Gogoat|Gogoat, L88, M, tera:Ground|360/360\n|turn|27\n|c|\u2606Baxters|yh its tough\n|\n|t:|1782838437\n|move|p2a: Typhlosion|Eruption|p1a: Gogoat\n|-damage|p1a: Gogoat|128/360\n|move|p1a: Gogoat|Horn Leech|p2a: Typhlosion\n|-resisted|p2a: Typhlosion\n|-damage|p2a: Typhlosion|216/267\n|-heal|p1a: Gogoat|154/360|[from] drain|[of] p2a: Typhlosion\n|\n|-heal|p1a: Gogoat|176/360|[from] item: Leftovers\n|upkeep\n|turn|28\n|\n|t:|1782838444\n|move|p2a: Typhlosion|Eruption|p1a: Gogoat\n|-damage|p1a: Gogoat|0 fnt\n|faint|p1a: Gogoat\n|\n|win|Baxters\n|raw|tobiaxy's rating: 2267 &rarr; <strong>2244</strong><br />(-23 for losing)\n|raw|Baxters's rating: 2212 &rarr; <strong>2235</strong><br />(+23 for winning)\n", "inputlog": ">version f8ac14003a5f27e1bdc8d8c59608a773c1cb96e5\n>start {\"formatid\":\"gen9randombattle\",\"seed\":\"sodium,b382a35b27521a26b62e4f267c4977f1\",\"rated\":\"Rated battle\"}\n>player p1 {\"name\":\"tobiaxy\",\"avatar\":\"mira\",\"rating\":2267,\"seed\":\"sodium,5298c89f0eb60610dce333fa17e8b3ef\"}\n>player p2 {\"name\":\"Baxters\",\"avatar\":\"ivor\",\"rating\":2212,\"seed\":\"sodium,c3a1ea4493892aaa6e55654a42eed1d2\"}\n>p1 switch 3\n>p2 move eruption\n>p1 move stealthrock\n>p2 move eruption terastallize\n>p1 switch 5\n>p1 move bravebird\n>p2 move eruption\n>p1 switch 6\n>p1 move earthquake terastallize\n>p2 switch 5\n>p1 switch 3\n>p2 move trick\n>p1 move psyshock\n>p2 move trick\n>p1 move psyshock\n>p2 move trick\n>p1 move psyshock\n>p2 move voltswitch\n>p2 switch 5\n>p1 move psyshock\n>p2 move eruption\n>p1 switch 3\n>p1 move hornleech\n>p2 switch 5\n>p2 switch 2\n>p1 switch 2\n>p2 move surgingstrikes\n>p1 move thunderwave\n>p2 switch 3\n>p1 switch 4\n>p2 move flamethrower\n>p1 move malignantchain\n>p2 move flamethrower\n>p1 move malignantchain\n>p2 move flamethrower\n>p1 move recover\n>p2 move flamethrower\n>p1 move recover\n>p2 move flamethrower\n>p1 move malignantchain\n>p2 move flamethrower\n>p1 move shadowball\n>p2 move flamethrower\n>p2 switch 5\n>p1 move malignantchain\n>p2 move eruption\n>p1 switch 2\n>p1 move hornleech\n>p2 switch 4\n>p1 switch 4\n>p2 move bravebird\n>p1 move thunderwave\n>p2 move bravebird\n>chat \u2606tobiaxy|lmfao\n>chat \u2606Baxters|what\n>p1 move thunderwave\n>p2 move bravebird\n>p1 move bodypress\n>p2 move bravebird\n>p2 switch 4\n>chat \u2606tobiaxy|laughing at this matchup\n>p1 move thunderwave\n>p2 move eruption\n>chat \u2606Baxters|ah\n>p1 switch 4\n>chat \u2606Baxters|yh its tough\n>p1 move hornleech\n>p2 move eruption\n>p1 move milkdrink\n>p2 move eruption", "uploadtime": 1782838444, "views": 10, "formatid": "gen9randombattle", "rating": 2235, "private": 0, "password": null, "player_dets": [{"name": "tobiaxy", "avatar": "mira", "rating": 2267, "seed": "sodium,5298c89f0eb60610dce333fa17e8b3ef"}, {"name": "Baxters", "avatar": "ivor", "rating": 2212, "seed": "sodium,c3a1ea4493892aaa6e55654a42eed1d2"}], "teams_full": [{"Iron Crown": {"name": "Iron Crown", "species": "Iron Crown", "speciesId": "ironcrown", "gender": "N", "shiny": false, "level": 78, "moves": ["voltswitch", "psyshock", "focusblast", "tachyoncutter"], "ability": "Quark Drive", "evs": {"hp": 85, "atk": 0, "def": 85, "spa": 85, "spd": 85, "spe": 85}, "ivs": {"hp": 31, "atk": 0, "def": 31, "spa": 31, "spd": 31, "spe": 31}, "item": "Choice Specs", "teraType": "Steel", "role": "Wallbreaker", "bvs": {"hp": 90, "atk": 72, "def": 100, "spa": 122, "spd": 108, "spe": 98}, "stats": {"hp": 268, "atk": 117, "def": 201, "spa": 235, "spd": 214, "spe": 198}, "types": ["Steel", "Psychic"]}, "Archaludon": {"name": "Archaludon", "species": "Archaludon", "speciesId": "archaludon", "gender": "F", "shiny": false, "level": 78, "moves": ["dracometeor", "bodypress", "thunderwave", "flashcannon"], "ability": "Stamina", "evs": {"hp": 85, "atk": 0, "def": 85, "spa": 85, "spd": 85, "spe": 85}, "ivs": {"hp": 31, "atk": 0, "def": 31, "spa": 31, "spd": 31, "spe": 31}, "item": "Leftovers", "teraType": "Fighting", "role": "Bulky Attacker", "bvs": {"hp": 90, "atk": 105, "def": 130, "spa": 125, "spd": 65, "spe": 85}, "stats": {"hp": 268, "atk": 168, "def": 248, "spa": 240, "spd": 146, "spe": 178}, "types": ["Steel", "Dragon"]}, "Uxie": {"name": "Uxie", "species": "Uxie", "speciesId": "uxie", "gender": "N", "shiny": false, "level": 83, "moves": ["psychicnoise", "stealthrock", "knockoff", "encore"], "ability": "Levitate", "evs": {"hp": 85, "atk": 85, "def": 85, "spa": 85, "spd": 85, "spe": 85}, "ivs": {"hp": 31, "atk": 31, "def": 31, "spa": 31, "spd": 31, "spe": 31}, "item": "Leftovers", "teraType": "Electric", "role": "Bulky Support", "bvs": {"hp": 75, "atk": 75, "def": 130, "spa": 75, "spd": 130, "spe": 95}, "stats": {"hp": 260, "atk": 172, "def": 263, "spa": 172, "spd": 263, "spe": 205}, "types": ["Psychic"]}, "Pecharunt": {"name": "Pecharunt", "species": "Pecharunt", "speciesId": "pecharunt", "gender": "N", "shiny": false, "level": 77, "moves": ["shadowball", "recover", "malignantchain", "partingshot"], "ability": "Poison Puppeteer", "evs": {"hp": 85, "atk": 0, "def": 85, "spa": 85, "spd": 85, "spe": 85}, "ivs": {"hp": 31, "atk": 0, "def": 31, "spa": 31, "spd": 31, "spe": 31}, "item": "Rocky Helmet", "teraType": "Dark", "role": "Bulky Attacker", "bvs": {"hp": 88, "atk": 88, "def": 160, "spa": 88, "spd": 88, "spe": 88}, "stats": {"hp": 262, "atk": 140, "def": 291, "spa": 180, "spd": 180, "spe": 180}, "types": ["Poison", "Ghost"]}, "Dodrio": {"name": "Dodrio", "species": "Dodrio", "speciesId": "dodrio", "gender": "F", "shiny": false, "level": 85, "moves": ["quickattack", "drillrun", "bravebird", "knockoff"], "ability": "Early Bird", "evs": {"hp": 85, "atk": 85, "def": 85, "spa": 85, "spd": 85, "spe": 85}, "ivs": {"hp": 31, "atk": 31, "def": 31, "spa": 31, "spd": 31, "spe": 31}, "item": "Choice Band", "teraType": "Flying", "role": "Fast Attacker", "bvs": {"hp": 60, "atk": 110, "def": 70, "spa": 60, "spd": 60, "spe": 110}, "stats": {"hp": 241, "atk": 236, "def": 168, "spa": 151, "spd": 151, "spe": 236}, "types": ["Normal", "Flying"]}, "Gogoat": {"name": "Gogoat", "species": "Gogoat", "speciesId": "gogoat", "gender": "M", "shiny": false, "level": 88, "moves": ["hornleech", "milkdrink", "bulkup", "earthquake"], "ability": "Sap Sipper", "evs": {"hp": 85, "atk": 85, "def": 85, "spa": 85, "spd": 85, "spe": 85}, "ivs": {"hp": 31, "atk": 31, "def": 31, "spa": 31, "spd": 31, "spe": 31}, "item": "Leftovers", "teraType": "Ground", "role": "Bulky Setup", "bvs": {"hp": 123, "atk": 100, "def": 62, "spa": 97, "spd": 81, "spe": 68}, "stats": {"hp": 360, "atk": 226, "def": 159, "spa": 221, "spd": 193, "spe": 170}, "types": ["Grass"]}}, {"Typhlosion": {"name": "Typhlosion", "species": "Typhlosion", "speciesId": "typhlosion", "gender": "M", "shiny": false, "level": 84, "moves": ["fireblast", "focusblast", "scorchingsands", "eruption"], "ability": "Flash Fire", "evs": {"hp": 81, "atk": 0, "def": 85, "spa": 85, "spd": 85, "spe": 85}, "ivs": {"hp": 31, "atk": 0, "def": 31, "spa": 31, "spd": 31, "spe": 31}, "item": "Choice Scarf", "teraType": "Fire", "role": "Fast Attacker", "bvs": {"hp": 78, "atk": 84, "def": 78, "spa": 109, "spd": 85, "spe": 100}, "stats": {"hp": 267, "atk": 146, "def": 179, "spa": 231, "spd": 191, "spe": 216}, "types": ["Fire"]}, "Urshifu": {"name": "Urshifu", "species": "Urshifu-Rapid-Strike", "speciesId": "urshifurapidstrike", "gender": "F", "shiny": false, "level": 75, "moves": ["uturn", "closecombat", "surgingstrikes", "aquajet"], "ability": "Unseen Fist", "evs": {"hp": 85, "atk": 85, "def": 85, "spa": 85, "spd": 85, "spe": 85}, "ivs": {"hp": 31, "atk": 31, "def": 31, "spa": 31, "spd": 31, "spe": 31}, "item": "Choice Band", "teraType": "Water", "role": "Fast Attacker", "bvs": {"hp": 100, "atk": 130, "def": 100, "spa": 63, "spd": 60, "spe": 97}, "stats": {"hp": 274, "atk": 239, "def": 194, "spa": 138, "spd": 134, "spe": 189}, "types": ["Fighting", "Water"]}, "Charizard": {"name": "Charizard", "species": "Charizard", "speciesId": "charizard", "gender": "F", "shiny": false, "level": 85, "moves": ["flamethrower", "hurricane", "willowisp", "focusblast"], "ability": "Blaze", "evs": {"hp": 85, "atk": 0, "def": 85, "spa": 85, "spd": 85, "spe": 85}, "ivs": {"hp": 31, "atk": 0, "def": 31, "spa": 31, "spd": 31, "spe": 31}, "item": "Heavy-Duty Boots", "teraType": "Dragon", "role": "Fast Attacker", "bvs": {"hp": 78, "atk": 84, "def": 78, "spa": 109, "spd": 85, "spe": 100}, "stats": {"hp": 271, "atk": 147, "def": 181, "spa": 234, "spd": 193, "spe": 219}, "types": ["Fire", "Flying"]}, "Dodrio": {"name": "Dodrio", "species": "Dodrio", "speciesId": "dodrio", "gender": "M", "shiny": false, "level": 85, "moves": ["knockoff", "bravebird", "quickattack", "doubleedge"], "ability": "Early Bird", "evs": {"hp": 85, "atk": 85, "def": 85, "spa": 85, "spd": 85, "spe": 85}, "ivs": {"hp": 31, "atk": 31, "def": 31, "spa": 31, "spd": 31, "spe": 31}, "item": "Choice Band", "teraType": "Flying", "role": "Fast Attacker", "bvs": {"hp": 60, "atk": 110, "def": 70, "spa": 60, "spd": 60, "spe": 110}, "stats": {"hp": 241, "atk": 236, "def": 168, "spa": 151, "spd": 151, "spe": 236}, "types": ["Normal", "Flying"]}, "Rotom": {"name": "Rotom", "species": "Rotom-Mow", "speciesId": "rotommow", "gender": "N", "shiny": false, "level": 87, "moves": ["trick", "voltswitch", "thunderbolt", "leafstorm"], "ability": "Levitate", "evs": {"hp": 85, "atk": 0, "def": 85, "spa": 85, "spd": 85, "spe": 85}, "ivs": {"hp": 31, "atk": 0, "def": 31, "spa": 31, "spd": 31, "spe": 31}, "item": "Choice Scarf", "teraType": "Grass", "role": "Bulky Attacker", "bvs": {"hp": 50, "atk": 65, "def": 107, "spa": 105, "spd": 107, "spe": 86}, "stats": {"hp": 229, "atk": 118, "def": 236, "spa": 232, "spd": 236, "spe": 199}, "types": ["Electric", "Grass"]}, "Hitmonchan": {"name": "Hitmonchan", "species": "Hitmonchan", "speciesId": "hitmonchan", "gender": "M", "shiny": false, "level": 87, "moves": ["swordsdance", "drainpunch", "knockoff", "icepunch"], "ability": "Iron Fist", "evs": {"hp": 85, "atk": 85, "def": 85, "spa": 85, "spd": 85, "spe": 85}, "ivs": {"hp": 31, "atk": 31, "def": 31, "spa": 31, "spd": 31, "spe": 31}, "item": "Life Orb", "teraType": "Dark", "role": "Setup Sweeper", "bvs": {"hp": 50, "atk": 105, "def": 79, "spa": 35, "spd": 110, "spe": 76}, "stats": {"hp": 229, "atk": 232, "def": 187, "spa": 111, "spd": 241, "spe": 182}, "types": ["Fighting"]}}]}