{"id": "gen9randombattle-2641579946", "format": "[Gen 9] Random Battle", "players": ["Yomy", "EIKICHI OUHNIZUKA"], "log": "|badge|p2|bronze|gen9randombattle|100-9\n|html|<div class=\"broadcast-red\"><strong>This battle is required to be public due to one or more player having a season medal.</strong><br />During the public phase, you can discuss the state of the ladder <a href=\"/seasondiscussion\">in a special chatroom.</a></div>\n|uhtml|medal-msg|<div class=\"broadcast-blue\">Curious what those medals under the avatar are? PS now has Ladder Seasons! For more information, check out the <a href=\"https://www.smogon.com/forums/threads/3740067/\">thread on Smogon.</a></div>\n|j|\u2606Yomy\n|j|\u203dEIKICHI OUHNIZUKA\n|t:|1782812256\n|gametype|singles\n|player|p1|Yomy|ingo|2227\n|player|p2|EIKICHI OUHNIZUKA|elm|2357\n|gen|9\n|tier|[Gen 9] Random Battle\n|rated|\n|rule|Species Clause: Limit one of each Pok\u00e9mon\n|rule|HP Percentage Mod: HP is shown in percentages\n|rule|Sleep Clause Mod: Limit one foe put to sleep\n|rule|Illusion Level Mod: Illusion disguises the Pok\u00e9mon's true level\n|\n|t:|1782812256\n|teamsize|p1|6\n|teamsize|p2|6\n|start\n|switch|p1a: Glastrier|Glastrier, L86|312/312\n|switch|p2a: Sinistcha|Sinistcha-Masterpiece, L83|254/254\n|turn|1\n|\n|t:|1782812285\n|switch|p1a: Wo-Chien|Wo-Chien, L83|277/277\n|-ability|p1a: Wo-Chien|Tablets of Ruin\n|move|p2a: Sinistcha|Matcha Gotcha|p1a: Wo-Chien\n|-resisted|p1a: Wo-Chien\n|-damage|p1a: Wo-Chien|239/277\n|\n|-heal|p1a: Wo-Chien|256/277|[from] item: Leftovers\n|upkeep\n|turn|2\n|\n|t:|1782812290\n|switch|p2a: Vespiquen|Vespiquen, L99, F|299/299\n|-ability|p2a: Vespiquen|Pressure\n|move|p1a: Wo-Chien|Knock Off|p2a: Vespiquen\n|-damage|p2a: Vespiquen|224/299\n|-enditem|p2a: Vespiquen|Heavy-Duty Boots|[from] move: Knock Off|[of] p1a: Wo-Chien\n|\n|-heal|p1a: Wo-Chien|273/277|[from] item: Leftovers\n|upkeep\n|turn|3\n|\n|t:|1782812297\n|switch|p1a: Bombirdier|Bombirdier, L85, F|258/258\n|move|p2a: Vespiquen|U-turn|p1a: Bombirdier\n|-damage|p1a: Bombirdier|167/258\n|\n|t:|1782812303\n|switch|p2a: Munkidori|Munkidori, L79, M|269/269|[from] U-turn\n|\n|upkeep\n|turn|4\n|\n|t:|1782812310\n|move|p2a: Munkidori|Fake Out|p1a: Bombirdier\n|-damage|p1a: Bombirdier|144/258\n|cant|p1a: Bombirdier|flinch\n|\n|upkeep\n|turn|5\n|\n|t:|1782812315\n|move|p2a: Munkidori|Sludge Wave|p1a: Bombirdier\n|-damage|p1a: Bombirdier|35/258\n|move|p1a: Bombirdier|Knock Off|p2a: Munkidori\n|-supereffective|p2a: Munkidori\n|-damage|p2a: Munkidori|0 fnt\n|-enditem|p2a: Munkidori|Assault Vest|[from] move: Knock Off|[of] p1a: Bombirdier\n|faint|p2a: Munkidori\n|\n|upkeep\n|\n|t:|1782812331\n|switch|p2a: Mightyena|Mightyena, L96, M|290/290\n|-ability|p2a: Mightyena|Intimidate|boost\n|-unboost|p1a: Bombirdier|atk|1\n|turn|6\n|\n|t:|1782812349\n|switch|p1a: Annihilape|Annihilape, L76, F|292/292\n|move|p2a: Mightyena|Poison Fang|p1a: Annihilape\n|-resisted|p1a: Annihilape\n|-damage|p1a: Annihilape|268/292\n|\n|upkeep\n|turn|7\n|\n|t:|1782812360\n|switch|p2a: Vespiquen|Vespiquen, L99, F|224/299\n|-ability|p2a: Vespiquen|Pressure\n|move|p1a: Annihilape|Bulk Up|p1a: Annihilape\n|-boost|p1a: Annihilape|atk|1\n|-boost|p1a: Annihilape|def|1\n|\n|upkeep\n|turn|8\n|\n|t:|1782812394\n|switch|p1a: Bombirdier|Bombirdier, L85, F|35/258\n|move|p2a: Vespiquen|Roost|p2a: Vespiquen\n|-heal|p2a: Vespiquen|299/299\n|-singleturn|p2a: Vespiquen|move: Roost\n|\n|upkeep\n|turn|9\n|\n|t:|1782812404\n|switch|p2a: Mightyena|Mightyena, L96, M|290/290\n|-ability|p2a: Mightyena|Intimidate|boost\n|-unboost|p1a: Bombirdier|atk|1\n|move|p1a: Bombirdier|Roost|p1a: Bombirdier\n|-heal|p1a: Bombirdier|164/258\n|-singleturn|p1a: Bombirdier|move: Roost\n|\n|upkeep\n|turn|10\n|\n|t:|1782812410\n|move|p2a: Mightyena|Crunch|p1a: Bombirdier\n|-resisted|p1a: Bombirdier\n|-damage|p1a: Bombirdier|110/258\n|move|p1a: Bombirdier|U-turn|p2a: Mightyena\n|-supereffective|p2a: Mightyena\n|-damage|p2a: Mightyena|214/290\n|\n|t:|1782812421\n|switch|p1a: Glastrier|Glastrier, L86|312/312|[from] U-turn\n|\n|upkeep\n|turn|11\n|\n|t:|1782812424\n|move|p2a: Mightyena|Super Fang|p1a: Glastrier\n|-damage|p1a: Glastrier|156/312\n|move|p1a: Glastrier|Swords Dance|p1a: Glastrier\n|-boost|p1a: Glastrier|atk|2\n|\n|upkeep\n|turn|12\n|\n|t:|1782812431\n|move|p2a: Mightyena|Crunch|p1a: Glastrier\n|-damage|p1a: Glastrier|78/312\n|move|p1a: Glastrier|Icicle Crash|p2a: Mightyena\n|-damage|p2a: Mightyena|0 fnt\n|faint|p2a: Mightyena\n|-ability|p1a: Glastrier|Chilling Neigh|boost\n|-boost|p1a: Glastrier|atk|1\n|\n|upkeep\n|\n|t:|1782812444\n|switch|p2a: Noctowl|Noctowl, L95, F|344/344\n|turn|13\n|\n|t:|1782812456\n|move|p2a: Noctowl|Hyper Voice|p1a: Glastrier\n|-damage|p1a: Glastrier|0 fnt\n|faint|p1a: Glastrier\n|\n|upkeep\n|\n|t:|1782812477\n|switch|p1a: Jolteon|Jolteon, L84, M|246/246\n|turn|14\n|\n|t:|1782812488\n|switch|p2a: Sinistcha|Sinistcha-Masterpiece, L83|254/254\n|move|p1a: Jolteon|Calm Mind|p1a: Jolteon\n|-boost|p1a: Jolteon|spa|1\n|-boost|p1a: Jolteon|spd|1\n|\n|upkeep\n|turn|15\n|\n|t:|1782812502\n|-terastallize|p1a: Jolteon|Ice\n|move|p1a: Jolteon|Tera Blast|p2a: Sinistcha|[anim] Tera Blast Ice\n|-supereffective|p2a: Sinistcha\n|-damage|p2a: Sinistcha|0 fnt\n|faint|p2a: Sinistcha\n|\n|upkeep\n|\n|t:|1782812509\n|switch|p2a: Noctowl|Noctowl, L95, F|344/344\n|turn|16\n|\n|t:|1782812515\n|-terastallize|p2a: Noctowl|Normal\n|move|p1a: Jolteon|Thunderbolt|p2a: Noctowl\n|-damage|p2a: Noctowl|209/344\n|move|p2a: Noctowl|Calm Mind|p2a: Noctowl\n|-boost|p2a: Noctowl|spa|1\n|-boost|p2a: Noctowl|spd|1\n|\n|upkeep\n|turn|17\n|\n|t:|1782812532\n|move|p1a: Jolteon|Calm Mind|p1a: Jolteon\n|-boost|p1a: Jolteon|spa|1\n|-boost|p1a: Jolteon|spd|1\n|move|p2a: Noctowl|Roost|p2a: Noctowl\n|-heal|p2a: Noctowl|344/344\n|\n|upkeep\n|turn|18\n|\n|t:|1782812536\n|move|p1a: Jolteon|Thunderbolt|p2a: Noctowl\n|-damage|p2a: Noctowl|221/344\n|move|p2a: Noctowl|Calm Mind|p2a: Noctowl\n|-boost|p2a: Noctowl|spa|1\n|-boost|p2a: Noctowl|spd|1\n|\n|upkeep\n|turn|19\n|\n|t:|1782812539\n|move|p1a: Jolteon|Calm Mind|p1a: Jolteon\n|-boost|p1a: Jolteon|spa|1\n|-boost|p1a: Jolteon|spd|1\n|move|p2a: Noctowl|Roost|p2a: Noctowl\n|-heal|p2a: Noctowl|344/344\n|\n|upkeep\n|turn|20\n|\n|t:|1782812545\n|move|p1a: Jolteon|Calm Mind|p1a: Jolteon\n|-boost|p1a: Jolteon|spa|1\n|-boost|p1a: Jolteon|spd|1\n|move|p2a: Noctowl|Calm Mind|p2a: Noctowl\n|-boost|p2a: Noctowl|spa|1\n|-boost|p2a: Noctowl|spd|1\n|\n|upkeep\n|turn|21\n|\n|t:|1782812548\n|move|p1a: Jolteon|Thunderbolt|p2a: Noctowl\n|-damage|p2a: Noctowl|233/344\n|move|p2a: Noctowl|Calm Mind|p2a: Noctowl\n|-boost|p2a: Noctowl|spa|1\n|-boost|p2a: Noctowl|spd|1\n|\n|upkeep\n|turn|22\n|\n|t:|1782812551\n|move|p1a: Jolteon|Calm Mind|p1a: Jolteon\n|-boost|p1a: Jolteon|spa|1\n|-boost|p1a: Jolteon|spd|1\n|move|p2a: Noctowl|Calm Mind|p2a: Noctowl\n|-boost|p2a: Noctowl|spa|1\n|-boost|p2a: Noctowl|spd|1\n|\n|upkeep\n|turn|23\n|\n|t:|1782812554\n|move|p1a: Jolteon|Calm Mind|p1a: Jolteon\n|-boost|p1a: Jolteon|spa|1\n|-boost|p1a: Jolteon|spd|1\n|move|p2a: Noctowl|Calm Mind|p2a: Noctowl\n|-boost|p2a: Noctowl|spa|1\n|-boost|p2a: Noctowl|spd|1\n|\n|upkeep\n|turn|24\n|\n|t:|1782812556\n|move|p1a: Jolteon|Thunderbolt|p2a: Noctowl\n|-damage|p2a: Noctowl|151/344\n|move|p2a: Noctowl|Roost|p2a: Noctowl\n|-heal|p2a: Noctowl|323/344\n|\n|upkeep\n|turn|25\n|\n|t:|1782812558\n|move|p1a: Jolteon|Thunderbolt|p2a: Noctowl\n|-damage|p2a: Noctowl|239/344\n|move|p2a: Noctowl|Hyper Voice|p1a: Jolteon\n|-damage|p1a: Jolteon|114/246\n|\n|-heal|p1a: Jolteon|129/246|[from] item: Leftovers\n|upkeep\n|turn|26\n|\n|t:|1782812561\n|move|p1a: Jolteon|Thunderbolt|p2a: Noctowl\n|-damage|p2a: Noctowl|149/344\n|move|p2a: Noctowl|Roost|p2a: Noctowl\n|-heal|p2a: Noctowl|321/344\n|\n|-heal|p1a: Jolteon|144/246|[from] item: Leftovers\n|upkeep\n|turn|27\n|\n|t:|1782812566\n|move|p1a: Jolteon|Thunderbolt|p2a: Noctowl\n|-damage|p2a: Noctowl|234/344\n|move|p2a: Noctowl|Hyper Voice|p1a: Jolteon\n|-damage|p1a: Jolteon|10/246\n|\n|-heal|p1a: Jolteon|25/246|[from] item: Leftovers\n|upkeep\n|turn|28\n|\n|t:|1782812569\n|move|p1a: Jolteon|Thunderbolt|p2a: Noctowl\n|-damage|p2a: Noctowl|143/344\n|move|p2a: Noctowl|Roost|p2a: Noctowl\n|-heal|p2a: Noctowl|315/344\n|\n|-heal|p1a: Jolteon|40/246|[from] item: Leftovers\n|upkeep\n|turn|29\n|\n|t:|1782812571\n|move|p1a: Jolteon|Thunderbolt|p2a: Noctowl\n|-damage|p2a: Noctowl|227/344\n|move|p2a: Noctowl|Hyper Voice|p1a: Jolteon\n|-damage|p1a: Jolteon|0 fnt\n|faint|p1a: Jolteon\n|\n|upkeep\n|\n|t:|1782812586\n|switch|p1a: Bombirdier|Bombirdier, L85, F|110/258\n|turn|30\n|\n|t:|1782812596\n|move|p1a: Bombirdier|U-turn|p2a: Noctowl\n|-damage|p2a: Noctowl|161/344\n|\n|t:|1782812600\n|switch|p1a: Wo-Chien|Wo-Chien, L83|273/277|[from] U-turn\n|-ability|p1a: Wo-Chien|Tablets of Ruin\n|move|p2a: Noctowl|Roost|p2a: Noctowl\n|-heal|p2a: Noctowl|333/344\n|\n|-heal|p1a: Wo-Chien|277/277|[from] item: Leftovers\n|upkeep\n|turn|31\n|\n|t:|1782812604\n|move|p2a: Noctowl|Hyper Voice|p1a: Wo-Chien\n|-damage|p1a: Wo-Chien|0 fnt\n|faint|p1a: Wo-Chien\n|\n|upkeep\n|\n|t:|1782812609\n|switch|p1a: Annihilape|Annihilape, L76, F|268/292\n|turn|32\n|\n|t:|1782812613\n|move|p2a: Noctowl|Hurricane|p1a: Annihilape\n|-supereffective|p1a: Annihilape\n|-damage|p1a: Annihilape|0 fnt\n|faint|p1a: Annihilape\n|\n|upkeep\n|-message|Yomy forfeited.\n|\n|win|EIKICHI OUHNIZUKA\n|raw|Yomy's rating: 2227 &rarr; <strong>2214</strong><br />(-13 for losing)\n|raw|EIKICHI OUHNIZUKA's rating: 2357 &rarr; <strong>2370</strong><br />(+13 for winning)\n", "inputlog": ">version f8ac14003a5f27e1bdc8d8c59608a773c1cb96e5\n>start {\"formatid\":\"gen9randombattle\",\"seed\":\"sodium,ef6473f3771caec975e777f40e5201f9\",\"rated\":\"Rated battle\"}\n>player p1 {\"name\":\"Yomy\",\"avatar\":\"ingo\",\"rating\":2227,\"seed\":\"sodium,c0a1e3dd005ab19e75e5c67314c200a4\"}\n>player p2 {\"name\":\"EIKICHI OUHNIZUKA\",\"avatar\":\"elm\",\"rating\":2357,\"seed\":\"sodium,01fbae1a3b3284c0350dd125fc45f4a6\"}\n>p1 switch 6\n>p2 move matchagotcha\n>p1 move knockoff\n>p2 switch 2\n>p1 switch 4\n>p2 move uturn\n>p2 switch 5\n>p1 move knockoff\n>p2 move fakeout\n>p1 move knockoff\n>p2 move sludgewave\n>p2 switch 6\n>p1 switch 5\n>p2 move poisonfang\n>p1 move bulkup\n>p2 switch 5\n>p1 switch 5\n>p2 move roost\n>p1 move roost\n>p2 switch 5\n>p1 move uturn\n>p2 move crunch\n>p1 switch 6\n>p1 move swordsdance\n>p2 move superfang\n>p1 move iciclecrash\n>p2 move crunch\n>p2 switch 3\n>p1 move iciclecrash\n>p2 move hypervoice\n>p1 switch 2\n>p1 move calmmind\n>p2 switch 2\n>p1 move terablast terastallize\n>p2 move calmmind\n>p2 switch 2\n>p1 move thunderbolt\n>p2 move calmmind terastallize\n>p1 move calmmind\n>p2 move roost\n>p1 move thunderbolt\n>p2 move calmmind\n>p1 move calmmind\n>p2 move roost\n>p1 move calmmind\n>p2 move calmmind\n>p1 move thunderbolt\n>p2 move calmmind\n>p1 move calmmind\n>p2 move calmmind\n>p1 move calmmind\n>p2 move calmmind\n>p1 move thunderbolt\n>p2 move roost\n>p1 move thunderbolt\n>p2 move hypervoice\n>p1 move thunderbolt\n>p2 move roost\n>p1 move thunderbolt\n>p2 move hypervoice\n>p1 move thunderbolt\n>p2 move roost\n>p1 move thunderbolt\n>p2 move hypervoice\n>p1 switch 6\n>p1 move uturn\n>p2 move roost\n>p1 switch 4\n>p1 move stunspore\n>p2 move hypervoice\n>p1 switch 5\n>p1 move drainpunch\n>p2 move hurricane\n>forcelose p1", "uploadtime": 1782812258, "views": 8, "formatid": "gen9randombattle", "rating": 2214, "private": 0, "password": null, "player_dets": [{"name": "Yomy", "avatar": "ingo", "rating": 2227, "seed": "sodium,c0a1e3dd005ab19e75e5c67314c200a4"}, {"name": "EIKICHI OUHNIZUKA", "avatar": "elm", "rating": 2357, "seed": "sodium,01fbae1a3b3284c0350dd125fc45f4a6"}], "teams_full": [{"Glastrier": {"name": "Glastrier", "species": "Glastrier", "speciesId": "glastrier", "gender": "N", "shiny": false, "level": 86, "moves": ["closecombat", "iciclecrash", "swordsdance", "heavyslam"], "ability": "Chilling Neigh", "evs": {"hp": 85, "atk": 85, "def": 85, "spa": 85, "spd": 85, "spe": 85}, "ivs": {"hp": 31, "atk": 31, "def": 31, "spa": 31, "spd": 31, "spe": 31}, "item": "Heavy-Duty Boots", "teraType": "Fighting", "role": "Bulky Attacker", "bvs": {"hp": 100, "atk": 145, "def": 130, "spa": 65, "spd": 110, "spe": 30}, "stats": {"hp": 312, "atk": 299, "def": 273, "spa": 161, "spd": 238, "spe": 101}, "types": ["Ice"]}, "Jolteon": {"name": "Jolteon", "species": "Jolteon", "speciesId": "jolteon", "gender": "M", "shiny": false, "level": 84, "moves": ["terablast", "substitute", "calmmind", "thunderbolt"], "ability": "Volt Absorb", "evs": {"hp": 85, "atk": 0, "def": 85, "spa": 85, "spd": 85, "spe": 85}, "ivs": {"hp": 31, "atk": 0, "def": 31, "spa": 31, "spd": 31, "spe": 31}, "item": "Leftovers", "teraType": "Ice", "role": "Tera Blast user", "bvs": {"hp": 65, "atk": 65, "def": 60, "spa": 110, "spd": 95, "spe": 130}, "stats": {"hp": 246, "atk": 114, "def": 149, "spa": 233, "spd": 208, "spe": 267}, "types": ["Electric"]}, "Sinistcha": {"name": "Sinistcha", "species": "Sinistcha-Masterpiece", "speciesId": "sinistcha", "gender": "N", "shiny": false, "level": 83, "moves": ["strengthsap", "calmmind", "shadowball", "matchagotcha"], "ability": "Heatproof", "evs": {"hp": 85, "atk": 0, "def": 85, "spa": 85, "spd": 85, "spe": 85}, "ivs": {"hp": 31, "atk": 0, "def": 31, "spa": 31, "spd": 31, "spe": 31}, "item": "Leftovers", "teraType": "Steel", "role": "Bulky Setup", "bvs": {"hp": 71, "atk": 60, "def": 106, "spa": 121, "spd": 80, "spe": 70}, "stats": {"hp": 254, "atk": 104, "def": 224, "spa": 249, "spd": 180, "spe": 164}, "types": ["Grass", "Ghost"]}, "Bombirdier": {"name": "Bombirdier", "species": "Bombirdier", "speciesId": "bombirdier", "gender": "F", "shiny": false, "level": 85, "moves": ["bravebird", "uturn", "roost", "knockoff"], "ability": "Big Pecks", "evs": {"hp": 85, "atk": 85, "def": 85, "spa": 85, "spd": 85, "spe": 85}, "ivs": {"hp": 31, "atk": 31, "def": 31, "spa": 31, "spd": 31, "spe": 31}, "item": "Heavy-Duty Boots", "teraType": "Steel", "role": "Bulky Support", "bvs": {"hp": 70, "atk": 103, "def": 85, "spa": 60, "spd": 85, "spe": 82}, "stats": {"hp": 258, "atk": 224, "def": 193, "spa": 151, "spd": 193, "spe": 188}, "types": ["Flying", "Dark"]}, "Annihilape": {"name": "Annihilape", "species": "Annihilape", "speciesId": "annihilape", "gender": "F", "shiny": false, "level": 76, "moves": ["drainpunch", "rest", "bulkup", "ragefist"], "ability": "Defiant", "evs": {"hp": 85, "atk": 85, "def": 85, "spa": 85, "spd": 85, "spe": 85}, "ivs": {"hp": 31, "atk": 31, "def": 31, "spa": 31, "spd": 31, "spe": 31}, "item": "Chesto Berry", "teraType": "Fairy", "role": "Bulky Setup", "bvs": {"hp": 110, "atk": 115, "def": 80, "spa": 50, "spd": 90, "spe": 90}, "stats": {"hp": 292, "atk": 219, "def": 166, "spa": 120, "spd": 181, "spe": 181}, "types": ["Fighting", "Ghost"]}, "Wo-Chien": {"name": "Wo-Chien", "species": "Wo-Chien", "speciesId": "wochien", "gender": "N", "shiny": false, "level": 83, "moves": ["leechseed", "protect", "stunspore", "knockoff"], "ability": "Tablets of Ruin", "evs": {"hp": 85, "atk": 85, "def": 85, "spa": 85, "spd": 85, "spe": 85}, "ivs": {"hp": 31, "atk": 31, "def": 31, "spa": 31, "spd": 31, "spe": 31}, "item": "Leftovers", "teraType": "Poison", "role": "Bulky Support", "bvs": {"hp": 85, "atk": 85, "def": 100, "spa": 95, "spd": 135, "spe": 70}, "stats": {"hp": 277, "atk": 189, "def": 214, "spa": 205, "spd": 272, "spe": 164}, "types": ["Dark", "Grass"]}}, {"Sinistcha": {"name": "Sinistcha", "species": "Sinistcha-Masterpiece", "speciesId": "sinistcha", "gender": "N", "shiny": false, "level": 83, "moves": ["strengthsap", "shadowball", "calmmind", "matchagotcha"], "ability": "Heatproof", "evs": {"hp": 85, "atk": 0, "def": 85, "spa": 85, "spd": 85, "spe": 85}, "ivs": {"hp": 31, "atk": 0, "def": 31, "spa": 31, "spd": 31, "spe": 31}, "item": "Leftovers", "teraType": "Steel", "role": "Bulky Setup", "bvs": {"hp": 71, "atk": 60, "def": 106, "spa": 121, "spd": 80, "spe": 70}, "stats": {"hp": 254, "atk": 104, "def": 224, "spa": 249, "spd": 180, "spe": 164}, "types": ["Grass", "Ghost"]}, "Vespiquen": {"name": "Vespiquen", "species": "Vespiquen", "speciesId": "vespiquen", "gender": "F", "shiny": false, "level": 99, "moves": ["roost", "uturn", "hurricane", "spikes"], "ability": "Pressure", "evs": {"hp": 85, "atk": 85, "def": 85, "spa": 85, "spd": 85, "spe": 85}, "ivs": {"hp": 31, "atk": 31, "def": 31, "spa": 31, "spd": 31, "spe": 31}, "item": "Heavy-Duty Boots", "teraType": "Steel", "role": "Bulky Support", "bvs": {"hp": 70, "atk": 80, "def": 102, "spa": 80, "spd": 102, "spe": 40}, "stats": {"hp": 299, "atk": 214, "def": 258, "spa": 214, "spd": 258, "spe": 135}, "types": ["Bug", "Flying"]}, "Noctowl": {"name": "Noctowl", "species": "Noctowl", "speciesId": "noctowl", "gender": "F", "shiny": false, "level": 95, "moves": ["hypervoice", "calmmind", "hurricane", "roost"], "ability": "Tinted Lens", "evs": {"hp": 85, "atk": 0, "def": 85, "spa": 85, "spd": 85, "spe": 85}, "ivs": {"hp": 31, "atk": 0, "def": 31, "spa": 31, "spd": 31, "spe": 31}, "item": "Heavy-Duty Boots", "teraType": "Normal", "role": "Bulky Attacker", "bvs": {"hp": 100, "atk": 50, "def": 50, "spa": 86, "spd": 96, "spe": 70}, "stats": {"hp": 344, "atk": 100, "def": 149, "spa": 217, "spd": 236, "spe": 187}, "types": ["Normal", "Flying"]}, "Espeon": {"name": "Espeon", "species": "Espeon", "speciesId": "espeon", "gender": "F", "shiny": false, "level": 84, "moves": ["morningsun", "psyshock", "calmmind", "alluringvoice"], "ability": "Magic Bounce", "evs": {"hp": 85, "atk": 0, "def": 85, "spa": 85, "spd": 85, "spe": 85}, "ivs": {"hp": 31, "atk": 0, "def": 31, "spa": 31, "spd": 31, "spe": 31}, "item": "Life Orb", "teraType": "Psychic", "role": "Fast Attacker", "bvs": {"hp": 65, "atk": 65, "def": 60, "spa": 130, "spd": 95, "spe": 110}, "stats": {"hp": 246, "atk": 114, "def": 149, "spa": 267, "spd": 208, "spe": 233}, "types": ["Psychic"]}, "Munkidori": {"name": "Munkidori", "species": "Munkidori", "speciesId": "munkidori", "gender": "M", "shiny": false, "level": 79, "moves": ["fakeout", "sludgewave", "psychicnoise", "uturn"], "ability": "Toxic Chain", "evs": {"hp": 85, "atk": 85, "def": 85, "spa": 85, "spd": 85, "spe": 85}, "ivs": {"hp": 31, "atk": 31, "def": 31, "spa": 31, "spd": 31, "spe": 31}, "item": "Assault Vest", "teraType": "Dark", "role": "AV Pivot", "bvs": {"hp": 88, "atk": 75, "def": 66, "spa": 130, "spd": 90, "spe": 106}, "stats": {"hp": 269, "atk": 164, "def": 150, "spa": 251, "spd": 188, "spe": 213}, "types": ["Poison", "Psychic"]}, "Mightyena": {"name": "Mightyena", "species": "Mightyena", "speciesId": "mightyena", "gender": "M", "shiny": false, "level": 96, "moves": ["crunch", "suckerpunch", "superfang", "poisonfang"], "ability": "Intimidate", "evs": {"hp": 85, "atk": 85, "def": 85, "spa": 85, "spd": 85, "spe": 85}, "ivs": {"hp": 31, "atk": 31, "def": 31, "spa": 31, "spd": 31, "spe": 31}, "item": "Assault Vest", "teraType": "Poison", "role": "AV Pivot", "bvs": {"hp": 70, "atk": 90, "def": 70, "spa": 60, "spd": 60, "spe": 70}, "stats": {"hp": 290, "atk": 227, "def": 189, "spa": 170, "spd": 170, "spe": 189}, "types": ["Dark"]}}]}