{"id": "gen9randombattle-2642070318", "format": "[Gen 9] Random Battle", "players": ["jnpr010334", "REN65"], "log": "|j|\u2606jnpr010334\n|j|\u2606REN65\n|t:|1782883486\n|gametype|singles\n|player|p1|jnpr010334|265|1643\n|player|p2|REN65|parasollady|1612\n|gen|9\n|tier|[Gen 9] Random Battle\n|rated|\n|rule|Species Clause: Limit one of each Pok\u00e9mon\n|rule|HP Percentage Mod: HP is shown in percentages\n|rule|Sleep Clause Mod: Limit one foe put to sleep\n|rule|Illusion Level Mod: Illusion disguises the Pok\u00e9mon's true level\n|\n|t:|1782883486\n|teamsize|p1|6\n|teamsize|p2|6\n|start\n|switch|p1a: Sinistcha|Sinistcha, L83|254/254\n|switch|p2a: Dialga|Dialga, L73|266/266\n|-ability|p2a: Dialga|Pressure\n|turn|1\n|inactive|Battle timer is ON: inactive players will automatically lose when time's up. (requested by jnpr010334)\n|\n|t:|1782883506\n|move|p2a: Dialga|Fire Blast|p1a: Sinistcha\n|-supereffective|p1a: Sinistcha\n|-damage|p1a: Sinistcha|168/254\n|move|p1a: Sinistcha|Calm Mind|p1a: Sinistcha\n|-boost|p1a: Sinistcha|spa|1\n|-boost|p1a: Sinistcha|spd|1\n|\n|-heal|p1a: Sinistcha|183/254|[from] item: Leftovers\n|upkeep\n|turn|2\n|\n|t:|1782883515\n|move|p1a: Sinistcha|Calm Mind|p1a: Sinistcha\n|-boost|p1a: Sinistcha|spa|1\n|-boost|p1a: Sinistcha|spd|1\n|move|p2a: Dialga|Dragon Tail|p1a: Sinistcha\n|-crit|p1a: Sinistcha\n|-damage|p1a: Sinistcha|110/254\n|drag|p1a: Coalossal|Coalossal, L89, M|341/341\n|\n|upkeep\n|turn|3\n|\n|t:|1782883541\n|switch|p2a: Vaporeon|Vaporeon, L86, F|364/364\n|move|p1a: Coalossal|Stealth Rock|p2a: Vaporeon\n|-sidestart|p2: REN65|move: Stealth Rock\n|\n|upkeep\n|turn|4\n|\n|t:|1782883547\n|switch|p1a: Calyrex|Calyrex, L93|337/337\n|-ability|p1a: Calyrex|Unnerve\n|move|p2a: Vaporeon|Scald|p1a: Calyrex\n|-resisted|p1a: Calyrex\n|-crit|p1a: Calyrex\n|-damage|p1a: Calyrex|268/337\n|\n|-heal|p1a: Calyrex|289/337|[from] item: Leftovers\n|upkeep\n|turn|5\n|inactive|REN65 has 120 seconds left.\n|\n|t:|1782883574\n|switch|p2a: Dialga|Dialga, L73|266/266\n|-damage|p2a: Dialga|250/266|[from] Stealth Rock\n|-ability|p2a: Dialga|Pressure\n|move|p1a: Calyrex|Giga Drain|p2a: Dialga\n|-resisted|p2a: Dialga\n|-damage|p2a: Dialga|235/266\n|-heal|p1a: Calyrex|297/337|[from] drain|[of] p2a: Dialga\n|\n|-heal|p1a: Calyrex|318/337|[from] item: Leftovers\n|upkeep\n|turn|6\n|inactive|REN65 has 120 seconds left.\n|\n|t:|1782883609\n|switch|p1a: Coalossal|Coalossal, L89, M|341/341\n|move|p2a: Dialga|Draco Meteor|p1a: Coalossal\n|-damage|p1a: Coalossal|199/341\n|-unboost|p2a: Dialga|spa|2\n|\n|upkeep\n|turn|7\n|inactive|REN65 has 90 seconds left.\n|\n|t:|1782883643\n|switch|p2a: Ampharos|Ampharos, L88, M|302/302\n|-damage|p2a: Ampharos|265/302|[from] Stealth Rock\n|move|p1a: Coalossal|Stealth Rock||[still]\n|-fail|p1a: Coalossal\n|\n|upkeep\n|turn|8\n|\n|t:|1782883651\n|switch|p1a: Sinistcha|Sinistcha, L83|110/254\n|move|p2a: Ampharos|Focus Blast|p1a: Sinistcha\n|-immune|p1a: Sinistcha\n|\n|-heal|p1a: Sinistcha|125/254|[from] item: Leftovers\n|upkeep\n|turn|9\n|\n|t:|1782883656\n|move|p1a: Sinistcha|Strength Sap|p2a: Ampharos\n|-unboost|p2a: Ampharos|atk|1\n|-heal|p1a: Sinistcha|254/254\n|move|p2a: Ampharos|Volt Switch|p1a: Sinistcha\n|-resisted|p1a: Sinistcha\n|-damage|p1a: Sinistcha|201/254\n|inactive|REN65 has 60 seconds left.\n|\n|t:|1782883697\n|switch|p2a: Dialga|Dialga, L73|235/266|[from] Volt Switch\n|-damage|p2a: Dialga|219/266|[from] Stealth Rock\n|-ability|p2a: Dialga|Pressure\n|\n|-heal|p1a: Sinistcha|216/254|[from] item: Leftovers\n|upkeep\n|turn|10\n|\n|t:|1782883703\n|move|p1a: Sinistcha|Shadow Ball|p2a: Dialga\n|-damage|p2a: Dialga|153/266\n|-unboost|p2a: Dialga|spd|1\n|move|p2a: Dialga|Dragon Tail|p1a: Sinistcha\n|-damage|p1a: Sinistcha|162/254\n|drag|p1a: Toucannon|Toucannon, L88, F|284/284\n|\n|upkeep\n|turn|11\n|inactive|REN65 has 60 seconds left.\n|\n|t:|1782883710\n|switch|p2a: Ampharos|Ampharos, L88, M|265/302\n|-damage|p2a: Ampharos|228/302|[from] Stealth Rock\n|move|p1a: Toucannon|Boomburst|p2a: Ampharos\n|-damage|p2a: Ampharos|137/302\n|\n|upkeep\n|turn|12\n|inactive|REN65 has 60 seconds left.\n|\n|t:|1782883721\n|move|p1a: Toucannon|Boomburst|p2a: Ampharos\n|-damage|p2a: Ampharos|58/302\n|move|p2a: Ampharos|Discharge|p1a: Toucannon\n|-supereffective|p1a: Toucannon\n|-damage|p1a: Toucannon|50/284\n|\n|upkeep\n|turn|13\n|\n|t:|1782883731\n|move|p1a: Toucannon|Boomburst|p2a: Ampharos\n|-damage|p2a: Ampharos|0 fnt\n|faint|p2a: Ampharos\n|\n|upkeep\n|inactive|REN65 has 60 seconds left.\n|\n|t:|1782883747\n|switch|p2a: Vaporeon|Vaporeon, L86, F|364/364\n|-damage|p2a: Vaporeon|319/364|[from] Stealth Rock\n|turn|14\n|inactive|REN65 has 60 seconds left.\n|\n|t:|1782883754\n|move|p2a: Vaporeon|Ice Beam|p1a: Toucannon\n|-supereffective|p1a: Toucannon\n|-damage|p1a: Toucannon|0 fnt\n|faint|p1a: Toucannon\n|\n|-heal|p2a: Vaporeon|341/364|[from] item: Leftovers\n|upkeep\n|\n|t:|1782883756\n|switch|p1a: Calyrex|Calyrex, L93|318/337\n|-ability|p1a: Calyrex|Unnerve\n|turn|15\n|inactive|REN65 has 60 seconds left.\n|\n|t:|1782883777\n|switch|p2a: Lurantis|Lurantis, L87, F|264/264\n|-damage|p2a: Lurantis|231/264|[from] Stealth Rock\n|move|p1a: Calyrex|Giga Drain|p2a: Lurantis\n|-resisted|p2a: Lurantis\n|-damage|p2a: Lurantis|202/264\n|-heal|p1a: Calyrex|333/337|[from] drain|[of] p2a: Lurantis\n|\n|-heal|p1a: Calyrex|337/337|[from] item: Leftovers\n|upkeep\n|turn|16\n|inactive|REN65 has 60 seconds left.\n|\n|t:|1782883788\n|move|p1a: Calyrex|Psyshock|p2a: Lurantis\n|-damage|p2a: Lurantis|115/264\n|move|p2a: Lurantis|Leech Life|p1a: Calyrex\n|-supereffective|p1a: Calyrex\n|-damage|p1a: Calyrex|77/337\n|-heal|p2a: Lurantis|245/264|[from] drain|[of] p1a: Calyrex\n|\n|-heal|p1a: Calyrex|98/337|[from] item: Leftovers\n|upkeep\n|turn|17\n|inactive|REN65 has 60 seconds left.\n|\n|t:|1782883799\n|switch|p1a: Coalossal|Coalossal, L89, M|199/341\n|move|p2a: Lurantis|Knock Off|p1a: Coalossal\n|-damage|p1a: Coalossal|143/341\n|-enditem|p1a: Coalossal|Heavy-Duty Boots|[from] move: Knock Off|[of] p2a: Lurantis\n|\n|upkeep\n|turn|18\n|inactive|REN65 has 60 seconds left.\n|\n|t:|1782883817\n|switch|p2a: Vaporeon|Vaporeon, L86, F|341/364\n|-damage|p2a: Vaporeon|296/364|[from] Stealth Rock\n|move|p1a: Coalossal|Flamethrower|p2a: Vaporeon\n|-resisted|p2a: Vaporeon\n|-damage|p2a: Vaporeon|253/364\n|\n|-heal|p2a: Vaporeon|275/364|[from] item: Leftovers\n|upkeep\n|turn|19\n|\n|t:|1782883830\n|switch|p1a: Cryogonal|Cryogonal, L89|287/287\n|move|p2a: Vaporeon|Wish|p2a: Vaporeon\n|\n|-heal|p2a: Vaporeon|297/364|[from] item: Leftovers\n|upkeep\n|turn|20\n|\n|t:|1782883835\n|switch|p2a: Dialga|Dialga, L73|153/266\n|-damage|p2a: Dialga|137/266|[from] Stealth Rock\n|-ability|p2a: Dialga|Pressure\n|move|p1a: Cryogonal|Freeze-Dry|p2a: Dialga\n|-damage|p2a: Dialga|74/266\n|-status|p2a: Dialga|frz\n|\n|-heal|p2a: Dialga|256/266 frz|[from] move: Wish|[wisher] Vaporeon\n|upkeep\n|turn|21\n|inactive|REN65 has 60 seconds left.\n|\n|t:|1782883845\n|switch|p1a: Coalossal|Coalossal, L89, M|143/341\n|-curestatus|p2a: Dialga|frz|[msg]\n|move|p2a: Dialga|Heavy Slam|p1a: Coalossal\n|-damage|p1a: Coalossal|100/341\n|\n|upkeep\n|turn|22\n|\n|t:|1782883852\n|switch|p2a: Vaporeon|Vaporeon, L86, F|297/364\n|-damage|p2a: Vaporeon|252/364|[from] Stealth Rock\n|move|p1a: Coalossal|Will-O-Wisp|p2a: Vaporeon\n|-status|p2a: Vaporeon|brn\n|\n|-heal|p2a: Vaporeon|274/364 brn|[from] item: Leftovers\n|-damage|p2a: Vaporeon|252/364 brn|[from] brn\n|upkeep\n|turn|23\n|\n|t:|1782883860\n|switch|p1a: Cryogonal|Cryogonal, L89|287/287\n|move|p2a: Vaporeon|Wish|p2a: Vaporeon\n|\n|-heal|p2a: Vaporeon|274/364 brn|[from] item: Leftovers\n|-damage|p2a: Vaporeon|252/364 brn|[from] brn\n|upkeep\n|turn|24\n|\n|t:|1782883869\n|switch|p2a: Dialga|Dialga, L73|256/266\n|-damage|p2a: Dialga|240/266|[from] Stealth Rock\n|-ability|p2a: Dialga|Pressure\n|move|p1a: Cryogonal|Freeze-Dry|p2a: Dialga\n|-damage|p2a: Dialga|179/266\n|\n|-heal|p2a: Dialga|266/266|[from] move: Wish|[wisher] Vaporeon\n|upkeep\n|turn|25\n|\n|t:|1782883879\n|switch|p1a: Coalossal|Coalossal, L89, M|100/341\n|move|p2a: Dialga|Dragon Tail|p1a: Coalossal|[miss]\n|-miss|p2a: Dialga|p1a: Coalossal\n|\n|upkeep\n|turn|26\n|\n|t:|1782883892\n|move|p2a: Dialga|Draco Meteor|p1a: Coalossal\n|-damage|p1a: Coalossal|0 fnt\n|-unboost|p2a: Dialga|spa|2\n|faint|p1a: Coalossal\n|\n|upkeep\n|\n|t:|1782883893\n|switch|p1a: Basculin|Basculin-Blue-Striped, L86, F|261/261\n|turn|27\n|\n|t:|1782883916\n|switch|p2a: Lurantis|Lurantis, L87, F|245/264\n|-damage|p2a: Lurantis|212/264|[from] Stealth Rock\n|move|p1a: Basculin|Flip Turn|p2a: Lurantis\n|-resisted|p2a: Lurantis\n|-damage|p2a: Lurantis|150/264\n|\n|t:|1782883919\n|switch|p1a: Cryogonal|Cryogonal, L89|287/287|[from] Flip Turn\n|\n|upkeep\n|turn|28\n|\n|t:|1782883935\n|switch|p2a: Dialga|Dialga, L73|266/266\n|-damage|p2a: Dialga|250/266|[from] Stealth Rock\n|-ability|p2a: Dialga|Pressure\n|move|p1a: Cryogonal|Freeze-Dry|p2a: Dialga\n|-crit|p2a: Dialga\n|-damage|p2a: Dialga|166/266\n|\n|upkeep\n|turn|29\n|\n|t:|1782883952\n|move|p1a: Cryogonal|Freeze-Dry|p2a: Dialga\n|-damage|p2a: Dialga|108/266\n|move|p2a: Dialga|Heavy Slam|p1a: Cryogonal\n|-supereffective|p1a: Cryogonal\n|-damage|p1a: Cryogonal|0 fnt\n|faint|p1a: Cryogonal\n|\n|upkeep\n|\n|t:|1782883954\n|switch|p1a: Basculin|Basculin-Blue-Striped, L86, F|261/261\n|turn|30\n|\n|t:|1782883967\n|move|p1a: Basculin|Wave Crash|p2a: Dialga\n|-resisted|p2a: Dialga\n|-damage|p2a: Dialga|0 fnt\n|faint|p2a: Dialga\n|-damage|p1a: Basculin|225/261|[from] Recoil\n|\n|upkeep\n|inactive|REN65 has 60 seconds left.\n|\n|t:|1782883996\n|switch|p2a: Lurantis|Lurantis, L87, F|150/264\n|-damage|p2a: Lurantis|117/264|[from] Stealth Rock\n|turn|31\n|\n|t:|1782883999\n|-terastallize|p1a: Basculin|Water\n|move|p1a: Basculin|Wave Crash|p2a: Lurantis\n|-resisted|p2a: Lurantis\n|-damage|p2a: Lurantis|0 fnt\n|faint|p2a: Lurantis\n|-damage|p1a: Basculin|186/261|[from] Recoil\n|\n|upkeep\n|inactive|REN65 has 60 seconds left.\n|\n|t:|1782884014\n|switch|p2a: Calyrex|Calyrex-Shadow, L64|235/235\n|-ability|p2a: Calyrex|As One\n|-ability|p2a: Calyrex|Unnerve\n|-damage|p2a: Calyrex|206/235|[from] Stealth Rock\n|turn|32\n|\n|t:|1782884034\n|-terastallize|p2a: Calyrex|Ghost\n|move|p2a: Calyrex|Astral Barrage|p1a: Basculin\n|-damage|p1a: Basculin|0 fnt\n|faint|p1a: Basculin\n|-ability|p2a: Calyrex|Grim Neigh|boost\n|-boost|p2a: Calyrex|spa|1\n|-damage|p2a: Calyrex|183/235|[from] item: Life Orb\n|\n|upkeep\n|\n|t:|1782884037\n|switch|p1a: Calyrex|Calyrex, L93|98/337\n|-ability|p1a: Calyrex|Unnerve\n|turn|33\n|\n|t:|1782884041\n|move|p2a: Calyrex|Astral Barrage|p1a: Calyrex\n|-supereffective|p1a: Calyrex\n|-crit|p1a: Calyrex\n|-damage|p1a: Calyrex|0 fnt\n|faint|p1a: Calyrex\n|-ability|p2a: Calyrex|Grim Neigh|boost\n|-boost|p2a: Calyrex|spa|1\n|-damage|p2a: Calyrex|160/235|[from] item: Life Orb\n|\n|upkeep\n|\n|t:|1782884044\n|switch|p1a: Sinistcha|Sinistcha, L83|162/254\n|turn|34\n|\n|t:|1782884047\n|move|p2a: Calyrex|Astral Barrage|p1a: Sinistcha\n|-supereffective|p1a: Sinistcha\n|-damage|p1a: Sinistcha|0 fnt\n|faint|p1a: Sinistcha\n|-damage|p2a: Calyrex|137/235|[from] item: Life Orb\n|\n|win|REN65\n|raw|jnpr010334's rating: 1683 &rarr; <strong>1659</strong><br />(-24 for losing)\n|raw|REN65's rating: 1612 &rarr; <strong>1636</strong><br />(+24 for winning)\n", "inputlog": ">version f8ac14003a5f27e1bdc8d8c59608a773c1cb96e5\n>start {\"formatid\":\"gen9randombattle\",\"seed\":\"sodium,80240a93046ec54d614e2683b3b44ce2\",\"rated\":\"Rated battle\"}\n>player p1 {\"name\":\"jnpr010334\",\"avatar\":\"265\",\"rating\":1643,\"seed\":\"sodium,d591ef2bfcf832eabfaf86bff66e82f0\"}\n>player p2 {\"name\":\"REN65\",\"avatar\":\"parasollady\",\"rating\":1612,\"seed\":\"sodium,21b7ddb0390c95f255712803729e6620\"}\n>p1 move calmmind\n>p2 move fireblast\n>p1 move calmmind\n>p2 move dragontail\n>p1 move stealthrock\n>p2 switch 2\n>p1 switch 2\n>p2 move scald\n>p1 move gigadrain\n>p2 switch 2\n>p1 switch 2\n>p2 move dracometeor\n>p1 move stealthrock\n>p2 switch 4\n>p1 switch 6\n>p2 move focusblast\n>p1 move strengthsap\n>p2 move voltswitch\n>p2 switch 4\n>p1 move shadowball\n>p2 move dragontail\n>p1 move boomburst\n>p2 switch 4\n>p1 move boomburst\n>p2 move discharge\n>p1 move boomburst\n>p2 move voltswitch\n>p2 switch 2\n>p1 move bulletseed\n>p2 move icebeam\n>p1 switch 2\n>p1 move gigadrain\n>p2 switch 6\n>p1 move psyshock\n>p2 move leechlife\n>p1 switch 6\n>p2 move knockoff\n>p1 move flamethrower\n>p2 switch 6\n>p1 switch 4\n>p2 move wish\n>p1 move freezedry\n>p2 switch 4\n>p1 switch 4\n>p2 move heavyslam\n>p1 move willowisp\n>p2 switch 4\n>p1 switch 4\n>p2 move wish\n>p1 move freezedry\n>p2 switch 4\n>p1 switch 4\n>p2 move dragontail\n>p1 move willowisp\n>p2 move dracometeor\n>p1 switch 5\n>p1 move flipturn\n>p2 switch 6\n>p1 switch 4\n>p1 move freezedry\n>p2 switch 6\n>p1 move freezedry\n>p2 move heavyslam\n>p1 switch 4\n>p1 move wavecrash\n>p2 move dracometeor\n>p2 switch 6\n>p1 move wavecrash terastallize\n>p2 move leafstorm\n>p2 switch 3\n>p1 move wavecrash\n>p2 move astralbarrage terastallize\n>p1 switch 6\n>p1 move gigadrain\n>p2 move astralbarrage\n>p1 switch 3\n>p1 move shadowball\n>p2 move astralbarrage", "uploadtime": 1782884047, "views": 2, "formatid": "gen9randombattle", "rating": 1636, "private": 0, "password": null, "player_dets": [{"name": "jnpr010334", "avatar": "265", "rating": 1643, "seed": "sodium,d591ef2bfcf832eabfaf86bff66e82f0"}, {"name": "REN65", "avatar": "parasollady", "rating": 1612, "seed": "sodium,21b7ddb0390c95f255712803729e6620"}], "teams_full": [{"Sinistcha": {"name": "Sinistcha", "species": "Sinistcha", "speciesId": "sinistcha", "gender": "N", "shiny": false, "level": 83, "moves": ["shadowball", "matchagotcha", "strengthsap", "calmmind"], "ability": "Heatproof", "evs": {"hp": 85, "atk": 0, "def": 85, "spa": 85, "spd": 85, "spe": 85}, "ivs": {"hp": 31, "atk": 0, "def": 31, "spa": 31, "spd": 31, "spe": 31}, "item": "Leftovers", "teraType": "Steel", "role": "Bulky Setup", "bvs": {"hp": 71, "atk": 60, "def": 106, "spa": 121, "spd": 80, "spe": 70}, "stats": {"hp": 254, "atk": 104, "def": 224, "spa": 249, "spd": 180, "spe": 164}, "types": ["Grass", "Ghost"]}, "Calyrex": {"name": "Calyrex", "species": "Calyrex", "speciesId": "calyrex", "gender": "N", "shiny": false, "level": 93, "moves": ["gigadrain", "leechseed", "psyshock", "bodypress"], "ability": "Unnerve", "evs": {"hp": 85, "atk": 0, "def": 85, "spa": 85, "spd": 85, "spe": 85}, "ivs": {"hp": 31, "atk": 0, "def": 31, "spa": 31, "spd": 31, "spe": 31}, "item": "Leftovers", "teraType": "Fighting", "role": "Bulky Attacker", "bvs": {"hp": 100, "atk": 80, "def": 80, "spa": 80, "spd": 80, "spe": 80}, "stats": {"hp": 337, "atk": 153, "def": 202, "spa": 202, "spd": 202, "spe": 202}, "types": ["Psychic", "Grass"]}, "Toucannon": {"name": "Toucannon", "species": "Toucannon", "speciesId": "toucannon", "gender": "F", "shiny": false, "level": 88, "moves": ["bulletseed", "beakblast", "boomburst", "roost"], "ability": "Skill Link", "evs": {"hp": 85, "atk": 85, "def": 85, "spa": 85, "spd": 85, "spe": 85}, "ivs": {"hp": 31, "atk": 31, "def": 31, "spa": 31, "spd": 31, "spe": 31}, "item": "Heavy-Duty Boots", "teraType": "Steel", "role": "Bulky Support", "bvs": {"hp": 80, "atk": 120, "def": 75, "spa": 75, "spd": 75, "spe": 60}, "stats": {"hp": 284, "atk": 261, "def": 182, "spa": 182, "spd": 182, "spe": 156}, "types": ["Normal", "Flying"]}, "Cryogonal": {"name": "Cryogonal", "species": "Cryogonal", "speciesId": "cryogonal", "gender": "N", "shiny": false, "level": 89, "moves": ["recover", "freezedry", "rapidspin", "flashcannon"], "ability": "Levitate", "evs": {"hp": 85, "atk": 85, "def": 85, "spa": 85, "spd": 85, "spe": 85}, "ivs": {"hp": 31, "atk": 31, "def": 31, "spa": 31, "spd": 31, "spe": 31}, "item": "Heavy-Duty Boots", "teraType": "Steel", "role": "Bulky Support", "bvs": {"hp": 80, "atk": 50, "def": 50, "spa": 95, "spd": 135, "spe": 105}, "stats": {"hp": 287, "atk": 140, "def": 140, "spa": 220, "spd": 291, "spe": 238}, "types": ["Ice"]}, "Basculin": {"name": "Basculin", "species": "Basculin-Blue-Striped", "speciesId": "basculin", "gender": "F", "shiny": false, "level": 86, "moves": ["flipturn", "doubleedge", "aquajet", "wavecrash"], "ability": "Adaptability", "evs": {"hp": 85, "atk": 85, "def": 85, "spa": 85, "spd": 85, "spe": 85}, "ivs": {"hp": 31, "atk": 31, "def": 31, "spa": 31, "spd": 31, "spe": 31}, "item": "Choice Band", "teraType": "Water", "role": "Wallbreaker", "bvs": {"hp": 70, "atk": 92, "def": 65, "spa": 80, "spd": 55, "spe": 98}, "stats": {"hp": 261, "atk": 207, "def": 161, "spa": 187, "spd": 144, "spe": 218}, "types": ["Water"]}, "Coalossal": {"name": "Coalossal", "species": "Coalossal", "speciesId": "coalossal", "gender": "M", "shiny": false, "level": 89, "moves": ["stoneedge", "flamethrower", "willowisp", "stealthrock"], "ability": "Flame Body", "evs": {"hp": 85, "atk": 85, "def": 85, "spa": 85, "spd": 85, "spe": 85}, "ivs": {"hp": 31, "atk": 31, "def": 31, "spa": 31, "spd": 31, "spe": 31}, "item": "Heavy-Duty Boots", "teraType": "Water", "role": "Bulky Support", "bvs": {"hp": 110, "atk": 80, "def": 120, "spa": 80, "spd": 90, "spe": 30}, "stats": {"hp": 341, "atk": 193, "def": 264, "spa": 193, "spd": 211, "spe": 104}, "types": ["Rock", "Fire"]}}, {"Dialga": {"name": "Dialga", "species": "Dialga", "speciesId": "dialga", "gender": "N", "shiny": false, "level": 73, "moves": ["dragontail", "dracometeor", "heavyslam", "fireblast"], "ability": "Pressure", "evs": {"hp": 85, "atk": 85, "def": 85, "spa": 85, "spd": 85, "spe": 85}, "ivs": {"hp": 31, "atk": 31, "def": 31, "spa": 31, "spd": 31, "spe": 31}, "item": "Assault Vest", "teraType": "Dragon", "role": "AV Pivot", "bvs": {"hp": 100, "atk": 120, "def": 120, "spa": 150, "spd": 100, "spe": 90}, "stats": {"hp": 266, "atk": 218, "def": 218, "spa": 261, "spd": 188, "spe": 174}, "types": ["Steel", "Dragon"]}, "Vaporeon": {"name": "Vaporeon", "species": "Vaporeon", "speciesId": "vaporeon", "gender": "F", "shiny": false, "level": 86, "moves": ["scald", "wish", "protect", "icebeam"], "ability": "Water Absorb", "evs": {"hp": 85, "atk": 0, "def": 85, "spa": 85, "spd": 85, "spe": 85}, "ivs": {"hp": 31, "atk": 0, "def": 31, "spa": 31, "spd": 31, "spe": 31}, "item": "Leftovers", "teraType": "Ghost", "role": "Bulky Support", "bvs": {"hp": 130, "atk": 65, "def": 60, "spa": 110, "spd": 95, "spe": 65}, "stats": {"hp": 364, "atk": 116, "def": 152, "spa": 238, "spd": 213, "spe": 161}, "types": ["Water"]}, "Calyrex": {"name": "Calyrex", "species": "Calyrex-Shadow", "speciesId": "calyrexshadow", "gender": "N", "shiny": false, "level": 64, "moves": ["astralbarrage", "psyshock", "nastyplot", "pollenpuff"], "ability": "As One (Spectrier)", "evs": {"hp": 85, "atk": 0, "def": 85, "spa": 85, "spd": 85, "spe": 85}, "ivs": {"hp": 31, "atk": 0, "def": 31, "spa": 31, "spd": 31, "spe": 31}, "item": "Life Orb", "teraType": "Ghost", "role": "Fast Attacker", "bvs": {"hp": 100, "atk": 85, "def": 80, "spa": 165, "spd": 100, "spe": 150}, "stats": {"hp": 235, "atk": 113, "def": 140, "spa": 249, "spd": 166, "spe": 230}, "types": ["Psychic", "Ghost"]}, "Ampharos": {"name": "Ampharos", "species": "Ampharos", "speciesId": "ampharos", "gender": "M", "shiny": false, "level": 88, "moves": ["focusblast", "dazzlinggleam", "discharge", "voltswitch"], "ability": "Static", "evs": {"hp": 85, "atk": 0, "def": 85, "spa": 85, "spd": 85, "spe": 85}, "ivs": {"hp": 31, "atk": 0, "def": 31, "spa": 31, "spd": 31, "spe": 31}, "item": "Assault Vest", "teraType": "Fairy", "role": "AV Pivot", "bvs": {"hp": 90, "atk": 75, "def": 85, "spa": 115, "spd": 90, "spe": 55}, "stats": {"hp": 302, "atk": 137, "def": 200, "spa": 253, "spd": 209, "spe": 147}, "types": ["Electric"]}, "Roaring Moon": {"name": "Roaring Moon", "species": "Roaring Moon", "speciesId": "roaringmoon", "gender": "N", "shiny": false, "level": 72, "moves": ["knockoff", "dragondance", "outrage", "ironhead"], "ability": "Protosynthesis", "evs": {"hp": 85, "atk": 85, "def": 85, "spa": 85, "spd": 85, "spe": 85}, "ivs": {"hp": 31, "atk": 31, "def": 31, "spa": 31, "spd": 31, "spe": 31}, "item": "Booster Energy", "teraType": "Steel", "role": "Fast Bulky Setup", "bvs": {"hp": 105, "atk": 139, "def": 71, "spa": 55, "spd": 101, "spe": 119}, "stats": {"hp": 270, "atk": 242, "def": 144, "spa": 121, "spd": 187, "spe": 213}, "types": ["Dragon", "Dark"]}, "Lurantis": {"name": "Lurantis", "species": "Lurantis", "speciesId": "lurantis", "gender": "F", "shiny": false, "level": 87, "moves": ["leafstorm", "knockoff", "leechlife", "superpower"], "ability": "Contrary", "evs": {"hp": 85, "atk": 85, "def": 85, "spa": 85, "spd": 85, "spe": 85}, "ivs": {"hp": 31, "atk": 31, "def": 31, "spa": 31, "spd": 31, "spe": 31}, "item": "Assault Vest", "teraType": "Steel", "role": "AV Pivot", "bvs": {"hp": 70, "atk": 105, "def": 90, "spa": 80, "spd": 90, "spe": 45}, "stats": {"hp": 264, "atk": 232, "def": 206, "spa": 189, "spd": 206, "spe": 128}, "types": ["Grass"]}}]}