{"id": "gen9randombattle-2641962287", "format": "[Gen 9] Random Battle", "players": ["MachChaser16", "Damedase"], "log": "|j|\u2606MachChaser16\n|j|\u2606Damedase\n|t:|1782865410\n|gametype|singles\n|player|p1|MachChaser16|brycen|1413\n|player|p2|Damedase|265|1385\n|gen|9\n|tier|[Gen 9] Random Battle\n|rated|\n|rule|Species Clause: Limit one of each Pok\u00e9mon\n|rule|HP Percentage Mod: HP is shown in percentages\n|rule|Sleep Clause Mod: Limit one foe put to sleep\n|rule|Illusion Level Mod: Illusion disguises the Pok\u00e9mon's true level\n|\n|t:|1782865410\n|teamsize|p1|6\n|teamsize|p2|6\n|start\n|switch|p1a: Arbok|Arbok, L87, M|246/246\n|switch|p2a: Grimmsnarl|Grimmsnarl, L83, M|293/293\n|-ability|p1a: Arbok|Intimidate|boost\n|-unboost|p2a: Grimmsnarl|atk|1\n|turn|1\n|inactive|Battle timer is ON: inactive players will automatically lose when time's up. (requested by MachChaser16)\n|\n|t:|1782865429\n|move|p2a: Grimmsnarl|Taunt|p1a: Arbok\n|-start|p1a: Arbok|move: Taunt\n|move|p1a: Arbok|Gunk Shot|p2a: Grimmsnarl\n|-supereffective|p2a: Grimmsnarl\n|-damage|p2a: Grimmsnarl|0 fnt\n|faint|p2a: Grimmsnarl\n|-damage|p1a: Arbok|222/246|[from] item: Life Orb\n|\n|upkeep\n|\n|t:|1782865458\n|switch|p2a: Forretress|Forretress, L84, M|263/263\n|turn|2\n|\n|t:|1782865461\n|move|p1a: Arbok|Knock Off|p2a: Forretress\n|-damage|p2a: Forretress|197/263\n|-enditem|p2a: Forretress|Leftovers|[from] move: Knock Off|[of] p1a: Arbok\n|-damage|p1a: Arbok|198/246|[from] item: Life Orb\n|move|p2a: Forretress|Stealth Rock|p1a: Arbok\n|-sidestart|p1: MachChaser16|move: Stealth Rock\n|\n|upkeep\n|turn|3\n|\n|t:|1782865484\n|move|p1a: Arbok|Earthquake|p2a: Forretress\n|-damage|p2a: Forretress|132/263\n|-damage|p1a: Arbok|174/246|[from] item: Life Orb\n|move|p2a: Forretress|Iron Head|p1a: Arbok\n|-damage|p1a: Arbok|87/246\n|\n|-end|p1a: Arbok|move: Taunt\n|upkeep\n|turn|4\n|\n|t:|1782865494\n|move|p1a: Arbok|Earthquake|p2a: Forretress\n|-damage|p2a: Forretress|71/263\n|-damage|p1a: Arbok|63/246|[from] item: Life Orb\n|move|p2a: Forretress|Iron Head|p1a: Arbok\n|-damage|p1a: Arbok|0 fnt\n|faint|p1a: Arbok\n|\n|upkeep\n|\n|t:|1782865499\n|switch|p1a: Talonflame|Talonflame, L83, F|265/265\n|turn|5\n|\n|t:|1782865529\n|move|p1a: Talonflame|Swords Dance|p1a: Talonflame\n|-boost|p1a: Talonflame|atk|2\n|move|p2a: Forretress|Spikes|p1a: Talonflame\n|-sidestart|p1: MachChaser16|Spikes\n|\n|upkeep\n|turn|6\n|\n|t:|1782865539\n|move|p1a: Talonflame|Flare Blitz|p2a: Forretress\n|-supereffective|p2a: Forretress\n|-damage|p2a: Forretress|0 fnt\n|faint|p2a: Forretress\n|-damage|p1a: Talonflame|242/265|[from] Recoil\n|\n|upkeep\n|\n|t:|1782865547\n|switch|p2a: Appletun|Appletun, L92, M|352/352\n|turn|7\n|\n|t:|1782865551\n|move|p1a: Talonflame|Brave Bird|p2a: Appletun\n|-supereffective|p2a: Appletun\n|-crit|p2a: Appletun\n|-damage|p2a: Appletun|0 fnt\n|faint|p2a: Appletun\n|-damage|p1a: Talonflame|126/265|[from] Recoil\n|\n|upkeep\n|\n|t:|1782865557\n|switch|p2a: Rhyperior|Rhyperior, L82, M|323/323\n|turn|8\n|\n|t:|1782865575\n|-terastallize|p1a: Talonflame|Ground\n|move|p1a: Talonflame|Tera Blast|p2a: Rhyperior|[anim] Tera Blast Ground\n|-supereffective|p2a: Rhyperior\n|-damage|p2a: Rhyperior|157/323\n|move|p2a: Rhyperior|Stone Edge|p1a: Talonflame\n|-resisted|p1a: Talonflame\n|-damage|p1a: Talonflame|7/265\n|\n|upkeep\n|turn|9\n|\n|t:|1782865597\n|move|p1a: Talonflame|Tera Blast|p2a: Rhyperior|[anim] Tera Blast Ground\n|-supereffective|p2a: Rhyperior\n|-damage|p2a: Rhyperior|0 fnt\n|faint|p2a: Rhyperior\n|\n|upkeep\n|\n|t:|1782865603\n|switch|p2a: Urshifu|Urshifu, L74, F|270/270\n|turn|10\n|\n|t:|1782865609\n|move|p2a: Urshifu|Sucker Punch|p1a: Talonflame\n|-damage|p1a: Talonflame|0 fnt\n|faint|p1a: Talonflame\n|\n|upkeep\n|\n|t:|1782865617\n|switch|p1a: Shaymin|Shaymin-Sky, L73|266/266\n|turn|11\n|\n|t:|1782865622\n|switch|p2a: Chansey|Chansey, L85, F|564/564\n|move|p1a: Shaymin|Air Slash|p2a: Chansey\n|-damage|p2a: Chansey|519/564\n|\n|upkeep\n|turn|12\n|\n|t:|1782865632\n|move|p1a: Shaymin|Seed Flare|p2a: Chansey\n|-damage|p2a: Chansey|447/564\n|-unboost|p2a: Chansey|spd|2\n|move|p2a: Chansey|Thunder Wave|p1a: Shaymin\n|-status|p1a: Shaymin|par\n|\n|upkeep\n|turn|13\n|\n|t:|1782865655\n|switch|p2a: Urshifu|Urshifu, L74, F|270/270\n|switch|p1a: Deoxys|Deoxys-Attack, L72|191/191\n|-damage|p1a: Deoxys|168/191|[from] Stealth Rock\n|-damage|p1a: Deoxys|145/191|[from] Spikes\n|-ability|p1a: Deoxys|Pressure\n|\n|upkeep\n|turn|14\n|\n|t:|1782865665\n|move|p2a: Urshifu|Sucker Punch|p1a: Deoxys\n|-supereffective|p1a: Deoxys\n|-damage|p1a: Deoxys|0 fnt\n|faint|p1a: Deoxys\n|\n|upkeep\n|\n|t:|1782865670\n|switch|p1a: Shaymin|Shaymin-Sky, L73|266/266 par\n|turn|15\n|\n|t:|1782865673\n|switch|p2a: Chansey|Chansey, L85, F|447/564\n|cant|p1a: Shaymin|par\n|\n|upkeep\n|turn|16\n|\n|t:|1782865683\n|move|p2a: Chansey|Seismic Toss|p1a: Shaymin\n|-damage|p1a: Shaymin|181/266 par\n|move|p1a: Shaymin|Air Slash|p2a: Chansey\n|-damage|p2a: Chansey|401/564\n|\n|upkeep\n|turn|17\n|\n|t:|1782865689\n|switch|p1a: Darkrai|Darkrai, L77|234/234\n|-damage|p1a: Darkrai|205/234|[from] Stealth Rock\n|-damage|p1a: Darkrai|176/234|[from] Spikes\n|move|p2a: Chansey|Seismic Toss|p1a: Darkrai\n|-damage|p1a: Darkrai|91/234\n|\n|upkeep\n|turn|18\n|inactive|Damedase has 120 seconds left.\n|\n|t:|1782865721\n|move|p1a: Darkrai|Hypnosis|p2a: Chansey\n|-status|p2a: Chansey|slp|[from] move: Hypnosis\n|cant|p2a: Chansey|slp\n|\n|-damage|p2a: Chansey|331/564 slp|[from] ability: Bad Dreams|[of] p1a: Darkrai\n|upkeep\n|turn|19\n|\n|t:|1782865727\n|-curestatus|p2a: Chansey|slp|[from] ability: Natural Cure|[silent]\n|switch|p2a: Urshifu|Urshifu, L74, F|270/270\n|move|p1a: Darkrai|Nasty Plot|p1a: Darkrai\n|-boost|p1a: Darkrai|spa|2\n|\n|upkeep\n|turn|20\n|\n|t:|1782865735\n|move|p1a: Darkrai|Sludge Bomb|p2a: Urshifu\n|-damage|p2a: Urshifu|0 fnt\n|faint|p2a: Urshifu\n|-damage|p1a: Darkrai|68/234|[from] item: Life Orb\n|\n|upkeep\n|\n|t:|1782865738\n|switch|p2a: Chansey|Chansey, L85, F|331/564\n|turn|21\n|\n|t:|1782865745\n|move|p1a: Darkrai|Hypnosis|p2a: Chansey\n|-status|p2a: Chansey|slp|[from] move: Hypnosis\n|cant|p2a: Chansey|slp\n|\n|-damage|p2a: Chansey|261/564 slp|[from] ability: Bad Dreams|[of] p1a: Darkrai\n|upkeep\n|turn|22\n|\n|t:|1782865751\n|move|p1a: Darkrai|Sludge Bomb|p2a: Chansey\n|-damage|p2a: Chansey|148/564 slp\n|-damage|p1a: Darkrai|45/234|[from] item: Life Orb\n|-curestatus|p2a: Chansey|slp|[msg]\n|move|p2a: Chansey|Seismic Toss|p1a: Darkrai\n|-damage|p1a: Darkrai|0 fnt\n|faint|p1a: Darkrai\n|\n|upkeep\n|\n|t:|1782865758\n|switch|p1a: Venomoth|Venomoth, L84, M|255/255\n|turn|23\n|\n|t:|1782865771\n|move|p1a: Venomoth|Quiver Dance|p1a: Venomoth\n|-boost|p1a: Venomoth|spa|1\n|-boost|p1a: Venomoth|spd|1\n|-boost|p1a: Venomoth|spe|1\n|move|p2a: Chansey|Soft-Boiled|p2a: Chansey\n|-heal|p2a: Chansey|430/564\n|\n|upkeep\n|turn|24\n|\n|t:|1782865776\n|move|p1a: Venomoth|Sludge Wave|p2a: Chansey\n|-damage|p2a: Chansey|343/564\n|move|p2a: Chansey|Thunder Wave|p1a: Venomoth\n|-status|p1a: Venomoth|par\n|\n|upkeep\n|turn|25\n|\n|t:|1782865783\n|cant|p1a: Venomoth|par\n|move|p2a: Chansey|Soft-Boiled|p2a: Chansey\n|-heal|p2a: Chansey|564/564\n|\n|upkeep\n|turn|26\n|\n|t:|1782865786\n|move|p1a: Venomoth|Quiver Dance|p1a: Venomoth\n|-boost|p1a: Venomoth|spa|1\n|-boost|p1a: Venomoth|spd|1\n|-boost|p1a: Venomoth|spe|1\n|move|p2a: Chansey|Seismic Toss|p1a: Venomoth\n|-damage|p1a: Venomoth|170/255 par\n|\n|upkeep\n|turn|27\n|\n|t:|1782865799\n|move|p1a: Venomoth|Sleep Powder|p2a: Chansey\n|-status|p2a: Chansey|slp|[from] move: Sleep Powder\n|cant|p2a: Chansey|slp\n|\n|upkeep\n|turn|28\n|\n|t:|1782865803\n|move|p1a: Venomoth|Quiver Dance|p1a: Venomoth\n|-boost|p1a: Venomoth|spa|1\n|-boost|p1a: Venomoth|spd|1\n|-boost|p1a: Venomoth|spe|1\n|cant|p2a: Chansey|slp\n|\n|upkeep\n|turn|29\n|\n|t:|1782865807\n|move|p1a: Venomoth|Sludge Wave|p2a: Chansey\n|-damage|p2a: Chansey|428/564 slp\n|cant|p2a: Chansey|slp\n|\n|upkeep\n|turn|30\n|\n|t:|1782865811\n|move|p1a: Venomoth|Sludge Wave|p2a: Chansey\n|-damage|p2a: Chansey|281/564 slp\n|-curestatus|p2a: Chansey|slp|[msg]\n|move|p2a: Chansey|Seismic Toss|p1a: Venomoth\n|-damage|p1a: Venomoth|85/255 par\n|\n|upkeep\n|turn|31\n|\n|t:|1782865819\n|move|p1a: Venomoth|Sludge Wave|p2a: Chansey\n|-damage|p2a: Chansey|140/564\n|move|p2a: Chansey|Soft-Boiled|p2a: Chansey\n|-heal|p2a: Chansey|422/564\n|\n|upkeep\n|turn|32\n|\n|t:|1782865829\n|move|p1a: Venomoth|Sleep Powder|p2a: Chansey\n|-status|p2a: Chansey|slp|[from] move: Sleep Powder\n|cant|p2a: Chansey|slp\n|\n|upkeep\n|turn|33\n|\n|t:|1782865835\n|move|p1a: Venomoth|Sludge Wave|p2a: Chansey\n|-damage|p2a: Chansey|293/564 slp\n|cant|p2a: Chansey|slp\n|\n|upkeep\n|turn|34\n|\n|t:|1782865840\n|move|p1a: Venomoth|Sludge Wave|p2a: Chansey\n|-damage|p2a: Chansey|158/564 slp\n|-curestatus|p2a: Chansey|slp|[msg]\n|move|p2a: Chansey|Seismic Toss|p1a: Venomoth\n|-damage|p1a: Venomoth|0 fnt\n|faint|p1a: Venomoth\n|\n|upkeep\n|\n|t:|1782865845\n|switch|p1a: Shaymin|Shaymin-Sky, L73|181/266 par\n|turn|35\n|\n|t:|1782865851\n|move|p2a: Chansey|Soft-Boiled|p2a: Chansey\n|-heal|p2a: Chansey|440/564\n|move|p1a: Shaymin|Seed Flare|p2a: Chansey|[miss]\n|-miss|p1a: Shaymin|p2a: Chansey\n|\n|upkeep\n|turn|36\n|\n|t:|1782865856\n|move|p2a: Chansey|Seismic Toss|p1a: Shaymin\n|-damage|p1a: Shaymin|96/266 par\n|move|p1a: Shaymin|Seed Flare|p2a: Chansey\n|-damage|p2a: Chansey|379/564\n|-unboost|p2a: Chansey|spd|2\n|\n|upkeep\n|turn|37\n|\n|t:|1782865866\n|move|p2a: Chansey|Seismic Toss|p1a: Shaymin\n|-damage|p1a: Shaymin|11/266 par\n|move|p1a: Shaymin|Synthesis|p1a: Shaymin\n|-heal|p1a: Shaymin|144/266 par\n|\n|upkeep\n|turn|38\n|\n|t:|1782865873\n|move|p2a: Chansey|Seismic Toss|p1a: Shaymin\n|-damage|p1a: Shaymin|59/266 par\n|move|p1a: Shaymin|Seed Flare|p2a: Chansey\n|-damage|p2a: Chansey|249/564\n|-unboost|p2a: Chansey|spd|2\n|\n|upkeep\n|turn|39\n|\n|t:|1782865878\n|move|p2a: Chansey|Seismic Toss|p1a: Shaymin\n|-damage|p1a: Shaymin|0 fnt\n|faint|p1a: Shaymin\n|\n|win|Damedase\n|raw|MachChaser16's rating: 1413 &rarr; <strong>1391</strong><br />(-22 for losing)\n|raw|Damedase's rating: 1385 &rarr; <strong>1407</strong><br />(+22 for winning)\n|l|\u2606MachChaser16\n|player|p1|\n", "inputlog": ">version f8ac14003a5f27e1bdc8d8c59608a773c1cb96e5\n>start {\"formatid\":\"gen9randombattle\",\"seed\":\"sodium,5648dbef83240b4603bc48cf3316c23c\",\"rated\":\"Rated battle\"}\n>player p1 {\"name\":\"MachChaser16\",\"avatar\":\"brycen\",\"rating\":1413,\"seed\":\"sodium,29e6bd372ae327208e7c5c7fbb329d0b\"}\n>player p2 {\"name\":\"Damedase\",\"avatar\":\"265\",\"rating\":1385,\"seed\":\"sodium,07a38209d00ae8dd5c7422e86bf971b9\"}\n>p1 move gunkshot\n>p2 move taunt\n>p2 switch 2\n>p1 move knockoff\n>p2 move stealthrock\n>p1 move earthquake\n>p2 move ironhead\n>p1 move earthquake\n>p2 move ironhead\n>p1 switch 2\n>p1 move swordsdance\n>p2 move spikes\n>p1 move flareblitz\n>p2 move spikes\n>p2 switch 5\n>p1 move bravebird\n>p2 move dragontail\n>p2 switch 3\n>p1 move terablast terastallize\n>p2 move stoneedge\n>p1 move terablast\n>p2 move stoneedge\n>p2 switch 4\n>p1 move bravebird\n>p2 move suckerpunch\n>p1 switch 4\n>p1 move airslash\n>p2 switch 6\n>p1 move seedflare\n>p2 move thunderwave\n>p1 switch 5\n>p2 switch 6\n>p1 move superpower\n>p2 move suckerpunch\n>p1 switch 5\n>p1 move airslash\n>p2 switch 6\n>p1 move airslash\n>p2 move seismictoss\n>p1 switch 6\n>p2 move seismictoss\n>p1 move hypnosis\n>p2 move softboiled\n>p1 move nastyplot\n>p2 switch 6\n>p1 move sludgebomb\n>p2 move closecombat\n>p2 switch 6\n>p1 move hypnosis\n>p2 move seismictoss\n>p1 move sludgebomb\n>p2 move seismictoss\n>p1 switch 3\n>p1 move quiverdance\n>p2 move softboiled\n>p1 move sludgewave\n>p2 move thunderwave\n>p1 move quiverdance\n>p2 move softboiled\n>p1 move quiverdance\n>p2 move seismictoss\n>p1 move sleeppowder\n>p2 move seismictoss\n>p1 move quiverdance\n>p2 move seismictoss\n>p1 move sludgewave\n>p2 move seismictoss\n>p1 move sludgewave\n>p2 move seismictoss\n>p1 move sludgewave\n>p2 move softboiled\n>p1 move sleeppowder\n>p2 move seismictoss\n>p1 move sludgewave\n>p2 move seismictoss\n>p1 move sludgewave\n>p2 move seismictoss\n>p1 switch 6\n>p1 move seedflare\n>p2 move softboiled\n>p1 move seedflare\n>p2 move seismictoss\n>p1 move synthesis\n>p2 move seismictoss\n>p1 move seedflare\n>p2 move seismictoss\n>p1 move synthesis\n>p2 move seismictoss", "uploadtime": 1782865882, "views": 21, "formatid": "gen9randombattle", "rating": 1391, "private": 0, "password": null, "player_dets": [{"name": "MachChaser16", "avatar": "brycen", "rating": 1413, "seed": "sodium,29e6bd372ae327208e7c5c7fbb329d0b"}, {"name": "Damedase", "avatar": "265", "rating": 1385, "seed": "sodium,07a38209d00ae8dd5c7422e86bf971b9"}], "teams_full": [{"Arbok": {"name": "Arbok", "species": "Arbok", "speciesId": "arbok", "gender": "M", "shiny": false, "level": 87, "moves": ["earthquake", "gunkshot", "knockoff", "glare"], "ability": "Intimidate", "evs": {"hp": 85, "atk": 85, "def": 85, "spa": 85, "spd": 85, "spe": 85}, "ivs": {"hp": 31, "atk": 31, "def": 31, "spa": 31, "spd": 31, "spe": 31}, "item": "Life Orb", "teraType": "Ground", "role": "Fast Support", "bvs": {"hp": 60, "atk": 95, "def": 69, "spa": 65, "spd": 79, "spe": 80}, "stats": {"hp": 246, "atk": 215, "def": 170, "spa": 163, "spd": 187, "spe": 189}, "types": ["Poison"]}, "Talonflame": {"name": "Talonflame", "species": "Talonflame", "speciesId": "talonflame", "gender": "F", "shiny": false, "level": 83, "moves": ["terablast", "flareblitz", "swordsdance", "bravebird"], "ability": "Flame Body", "evs": {"hp": 85, "atk": 85, "def": 85, "spa": 85, "spd": 85, "spe": 85}, "ivs": {"hp": 31, "atk": 31, "def": 31, "spa": 31, "spd": 31, "spe": 31}, "item": "Heavy-Duty Boots", "teraType": "Ground", "role": "Tera Blast user", "bvs": {"hp": 78, "atk": 81, "def": 71, "spa": 74, "spd": 69, "spe": 126}, "stats": {"hp": 265, "atk": 182, "def": 166, "spa": 171, "spd": 162, "spe": 257}, "types": ["Fire", "Flying"]}, "Venomoth": {"name": "Venomoth", "species": "Venomoth", "speciesId": "venomoth", "gender": "M", "shiny": false, "level": 84, "moves": ["quiverdance", "sleeppowder", "sludgewave", "bugbuzz"], "ability": "Tinted Lens", "evs": {"hp": 85, "atk": 0, "def": 85, "spa": 85, "spd": 85, "spe": 85}, "ivs": {"hp": 31, "atk": 0, "def": 31, "spa": 31, "spd": 31, "spe": 31}, "item": "Heavy-Duty Boots", "teraType": "Water", "role": "Setup Sweeper", "bvs": {"hp": 70, "atk": 65, "def": 60, "spa": 90, "spd": 75, "spe": 90}, "stats": {"hp": 255, "atk": 114, "def": 149, "spa": 199, "spd": 174, "spe": 199}, "types": ["Bug", "Poison"]}, "Shaymin": {"name": "Shaymin", "species": "Shaymin-Sky", "speciesId": "shayminsky", "gender": "N", "shiny": false, "level": 73, "moves": ["synthesis", "airslash", "seedflare", "earthpower"], "ability": "Serene Grace", "evs": {"hp": 85, "atk": 0, "def": 85, "spa": 85, "spd": 85, "spe": 85}, "ivs": {"hp": 31, "atk": 0, "def": 31, "spa": 31, "spd": 31, "spe": 31}, "item": "Heavy-Duty Boots", "teraType": "Steel", "role": "Bulky Attacker", "bvs": {"hp": 100, "atk": 103, "def": 75, "spa": 120, "spd": 75, "spe": 127}, "stats": {"hp": 266, "atk": 155, "def": 152, "spa": 218, "spd": 152, "spe": 228}, "types": ["Grass", "Flying"]}, "Deoxys": {"name": "Deoxys", "species": "Deoxys-Attack", "speciesId": "deoxysattack", "gender": "N", "shiny": false, "level": 72, "moves": ["superpower", "psychoboost", "knockoff", "extremespeed"], "ability": "Pressure", "evs": {"hp": 85, "atk": 85, "def": 85, "spa": 85, "spd": 85, "spe": 85}, "ivs": {"hp": 31, "atk": 31, "def": 31, "spa": 31, "spd": 31, "spe": 31}, "item": "Life Orb", "teraType": "Fighting", "role": "Fast Attacker", "bvs": {"hp": 50, "atk": 180, "def": 20, "spa": 180, "spd": 20, "spe": 150}, "stats": {"hp": 191, "atk": 301, "def": 71, "spa": 301, "spd": 71, "spe": 258}, "types": ["Psychic"]}, "Darkrai": {"name": "Darkrai", "species": "Darkrai", "speciesId": "darkrai", "gender": "N", "shiny": false, "level": 77, "moves": ["sludgebomb", "nastyplot", "hypnosis", "darkpulse"], "ability": "Bad Dreams", "evs": {"hp": 85, "atk": 0, "def": 85, "spa": 85, "spd": 85, "spe": 85}, "ivs": {"hp": 31, "atk": 0, "def": 31, "spa": 31, "spd": 31, "spe": 31}, "item": "Life Orb", "teraType": "Poison", "role": "Setup Sweeper", "bvs": {"hp": 70, "atk": 90, "def": 90, "spa": 135, "spd": 90, "spe": 125}, "stats": {"hp": 234, "atk": 143, "def": 183, "spa": 252, "spd": 183, "spe": 237}, "types": ["Dark"]}}, {"Grimmsnarl": {"name": "Grimmsnarl", "species": "Grimmsnarl", "speciesId": "grimmsnarl", "gender": "M", "shiny": false, "level": 83, "moves": ["suckerpunch", "spiritbreak", "thunderwave", "taunt"], "ability": "Prankster", "evs": {"hp": 85, "atk": 85, "def": 85, "spa": 85, "spd": 85, "spe": 85}, "ivs": {"hp": 31, "atk": 31, "def": 31, "spa": 31, "spd": 31, "spe": 31}, "item": "Leftovers", "teraType": "Steel", "role": "Bulky Attacker", "bvs": {"hp": 95, "atk": 120, "def": 65, "spa": 95, "spd": 75, "spe": 60}, "stats": {"hp": 293, "atk": 247, "def": 156, "spa": 205, "spd": 172, "spe": 147}, "types": ["Dark", "Fairy"]}, "Forretress": {"name": "Forretress", "species": "Forretress", "speciesId": "forretress", "gender": "M", "shiny": false, "level": 84, "moves": ["spikes", "stealthrock", "ironhead", "bodypress"], "ability": "Sturdy", "evs": {"hp": 85, "atk": 85, "def": 85, "spa": 85, "spd": 85, "spe": 85}, "ivs": {"hp": 31, "atk": 31, "def": 31, "spa": 31, "spd": 31, "spe": 31}, "item": "Leftovers", "teraType": "Water", "role": "Bulky Attacker", "bvs": {"hp": 75, "atk": 90, "def": 140, "spa": 60, "spd": 60, "spe": 40}, "stats": {"hp": 263, "atk": 199, "def": 283, "spa": 149, "spd": 149, "spe": 115}, "types": ["Bug", "Steel"]}, "Rhyperior": {"name": "Rhyperior", "species": "Rhyperior", "speciesId": "rhyperior", "gender": "M", "shiny": false, "level": 82, "moves": ["megahorn", "icepunch", "earthquake", "stoneedge"], "ability": "Solid Rock", "evs": {"hp": 85, "atk": 85, "def": 85, "spa": 85, "spd": 85, "spe": 85}, "ivs": {"hp": 31, "atk": 31, "def": 31, "spa": 31, "spd": 31, "spe": 31}, "item": "Choice Band", "teraType": "Bug", "role": "Bulky Attacker", "bvs": {"hp": 115, "atk": 140, "def": 130, "spa": 55, "spd": 55, "spe": 40}, "stats": {"hp": 323, "atk": 277, "def": 260, "spa": 137, "spd": 137, "spe": 113}, "types": ["Ground", "Rock"]}, "Urshifu": {"name": "Urshifu", "species": "Urshifu", "speciesId": "urshifu", "gender": "F", "shiny": false, "level": 74, "moves": ["poisonjab", "suckerpunch", "wickedblow", "closecombat"], "ability": "Unseen Fist", "evs": {"hp": 85, "atk": 85, "def": 85, "spa": 85, "spd": 85, "spe": 85}, "ivs": {"hp": 31, "atk": 31, "def": 31, "spa": 31, "spd": 31, "spe": 31}, "item": "Choice Band", "teraType": "Fighting", "role": "Fast Attacker", "bvs": {"hp": 100, "atk": 130, "def": 100, "spa": 63, "spd": 60, "spe": 97}, "stats": {"hp": 270, "atk": 235, "def": 191, "spa": 136, "spd": 132, "spe": 187}, "types": ["Fighting", "Dark"]}, "Appletun": {"name": "Appletun", "species": "Appletun", "speciesId": "appletun", "gender": "M", "shiny": false, "level": 92, "moves": ["appleacid", "dracometeor", "recover", "dragontail"], "ability": "Thick Fat", "evs": {"hp": 85, "atk": 85, "def": 85, "spa": 85, "spd": 85, "spe": 85}, "ivs": {"hp": 31, "atk": 31, "def": 31, "spa": 31, "spd": 31, "spe": 31}, "item": "Leftovers", "teraType": "Steel", "role": "Bulky Attacker", "bvs": {"hp": 110, "atk": 85, "def": 80, "spa": 100, "spd": 80, "spe": 30}, "stats": {"hp": 352, "atk": 209, "def": 200, "spa": 236, "spd": 200, "spe": 108}, "types": ["Grass", "Dragon"]}, "Chansey": {"name": "Chansey", "species": "Chansey", "speciesId": "chansey", "gender": "F", "shiny": false, "level": 85, "moves": ["healbell", "seismictoss", "softboiled", "thunderwave"], "ability": "Natural Cure", "evs": {"hp": 85, "atk": 0, "def": 85, "spa": 85, "spd": 85, "spe": 85}, "ivs": {"hp": 31, "atk": 0, "def": 31, "spa": 31, "spd": 31, "spe": 31}, "item": "Eviolite", "teraType": "Dark", "role": "Bulky Support", "bvs": {"hp": 250, "atk": 5, "def": 5, "spa": 35, "spd": 105, "spe": 50}, "stats": {"hp": 564, "atk": 13, "def": 57, "spa": 108, "spd": 227, "spe": 134}, "types": ["Normal"]}}]}