{"id": "gen9randombattle-2642015698", "format": "[Gen 9] Random Battle", "players": ["nickolassbomfim", "forcemajor14"], "log": "|j|\u2606nickolassbomfim\n|j|\u2606forcemajor14\n|t:|1782873654\n|gametype|singles\n|player|p1|nickolassbomfim|red-masters|2026\n|player|p2|forcemajor14|169|2059\n|gen|9\n|tier|[Gen 9] Random Battle\n|rated|\n|rule|Species Clause: Limit one of each Pok\u00e9mon\n|rule|HP Percentage Mod: HP is shown in percentages\n|rule|Sleep Clause Mod: Limit one foe put to sleep\n|rule|Illusion Level Mod: Illusion disguises the Pok\u00e9mon's true level\n|\n|t:|1782873654\n|teamsize|p1|6\n|teamsize|p2|6\n|start\n|switch|p1a: Cobalion|Cobalion, L80|277/277\n|switch|p2a: Hypno|Hypno, L95, M|315/315\n|turn|1\n|inactive|Battle timer is ON: inactive players will automatically lose when time's up. (requested by forcemajor14)\n|\n|t:|1782873660\n|move|p1a: Cobalion|Taunt|p2a: Hypno\n|-start|p2a: Hypno|move: Taunt\n|move|p2a: Hypno|Focus Blast|p1a: Cobalion\n|-supereffective|p1a: Cobalion\n|-damage|p1a: Cobalion|69/277\n|\n|-heal|p1a: Cobalion|86/277|[from] item: Leftovers\n|upkeep\n|turn|2\n|\n|t:|1782873664\n|move|p1a: Cobalion|Iron Head|p2a: Hypno\n|-damage|p2a: Hypno|240/315\n|move|p2a: Hypno|Focus Blast|p1a: Cobalion\n|-supereffective|p1a: Cobalion\n|-damage|p1a: Cobalion|0 fnt\n|faint|p1a: Cobalion\n|\n|-heal|p2a: Hypno|259/315|[from] item: Leftovers\n|upkeep\n|\n|t:|1782873669\n|switch|p1a: Clefable|Clefable, L83, F|293/293\n|turn|3\n|\n|t:|1782873674\n|move|p2a: Hypno|Psychic Noise|p1a: Clefable\n|-damage|p1a: Clefable|203/293\n|-start|p1a: Clefable|move: Heal Block\n|move|p1a: Clefable|Thunder Wave|p2a: Hypno|[miss]\n|-miss|p1a: Clefable|p2a: Hypno\n|\n|-heal|p2a: Hypno|278/315|[from] item: Leftovers\n|-end|p2a: Hypno|move: Taunt\n|upkeep\n|turn|4\n|\n|t:|1782873679\n|move|p2a: Hypno|Toxic|p1a: Clefable\n|-status|p1a: Clefable|tox\n|move|p1a: Clefable|Thunder Wave|p2a: Hypno\n|-status|p2a: Hypno|par\n|\n|-heal|p2a: Hypno|297/315 par|[from] item: Leftovers\n|-damage|p1a: Clefable|185/293 tox|[from] psn\n|-end|p1a: Clefable|move: Heal Block\n|upkeep\n|turn|5\n|\n|t:|1782873682\n|move|p1a: Clefable|Knock Off|p2a: Hypno\n|-supereffective|p2a: Hypno\n|-damage|p2a: Hypno|189/315 par\n|-enditem|p2a: Hypno|Leftovers|[from] move: Knock Off|[of] p1a: Clefable\n|move|p2a: Hypno|Psychic Noise|p1a: Clefable\n|-damage|p1a: Clefable|98/293 tox\n|-start|p1a: Clefable|move: Heal Block\n|\n|-damage|p1a: Clefable|62/293 tox|[from] psn\n|upkeep\n|turn|6\n|\n|t:|1782873685\n|cant|p2a: Hypno|par\n|move|p1a: Clefable|Moonblast|p2a: Hypno\n|-damage|p2a: Hypno|122/315 par\n|\n|-damage|p1a: Clefable|8/293 tox|[from] psn\n|-end|p1a: Clefable|move: Heal Block\n|upkeep\n|turn|7\n|\n|t:|1782873687\n|move|p2a: Hypno|Protect|p2a: Hypno\n|-singleturn|p2a: Hypno|Protect\n|move|p1a: Clefable|Moonlight|p1a: Clefable\n|-heal|p1a: Clefable|154/293 tox\n|\n|-heal|p1a: Clefable|172/293 tox|[from] item: Leftovers\n|-damage|p1a: Clefable|100/293 tox|[from] psn\n|upkeep\n|turn|8\n|\n|t:|1782873690\n|move|p1a: Clefable|Moonblast|p2a: Hypno\n|-crit|p2a: Hypno\n|-damage|p2a: Hypno|22/315 par\n|move|p2a: Hypno|Psychic Noise|p1a: Clefable\n|-damage|p1a: Clefable|22/293 tox\n|-start|p1a: Clefable|move: Heal Block\n|\n|-damage|p1a: Clefable|0 fnt|[from] psn\n|faint|p1a: Clefable\n|upkeep\n|\n|t:|1782873695\n|switch|p1a: Flygon|Flygon, L82, F|265/265\n|turn|9\n|\n|t:|1782873697\n|move|p1a: Flygon|Earthquake|p2a: Hypno\n|-damage|p2a: Hypno|0 fnt\n|faint|p2a: Hypno\n|\n|upkeep\n|\n|t:|1782873700\n|switch|p2a: Flapple|Flapple, L88, F|266/266\n|turn|10\n|\n|t:|1782873705\n|switch|p1a: Carbink|Carbink, L90|236/236\n|-terastallize|p2a: Flapple|Fire\n|move|p2a: Flapple|Dragon Dance|p2a: Flapple\n|-boost|p2a: Flapple|atk|1\n|-boost|p2a: Flapple|spe|1\n|\n|upkeep\n|turn|11\n|\n|t:|1782873712\n|move|p2a: Flapple|Grav Apple|p1a: Carbink|[miss]\n|-miss|p2a: Flapple|p1a: Carbink\n|move|p1a: Carbink|Rock Polish|p1a: Carbink\n|-boost|p1a: Carbink|spe|2\n|\n|upkeep\n|turn|12\n|\n|t:|1782873715\n|move|p1a: Carbink|Iron Defense|p1a: Carbink\n|-boost|p1a: Carbink|def|2\n|move|p2a: Flapple|Grav Apple|p1a: Carbink|[miss]\n|-miss|p2a: Flapple|p1a: Carbink\n|\n|upkeep\n|turn|13\n|\n|t:|1782873721\n|move|p1a: Carbink|Iron Defense|p1a: Carbink\n|-boost|p1a: Carbink|def|2\n|move|p2a: Flapple|Grav Apple|p1a: Carbink\n|-supereffective|p1a: Carbink\n|-damage|p1a: Carbink|144/236\n|-unboost|p1a: Carbink|def|1\n|\n|-heal|p1a: Carbink|158/236|[from] item: Leftovers\n|upkeep\n|turn|14\n|\n|t:|1782873729\n|-terastallize|p1a: Carbink|Fighting\n|move|p1a: Carbink|Body Press|p2a: Flapple\n|-damage|p2a: Flapple|0 fnt\n|faint|p2a: Flapple\n|\n|-heal|p1a: Carbink|172/236|[from] item: Leftovers\n|upkeep\n|\n|t:|1782873731\n|switch|p2a: Granbull|Granbull, L88, M|302/302\n|-ability|p2a: Granbull|Intimidate|boost\n|-unboost|p1a: Carbink|atk|1\n|turn|15\n|\n|t:|1782873735\n|move|p1a: Carbink|Body Press|p2a: Granbull\n|-resisted|p2a: Granbull\n|-damage|p2a: Granbull|101/302\n|move|p2a: Granbull|Thunder Wave|p1a: Carbink|[miss]\n|-miss|p2a: Granbull|p1a: Carbink\n|\n|-heal|p1a: Carbink|186/236|[from] item: Leftovers\n|-heal|p2a: Granbull|119/302|[from] item: Leftovers\n|upkeep\n|turn|16\n|\n|t:|1782873738\n|move|p1a: Carbink|Body Press|p2a: Granbull\n|-resisted|p2a: Granbull\n|-damage|p2a: Granbull|0 fnt\n|faint|p2a: Granbull\n|\n|-heal|p1a: Carbink|200/236|[from] item: Leftovers\n|upkeep\n|\n|t:|1782873740\n|switch|p2a: Regidrago|Regidrago, L77|435/435\n|turn|17\n|\n|t:|1782873745\n|move|p1a: Carbink|Body Press|p2a: Regidrago\n|-damage|p2a: Regidrago|0 fnt\n|faint|p2a: Regidrago\n|\n|-heal|p1a: Carbink|214/236|[from] item: Leftovers\n|upkeep\n|\n|t:|1782873747\n|switch|p2a: Crabominable|Crabominable, L90, F|321/321\n|turn|18\n|\n|t:|1782873749\n|move|p1a: Carbink|Body Press|p2a: Crabominable\n|-supereffective|p2a: Crabominable\n|-damage|p2a: Crabominable|0 fnt\n|faint|p2a: Crabominable\n|\n|-heal|p1a: Carbink|228/236|[from] item: Leftovers\n|upkeep\n|\n|t:|1782873751\n|switch|p2a: Cryogonal|Cryogonal, L89|287/287\n|turn|19\n|\n|t:|1782873757\n|move|p1a: Carbink|Body Press|p2a: Cryogonal\n|-supereffective|p2a: Cryogonal\n|-damage|p2a: Cryogonal|0 fnt\n|faint|p2a: Cryogonal\n|\n|win|nickolassbomfim\n|raw|nickolassbomfim's rating: 2026 &rarr; <strong>2044</strong><br />(+18 for winning)\n|raw|forcemajor14's rating: 1991 &rarr; <strong>1973</strong><br />(-18 for losing)\n", "inputlog": ">version f8ac14003a5f27e1bdc8d8c59608a773c1cb96e5\n>start {\"formatid\":\"gen9randombattle\",\"seed\":\"sodium,f6bad3c1e2070fe83de935433b39d825\",\"rated\":\"Rated battle\"}\n>player p1 {\"name\":\"nickolassbomfim\",\"avatar\":\"red-masters\",\"rating\":2026,\"seed\":\"sodium,488bc4e31451bce3bceb160dc5d89515\"}\n>player p2 {\"name\":\"forcemajor14\",\"avatar\":\"169\",\"rating\":2059,\"seed\":\"sodium,2ae6aa04e02c1eb641259674e0fe3a42\"}\n>p1 move taunt\n>p2 move focusblast\n>p1 move ironhead\n>p2 move focusblast\n>p1 switch 6\n>p1 move thunderwave\n>p2 move psychicnoise\n>p1 move thunderwave\n>p2 move toxic\n>p1 move knockoff\n>p2 move psychicnoise\n>p1 move moonblast\n>p2 move protect\n>p1 move moonlight\n>p2 move protect\n>p1 move moonblast\n>p2 move psychicnoise\n>p1 switch 5\n>p1 move earthquake\n>p2 move toxic\n>p2 switch 4\n>p1 switch 4\n>p2 move dragondance terastallize\n>p1 move rockpolish\n>p2 move gravapple\n>p1 move irondefense\n>p2 move gravapple\n>p1 move irondefense\n>p2 move gravapple\n>p1 move bodypress terastallize\n>p2 move gravapple\n>p2 switch 6\n>p1 move bodypress\n>p2 move thunderwave\n>p1 move bodypress\n>p2 move roar\n>p2 switch 2\n>p1 move bodypress\n>p2 move dracometeor\n>p2 switch 3\n>p1 move bodypress\n>p2 move drainpunch\n>p2 switch 5\n>p1 move bodypress\n>p2 move freezedry", "uploadtime": 1782873757, "views": 8, "formatid": "gen9randombattle", "rating": 1973, "private": 0, "password": null, "player_dets": [{"name": "nickolassbomfim", "avatar": "red-masters", "rating": 2026, "seed": "sodium,488bc4e31451bce3bceb160dc5d89515"}, {"name": "forcemajor14", "avatar": "169", "rating": 2059, "seed": "sodium,2ae6aa04e02c1eb641259674e0fe3a42"}], "teams_full": [{"Cobalion": {"name": "Cobalion", "species": "Cobalion", "speciesId": "cobalion", "gender": "N", "shiny": false, "level": 80, "moves": ["closecombat", "ironhead", "swordsdance", "taunt"], "ability": "Justified", "evs": {"hp": 85, "atk": 85, "def": 85, "spa": 85, "spd": 85, "spe": 85}, "ivs": {"hp": 31, "atk": 31, "def": 31, "spa": 31, "spd": 31, "spe": 31}, "item": "Leftovers", "teraType": "Fighting", "role": "Fast Bulky Setup", "bvs": {"hp": 91, "atk": 90, "def": 129, "spa": 90, "spd": 72, "spe": 108}, "stats": {"hp": 277, "atk": 190, "def": 253, "spa": 190, "spd": 161, "spe": 219}, "types": ["Steel", "Fighting"]}, "Kyogre": {"name": "Kyogre", "species": "Kyogre", "speciesId": "kyogre", "gender": "N", "shiny": false, "level": 71, "moves": ["icebeam", "calmmind", "originpulse", "thunder"], "ability": "Drizzle", "evs": {"hp": 85, "atk": 0, "def": 85, "spa": 85, "spd": 85, "spe": 85}, "ivs": {"hp": 31, "atk": 0, "def": 31, "spa": 31, "spd": 31, "spe": 31}, "item": "Leftovers", "teraType": "Electric", "role": "Bulky Setup", "bvs": {"hp": 100, "atk": 100, "def": 90, "spa": 150, "spd": 140, "spe": 90}, "stats": {"hp": 259, "atk": 147, "def": 169, "spa": 254, "spd": 240, "spe": 169}, "types": ["Water"]}, "Lumineon": {"name": "Lumineon", "species": "Lumineon", "speciesId": "lumineon", "gender": "M", "shiny": false, "level": 93, "moves": ["hydropump", "alluringvoice", "encore", "icebeam"], "ability": "Storm Drain", "evs": {"hp": 85, "atk": 0, "def": 85, "spa": 85, "spd": 85, "spe": 85}, "ivs": {"hp": 31, "atk": 0, "def": 31, "spa": 31, "spd": 31, "spe": 31}, "item": "Life Orb", "teraType": "Water", "role": "Fast Attacker", "bvs": {"hp": 69, "atk": 69, "def": 76, "spa": 69, "spd": 86, "spe": 91}, "stats": {"hp": 279, "atk": 133, "def": 194, "spa": 181, "spd": 213, "spe": 222}, "types": ["Water"]}, "Carbink": {"name": "Carbink", "species": "Carbink", "speciesId": "carbink", "gender": "N", "shiny": false, "level": 90, "moves": ["moonblast", "rockpolish", "bodypress", "irondefense"], "ability": "Sturdy", "evs": {"hp": 85, "atk": 0, "def": 85, "spa": 85, "spd": 85, "spe": 85}, "ivs": {"hp": 31, "atk": 0, "def": 31, "spa": 31, "spd": 31, "spe": 31}, "item": "Leftovers", "teraType": "Fighting", "role": "Fast Bulky Setup", "bvs": {"hp": 50, "atk": 50, "def": 150, "spa": 50, "spd": 150, "spe": 50}, "stats": {"hp": 236, "atk": 95, "def": 321, "spa": 141, "spd": 321, "spe": 141}, "types": ["Rock", "Fairy"]}, "Flygon": {"name": "Flygon", "species": "Flygon", "speciesId": "flygon", "gender": "F", "shiny": false, "level": 82, "moves": ["outrage", "stoneedge", "earthquake", "uturn"], "ability": "Levitate", "evs": {"hp": 85, "atk": 85, "def": 85, "spa": 85, "spd": 85, "spe": 85}, "ivs": {"hp": 31, "atk": 31, "def": 31, "spa": 31, "spd": 31, "spe": 31}, "item": "Choice Band", "teraType": "Ground", "role": "Fast Attacker", "bvs": {"hp": 80, "atk": 100, "def": 80, "spa": 80, "spd": 80, "spe": 100}, "stats": {"hp": 265, "atk": 211, "def": 178, "spa": 178, "spd": 178, "spe": 211}, "types": ["Ground", "Dragon"]}, "Clefable": {"name": "Clefable", "species": "Clefable", "speciesId": "clefable", "gender": "F", "shiny": false, "level": 83, "moves": ["thunderwave", "knockoff", "moonblast", "moonlight"], "ability": "Unaware", "evs": {"hp": 85, "atk": 85, "def": 85, "spa": 85, "spd": 85, "spe": 85}, "ivs": {"hp": 31, "atk": 31, "def": 31, "spa": 31, "spd": 31, "spe": 31}, "item": "Leftovers", "teraType": "Poison", "role": "Bulky Support", "bvs": {"hp": 95, "atk": 70, "def": 73, "spa": 95, "spd": 90, "spe": 60}, "stats": {"hp": 293, "atk": 164, "def": 169, "spa": 205, "spd": 197, "spe": 147}, "types": ["Fairy"]}}, {"Hypno": {"name": "Hypno", "species": "Hypno", "speciesId": "hypno", "gender": "M", "shiny": false, "level": 95, "moves": ["psychicnoise", "focusblast", "toxic", "protect"], "ability": "Insomnia", "evs": {"hp": 85, "atk": 0, "def": 85, "spa": 85, "spd": 85, "spe": 85}, "ivs": {"hp": 31, "atk": 0, "def": 31, "spa": 31, "spd": 31, "spe": 31}, "item": "Leftovers", "teraType": "Fighting", "role": "Bulky Attacker", "bvs": {"hp": 85, "atk": 73, "def": 70, "spa": 73, "spd": 115, "spe": 67}, "stats": {"hp": 315, "atk": 143, "def": 187, "spa": 193, "spd": 272, "spe": 181}, "types": ["Psychic"]}, "Regidrago": {"name": "Regidrago", "species": "Regidrago", "speciesId": "regidrago", "gender": "N", "shiny": false, "level": 77, "moves": ["earthquake", "outrage", "dragondance", "dracometeor"], "ability": "Dragon's Maw", "evs": {"hp": 85, "atk": 85, "def": 85, "spa": 85, "spd": 85, "spe": 85}, "ivs": {"hp": 31, "atk": 31, "def": 31, "spa": 31, "spd": 31, "spe": 31}, "item": "Lum Berry", "teraType": "Dragon", "role": "Setup Sweeper", "bvs": {"hp": 200, "atk": 100, "def": 50, "spa": 100, "spd": 50, "spe": 80}, "stats": {"hp": 435, "atk": 199, "def": 122, "spa": 199, "spd": 122, "spe": 168}, "types": ["Dragon"]}, "Crabominable": {"name": "Crabominable", "species": "Crabominable", "speciesId": "crabominable", "gender": "F", "shiny": false, "level": 90, "moves": ["icehammer", "knockoff", "earthquake", "drainpunch"], "ability": "Iron Fist", "evs": {"hp": 85, "atk": 85, "def": 85, "spa": 85, "spd": 85, "spe": 85}, "ivs": {"hp": 31, "atk": 31, "def": 31, "spa": 31, "spd": 31, "spe": 31}, "item": "Choice Band", "teraType": "Ground", "role": "Wallbreaker", "bvs": {"hp": 97, "atk": 132, "def": 77, "spa": 62, "spd": 67, "spe": 43}, "stats": {"hp": 321, "atk": 289, "def": 190, "spa": 163, "spd": 172, "spe": 129}, "types": ["Fighting", "Ice"]}, "Flapple": {"name": "Flapple", "species": "Flapple", "speciesId": "flapple", "gender": "F", "shiny": false, "level": 88, "moves": ["outrage", "dragondance", "terablast", "gravapple"], "ability": "Hustle", "evs": {"hp": 85, "atk": 85, "def": 85, "spa": 85, "spd": 85, "spe": 85}, "ivs": {"hp": 31, "atk": 31, "def": 31, "spa": 31, "spd": 31, "spe": 31}, "item": "Wide Lens", "teraType": "Fire", "role": "Tera Blast user", "bvs": {"hp": 70, "atk": 110, "def": 80, "spa": 95, "spd": 60, "spe": 70}, "stats": {"hp": 266, "atk": 244, "def": 191, "spa": 217, "spd": 156, "spe": 173}, "types": ["Grass", "Dragon"]}, "Cryogonal": {"name": "Cryogonal", "species": "Cryogonal", "speciesId": "cryogonal", "gender": "N", "shiny": false, "level": 89, "moves": ["flashcannon", "recover", "rapidspin", "freezedry"], "ability": "Levitate", "evs": {"hp": 85, "atk": 85, "def": 85, "spa": 85, "spd": 85, "spe": 85}, "ivs": {"hp": 31, "atk": 31, "def": 31, "spa": 31, "spd": 31, "spe": 31}, "item": "Heavy-Duty Boots", "teraType": "Steel", "role": "Bulky Support", "bvs": {"hp": 80, "atk": 50, "def": 50, "spa": 95, "spd": 135, "spe": 105}, "stats": {"hp": 287, "atk": 140, "def": 140, "spa": 220, "spd": 291, "spe": 238}, "types": ["Ice"]}, "Granbull": {"name": "Granbull", "species": "Granbull", "speciesId": "granbull", "gender": "M", "shiny": false, "level": 88, "moves": ["earthquake", "playrough", "roar", "thunderwave"], "ability": "Intimidate", "evs": {"hp": 85, "atk": 85, "def": 85, "spa": 85, "spd": 85, "spe": 85}, "ivs": {"hp": 31, "atk": 31, "def": 31, "spa": 31, "spd": 31, "spe": 31}, "item": "Leftovers", "teraType": "Ground", "role": "Bulky Support", "bvs": {"hp": 90, "atk": 120, "def": 75, "spa": 60, "spd": 60, "spe": 45}, "stats": {"hp": 302, "atk": 261, "def": 182, "spa": 156, "spd": 156, "spe": 129}, "types": ["Fairy"]}}]}