{"id": "gen9randombattle-2642117506", "format": "[Gen 9] Random Battle", "players": ["HarlemDrax", "Hey Phil"], "log": "|j|\u2606HarlemDrax\n|j|\u2606Hey Phil\n|t:|1782893726\n|gametype|singles\n|player|p1|HarlemDrax|102|1054\n|player|p2|Hey Phil|2|1108\n|gen|9\n|tier|[Gen 9] Random Battle\n|rated|\n|rule|Species Clause: Limit one of each Pok\u00e9mon\n|rule|HP Percentage Mod: HP is shown in percentages\n|rule|Sleep Clause Mod: Limit one foe put to sleep\n|rule|Illusion Level Mod: Illusion disguises the Pok\u00e9mon's true level\n|\n|t:|1782893726\n|teamsize|p1|6\n|teamsize|p2|6\n|start\n|switch|p1a: Urshifu|Urshifu, L74, M|270/270\n|switch|p2a: Girafarig|Girafarig, L89, F|269/269\n|turn|1\n|\n|t:|1782893770\n|switch|p2a: Clefable|Clefable, L83, M|293/293\n|switch|p1a: Vivillon|Vivillon-Ocean, L83, F|268/268\n|\n|upkeep\n|turn|2\n|\n|t:|1782893788\n|move|p1a: Vivillon|Sleep Powder|p2a: Clefable\n|-status|p2a: Clefable|slp|[from] move: Sleep Powder\n|cant|p2a: Clefable|slp\n|\n|upkeep\n|turn|3\n|\n|t:|1782893796\n|switch|p1a: Urshifu|Urshifu, L74, M|270/270\n|-curestatus|p2a: Clefable|slp|[msg]\n|move|p2a: Clefable|Stealth Rock|p1a: Urshifu\n|-sidestart|p1: HarlemDrax|move: Stealth Rock\n|\n|upkeep\n|turn|4\n|\n|t:|1782893807\n|move|p1a: Urshifu|Swords Dance|p1a: Urshifu\n|-boost|p1a: Urshifu|atk|2\n|move|p2a: Clefable|Moonblast|p1a: Urshifu\n|-supereffective|p1a: Urshifu\n|-damage|p1a: Urshifu|0 fnt\n|faint|p1a: Urshifu\n|\n|upkeep\n|\n|t:|1782893819\n|switch|p1a: Greninja|Greninja, L80, M|246/246\n|-damage|p1a: Greninja|216/246|[from] Stealth Rock\n|turn|5\n|\n|t:|1782893834\n|-terastallize|p1a: Greninja|Poison\n|move|p1a: Greninja|Gunk Shot|p2a: Clefable\n|-supereffective|p2a: Clefable\n|-damage|p2a: Clefable|0 fnt\n|faint|p2a: Clefable\n|-damage|p1a: Greninja|192/246|[from] item: Life Orb\n|\n|upkeep\n|\n|t:|1782893856\n|switch|p2a: Girafarig|Girafarig, L89, F|269/269\n|turn|6\n|\n|t:|1782893898\n|move|p1a: Greninja|U-turn|p2a: Girafarig\n|-supereffective|p2a: Girafarig\n|-damage|p2a: Girafarig|173/269\n|-damage|p1a: Greninja|168/246|[from] item: Life Orb\n|\n|t:|1782893933\n|switch|p1a: Dunsparce|Dunsparce, L86, F|312/312|[from] U-turn\n|-damage|p1a: Dunsparce|273/312|[from] Stealth Rock\n|move|p2a: Girafarig|Psychic|p1a: Dunsparce\n|-damage|p1a: Dunsparce|197/312\n|\n|upkeep\n|turn|7\n|\n|t:|1782893957\n|switch|p2a: Sneasler|Sneasler, L74, F|240/240\n|move|p1a: Dunsparce|Earthquake|p2a: Sneasler\n|-supereffective|p2a: Sneasler\n|-damage|p2a: Sneasler|70/240\n|\n|upkeep\n|turn|8\n|\n|t:|1782893966\n|move|p2a: Sneasler|Close Combat|p1a: Dunsparce\n|-supereffective|p1a: Dunsparce\n|-damage|p1a: Dunsparce|0 fnt\n|-unboost|p2a: Sneasler|def|1\n|-unboost|p2a: Sneasler|spd|1\n|faint|p1a: Dunsparce\n|-enditem|p2a: Sneasler|White Herb\n|-clearnegativeboost|p2a: Sneasler|[silent]\n|\n|upkeep\n|\n|t:|1782893982\n|switch|p1a: Scovillain|Scovillain, L91, F|266/266\n|-damage|p1a: Scovillain|200/266|[from] Stealth Rock\n|turn|9\n|\n|t:|1782893991\n|move|p1a: Scovillain|Protect|p1a: Scovillain\n|-singleturn|p1a: Scovillain|Protect\n|move|p2a: Sneasler|Acrobatics|p1a: Scovillain\n|-activate|p1a: Scovillain|move: Protect\n|\n|-heal|p1a: Scovillain|216/266|[from] item: Leftovers\n|upkeep\n|turn|10\n|\n|t:|1782894000\n|move|p2a: Sneasler|Acrobatics|p1a: Scovillain\n|-supereffective|p1a: Scovillain\n|-damage|p1a: Scovillain|54/266\n|move|p1a: Scovillain|Substitute|p1a: Scovillain\n|-fail|p1a: Scovillain|move: Substitute|[weak]\n|\n|-heal|p1a: Scovillain|70/266|[from] item: Leftovers\n|upkeep\n|turn|11\n|\n|t:|1782894011\n|move|p2a: Sneasler|Acrobatics|p1a: Scovillain\n|-supereffective|p1a: Scovillain\n|-damage|p1a: Scovillain|0 fnt\n|faint|p1a: Scovillain\n|\n|upkeep\n|\n|t:|1782894021\n|switch|p1a: Greninja|Greninja, L80, M, tera:Poison|168/246\n|-damage|p1a: Greninja|138/246|[from] Stealth Rock\n|turn|12\n|\n|t:|1782894035\n|switch|p2a: Girafarig|Girafarig, L89, F|173/269\n|move|p1a: Greninja|Hydro Pump|p2a: Girafarig|[miss]\n|-miss|p1a: Greninja|p2a: Girafarig\n|\n|upkeep\n|turn|13\n|\n|t:|1782894044\n|move|p1a: Greninja|U-turn|p2a: Girafarig\n|-supereffective|p2a: Girafarig\n|-crit|p2a: Girafarig\n|-damage|p2a: Girafarig|38/269\n|-damage|p1a: Greninja|114/246|[from] item: Life Orb\n|\n|t:|1782894052\n|switch|p1a: Vivillon|Vivillon-Ocean, L83, F|268/268|[from] U-turn\n|move|p2a: Girafarig|Psychic|p1a: Vivillon\n|-damage|p1a: Vivillon|111/268\n|\n|upkeep\n|turn|14\n|\n|t:|1782894064\n|move|p2a: Girafarig|Psychic|p1a: Vivillon\n|-damage|p1a: Vivillon|0 fnt\n|faint|p1a: Vivillon\n|\n|upkeep\n|\n|t:|1782894071\n|switch|p1a: Greninja|Greninja, L80, M, tera:Poison|114/246\n|-damage|p1a: Greninja|84/246|[from] Stealth Rock\n|turn|15\n|\n|t:|1782894088\n|move|p1a: Greninja|U-turn|p2a: Girafarig\n|-supereffective|p2a: Girafarig\n|-damage|p2a: Girafarig|0 fnt\n|faint|p2a: Girafarig\n|-damage|p1a: Greninja|60/246|[from] item: Life Orb\n|\n|t:|1782894093\n|switch|p1a: Azumarill|Azumarill, L82, F|298/298|[from] U-turn\n|-damage|p1a: Azumarill|261/298|[from] Stealth Rock\n|\n|upkeep\n|\n|t:|1782894106\n|switch|p2a: Scizor|Scizor, L79, F|240/240\n|turn|16\n|\n|t:|1782894124\n|move|p2a: Scizor|Bullet Punch|p1a: Azumarill\n|-crit|p1a: Azumarill\n|-damage|p1a: Azumarill|152/298\n|move|p1a: Azumarill|Liquidation|p2a: Scizor\n|-damage|p2a: Scizor|93/240\n|\n|-heal|p2a: Scizor|108/240|[from] item: Leftovers\n|upkeep\n|turn|17\n|\n|t:|1782894148\n|move|p2a: Scizor|Bullet Punch|p1a: Azumarill\n|-damage|p1a: Azumarill|71/298\n|move|p1a: Azumarill|Liquidation|p2a: Scizor\n|-damage|p2a: Scizor|0 fnt\n|faint|p2a: Scizor\n|\n|upkeep\n|\n|t:|1782894159\n|switch|p2a: Sneasler|Sneasler, L74, F|70/240\n|turn|18\n|\n|t:|1782894166\n|move|p2a: Sneasler|Gunk Shot|p1a: Azumarill|[miss]\n|-miss|p2a: Sneasler|p1a: Azumarill\n|move|p1a: Azumarill|Liquidation|p2a: Sneasler\n|-damage|p2a: Sneasler|0 fnt\n|faint|p2a: Sneasler\n|\n|upkeep\n|\n|t:|1782894174\n|switch|p2a: Iron Jugulis|Iron Jugulis, L77|271/271\n|turn|19\n|\n|t:|1782894181\n|move|p2a: Iron Jugulis|Dark Pulse|p1a: Azumarill\n|-resisted|p1a: Azumarill\n|-damage|p1a: Azumarill|2/298\n|move|p1a: Azumarill|Liquidation|p2a: Iron Jugulis\n|-damage|p2a: Iron Jugulis|84/271\n|-unboost|p2a: Iron Jugulis|def|1\n|\n|upkeep\n|turn|20\n|\n|t:|1782894189\n|move|p2a: Iron Jugulis|Dark Pulse|p1a: Azumarill\n|-resisted|p1a: Azumarill\n|-damage|p1a: Azumarill|0 fnt\n|faint|p1a: Azumarill\n|\n|upkeep\n|\n|t:|1782894196\n|switch|p1a: Greninja|Greninja, L80, M, tera:Poison|60/246\n|-damage|p1a: Greninja|30/246|[from] Stealth Rock\n|turn|21\n|\n|t:|1782894207\n|move|p1a: Greninja|U-turn|p2a: Iron Jugulis\n|-damage|p2a: Iron Jugulis|0 fnt\n|faint|p2a: Iron Jugulis\n|-end|p2a: Iron Jugulis|Quark Drive|[silent]\n|-damage|p1a: Greninja|6/246|[from] item: Life Orb\n|\n|upkeep\n|\n|t:|1782894213\n|switch|p2a: Entei|Entei, L78|307/307\n|turn|22\n|\n|t:|1782894222\n|-terastallize|p2a: Entei|Fire\n|move|p1a: Greninja|Hydro Pump|p2a: Entei\n|-supereffective|p2a: Entei\n|-damage|p2a: Entei|0 fnt\n|faint|p2a: Entei\n|-damage|p1a: Greninja|0 fnt|[from] item: Life Orb\n|faint|p1a: Greninja\n|\n|win|HarlemDrax\n|raw|HarlemDrax's rating: 1054 &rarr; <strong>1091</strong><br />(+37 for winning)\n|raw|Hey Phil's rating: 1108 &rarr; <strong>1079</strong><br />(-29 for losing)\n|c|\u2606HarlemDrax|GG\n|l|\u2606Hey Phil\n|player|p2|\n|c|\u2606HarlemDrax|GOD\n", "inputlog": ">version f8ac14003a5f27e1bdc8d8c59608a773c1cb96e5\n>start {\"formatid\":\"gen9randombattle\",\"seed\":\"sodium,86136631996c755c5f9d570ac1a7fc5b\",\"rated\":\"Rated battle\"}\n>player p1 {\"name\":\"HarlemDrax\",\"avatar\":\"102\",\"rating\":1054,\"seed\":\"sodium,510db0904d730e9f48b2bd76a59e7109\"}\n>player p2 {\"name\":\"Hey Phil\",\"avatar\":\"2\",\"rating\":1108,\"seed\":\"sodium,75043588bd38c6fea9965ab9410bd313\"}\n>p1 switch 5\n>p2 switch 5\n>p1 move sleeppowder\n>p2 move stealthrock\n>p1 switch 5\n>p2 move stealthrock\n>p1 move swordsdance\n>p2 move moonblast\n>p1 switch 3\n>p1 move gunkshot terastallize\n>p2 move moonblast\n>p2 switch 5\n>p1 move uturn\n>p2 move psychic\n>p1 switch 6\n>p1 move earthquake\n>p2 switch 4\n>p1 move earthquake\n>p2 move closecombat\n>p1 switch 4\n>p1 move protect\n>p2 move acrobatics\n>p1 move substitute\n>p2 move acrobatics\n>p1 move leechseed\n>p2 move acrobatics\n>p1 switch 6\n>p1 move hydropump\n>p2 switch 4\n>p1 move uturn\n>p2 move psychic\n>p1 switch 5\n>p1 move terablast\n>p2 move psychic\n>p1 switch 5\n>p1 move uturn\n>p2 move psychic\n>p1 switch 2\n>p2 switch 3\n>p1 move liquidation\n>p2 move bulletpunch\n>p1 move liquidation\n>p2 move bulletpunch\n>p2 switch 4\n>p1 move liquidation\n>p2 move gunkshot\n>p2 switch 6\n>p1 move liquidation\n>p2 move darkpulse\n>p1 move liquidation\n>p2 move darkpulse\n>p1 switch 2\n>p1 move uturn\n>p2 move darkpulse\n>p2 switch 2\n>p1 move hydropump\n>p2 move stompingtantrum terastallize", "uploadtime": 1782894264, "views": 2, "formatid": "gen9randombattle", "rating": 1079, "private": 0, "password": null, "player_dets": [{"name": "HarlemDrax", "avatar": "102", "rating": 1054, "seed": "sodium,510db0904d730e9f48b2bd76a59e7109"}, {"name": "Hey Phil", "avatar": "2", "rating": 1108, "seed": "sodium,75043588bd38c6fea9965ab9410bd313"}], "teams_full": [{"Urshifu": {"name": "Urshifu", "species": "Urshifu", "speciesId": "urshifu", "gender": "M", "shiny": false, "level": 74, "moves": ["swordsdance", "poisonjab", "closecombat", "wickedblow"], "ability": "Unseen Fist", "evs": {"hp": 85, "atk": 85, "def": 85, "spa": 85, "spd": 85, "spe": 85}, "ivs": {"hp": 31, "atk": 31, "def": 31, "spa": 31, "spd": 31, "spe": 31}, "item": "Life Orb", "teraType": "Dark", "role": "Fast Attacker", "bvs": {"hp": 100, "atk": 130, "def": 100, "spa": 63, "spd": 60, "spe": 97}, "stats": {"hp": 270, "atk": 235, "def": 191, "spa": 136, "spd": 132, "spe": 187}, "types": ["Fighting", "Dark"]}, "Azumarill": {"name": "Azumarill", "species": "Azumarill", "speciesId": "azumarill", "gender": "F", "shiny": false, "level": 82, "moves": ["liquidation", "playrough", "knockoff", "aquajet"], "ability": "Huge Power", "evs": {"hp": 85, "atk": 85, "def": 85, "spa": 85, "spd": 85, "spe": 85}, "ivs": {"hp": 31, "atk": 31, "def": 31, "spa": 31, "spd": 31, "spe": 31}, "item": "Choice Band", "teraType": "Water", "role": "Bulky Attacker", "bvs": {"hp": 100, "atk": 50, "def": 80, "spa": 60, "spd": 80, "spe": 50}, "stats": {"hp": 298, "atk": 129, "def": 178, "spa": 146, "spd": 178, "spe": 129}, "types": ["Water", "Fairy"]}, "Greninja": {"name": "Greninja", "species": "Greninja", "speciesId": "greninja", "gender": "M", "shiny": false, "level": 80, "moves": ["hydropump", "grassknot", "uturn", "gunkshot"], "ability": "Protean", "evs": {"hp": 85, "atk": 85, "def": 85, "spa": 85, "spd": 85, "spe": 85}, "ivs": {"hp": 31, "atk": 31, "def": 31, "spa": 31, "spd": 31, "spe": 31}, "item": "Life Orb", "teraType": "Poison", "role": "Wallbreaker", "bvs": {"hp": 72, "atk": 95, "def": 67, "spa": 103, "spd": 71, "spe": 122}, "stats": {"hp": 246, "atk": 198, "def": 153, "spa": 211, "spd": 160, "spe": 241}, "types": ["Water", "Dark"]}, "Scovillain": {"name": "Scovillain", "species": "Scovillain", "speciesId": "scovillain", "gender": "F", "shiny": false, "level": 91, "moves": ["protect", "flamethrower", "leechseed", "substitute"], "ability": "Chlorophyll", "evs": {"hp": 85, "atk": 0, "def": 85, "spa": 85, "spd": 85, "spe": 85}, "ivs": {"hp": 31, "atk": 0, "def": 31, "spa": 31, "spd": 31, "spe": 31}, "item": "Leftovers", "teraType": "Steel", "role": "Bulky Attacker", "bvs": {"hp": 65, "atk": 108, "def": 65, "spa": 108, "spd": 65, "spe": 75}, "stats": {"hp": 266, "atk": 201, "def": 170, "spa": 248, "spd": 170, "spe": 188}, "types": ["Grass", "Fire"]}, "Vivillon": {"name": "Vivillon", "species": "Vivillon-Ocean", "speciesId": "vivillon", "gender": "F", "shiny": false, "level": 83, "moves": ["terablast", "quiverdance", "hurricane", "sleeppowder"], "ability": "Compound Eyes", "evs": {"hp": 85, "atk": 0, "def": 85, "spa": 85, "spd": 85, "spe": 85}, "ivs": {"hp": 31, "atk": 0, "def": 31, "spa": 31, "spd": 31, "spe": 31}, "item": "Heavy-Duty Boots", "teraType": "Ground", "role": "Tera Blast user", "bvs": {"hp": 80, "atk": 52, "def": 50, "spa": 90, "spd": 50, "spe": 89}, "stats": {"hp": 268, "atk": 91, "def": 131, "spa": 197, "spd": 131, "spe": 195}, "types": ["Bug", "Flying"]}, "Dunsparce": {"name": "Dunsparce", "species": "Dunsparce", "speciesId": "dunsparce", "gender": "F", "shiny": false, "level": 86, "moves": ["roost", "coil", "earthquake", "bodyslam"], "ability": "Serene Grace", "evs": {"hp": 85, "atk": 85, "def": 85, "spa": 85, "spd": 85, "spe": 85}, "ivs": {"hp": 31, "atk": 31, "def": 31, "spa": 31, "spd": 31, "spe": 31}, "item": "Eviolite", "teraType": "Ground", "role": "Bulky Setup", "bvs": {"hp": 100, "atk": 70, "def": 70, "spa": 65, "spd": 65, "spe": 45}, "stats": {"hp": 312, "atk": 170, "def": 170, "spa": 161, "spd": 161, "spe": 127}, "types": ["Normal"]}}, {"Girafarig": {"name": "Girafarig", "species": "Girafarig", "speciesId": "girafarig", "gender": "F", "shiny": false, "level": 89, "moves": ["nastyplot", "dazzlinggleam", "psychic", "thunderbolt"], "ability": "Sap Sipper", "evs": {"hp": 85, "atk": 0, "def": 85, "spa": 85, "spd": 85, "spe": 85}, "ivs": {"hp": 31, "atk": 0, "def": 31, "spa": 31, "spd": 31, "spe": 31}, "item": "Eviolite", "teraType": "Electric", "role": "Bulky Setup", "bvs": {"hp": 70, "atk": 80, "def": 65, "spa": 90, "spd": 65, "spe": 85}, "stats": {"hp": 269, "atk": 147, "def": 166, "spa": 211, "spd": 166, "spe": 202}, "types": ["Normal", "Psychic"]}, "Entei": {"name": "Entei", "species": "Entei", "speciesId": "entei", "gender": "N", "shiny": false, "level": 78, "moves": ["extremespeed", "stompingtantrum", "flareblitz", "sacredfire"], "ability": "Inner Focus", "evs": {"hp": 85, "atk": 85, "def": 85, "spa": 85, "spd": 85, "spe": 85}, "ivs": {"hp": 31, "atk": 31, "def": 31, "spa": 31, "spd": 31, "spe": 31}, "item": "Choice Band", "teraType": "Fire", "role": "Wallbreaker", "bvs": {"hp": 115, "atk": 115, "def": 85, "spa": 90, "spd": 75, "spe": 100}, "stats": {"hp": 307, "atk": 224, "def": 178, "spa": 185, "spd": 162, "spe": 201}, "types": ["Fire"]}, "Scizor": {"name": "Scizor", "species": "Scizor", "speciesId": "scizor", "gender": "F", "shiny": false, "level": 79, "moves": ["knockoff", "uturn", "bulletpunch", "defog"], "ability": "Technician", "evs": {"hp": 85, "atk": 85, "def": 85, "spa": 85, "spd": 85, "spe": 85}, "ivs": {"hp": 31, "atk": 31, "def": 31, "spa": 31, "spd": 31, "spe": 31}, "item": "Leftovers", "teraType": "Dragon", "role": "Bulky Support", "bvs": {"hp": 70, "atk": 130, "def": 100, "spa": 55, "spd": 80, "spe": 65}, "stats": {"hp": 240, "atk": 251, "def": 204, "spa": 132, "spd": 172, "spe": 148}, "types": ["Bug", "Steel"]}, "Sneasler": {"name": "Sneasler", "species": "Sneasler", "speciesId": "sneasler", "gender": "F", "shiny": false, "level": 74, "moves": ["closecombat", "swordsdance", "gunkshot", "acrobatics"], "ability": "Unburden", "evs": {"hp": 85, "atk": 85, "def": 85, "spa": 85, "spd": 85, "spe": 85}, "ivs": {"hp": 31, "atk": 31, "def": 31, "spa": 31, "spd": 31, "spe": 31}, "item": "White Herb", "teraType": "Flying", "role": "Setup Sweeper", "bvs": {"hp": 80, "atk": 130, "def": 60, "spa": 40, "spd": 80, "spe": 120}, "stats": {"hp": 240, "atk": 235, "def": 132, "spa": 102, "spd": 161, "spe": 221}, "types": ["Fighting", "Poison"]}, "Clefable": {"name": "Clefable", "species": "Clefable", "speciesId": "clefable", "gender": "M", "shiny": false, "level": 83, "moves": ["moonblast", "moonlight", "knockoff", "stealthrock"], "ability": "Unaware", "evs": {"hp": 85, "atk": 85, "def": 85, "spa": 85, "spd": 85, "spe": 85}, "ivs": {"hp": 31, "atk": 31, "def": 31, "spa": 31, "spd": 31, "spe": 31}, "item": "Leftovers", "teraType": "Poison", "role": "Bulky Support", "bvs": {"hp": 95, "atk": 70, "def": 73, "spa": 95, "spd": 90, "spe": 60}, "stats": {"hp": 293, "atk": 164, "def": 169, "spa": 205, "spd": 197, "spe": 147}, "types": ["Fairy"]}, "Iron Jugulis": {"name": "Iron Jugulis", "species": "Iron Jugulis", "speciesId": "ironjugulis", "gender": "N", "shiny": false, "level": 77, "moves": ["fireblast", "hurricane", "hydropump", "darkpulse"], "ability": "Quark Drive", "evs": {"hp": 85, "atk": 0, "def": 85, "spa": 85, "spd": 85, "spe": 85}, "ivs": {"hp": 31, "atk": 0, "def": 31, "spa": 31, "spd": 31, "spe": 31}, "item": "Choice Specs", "teraType": "Dark", "role": "Wallbreaker", "bvs": {"hp": 94, "atk": 80, "def": 86, "spa": 122, "spd": 80, "spe": 108}, "stats": {"hp": 271, "atk": 128, "def": 177, "spa": 232, "spd": 168, "spe": 211}, "types": ["Dark", "Flying"]}}]}