{"id": "gen9randombattle-2642189737", "format": "[Gen 9] Random Battle", "players": ["forcemajor14", "botbeater6767"], "log": "|j|\u2606forcemajor14\n|j|\u2606botbeater6767\n|t:|1782908113\n|gametype|singles\n|player|p1|forcemajor14|266|2095\n|player|p2|botbeater6767|265|2139\n|gen|9\n|tier|[Gen 9] Random Battle\n|rated|\n|rule|Species Clause: Limit one of each Pok\u00e9mon\n|rule|HP Percentage Mod: HP is shown in percentages\n|rule|Sleep Clause Mod: Limit one foe put to sleep\n|rule|Illusion Level Mod: Illusion disguises the Pok\u00e9mon's true level\n|\n|t:|1782908113\n|teamsize|p1|6\n|teamsize|p2|6\n|start\n|switch|p1a: Rampardos|Rampardos, L90, F|321/321\n|switch|p2a: Mandibuzz|Mandibuzz, L85, F|326/326\n|turn|1\n|c|\u2606botbeater6767|hf\n|inactive|Battle timer is ON: inactive players will automatically lose when time's up. (requested by botbeater6767)\n|\n|t:|1782908117\n|move|p1a: Rampardos|Rock Slide|p2a: Mandibuzz\n|-supereffective|p2a: Mandibuzz\n|-damage|p2a: Mandibuzz|12/326\n|move|p2a: Mandibuzz|Foul Play|p1a: Rampardos\n|-damage|p1a: Rampardos|125/321\n|\n|upkeep\n|turn|2\n|\n|t:|1782908122\n|move|p1a: Rampardos|Rock Slide|p2a: Mandibuzz\n|-supereffective|p2a: Mandibuzz\n|-damage|p2a: Mandibuzz|0 fnt\n|faint|p2a: Mandibuzz\n|\n|upkeep\n|inactive|forcemajor14 also wants the timer to be on.\n|\n|t:|1782908123\n|switch|p2a: Koraidon|Koraidon, L64|235/235\n|-weather|SunnyDay|[from] ability: Orichalcum Pulse|[of] p2a: Koraidon\n|-activate|p2a: Koraidon|Orichalcum Pulse|[source]\n|turn|3\n|\n|t:|1782908125\n|switch|p1a: Grimmsnarl|Grimmsnarl, L83, M|293/293\n|move|p2a: Koraidon|Swords Dance|p2a: Koraidon\n|-boost|p2a: Koraidon|atk|2\n|\n|-weather|SunnyDay|[upkeep]\n|upkeep\n|turn|4\n|\n|t:|1782908128\n|move|p1a: Grimmsnarl|Reflect|p1a: Grimmsnarl\n|-sidestart|p1: forcemajor14|Reflect\n|move|p2a: Koraidon|Flare Blitz|p1a: Grimmsnarl\n|-damage|p1a: Grimmsnarl|132/293\n|-damage|p2a: Koraidon|182/235|[from] Recoil\n|\n|-weather|SunnyDay|[upkeep]\n|upkeep\n|turn|5\n|\n|t:|1782908131\n|move|p1a: Grimmsnarl|Thunder Wave|p2a: Koraidon\n|-status|p2a: Koraidon|par\n|move|p2a: Koraidon|Flare Blitz|p1a: Grimmsnarl\n|-damage|p1a: Grimmsnarl|0 fnt\n|faint|p1a: Grimmsnarl\n|-damage|p2a: Koraidon|138/235 par|[from] Recoil\n|\n|-weather|SunnyDay|[upkeep]\n|upkeep\n|\n|t:|1782908134\n|switch|p1a: Rampardos|Rampardos, L90, F|125/321\n|turn|6\n|\n|t:|1782908137\n|move|p1a: Rampardos|Earthquake|p2a: Koraidon\n|-damage|p2a: Koraidon|0 fnt\n|faint|p2a: Koraidon\n|\n|-weather|SunnyDay|[upkeep]\n|upkeep\n|\n|t:|1782908138\n|switch|p2a: Misdreavus|Misdreavus, L90, M|254/254\n|turn|7\n|\n|t:|1782908143\n|switch|p1a: Torterra|Torterra, L78, F|276/276\n|move|p2a: Misdreavus|Calm Mind|p2a: Misdreavus\n|-boost|p2a: Misdreavus|spa|1\n|-boost|p2a: Misdreavus|spd|1\n|\n|-weather|none\n|upkeep\n|turn|8\n|\n|t:|1782908149\n|move|p2a: Misdreavus|Shadow Ball|p1a: Torterra\n|-damage|p1a: Torterra|122/276\n|move|p1a: Torterra|Shell Smash|p1a: Torterra\n|-unboost|p1a: Torterra|def|1\n|-unboost|p1a: Torterra|spd|1\n|-boost|p1a: Torterra|atk|2\n|-boost|p1a: Torterra|spa|2\n|-boost|p1a: Torterra|spe|2\n|\n|upkeep\n|turn|9\n|\n|t:|1782908159\n|move|p1a: Torterra|Bullet Seed|p2a: Misdreavus\n|-damage|p2a: Misdreavus|211/254\n|-damage|p2a: Misdreavus|171/254\n|-damage|p2a: Misdreavus|125/254\n|-damage|p2a: Misdreavus|85/254\n|-damage|p2a: Misdreavus|46/254\n|-hitcount|p2a: Misdreavus|5\n|move|p2a: Misdreavus|Shadow Ball|p1a: Torterra\n|-damage|p1a: Torterra|0 fnt\n|faint|p1a: Torterra\n|\n|upkeep\n|\n|t:|1782908163\n|switch|p1a: Rampardos|Rampardos, L90, F|125/321\n|turn|10\n|\n|t:|1782908167\n|switch|p2a: Pecharunt|Pecharunt, L77|262/262\n|move|p1a: Rampardos|Fire Punch|p2a: Pecharunt\n|-damage|p2a: Pecharunt|177/262\n|-damage|p1a: Rampardos|72/321|[from] item: Rocky Helmet|[of] p2a: Pecharunt\n|\n|upkeep\n|turn|11\n|\n|t:|1782908171\n|switch|p1a: Goodra|Goodra-Hisui, L82, F|265/265\n|move|p2a: Pecharunt|Malignant Chain|p1a: Goodra\n|-immune|p1a: Goodra\n|\n|-sideend|p1: forcemajor14|Reflect\n|upkeep\n|turn|12\n|\n|t:|1782908174\n|move|p2a: Pecharunt|Parting Shot|p1a: Goodra\n|-unboost|p1a: Goodra|atk|1\n|-unboost|p1a: Goodra|spa|1\n|\n|t:|1782908175\n|switch|p2a: Misdreavus|Misdreavus, L90, M|46/254|[from] Parting Shot\n|move|p1a: Goodra|Draco Meteor|p2a: Misdreavus\n|-damage|p2a: Misdreavus|0 fnt\n|-unboost|p1a: Goodra|spa|2\n|faint|p2a: Misdreavus\n|\n|upkeep\n|\n|t:|1782908176\n|switch|p2a: Porygon-Z|Porygon-Z, L83|277/277\n|turn|13\n|\n|t:|1782908178\n|move|p2a: Porygon-Z|Agility|p2a: Porygon-Z\n|-boost|p2a: Porygon-Z|spe|2\n|move|p1a: Goodra|Heavy Slam|p2a: Porygon-Z\n|-damage|p2a: Porygon-Z|178/277\n|\n|upkeep\n|turn|14\n|\n|t:|1782908183\n|move|p2a: Porygon-Z|Nasty Plot|p2a: Porygon-Z\n|-boost|p2a: Porygon-Z|spa|2\n|move|p1a: Goodra|Heavy Slam|p2a: Porygon-Z\n|-damage|p2a: Porygon-Z|85/277\n|\n|upkeep\n|turn|15\n|\n|t:|1782908186\n|-terastallize|p2a: Porygon-Z|Fighting\n|move|p2a: Porygon-Z|Tera Blast|p1a: Goodra|[anim] Tera Blast Fighting\n|-supereffective|p1a: Goodra\n|-damage|p1a: Goodra|0 fnt\n|faint|p1a: Goodra\n|-damage|p2a: Porygon-Z|58/277|[from] item: Life Orb\n|\n|upkeep\n|\n|t:|1782908188\n|switch|p1a: Lugia|Lugia, L73|275/275\n|turn|16\n|\n|t:|1782908193\n|-terastallize|p1a: Lugia|Steel\n|move|p2a: Porygon-Z|Shadow Ball|p1a: Lugia\n|-damage|p1a: Lugia|211/275\n|-unboost|p1a: Lugia|spd|1\n|-damage|p2a: Porygon-Z|31/277|[from] item: Life Orb\n|move|p1a: Lugia|Psychic Noise|p2a: Porygon-Z\n|-supereffective|p2a: Porygon-Z\n|-damage|p2a: Porygon-Z|0 fnt\n|faint|p2a: Porygon-Z\n|\n|upkeep\n|\n|t:|1782908194\n|switch|p2a: Zebstrika|Zebstrika, L87, F|272/272\n|turn|17\n|\n|t:|1782908197\n|switch|p1a: Regice|Regice, L88|284/284\n|move|p2a: Zebstrika|High Horsepower|p1a: Regice\n|-damage|p1a: Regice|207/284\n|-damage|p2a: Zebstrika|245/272|[from] item: Life Orb\n|\n|upkeep\n|turn|18\n|\n|t:|1782908200\n|move|p2a: Zebstrika|Supercell Slam|p1a: Regice\n|-damage|p1a: Regice|65/284\n|-damage|p2a: Zebstrika|218/272|[from] item: Life Orb\n|move|p1a: Regice|Ice Beam|p2a: Zebstrika\n|-damage|p2a: Zebstrika|76/272\n|\n|upkeep\n|turn|19\n|\n|t:|1782908202\n|move|p2a: Zebstrika|Volt Switch|p1a: Regice\n|-damage|p1a: Regice|22/284\n|-damage|p2a: Zebstrika|49/272|[from] item: Life Orb\n|\n|t:|1782908203\n|switch|p2a: Pecharunt|Pecharunt, L77|177/262|[from] Volt Switch\n|move|p1a: Regice|Ice Beam|p2a: Pecharunt\n|-damage|p2a: Pecharunt|51/262\n|\n|upkeep\n|turn|20\n|\n|t:|1782908205\n|move|p2a: Pecharunt|Recover|p2a: Pecharunt\n|-heal|p2a: Pecharunt|182/262\n|move|p1a: Regice|Rest|p1a: Regice\n|-status|p1a: Regice|slp|[from] move: Rest\n|-heal|p1a: Regice|284/284 slp|[silent]\n|\n|upkeep\n|turn|21\n|\n|t:|1782908208\n|move|p2a: Pecharunt|Recover|p2a: Pecharunt\n|-heal|p2a: Pecharunt|262/262\n|cant|p1a: Regice|slp\n|move|p1a: Regice|Sleep Talk|p1a: Regice\n|move|p1a: Regice|Ice Beam|p2a: Pecharunt|[from] move: Sleep Talk\n|-damage|p2a: Pecharunt|154/262\n|\n|upkeep\n|turn|22\n|\n|t:|1782908211\n|move|p2a: Pecharunt|Recover|p2a: Pecharunt\n|-heal|p2a: Pecharunt|262/262\n|cant|p1a: Regice|slp\n|move|p1a: Regice|Sleep Talk|p1a: Regice\n|move|p1a: Regice|Ice Beam|p2a: Pecharunt|[from] move: Sleep Talk\n|-damage|p2a: Pecharunt|151/262\n|\n|upkeep\n|turn|23\n|\n|t:|1782908215\n|move|p2a: Pecharunt|Recover|p2a: Pecharunt\n|-heal|p2a: Pecharunt|262/262\n|-curestatus|p1a: Regice|slp|[msg]\n|move|p1a: Regice|Ice Beam|p2a: Pecharunt\n|-crit|p2a: Pecharunt\n|-damage|p2a: Pecharunt|102/262\n|\n|upkeep\n|turn|24\n|\n|t:|1782908218\n|move|p2a: Pecharunt|Recover|p2a: Pecharunt\n|-heal|p2a: Pecharunt|233/262\n|move|p1a: Regice|Ice Beam|p2a: Pecharunt\n|-damage|p2a: Pecharunt|125/262\n|\n|upkeep\n|turn|25\n|\n|t:|1782908220\n|move|p2a: Pecharunt|Recover|p2a: Pecharunt\n|-heal|p2a: Pecharunt|256/262\n|move|p1a: Regice|Ice Beam|p2a: Pecharunt\n|-damage|p2a: Pecharunt|141/262\n|-status|p2a: Pecharunt|frz\n|\n|upkeep\n|turn|26\n|\n|t:|1782908223\n|cant|p2a: Pecharunt|frz\n|move|p1a: Regice|Ice Beam|p2a: Pecharunt\n|-damage|p2a: Pecharunt|23/262 frz\n|\n|upkeep\n|turn|27\n|l|\u2606forcemajor14\n|inactive|forcemajor14 disconnected and has a minute to reconnect!\n|player|p1|\n|j|\u2606forcemajor14\n|inactive|forcemajor14 reconnected and has 150 seconds left.\n|player|p1|forcemajor14|266|\n|\n|t:|1782908233\n|-curestatus|p2a: Pecharunt|frz|[msg]\n|move|p2a: Pecharunt|Recover|p2a: Pecharunt\n|-heal|p2a: Pecharunt|154/262\n|move|p1a: Regice|Ice Beam|p2a: Pecharunt\n|-damage|p2a: Pecharunt|46/262\n|\n|upkeep\n|turn|28\n|\n|t:|1782908240\n|move|p2a: Pecharunt|Recover|p2a: Pecharunt\n|-heal|p2a: Pecharunt|177/262\n|move|p1a: Regice|Ice Beam|p2a: Pecharunt\n|-damage|p2a: Pecharunt|63/262\n|\n|upkeep\n|turn|29\n|\n|t:|1782908243\n|move|p2a: Pecharunt|Malignant Chain|p1a: Regice\n|-damage|p1a: Regice|241/284\n|-status|p1a: Regice|tox\n|-start|p1a: Regice|confusion|[from] ability: Poison Puppeteer|[of] p2a: Pecharunt\n|-activate|p1a: Regice|confusion\n|move|p1a: Regice|Ice Beam|p2a: Pecharunt\n|-damage|p2a: Pecharunt|0 fnt\n|faint|p2a: Pecharunt\n|\n|-damage|p1a: Regice|224/284 tox|[from] psn\n|upkeep\n|\n|t:|1782908244\n|switch|p2a: Zebstrika|Zebstrika, L87, F|49/272\n|turn|30\n|\n|t:|1782908248\n|move|p2a: Zebstrika|Overheat|p1a: Regice\n|-supereffective|p1a: Regice\n|-damage|p1a: Regice|120/284 tox\n|-unboost|p2a: Zebstrika|spa|2\n|-damage|p2a: Zebstrika|22/272|[from] item: Life Orb\n|-activate|p1a: Regice|confusion\n|move|p1a: Regice|Ice Beam|p2a: Zebstrika\n|-damage|p2a: Zebstrika|0 fnt\n|faint|p2a: Zebstrika\n|\n|win|forcemajor14\n|raw|forcemajor14's rating: 2060 &rarr; <strong>2084</strong><br />(+24 for winning)\n|raw|botbeater6767's rating: 2139 &rarr; <strong>2115</strong><br />(-24 for losing)\n|c|\u2606botbeater6767|gg\n|l|\u2606botbeater6767\n|player|p2|\n", "inputlog": ">version f8ac14003a5f27e1bdc8d8c59608a773c1cb96e5\n>start {\"formatid\":\"gen9randombattle\",\"seed\":\"sodium,23558977799451a01f6648e5353d1568\",\"rated\":\"Rated battle\"}\n>player p1 {\"name\":\"forcemajor14\",\"avatar\":\"266\",\"rating\":2095,\"seed\":\"sodium,16b7848d839abb009257eb03ef9c8ee7\"}\n>player p2 {\"name\":\"botbeater6767\",\"avatar\":\"265\",\"rating\":2139,\"seed\":\"sodium,f432889417f6c071ce81b93d6049a3af\"}\n>chat \u2606botbeater6767|hf\n>p1 move rockslide\n>p2 move foulplay\n>p1 move rockslide\n>p2 move foulplay\n>p2 switch 4\n>p1 switch 2\n>p2 move swordsdance\n>p1 move reflect\n>p2 move flareblitz\n>p1 move thunderwave\n>p2 move flareblitz\n>p1 switch 2\n>p1 move earthquake\n>p2 move scaleshot\n>p2 switch 5\n>p1 switch 3\n>p2 move calmmind\n>p1 move shellsmash\n>p2 move shadowball\n>p1 move bulletseed\n>p2 move shadowball\n>p1 switch 3\n>p1 move firepunch\n>p2 switch 6\n>p1 switch 6\n>p2 move malignantchain\n>p1 move dracometeor\n>p2 move partingshot\n>p2 switch 6\n>p2 switch 2\n>p1 move heavyslam\n>p2 move agility\n>p1 move heavyslam\n>p2 move nastyplot\n>p1 move heavyslam\n>p2 move terablast terastallize\n>p1 switch 4\n>p1 move psychicnoise terastallize\n>p2 move shadowball\n>p2 switch 3\n>p1 switch 5\n>p2 move highhorsepower\n>p1 move icebeam\n>p2 move supercellslam\n>p1 move icebeam\n>p2 move voltswitch\n>p2 switch 6\n>p1 move rest\n>p2 move recover\n>p1 move sleeptalk\n>p2 move recover\n>p1 move sleeptalk\n>p2 move recover\n>p1 move icebeam\n>p2 move recover\n>p1 move icebeam\n>p2 move recover\n>p1 move icebeam\n>p2 move recover\n>p1 move icebeam\n>p2 move malignantchain\n>p1 move icebeam\n>p2 move recover\n>p1 move icebeam\n>p2 move recover\n>p1 move icebeam\n>p2 move malignantchain\n>p2 switch 6\n>p1 move icebeam\n>p2 move overheat", "uploadtime": 1782908249, "views": 3, "formatid": "gen9randombattle", "rating": 2084, "private": 0, "password": null, "player_dets": [{"name": "forcemajor14", "avatar": "266", "rating": 2095, "seed": "sodium,16b7848d839abb009257eb03ef9c8ee7"}, {"name": "botbeater6767", "avatar": "265", "rating": 2139, "seed": "sodium,f432889417f6c071ce81b93d6049a3af"}], "teams_full": [{"Rampardos": {"name": "Rampardos", "species": "Rampardos", "speciesId": "rampardos", "gender": "F", "shiny": false, "level": 90, "moves": ["earthquake", "rockslide", "firepunch", "headsmash"], "ability": "Sheer Force", "evs": {"hp": 85, "atk": 85, "def": 85, "spa": 85, "spd": 85, "spe": 85}, "ivs": {"hp": 31, "atk": 31, "def": 31, "spa": 31, "spd": 31, "spe": 31}, "item": "Choice Scarf", "teraType": "Rock", "role": "Fast Attacker", "bvs": {"hp": 97, "atk": 165, "def": 60, "spa": 65, "spd": 50, "spe": 58}, "stats": {"hp": 321, "atk": 348, "def": 159, "spa": 168, "spd": 141, "spe": 156}, "types": ["Rock"]}, "Grimmsnarl": {"name": "Grimmsnarl", "species": "Grimmsnarl", "speciesId": "grimmsnarl", "gender": "M", "shiny": false, "level": 83, "moves": ["reflect", "lightscreen", "thunderwave", "spiritbreak"], "ability": "Prankster", "evs": {"hp": 85, "atk": 85, "def": 85, "spa": 85, "spd": 85, "spe": 85}, "ivs": {"hp": 31, "atk": 31, "def": 31, "spa": 31, "spd": 31, "spe": 31}, "item": "Light Clay", "teraType": "Poison", "role": "Bulky Support", "bvs": {"hp": 95, "atk": 120, "def": 65, "spa": 95, "spd": 75, "spe": 60}, "stats": {"hp": 293, "atk": 247, "def": 156, "spa": 205, "spd": 172, "spe": 147}, "types": ["Dark", "Fairy"]}, "Torterra": {"name": "Torterra", "species": "Torterra", "speciesId": "torterra", "gender": "F", "shiny": false, "level": 78, "moves": ["headlongrush", "shellsmash", "rockblast", "bulletseed"], "ability": "Overgrow", "evs": {"hp": 85, "atk": 85, "def": 85, "spa": 85, "spd": 85, "spe": 85}, "ivs": {"hp": 31, "atk": 31, "def": 31, "spa": 31, "spd": 31, "spe": 31}, "item": "Loaded Dice", "teraType": "Water", "role": "Setup Sweeper", "bvs": {"hp": 95, "atk": 109, "def": 105, "spa": 75, "spd": 85, "spe": 56}, "stats": {"hp": 276, "atk": 215, "def": 209, "spa": 162, "spd": 178, "spe": 132}, "types": ["Grass", "Ground"]}, "Lugia": {"name": "Lugia", "species": "Lugia", "speciesId": "lugia", "gender": "N", "shiny": false, "level": 73, "moves": ["calmmind", "recover", "aeroblast", "psychicnoise"], "ability": "Multiscale", "evs": {"hp": 85, "atk": 0, "def": 85, "spa": 85, "spd": 85, "spe": 85}, "ivs": {"hp": 31, "atk": 0, "def": 31, "spa": 31, "spd": 31, "spe": 31}, "item": "Heavy-Duty Boots", "teraType": "Steel", "role": "Setup Sweeper", "bvs": {"hp": 106, "atk": 90, "def": 130, "spa": 90, "spd": 154, "spe": 110}, "stats": {"hp": 275, "atk": 136, "def": 232, "spa": 174, "spd": 267, "spe": 203}, "types": ["Psychic", "Flying"]}, "Regice": {"name": "Regice", "species": "Regice", "speciesId": "regice", "gender": "N", "shiny": false, "level": 88, "moves": ["icebeam", "thunderbolt", "sleeptalk", "rest"], "ability": "Clear Body", "evs": {"hp": 85, "atk": 0, "def": 85, "spa": 85, "spd": 85, "spe": 85}, "ivs": {"hp": 31, "atk": 0, "def": 31, "spa": 31, "spd": 31, "spe": 31}, "item": "Heavy-Duty Boots", "teraType": "Electric", "role": "Bulky Attacker", "bvs": {"hp": 80, "atk": 50, "def": 100, "spa": 100, "spd": 200, "spe": 50}, "stats": {"hp": 284, "atk": 93, "def": 226, "spa": 226, "spd": 402, "spe": 138}, "types": ["Ice"]}, "Goodra": {"name": "Goodra", "species": "Goodra-Hisui", "speciesId": "goodrahisui", "gender": "F", "shiny": false, "level": 82, "moves": ["dracometeor", "fireblast", "thunderbolt", "heavyslam"], "ability": "Sap Sipper", "evs": {"hp": 85, "atk": 85, "def": 85, "spa": 85, "spd": 85, "spe": 85}, "ivs": {"hp": 31, "atk": 31, "def": 31, "spa": 31, "spd": 31, "spe": 31}, "item": "Assault Vest", "teraType": "Flying", "role": "AV Pivot", "bvs": {"hp": 80, "atk": 100, "def": 100, "spa": 110, "spd": 150, "spe": 60}, "stats": {"hp": 265, "atk": 211, "def": 211, "spa": 228, "spd": 293, "spe": 146}, "types": ["Steel", "Dragon"]}}, {"Mandibuzz": {"name": "Mandibuzz", "species": "Mandibuzz", "speciesId": "mandibuzz", "gender": "F", "shiny": false, "level": 85, "moves": ["foulplay", "roost", "defog", "toxic"], "ability": "Overcoat", "evs": {"hp": 85, "atk": 0, "def": 85, "spa": 85, "spd": 85, "spe": 85}, "ivs": {"hp": 31, "atk": 0, "def": 31, "spa": 31, "spd": 31, "spe": 31}, "item": "Heavy-Duty Boots", "teraType": "Steel", "role": "Bulky Support", "bvs": {"hp": 110, "atk": 65, "def": 105, "spa": 55, "spd": 95, "spe": 80}, "stats": {"hp": 326, "atk": 115, "def": 227, "spa": 142, "spd": 210, "spe": 185}, "types": ["Dark", "Flying"]}, "Porygon-Z": {"name": "Porygon-Z", "species": "Porygon-Z", "speciesId": "porygonz", "gender": "N", "shiny": false, "level": 83, "moves": ["nastyplot", "agility", "terablast", "shadowball"], "ability": "Adaptability", "evs": {"hp": 85, "atk": 0, "def": 85, "spa": 85, "spd": 85, "spe": 85}, "ivs": {"hp": 31, "atk": 0, "def": 31, "spa": 31, "spd": 31, "spe": 31}, "item": "Life Orb", "teraType": "Fighting", "role": "Tera Blast user", "bvs": {"hp": 85, "atk": 80, "def": 70, "spa": 135, "spd": 75, "spe": 90}, "stats": {"hp": 277, "atk": 137, "def": 164, "spa": 272, "spd": 172, "spe": 197}, "types": ["Normal"]}, "Zebstrika": {"name": "Zebstrika", "species": "Zebstrika", "speciesId": "zebstrika", "gender": "F", "shiny": false, "level": 87, "moves": ["highhorsepower", "supercellslam", "overheat", "voltswitch"], "ability": "Sap Sipper", "evs": {"hp": 85, "atk": 85, "def": 85, "spa": 85, "spd": 85, "spe": 85}, "ivs": {"hp": 31, "atk": 31, "def": 31, "spa": 31, "spd": 31, "spe": 31}, "item": "Life Orb", "teraType": "Ground", "role": "Fast Attacker", "bvs": {"hp": 75, "atk": 100, "def": 63, "spa": 80, "spd": 63, "spe": 116}, "stats": {"hp": 272, "atk": 224, "def": 159, "spa": 189, "spd": 159, "spe": 252}, "types": ["Electric"]}, "Koraidon": {"name": "Koraidon", "species": "Koraidon", "speciesId": "koraidon", "gender": "N", "shiny": false, "level": 64, "moves": ["scaleshot", "flareblitz", "swordsdance", "collisioncourse"], "ability": "Orichalcum Pulse", "evs": {"hp": 85, "atk": 85, "def": 85, "spa": 85, "spd": 85, "spe": 85}, "ivs": {"hp": 31, "atk": 31, "def": 31, "spa": 31, "spd": 31, "spe": 31}, "item": "Loaded Dice", "teraType": "Fire", "role": "Setup Sweeper", "bvs": {"hp": 100, "atk": 135, "def": 115, "spa": 85, "spd": 100, "spe": 135}, "stats": {"hp": 235, "atk": 211, "def": 185, "spa": 147, "spd": 166, "spe": 211}, "types": ["Fighting", "Dragon"]}, "Misdreavus": {"name": "Misdreavus", "species": "Misdreavus", "speciesId": "misdreavus", "gender": "M", "shiny": false, "level": 90, "moves": ["calmmind", "drainingkiss", "shadowball", "willowisp"], "ability": "Levitate", "evs": {"hp": 85, "atk": 0, "def": 85, "spa": 85, "spd": 85, "spe": 85}, "ivs": {"hp": 31, "atk": 0, "def": 31, "spa": 31, "spd": 31, "spe": 31}, "item": "Eviolite", "teraType": "Fairy", "role": "Bulky Setup", "bvs": {"hp": 60, "atk": 60, "def": 60, "spa": 85, "spd": 85, "spe": 85}, "stats": {"hp": 254, "atk": 113, "def": 159, "spa": 204, "spd": 204, "spe": 204}, "types": ["Ghost"]}, "Pecharunt": {"name": "Pecharunt", "species": "Pecharunt", "speciesId": "pecharunt", "gender": "N", "shiny": false, "level": 77, "moves": ["recover", "shadowball", "malignantchain", "partingshot"], "ability": "Poison Puppeteer", "evs": {"hp": 85, "atk": 0, "def": 85, "spa": 85, "spd": 85, "spe": 85}, "ivs": {"hp": 31, "atk": 0, "def": 31, "spa": 31, "spd": 31, "spe": 31}, "item": "Rocky Helmet", "teraType": "Dark", "role": "Bulky Attacker", "bvs": {"hp": 88, "atk": 88, "def": 160, "spa": 88, "spd": 88, "spe": 88}, "stats": {"hp": 262, "atk": 140, "def": 291, "spa": 180, "spd": 180, "spe": 180}, "types": ["Poison", "Ghost"]}}]}