{"id": "gen9randombattle-2642175324", "format": "[Gen 9] Random Battle", "players": ["jnpr010334", "Mimimi"], "log": "|j|\u2606jnpr010334\n|j|\u2606Mimimi\n|t:|1782905619\n|gametype|singles\n|player|p1|jnpr010334|265|1766\n|player|p2|Mimimi|elesa|1819\n|gen|9\n|tier|[Gen 9] Random Battle\n|rated|\n|rule|Species Clause: Limit one of each Pok\u00e9mon\n|rule|HP Percentage Mod: HP is shown in percentages\n|rule|Sleep Clause Mod: Limit one foe put to sleep\n|rule|Illusion Level Mod: Illusion disguises the Pok\u00e9mon's true level\n|\n|t:|1782905619\n|teamsize|p1|6\n|teamsize|p2|6\n|start\n|switch|p1a: Terapagos|Terapagos, L77, F|265/265\n|switch|p2a: Bellibolt|Bellibolt, L84, M|320/320\n|-activate|p1a: Terapagos|ability: Tera Shift\n|detailschange|p1a: Terapagos|Terapagos-Terastal, L77, F\n|-heal|p1a: Terapagos|273/273|[silent]\n|turn|1\n|inactive|Battle timer is ON: inactive players will automatically lose when time's up. (requested by jnpr010334)\n|\n|t:|1782905626\n|move|p1a: Terapagos|Calm Mind|p1a: Terapagos\n|-boost|p1a: Terapagos|spa|1\n|-boost|p1a: Terapagos|spd|1\n|move|p2a: Bellibolt|Toxic|p1a: Terapagos\n|-status|p1a: Terapagos|tox\n|\n|-damage|p1a: Terapagos|256/273 tox|[from] psn\n|upkeep\n|turn|2\n|\n|t:|1782905629\n|switch|p2a: Hariyama|Hariyama, L87, F|392/392\n|move|p1a: Terapagos|Tera Starstorm|p2a: Hariyama\n|-damage|p2a: Hariyama|166/392\n|\n|-damage|p1a: Terapagos|222/273 tox|[from] psn\n|-status|p2a: Hariyama|brn|[from] item: Flame Orb\n|upkeep\n|turn|3\n|\n|t:|1782905637\n|move|p1a: Terapagos|Tera Starstorm|p2a: Hariyama\n|-damage|p2a: Hariyama|0 fnt\n|faint|p2a: Hariyama\n|\n|-damage|p1a: Terapagos|171/273 tox|[from] psn\n|upkeep\n|\n|t:|1782905639\n|switch|p2a: Arcanine|Arcanine-Hisui, L79, F|279/279\n|turn|4\n|\n|t:|1782905641\n|move|p2a: Arcanine|Close Combat|p1a: Terapagos\n|-supereffective|p1a: Terapagos\n|-damage|p1a: Terapagos|0 fnt\n|-unboost|p2a: Arcanine|def|1\n|-unboost|p2a: Arcanine|spd|1\n|faint|p1a: Terapagos\n|\n|upkeep\n|\n|t:|1782905643\n|switch|p1a: Gyarados|Gyarados, L79, M|280/280\n|-ability|p1a: Gyarados|Intimidate|boost\n|-unboost|p2a: Arcanine|atk|1\n|turn|5\n|\n|t:|1782905647\n|switch|p2a: Bellibolt|Bellibolt, L84, M|320/320\n|move|p1a: Gyarados|Dragon Dance|p1a: Gyarados\n|-boost|p1a: Gyarados|atk|1\n|-boost|p1a: Gyarados|spe|1\n|\n|upkeep\n|turn|6\n|\n|t:|1782905651\n|-terastallize|p1a: Gyarados|Ground\n|move|p1a: Gyarados|Earthquake|p2a: Bellibolt\n|-supereffective|p2a: Bellibolt\n|-damage|p2a: Bellibolt|0 fnt\n|faint|p2a: Bellibolt\n|\n|upkeep\n|\n|t:|1782905656\n|switch|p2a: Mesprit|Mesprit, L85|275/275\n|turn|7\n|\n|t:|1782905660\n|move|p1a: Gyarados|Waterfall|p2a: Mesprit\n|-damage|p2a: Mesprit|157/275\n|move|p2a: Mesprit|Psychic|p1a: Gyarados\n|-damage|p1a: Gyarados|142/280\n|-damage|p2a: Mesprit|130/275|[from] item: Life Orb\n|\n|upkeep\n|turn|8\n|\n|t:|1782905667\n|move|p1a: Gyarados|Waterfall|p2a: Mesprit\n|-damage|p2a: Mesprit|12/275\n|move|p2a: Mesprit|Psychic|p1a: Gyarados\n|-damage|p1a: Gyarados|12/280\n|-damage|p2a: Mesprit|0 fnt|[from] item: Life Orb\n|faint|p2a: Mesprit\n|\n|upkeep\n|\n|t:|1782905672\n|switch|p2a: Arcanine|Arcanine-Hisui, L79, F|279/279\n|turn|9\n|\n|t:|1782905675\n|move|p2a: Arcanine|Extreme Speed|p1a: Gyarados\n|-damage|p1a: Gyarados|0 fnt\n|faint|p1a: Gyarados\n|\n|upkeep\n|\n|t:|1782905677\n|switch|p1a: Garganacl|Garganacl, L80, M|291/291\n|turn|10\n|\n|t:|1782905681\n|switch|p2a: Amoonguss|Amoonguss, L82, F|321/321\n|move|p1a: Garganacl|Salt Cure|p2a: Amoonguss\n|-damage|p2a: Amoonguss|273/321\n|-start|p2a: Amoonguss|Salt Cure\n|\n|-heal|p2a: Amoonguss|293/321|[from] item: Leftovers\n|-damage|p2a: Amoonguss|253/321|[from] Salt Cure\n|upkeep\n|turn|11\n|\n|t:|1782905684\n|switch|p1a: Iron Moth|Iron Moth, L78|253/253\n|move|p2a: Amoonguss|Spore|p1a: Iron Moth\n|-status|p1a: Iron Moth|slp|[from] move: Spore\n|\n|-heal|p2a: Amoonguss|273/321|[from] item: Leftovers\n|-damage|p2a: Amoonguss|233/321|[from] Salt Cure\n|upkeep\n|turn|12\n|\n|t:|1782905689\n|switch|p2a: Arcanine|Arcanine-Hisui, L79, F|279/279\n|cant|p1a: Iron Moth|slp\n|\n|upkeep\n|turn|13\n|\n|t:|1782905694\n|-end|p1a: Iron Moth|Quark Drive|[silent]\n|switch|p1a: Garganacl|Garganacl, L80, M|291/291\n|move|p2a: Arcanine|Head Smash|p1a: Garganacl\n|-damage|p1a: Garganacl|111/291\n|\n|-heal|p1a: Garganacl|129/291|[from] item: Leftovers\n|upkeep\n|turn|14\n|\n|t:|1782905699\n|move|p2a: Arcanine|Head Smash|p1a: Garganacl\n|-damage|p1a: Garganacl|0 fnt\n|faint|p1a: Garganacl\n|\n|upkeep\n|\n|t:|1782905701\n|switch|p1a: Snorlax|Snorlax, L82, F|397/397\n|turn|15\n|\n|t:|1782905707\n|switch|p2a: Solgaleo|Solgaleo, L74|325/325\n|move|p1a: Snorlax|Body Slam|p2a: Solgaleo\n|-resisted|p2a: Solgaleo\n|-damage|p2a: Solgaleo|279/325\n|\n|upkeep\n|turn|16\n|\n|t:|1782905711\n|move|p2a: Solgaleo|Knock Off|p1a: Snorlax\n|-damage|p1a: Snorlax|311/397\n|-enditem|p1a: Snorlax|Leftovers|[from] move: Knock Off|[of] p2a: Solgaleo\n|move|p1a: Snorlax|Curse|p1a: Snorlax\n|-unboost|p1a: Snorlax|spe|1\n|-boost|p1a: Snorlax|atk|1\n|-boost|p1a: Snorlax|def|1\n|\n|upkeep\n|turn|17\n|\n|t:|1782905724\n|switch|p2a: Arcanine|Arcanine-Hisui, L79, F|279/279\n|move|p1a: Snorlax|Earthquake|p2a: Arcanine\n|-supereffective|p2a: Arcanine\n|-damage|p2a: Arcanine|0 fnt\n|faint|p2a: Arcanine\n|\n|upkeep\n|\n|t:|1782905732\n|switch|p2a: Amoonguss|Amoonguss, L82, F|321/321\n|turn|18\n|\n|t:|1782905736\n|move|p2a: Amoonguss|Spore|p1a: Snorlax\n|-message|Sleep Clause Mod activated.\n|-hint|Sleep Clause Mod prevents players from putting more than one of their opponent's Pok\u00e9mon to sleep at a time\n|move|p1a: Snorlax|Body Slam|p2a: Amoonguss\n|-damage|p2a: Amoonguss|138/321\n|-status|p2a: Amoonguss|par\n|\n|-heal|p2a: Amoonguss|158/321 par|[from] item: Leftovers\n|upkeep\n|turn|19\n|\n|t:|1782905744\n|move|p1a: Snorlax|Body Slam|p2a: Amoonguss\n|-damage|p2a: Amoonguss|0 fnt\n|faint|p2a: Amoonguss\n|\n|upkeep\n|-message|Mimimi forfeited.\n|\n|win|jnpr010334\n|raw|jnpr010334's rating: 1733 &rarr; <strong>1758</strong><br />(+25 for winning)\n|raw|Mimimi's rating: 1819 &rarr; <strong>1794</strong><br />(-25 for losing)\n|l|\u2606Mimimi\n|player|p2|\n", "inputlog": ">version f8ac14003a5f27e1bdc8d8c59608a773c1cb96e5\n>start {\"formatid\":\"gen9randombattle\",\"seed\":\"sodium,1551fe8536b6846a2cb62f2c59010672\",\"rated\":\"Rated battle\"}\n>player p1 {\"name\":\"jnpr010334\",\"avatar\":\"265\",\"rating\":1766,\"seed\":\"sodium,37cd5b971a40b89f87772285ec3cdb7c\"}\n>player p2 {\"name\":\"Mimimi\",\"avatar\":\"elesa\",\"rating\":1819,\"seed\":\"sodium,568508fe40999f5a90725293c1f34ba7\"}\n>p1 move calmmind\n>p2 move toxic\n>p1 move terastarstorm\n>p2 switch 3\n>p1 move terastarstorm\n>p2 move closecombat\n>p2 switch 2\n>p1 move terastarstorm\n>p2 move closecombat\n>p1 switch 2\n>p1 move dragondance\n>p2 switch 3\n>p1 move earthquake terastallize\n>p2 move toxic\n>p2 switch 4\n>p1 move waterfall\n>p2 move psychic\n>p1 move waterfall\n>p2 move psychic\n>p2 switch 3\n>p1 move earthquake\n>p2 move extremespeed\n>p1 switch 5\n>p1 move saltcure\n>p2 switch 5\n>p1 switch 4\n>p2 move spore\n>p1 move fierydance\n>p2 switch 5\n>p1 switch 4\n>p2 move headsmash\n>p1 move recover\n>p2 move headsmash\n>p1 switch 6\n>p1 move bodyslam\n>p2 switch 6\n>p1 move curse\n>p2 move knockoff\n>p1 move earthquake\n>p2 switch 6\n>p2 switch 5\n>p1 move bodyslam\n>p2 move spore\n>p1 move bodyslam\n>p2 move stompingtantrum\n>forcelose p2", "uploadtime": 1782905750, "views": 2, "formatid": "gen9randombattle", "rating": 1758, "private": 0, "password": null, "player_dets": [{"name": "jnpr010334", "avatar": "265", "rating": 1766, "seed": "sodium,37cd5b971a40b89f87772285ec3cdb7c"}, {"name": "Mimimi", "avatar": "elesa", "rating": 1819, "seed": "sodium,568508fe40999f5a90725293c1f34ba7"}], "teams_full": [{"Terapagos": {"name": "Terapagos", "species": "Terapagos", "speciesId": "terapagos", "gender": "F", "shiny": false, "level": 77, "moves": ["rapidspin", "terastarstorm", "darkpulse", "calmmind"], "ability": "Tera Shift", "evs": {"hp": 85, "atk": 85, "def": 85, "spa": 85, "spd": 85, "spe": 85}, "ivs": {"hp": 31, "atk": 31, "def": 31, "spa": 31, "spd": 31, "spe": 31}, "item": "Heavy-Duty Boots", "teraType": "Stellar", "role": "Setup Sweeper", "bvs": {"hp": 90, "atk": 65, "def": 85, "spa": 65, "spd": 85, "spe": 60}, "stats": {"hp": 265, "atk": 145, "def": 175, "spa": 145, "spd": 175, "spe": 137}, "types": ["Normal"]}, "Gyarados": {"name": "Gyarados", "species": "Gyarados", "speciesId": "gyarados", "gender": "M", "shiny": false, "level": 79, "moves": ["earthquake", "stoneedge", "waterfall", "dragondance"], "ability": "Intimidate", "evs": {"hp": 85, "atk": 85, "def": 85, "spa": 85, "spd": 85, "spe": 85}, "ivs": {"hp": 31, "atk": 31, "def": 31, "spa": 31, "spd": 31, "spe": 31}, "item": "Heavy-Duty Boots", "teraType": "Ground", "role": "Setup Sweeper", "bvs": {"hp": 95, "atk": 125, "def": 79, "spa": 60, "spd": 100, "spe": 81}, "stats": {"hp": 280, "atk": 243, "def": 170, "spa": 140, "spd": 204, "spe": 174}, "types": ["Water", "Flying"]}, "Flareon": {"name": "Flareon", "species": "Flareon", "speciesId": "flareon", "gender": "M", "shiny": false, "level": 90, "moves": ["willowisp", "trailblaze", "flareblitz", "facade"], "ability": "Guts", "evs": {"hp": 85, "atk": 85, "def": 85, "spa": 85, "spd": 85, "spe": 85}, "ivs": {"hp": 31, "atk": 31, "def": 31, "spa": 31, "spd": 31, "spe": 31}, "item": "Toxic Orb", "teraType": "Normal", "role": "Setup Sweeper", "bvs": {"hp": 65, "atk": 130, "def": 60, "spa": 95, "spd": 110, "spe": 65}, "stats": {"hp": 263, "atk": 285, "def": 159, "spa": 222, "spd": 249, "spe": 168}, "types": ["Fire"]}, "Iron Moth": {"name": "Iron Moth", "species": "Iron Moth", "speciesId": "ironmoth", "gender": "N", "shiny": false, "level": 78, "moves": ["energyball", "sludgewave", "uturn", "fierydance"], "ability": "Quark Drive", "evs": {"hp": 85, "atk": 85, "def": 85, "spa": 85, "spd": 85, "spe": 85}, "ivs": {"hp": 31, "atk": 31, "def": 31, "spa": 31, "spd": 31, "spe": 31}, "item": "Choice Specs", "teraType": "Grass", "role": "Fast Attacker", "bvs": {"hp": 80, "atk": 70, "def": 60, "spa": 140, "spd": 110, "spe": 110}, "stats": {"hp": 253, "atk": 154, "def": 139, "spa": 263, "spd": 217, "spe": 217}, "types": ["Fire", "Poison"]}, "Garganacl": {"name": "Garganacl", "species": "Garganacl", "speciesId": "garganacl", "gender": "M", "shiny": false, "level": 80, "moves": ["saltcure", "earthquake", "protect", "recover"], "ability": "Purifying Salt", "evs": {"hp": 85, "atk": 85, "def": 85, "spa": 85, "spd": 85, "spe": 85}, "ivs": {"hp": 31, "atk": 31, "def": 31, "spa": 31, "spd": 31, "spe": 31}, "item": "Leftovers", "teraType": "Dragon", "role": "Bulky Attacker", "bvs": {"hp": 100, "atk": 100, "def": 130, "spa": 45, "spd": 90, "spe": 35}, "stats": {"hp": 291, "atk": 206, "def": 254, "spa": 118, "spd": 190, "spe": 102}, "types": ["Rock"]}, "Snorlax": {"name": "Snorlax", "species": "Snorlax", "speciesId": "snorlax", "gender": "F", "shiny": false, "level": 82, "moves": ["curse", "bodyslam", "crunch", "earthquake"], "ability": "Thick Fat", "evs": {"hp": 85, "atk": 85, "def": 85, "spa": 85, "spd": 85, "spe": 85}, "ivs": {"hp": 31, "atk": 31, "def": 31, "spa": 31, "spd": 31, "spe": 31}, "item": "Leftovers", "teraType": "Poison", "role": "Bulky Setup", "bvs": {"hp": 160, "atk": 110, "def": 65, "spa": 65, "spd": 110, "spe": 30}, "stats": {"hp": 397, "atk": 228, "def": 154, "spa": 154, "spd": 228, "spe": 96}, "types": ["Normal"]}}, {"Bellibolt": {"name": "Bellibolt", "species": "Bellibolt", "speciesId": "bellibolt", "gender": "M", "shiny": false, "level": 84, "moves": ["thunderbolt", "muddywater", "slackoff", "toxic"], "ability": "Electromorphosis", "evs": {"hp": 85, "atk": 0, "def": 85, "spa": 85, "spd": 85, "spe": 85}, "ivs": {"hp": 31, "atk": 0, "def": 31, "spa": 31, "spd": 31, "spe": 31}, "item": "Leftovers", "teraType": "Water", "role": "Bulky Attacker", "bvs": {"hp": 109, "atk": 64, "def": 91, "spa": 103, "spd": 83, "spe": 45}, "stats": {"hp": 320, "atk": 112, "def": 201, "spa": 221, "spd": 188, "spe": 124}, "types": ["Electric"]}, "Arcanine": {"name": "Arcanine", "species": "Arcanine-Hisui", "speciesId": "arcaninehisui", "gender": "F", "shiny": false, "level": 79, "moves": ["extremespeed", "closecombat", "flareblitz", "headsmash"], "ability": "Rock Head", "evs": {"hp": 81, "atk": 85, "def": 85, "spa": 85, "spd": 85, "spe": 85}, "ivs": {"hp": 31, "atk": 31, "def": 31, "spa": 31, "spd": 31, "spe": 31}, "item": "Choice Band", "teraType": "Fire", "role": "Fast Attacker", "bvs": {"hp": 95, "atk": 115, "def": 80, "spa": 95, "spd": 80, "spe": 90}, "stats": {"hp": 279, "atk": 227, "def": 172, "spa": 196, "spd": 172, "spe": 188}, "types": ["Fire", "Rock"]}, "Hariyama": {"name": "Hariyama", "species": "Hariyama", "speciesId": "hariyama", "gender": "F", "shiny": false, "level": 87, "moves": ["headlongrush", "facade", "closecombat", "knockoff"], "ability": "Guts", "evs": {"hp": 85, "atk": 85, "def": 85, "spa": 85, "spd": 85, "spe": 85}, "ivs": {"hp": 31, "atk": 31, "def": 31, "spa": 31, "spd": 31, "spe": 31}, "item": "Flame Orb", "teraType": "Normal", "role": "Wallbreaker", "bvs": {"hp": 144, "atk": 120, "def": 60, "spa": 40, "spd": 60, "spe": 50}, "stats": {"hp": 392, "atk": 259, "def": 154, "spa": 119, "spd": 154, "spe": 137}, "types": ["Fighting"]}, "Mesprit": {"name": "Mesprit", "species": "Mesprit", "speciesId": "mesprit", "gender": "N", "shiny": false, "level": 85, "moves": ["nastyplot", "shadowball", "dazzlinggleam", "psychic"], "ability": "Levitate", "evs": {"hp": 85, "atk": 0, "def": 85, "spa": 85, "spd": 85, "spe": 85}, "ivs": {"hp": 31, "atk": 0, "def": 31, "spa": 31, "spd": 31, "spe": 31}, "item": "Life Orb", "teraType": "Fairy", "role": "Fast Attacker", "bvs": {"hp": 80, "atk": 105, "def": 105, "spa": 105, "spd": 105, "spe": 80}, "stats": {"hp": 275, "atk": 183, "def": 227, "spa": 227, "spd": 227, "spe": 185}, "types": ["Psychic"]}, "Amoonguss": {"name": "Amoonguss", "species": "Amoonguss", "speciesId": "amoonguss", "gender": "F", "shiny": false, "level": 82, "moves": ["spore", "sludgebomb", "stompingtantrum", "gigadrain"], "ability": "Regenerator", "evs": {"hp": 85, "atk": 85, "def": 85, "spa": 85, "spd": 85, "spe": 85}, "ivs": {"hp": 31, "atk": 31, "def": 31, "spa": 31, "spd": 31, "spe": 31}, "item": "Leftovers", "teraType": "Steel", "role": "Bulky Attacker", "bvs": {"hp": 114, "atk": 85, "def": 70, "spa": 85, "spd": 80, "spe": 30}, "stats": {"hp": 321, "atk": 187, "def": 162, "spa": 187, "spd": 178, "spe": 96}, "types": ["Grass", "Poison"]}, "Solgaleo": {"name": "Solgaleo", "species": "Solgaleo", "speciesId": "solgaleo", "gender": "N", "shiny": false, "level": 74, "moves": ["closecombat", "sunsteelstrike", "flamecharge", "knockoff"], "ability": "Full Metal Body", "evs": {"hp": 85, "atk": 85, "def": 85, "spa": 85, "spd": 85, "spe": 85}, "ivs": {"hp": 31, "atk": 31, "def": 31, "spa": 31, "spd": 31, "spe": 31}, "item": "Weakness Policy", "teraType": "Fighting", "role": "Bulky Setup", "bvs": {"hp": 137, "atk": 137, "def": 107, "spa": 113, "spd": 89, "spe": 97}, "stats": {"hp": 325, "atk": 246, "def": 201, "spa": 210, "spd": 175, "spe": 187}, "types": ["Psychic", "Steel"]}}]}