{"id": "gen9randombattle-2641917455", "format": "[Gen 9] Random Battle", "players": ["Micciu", "Mikayel"], "log": "|j|\u2606Micciu\n|j|\u2606Mikayel\n|t:|1782858368\n|gametype|singles\n|player|p1|Micciu|#wcop2026france|1954\n|player|p2|Mikayel|ash|1928\n|gen|9\n|tier|[Gen 9] Random Battle\n|rated|\n|rule|Species Clause: Limit one of each Pok\u00e9mon\n|rule|HP Percentage Mod: HP is shown in percentages\n|rule|Sleep Clause Mod: Limit one foe put to sleep\n|rule|Illusion Level Mod: Illusion disguises the Pok\u00e9mon's true level\n|\n|t:|1782858368\n|teamsize|p1|6\n|teamsize|p2|6\n|start\n|switch|p1a: Politoed|Politoed, L88, M|302/302\n|switch|p2a: Feraligatr|Feraligatr, L79, F|264/264\n|-weather|RainDance|[from] ability: Drizzle|[of] p1a: Politoed\n|turn|1\n|inactive|Battle timer is ON: inactive players will automatically lose when time's up. (requested by Mikayel)\n|\n|t:|1782858385\n|move|p1a: Politoed|Hydro Pump|p2a: Feraligatr\n|-resisted|p2a: Feraligatr\n|-damage|p2a: Feraligatr|160/264\n|move|p2a: Feraligatr|Dragon Dance|p2a: Feraligatr\n|-boost|p2a: Feraligatr|atk|1\n|-boost|p2a: Feraligatr|spe|1\n|\n|-weather|RainDance|[upkeep]\n|upkeep\n|turn|2\n|\n|t:|1782858403\n|move|p2a: Feraligatr|Liquidation|p1a: Politoed\n|-resisted|p1a: Politoed\n|-damage|p1a: Politoed|136/302\n|move|p1a: Politoed|Haze|p1a: Politoed\n|-clearallboost\n|\n|-weather|RainDance|[upkeep]\n|upkeep\n|turn|3\n|\n|t:|1782858411\n|move|p1a: Politoed|Hydro Pump|p2a: Feraligatr\n|-resisted|p2a: Feraligatr\n|-damage|p2a: Feraligatr|64/264\n|move|p2a: Feraligatr|Dragon Dance|p2a: Feraligatr\n|-boost|p2a: Feraligatr|atk|1\n|-boost|p2a: Feraligatr|spe|1\n|\n|-weather|RainDance|[upkeep]\n|upkeep\n|turn|4\n|\n|t:|1782858416\n|switch|p1a: Tatsugiri|Tatsugiri, L87, F|260/260\n|move|p2a: Feraligatr|Liquidation|p1a: Tatsugiri\n|-ability|p1a: Tatsugiri|Storm Drain|boost\n|-boost|p1a: Tatsugiri|spa|1\n|\n|-weather|RainDance|[upkeep]\n|upkeep\n|turn|5\n|\n|t:|1782858422\n|switch|p1a: Rotom|Rotom-Mow, L87|229/229\n|move|p2a: Feraligatr|Crunch|p1a: Rotom\n|-damage|p1a: Rotom|115/229\n|\n|-weather|none\n|upkeep\n|turn|6\n|\n|t:|1782858425\n|move|p1a: Rotom|Volt Switch|p2a: Feraligatr\n|-supereffective|p2a: Feraligatr\n|-damage|p2a: Feraligatr|0 fnt\n|faint|p2a: Feraligatr\n|\n|t:|1782858427\n|switch|p1a: Politoed|Politoed, L88, M|136/302|[from] Volt Switch\n|-weather|RainDance|[from] ability: Drizzle|[of] p1a: Politoed\n|\n|-weather|RainDance|[upkeep]\n|upkeep\n|\n|t:|1782858445\n|switch|p2a: Poliwrath|Poliwrath, L88, F|302/302\n|turn|7\n|\n|t:|1782858447\n|move|p2a: Poliwrath|Close Combat|p1a: Politoed\n|-damage|p1a: Politoed|0 fnt\n|-unboost|p2a: Poliwrath|def|1\n|-unboost|p2a: Poliwrath|spd|1\n|faint|p1a: Politoed\n|-damage|p2a: Poliwrath|272/302|[from] item: Life Orb\n|\n|-weather|RainDance|[upkeep]\n|upkeep\n|\n|t:|1782858452\n|switch|p1a: Comfey|Comfey, L85, F|225/225\n|turn|8\n|\n|t:|1782858460\n|switch|p2a: Seviper|Seviper, L93, M|287/287\n|move|p1a: Comfey|Draining Kiss|p2a: Seviper\n|-resisted|p2a: Seviper\n|-damage|p2a: Seviper|257/287\n|\n|-weather|RainDance|[upkeep]\n|-heal|p2a: Seviper|274/287|[from] item: Leftovers\n|upkeep\n|turn|9\n|\n|t:|1782858473\n|switch|p1a: Klawf|Klawf, L90, F|272/272\n|move|p2a: Seviper|Swords Dance|p2a: Seviper\n|-boost|p2a: Seviper|atk|2\n|\n|-weather|RainDance|[upkeep]\n|-heal|p2a: Seviper|287/287|[from] item: Leftovers\n|upkeep\n|turn|10\n|\n|t:|1782858482\n|move|p1a: Klawf|Stone Edge|p2a: Seviper\n|-damage|p2a: Seviper|83/287\n|-damage|p1a: Klawf|245/272|[from] item: Life Orb\n|move|p2a: Seviper|Trailblaze|p1a: Klawf\n|-supereffective|p1a: Klawf\n|-damage|p1a: Klawf|117/272\n|-boost|p2a: Seviper|spe|1\n|\n|-weather|none\n|-heal|p2a: Seviper|100/287|[from] item: Leftovers\n|upkeep\n|turn|11\n|\n|t:|1782858491\n|move|p2a: Seviper|Trailblaze|p1a: Klawf\n|-supereffective|p1a: Klawf\n|-damage|p1a: Klawf|0 fnt\n|-boost|p2a: Seviper|spe|1\n|faint|p1a: Klawf\n|\n|-heal|p2a: Seviper|117/287|[from] item: Leftovers\n|upkeep\n|\n|t:|1782858495\n|switch|p1a: Kricketune|Kricketune, L99, M|312/312\n|turn|12\n|\n|t:|1782858502\n|move|p2a: Seviper|Gunk Shot|p1a: Kricketune\n|-damage|p1a: Kricketune|0 fnt\n|faint|p1a: Kricketune\n|\n|-heal|p2a: Seviper|134/287|[from] item: Leftovers\n|upkeep\n|\n|t:|1782858508\n|switch|p1a: Tatsugiri|Tatsugiri, L87, F|260/260\n|turn|13\n|\n|t:|1782858511\n|move|p2a: Seviper|Gunk Shot|p1a: Tatsugiri\n|-damage|p1a: Tatsugiri|0 fnt\n|faint|p1a: Tatsugiri\n|\n|-heal|p2a: Seviper|151/287|[from] item: Leftovers\n|upkeep\n|\n|t:|1782858514\n|switch|p1a: Rotom|Rotom-Mow, L87|115/229\n|turn|14\n|\n|t:|1782858520\n|-terastallize|p1a: Rotom|Electric\n|move|p2a: Seviper|Gunk Shot|p1a: Rotom\n|-damage|p1a: Rotom|0 fnt\n|faint|p1a: Rotom\n|\n|-heal|p2a: Seviper|168/287|[from] item: Leftovers\n|upkeep\n|-message|Micciu forfeited.\n|\n|win|Mikayel\n|raw|Micciu's rating: 1954 &rarr; <strong>1933</strong><br />(-21 for losing)\n|raw|Mikayel's rating: 1928 &rarr; <strong>1949</strong><br />(+21 for winning)\n|l|\u2606Micciu\n|player|p1|\n", "inputlog": ">version f8ac14003a5f27e1bdc8d8c59608a773c1cb96e5\n>start {\"formatid\":\"gen9randombattle\",\"seed\":\"sodium,dedfc5fcfa89da2fbfa4697c6d74fb9c\",\"rated\":\"Rated battle\"}\n>player p1 {\"name\":\"Micciu\",\"avatar\":\"#wcop2026france\",\"rating\":1954,\"seed\":\"sodium,9952bbbab400dcd01dcf7d052557bd6f\"}\n>player p2 {\"name\":\"Mikayel\",\"avatar\":\"ash\",\"rating\":1928,\"seed\":\"sodium,badb45febb751fd2745111681b1eb374\"}\n>p1 move hydropump\n>p2 move dragondance\n>p1 move haze\n>p2 move liquidation\n>p1 move hydropump\n>p2 move dragondance\n>p1 switch 2\n>p2 move liquidation\n>p1 switch 6\n>p2 move crunch\n>p1 move voltswitch\n>p2 move icepunch\n>p1 switch 2\n>p2 switch 4\n>p1 move rest\n>p2 move closecombat\n>p1 switch 3\n>p1 move drainingkiss\n>p2 switch 5\n>p1 switch 5\n>p2 move swordsdance\n>p1 move stoneedge\n>p2 move trailblaze\n>p1 move knockoff\n>p2 move trailblaze\n>p1 switch 4\n>p1 move pounce\n>p2 move gunkshot\n>p1 switch 6\n>p1 move surf\n>p2 move gunkshot\n>p1 switch 2\n>p1 move thunderbolt terastallize\n>p2 move gunkshot\n>forcelose p1", "uploadtime": 1782858523, "views": 9, "formatid": "gen9randombattle", "rating": 1933, "private": 0, "password": null, "player_dets": [{"name": "Micciu", "avatar": "#wcop2026france", "rating": 1954, "seed": "sodium,9952bbbab400dcd01dcf7d052557bd6f"}, {"name": "Mikayel", "avatar": "ash", "rating": 1928, "seed": "sodium,badb45febb751fd2745111681b1eb374"}], "teams_full": [{"Politoed": {"name": "Politoed", "species": "Politoed", "speciesId": "politoed", "gender": "M", "shiny": false, "level": 88, "moves": ["icebeam", "haze", "rest", "hydropump"], "ability": "Drizzle", "evs": {"hp": 85, "atk": 0, "def": 85, "spa": 85, "spd": 85, "spe": 85}, "ivs": {"hp": 31, "atk": 0, "def": 31, "spa": 31, "spd": 31, "spe": 31}, "item": "Chesto Berry", "teraType": "Steel", "role": "Bulky Attacker", "bvs": {"hp": 90, "atk": 75, "def": 75, "spa": 90, "spd": 100, "spe": 70}, "stats": {"hp": 302, "atk": 137, "def": 182, "spa": 209, "spd": 226, "spe": 173}, "types": ["Water"]}, "Tatsugiri": {"name": "Tatsugiri", "species": "Tatsugiri", "speciesId": "tatsugiri", "gender": "F", "shiny": false, "level": 87, "moves": ["nastyplot", "rapidspin", "dracometeor", "surf"], "ability": "Storm Drain", "evs": {"hp": 85, "atk": 85, "def": 85, "spa": 85, "spd": 85, "spe": 85}, "ivs": {"hp": 31, "atk": 31, "def": 31, "spa": 31, "spd": 31, "spe": 31}, "item": "Heavy-Duty Boots", "teraType": "Water", "role": "Fast Support", "bvs": {"hp": 68, "atk": 50, "def": 60, "spa": 120, "spd": 95, "spe": 82}, "stats": {"hp": 260, "atk": 137, "def": 154, "spa": 259, "spd": 215, "spe": 192}, "types": ["Dragon", "Water"]}, "Comfey": {"name": "Comfey", "species": "Comfey", "speciesId": "comfey", "gender": "F", "shiny": false, "level": 85, "moves": ["gigadrain", "calmmind", "storedpower", "drainingkiss"], "ability": "Triage", "evs": {"hp": 85, "atk": 0, "def": 85, "spa": 85, "spd": 85, "spe": 85}, "ivs": {"hp": 31, "atk": 0, "def": 31, "spa": 31, "spd": 31, "spe": 31}, "item": "Leftovers", "teraType": "Fairy", "role": "Bulky Setup", "bvs": {"hp": 51, "atk": 52, "def": 90, "spa": 82, "spd": 110, "spe": 100}, "stats": {"hp": 225, "atk": 93, "def": 202, "spa": 188, "spd": 236, "spe": 219}, "types": ["Fairy"]}, "Kricketune": {"name": "Kricketune", "species": "Kricketune", "speciesId": "kricketune", "gender": "M", "shiny": false, "level": 99, "moves": ["knockoff", "taunt", "pounce", "stickyweb"], "ability": "Technician", "evs": {"hp": 85, "atk": 85, "def": 85, "spa": 85, "spd": 85, "spe": 85}, "ivs": {"hp": 31, "atk": 31, "def": 31, "spa": 31, "spd": 31, "spe": 31}, "item": "Heavy-Duty Boots", "teraType": "Ghost", "role": "Fast Support", "bvs": {"hp": 77, "atk": 85, "def": 51, "spa": 55, "spd": 51, "spe": 65}, "stats": {"hp": 312, "atk": 224, "def": 157, "spa": 165, "spd": 157, "spe": 185}, "types": ["Bug"]}, "Klawf": {"name": "Klawf", "species": "Klawf", "speciesId": "klawf", "gender": "F", "shiny": false, "level": 90, "moves": ["knockoff", "crabhammer", "stoneedge", "stealthrock"], "ability": "Regenerator", "evs": {"hp": 85, "atk": 85, "def": 85, "spa": 85, "spd": 85, "spe": 85}, "ivs": {"hp": 31, "atk": 31, "def": 31, "spa": 31, "spd": 31, "spe": 31}, "item": "Life Orb", "teraType": "Rock", "role": "Fast Attacker", "bvs": {"hp": 70, "atk": 100, "def": 115, "spa": 35, "spd": 55, "spe": 75}, "stats": {"hp": 272, "atk": 231, "def": 258, "spa": 114, "spd": 150, "spe": 186}, "types": ["Rock"]}, "Rotom": {"name": "Rotom", "species": "Rotom-Mow", "speciesId": "rotommow", "gender": "N", "shiny": false, "level": 87, "moves": ["thunderbolt", "leafstorm", "voltswitch", "trick"], "ability": "Levitate", "evs": {"hp": 85, "atk": 0, "def": 85, "spa": 85, "spd": 85, "spe": 85}, "ivs": {"hp": 31, "atk": 0, "def": 31, "spa": 31, "spd": 31, "spe": 31}, "item": "Choice Scarf", "teraType": "Electric", "role": "Bulky Attacker", "bvs": {"hp": 50, "atk": 65, "def": 107, "spa": 105, "spd": 107, "spe": 86}, "stats": {"hp": 229, "atk": 118, "def": 236, "spa": 232, "spd": 236, "spe": 199}, "types": ["Electric", "Grass"]}}, {"Feraligatr": {"name": "Feraligatr", "species": "Feraligatr", "speciesId": "feraligatr", "gender": "F", "shiny": false, "level": 79, "moves": ["dragondance", "icepunch", "liquidation", "crunch"], "ability": "Sheer Force", "evs": {"hp": 85, "atk": 85, "def": 85, "spa": 85, "spd": 85, "spe": 85}, "ivs": {"hp": 31, "atk": 31, "def": 31, "spa": 31, "spd": 31, "spe": 31}, "item": "Life Orb", "teraType": "Dragon", "role": "Fast Bulky Setup", "bvs": {"hp": 85, "atk": 105, "def": 100, "spa": 79, "spd": 83, "spe": 78}, "stats": {"hp": 264, "atk": 211, "def": 204, "spa": 170, "spd": 177, "spe": 169}, "types": ["Water"]}, "Landorus": {"name": "Landorus", "species": "Landorus-Therian", "speciesId": "landorustherian", "gender": "M", "shiny": false, "level": 76, "moves": ["uturn", "earthquake", "taunt", "stoneedge"], "ability": "Intimidate", "evs": {"hp": 85, "atk": 85, "def": 85, "spa": 85, "spd": 85, "spe": 85}, "ivs": {"hp": 31, "atk": 31, "def": 31, "spa": 31, "spd": 31, "spe": 31}, "item": "Leftovers", "teraType": "Water", "role": "Bulky Support", "bvs": {"hp": 89, "atk": 145, "def": 90, "spa": 105, "spd": 80, "spe": 91}, "stats": {"hp": 260, "atk": 264, "def": 181, "spa": 204, "spd": 166, "spe": 182}, "types": ["Ground", "Flying"]}, "Comfey": {"name": "Comfey", "species": "Comfey", "speciesId": "comfey", "gender": "M", "shiny": false, "level": 85, "moves": ["gigadrain", "calmmind", "drainingkiss", "storedpower"], "ability": "Triage", "evs": {"hp": 85, "atk": 0, "def": 85, "spa": 85, "spd": 85, "spe": 85}, "ivs": {"hp": 31, "atk": 0, "def": 31, "spa": 31, "spd": 31, "spe": 31}, "item": "Leftovers", "teraType": "Steel", "role": "Bulky Setup", "bvs": {"hp": 51, "atk": 52, "def": 90, "spa": 82, "spd": 110, "spe": 100}, "stats": {"hp": 225, "atk": 93, "def": 202, "spa": 188, "spd": 236, "spe": 219}, "types": ["Fairy"]}, "Poliwrath": {"name": "Poliwrath", "species": "Poliwrath", "speciesId": "poliwrath", "gender": "F", "shiny": false, "level": 88, "moves": ["raindance", "closecombat", "liquidation", "knockoff"], "ability": "Swift Swim", "evs": {"hp": 85, "atk": 85, "def": 85, "spa": 85, "spd": 85, "spe": 85}, "ivs": {"hp": 31, "atk": 31, "def": 31, "spa": 31, "spd": 31, "spe": 31}, "item": "Life Orb", "teraType": "Water", "role": "Setup Sweeper", "bvs": {"hp": 90, "atk": 95, "def": 95, "spa": 70, "spd": 90, "spe": 70}, "stats": {"hp": 302, "atk": 217, "def": 217, "spa": 173, "spd": 209, "spe": 173}, "types": ["Water", "Fighting"]}, "Seviper": {"name": "Seviper", "species": "Seviper", "speciesId": "seviper", "gender": "M", "shiny": false, "level": 93, "moves": ["trailblaze", "gunkshot", "earthquake", "swordsdance"], "ability": "Infiltrator", "evs": {"hp": 85, "atk": 85, "def": 85, "spa": 85, "spd": 85, "spe": 85}, "ivs": {"hp": 31, "atk": 31, "def": 31, "spa": 31, "spd": 31, "spe": 31}, "item": "Leftovers", "teraType": "Ground", "role": "Bulky Setup", "bvs": {"hp": 73, "atk": 100, "def": 60, "spa": 100, "spd": 60, "spe": 65}, "stats": {"hp": 287, "atk": 239, "def": 164, "spa": 239, "spd": 164, "spe": 174}, "types": ["Poison"]}, "Rillaboom": {"name": "Rillaboom", "species": "Rillaboom", "speciesId": "rillaboom", "gender": "M", "shiny": false, "level": 79, "moves": ["grassyglide", "swordsdance", "highhorsepower", "woodhammer"], "ability": "Grassy Surge", "evs": {"hp": 85, "atk": 85, "def": 85, "spa": 85, "spd": 85, "spe": 85}, "ivs": {"hp": 31, "atk": 31, "def": 31, "spa": 31, "spd": 31, "spe": 31}, "item": "Life Orb", "teraType": "Grass", "role": "Fast Attacker", "bvs": {"hp": 100, "atk": 125, "def": 90, "spa": 60, "spd": 70, "spe": 85}, "stats": {"hp": 288, "atk": 243, "def": 188, "spa": 140, "spd": 156, "spe": 180}, "types": ["Grass"]}}]}