{"id": "gen9randombattle-2642214194", "format": "[Gen 9] Random Battle", "players": ["jnpr010334", "grlfailure"], "log": "|j|\u2606jnpr010334\n|j|\u2606grlfailure\n|t:|1782911934\n|gametype|singles\n|player|p1|jnpr010334|265|1821\n|player|p2|grlfailure|2|1806\n|gen|9\n|tier|[Gen 9] Random Battle\n|rated|\n|rule|Species Clause: Limit one of each Pok\u00e9mon\n|rule|HP Percentage Mod: HP is shown in percentages\n|rule|Sleep Clause Mod: Limit one foe put to sleep\n|rule|Illusion Level Mod: Illusion disguises the Pok\u00e9mon's true level\n|\n|t:|1782911934\n|teamsize|p1|6\n|teamsize|p2|6\n|start\n|switch|p1a: Blastoise|Blastoise, L80, F|258/258\n|switch|p2a: Mightyena|Mightyena, L96, F|290/290\n|-ability|p2a: Mightyena|Intimidate|boost\n|-unboost|p1a: Blastoise|atk|1\n|-enditem|p1a: Blastoise|White Herb\n|-clearnegativeboost|p1a: Blastoise|[silent]\n|turn|1\n|\n|t:|1782911941\n|move|p2a: Mightyena|Super Fang|p1a: Blastoise\n|-damage|p1a: Blastoise|129/258\n|move|p1a: Blastoise|Shell Smash|p1a: Blastoise\n|-unboost|p1a: Blastoise|def|1\n|-unboost|p1a: Blastoise|spd|1\n|-boost|p1a: Blastoise|atk|2\n|-boost|p1a: Blastoise|spa|2\n|-boost|p1a: Blastoise|spe|2\n|\n|upkeep\n|turn|2\n|inactive|Battle timer is ON: inactive players will automatically lose when time's up. (requested by jnpr010334)\n|\n|t:|1782911946\n|move|p1a: Blastoise|Hydro Pump|p2a: Mightyena\n|-damage|p2a: Mightyena|131/290\n|move|p2a: Mightyena|Crunch|p1a: Blastoise\n|-damage|p1a: Blastoise|0 fnt\n|faint|p1a: Blastoise\n|\n|upkeep\n|\n|t:|1782911949\n|switch|p1a: Rhydon|Rhydon, L85, M|317/317\n|turn|3\n|\n|t:|1782911957\n|move|p2a: Mightyena|Super Fang|p1a: Rhydon\n|-damage|p1a: Rhydon|159/317\n|move|p1a: Rhydon|Stealth Rock|p2a: Mightyena\n|-sidestart|p2: grlfailure|move: Stealth Rock\n|\n|upkeep\n|turn|4\n|\n|t:|1782911959\n|switch|p2a: Manaphy|Manaphy, L78|284/284\n|-damage|p2a: Manaphy|249/284|[from] Stealth Rock\n|move|p1a: Rhydon|Megahorn|p2a: Manaphy\n|-damage|p2a: Manaphy|137/284\n|\n|-heal|p2a: Manaphy|154/284|[from] item: Leftovers\n|upkeep\n|turn|5\n|\n|t:|1782911961\n|switch|p1a: Porygon-Z|Porygon-Z, L83|277/277\n|move|p2a: Manaphy|Hydro Pump|p1a: Porygon-Z\n|-damage|p1a: Porygon-Z|157/277\n|\n|-heal|p2a: Manaphy|171/284|[from] item: Leftovers\n|upkeep\n|turn|6\n|\n|t:|1782911966\n|move|p2a: Manaphy|Hydro Pump|p1a: Porygon-Z\n|-damage|p1a: Porygon-Z|43/277\n|move|p1a: Porygon-Z|Tera Blast|p2a: Manaphy\n|-damage|p2a: Manaphy|0 fnt\n|faint|p2a: Manaphy\n|-damage|p1a: Porygon-Z|16/277|[from] item: Life Orb\n|\n|upkeep\n|\n|t:|1782911974\n|switch|p2a: Latias|Latias, L79, F|256/256\n|-damage|p2a: Latias|224/256|[from] Stealth Rock\n|turn|7\n|\n|t:|1782911979\n|switch|p1a: Incineroar|Incineroar, L82, M|290/290\n|-ability|p1a: Incineroar|Intimidate|boost\n|-unboost|p2a: Latias|atk|1\n|move|p2a: Latias|Psyshock|p1a: Incineroar\n|-immune|p1a: Incineroar\n|\n|upkeep\n|turn|8\n|\n|t:|1782911984\n|switch|p2a: Mightyena|Mightyena, L96, F|131/290\n|-damage|p2a: Mightyena|95/290|[from] Stealth Rock\n|-ability|p2a: Mightyena|Intimidate|boost\n|-unboost|p1a: Incineroar|atk|1\n|move|p1a: Incineroar|Knock Off|p2a: Mightyena\n|-resisted|p2a: Mightyena\n|-damage|p2a: Mightyena|58/290\n|-enditem|p2a: Mightyena|Assault Vest|[from] move: Knock Off|[of] p1a: Incineroar\n|\n|upkeep\n|turn|9\n|\n|t:|1782911989\n|switch|p1a: Rhydon|Rhydon, L85, M|159/317\n|move|p2a: Mightyena|Super Fang|p1a: Rhydon\n|-damage|p1a: Rhydon|80/317\n|\n|upkeep\n|turn|10\n|\n|t:|1782911993\n|move|p2a: Mightyena|Crunch|p1a: Rhydon\n|-damage|p1a: Rhydon|26/317\n|-unboost|p1a: Rhydon|def|1\n|move|p1a: Rhydon|Earthquake|p2a: Mightyena\n|-damage|p2a: Mightyena|0 fnt\n|faint|p2a: Mightyena\n|\n|upkeep\n|\n|t:|1782912000\n|switch|p2a: Luxray|Luxray, L88, M|283/283\n|-damage|p2a: Luxray|248/283|[from] Stealth Rock\n|turn|11\n|\n|t:|1782912003\n|move|p2a: Luxray|Trailblaze|p1a: Rhydon\n|-supereffective|p1a: Rhydon\n|-damage|p1a: Rhydon|0 fnt\n|-boost|p2a: Luxray|spe|1\n|faint|p1a: Rhydon\n|\n|-status|p2a: Luxray|brn|[from] item: Flame Orb\n|upkeep\n|\n|t:|1782912005\n|switch|p1a: Seviper|Seviper, L93, F|287/287\n|turn|12\n|\n|t:|1782912011\n|-terastallize|p2a: Luxray|Normal\n|move|p1a: Seviper|Earthquake|p2a: Luxray\n|-damage|p2a: Luxray|152/283 brn\n|move|p2a: Luxray|Facade|p1a: Seviper\n|-damage|p1a: Seviper|0 fnt\n|faint|p1a: Seviper\n|\n|-damage|p2a: Luxray|135/283 brn|[from] brn\n|upkeep\n|\n|t:|1782912013\n|switch|p1a: Porygon-Z|Porygon-Z, L83|16/277\n|turn|13\n|\n|t:|1782912017\n|move|p2a: Luxray|Trailblaze|p1a: Porygon-Z\n|-damage|p1a: Porygon-Z|0 fnt\n|-boost|p2a: Luxray|spe|1\n|faint|p1a: Porygon-Z\n|\n|-damage|p2a: Luxray|118/283 brn|[from] brn\n|upkeep\n|\n|t:|1782912019\n|switch|p1a: Incineroar|Incineroar, L82, M|290/290\n|-ability|p1a: Incineroar|Intimidate|boost\n|-unboost|p2a: Luxray|atk|1\n|turn|14\n|\n|t:|1782912023\n|move|p2a: Luxray|Facade|p1a: Incineroar\n|-damage|p1a: Incineroar|112/290\n|move|p1a: Incineroar|Close Combat|p2a: Luxray\n|-supereffective|p2a: Luxray\n|-damage|p2a: Luxray|0 fnt\n|-unboost|p1a: Incineroar|def|1\n|-unboost|p1a: Incineroar|spd|1\n|faint|p2a: Luxray\n|\n|upkeep\n|\n|t:|1782912026\n|switch|p2a: Moltres|Moltres-Galar, L79|271/271\n|-damage|p2a: Moltres|204/271|[from] Stealth Rock\n|turn|15\n|\n|t:|1782912032\n|switch|p1a: Salamence|Salamence, L77, F|273/273\n|-ability|p1a: Salamence|Intimidate|boost\n|-unboost|p2a: Moltres|atk|1\n|move|p2a: Moltres|Hurricane|p1a: Salamence\n|-damage|p1a: Salamence|155/273\n|\n|upkeep\n|turn|16\n|\n|t:|1782912034\n|-terastallize|p1a: Salamence|Dragon\n|move|p1a: Salamence|Dragon Dance|p1a: Salamence\n|-boost|p1a: Salamence|atk|1\n|-boost|p1a: Salamence|spe|1\n|move|p2a: Moltres|Nasty Plot|p2a: Moltres\n|-boost|p2a: Moltres|spa|2\n|\n|upkeep\n|turn|17\n|\n|t:|1782912038\n|move|p1a: Salamence|Outrage|p2a: Moltres\n|-damage|p2a: Moltres|0 fnt\n|faint|p2a: Moltres\n|\n|upkeep\n|\n|t:|1782912040\n|switch|p2a: Slowking|Slowking-Galar, L85, M|300/300\n|turn|18\n|\n|t:|1782912046\n|move|p1a: Salamence|Outrage|p2a: Slowking|[from] lockedmove\n|-damage|p2a: Slowking|14/300\n|move|p2a: Slowking|Sludge Bomb|p1a: Salamence\n|-damage|p1a: Salamence|20/273\n|\n|upkeep\n|turn|19\n|\n|t:|1782912052\n|move|p1a: Salamence|Outrage|p2a: Slowking|[from] lockedmove\n|-damage|p2a: Slowking|0 fnt\n|faint|p2a: Slowking\n|-start|p1a: Salamence|confusion|[fatigue]\n|\n|upkeep\n|\n|t:|1782912053\n|switch|p2a: Latias|Latias, L79, F|224/256\n|-damage|p2a: Latias|192/256|[from] Stealth Rock\n|turn|20\n|\n|t:|1782912057\n|-activate|p1a: Salamence|confusion\n|move|p1a: Salamence|Outrage|p2a: Latias\n|-supereffective|p2a: Latias\n|-damage|p2a: Latias|0 fnt\n|faint|p2a: Latias\n|\n|win|jnpr010334\n|raw|jnpr010334's rating: 1829 &rarr; <strong>1848</strong><br />(+19 for winning)\n|raw|grlfailure's rating: 1806 &rarr; <strong>1787</strong><br />(-19 for losing)\n", "inputlog": ">version f8ac14003a5f27e1bdc8d8c59608a773c1cb96e5\n>start {\"formatid\":\"gen9randombattle\",\"seed\":\"sodium,32834d910f8167a9c1074c0bd53c7595\",\"rated\":\"Rated battle\"}\n>player p1 {\"name\":\"jnpr010334\",\"avatar\":\"265\",\"rating\":1821,\"seed\":\"sodium,658df5baf0d40db9e416e4bb1c10238a\"}\n>player p2 {\"name\":\"grlfailure\",\"avatar\":\"2\",\"rating\":1806,\"seed\":\"sodium,40cc441fedadf05a8689852258101bcb\"}\n>p1 move shellsmash\n>p2 move superfang\n>p1 move hydropump\n>p2 move crunch\n>p1 switch 3\n>p1 move stealthrock\n>p2 move superfang\n>p1 move megahorn\n>p2 switch 2\n>p1 switch 5\n>p2 move hydropump\n>p1 move terablast\n>p2 move hydropump\n>p2 switch 6\n>p1 switch 4\n>p2 move psyshock\n>p1 move knockoff\n>p2 switch 2\n>p1 switch 5\n>p2 move superfang\n>p1 move earthquake\n>p2 move crunch\n>p2 switch 5\n>p1 move earthquake\n>p2 move trailblaze\n>p1 switch 2\n>p1 move earthquake\n>p2 move facade terastallize\n>p1 switch 4\n>p1 move terablast\n>p2 move trailblaze\n>p1 switch 5\n>p1 move closecombat\n>p2 move facade\n>p2 switch 3\n>p1 switch 6\n>p2 move hurricane\n>p1 move dragondance terastallize\n>p2 move nastyplot\n>p1 move outrage\n>p2 move hurricane\n>p2 switch 4\n>p1 move outrage\n>p2 move sludgebomb\n>p1 move outrage\n>p2 move chillyreception\n>p2 switch 2\n>p1 move outrage\n>p2 move psyshock", "uploadtime": 1782912057, "views": 2, "formatid": "gen9randombattle", "rating": 1787, "private": 0, "password": null, "player_dets": [{"name": "jnpr010334", "avatar": "265", "rating": 1821, "seed": "sodium,658df5baf0d40db9e416e4bb1c10238a"}, {"name": "grlfailure", "avatar": "2", "rating": 1806, "seed": "sodium,40cc441fedadf05a8689852258101bcb"}], "teams_full": [{"Blastoise": {"name": "Blastoise", "species": "Blastoise", "speciesId": "blastoise", "gender": "F", "shiny": false, "level": 80, "moves": ["hydropump", "earthquake", "icebeam", "shellsmash"], "ability": "Torrent", "evs": {"hp": 85, "atk": 85, "def": 85, "spa": 85, "spd": 85, "spe": 85}, "ivs": {"hp": 31, "atk": 31, "def": 31, "spa": 31, "spd": 31, "spe": 31}, "item": "White Herb", "teraType": "Water", "role": "Setup Sweeper", "bvs": {"hp": 79, "atk": 83, "def": 100, "spa": 85, "spd": 105, "spe": 78}, "stats": {"hp": 258, "atk": 179, "def": 206, "spa": 182, "spd": 214, "spe": 171}, "types": ["Water"]}, "Seviper": {"name": "Seviper", "species": "Seviper", "speciesId": "seviper", "gender": "F", "shiny": false, "level": 93, "moves": ["flamethrower", "switcheroo", "gunkshot", "earthquake"], "ability": "Infiltrator", "evs": {"hp": 85, "atk": 85, "def": 85, "spa": 85, "spd": 85, "spe": 85}, "ivs": {"hp": 31, "atk": 31, "def": 31, "spa": 31, "spd": 31, "spe": 31}, "item": "Choice Scarf", "teraType": "Fire", "role": "Fast Attacker", "bvs": {"hp": 73, "atk": 100, "def": 60, "spa": 100, "spd": 60, "spe": 65}, "stats": {"hp": 287, "atk": 239, "def": 164, "spa": 239, "spd": 164, "spe": 174}, "types": ["Poison"]}, "Rhydon": {"name": "Rhydon", "species": "Rhydon", "speciesId": "rhydon", "gender": "M", "shiny": false, "level": 85, "moves": ["stealthrock", "earthquake", "stoneedge", "megahorn"], "ability": "Lightning Rod", "evs": {"hp": 85, "atk": 85, "def": 85, "spa": 85, "spd": 85, "spe": 85}, "ivs": {"hp": 31, "atk": 31, "def": 31, "spa": 31, "spd": 31, "spe": 31}, "item": "Eviolite", "teraType": "Water", "role": "Bulky Attacker", "bvs": {"hp": 105, "atk": 130, "def": 120, "spa": 45, "spd": 45, "spe": 40}, "stats": {"hp": 317, "atk": 270, "def": 253, "spa": 125, "spd": 125, "spe": 117}, "types": ["Ground", "Rock"]}, "Incineroar": {"name": "Incineroar", "species": "Incineroar", "speciesId": "incineroar", "gender": "M", "shiny": false, "level": 82, "moves": ["closecombat", "uturn", "knockoff", "overheat"], "ability": "Intimidate", "evs": {"hp": 85, "atk": 85, "def": 85, "spa": 85, "spd": 85, "spe": 85}, "ivs": {"hp": 31, "atk": 31, "def": 31, "spa": 31, "spd": 31, "spe": 31}, "item": "Assault Vest", "teraType": "Fighting", "role": "AV Pivot", "bvs": {"hp": 95, "atk": 115, "def": 90, "spa": 80, "spd": 90, "spe": 60}, "stats": {"hp": 290, "atk": 236, "def": 195, "spa": 178, "spd": 195, "spe": 146}, "types": ["Fire", "Dark"]}, "Porygon-Z": {"name": "Porygon-Z", "species": "Porygon-Z", "speciesId": "porygonz", "gender": "N", "shiny": false, "level": 83, "moves": ["shadowball", "agility", "nastyplot", "terablast"], "ability": "Adaptability", "evs": {"hp": 85, "atk": 0, "def": 85, "spa": 85, "spd": 85, "spe": 85}, "ivs": {"hp": 31, "atk": 0, "def": 31, "spa": 31, "spd": 31, "spe": 31}, "item": "Life Orb", "teraType": "Fighting", "role": "Tera Blast user", "bvs": {"hp": 85, "atk": 80, "def": 70, "spa": 135, "spd": 75, "spe": 90}, "stats": {"hp": 277, "atk": 137, "def": 164, "spa": 272, "spd": 172, "spe": 197}, "types": ["Normal"]}, "Salamence": {"name": "Salamence", "species": "Salamence", "speciesId": "salamence", "gender": "F", "shiny": false, "level": 77, "moves": ["dragondance", "roost", "outrage", "dualwingbeat"], "ability": "Intimidate", "evs": {"hp": 85, "atk": 85, "def": 85, "spa": 85, "spd": 85, "spe": 85}, "ivs": {"hp": 31, "atk": 31, "def": 31, "spa": 31, "spd": 31, "spe": 31}, "item": "Heavy-Duty Boots", "teraType": "Dragon", "role": "Setup Sweeper", "bvs": {"hp": 95, "atk": 135, "def": 80, "spa": 110, "spd": 80, "spe": 100}, "stats": {"hp": 273, "atk": 252, "def": 168, "spa": 214, "spd": 168, "spe": 199}, "types": ["Dragon", "Flying"]}}, {"Mightyena": {"name": "Mightyena", "species": "Mightyena", "speciesId": "mightyena", "gender": "F", "shiny": false, "level": 96, "moves": ["playrough", "crunch", "suckerpunch", "superfang"], "ability": "Intimidate", "evs": {"hp": 85, "atk": 85, "def": 85, "spa": 85, "spd": 85, "spe": 85}, "ivs": {"hp": 31, "atk": 31, "def": 31, "spa": 31, "spd": 31, "spe": 31}, "item": "Assault Vest", "teraType": "Fairy", "role": "AV Pivot", "bvs": {"hp": 70, "atk": 90, "def": 70, "spa": 60, "spd": 60, "spe": 70}, "stats": {"hp": 290, "atk": 227, "def": 189, "spa": 170, "spd": 170, "spe": 189}, "types": ["Dark"]}, "Manaphy": {"name": "Manaphy", "species": "Manaphy", "speciesId": "manaphy", "gender": "N", "shiny": false, "level": 78, "moves": ["tailglow", "energyball", "hydropump", "icebeam"], "ability": "Hydration", "evs": {"hp": 85, "atk": 0, "def": 85, "spa": 85, "spd": 85, "spe": 85}, "ivs": {"hp": 31, "atk": 0, "def": 31, "spa": 31, "spd": 31, "spe": 31}, "item": "Leftovers", "teraType": "Grass", "role": "Bulky Setup", "bvs": {"hp": 100, "atk": 100, "def": 100, "spa": 100, "spd": 100, "spe": 100}, "stats": {"hp": 284, "atk": 161, "def": 201, "spa": 201, "spd": 201, "spe": 201}, "types": ["Water"]}, "Moltres": {"name": "Moltres", "species": "Moltres-Galar", "speciesId": "moltresgalar", "gender": "N", "shiny": false, "level": 79, "moves": ["hurricane", "fierywrath", "nastyplot", "rest"], "ability": "Berserk", "evs": {"hp": 81, "atk": 0, "def": 85, "spa": 85, "spd": 85, "spe": 85}, "ivs": {"hp": 31, "atk": 0, "def": 31, "spa": 31, "spd": 31, "spe": 31}, "item": "Chesto Berry", "teraType": "Dark", "role": "Bulky Setup", "bvs": {"hp": 90, "atk": 85, "def": 90, "spa": 100, "spd": 125, "spe": 90}, "stats": {"hp": 271, "atk": 139, "def": 188, "spa": 204, "spd": 243, "spe": 188}, "types": ["Dark", "Flying"]}, "Slowking": {"name": "Slowking", "species": "Slowking-Galar", "speciesId": "slowkinggalar", "gender": "M", "shiny": false, "level": 85, "moves": ["sludgebomb", "slackoff", "chillyreception", "psychicnoise"], "ability": "Regenerator", "evs": {"hp": 85, "atk": 0, "def": 85, "spa": 85, "spd": 85, "spe": 85}, "ivs": {"hp": 31, "atk": 0, "def": 31, "spa": 31, "spd": 31, "spe": 31}, "item": "Heavy-Duty Boots", "teraType": "Fairy", "role": "Bulky Attacker", "bvs": {"hp": 95, "atk": 65, "def": 80, "spa": 110, "spd": 110, "spe": 30}, "stats": {"hp": 300, "atk": 115, "def": 185, "spa": 236, "spd": 236, "spe": 100}, "types": ["Poison", "Psychic"]}, "Luxray": {"name": "Luxray", "species": "Luxray", "speciesId": "luxray", "gender": "M", "shiny": false, "level": 88, "moves": ["trailblaze", "supercellslam", "throatchop", "facade"], "ability": "Guts", "evs": {"hp": 81, "atk": 85, "def": 85, "spa": 85, "spd": 85, "spe": 85}, "ivs": {"hp": 31, "atk": 31, "def": 31, "spa": 31, "spd": 31, "spe": 31}, "item": "Flame Orb", "teraType": "Normal", "role": "Setup Sweeper", "bvs": {"hp": 80, "atk": 120, "def": 79, "spa": 95, "spd": 79, "spe": 70}, "stats": {"hp": 283, "atk": 261, "def": 189, "spa": 217, "spd": 189, "spe": 173}, "types": ["Electric"]}, "Latias": {"name": "Latias", "species": "Latias", "speciesId": "latias", "gender": "F", "shiny": false, "level": 79, "moves": ["calmmind", "psyshock", "recover", "dracometeor"], "ability": "Levitate", "evs": {"hp": 85, "atk": 0, "def": 85, "spa": 85, "spd": 85, "spe": 85}, "ivs": {"hp": 31, "atk": 0, "def": 31, "spa": 31, "spd": 31, "spe": 31}, "item": "Soul Dew", "teraType": "Steel", "role": "Fast Bulky Setup", "bvs": {"hp": 80, "atk": 80, "def": 90, "spa": 110, "spd": 130, "spe": 110}, "stats": {"hp": 256, "atk": 131, "def": 188, "spa": 219, "spd": 251, "spe": 219}, "types": ["Dragon", "Psychic"]}}]}