{"id": "gen9randombattle-2642075759", "format": "[Gen 9] Random Battle", "players": ["jnpr010334", "yungcheekless"], "log": "|j|\u2606jnpr010334\n|j|\u2606yungcheekless\n|t:|1782884604\n|gametype|singles\n|player|p1|jnpr010334|265|1782\n|player|p2|yungcheekless|169|1781\n|gen|9\n|tier|[Gen 9] Random Battle\n|rated|\n|rule|Species Clause: Limit one of each Pok\u00e9mon\n|rule|HP Percentage Mod: HP is shown in percentages\n|rule|Sleep Clause Mod: Limit one foe put to sleep\n|rule|Illusion Level Mod: Illusion disguises the Pok\u00e9mon's true level\n|\n|t:|1782884604\n|teamsize|p1|6\n|teamsize|p2|6\n|start\n|switch|p1a: Magcargo|Magcargo, L95, F|268/268\n|switch|p2a: Mismagius|Mismagius, L86, F|243/243\n|turn|1\n|inactive|Battle timer is ON: inactive players will automatically lose when time's up. (requested by jnpr010334)\n|\n|t:|1782884627\n|switch|p2a: Blissey|Blissey, L85, F|572/572\n|switch|p1a: Zarude|Zarude-Dada, L77, shiny|288/288\n|\n|upkeep\n|turn|2\n|\n|t:|1782884641\n|switch|p2a: Altaria|Altaria, L89, M|278/278\n|move|p1a: Zarude|Close Combat|p2a: Altaria\n|-resisted|p2a: Altaria\n|-damage|p2a: Altaria|221/278\n|-unboost|p1a: Zarude|def|1\n|-unboost|p1a: Zarude|spd|1\n|\n|upkeep\n|turn|3\n|\n|t:|1782884643\n|switch|p1a: Magcargo|Magcargo, L95, F|268/268\n|move|p2a: Altaria|Will-O-Wisp|p1a: Magcargo\n|-immune|p1a: Magcargo\n|\n|upkeep\n|turn|4\n|\n|t:|1782884647\n|switch|p2a: Blissey|Blissey, L85, F|572/572\n|move|p1a: Magcargo|Shell Smash|p1a: Magcargo\n|-unboost|p1a: Magcargo|def|1\n|-unboost|p1a: Magcargo|spd|1\n|-boost|p1a: Magcargo|atk|2\n|-boost|p1a: Magcargo|spa|2\n|-boost|p1a: Magcargo|spe|2\n|\n|upkeep\n|turn|5\n|\n|t:|1782884651\n|move|p1a: Magcargo|Shell Smash|p1a: Magcargo\n|-unboost|p1a: Magcargo|def|1\n|-unboost|p1a: Magcargo|spd|1\n|-boost|p1a: Magcargo|atk|2\n|-boost|p1a: Magcargo|spa|2\n|-boost|p1a: Magcargo|spe|2\n|move|p2a: Blissey|Thunder Wave|p1a: Magcargo\n|-status|p1a: Magcargo|par\n|\n|upkeep\n|turn|6\n|\n|t:|1782884655\n|move|p1a: Magcargo|Fire Blast|p2a: Blissey|[miss]\n|-miss|p1a: Magcargo|p2a: Blissey\n|move|p2a: Blissey|Stealth Rock|p1a: Magcargo\n|-sidestart|p1: jnpr010334|move: Stealth Rock\n|\n|upkeep\n|turn|7\n|\n|t:|1782884660\n|cant|p1a: Magcargo|par\n|move|p2a: Blissey|Seismic Toss|p1a: Magcargo\n|-damage|p1a: Magcargo|183/268 par\n|-ability|p1a: Magcargo|Weak Armor|boost\n|-unboost|p1a: Magcargo|def|1\n|-boost|p1a: Magcargo|spe|2\n|\n|upkeep\n|turn|8\n|\n|t:|1782884667\n|move|p1a: Magcargo|Fire Blast|p2a: Blissey|[miss]\n|-miss|p1a: Magcargo|p2a: Blissey\n|move|p2a: Blissey|Seismic Toss|p1a: Magcargo\n|-damage|p1a: Magcargo|98/268 par\n|-ability|p1a: Magcargo|Weak Armor|boost\n|-unboost|p1a: Magcargo|def|1\n|\n|upkeep\n|turn|9\n|c|\u2606yungcheekless|dude i'm sorry\n|\n|t:|1782884674\n|cant|p1a: Magcargo|par\n|move|p2a: Blissey|Seismic Toss|p1a: Magcargo\n|-damage|p1a: Magcargo|13/268 par\n|-ability|p1a: Magcargo|Weak Armor|boost\n|-unboost|p1a: Magcargo|def|1\n|\n|upkeep\n|turn|10\n|\n|t:|1782884677\n|move|p1a: Magcargo|Fire Blast|p2a: Blissey|[miss]\n|-miss|p1a: Magcargo|p2a: Blissey\n|move|p2a: Blissey|Seismic Toss|p1a: Magcargo\n|-damage|p1a: Magcargo|0 fnt\n|faint|p1a: Magcargo\n|\n|upkeep\n|\n|t:|1782884679\n|switch|p1a: Zarude|Zarude-Dada, L77, shiny|288/288\n|-damage|p1a: Zarude|252/288|[from] Stealth Rock\n|turn|11\n|c|\u2606yungcheekless|my goodness i'm sorry\n|\n|t:|1782884688\n|switch|p2a: Altaria|Altaria, L89, M|221/278\n|move|p1a: Zarude|Knock Off|p2a: Altaria\n|-damage|p2a: Altaria|79/278\n|-enditem|p2a: Altaria|Heavy-Duty Boots|[from] move: Knock Off|[of] p1a: Zarude\n|\n|upkeep\n|turn|12\n|\n|t:|1782884692\n|move|p1a: Zarude|Knock Off|p2a: Altaria\n|-damage|p2a: Altaria|0 fnt\n|faint|p2a: Altaria\n|\n|upkeep\n|\n|t:|1782884695\n|switch|p2a: Flutter Mane|Flutter Mane, L74|203/203\n|turn|13\n|\n|t:|1782884698\n|switch|p1a: Clawitzer|Clawitzer, L87, F|265/265\n|-damage|p1a: Clawitzer|232/265|[from] Stealth Rock\n|move|p2a: Flutter Mane|Moonblast|p1a: Clawitzer\n|-damage|p1a: Clawitzer|141/265\n|-damage|p2a: Flutter Mane|183/203|[from] item: Life Orb\n|\n|upkeep\n|turn|14\n|\n|t:|1782884707\n|-end|p2a: Flutter Mane|Protosynthesis|[silent]\n|switch|p2a: Blissey|Blissey, L85, F|572/572\n|move|p1a: Clawitzer|Water Pulse|p2a: Blissey\n|-damage|p2a: Blissey|493/572\n|\n|-heal|p2a: Blissey|528/572|[from] item: Leftovers\n|upkeep\n|turn|15\n|\n|t:|1782884712\n|move|p1a: Clawitzer|U-turn|p2a: Blissey\n|-damage|p2a: Blissey|407/572\n|\n|t:|1782884716\n|switch|p1a: Dusknoir|Dusknoir, L89, F|225/225|[from] U-turn\n|-damage|p1a: Dusknoir|197/225|[from] Stealth Rock\n|-item|p2a: Blissey|Leftovers|[from] ability: Frisk|[of] p1a: Dusknoir\n|move|p2a: Blissey|Thunder Wave|p1a: Dusknoir\n|-status|p1a: Dusknoir|par\n|\n|-heal|p2a: Blissey|442/572|[from] item: Leftovers\n|upkeep\n|turn|16\n|\n|t:|1782884732\n|move|p2a: Blissey|Soft-Boiled|p2a: Blissey\n|-heal|p2a: Blissey|572/572\n|move|p1a: Dusknoir|Earthquake|p2a: Blissey\n|-damage|p2a: Blissey|233/572\n|\n|-heal|p2a: Blissey|268/572|[from] item: Leftovers\n|upkeep\n|turn|17\n|\n|t:|1782884736\n|switch|p2a: Mismagius|Mismagius, L86, F|243/243\n|move|p1a: Dusknoir|Earthquake|p2a: Mismagius\n|-immune|p2a: Mismagius|[from] ability: Levitate\n|\n|upkeep\n|turn|18\n|\n|t:|1782884740\n|switch|p1a: Zarude|Zarude-Dada, L77, shiny|252/288\n|-damage|p1a: Zarude|216/288|[from] Stealth Rock\n|move|p2a: Mismagius|Nasty Plot|p2a: Mismagius\n|-boost|p2a: Mismagius|spa|2\n|\n|upkeep\n|turn|19\n|\n|t:|1782884743\n|move|p2a: Mismagius|Dazzling Gleam|p1a: Zarude\n|-supereffective|p1a: Zarude\n|-damage|p1a: Zarude|0 fnt\n|faint|p1a: Zarude\n|-damage|p2a: Mismagius|219/243|[from] item: Life Orb\n|\n|upkeep\n|\n|t:|1782884745\n|switch|p1a: Raichu|Raichu, L88, F|249/249\n|-damage|p1a: Raichu|218/249|[from] Stealth Rock\n|turn|20\n|\n|t:|1782884748\n|move|p1a: Raichu|Thunderbolt|p2a: Mismagius\n|-damage|p2a: Mismagius|98/243\n|-damage|p1a: Raichu|194/249|[from] item: Life Orb\n|move|p2a: Mismagius|Shadow Ball|p1a: Raichu\n|-damage|p1a: Raichu|0 fnt\n|faint|p1a: Raichu\n|-damage|p2a: Mismagius|74/243|[from] item: Life Orb\n|\n|upkeep\n|\n|t:|1782884749\n|switch|p1a: Ludicolo|Ludicolo, L90, F|290/290\n|-damage|p1a: Ludicolo|254/290|[from] Stealth Rock\n|turn|21\n|\n|t:|1782884752\n|-terastallize|p1a: Ludicolo|Grass\n|move|p2a: Mismagius|Thunderbolt|p1a: Ludicolo\n|-resisted|p1a: Ludicolo\n|-damage|p1a: Ludicolo|173/290\n|-damage|p2a: Mismagius|50/243|[from] item: Life Orb\n|move|p1a: Ludicolo|Giga Drain|p2a: Mismagius\n|-damage|p2a: Mismagius|0 fnt\n|-heal|p1a: Ludicolo|198/290|[from] drain|[of] p2a: Mismagius\n|faint|p2a: Mismagius\n|-damage|p1a: Ludicolo|169/290|[from] item: Life Orb\n|\n|upkeep\n|\n|t:|1782884762\n|switch|p2a: Flutter Mane|Flutter Mane, L74|183/203\n|turn|22\n|\n|t:|1782884769\n|-terastallize|p2a: Flutter Mane|Fire\n|move|p2a: Flutter Mane|Mystical Fire|p1a: Ludicolo\n|-supereffective|p1a: Ludicolo\n|-crit|p1a: Ludicolo\n|-damage|p1a: Ludicolo|0 fnt\n|faint|p1a: Ludicolo\n|-damage|p2a: Flutter Mane|163/203|[from] item: Life Orb\n|\n|upkeep\n|\n|t:|1782884771\n|switch|p1a: Dusknoir|Dusknoir, L89, F|197/225 par\n|-damage|p1a: Dusknoir|169/225 par|[from] Stealth Rock\n|-item|p2a: Flutter Mane|Life Orb|[from] ability: Frisk|[of] p1a: Dusknoir\n|turn|23\n|\n|t:|1782884775\n|move|p2a: Flutter Mane|Shadow Ball|p1a: Dusknoir\n|-supereffective|p1a: Dusknoir\n|-damage|p1a: Dusknoir|5/225 par\n|-damage|p2a: Flutter Mane|143/203|[from] item: Life Orb\n|move|p1a: Dusknoir|Poltergeist|p2a: Flutter Mane\n|-activate|p2a: Flutter Mane|move: Poltergeist|Life Orb\n|-damage|p2a: Flutter Mane|0 fnt\n|faint|p2a: Flutter Mane\n|-end|p2a: Flutter Mane|Protosynthesis|[silent]\n|\n|upkeep\n|\n|t:|1782884786\n|switch|p2a: Metagross|Metagross, L79|256/256\n|turn|24\n|\n|t:|1782884792\n|move|p2a: Metagross|Knock Off|p1a: Dusknoir\n|-supereffective|p1a: Dusknoir\n|-damage|p1a: Dusknoir|0 fnt\n|-enditem|p1a: Dusknoir|Choice Band|[from] move: Knock Off|[of] p2a: Metagross\n|faint|p1a: Dusknoir\n|\n|upkeep\n|\n|t:|1782884794\n|switch|p1a: Clawitzer|Clawitzer, L87, F|141/265\n|-damage|p1a: Clawitzer|108/265|[from] Stealth Rock\n|turn|25\n|\n|t:|1782884797\n|move|p2a: Metagross|Knock Off|p1a: Clawitzer\n|-damage|p1a: Clawitzer|0 fnt\n|-enditem|p1a: Clawitzer|Assault Vest|[from] move: Knock Off|[of] p2a: Metagross\n|faint|p1a: Clawitzer\n|\n|win|yungcheekless\n|raw|jnpr010334's rating: 1808 &rarr; <strong>1786</strong><br />(-22 for losing)\n|raw|yungcheekless's rating: 1781 &rarr; <strong>1803</strong><br />(+22 for winning)\n", "inputlog": ">version f8ac14003a5f27e1bdc8d8c59608a773c1cb96e5\n>start {\"formatid\":\"gen9randombattle\",\"seed\":\"sodium,4542256818c2086ef1cad5a82d2cbe6b\",\"rated\":\"Rated battle\"}\n>player p1 {\"name\":\"jnpr010334\",\"avatar\":\"265\",\"rating\":1782,\"seed\":\"sodium,dd8d1088147d6aa10779b281723f0823\"}\n>player p2 {\"name\":\"yungcheekless\",\"avatar\":\"169\",\"rating\":1781,\"seed\":\"sodium,6f28f8e25ad569765f2cafa12ea761cd\"}\n>p1 switch 2\n>p2 switch 2\n>p1 move closecombat\n>p2 switch 3\n>p1 switch 2\n>p2 move willowisp\n>p1 move shellsmash\n>p2 switch 3\n>p1 move shellsmash\n>p2 move thunderwave\n>p1 move fireblast\n>p2 move stealthrock\n>p1 move fireblast\n>p2 move seismictoss\n>p1 move fireblast\n>p2 move seismictoss\n>chat \u2606yungcheekless|dude i'm sorry\n>p1 move fireblast\n>p2 move seismictoss\n>p1 move fireblast\n>p2 move seismictoss\n>p1 switch 2\n>chat \u2606yungcheekless|my goodness i'm sorry\n>p1 move knockoff\n>p2 switch 3\n>p1 move knockoff\n>p2 move roost\n>p2 switch 4\n>p1 switch 3\n>p2 move moonblast\n>p1 move waterpulse\n>p2 switch 3\n>p1 move uturn\n>p2 move thunderwave\n>p1 switch 6\n>p1 move earthquake\n>p2 move softboiled\n>p1 move earthquake\n>p2 switch 2\n>p1 switch 3\n>p2 move nastyplot\n>p1 move powerwhip\n>p2 move dazzlinggleam\n>p1 switch 5\n>p1 move thunderbolt\n>p2 move shadowball\n>p1 switch 4\n>p1 move gigadrain terastallize\n>p2 move thunderbolt\n>p2 switch 3\n>p1 move gigadrain\n>p2 move mysticalfire terastallize\n>p1 switch 3\n>p1 move poltergeist\n>p2 move shadowball\n>p2 switch 6\n>p1 move poltergeist\n>p2 move knockoff\n>p1 switch 6\n>p1 move darkpulse\n>p2 move knockoff", "uploadtime": 1782884799, "views": 5, "formatid": "gen9randombattle", "rating": 1786, "private": 0, "password": null, "player_dets": [{"name": "jnpr010334", "avatar": "265", "rating": 1782, "seed": "sodium,dd8d1088147d6aa10779b281723f0823"}, {"name": "yungcheekless", "avatar": "169", "rating": 1781, "seed": "sodium,6f28f8e25ad569765f2cafa12ea761cd"}], "teams_full": [{"Magcargo": {"name": "Magcargo", "species": "Magcargo", "speciesId": "magcargo", "gender": "F", "shiny": false, "level": 95, "moves": ["powergem", "shellsmash", "earthpower", "fireblast"], "ability": "Weak Armor", "evs": {"hp": 85, "atk": 0, "def": 85, "spa": 85, "spd": 85, "spe": 85}, "ivs": {"hp": 31, "atk": 0, "def": 31, "spa": 31, "spd": 31, "spe": 31}, "item": "Heavy-Duty Boots", "teraType": "Dragon", "role": "Setup Sweeper", "bvs": {"hp": 60, "atk": 50, "def": 120, "spa": 90, "spd": 80, "spe": 30}, "stats": {"hp": 268, "atk": 100, "def": 282, "spa": 225, "spd": 206, "spe": 111}, "types": ["Fire", "Rock"]}, "Zarude": {"name": "Zarude", "species": "Zarude-Dada", "speciesId": "zarude", "gender": "N", "shiny": true, "level": 77, "moves": ["uturn", "powerwhip", "knockoff", "closecombat"], "ability": "Leaf Guard", "evs": {"hp": 85, "atk": 85, "def": 85, "spa": 85, "spd": 85, "spe": 85}, "ivs": {"hp": 31, "atk": 31, "def": 31, "spa": 31, "spd": 31, "spe": 31}, "item": "Choice Band", "teraType": "Fighting", "role": "Fast Attacker", "bvs": {"hp": 105, "atk": 120, "def": 105, "spa": 70, "spd": 95, "spe": 105}, "stats": {"hp": 288, "atk": 229, "def": 206, "spa": 152, "spd": 191, "spe": 206}, "types": ["Dark", "Grass"]}, "Clawitzer": {"name": "Clawitzer", "species": "Clawitzer", "speciesId": "clawitzer", "gender": "F", "shiny": false, "level": 87, "moves": ["darkpulse", "waterpulse", "uturn", "dragonpulse"], "ability": "Mega Launcher", "evs": {"hp": 85, "atk": 85, "def": 85, "spa": 85, "spd": 85, "spe": 85}, "ivs": {"hp": 31, "atk": 31, "def": 31, "spa": 31, "spd": 31, "spe": 31}, "item": "Assault Vest", "teraType": "Dragon", "role": "AV Pivot", "bvs": {"hp": 71, "atk": 73, "def": 88, "spa": 120, "spd": 89, "spe": 59}, "stats": {"hp": 265, "atk": 177, "def": 203, "spa": 259, "spd": 205, "spe": 152}, "types": ["Water"]}, "Ludicolo": {"name": "Ludicolo", "species": "Ludicolo", "speciesId": "ludicolo", "gender": "F", "shiny": false, "level": 90, "moves": ["hydropump", "gigadrain", "raindance", "icebeam"], "ability": "Swift Swim", "evs": {"hp": 85, "atk": 0, "def": 85, "spa": 85, "spd": 85, "spe": 85}, "ivs": {"hp": 31, "atk": 0, "def": 31, "spa": 31, "spd": 31, "spe": 31}, "item": "Life Orb", "teraType": "Grass", "role": "Setup Sweeper", "bvs": {"hp": 80, "atk": 70, "def": 70, "spa": 90, "spd": 100, "spe": 70}, "stats": {"hp": 290, "atk": 131, "def": 177, "spa": 213, "spd": 231, "spe": 177}, "types": ["Water", "Grass"]}, "Raichu": {"name": "Raichu", "species": "Raichu", "speciesId": "raichu", "gender": "F", "shiny": false, "level": 88, "moves": ["surf", "nastyplot", "terablast", "thunderbolt"], "ability": "Lightning Rod", "evs": {"hp": 85, "atk": 0, "def": 85, "spa": 85, "spd": 85, "spe": 85}, "ivs": {"hp": 31, "atk": 0, "def": 31, "spa": 31, "spd": 31, "spe": 31}, "item": "Life Orb", "teraType": "Ice", "role": "Tera Blast user", "bvs": {"hp": 60, "atk": 90, "def": 55, "spa": 90, "spd": 80, "spe": 110}, "stats": {"hp": 249, "atk": 163, "def": 147, "spa": 209, "spd": 191, "spe": 244}, "types": ["Electric"]}, "Dusknoir": {"name": "Dusknoir", "species": "Dusknoir", "speciesId": "dusknoir", "gender": "F", "shiny": false, "level": 89, "moves": ["earthquake", "trick", "shadowsneak", "poltergeist"], "ability": "Frisk", "evs": {"hp": 85, "atk": 85, "def": 85, "spa": 85, "spd": 85, "spe": 85}, "ivs": {"hp": 31, "atk": 31, "def": 31, "spa": 31, "spd": 31, "spe": 31}, "item": "Choice Band", "teraType": "Ghost", "role": "Wallbreaker", "bvs": {"hp": 45, "atk": 100, "def": 135, "spa": 65, "spd": 135, "spe": 45}, "stats": {"hp": 225, "atk": 229, "def": 291, "spa": 166, "spd": 291, "spe": 131}, "types": ["Ghost"]}}, {"Mismagius": {"name": "Mismagius", "species": "Mismagius", "speciesId": "mismagius", "gender": "F", "shiny": false, "level": 86, "moves": ["shadowball", "nastyplot", "thunderbolt", "dazzlinggleam"], "ability": "Levitate", "evs": {"hp": 85, "atk": 0, "def": 85, "spa": 85, "spd": 85, "spe": 85}, "ivs": {"hp": 31, "atk": 0, "def": 31, "spa": 31, "spd": 31, "spe": 31}, "item": "Life Orb", "teraType": "Fairy", "role": "Setup Sweeper", "bvs": {"hp": 60, "atk": 60, "def": 60, "spa": 105, "spd": 105, "spe": 105}, "stats": {"hp": 243, "atk": 108, "def": 152, "spa": 230, "spd": 230, "spe": 230}, "types": ["Ghost"]}, "Blissey": {"name": "Blissey", "species": "Blissey", "speciesId": "blissey", "gender": "F", "shiny": false, "level": 85, "moves": ["softboiled", "seismictoss", "stealthrock", "thunderwave"], "ability": "Natural Cure", "evs": {"hp": 85, "atk": 0, "def": 85, "spa": 85, "spd": 85, "spe": 85}, "ivs": {"hp": 31, "atk": 0, "def": 31, "spa": 31, "spd": 31, "spe": 31}, "item": "Leftovers", "teraType": "Ghost", "role": "Bulky Support", "bvs": {"hp": 255, "atk": 10, "def": 10, "spa": 75, "spd": 135, "spe": 55}, "stats": {"hp": 572, "atk": 22, "def": 66, "spa": 176, "spd": 278, "spe": 142}, "types": ["Normal"]}, "Altaria": {"name": "Altaria", "species": "Altaria", "speciesId": "altaria", "gender": "M", "shiny": false, "level": 89, "moves": ["willowisp", "bravebird", "roost", "defog"], "ability": "Natural Cure", "evs": {"hp": 85, "atk": 85, "def": 85, "spa": 85, "spd": 85, "spe": 85}, "ivs": {"hp": 31, "atk": 31, "def": 31, "spa": 31, "spd": 31, "spe": 31}, "item": "Heavy-Duty Boots", "teraType": "Steel", "role": "Bulky Support", "bvs": {"hp": 75, "atk": 70, "def": 90, "spa": 70, "spd": 105, "spe": 80}, "stats": {"hp": 278, "atk": 175, "def": 211, "spa": 175, "spd": 238, "spe": 193}, "types": ["Dragon", "Flying"]}, "Flutter Mane": {"name": "Flutter Mane", "species": "Flutter Mane", "speciesId": "fluttermane", "gender": "N", "shiny": false, "level": 74, "moves": ["mysticalfire", "moonblast", "calmmind", "shadowball"], "ability": "Protosynthesis", "evs": {"hp": 85, "atk": 0, "def": 85, "spa": 85, "spd": 85, "spe": 85}, "ivs": {"hp": 31, "atk": 0, "def": 31, "spa": 31, "spd": 31, "spe": 31}, "item": "Life Orb", "teraType": "Fire", "role": "Setup Sweeper", "bvs": {"hp": 55, "atk": 55, "def": 55, "spa": 135, "spd": 135, "spe": 135}, "stats": {"hp": 203, "atk": 86, "def": 124, "spa": 243, "spd": 243, "spe": 243}, "types": ["Ghost", "Fairy"]}, "Persian": {"name": "Persian", "species": "Persian", "speciesId": "persian", "gender": "M", "shiny": false, "level": 92, "moves": ["uturn", "doubleedge", "fakeout", "knockoff"], "ability": "Technician", "evs": {"hp": 85, "atk": 85, "def": 85, "spa": 85, "spd": 85, "spe": 85}, "ivs": {"hp": 31, "atk": 31, "def": 31, "spa": 31, "spd": 31, "spe": 31}, "item": "Silk Scarf", "teraType": "Normal", "role": "Fast Attacker", "bvs": {"hp": 65, "atk": 70, "def": 60, "spa": 65, "spd": 65, "spe": 115}, "stats": {"hp": 269, "atk": 181, "def": 163, "spa": 172, "spd": 172, "spe": 264}, "types": ["Normal"]}, "Metagross": {"name": "Metagross", "species": "Metagross", "speciesId": "metagross", "gender": "N", "shiny": false, "level": 79, "moves": ["bulletpunch", "heavyslam", "earthquake", "knockoff"], "ability": "Clear Body", "evs": {"hp": 85, "atk": 85, "def": 85, "spa": 85, "spd": 85, "spe": 85}, "ivs": {"hp": 31, "atk": 31, "def": 31, "spa": 31, "spd": 31, "spe": 31}, "item": "Choice Band", "teraType": "Water", "role": "Bulky Support", "bvs": {"hp": 80, "atk": 135, "def": 130, "spa": 95, "spd": 90, "spe": 70}, "stats": {"hp": 256, "atk": 259, "def": 251, "spa": 196, "spd": 188, "spe": 156}, "types": ["Steel", "Psychic"]}}]}