{"id": "gen9randombattle-2642114061", "format": "[Gen 9] Random Battle", "players": ["ohohiwantmore", "forcemajor14"], "log": "|j|\u2606ohohiwantmore\n|j|\u2606forcemajor14\n|t:|1782892966\n|gametype|singles\n|player|p1|ohohiwantmore|102|2121\n|player|p2|forcemajor14|266|2104\n|gen|9\n|tier|[Gen 9] Random Battle\n|rated|\n|rule|Species Clause: Limit one of each Pok\u00e9mon\n|rule|HP Percentage Mod: HP is shown in percentages\n|rule|Sleep Clause Mod: Limit one foe put to sleep\n|rule|Illusion Level Mod: Illusion disguises the Pok\u00e9mon's true level\n|\n|t:|1782892966\n|teamsize|p1|6\n|teamsize|p2|6\n|start\n|switch|p1a: Tornadus|Tornadus, L82, M|263/263\n|switch|p2a: Plusle|Plusle, L95, F|268/268\n|turn|1\n|inactive|Battle timer is ON: inactive players will automatically lose when time's up. (requested by ohohiwantmore)\n|inactive|forcemajor14 also wants the timer to be on.\n|\n|t:|1782892989\n|move|p2a: Plusle|Nasty Plot|p2a: Plusle\n|-boost|p2a: Plusle|spa|2\n|move|p1a: Tornadus|U-turn|p2a: Plusle\n|-damage|p2a: Plusle|189/268\n|\n|t:|1782892994\n|switch|p1a: Grumpig|Grumpig, L92, M|297/297|[from] U-turn\n|\n|upkeep\n|turn|2\n|\n|t:|1782892998\n|move|p2a: Plusle|Thunderbolt|p1a: Grumpig\n|-damage|p1a: Grumpig|75/297\n|-damage|p2a: Plusle|163/268|[from] item: Life Orb\n|move|p1a: Grumpig|Psychic|p2a: Plusle\n|-damage|p2a: Plusle|61/268\n|\n|-heal|p1a: Grumpig|93/297|[from] item: Leftovers\n|upkeep\n|turn|3\n|\n|t:|1782893002\n|move|p2a: Plusle|Thunderbolt|p1a: Grumpig\n|-damage|p1a: Grumpig|0 fnt\n|faint|p1a: Grumpig\n|-damage|p2a: Plusle|35/268|[from] item: Life Orb\n|\n|upkeep\n|\n|t:|1782893004\n|switch|p1a: Cyclizar|Cyclizar, L83, F|252/252\n|turn|4\n|\n|t:|1782893009\n|move|p1a: Cyclizar|Knock Off|p2a: Plusle\n|-damage|p2a: Plusle|0 fnt\n|-enditem|p2a: Plusle|Life Orb|[from] move: Knock Off|[of] p1a: Cyclizar\n|faint|p2a: Plusle\n|\n|upkeep\n|\n|t:|1782893011\n|switch|p2a: Kyurem|Kyurem, L77|319/319\n|-ability|p2a: Kyurem|Pressure\n|turn|5\n|\n|t:|1782893019\n|move|p1a: Cyclizar|Shed Tail|p1a: Cyclizar\n|-start|p1a: Cyclizar|Substitute|[from] move: Shed Tail\n|-damage|p1a: Cyclizar|126/252\n|\n|t:|1782893024\n|switch|p1a: Solgaleo|Solgaleo, L74|325/325|[from] Shed Tail\n|move|p2a: Kyurem|Ice Beam|p1a: Solgaleo\n|-resisted|p1a: Solgaleo\n|-crit|p1a: Solgaleo\n|-end|p1a: Solgaleo|Substitute\n|\n|upkeep\n|turn|6\n|\n|t:|1782893032\n|switch|p2a: Moltres|Moltres, L81|278/278\n|move|p1a: Solgaleo|Sunsteel Strike|p2a: Moltres\n|-resisted|p2a: Moltres\n|-damage|p2a: Moltres|218/278\n|-status|p1a: Solgaleo|brn|[from] ability: Flame Body|[of] p2a: Moltres\n|\n|-damage|p1a: Solgaleo|305/325 brn|[from] brn\n|upkeep\n|turn|7\n|\n|t:|1782893048\n|move|p2a: Moltres|Fire Blast|p1a: Solgaleo\n|-supereffective|p1a: Solgaleo\n|-damage|p1a: Solgaleo|0 fnt\n|faint|p1a: Solgaleo\n|\n|upkeep\n|\n|t:|1782893052\n|switch|p1a: Tornadus|Tornadus, L82, M|263/263\n|turn|8\n|\n|t:|1782893056\n|move|p1a: Tornadus|Bleakwind Storm|p2a: Moltres\n|-damage|p2a: Moltres|32/278\n|-unboost|p2a: Moltres|spe|1\n|move|p2a: Moltres|Fire Blast|p1a: Tornadus\n|-crit|p1a: Tornadus\n|-damage|p1a: Tornadus|47/263\n|\n|upkeep\n|turn|9\n|\n|t:|1782893060\n|move|p1a: Tornadus|Bleakwind Storm|p2a: Moltres\n|-damage|p2a: Moltres|0 fnt\n|faint|p2a: Moltres\n|\n|upkeep\n|\n|t:|1782893062\n|switch|p2a: Greninja|Greninja, L80, M|246/246\n|turn|10\n|\n|t:|1782893069\n|switch|p1a: Ariados|Ariados, L95, M|287/287\n|move|p2a: Greninja|Toxic Spikes|p1a: Ariados\n|-start|p2a: Greninja|typechange|Poison|[from] ability: Protean\n|-sidestart|p1: ohohiwantmore|move: Toxic Spikes\n|\n|upkeep\n|turn|11\n|\n|t:|1782893075\n|switch|p2a: Infernape|Infernape, L82, F|259/259\n|move|p1a: Ariados|Sticky Web|p2a: Infernape\n|-sidestart|p2: forcemajor14|move: Sticky Web\n|\n|upkeep\n|turn|12\n|\n|t:|1782893084\n|move|p2a: Infernape|Flare Blitz|p1a: Ariados\n|-supereffective|p1a: Ariados\n|-damage|p1a: Ariados|0 fnt\n|faint|p1a: Ariados\n|-damage|p2a: Infernape|164/259|[from] Recoil\n|\n|upkeep\n|\n|t:|1782893089\n|switch|p1a: Tornadus|Tornadus, L82, M|47/263\n|turn|13\n|\n|t:|1782893094\n|move|p2a: Infernape|Flare Blitz|p1a: Tornadus\n|-damage|p1a: Tornadus|0 fnt\n|faint|p1a: Tornadus\n|-damage|p2a: Infernape|148/259|[from] Recoil\n|\n|upkeep\n|\n|t:|1782893101\n|switch|p1a: Cyclizar|Cyclizar, L83, F|210/252\n|turn|14\n|\n|t:|1782893105\n|move|p2a: Infernape|Flare Blitz|p1a: Cyclizar\n|-resisted|p1a: Cyclizar\n|-damage|p1a: Cyclizar|126/252\n|-damage|p2a: Infernape|120/259|[from] Recoil\n|move|p1a: Cyclizar|Rapid Spin|p2a: Infernape\n|-damage|p2a: Infernape|53/259\n|-boost|p1a: Cyclizar|spe|1\n|-sideend|p1: ohohiwantmore|Toxic Spikes|[from] move: Rapid Spin|[of] p1a: Cyclizar\n|\n|upkeep\n|turn|15\n|\n|t:|1782893114\n|switch|p2a: Beartic|Beartic, L91, F|321/321\n|move|p1a: Cyclizar|Knock Off|p2a: Beartic\n|-damage|p2a: Beartic|259/321\n|-enditem|p2a: Beartic|Heavy-Duty Boots|[from] move: Knock Off|[of] p1a: Cyclizar\n|\n|upkeep\n|turn|16\n|\n|t:|1782893122\n|move|p1a: Cyclizar|Draco Meteor|p2a: Beartic\n|-damage|p2a: Beartic|145/321\n|-unboost|p1a: Cyclizar|spa|2\n|move|p2a: Beartic|Icicle Crash|p1a: Cyclizar\n|-supereffective|p1a: Cyclizar\n|-damage|p1a: Cyclizar|0 fnt\n|faint|p1a: Cyclizar\n|\n|upkeep\n|\n|t:|1782893125\n|switch|p1a: Conkeldurr|Conkeldurr, L80, F|299/299\n|turn|17\n|\n|t:|1782893137\n|move|p1a: Conkeldurr|Mach Punch|p2a: Beartic\n|-supereffective|p2a: Beartic\n|-damage|p2a: Beartic|41/321\n|move|p2a: Beartic|Icicle Crash|p1a: Conkeldurr\n|-crit|p1a: Conkeldurr\n|-damage|p1a: Conkeldurr|116/299\n|\n|-status|p1a: Conkeldurr|brn|[from] item: Flame Orb\n|upkeep\n|turn|18\n|\n|t:|1782893140\n|move|p2a: Beartic|Aqua Jet|p1a: Conkeldurr\n|-damage|p1a: Conkeldurr|76/299 brn\n|move|p1a: Conkeldurr|Mach Punch|p2a: Beartic\n|-supereffective|p2a: Beartic\n|-damage|p2a: Beartic|0 fnt\n|faint|p2a: Beartic\n|\n|-damage|p1a: Conkeldurr|58/299 brn|[from] brn\n|upkeep\n|\n|t:|1782893141\n|switch|p2a: Greninja|Greninja, L80, M|246/246\n|-activate|p2a: Greninja|move: Sticky Web\n|-unboost|p2a: Greninja|spe|1\n|turn|19\n|\n|t:|1782893145\n|-terastallize|p2a: Greninja|Dark\n|move|p1a: Conkeldurr|Mach Punch|p2a: Greninja\n|-supereffective|p2a: Greninja\n|-damage|p2a: Greninja|36/246\n|move|p2a: Greninja|Dark Pulse|p1a: Conkeldurr\n|-resisted|p1a: Conkeldurr\n|-damage|p1a: Conkeldurr|0 fnt\n|faint|p1a: Conkeldurr\n|-damage|p2a: Greninja|12/246|[from] item: Life Orb\n|\n|win|forcemajor14\n|raw|ohohiwantmore's rating: 2121 &rarr; <strong>2100</strong><br />(-21 for losing)\n|raw|forcemajor14's rating: 2096 &rarr; <strong>2117</strong><br />(+21 for winning)\n", "inputlog": ">version f8ac14003a5f27e1bdc8d8c59608a773c1cb96e5\n>start {\"formatid\":\"gen9randombattle\",\"seed\":\"sodium,1921589a9b92cc8749e4065ed98c2bd7\",\"rated\":\"Rated battle\"}\n>player p1 {\"name\":\"ohohiwantmore\",\"avatar\":\"102\",\"rating\":2121,\"seed\":\"sodium,bca851002dd29a84d4aa320f949ce2b1\"}\n>player p2 {\"name\":\"forcemajor14\",\"avatar\":\"266\",\"rating\":2104,\"seed\":\"sodium,886faca6e7bb40168cffa2c81c4e6cfa\"}\n>p1 move uturn\n>p2 move nastyplot\n>p1 switch 4\n>p1 move psychic\n>p2 move thunderbolt\n>p1 move psychic\n>p2 move thunderbolt\n>p1 switch 3\n>p1 move knockoff\n>p2 move alluringvoice\n>p2 switch 6\n>p1 move shedtail\n>p2 move icebeam\n>p1 switch 2\n>p1 move sunsteelstrike\n>p2 switch 3\n>p1 move sunsteelstrike\n>p2 move fireblast\n>p1 switch 4\n>p1 move bleakwindstorm\n>p2 move fireblast\n>p1 move bleakwindstorm\n>p2 move bravebird\n>p2 switch 5\n>p1 switch 6\n>p2 move toxicspikes\n>p1 move stickyweb\n>p2 switch 2\n>p1 move poisonjab\n>p2 move flareblitz\n>p1 switch 6\n>p1 move bleakwindstorm\n>p2 move flareblitz\n>p1 switch 2\n>p1 move rapidspin\n>p2 move flareblitz\n>p1 move knockoff\n>p2 switch 4\n>p1 move dracometeor\n>p2 move iciclecrash\n>p1 switch 5\n>p1 move machpunch\n>p2 move iciclecrash\n>p1 move machpunch\n>p2 move aquajet\n>p2 switch 2\n>p1 move machpunch\n>p2 move darkpulse terastallize", "uploadtime": 1782893145, "views": 6, "formatid": "gen9randombattle", "rating": 2100, "private": 0, "password": null, "player_dets": [{"name": "ohohiwantmore", "avatar": "102", "rating": 2121, "seed": "sodium,bca851002dd29a84d4aa320f949ce2b1"}, {"name": "forcemajor14", "avatar": "266", "rating": 2104, "seed": "sodium,886faca6e7bb40168cffa2c81c4e6cfa"}], "teams_full": [{"Tornadus": {"name": "Tornadus", "species": "Tornadus", "speciesId": "tornadus", "gender": "M", "shiny": false, "level": 82, "moves": ["uturn", "focusblast", "heatwave", "bleakwindstorm"], "ability": "Defiant", "evs": {"hp": 81, "atk": 85, "def": 85, "spa": 85, "spd": 85, "spe": 85}, "ivs": {"hp": 31, "atk": 31, "def": 31, "spa": 31, "spd": 31, "spe": 31}, "item": "Choice Specs", "teraType": "Fire", "role": "Fast Attacker", "bvs": {"hp": 79, "atk": 115, "def": 70, "spa": 125, "spd": 80, "spe": 111}, "stats": {"hp": 263, "atk": 236, "def": 162, "spa": 252, "spd": 178, "spe": 229}, "types": ["Flying"]}, "Solgaleo": {"name": "Solgaleo", "species": "Solgaleo", "speciesId": "solgaleo", "gender": "N", "shiny": false, "level": 74, "moves": ["sunsteelstrike", "earthquake", "flamecharge", "closecombat"], "ability": "Full Metal Body", "evs": {"hp": 85, "atk": 85, "def": 85, "spa": 85, "spd": 85, "spe": 85}, "ivs": {"hp": 31, "atk": 31, "def": 31, "spa": 31, "spd": 31, "spe": 31}, "item": "Weakness Policy", "teraType": "Fighting", "role": "Bulky Setup", "bvs": {"hp": 137, "atk": 137, "def": 107, "spa": 113, "spd": 89, "spe": 97}, "stats": {"hp": 325, "atk": 246, "def": 201, "spa": 210, "spd": 175, "spe": 187}, "types": ["Psychic", "Steel"]}, "Cyclizar": {"name": "Cyclizar", "species": "Cyclizar", "speciesId": "cyclizar", "gender": "F", "shiny": false, "level": 83, "moves": ["shedtail", "dracometeor", "knockoff", "rapidspin"], "ability": "Regenerator", "evs": {"hp": 85, "atk": 85, "def": 85, "spa": 85, "spd": 85, "spe": 85}, "ivs": {"hp": 31, "atk": 31, "def": 31, "spa": 31, "spd": 31, "spe": 31}, "item": "Heavy-Duty Boots", "teraType": "Dragon", "role": "Fast Support", "bvs": {"hp": 70, "atk": 95, "def": 65, "spa": 85, "spd": 65, "spe": 121}, "stats": {"hp": 252, "atk": 205, "def": 156, "spa": 189, "spd": 156, "spe": 249}, "types": ["Dragon", "Normal"]}, "Grumpig": {"name": "Grumpig", "species": "Grumpig", "speciesId": "grumpig", "gender": "M", "shiny": false, "level": 92, "moves": ["focusblast", "psychic", "shadowball", "nastyplot"], "ability": "Thick Fat", "evs": {"hp": 85, "atk": 0, "def": 85, "spa": 85, "spd": 85, "spe": 85}, "ivs": {"hp": 31, "atk": 0, "def": 31, "spa": 31, "spd": 31, "spe": 31}, "item": "Leftovers", "teraType": "Fighting", "role": "Bulky Setup", "bvs": {"hp": 80, "atk": 45, "def": 65, "spa": 90, "spd": 110, "spe": 80}, "stats": {"hp": 297, "atk": 87, "def": 172, "spa": 218, "spd": 255, "spe": 200}, "types": ["Psychic"]}, "Conkeldurr": {"name": "Conkeldurr", "species": "Conkeldurr", "speciesId": "conkeldurr", "gender": "F", "shiny": false, "level": 80, "moves": ["knockoff", "closecombat", "facade", "machpunch"], "ability": "Guts", "evs": {"hp": 85, "atk": 85, "def": 85, "spa": 85, "spd": 85, "spe": 85}, "ivs": {"hp": 31, "atk": 31, "def": 31, "spa": 31, "spd": 31, "spe": 31}, "item": "Flame Orb", "teraType": "Normal", "role": "Wallbreaker", "bvs": {"hp": 105, "atk": 140, "def": 95, "spa": 55, "spd": 65, "spe": 45}, "stats": {"hp": 299, "atk": 270, "def": 198, "spa": 134, "spd": 150, "spe": 118}, "types": ["Fighting"]}, "Ariados": {"name": "Ariados", "species": "Ariados", "speciesId": "ariados", "gender": "M", "shiny": false, "level": 95, "moves": ["poisonjab", "megahorn", "stickyweb", "knockoff"], "ability": "Swarm", "evs": {"hp": 85, "atk": 85, "def": 85, "spa": 85, "spd": 85, "spe": 85}, "ivs": {"hp": 31, "atk": 31, "def": 31, "spa": 31, "spd": 31, "spe": 31}, "item": "Heavy-Duty Boots", "teraType": "Ghost", "role": "Fast Support", "bvs": {"hp": 70, "atk": 90, "def": 70, "spa": 60, "spd": 70, "spe": 40}, "stats": {"hp": 287, "atk": 225, "def": 187, "spa": 168, "spd": 187, "spe": 130}, "types": ["Bug", "Poison"]}}, {"Plusle": {"name": "Plusle", "species": "Plusle", "speciesId": "plusle", "gender": "F", "shiny": false, "level": 95, "moves": ["thunderbolt", "alluringvoice", "encore", "nastyplot"], "ability": "Lightning Rod", "evs": {"hp": 85, "atk": 0, "def": 85, "spa": 85, "spd": 85, "spe": 85}, "ivs": {"hp": 31, "atk": 0, "def": 31, "spa": 31, "spd": 31, "spe": 31}, "item": "Life Orb", "teraType": "Fairy", "role": "Setup Sweeper", "bvs": {"hp": 60, "atk": 50, "def": 40, "spa": 85, "spd": 75, "spe": 95}, "stats": {"hp": 268, "atk": 100, "def": 130, "spa": 215, "spd": 196, "spe": 234}, "types": ["Electric"]}, "Infernape": {"name": "Infernape", "species": "Infernape", "speciesId": "infernape", "gender": "F", "shiny": false, "level": 82, "moves": ["closecombat", "uturn", "gunkshot", "flareblitz"], "ability": "Blaze", "evs": {"hp": 85, "atk": 85, "def": 85, "spa": 85, "spd": 85, "spe": 85}, "ivs": {"hp": 31, "atk": 31, "def": 31, "spa": 31, "spd": 31, "spe": 31}, "item": "Choice Scarf", "teraType": "Fighting", "role": "Fast Support", "bvs": {"hp": 76, "atk": 104, "def": 71, "spa": 104, "spd": 71, "spe": 108}, "stats": {"hp": 259, "atk": 218, "def": 164, "spa": 218, "spd": 164, "spe": 224}, "types": ["Fire", "Fighting"]}, "Moltres": {"name": "Moltres", "species": "Moltres", "speciesId": "moltres", "gender": "N", "shiny": false, "level": 81, "moves": ["fireblast", "roost", "scorchingsands", "bravebird"], "ability": "Flame Body", "evs": {"hp": 85, "atk": 85, "def": 85, "spa": 85, "spd": 85, "spe": 85}, "ivs": {"hp": 31, "atk": 31, "def": 31, "spa": 31, "spd": 31, "spe": 31}, "item": "Heavy-Duty Boots", "teraType": "Steel", "role": "Bulky Attacker", "bvs": {"hp": 90, "atk": 100, "def": 90, "spa": 125, "spd": 85, "spe": 90}, "stats": {"hp": 278, "atk": 209, "def": 192, "spa": 249, "spd": 184, "spe": 192}, "types": ["Fire", "Flying"]}, "Beartic": {"name": "Beartic", "species": "Beartic", "speciesId": "beartic", "gender": "F", "shiny": false, "level": 91, "moves": ["aquajet", "closecombat", "iciclecrash", "swordsdance"], "ability": "Swift Swim", "evs": {"hp": 85, "atk": 85, "def": 85, "spa": 85, "spd": 85, "spe": 85}, "ivs": {"hp": 31, "atk": 31, "def": 31, "spa": 31, "spd": 31, "spe": 31}, "item": "Heavy-Duty Boots", "teraType": "Fighting", "role": "Wallbreaker", "bvs": {"hp": 95, "atk": 130, "def": 80, "spa": 70, "spd": 80, "spe": 50}, "stats": {"hp": 321, "atk": 288, "def": 197, "spa": 179, "spd": 197, "spe": 143}, "types": ["Ice"]}, "Greninja": {"name": "Greninja", "species": "Greninja", "speciesId": "greninja", "gender": "M", "shiny": false, "level": 80, "moves": ["darkpulse", "gunkshot", "toxicspikes", "hydropump"], "ability": "Protean", "evs": {"hp": 85, "atk": 85, "def": 85, "spa": 85, "spd": 85, "spe": 85}, "ivs": {"hp": 31, "atk": 31, "def": 31, "spa": 31, "spd": 31, "spe": 31}, "item": "Life Orb", "teraType": "Dark", "role": "Fast Attacker", "bvs": {"hp": 72, "atk": 95, "def": 67, "spa": 103, "spd": 71, "spe": 122}, "stats": {"hp": 246, "atk": 198, "def": 153, "spa": 211, "spd": 160, "spe": 241}, "types": ["Water", "Dark"]}, "Kyurem": {"name": "Kyurem", "species": "Kyurem", "speciesId": "kyurem", "gender": "N", "shiny": false, "level": 77, "moves": ["icebeam", "freezedry", "earthpower", "dracometeor"], "ability": "Pressure", "evs": {"hp": 85, "atk": 0, "def": 85, "spa": 85, "spd": 85, "spe": 85}, "ivs": {"hp": 31, "atk": 0, "def": 31, "spa": 31, "spd": 31, "spe": 31}, "item": "Choice Specs", "teraType": "Ground", "role": "Wallbreaker", "bvs": {"hp": 125, "atk": 130, "def": 90, "spa": 130, "spd": 90, "spe": 95}, "stats": {"hp": 319, "atk": 205, "def": 183, "spa": 245, "spd": 183, "spe": 191}, "types": ["Dragon", "Ice"]}}]}