{"id": "gen9randombattle-2642088431", "format": "[Gen 9] Random Battle", "players": ["Xyurmin", "Caprini"], "log": "|j|\u2606Xyurmin\n|j|\u2606Caprini\n|t:|1782887336\n|gametype|singles\n|player|p1|Xyurmin|2|1444\n|player|p2|Caprini|psychic-gen4|1390\n|gen|9\n|tier|[Gen 9] Random Battle\n|rated|\n|rule|Species Clause: Limit one of each Pok\u00e9mon\n|rule|HP Percentage Mod: HP is shown in percentages\n|rule|Sleep Clause Mod: Limit one foe put to sleep\n|rule|Illusion Level Mod: Illusion disguises the Pok\u00e9mon's true level\n|\n|t:|1782887336\n|teamsize|p1|6\n|teamsize|p2|6\n|start\n|switch|p1a: Luxray|Luxray, L88, M|284/284\n|switch|p2a: Manaphy|Manaphy, L78|284/284\n|-ability|p1a: Luxray|Intimidate|boost\n|-unboost|p2a: Manaphy|atk|1\n|turn|1\n|inactive|Battle timer is ON: inactive players will automatically lose when time's up. (requested by Xyurmin)\n|\n|t:|1782887374\n|switch|p2a: Meowscarada|Meowscarada, L78, F|247/247\n|move|p1a: Luxray|Volt Switch|p2a: Meowscarada\n|-resisted|p2a: Meowscarada\n|-damage|p2a: Meowscarada|192/247\n|\n|t:|1782887400\n|switch|p1a: Probopass|Probopass, L91, M|257/257|[from] Volt Switch\n|\n|upkeep\n|turn|2\n|\n|t:|1782887411\n|move|p2a: Meowscarada|Flower Trick|p1a: Probopass\n|-start|p2a: Meowscarada|typechange|Grass|[from] ability: Protean\n|-crit|p1a: Probopass\n|-damage|p1a: Probopass|191/257\n|move|p1a: Probopass|Iron Defense|p1a: Probopass\n|-boost|p1a: Probopass|def|2\n|\n|upkeep\n|turn|3\n|\n|t:|1782887421\n|move|p2a: Meowscarada|Flower Trick|p1a: Probopass\n|-crit|p1a: Probopass\n|-damage|p1a: Probopass|124/257\n|move|p1a: Probopass|Body Press|p2a: Meowscarada\n|-damage|p2a: Meowscarada|0 fnt\n|faint|p2a: Meowscarada\n|\n|upkeep\n|\n|t:|1782887436\n|switch|p2a: Ceruledge|Ceruledge, L78, M|245/245\n|turn|4\n|\n|t:|1782887459\n|switch|p1a: Feraligatr|Feraligatr, L79, M|264/264\n|move|p2a: Ceruledge|Swords Dance|p2a: Ceruledge\n|-boost|p2a: Ceruledge|atk|2\n|\n|upkeep\n|turn|5\n|\n|t:|1782887477\n|move|p2a: Ceruledge|Poltergeist|p1a: Feraligatr\n|-activate|p1a: Feraligatr|move: Poltergeist|Life Orb\n|-damage|p1a: Feraligatr|17/264\n|move|p1a: Feraligatr|Liquidation|p2a: Ceruledge\n|-supereffective|p2a: Ceruledge\n|-damage|p2a: Ceruledge|0 fnt\n|faint|p2a: Ceruledge\n|\n|upkeep\n|inactive|Caprini has 120 seconds left.\n|\n|t:|1782887497\n|switch|p2a: Magcargo|Magcargo, L95, F|268/268\n|turn|6\n|inactive|Xyurmin has 120 seconds left.\n|\n|t:|1782887522\n|-terastallize|p2a: Magcargo|Dragon\n|move|p1a: Feraligatr|Liquidation|p2a: Magcargo\n|-resisted|p2a: Magcargo\n|-damage|p2a: Magcargo|216/268\n|-ability|p2a: Magcargo|Weak Armor|boost\n|-unboost|p2a: Magcargo|def|1\n|-boost|p2a: Magcargo|spe|2\n|move|p2a: Magcargo|Shell Smash|p2a: Magcargo\n|-unboost|p2a: Magcargo|def|1\n|-unboost|p2a: Magcargo|spd|1\n|-boost|p2a: Magcargo|atk|2\n|-boost|p2a: Magcargo|spa|2\n|-boost|p2a: Magcargo|spe|2\n|\n|upkeep\n|turn|7\n|inactive|Caprini has 120 seconds left.\n|\n|t:|1782887537\n|move|p2a: Magcargo|Earth Power|p1a: Feraligatr\n|-damage|p1a: Feraligatr|0 fnt\n|faint|p1a: Feraligatr\n|\n|upkeep\n|inactive|Xyurmin has 120 seconds left.\n|inactive|Xyurmin has 90 seconds left.\n|\n|t:|1782887581\n|switch|p1a: Lanturn|Lanturn, L89, M|367/367\n|turn|8\n|\n|t:|1782887587\n|-terastallize|p1a: Lanturn|Flying\n|move|p2a: Magcargo|Power Gem|p1a: Lanturn\n|-supereffective|p1a: Lanturn\n|-damage|p1a: Lanturn|0 fnt\n|faint|p1a: Lanturn\n|\n|upkeep\n|\n|t:|1782887594\n|switch|p1a: Sinistcha|Sinistcha, L83|254/254\n|turn|9\n|\n|t:|1782887599\n|move|p2a: Magcargo|Fire Blast|p1a: Sinistcha\n|-supereffective|p1a: Sinistcha\n|-damage|p1a: Sinistcha|0 fnt\n|faint|p1a: Sinistcha\n|\n|upkeep\n|\n|t:|1782887601\n|switch|p1a: Probopass|Probopass, L91, M|124/257\n|turn|10\n|\n|t:|1782887610\n|move|p2a: Magcargo|Earth Power|p1a: Probopass\n|-supereffective|p1a: Probopass\n|-damage|p1a: Probopass|0 fnt\n|faint|p1a: Probopass\n|\n|upkeep\n|\n|t:|1782887613\n|switch|p1a: Luxray|Luxray, L88, M|284/284\n|-ability|p1a: Luxray|Intimidate|boost\n|-unboost|p2a: Magcargo|atk|1\n|turn|11\n|\n|t:|1782887618\n|move|p2a: Magcargo|Earth Power|p1a: Luxray\n|-supereffective|p1a: Luxray\n|-damage|p1a: Luxray|66/284\n|move|p1a: Luxray|Ice Fang|p2a: Magcargo\n|-supereffective|p2a: Magcargo\n|-damage|p2a: Magcargo|48/268\n|-ability|p2a: Magcargo|Weak Armor|boost\n|-unboost|p2a: Magcargo|def|1\n|-boost|p2a: Magcargo|spe|2\n|\n|upkeep\n|turn|12\n|\n|t:|1782887628\n|move|p2a: Magcargo|Earth Power|p1a: Luxray\n|-supereffective|p1a: Luxray\n|-damage|p1a: Luxray|0 fnt\n|faint|p1a: Luxray\n|\n|upkeep\n|\n|t:|1782887631\n|switch|p1a: Articuno|Articuno-Galar, L84|288/288\n|turn|13\n|\n|t:|1782887636\n|move|p2a: Magcargo|Power Gem|p1a: Articuno\n|-supereffective|p1a: Articuno\n|-damage|p1a: Articuno|0 fnt\n|faint|p1a: Articuno\n|\n|win|Caprini\n|raw|Xyurmin's rating: 1444 &rarr; <strong>1421</strong><br />(-23 for losing)\n|raw|Caprini's rating: 1390 &rarr; <strong>1413</strong><br />(+23 for winning)\n|l|\u2606Xyurmin\n|player|p1|\n|c|\u2606Caprini|Gg\n", "inputlog": ">version f8ac14003a5f27e1bdc8d8c59608a773c1cb96e5\n>start {\"formatid\":\"gen9randombattle\",\"seed\":\"sodium,8a2292f1668f5407d2f53d24ca56ba51\",\"rated\":\"Rated battle\"}\n>player p1 {\"name\":\"Xyurmin\",\"avatar\":\"2\",\"rating\":1444,\"seed\":\"sodium,d1c56de2cc259fc03f0a2cd9eae3e20f\"}\n>player p2 {\"name\":\"Caprini\",\"avatar\":\"psychic-gen4\",\"rating\":1390,\"seed\":\"sodium,f930bd98235195bce00d3cb6d006317c\"}\n>p1 move voltswitch\n>p2 switch 2\n>p1 switch 2\n>p1 move irondefense\n>p2 move flowertrick\n>p1 move bodypress\n>p2 move flowertrick\n>p2 switch 4\n>p1 switch 3\n>p2 move swordsdance\n>p1 move liquidation\n>p2 move poltergeist\n>p2 switch 3\n>p1 move liquidation\n>p2 move shellsmash terastallize\n>p1 move icepunch\n>p2 move earthpower\n>p1 switch 4\n>p1 move icebeam terastallize\n>p2 move powergem\n>p1 switch 5\n>p1 move shadowball\n>p2 move fireblast\n>p1 switch 3\n>p1 move bodypress\n>p2 move earthpower\n>p1 switch 2\n>p1 move icefang\n>p2 move earthpower\n>p1 move icefang\n>p2 move earthpower\n>p1 switch 6\n>p1 move freezingglare\n>p2 move powergem", "uploadtime": 1782887647, "views": 6, "formatid": "gen9randombattle", "rating": 1413, "private": 0, "password": null, "player_dets": [{"name": "Xyurmin", "avatar": "2", "rating": 1444, "seed": "sodium,d1c56de2cc259fc03f0a2cd9eae3e20f"}, {"name": "Caprini", "avatar": "psychic-gen4", "rating": 1390, "seed": "sodium,f930bd98235195bce00d3cb6d006317c"}], "teams_full": [{"Luxray": {"name": "Luxray", "species": "Luxray", "speciesId": "luxray", "gender": "M", "shiny": false, "level": 88, "moves": ["wildcharge", "throatchop", "icefang", "voltswitch"], "ability": "Intimidate", "evs": {"hp": 85, "atk": 85, "def": 85, "spa": 85, "spd": 85, "spe": 85}, "ivs": {"hp": 31, "atk": 31, "def": 31, "spa": 31, "spd": 31, "spe": 31}, "item": "Assault Vest", "teraType": "Electric", "role": "AV Pivot", "bvs": {"hp": 80, "atk": 120, "def": 79, "spa": 95, "spd": 79, "spe": 70}, "stats": {"hp": 284, "atk": 261, "def": 189, "spa": 217, "spd": 189, "spe": 173}, "types": ["Electric"]}, "Probopass": {"name": "Probopass", "species": "Probopass", "speciesId": "probopass", "gender": "M", "shiny": false, "level": 91, "moves": ["powergem", "bodypress", "irondefense", "rest"], "ability": "Magnet Pull", "evs": {"hp": 85, "atk": 0, "def": 85, "spa": 85, "spd": 85, "spe": 85}, "ivs": {"hp": 31, "atk": 0, "def": 31, "spa": 31, "spd": 31, "spe": 31}, "item": "Chesto Berry", "teraType": "Fighting", "role": "Bulky Setup", "bvs": {"hp": 60, "atk": 55, "def": 145, "spa": 75, "spd": 150, "spe": 40}, "stats": {"hp": 257, "atk": 105, "def": 316, "spa": 188, "spd": 325, "spe": 125}, "types": ["Rock", "Steel"]}, "Feraligatr": {"name": "Feraligatr", "species": "Feraligatr", "speciesId": "feraligatr", "gender": "M", "shiny": false, "level": 79, "moves": ["liquidation", "trailblaze", "icepunch", "dragondance"], "ability": "Sheer Force", "evs": {"hp": 85, "atk": 85, "def": 85, "spa": 85, "spd": 85, "spe": 85}, "ivs": {"hp": 31, "atk": 31, "def": 31, "spa": 31, "spd": 31, "spe": 31}, "item": "Life Orb", "teraType": "Grass", "role": "Setup Sweeper", "bvs": {"hp": 85, "atk": 105, "def": 100, "spa": 79, "spd": 83, "spe": 78}, "stats": {"hp": 264, "atk": 211, "def": 204, "spa": 170, "spd": 177, "spe": 169}, "types": ["Water"]}, "Lanturn": {"name": "Lanturn", "species": "Lanturn", "speciesId": "lanturn", "gender": "M", "shiny": false, "level": 89, "moves": ["icebeam", "thunderwave", "scald", "thunderbolt"], "ability": "Volt Absorb", "evs": {"hp": 85, "atk": 0, "def": 85, "spa": 85, "spd": 85, "spe": 85}, "ivs": {"hp": 31, "atk": 0, "def": 31, "spa": 31, "spd": 31, "spe": 31}, "item": "Leftovers", "teraType": "Flying", "role": "Bulky Attacker", "bvs": {"hp": 125, "atk": 58, "def": 58, "spa": 76, "spd": 76, "spe": 67}, "stats": {"hp": 367, "atk": 108, "def": 154, "spa": 186, "spd": 186, "spe": 170}, "types": ["Water", "Electric"]}, "Sinistcha": {"name": "Sinistcha", "species": "Sinistcha", "speciesId": "sinistcha", "gender": "N", "shiny": false, "level": 83, "moves": ["matchagotcha", "calmmind", "shadowball", "strengthsap"], "ability": "Heatproof", "evs": {"hp": 85, "atk": 0, "def": 85, "spa": 85, "spd": 85, "spe": 85}, "ivs": {"hp": 31, "atk": 0, "def": 31, "spa": 31, "spd": 31, "spe": 31}, "item": "Leftovers", "teraType": "Steel", "role": "Bulky Setup", "bvs": {"hp": 71, "atk": 60, "def": 106, "spa": 121, "spd": 80, "spe": 70}, "stats": {"hp": 254, "atk": 104, "def": 224, "spa": 249, "spd": 180, "spe": 164}, "types": ["Grass", "Ghost"]}, "Articuno": {"name": "Articuno", "species": "Articuno-Galar", "speciesId": "articunogalar", "gender": "N", "shiny": false, "level": 84, "moves": ["hurricane", "freezingglare", "calmmind", "recover"], "ability": "Competitive", "evs": {"hp": 85, "atk": 0, "def": 85, "spa": 85, "spd": 85, "spe": 85}, "ivs": {"hp": 31, "atk": 0, "def": 31, "spa": 31, "spd": 31, "spe": 31}, "item": "Heavy-Duty Boots", "teraType": "Steel", "role": "Fast Bulky Setup", "bvs": {"hp": 90, "atk": 85, "def": 85, "spa": 125, "spd": 100, "spe": 95}, "stats": {"hp": 288, "atk": 147, "def": 191, "spa": 258, "spd": 216, "spe": 208}, "types": ["Psychic", "Flying"]}}, {"Manaphy": {"name": "Manaphy", "species": "Manaphy", "speciesId": "manaphy", "gender": "N", "shiny": false, "level": 78, "moves": ["icebeam", "tailglow", "energyball", "surf"], "ability": "Hydration", "evs": {"hp": 85, "atk": 0, "def": 85, "spa": 85, "spd": 85, "spe": 85}, "ivs": {"hp": 31, "atk": 0, "def": 31, "spa": 31, "spd": 31, "spe": 31}, "item": "Leftovers", "teraType": "Grass", "role": "Bulky Setup", "bvs": {"hp": 100, "atk": 100, "def": 100, "spa": 100, "spd": 100, "spe": 100}, "stats": {"hp": 284, "atk": 161, "def": 201, "spa": 201, "spd": 201, "spe": 201}, "types": ["Water"]}, "Meowscarada": {"name": "Meowscarada", "species": "Meowscarada", "speciesId": "meowscarada", "gender": "F", "shiny": false, "level": 78, "moves": ["toxicspikes", "uturn", "knockoff", "flowertrick"], "ability": "Protean", "evs": {"hp": 85, "atk": 85, "def": 85, "spa": 85, "spd": 85, "spe": 85}, "ivs": {"hp": 31, "atk": 31, "def": 31, "spa": 31, "spd": 31, "spe": 31}, "item": "Heavy-Duty Boots", "teraType": "Grass", "role": "Fast Support", "bvs": {"hp": 76, "atk": 110, "def": 70, "spa": 81, "spd": 70, "spe": 123}, "stats": {"hp": 247, "atk": 217, "def": 154, "spa": 171, "spd": 154, "spe": 237}, "types": ["Grass", "Dark"]}, "Magcargo": {"name": "Magcargo", "species": "Magcargo", "speciesId": "magcargo", "gender": "F", "shiny": false, "level": 95, "moves": ["powergem", "shellsmash", "earthpower", "fireblast"], "ability": "Weak Armor", "evs": {"hp": 85, "atk": 0, "def": 85, "spa": 85, "spd": 85, "spe": 85}, "ivs": {"hp": 31, "atk": 0, "def": 31, "spa": 31, "spd": 31, "spe": 31}, "item": "Heavy-Duty Boots", "teraType": "Dragon", "role": "Setup Sweeper", "bvs": {"hp": 60, "atk": 50, "def": 120, "spa": 90, "spd": 80, "spe": 30}, "stats": {"hp": 268, "atk": 100, "def": 282, "spa": 225, "spd": 206, "spe": 111}, "types": ["Fire", "Rock"]}, "Ceruledge": {"name": "Ceruledge", "species": "Ceruledge", "speciesId": "ceruledge", "gender": "M", "shiny": false, "level": 78, "moves": ["bitterblade", "poltergeist", "swordsdance", "closecombat"], "ability": "Weak Armor", "evs": {"hp": 85, "atk": 85, "def": 85, "spa": 85, "spd": 85, "spe": 85}, "ivs": {"hp": 31, "atk": 31, "def": 31, "spa": 31, "spd": 31, "spe": 31}, "item": "Heavy-Duty Boots", "teraType": "Fire", "role": "Setup Sweeper", "bvs": {"hp": 75, "atk": 125, "def": 80, "spa": 60, "spd": 100, "spe": 85}, "stats": {"hp": 245, "atk": 240, "def": 170, "spa": 139, "spd": 201, "spe": 178}, "types": ["Fire", "Ghost"]}, "Forretress": {"name": "Forretress", "species": "Forretress", "speciesId": "forretress", "gender": "F", "shiny": false, "level": 84, "moves": ["rapidspin", "spikes", "stealthrock", "ironhead"], "ability": "Sturdy", "evs": {"hp": 85, "atk": 85, "def": 85, "spa": 85, "spd": 85, "spe": 85}, "ivs": {"hp": 31, "atk": 31, "def": 31, "spa": 31, "spd": 31, "spe": 31}, "item": "Leftovers", "teraType": "Water", "role": "Bulky Support", "bvs": {"hp": 75, "atk": 90, "def": 140, "spa": 60, "spd": 60, "spe": 40}, "stats": {"hp": 263, "atk": 199, "def": 283, "spa": 149, "spd": 149, "spe": 115}, "types": ["Bug", "Steel"]}, "Bombirdier": {"name": "Bombirdier", "species": "Bombirdier", "speciesId": "bombirdier", "gender": "F", "shiny": false, "level": 85, "moves": ["knockoff", "stoneedge", "uturn", "bravebird"], "ability": "Rocky Payload", "evs": {"hp": 85, "atk": 85, "def": 85, "spa": 85, "spd": 85, "spe": 85}, "ivs": {"hp": 31, "atk": 31, "def": 31, "spa": 31, "spd": 31, "spe": 31}, "item": "Choice Band", "teraType": "Rock", "role": "Fast Attacker", "bvs": {"hp": 70, "atk": 103, "def": 85, "spa": 60, "spd": 85, "spe": 82}, "stats": {"hp": 258, "atk": 224, "def": 193, "spa": 151, "spd": 193, "spe": 188}, "types": ["Flying", "Dark"]}}]}