{"id": "gen9randombattle-2642113314", "format": "[Gen 9] Random Battle", "players": ["forcemajor14", "RC-DA"], "log": "|j|\u2606forcemajor14\n|j|\u2606RC-DA\n|t:|1782892794\n|gametype|singles\n|player|p1|forcemajor14|266|2074\n|player|p2|RC-DA|wallace|2102\n|gen|9\n|tier|[Gen 9] Random Battle\n|rated|\n|rule|Species Clause: Limit one of each Pok\u00e9mon\n|rule|HP Percentage Mod: HP is shown in percentages\n|rule|Sleep Clause Mod: Limit one foe put to sleep\n|rule|Illusion Level Mod: Illusion disguises the Pok\u00e9mon's true level\n|\n|t:|1782892794\n|teamsize|p1|6\n|teamsize|p2|6\n|start\n|switch|p1a: Houndoom|Houndoom, L87, M|272/272\n|switch|p2a: Chandelure|Chandelure, L83, M|235/235\n|turn|1\n|inactive|Battle timer is ON: inactive players will automatically lose when time's up. (requested by forcemajor14)\n|\n|t:|1782892809\n|move|p2a: Chandelure|Trick|p1a: Houndoom\n|-activate|p2a: Chandelure|move: Trick|[of] p1a: Houndoom\n|-item|p1a: Houndoom|Choice Scarf|[from] move: Trick\n|-item|p2a: Chandelure|Heavy-Duty Boots|[from] move: Trick\n|move|p1a: Houndoom|Nasty Plot|p1a: Houndoom\n|-boost|p1a: Houndoom|spa|2\n|\n|upkeep\n|turn|2\n|\n|t:|1782892812\n|switch|p1a: Muk|Muk-Alola, L82, M|306/306\n|move|p2a: Chandelure|Fire Blast|p1a: Muk\n|-damage|p1a: Muk|198/306\n|\n|upkeep\n|turn|3\n|\n|t:|1782892816\n|switch|p2a: Morpeko|Morpeko, L88, F|245/245\n|move|p1a: Muk|Knock Off|p2a: Morpeko\n|-resisted|p2a: Morpeko\n|-damage|p2a: Morpeko|174/245\n|-enditem|p2a: Morpeko|Leftovers|[from] move: Knock Off|[of] p1a: Muk\n|\n|-formechange|p2a: Morpeko|Morpeko-Hangry||[from] ability: Hunger Switch\n|upkeep\n|turn|4\n|\n|t:|1782892819\n|move|p2a: Morpeko|Aura Wheel|p1a: Muk\n|-resisted|p1a: Muk\n|-damage|p1a: Muk|120/306\n|-boost|p2a: Morpeko|spe|1\n|move|p1a: Muk|Drain Punch|p2a: Morpeko\n|-supereffective|p2a: Morpeko\n|-damage|p2a: Morpeko|48/245\n|-heal|p1a: Muk|183/306|[from] drain|[of] p2a: Morpeko\n|\n|-formechange|p2a: Morpeko|Morpeko||[from] ability: Hunger Switch\n|upkeep\n|turn|5\n|\n|t:|1782892821\n|move|p2a: Morpeko|Knock Off|p1a: Muk\n|-resisted|p1a: Muk\n|-damage|p1a: Muk|123/306\n|-enditem|p1a: Muk|Assault Vest|[from] move: Knock Off|[of] p2a: Morpeko\n|move|p1a: Muk|Drain Punch|p2a: Morpeko\n|-supereffective|p2a: Morpeko\n|-damage|p2a: Morpeko|0 fnt\n|-heal|p1a: Muk|147/306|[from] drain|[of] p2a: Morpeko\n|faint|p2a: Morpeko\n|\n|upkeep\n|\n|t:|1782892826\n|switch|p2a: Chandelure|Chandelure, L83, M|235/235\n|turn|6\n|\n|t:|1782892828\n|move|p2a: Chandelure|Fire Blast|p1a: Muk\n|-damage|p1a: Muk|0 fnt\n|faint|p1a: Muk\n|\n|upkeep\n|\n|t:|1782892832\n|switch|p1a: Houndoom|Houndoom, L87, M|272/272\n|turn|7\n|\n|t:|1782892841\n|switch|p2a: Scyther|Scyther, L82, M|249/249\n|move|p1a: Houndoom|Nasty Plot|p1a: Houndoom\n|-boost|p1a: Houndoom|spa|2\n|\n|upkeep\n|turn|8\n|\n|t:|1782892843\n|switch|p1a: Galvantula|Galvantula, L82, F|249/249\n|move|p2a: Scyther|Swords Dance|p2a: Scyther\n|-boost|p2a: Scyther|atk|2\n|\n|upkeep\n|turn|9\n|\n|t:|1782892847\n|move|p1a: Galvantula|Thunder|p2a: Scyther\n|-supereffective|p2a: Scyther\n|-damage|p2a: Scyther|0 fnt\n|faint|p2a: Scyther\n|\n|upkeep\n|\n|t:|1782892851\n|switch|p2a: Chandelure|Chandelure, L83, M|235/235\n|turn|10\n|\n|t:|1782892855\n|switch|p1a: Houndoom|Houndoom, L87, M|272/272\n|move|p2a: Chandelure|Shadow Ball|p1a: Houndoom\n|-resisted|p1a: Houndoom\n|-damage|p1a: Houndoom|209/272\n|-unboost|p1a: Houndoom|spd|1\n|\n|upkeep\n|turn|11\n|\n|t:|1782892861\n|move|p1a: Houndoom|Dark Pulse|p2a: Chandelure\n|-supereffective|p2a: Chandelure\n|-damage|p2a: Chandelure|25/235\n|move|p2a: Chandelure|Shadow Ball|p1a: Houndoom\n|-resisted|p1a: Houndoom\n|-damage|p1a: Houndoom|116/272\n|\n|upkeep\n|turn|12\n|\n|t:|1782892868\n|move|p1a: Houndoom|Dark Pulse|p2a: Chandelure\n|-supereffective|p2a: Chandelure\n|-damage|p2a: Chandelure|0 fnt\n|faint|p2a: Chandelure\n|\n|upkeep\n|\n|t:|1782892869\n|switch|p2a: Feraligatr|Feraligatr, L79, M|264/264\n|turn|13\n|\n|t:|1782892874\n|move|p1a: Houndoom|Dark Pulse|p2a: Feraligatr\n|-damage|p2a: Feraligatr|162/264\n|cant|p2a: Feraligatr|flinch\n|\n|upkeep\n|turn|14\n|\n|t:|1782892879\n|move|p1a: Houndoom|Dark Pulse|p2a: Feraligatr\n|-damage|p2a: Feraligatr|54/264\n|move|p2a: Feraligatr|Liquidation|p1a: Houndoom\n|-supereffective|p1a: Houndoom\n|-damage|p1a: Houndoom|0 fnt\n|faint|p1a: Houndoom\n|\n|upkeep\n|\n|t:|1782892881\n|switch|p1a: Galvantula|Galvantula, L82, F|249/249\n|turn|15\n|\n|t:|1782892893\n|move|p1a: Galvantula|Bug Buzz|p2a: Feraligatr\n|-damage|p2a: Feraligatr|0 fnt\n|faint|p2a: Feraligatr\n|\n|upkeep\n|\n|t:|1782892896\n|switch|p2a: Slowbro|Slowbro-Galar, L87, M|307/307\n|turn|16\n|\n|t:|1782892898\n|move|p1a: Galvantula|Thunder|p2a: Slowbro\n|-damage|p2a: Slowbro|189/307\n|-status|p2a: Slowbro|par\n|move|p2a: Slowbro|Trick Room|p2a: Slowbro\n|-fieldstart|move: Trick Room|[of] p2a: Slowbro\n|\n|upkeep\n|turn|17\n|\n|t:|1782892901\n|move|p2a: Slowbro|Fire Blast|p1a: Galvantula\n|-supereffective|p1a: Galvantula\n|-damage|p1a: Galvantula|0 fnt\n|faint|p1a: Galvantula\n|-damage|p2a: Slowbro|159/307 par|[from] item: Life Orb\n|\n|upkeep\n|\n|t:|1782892903\n|switch|p1a: Crabominable|Crabominable, L90, F|321/321\n|turn|18\n|\n|t:|1782892909\n|move|p2a: Slowbro|Psychic|p1a: Crabominable\n|-supereffective|p1a: Crabominable\n|-damage|p1a: Crabominable|123/321\n|-damage|p2a: Slowbro|129/307 par|[from] item: Life Orb\n|move|p1a: Crabominable|Knock Off|p2a: Slowbro\n|-supereffective|p2a: Slowbro\n|-damage|p2a: Slowbro|0 fnt\n|-enditem|p2a: Slowbro|Life Orb|[from] move: Knock Off|[of] p1a: Crabominable\n|faint|p2a: Slowbro\n|\n|upkeep\n|\n|t:|1782892926\n|switch|p2a: Arceus|Arceus, L68|276/276\n|turn|19\n|\n|t:|1782892931\n|-terastallize|p1a: Crabominable|Water\n|-terastallize|p2a: Arceus|Ghost\n|move|p1a: Crabominable|Drain Punch|p2a: Arceus\n|-immune|p2a: Arceus\n|move|p2a: Arceus|Swords Dance|p2a: Arceus\n|-boost|p2a: Arceus|atk|2\n|\n|upkeep\n|turn|20\n|\n|t:|1782892935\n|move|p2a: Arceus|Extreme Speed|p1a: Crabominable\n|-damage|p1a: Crabominable|0 fnt\n|faint|p1a: Crabominable\n|-damage|p2a: Arceus|249/276|[from] item: Life Orb\n|\n|-fieldend|move: Trick Room\n|upkeep\n|\n|t:|1782892939\n|switch|p1a: Zapdos|Zapdos-Galar, L77|265/265\n|turn|21\n|\n|t:|1782892941\n|move|p2a: Arceus|Extreme Speed|p1a: Zapdos\n|-damage|p1a: Zapdos|92/265\n|-damage|p2a: Arceus|222/276|[from] item: Life Orb\n|move|p1a: Zapdos|Brave Bird|p2a: Arceus\n|-damage|p2a: Arceus|38/276\n|-damage|p1a: Zapdos|31/265|[from] Recoil\n|\n|upkeep\n|turn|22\n|\n|t:|1782892945\n|move|p2a: Arceus|Extreme Speed|p1a: Zapdos\n|-damage|p1a: Zapdos|0 fnt\n|faint|p1a: Zapdos\n|-damage|p2a: Arceus|11/276|[from] item: Life Orb\n|\n|upkeep\n|\n|t:|1782892949\n|switch|p1a: Tornadus|Tornadus, L82, M|264/264\n|turn|23\n|\n|t:|1782892956\n|move|p2a: Arceus|Extreme Speed|p1a: Tornadus\n|-damage|p1a: Tornadus|38/264\n|-damage|p2a: Arceus|0 fnt|[from] item: Life Orb\n|faint|p2a: Arceus\n|\n|win|forcemajor14\n|raw|forcemajor14's rating: 2084 &rarr; <strong>2104</strong><br />(+20 for winning)\n|raw|RC-DA's rating: 2082 &rarr; <strong>2062</strong><br />(-20 for losing)\n", "inputlog": ">version f8ac14003a5f27e1bdc8d8c59608a773c1cb96e5\n>start {\"formatid\":\"gen9randombattle\",\"seed\":\"sodium,ff17381992272191931ae108398713b1\",\"rated\":\"Rated battle\"}\n>player p1 {\"name\":\"forcemajor14\",\"avatar\":\"266\",\"rating\":2074,\"seed\":\"sodium,781ab7382c51bba6ae209e535f6362cb\"}\n>player p2 {\"name\":\"RC-DA\",\"avatar\":\"wallace\",\"rating\":2102,\"seed\":\"sodium,448bab10e04e77974335f5c3afe19b17\"}\n>p1 move nastyplot\n>p2 move trick\n>p1 switch 5\n>p2 move fireblast\n>p1 move knockoff\n>p2 switch 2\n>p1 move drainpunch\n>p2 move aurawheel\n>p1 move drainpunch\n>p2 move knockoff\n>p2 switch 2\n>p1 move knockoff\n>p2 move fireblast\n>p1 switch 5\n>p1 move nastyplot\n>p2 switch 4\n>p1 switch 2\n>p2 move swordsdance\n>p1 move thunder\n>p2 move dualwingbeat\n>p2 switch 4\n>p1 switch 2\n>p2 move shadowball\n>p1 move darkpulse\n>p2 move shadowball\n>p1 move darkpulse\n>p2 move shadowball\n>p2 switch 5\n>p1 move darkpulse\n>p2 move liquidation\n>p1 move darkpulse\n>p2 move liquidation\n>p1 switch 2\n>p1 move bugbuzz\n>p2 move liquidation\n>p2 switch 6\n>p1 move thunder\n>p2 move trickroom\n>p1 move bugbuzz\n>p2 move fireblast\n>p1 switch 6\n>p1 move knockoff\n>p2 move psychic\n>p2 switch 3\n>p1 move drainpunch terastallize\n>p2 move swordsdance terastallize\n>p1 move knockoff\n>p2 move extremespeed\n>p1 switch 3\n>p1 move bravebird\n>p2 move extremespeed\n>p1 move bravebird\n>p2 move extremespeed\n>p1 switch 4\n>p1 move heatwave\n>p2 move extremespeed", "uploadtime": 1782892958, "views": 2, "formatid": "gen9randombattle", "rating": 2062, "private": 0, "password": null, "player_dets": [{"name": "forcemajor14", "avatar": "266", "rating": 2074, "seed": "sodium,781ab7382c51bba6ae209e535f6362cb"}, {"name": "RC-DA", "avatar": "wallace", "rating": 2102, "seed": "sodium,448bab10e04e77974335f5c3afe19b17"}], "teams_full": [{"Houndoom": {"name": "Houndoom", "species": "Houndoom", "speciesId": "houndoom", "gender": "M", "shiny": false, "level": 87, "moves": ["sludgebomb", "nastyplot", "darkpulse", "fireblast"], "ability": "Flash Fire", "evs": {"hp": 85, "atk": 0, "def": 85, "spa": 85, "spd": 85, "spe": 85}, "ivs": {"hp": 31, "atk": 0, "def": 31, "spa": 31, "spd": 31, "spe": 31}, "item": "Heavy-Duty Boots", "teraType": "Dark", "role": "Fast Attacker", "bvs": {"hp": 75, "atk": 90, "def": 50, "spa": 110, "spd": 80, "spe": 95}, "stats": {"hp": 272, "atk": 161, "def": 137, "spa": 241, "spd": 189, "spe": 215}, "types": ["Dark", "Fire"]}, "Galvantula": {"name": "Galvantula", "species": "Galvantula", "speciesId": "galvantula", "gender": "F", "shiny": false, "level": 82, "moves": ["thunder", "stickyweb", "voltswitch", "bugbuzz"], "ability": "Compound Eyes", "evs": {"hp": 85, "atk": 0, "def": 85, "spa": 85, "spd": 85, "spe": 85}, "ivs": {"hp": 31, "atk": 0, "def": 31, "spa": 31, "spd": 31, "spe": 31}, "item": "Heavy-Duty Boots", "teraType": "Electric", "role": "Fast Support", "bvs": {"hp": 70, "atk": 77, "def": 60, "spa": 97, "spd": 60, "spe": 108}, "stats": {"hp": 249, "atk": 131, "def": 146, "spa": 206, "spd": 146, "spe": 224}, "types": ["Bug", "Electric"]}, "Zapdos": {"name": "Zapdos", "species": "Zapdos-Galar", "speciesId": "zapdosgalar", "gender": "N", "shiny": false, "level": 77, "moves": ["closecombat", "uturn", "bravebird", "knockoff"], "ability": "Defiant", "evs": {"hp": 85, "atk": 85, "def": 85, "spa": 85, "spd": 85, "spe": 85}, "ivs": {"hp": 31, "atk": 31, "def": 31, "spa": 31, "spd": 31, "spe": 31}, "item": "Choice Band", "teraType": "Fighting", "role": "Fast Attacker", "bvs": {"hp": 90, "atk": 125, "def": 90, "spa": 85, "spd": 90, "spe": 100}, "stats": {"hp": 265, "atk": 237, "def": 183, "spa": 175, "spd": 183, "spe": 199}, "types": ["Fighting", "Flying"]}, "Tornadus": {"name": "Tornadus", "species": "Tornadus", "speciesId": "tornadus", "gender": "M", "shiny": false, "level": 82, "moves": ["nastyplot", "focusblast", "bleakwindstorm", "heatwave"], "ability": "Prankster", "evs": {"hp": 85, "atk": 0, "def": 85, "spa": 85, "spd": 85, "spe": 85}, "ivs": {"hp": 31, "atk": 0, "def": 31, "spa": 31, "spd": 31, "spe": 31}, "item": "Heavy-Duty Boots", "teraType": "Fighting", "role": "Fast Attacker", "bvs": {"hp": 79, "atk": 115, "def": 70, "spa": 125, "spd": 80, "spe": 111}, "stats": {"hp": 264, "atk": 193, "def": 162, "spa": 252, "spd": 178, "spe": 229}, "types": ["Flying"]}, "Muk": {"name": "Muk", "species": "Muk-Alola", "speciesId": "mukalola", "gender": "M", "shiny": false, "level": 82, "moves": ["shadowsneak", "drainpunch", "knockoff", "gunkshot"], "ability": "Poison Touch", "evs": {"hp": 85, "atk": 85, "def": 85, "spa": 85, "spd": 85, "spe": 85}, "ivs": {"hp": 31, "atk": 31, "def": 31, "spa": 31, "spd": 31, "spe": 31}, "item": "Assault Vest", "teraType": "Fighting", "role": "AV Pivot", "bvs": {"hp": 105, "atk": 105, "def": 75, "spa": 65, "spd": 100, "spe": 50}, "stats": {"hp": 306, "atk": 219, "def": 170, "spa": 154, "spd": 211, "spe": 129}, "types": ["Poison", "Dark"]}, "Crabominable": {"name": "Crabominable", "species": "Crabominable", "speciesId": "crabominable", "gender": "F", "shiny": false, "level": 90, "moves": ["drainpunch", "icehammer", "knockoff", "earthquake"], "ability": "Iron Fist", "evs": {"hp": 85, "atk": 85, "def": 85, "spa": 85, "spd": 85, "spe": 85}, "ivs": {"hp": 31, "atk": 31, "def": 31, "spa": 31, "spd": 31, "spe": 31}, "item": "Assault Vest", "teraType": "Water", "role": "AV Pivot", "bvs": {"hp": 97, "atk": 132, "def": 77, "spa": 62, "spd": 67, "spe": 43}, "stats": {"hp": 321, "atk": 289, "def": 190, "spa": 163, "spd": 172, "spe": 129}, "types": ["Fighting", "Ice"]}}, {"Chandelure": {"name": "Chandelure", "species": "Chandelure", "speciesId": "chandelure", "gender": "M", "shiny": false, "level": 83, "moves": ["trick", "shadowball", "fireblast", "energyball"], "ability": "Flash Fire", "evs": {"hp": 85, "atk": 0, "def": 85, "spa": 85, "spd": 85, "spe": 85}, "ivs": {"hp": 31, "atk": 0, "def": 31, "spa": 31, "spd": 31, "spe": 31}, "item": "Choice Scarf", "teraType": "Fire", "role": "Fast Attacker", "bvs": {"hp": 60, "atk": 55, "def": 90, "spa": 145, "spd": 90, "spe": 80}, "stats": {"hp": 235, "atk": 96, "def": 197, "spa": 288, "spd": 197, "spe": 180}, "types": ["Ghost", "Fire"]}, "Morpeko": {"name": "Morpeko", "species": "Morpeko", "speciesId": "morpeko", "gender": "F", "shiny": false, "level": 88, "moves": ["knockoff", "rapidspin", "protect", "aurawheel"], "ability": "Hunger Switch", "evs": {"hp": 85, "atk": 85, "def": 85, "spa": 85, "spd": 85, "spe": 85}, "ivs": {"hp": 31, "atk": 31, "def": 31, "spa": 31, "spd": 31, "spe": 31}, "item": "Leftovers", "teraType": "Electric", "role": "Bulky Attacker", "bvs": {"hp": 58, "atk": 95, "def": 58, "spa": 70, "spd": 58, "spe": 97}, "stats": {"hp": 245, "atk": 217, "def": 152, "spa": 173, "spd": 152, "spe": 221}, "types": ["Electric", "Dark"]}, "Arceus": {"name": "Arceus", "species": "Arceus", "speciesId": "arceus", "gender": "N", "shiny": false, "level": 68, "moves": ["shadowclaw", "swordsdance", "earthquake", "extremespeed"], "ability": "Multitype", "evs": {"hp": 85, "atk": 85, "def": 85, "spa": 85, "spd": 85, "spe": 85}, "ivs": {"hp": 31, "atk": 31, "def": 31, "spa": 31, "spd": 31, "spe": 31}, "item": "Life Orb", "teraType": "Ghost", "role": "Fast Bulky Setup", "bvs": {"hp": 120, "atk": 120, "def": 120, "spa": 120, "spd": 120, "spe": 120}, "stats": {"hp": 276, "atk": 203, "def": 203, "spa": 203, "spd": 203, "spe": 203}, "types": ["Normal"]}, "Scyther": {"name": "Scyther", "species": "Scyther", "speciesId": "scyther", "gender": "M", "shiny": false, "level": 82, "moves": ["bugbite", "dualwingbeat", "closecombat", "swordsdance"], "ability": "Technician", "evs": {"hp": 85, "atk": 85, "def": 85, "spa": 85, "spd": 85, "spe": 85}, "ivs": {"hp": 31, "atk": 31, "def": 31, "spa": 31, "spd": 31, "spe": 31}, "item": "Heavy-Duty Boots", "teraType": "Fighting", "role": "Setup Sweeper", "bvs": {"hp": 70, "atk": 110, "def": 80, "spa": 55, "spd": 80, "spe": 105}, "stats": {"hp": 249, "atk": 228, "def": 178, "spa": 137, "spd": 178, "spe": 219}, "types": ["Bug", "Flying"]}, "Feraligatr": {"name": "Feraligatr", "species": "Feraligatr", "speciesId": "feraligatr", "gender": "M", "shiny": false, "level": 79, "moves": ["icepunch", "trailblaze", "dragondance", "liquidation"], "ability": "Sheer Force", "evs": {"hp": 85, "atk": 85, "def": 85, "spa": 85, "spd": 85, "spe": 85}, "ivs": {"hp": 31, "atk": 31, "def": 31, "spa": 31, "spd": 31, "spe": 31}, "item": "Life Orb", "teraType": "Grass", "role": "Setup Sweeper", "bvs": {"hp": 85, "atk": 105, "def": 100, "spa": 79, "spd": 83, "spe": 78}, "stats": {"hp": 264, "atk": 211, "def": 204, "spa": 170, "spd": 177, "spe": 169}, "types": ["Water"]}, "Slowbro": {"name": "Slowbro", "species": "Slowbro-Galar", "speciesId": "slowbrogalar", "gender": "M", "shiny": false, "level": 87, "moves": ["psychic", "shellsidearm", "trickroom", "fireblast"], "ability": "Regenerator", "evs": {"hp": 85, "atk": 85, "def": 85, "spa": 85, "spd": 85, "spe": 0}, "ivs": {"hp": 31, "atk": 31, "def": 31, "spa": 31, "spd": 31, "spe": 0}, "item": "Life Orb", "teraType": "Psychic", "role": "Wallbreaker", "bvs": {"hp": 95, "atk": 100, "def": 95, "spa": 100, "spd": 70, "spe": 30}, "stats": {"hp": 307, "atk": 224, "def": 215, "spa": 224, "spd": 172, "spe": 57}, "types": ["Poison", "Psychic"]}}]}