{"id": "gen9randombattle-2642148637", "format": "[Gen 9] Random Battle", "players": ["licolicky", "ye5ye5yyyyy"], "log": "|j|\u2606licolicky\n|j|\u2606ye5ye5yyyyy\n|t:|1782900341\n|gametype|singles\n|player|p1|licolicky|266|1044\n|player|p2|ye5ye5yyyyy|169|1074\n|gen|9\n|tier|[Gen 9] Random Battle\n|rated|\n|rule|Species Clause: Limit one of each Pok\u00e9mon\n|rule|HP Percentage Mod: HP is shown in percentages\n|rule|Sleep Clause Mod: Limit one foe put to sleep\n|rule|Illusion Level Mod: Illusion disguises the Pok\u00e9mon's true level\n|\n|t:|1782900341\n|teamsize|p1|6\n|teamsize|p2|6\n|start\n|switch|p1a: Ampharos|Ampharos, L88, F|302/302\n|switch|p2a: Seviper|Seviper, L93, F|287/287\n|turn|1\n|inactive|Battle timer is ON: inactive players will automatically lose when time's up. (requested by ye5ye5yyyyy)\n|\n|t:|1782900351\n|move|p2a: Seviper|Swords Dance|p2a: Seviper\n|-boost|p2a: Seviper|atk|2\n|move|p1a: Ampharos|Volt Switch|p2a: Seviper\n|-damage|p2a: Seviper|173/287\n|\n|t:|1782900355\n|switch|p1a: Sandaconda|Sandaconda, L84, F|258/258|[from] Volt Switch\n|\n|-heal|p2a: Seviper|190/287|[from] item: Leftovers\n|upkeep\n|turn|2\n|\n|t:|1782900366\n|-terastallize|p2a: Seviper|Ground\n|move|p2a: Seviper|Trailblaze|p1a: Sandaconda\n|-supereffective|p1a: Sandaconda\n|-damage|p1a: Sandaconda|114/258\n|-boost|p2a: Seviper|spe|1\n|move|p1a: Sandaconda|Coil|p1a: Sandaconda\n|-boost|p1a: Sandaconda|atk|1\n|-boost|p1a: Sandaconda|def|1\n|-boost|p1a: Sandaconda|accuracy|1\n|\n|-heal|p2a: Seviper|207/287|[from] item: Leftovers\n|upkeep\n|turn|3\n|\n|t:|1782900392\n|switch|p1a: Typhlosion|Typhlosion-Hisui, L83, M|257/257\n|move|p2a: Seviper|Earthquake|p1a: Typhlosion\n|-supereffective|p1a: Typhlosion\n|-damage|p1a: Typhlosion|0 fnt\n|faint|p1a: Typhlosion\n|\n|-heal|p2a: Seviper|224/287|[from] item: Leftovers\n|upkeep\n|inactive|licolicky has 120 seconds left.\n|\n|t:|1782900404\n|switch|p1a: Manaphy|Manaphy, L78|284/284\n|turn|4\n|\n|t:|1782900414\n|move|p2a: Seviper|Gunk Shot|p1a: Manaphy\n|-damage|p1a: Manaphy|0 fnt\n|faint|p1a: Manaphy\n|\n|-heal|p2a: Seviper|241/287|[from] item: Leftovers\n|upkeep\n|-message|licolicky forfeited.\n|\n|win|ye5ye5yyyyy\n|raw|licolicky's rating: 1044 &rarr; <strong>1029</strong><br />(-15 for losing)\n|raw|ye5ye5yyyyy's rating: 1074 &rarr; <strong>1100</strong><br />(+26 for winning)\n|l|\u2606licolicky\n|player|p1|\n", "inputlog": ">version f8ac14003a5f27e1bdc8d8c59608a773c1cb96e5\n>start {\"formatid\":\"gen9randombattle\",\"seed\":\"sodium,94de1d899456f85ffd3e65f3e21c37f6\",\"rated\":\"Rated battle\"}\n>player p1 {\"name\":\"licolicky\",\"avatar\":\"266\",\"rating\":1044,\"seed\":\"sodium,c5d08a951dc34d3caeb8a75d8497d010\"}\n>player p2 {\"name\":\"ye5ye5yyyyy\",\"avatar\":\"169\",\"rating\":1074,\"seed\":\"sodium,2344dd9a33496b6ce2d7b11109ea207a\"}\n>p1 move voltswitch\n>p2 move swordsdance\n>p1 switch 2\n>p1 move coil\n>p2 move trailblaze terastallize\n>p1 switch 6\n>p2 move earthquake\n>p1 switch 4\n>p1 move surf\n>p2 move gunkshot\n>forcelose p1", "uploadtime": 1782900422, "views": 3, "formatid": "gen9randombattle", "rating": 1029, "private": 0, "password": null, "player_dets": [{"name": "licolicky", "avatar": "266", "rating": 1044, "seed": "sodium,c5d08a951dc34d3caeb8a75d8497d010"}, {"name": "ye5ye5yyyyy", "avatar": "169", "rating": 1074, "seed": "sodium,2344dd9a33496b6ce2d7b11109ea207a"}], "teams_full": [{"Ampharos": {"name": "Ampharos", "species": "Ampharos", "speciesId": "ampharos", "gender": "F", "shiny": false, "level": 88, "moves": ["dazzlinggleam", "dragontail", "voltswitch", "thunderbolt"], "ability": "Static", "evs": {"hp": 85, "atk": 85, "def": 85, "spa": 85, "spd": 85, "spe": 85}, "ivs": {"hp": 31, "atk": 31, "def": 31, "spa": 31, "spd": 31, "spe": 31}, "item": "Assault Vest", "teraType": "Fairy", "role": "AV Pivot", "bvs": {"hp": 90, "atk": 75, "def": 85, "spa": 115, "spd": 90, "spe": 55}, "stats": {"hp": 302, "atk": 182, "def": 200, "spa": 253, "spd": 209, "spe": 147}, "types": ["Electric"]}, "Sandaconda": {"name": "Sandaconda", "species": "Sandaconda", "speciesId": "sandaconda", "gender": "F", "shiny": false, "level": 84, "moves": ["rockblast", "scaleshot", "earthquake", "coil"], "ability": "Shed Skin", "evs": {"hp": 85, "atk": 85, "def": 85, "spa": 85, "spd": 85, "spe": 85}, "ivs": {"hp": 31, "atk": 31, "def": 31, "spa": 31, "spd": 31, "spe": 31}, "item": "Loaded Dice", "teraType": "Dragon", "role": "Fast Bulky Setup", "bvs": {"hp": 72, "atk": 107, "def": 125, "spa": 65, "spd": 70, "spe": 71}, "stats": {"hp": 258, "atk": 228, "def": 258, "spa": 157, "spd": 166, "spe": 167}, "types": ["Ground"]}, "Iron Jugulis": {"name": "Iron Jugulis", "species": "Iron Jugulis", "speciesId": "ironjugulis", "gender": "N", "shiny": false, "level": 77, "moves": ["darkpulse", "fireblast", "hurricane", "earthpower"], "ability": "Quark Drive", "evs": {"hp": 85, "atk": 0, "def": 85, "spa": 85, "spd": 85, "spe": 85}, "ivs": {"hp": 31, "atk": 0, "def": 31, "spa": 31, "spd": 31, "spe": 31}, "item": "Choice Specs", "teraType": "Ground", "role": "Wallbreaker", "bvs": {"hp": 94, "atk": 80, "def": 86, "spa": 122, "spd": 80, "spe": 108}, "stats": {"hp": 271, "atk": 128, "def": 177, "spa": 232, "spd": 168, "spe": 211}, "types": ["Dark", "Flying"]}, "Manaphy": {"name": "Manaphy", "species": "Manaphy", "speciesId": "manaphy", "gender": "N", "shiny": false, "level": 78, "moves": ["icebeam", "tailglow", "surf", "energyball"], "ability": "Hydration", "evs": {"hp": 85, "atk": 0, "def": 85, "spa": 85, "spd": 85, "spe": 85}, "ivs": {"hp": 31, "atk": 0, "def": 31, "spa": 31, "spd": 31, "spe": 31}, "item": "Leftovers", "teraType": "Water", "role": "Bulky Setup", "bvs": {"hp": 100, "atk": 100, "def": 100, "spa": 100, "spd": 100, "spe": 100}, "stats": {"hp": 284, "atk": 161, "def": 201, "spa": 201, "spd": 201, "spe": 201}, "types": ["Water"]}, "Minior": {"name": "Minior", "species": "Minior", "speciesId": "minior", "gender": "N", "shiny": false, "level": 79, "moves": ["powergem", "acrobatics", "earthquake", "shellsmash"], "ability": "Shields Down", "evs": {"hp": 85, "atk": 85, "def": 85, "spa": 85, "spd": 85, "spe": 85}, "ivs": {"hp": 31, "atk": 31, "def": 31, "spa": 31, "spd": 31, "spe": 31}, "item": "White Herb", "teraType": "Flying", "role": "Setup Sweeper", "bvs": {"hp": 60, "atk": 100, "def": 60, "spa": 100, "spd": 60, "spe": 120}, "stats": {"hp": 224, "atk": 204, "def": 140, "spa": 204, "spd": 140, "spe": 235}, "types": ["Rock", "Flying"]}, "Typhlosion": {"name": "Typhlosion", "species": "Typhlosion-Hisui", "speciesId": "typhlosionhisui", "gender": "M", "shiny": false, "level": 83, "moves": ["focusblast", "fireblast", "calmmind", "shadowball"], "ability": "Blaze", "evs": {"hp": 85, "atk": 0, "def": 85, "spa": 85, "spd": 85, "spe": 85}, "ivs": {"hp": 31, "atk": 0, "def": 31, "spa": 31, "spd": 31, "spe": 31}, "item": "Heavy-Duty Boots", "teraType": "Ghost", "role": "Fast Bulky Setup", "bvs": {"hp": 73, "atk": 84, "def": 78, "spa": 119, "spd": 85, "spe": 95}, "stats": {"hp": 257, "atk": 144, "def": 177, "spa": 245, "spd": 189, "spe": 205}, "types": ["Fire", "Ghost"]}}, {"Seviper": {"name": "Seviper", "species": "Seviper", "speciesId": "seviper", "gender": "F", "shiny": false, "level": 93, "moves": ["earthquake", "trailblaze", "gunkshot", "swordsdance"], "ability": "Infiltrator", "evs": {"hp": 85, "atk": 85, "def": 85, "spa": 85, "spd": 85, "spe": 85}, "ivs": {"hp": 31, "atk": 31, "def": 31, "spa": 31, "spd": 31, "spe": 31}, "item": "Leftovers", "teraType": "Ground", "role": "Bulky Setup", "bvs": {"hp": 73, "atk": 100, "def": 60, "spa": 100, "spd": 60, "spe": 65}, "stats": {"hp": 287, "atk": 239, "def": 164, "spa": 239, "spd": 164, "spe": 174}, "types": ["Poison"]}, "Hitmontop": {"name": "Hitmontop", "species": "Hitmontop", "speciesId": "hitmontop", "gender": "M", "shiny": false, "level": 88, "moves": ["closecombat", "bulkup", "rapidspin", "tripleaxel"], "ability": "Technician", "evs": {"hp": 85, "atk": 85, "def": 85, "spa": 85, "spd": 85, "spe": 85}, "ivs": {"hp": 31, "atk": 31, "def": 31, "spa": 31, "spd": 31, "spe": 31}, "item": "Leftovers", "teraType": "Ice", "role": "Bulky Setup", "bvs": {"hp": 50, "atk": 95, "def": 95, "spa": 35, "spd": 110, "spe": 70}, "stats": {"hp": 231, "atk": 217, "def": 217, "spa": 112, "spd": 244, "spe": 173}, "types": ["Fighting"]}, "Haxorus": {"name": "Haxorus", "species": "Haxorus", "speciesId": "haxorus", "gender": "F", "shiny": false, "level": 77, "moves": ["closecombat", "outrage", "dragondance", "ironhead"], "ability": "Mold Breaker", "evs": {"hp": 85, "atk": 85, "def": 85, "spa": 85, "spd": 85, "spe": 85}, "ivs": {"hp": 31, "atk": 31, "def": 31, "spa": 31, "spd": 31, "spe": 31}, "item": "Lum Berry", "teraType": "Steel", "role": "Setup Sweeper", "bvs": {"hp": 76, "atk": 147, "def": 90, "spa": 60, "spd": 70, "spe": 97}, "stats": {"hp": 244, "atk": 271, "def": 183, "spa": 137, "spd": 152, "spe": 194}, "types": ["Dragon"]}, "Umbreon": {"name": "Umbreon", "species": "Umbreon", "speciesId": "umbreon", "gender": "F", "shiny": false, "level": 84, "moves": ["toxic", "wish", "foulplay", "protect"], "ability": "Synchronize", "evs": {"hp": 85, "atk": 0, "def": 85, "spa": 85, "spd": 85, "spe": 85}, "ivs": {"hp": 31, "atk": 0, "def": 31, "spa": 31, "spd": 31, "spe": 31}, "item": "Leftovers", "teraType": "Poison", "role": "Bulky Support", "bvs": {"hp": 95, "atk": 65, "def": 110, "spa": 60, "spd": 130, "spe": 65}, "stats": {"hp": 297, "atk": 114, "def": 233, "spa": 149, "spd": 267, "spe": 157}, "types": ["Dark"]}, "Spectrier": {"name": "Spectrier", "species": "Spectrier", "speciesId": "spectrier", "gender": "N", "shiny": false, "level": 75, "moves": ["terablast", "nastyplot", "substitute", "shadowball"], "ability": "Grim Neigh", "evs": {"hp": 85, "atk": 0, "def": 85, "spa": 85, "spd": 85, "spe": 85}, "ivs": {"hp": 31, "atk": 0, "def": 31, "spa": 31, "spd": 31, "spe": 31}, "item": "Leftovers", "teraType": "Fighting", "role": "Tera Blast user", "bvs": {"hp": 100, "atk": 65, "def": 60, "spa": 145, "spd": 80, "spe": 130}, "stats": {"hp": 274, "atk": 102, "def": 134, "spa": 261, "spd": 164, "spe": 239}, "types": ["Ghost"]}, "Golduck": {"name": "Golduck", "species": "Golduck", "speciesId": "golduck", "gender": "F", "shiny": false, "level": 90, "moves": ["hydropump", "flipturn", "icebeam", "grassknot"], "ability": "Cloud Nine", "evs": {"hp": 85, "atk": 85, "def": 85, "spa": 85, "spd": 85, "spe": 85}, "ivs": {"hp": 31, "atk": 31, "def": 31, "spa": 31, "spd": 31, "spe": 31}, "item": "Choice Specs", "teraType": "Grass", "role": "Fast Attacker", "bvs": {"hp": 80, "atk": 82, "def": 78, "spa": 95, "spd": 80, "spe": 85}, "stats": {"hp": 290, "atk": 199, "def": 192, "spa": 222, "spd": 195, "spe": 204}, "types": ["Water"]}}]}