{"id": "gen9randombattle-2642157198", "format": "[Gen 9] Random Battle", "players": ["swagged out af", "masbahlilganteng"], "log": "|j|\u2606swagged out af\n|j|\u2606masbahlilganteng\n|t:|1782902111\n|gametype|singles\n|player|p1|swagged out af|2|1940\n|player|p2|masbahlilganteng|hoopster|1907\n|gen|9\n|tier|[Gen 9] Random Battle\n|rated|\n|rule|Species Clause: Limit one of each Pok\u00e9mon\n|rule|HP Percentage Mod: HP is shown in percentages\n|rule|Sleep Clause Mod: Limit one foe put to sleep\n|rule|Illusion Level Mod: Illusion disguises the Pok\u00e9mon's true level\n|\n|t:|1782902111\n|teamsize|p1|6\n|teamsize|p2|6\n|start\n|switch|p1a: Shaymin|Shaymin-Sky, L73|266/266\n|switch|p2a: Deoxys|Deoxys-Speed, L82|216/216\n|-ability|p2a: Deoxys|Pressure\n|turn|1\n|inactive|Battle timer is ON: inactive players will automatically lose when time's up. (requested by masbahlilganteng)\n|\n|t:|1782902128\n|move|p2a: Deoxys|Nasty Plot|p2a: Deoxys\n|-boost|p2a: Deoxys|spa|2\n|move|p1a: Shaymin|Seed Flare|p2a: Deoxys|[miss]\n|-miss|p1a: Shaymin|p2a: Deoxys\n|\n|upkeep\n|turn|2\n|\n|t:|1782902138\n|switch|p1a: Registeel|Registeel, L81|262/262\n|move|p2a: Deoxys|Dark Pulse|p1a: Registeel\n|-damage|p1a: Registeel|171/262\n|-damage|p2a: Deoxys|195/216|[from] item: Life Orb\n|\n|-heal|p1a: Registeel|187/262|[from] item: Leftovers\n|upkeep\n|turn|3\n|\n|t:|1782902145\n|switch|p1a: Flamigo|Flamigo, L82, F|269/269\n|move|p2a: Deoxys|Focus Blast|p1a: Flamigo\n|-resisted|p1a: Flamigo\n|-damage|p1a: Flamigo|127/269\n|-damage|p2a: Deoxys|174/216|[from] item: Life Orb\n|\n|upkeep\n|turn|4\n|\n|t:|1782902159\n|move|p2a: Deoxys|Psycho Boost|p1a: Flamigo\n|-supereffective|p1a: Flamigo\n|-damage|p1a: Flamigo|0 fnt\n|-unboost|p2a: Deoxys|spa|2\n|faint|p1a: Flamigo\n|-damage|p2a: Deoxys|153/216|[from] item: Life Orb\n|\n|upkeep\n|\n|t:|1782902161\n|switch|p1a: Shaymin|Shaymin-Sky, L73|266/266\n|turn|5\n|\n|t:|1782902169\n|move|p2a: Deoxys|Psycho Boost|p1a: Shaymin\n|-damage|p1a: Shaymin|52/266\n|-unboost|p2a: Deoxys|spa|2\n|-damage|p2a: Deoxys|132/216|[from] item: Life Orb\n|move|p1a: Shaymin|Seed Flare|p2a: Deoxys\n|-damage|p2a: Deoxys|23/216\n|-unboost|p2a: Deoxys|spd|2\n|\n|upkeep\n|turn|6\n|inactive|swagged out af has 120 seconds left.\n|inactive|masbahlilganteng has 120 seconds left.\n|inactive|swagged out af has 90 seconds left.\n|inactive|swagged out af has 60 seconds left.\n|inactive|swagged out af has 30 seconds left.\n|inactive|swagged out af has 20 seconds left.\n|inactive|swagged out af has 15 seconds left.\n|inactive|swagged out af has 10 seconds left.\n|inactive|swagged out af has 5 seconds left.\n|-message|swagged out af lost due to inactivity.\n|\n|win|masbahlilganteng\n|raw|swagged out af's rating: 1940 &rarr; <strong>1918</strong><br />(-22 for losing)\n|raw|masbahlilganteng's rating: 1907 &rarr; <strong>1929</strong><br />(+22 for winning)\n", "inputlog": ">version f8ac14003a5f27e1bdc8d8c59608a773c1cb96e5\n>start {\"formatid\":\"gen9randombattle\",\"seed\":\"sodium,f0deb15ece66db33a2cabf3f382b5787\",\"rated\":\"Rated battle\"}\n>player p1 {\"name\":\"swagged out af\",\"avatar\":\"2\",\"rating\":1940,\"seed\":\"sodium,5392bd7b131aad6cbbcf275925b59a35\"}\n>player p2 {\"name\":\"masbahlilganteng\",\"avatar\":\"hoopster\",\"rating\":1907,\"seed\":\"sodium,b81cadf339827e838031ccf550d0b081\"}\n>p1 move seedflare\n>p2 move nastyplot\n>p1 switch 2\n>p2 move darkpulse\n>p1 switch 5\n>p2 move focusblast\n>p1 move bravebird\n>p2 move psychoboost\n>p1 switch 2\n>p1 move seedflare\n>p2 move psychoboost\n>forcelose p1", "uploadtime": 1782902320, "views": 6, "formatid": "gen9randombattle", "rating": 1918, "private": 0, "password": null, "player_dets": [{"name": "swagged out af", "avatar": "2", "rating": 1940, "seed": "sodium,5392bd7b131aad6cbbcf275925b59a35"}, {"name": "masbahlilganteng", "avatar": "hoopster", "rating": 1907, "seed": "sodium,b81cadf339827e838031ccf550d0b081"}], "teams_full": [{"Shaymin": {"name": "Shaymin", "species": "Shaymin-Sky", "speciesId": "shayminsky", "gender": "N", "shiny": false, "level": 73, "moves": ["seedflare", "airslash", "earthpower", "synthesis"], "ability": "Serene Grace", "evs": {"hp": 85, "atk": 0, "def": 85, "spa": 85, "spd": 85, "spe": 85}, "ivs": {"hp": 31, "atk": 0, "def": 31, "spa": 31, "spd": 31, "spe": 31}, "item": "Heavy-Duty Boots", "teraType": "Water", "role": "Bulky Attacker", "bvs": {"hp": 100, "atk": 103, "def": 75, "spa": 120, "spd": 75, "spe": 127}, "stats": {"hp": 266, "atk": 155, "def": 152, "spa": 218, "spd": 152, "spe": 228}, "types": ["Grass", "Flying"]}, "Registeel": {"name": "Registeel", "species": "Registeel", "speciesId": "registeel", "gender": "N", "shiny": false, "level": 81, "moves": ["bodypress", "thunderwave", "stealthrock", "ironhead"], "ability": "Clear Body", "evs": {"hp": 85, "atk": 85, "def": 85, "spa": 85, "spd": 85, "spe": 85}, "ivs": {"hp": 31, "atk": 31, "def": 31, "spa": 31, "spd": 31, "spe": 31}, "item": "Leftovers", "teraType": "Fighting", "role": "Bulky Support", "bvs": {"hp": 80, "atk": 75, "def": 150, "spa": 75, "spd": 150, "spe": 50}, "stats": {"hp": 262, "atk": 168, "def": 290, "spa": 168, "spd": 290, "spe": 128}, "types": ["Steel"]}, "Hitmonlee": {"name": "Hitmonlee", "species": "Hitmonlee", "speciesId": "hitmonlee", "gender": "M", "shiny": false, "level": 85, "moves": ["knockoff", "closecombat", "poisonjab", "swordsdance"], "ability": "Unburden", "evs": {"hp": 85, "atk": 85, "def": 85, "spa": 85, "spd": 85, "spe": 85}, "ivs": {"hp": 31, "atk": 31, "def": 31, "spa": 31, "spd": 31, "spe": 31}, "item": "White Herb", "teraType": "Dark", "role": "Setup Sweeper", "bvs": {"hp": 50, "atk": 120, "def": 53, "spa": 35, "spd": 110, "spe": 87}, "stats": {"hp": 224, "atk": 253, "def": 139, "spa": 108, "spd": 236, "spe": 197}, "types": ["Fighting"]}, "Arceus": {"name": "Arceus", "species": "Arceus-Ghost", "speciesId": "arceusghost", "gender": "N", "shiny": false, "level": 69, "moves": ["recover", "calmmind", "judgment", "focusblast"], "ability": "Multitype", "evs": {"hp": 85, "atk": 0, "def": 85, "spa": 85, "spd": 85, "spe": 85}, "ivs": {"hp": 31, "atk": 0, "def": 31, "spa": 31, "spd": 31, "spe": 31}, "item": "Spooky Plate", "teraType": "Fighting", "role": "Bulky Attacker", "bvs": {"hp": 120, "atk": 120, "def": 120, "spa": 120, "spd": 120, "spe": 120}, "stats": {"hp": 280, "atk": 170, "def": 206, "spa": 206, "spd": 206, "spe": 206}, "types": ["Ghost"]}, "Flamigo": {"name": "Flamigo", "species": "Flamigo", "speciesId": "flamigo", "gender": "F", "shiny": false, "level": 82, "moves": ["throatchop", "closecombat", "uturn", "bravebird"], "ability": "Scrappy", "evs": {"hp": 85, "atk": 85, "def": 85, "spa": 85, "spd": 85, "spe": 85}, "ivs": {"hp": 31, "atk": 31, "def": 31, "spa": 31, "spd": 31, "spe": 31}, "item": "Choice Scarf", "teraType": "Fighting", "role": "Fast Attacker", "bvs": {"hp": 82, "atk": 115, "def": 74, "spa": 75, "spd": 64, "spe": 90}, "stats": {"hp": 269, "atk": 236, "def": 169, "spa": 170, "spd": 152, "spe": 195}, "types": ["Flying", "Fighting"]}, "Fezandipiti": {"name": "Fezandipiti", "species": "Fezandipiti", "speciesId": "fezandipiti", "gender": "M", "shiny": false, "level": 82, "moves": ["gunkshot", "moonblast", "roost", "beatup"], "ability": "Toxic Chain", "evs": {"hp": 85, "atk": 85, "def": 85, "spa": 85, "spd": 85, "spe": 85}, "ivs": {"hp": 31, "atk": 31, "def": 31, "spa": 31, "spd": 31, "spe": 31}, "item": "Leftovers", "teraType": "Dark", "role": "Bulky Attacker", "bvs": {"hp": 88, "atk": 91, "def": 82, "spa": 70, "spd": 125, "spe": 99}, "stats": {"hp": 278, "atk": 196, "def": 182, "spa": 162, "spd": 252, "spe": 210}, "types": ["Poison", "Fairy"]}}, {"Deoxys": {"name": "Deoxys", "species": "Deoxys-Speed", "speciesId": "deoxysspeed", "gender": "N", "shiny": false, "level": 82, "moves": ["darkpulse", "focusblast", "psychoboost", "nastyplot"], "ability": "Pressure", "evs": {"hp": 85, "atk": 0, "def": 85, "spa": 85, "spd": 85, "spe": 85}, "ivs": {"hp": 31, "atk": 0, "def": 31, "spa": 31, "spd": 31, "spe": 31}, "item": "Life Orb", "teraType": "Fighting", "role": "Setup Sweeper", "bvs": {"hp": 50, "atk": 95, "def": 90, "spa": 95, "spd": 90, "spe": 180}, "stats": {"hp": 216, "atk": 160, "def": 195, "spa": 203, "spd": 195, "spe": 342}, "types": ["Psychic"]}, "Lurantis": {"name": "Lurantis", "species": "Lurantis", "speciesId": "lurantis", "gender": "F", "shiny": false, "level": 87, "moves": ["leafstorm", "knockoff", "superpower", "synthesis"], "ability": "Contrary", "evs": {"hp": 85, "atk": 85, "def": 85, "spa": 85, "spd": 85, "spe": 85}, "ivs": {"hp": 31, "atk": 31, "def": 31, "spa": 31, "spd": 31, "spe": 31}, "item": "Leftovers", "teraType": "Fighting", "role": "Bulky Attacker", "bvs": {"hp": 70, "atk": 105, "def": 90, "spa": 80, "spd": 90, "spe": 45}, "stats": {"hp": 264, "atk": 232, "def": 206, "spa": 189, "spd": 206, "spe": 128}, "types": ["Grass"]}, "Garchomp": {"name": "Garchomp", "species": "Garchomp", "speciesId": "garchomp", "gender": "M", "shiny": false, "level": 74, "moves": ["outrage", "stealthrock", "earthquake", "spikes"], "ability": "Rough Skin", "evs": {"hp": 85, "atk": 85, "def": 85, "spa": 85, "spd": 85, "spe": 85}, "ivs": {"hp": 31, "atk": 31, "def": 31, "spa": 31, "spd": 31, "spe": 31}, "item": "Rocky Helmet", "teraType": "Steel", "role": "Fast Support", "bvs": {"hp": 108, "atk": 130, "def": 95, "spa": 80, "spd": 85, "spe": 102}, "stats": {"hp": 282, "atk": 235, "def": 184, "spa": 161, "spd": 169, "spe": 194}, "types": ["Dragon", "Ground"]}, "Masquerain": {"name": "Masquerain", "species": "Masquerain", "speciesId": "masquerain", "gender": "F", "shiny": false, "level": 87, "moves": ["hurricane", "hydropump", "quiverdance", "bugbuzz"], "ability": "Intimidate", "evs": {"hp": 85, "atk": 0, "def": 85, "spa": 85, "spd": 85, "spe": 85}, "ivs": {"hp": 31, "atk": 0, "def": 31, "spa": 31, "spd": 31, "spe": 31}, "item": "Heavy-Duty Boots", "teraType": "Water", "role": "Setup Sweeper", "bvs": {"hp": 70, "atk": 60, "def": 62, "spa": 100, "spd": 82, "spe": 80}, "stats": {"hp": 264, "atk": 109, "def": 158, "spa": 224, "spd": 192, "spe": 189}, "types": ["Bug", "Flying"]}, "Meloetta": {"name": "Meloetta", "species": "Meloetta", "speciesId": "meloetta", "gender": "N", "shiny": false, "level": 82, "moves": ["knockoff", "tripleaxel", "closecombat", "relicsong"], "ability": "Serene Grace", "evs": {"hp": 85, "atk": 85, "def": 85, "spa": 85, "spd": 85, "spe": 85}, "ivs": {"hp": 31, "atk": 31, "def": 31, "spa": 31, "spd": 31, "spe": 31}, "item": "Life Orb", "teraType": "Fighting", "role": "Wallbreaker", "bvs": {"hp": 100, "atk": 77, "def": 77, "spa": 128, "spd": 128, "spe": 90}, "stats": {"hp": 298, "atk": 173, "def": 173, "spa": 257, "spd": 257, "spe": 195}, "types": ["Normal", "Psychic"]}, "Chi-Yu": {"name": "Chi-Yu", "species": "Chi-Yu", "speciesId": "chiyu", "gender": "N", "shiny": false, "level": 77, "moves": ["nastyplot", "fireblast", "psychic", "darkpulse"], "ability": "Beads of Ruin", "evs": {"hp": 85, "atk": 0, "def": 85, "spa": 85, "spd": 85, "spe": 85}, "ivs": {"hp": 31, "atk": 0, "def": 31, "spa": 31, "spd": 31, "spe": 31}, "item": "Heavy-Duty Boots", "teraType": "Fire", "role": "Setup Sweeper", "bvs": {"hp": 55, "atk": 80, "def": 80, "spa": 135, "spd": 120, "spe": 100}, "stats": {"hp": 211, "atk": 128, "def": 168, "spa": 252, "spd": 229, "spe": 199}, "types": ["Dark", "Fire"]}}]}