{"id": "gen9randombattle-2642176721", "format": "[Gen 9] Random Battle", "players": ["Jefejenaro", "zinzanzoggle"], "log": "|j|\u2606Jefejenaro\n|j|\u2606zinzanzoggle\n|t:|1782905882\n|gametype|singles\n|player|p1|Jefejenaro|wallace|1980\n|player|p2|zinzanzoggle|grimsley|1923\n|gen|9\n|tier|[Gen 9] Random Battle\n|rated|\n|rule|Species Clause: Limit one of each Pok\u00e9mon\n|rule|HP Percentage Mod: HP is shown in percentages\n|rule|Sleep Clause Mod: Limit one foe put to sleep\n|rule|Illusion Level Mod: Illusion disguises the Pok\u00e9mon's true level\n|\n|t:|1782905882\n|teamsize|p1|6\n|teamsize|p2|6\n|start\n|switch|p1a: Spiritomb|Spiritomb, L89, M|234/234\n|switch|p2a: Passimian|Passimian, L83, M|302/302\n|turn|1\n|inactive|Battle timer is ON: inactive players will automatically lose when time's up. (requested by zinzanzoggle)\n|\n|t:|1782905893\n|move|p2a: Passimian|U-turn|p1a: Spiritomb\n|-damage|p1a: Spiritomb|167/234\n|\n|t:|1782905896\n|switch|p2a: Politoed|Politoed, L88, F|302/302|[from] U-turn\n|-weather|RainDance|[from] ability: Drizzle|[of] p2a: Politoed\n|move|p1a: Spiritomb|Poltergeist|p2a: Politoed\n|-activate|p2a: Politoed|move: Poltergeist|Choice Specs\n|-damage|p2a: Politoed|116/302\n|\n|-weather|RainDance|[upkeep]\n|upkeep\n|turn|2\n|\n|t:|1782905905\n|move|p2a: Politoed|Weather Ball|p1a: Spiritomb\n|-damage|p1a: Spiritomb|0 fnt\n|faint|p1a: Spiritomb\n|\n|-weather|RainDance|[upkeep]\n|upkeep\n|\n|t:|1782905908\n|switch|p1a: Primarina|Primarina, L83, M|268/268\n|turn|3\n|\n|t:|1782905917\n|switch|p2a: Toedscruel|Toedscruel, L87, M|281/281\n|move|p1a: Primarina|Sparkling Aria|p2a: Toedscruel\n|-damage|p2a: Toedscruel|157/281\n|\n|-weather|RainDance|[upkeep]\n|-heal|p2a: Toedscruel|174/281|[from] item: Leftovers\n|upkeep\n|turn|4\n|\n|t:|1782905928\n|switch|p1a: Rotom|Rotom-Fan, L86|226/226\n|move|p2a: Toedscruel|Toxic|p1a: Rotom|[miss]\n|-miss|p2a: Toedscruel|p1a: Rotom\n|\n|-weather|RainDance|[upkeep]\n|-heal|p2a: Toedscruel|191/281|[from] item: Leftovers\n|upkeep\n|turn|5\n|\n|t:|1782905933\n|move|p1a: Rotom|Air Slash|p2a: Toedscruel\n|-supereffective|p2a: Toedscruel\n|-damage|p2a: Toedscruel|63/281\n|cant|p2a: Toedscruel|flinch\n|\n|-weather|none\n|-heal|p2a: Toedscruel|80/281|[from] item: Leftovers\n|upkeep\n|turn|6\n|\n|t:|1782905937\n|move|p2a: Toedscruel|Knock Off|p1a: Rotom\n|-damage|p1a: Rotom|176/226\n|-enditem|p1a: Rotom|Heavy-Duty Boots|[from] move: Knock Off|[of] p2a: Toedscruel\n|move|p1a: Rotom|Air Slash|p2a: Toedscruel\n|-supereffective|p2a: Toedscruel\n|-damage|p2a: Toedscruel|0 fnt\n|faint|p2a: Toedscruel\n|\n|upkeep\n|\n|t:|1782905942\n|switch|p2a: Ampharos|Ampharos, L88, M|302/302\n|turn|7\n|inactive|Jefejenaro has 120 seconds left.\n|\n|t:|1782905975\n|switch|p1a: Landorus|Landorus, L75, M|257/257\n|move|p2a: Ampharos|Volt Switch|p1a: Landorus\n|-immune|p1a: Landorus\n|\n|upkeep\n|turn|8\n|\n|t:|1782905994\n|switch|p2a: Passimian|Passimian, L83, M|302/302\n|move|p1a: Landorus|Earth Power|p2a: Passimian\n|-damage|p2a: Passimian|91/302\n|\n|upkeep\n|turn|9\n|\n|t:|1782905998\n|move|p1a: Landorus|Earth Power|p2a: Passimian\n|-damage|p2a: Passimian|0 fnt\n|faint|p2a: Passimian\n|\n|upkeep\n|\n|t:|1782906001\n|switch|p2a: Sandslash|Sandslash, L89, M|278/278\n|turn|10\n|\n|t:|1782906004\n|move|p1a: Landorus|Earth Power|p2a: Sandslash\n|-damage|p2a: Sandslash|64/278\n|move|p2a: Sandslash|Rapid Spin|p1a: Landorus\n|-damage|p1a: Landorus|213/257\n|-boost|p2a: Sandslash|spe|1\n|\n|-heal|p2a: Sandslash|81/278|[from] item: Leftovers\n|upkeep\n|turn|11\n|\n|t:|1782906011\n|move|p2a: Sandslash|Stone Edge|p1a: Landorus|[miss]\n|-miss|p2a: Sandslash|p1a: Landorus\n|move|p1a: Landorus|Earth Power|p2a: Sandslash\n|-damage|p2a: Sandslash|0 fnt\n|faint|p2a: Sandslash\n|\n|upkeep\n|\n|t:|1782906014\n|switch|p2a: Toxtricity|Toxtricity, L82, F|257/257\n|turn|12\n|\n|t:|1782906028\n|-terastallize|p2a: Toxtricity|Normal\n|move|p1a: Landorus|Earth Power|p2a: Toxtricity\n|-damage|p2a: Toxtricity|88/257\n|move|p2a: Toxtricity|Boomburst|p1a: Landorus\n|-damage|p1a: Landorus|0 fnt\n|faint|p1a: Landorus\n|\n|upkeep\n|\n|t:|1782906037\n|switch|p1a: Lokix|Lokix, L82, F|251/251\n|turn|13\n|\n|t:|1782906041\n|move|p1a: Lokix|Knock Off|p2a: Toxtricity\n|-damage|p2a: Toxtricity|0 fnt\n|-enditem|p2a: Toxtricity|Choice Specs|[from] move: Knock Off|[of] p1a: Lokix\n|faint|p2a: Toxtricity\n|-damage|p1a: Lokix|226/251|[from] item: Life Orb\n|\n|upkeep\n|\n|t:|1782906045\n|switch|p2a: Ampharos|Ampharos, L88, M|302/302\n|turn|14\n|\n|t:|1782906057\n|move|p1a: Lokix|Knock Off|p2a: Ampharos\n|-damage|p2a: Ampharos|173/302\n|-enditem|p2a: Ampharos|Choice Specs|[from] move: Knock Off|[of] p1a: Lokix\n|-damage|p1a: Lokix|201/251|[from] item: Life Orb\n|move|p2a: Ampharos|Thunderbolt|p1a: Lokix\n|-damage|p1a: Lokix|41/251\n|-status|p1a: Lokix|par\n|\n|upkeep\n|turn|15\n|\n|t:|1782906063\n|move|p1a: Lokix|Sucker Punch|p2a: Ampharos\n|-damage|p2a: Ampharos|78/302\n|-damage|p1a: Lokix|16/251 par|[from] item: Life Orb\n|move|p2a: Ampharos|Thunderbolt|p1a: Lokix\n|-damage|p1a: Lokix|0 fnt\n|faint|p1a: Lokix\n|\n|upkeep\n|\n|t:|1782906070\n|switch|p1a: Rampardos|Rampardos, L90, F|321/321\n|turn|16\n|\n|t:|1782906077\n|switch|p2a: Politoed|Politoed, L88, F|116/302\n|-weather|RainDance|[from] ability: Drizzle|[of] p2a: Politoed\n|move|p1a: Rampardos|Earthquake|p2a: Politoed\n|-damage|p2a: Politoed|0 fnt\n|faint|p2a: Politoed\n|-damage|p1a: Rampardos|289/321|[from] item: Life Orb\n|\n|-weather|RainDance|[upkeep]\n|upkeep\n|\n|t:|1782906079\n|switch|p2a: Ampharos|Ampharos, L88, M|78/302\n|turn|17\n|\n|t:|1782906081\n|move|p1a: Rampardos|Earthquake|p2a: Ampharos\n|-supereffective|p2a: Ampharos\n|-damage|p2a: Ampharos|0 fnt\n|faint|p2a: Ampharos\n|-damage|p1a: Rampardos|257/321|[from] item: Life Orb\n|\n|win|Jefejenaro\n|raw|Jefejenaro's rating: 1980 &rarr; <strong>1997</strong><br />(+17 for winning)\n|raw|zinzanzoggle's rating: 1923 &rarr; <strong>1906</strong><br />(-17 for losing)\n", "inputlog": ">version f8ac14003a5f27e1bdc8d8c59608a773c1cb96e5\n>start {\"formatid\":\"gen9randombattle\",\"seed\":\"sodium,85e9ed08aa47482173c9e3b2365b02f5\",\"rated\":\"Rated battle\"}\n>player p1 {\"name\":\"Jefejenaro\",\"avatar\":\"wallace\",\"rating\":1980,\"seed\":\"sodium,7eee8d1b6411f786dd6f36c3ca8e52c7\"}\n>player p2 {\"name\":\"zinzanzoggle\",\"avatar\":\"grimsley\",\"rating\":1923,\"seed\":\"sodium,5f5ee5307ad72f97a8dde9a9fbc96d1a\"}\n>p1 move poltergeist\n>p2 move uturn\n>p2 switch 5\n>p1 move poltergeist\n>p2 move weatherball\n>p1 switch 6\n>p1 move sparklingaria\n>p2 switch 4\n>p1 switch 5\n>p2 move toxic\n>p1 move airslash\n>p2 move toxic\n>p1 move airslash\n>p2 move knockoff\n>p2 switch 6\n>p1 switch 2\n>p2 move voltswitch\n>p1 move earthpower\n>p2 switch 5\n>p1 move earthpower\n>p2 move knockoff\n>p2 switch 3\n>p1 move earthpower\n>p2 move rapidspin\n>p1 move earthpower\n>p2 move stoneedge\n>p2 switch 2\n>p1 move earthpower\n>p2 move boomburst terastallize\n>p1 switch 3\n>p1 move knockoff\n>p2 move boomburst\n>p2 switch 5\n>p1 move knockoff\n>p2 move thunderbolt\n>p1 move suckerpunch\n>p2 move thunderbolt\n>p1 switch 4\n>p1 move earthquake\n>p2 switch 4\n>p2 switch 4\n>p1 move earthquake\n>p2 move focusblast", "uploadtime": 1782906081, "views": 2, "formatid": "gen9randombattle", "rating": 1906, "private": 0, "password": null, "player_dets": [{"name": "Jefejenaro", "avatar": "wallace", "rating": 1980, "seed": "sodium,7eee8d1b6411f786dd6f36c3ca8e52c7"}, {"name": "zinzanzoggle", "avatar": "grimsley", "rating": 1923, "seed": "sodium,5f5ee5307ad72f97a8dde9a9fbc96d1a"}], "teams_full": [{"Spiritomb": {"name": "Spiritomb", "species": "Spiritomb", "speciesId": "spiritomb", "gender": "M", "shiny": false, "level": 89, "moves": ["foulplay", "poltergeist", "shadowsneak", "suckerpunch"], "ability": "Infiltrator", "evs": {"hp": 85, "atk": 85, "def": 85, "spa": 85, "spd": 85, "spe": 85}, "ivs": {"hp": 31, "atk": 31, "def": 31, "spa": 31, "spd": 31, "spe": 31}, "item": "Choice Band", "teraType": "Ghost", "role": "Bulky Support", "bvs": {"hp": 50, "atk": 92, "def": 108, "spa": 92, "spd": 108, "spe": 35}, "stats": {"hp": 234, "atk": 215, "def": 243, "spa": 215, "spd": 243, "spe": 113}, "types": ["Ghost", "Dark"]}, "Landorus": {"name": "Landorus", "species": "Landorus", "speciesId": "landorus", "gender": "M", "shiny": false, "level": 75, "moves": ["earthpower", "nastyplot", "sludgewave", "focusblast"], "ability": "Sheer Force", "evs": {"hp": 85, "atk": 0, "def": 85, "spa": 85, "spd": 85, "spe": 85}, "ivs": {"hp": 31, "atk": 0, "def": 31, "spa": 31, "spd": 31, "spe": 31}, "item": "Life Orb", "teraType": "Ground", "role": "Fast Attacker", "bvs": {"hp": 89, "atk": 125, "def": 90, "spa": 115, "spd": 80, "spe": 101}, "stats": {"hp": 257, "atk": 192, "def": 179, "spa": 216, "spd": 164, "spe": 195}, "types": ["Ground", "Flying"]}, "Lokix": {"name": "Lokix", "species": "Lokix", "speciesId": "lokix", "gender": "F", "shiny": false, "level": 82, "moves": ["knockoff", "suckerpunch", "swordsdance", "leechlife"], "ability": "Tinted Lens", "evs": {"hp": 85, "atk": 85, "def": 85, "spa": 85, "spd": 85, "spe": 85}, "ivs": {"hp": 31, "atk": 31, "def": 31, "spa": 31, "spd": 31, "spe": 31}, "item": "Life Orb", "teraType": "Dark", "role": "Setup Sweeper", "bvs": {"hp": 71, "atk": 102, "def": 78, "spa": 52, "spd": 55, "spe": 92}, "stats": {"hp": 251, "atk": 214, "def": 175, "spa": 132, "spd": 137, "spe": 198}, "types": ["Bug", "Dark"]}, "Rampardos": {"name": "Rampardos", "species": "Rampardos", "speciesId": "rampardos", "gender": "F", "shiny": false, "level": 90, "moves": ["zenheadbutt", "firepunch", "earthquake", "rockslide"], "ability": "Sheer Force", "evs": {"hp": 85, "atk": 85, "def": 85, "spa": 85, "spd": 85, "spe": 85}, "ivs": {"hp": 31, "atk": 31, "def": 31, "spa": 31, "spd": 31, "spe": 31}, "item": "Life Orb", "teraType": "Rock", "role": "Wallbreaker", "bvs": {"hp": 97, "atk": 165, "def": 60, "spa": 65, "spd": 50, "spe": 58}, "stats": {"hp": 321, "atk": 348, "def": 159, "spa": 168, "spd": 141, "spe": 156}, "types": ["Rock"]}, "Rotom": {"name": "Rotom", "species": "Rotom-Fan", "speciesId": "rotomfan", "gender": "N", "shiny": false, "level": 86, "moves": ["thunderbolt", "airslash", "nastyplot", "thunderwave"], "ability": "Levitate", "evs": {"hp": 85, "atk": 0, "def": 85, "spa": 85, "spd": 85, "spe": 85}, "ivs": {"hp": 31, "atk": 0, "def": 31, "spa": 31, "spd": 31, "spe": 31}, "item": "Heavy-Duty Boots", "teraType": "Steel", "role": "Bulky Attacker", "bvs": {"hp": 50, "atk": 65, "def": 107, "spa": 105, "spd": 107, "spe": 86}, "stats": {"hp": 226, "atk": 116, "def": 233, "spa": 230, "spd": 233, "spe": 197}, "types": ["Electric", "Flying"]}, "Primarina": {"name": "Primarina", "species": "Primarina", "speciesId": "primarina", "gender": "M", "shiny": false, "level": 83, "moves": ["sparklingaria", "calmmind", "drainingkiss", "psychic"], "ability": "Torrent", "evs": {"hp": 85, "atk": 0, "def": 85, "spa": 85, "spd": 85, "spe": 85}, "ivs": {"hp": 31, "atk": 0, "def": 31, "spa": 31, "spd": 31, "spe": 31}, "item": "Leftovers", "teraType": "Fairy", "role": "Bulky Attacker", "bvs": {"hp": 80, "atk": 74, "def": 74, "spa": 126, "spd": 116, "spe": 60}, "stats": {"hp": 268, "atk": 127, "def": 171, "spa": 257, "spd": 240, "spe": 147}, "types": ["Water", "Fairy"]}}, {"Passimian": {"name": "Passimian", "species": "Passimian", "speciesId": "passimian", "gender": "M", "shiny": false, "level": 83, "moves": ["closecombat", "knockoff", "uturn", "earthquake"], "ability": "Defiant", "evs": {"hp": 85, "atk": 85, "def": 85, "spa": 85, "spd": 85, "spe": 85}, "ivs": {"hp": 31, "atk": 31, "def": 31, "spa": 31, "spd": 31, "spe": 31}, "item": "Choice Band", "teraType": "Fighting", "role": "Fast Attacker", "bvs": {"hp": 100, "atk": 120, "def": 90, "spa": 40, "spd": 60, "spe": 80}, "stats": {"hp": 302, "atk": 247, "def": 197, "spa": 114, "spd": 147, "spe": 180}, "types": ["Fighting"]}, "Toxtricity": {"name": "Toxtricity", "species": "Toxtricity", "speciesId": "toxtricity", "gender": "F", "shiny": false, "level": 82, "moves": ["overdrive", "boomburst", "voltswitch", "sludgewave"], "ability": "Punk Rock", "evs": {"hp": 85, "atk": 0, "def": 85, "spa": 85, "spd": 85, "spe": 85}, "ivs": {"hp": 31, "atk": 0, "def": 31, "spa": 31, "spd": 31, "spe": 31}, "item": "Choice Specs", "teraType": "Normal", "role": "Fast Attacker", "bvs": {"hp": 75, "atk": 98, "def": 70, "spa": 114, "spd": 70, "spe": 75}, "stats": {"hp": 257, "atk": 165, "def": 162, "spa": 234, "spd": 162, "spe": 170}, "types": ["Electric", "Poison"]}, "Sandslash": {"name": "Sandslash", "species": "Sandslash", "speciesId": "sandslash", "gender": "M", "shiny": false, "level": 89, "moves": ["earthquake", "rapidspin", "spikes", "stoneedge"], "ability": "Sand Rush", "evs": {"hp": 85, "atk": 85, "def": 85, "spa": 85, "spd": 85, "spe": 85}, "ivs": {"hp": 31, "atk": 31, "def": 31, "spa": 31, "spd": 31, "spe": 31}, "item": "Leftovers", "teraType": "Dragon", "role": "Bulky Support", "bvs": {"hp": 75, "atk": 100, "def": 110, "spa": 45, "spd": 55, "spe": 65}, "stats": {"hp": 278, "atk": 229, "def": 247, "spa": 131, "spd": 149, "spe": 166}, "types": ["Ground"]}, "Toedscruel": {"name": "Toedscruel", "species": "Toedscruel", "speciesId": "toedscruel", "gender": "M", "shiny": false, "level": 87, "moves": ["toxic", "leafstorm", "knockoff", "earthpower"], "ability": "Mycelium Might", "evs": {"hp": 85, "atk": 85, "def": 85, "spa": 85, "spd": 85, "spe": 85}, "ivs": {"hp": 31, "atk": 31, "def": 31, "spa": 31, "spd": 31, "spe": 31}, "item": "Leftovers", "teraType": "Water", "role": "Bulky Support", "bvs": {"hp": 80, "atk": 70, "def": 65, "spa": 80, "spd": 120, "spe": 100}, "stats": {"hp": 281, "atk": 172, "def": 163, "spa": 189, "spd": 259, "spe": 224}, "types": ["Ground", "Grass"]}, "Politoed": {"name": "Politoed", "species": "Politoed", "speciesId": "politoed", "gender": "F", "shiny": false, "level": 88, "moves": ["icebeam", "focusblast", "weatherball", "hydropump"], "ability": "Drizzle", "evs": {"hp": 85, "atk": 0, "def": 85, "spa": 85, "spd": 85, "spe": 85}, "ivs": {"hp": 31, "atk": 0, "def": 31, "spa": 31, "spd": 31, "spe": 31}, "item": "Choice Specs", "teraType": "Water", "role": "Fast Attacker", "bvs": {"hp": 90, "atk": 75, "def": 75, "spa": 90, "spd": 100, "spe": 70}, "stats": {"hp": 302, "atk": 137, "def": 182, "spa": 209, "spd": 226, "spe": 173}, "types": ["Water"]}, "Ampharos": {"name": "Ampharos", "species": "Ampharos", "speciesId": "ampharos", "gender": "M", "shiny": false, "level": 88, "moves": ["voltswitch", "dazzlinggleam", "focusblast", "thunderbolt"], "ability": "Static", "evs": {"hp": 85, "atk": 0, "def": 85, "spa": 85, "spd": 85, "spe": 85}, "ivs": {"hp": 31, "atk": 0, "def": 31, "spa": 31, "spd": 31, "spe": 31}, "item": "Choice Specs", "teraType": "Fairy", "role": "Wallbreaker", "bvs": {"hp": 90, "atk": 75, "def": 85, "spa": 115, "spd": 90, "spe": 55}, "stats": {"hp": 302, "atk": 137, "def": 200, "spa": 253, "spd": 209, "spe": 147}, "types": ["Electric"]}}]}