{"id": "gen9randombattle-2641900528", "format": "[Gen 9] Random Battle", "players": ["Rman18", "bigdawg44"], "log": "|j|\u2606Rman18\n|j|\u2606bigdawg44\n|t:|1782855755\n|gametype|singles\n|player|p1|Rman18|170|1225\n|player|p2|bigdawg44|acerola|1261\n|gen|9\n|tier|[Gen 9] Random Battle\n|rated|\n|rule|Species Clause: Limit one of each Pok\u00e9mon\n|rule|HP Percentage Mod: HP is shown in percentages\n|rule|Sleep Clause Mod: Limit one foe put to sleep\n|rule|Illusion Level Mod: Illusion disguises the Pok\u00e9mon's true level\n|\n|t:|1782855755\n|teamsize|p1|6\n|teamsize|p2|6\n|start\n|switch|p1a: Cresselia|Cresselia, L80, F|323/323\n|switch|p2a: Bisharp|Bisharp, L79, F|232/232\n|turn|1\n|inactive|Battle timer is ON: inactive players will automatically lose when time's up. (requested by bigdawg44)\n|inactive|Rman18 has 120 seconds left.\n|\n|t:|1782855791\n|switch|p1a: Slither Wing|Slither Wing, L81|270/270\n|-enditem|p1a: Slither Wing|Booster Energy\n|-activate|p1a: Slither Wing|ability: Protosynthesis|[fromitem]\n|-start|p1a: Slither Wing|protosynthesisatk\n|move|p2a: Bisharp|Stealth Rock|p1a: Slither Wing\n|-sidestart|p1: Rman18|move: Stealth Rock\n|\n|upkeep\n|turn|2\n|\n|t:|1782855810\n|move|p1a: Slither Wing|Bulk Up|p1a: Slither Wing\n|-boost|p1a: Slither Wing|atk|1\n|-boost|p1a: Slither Wing|def|1\n|move|p2a: Bisharp|Iron Head|p1a: Slither Wing\n|-damage|p1a: Slither Wing|195/270\n|\n|upkeep\n|turn|3\n|inactive|Rman18 has 120 seconds left.\n|inactive|Rman18 has 90 seconds left.\n|\n|t:|1782855896\n|move|p1a: Slither Wing|Close Combat|p2a: Bisharp\n|-supereffective|p2a: Bisharp\n|-damage|p2a: Bisharp|0 fnt\n|-unboost|p1a: Slither Wing|def|1\n|-unboost|p1a: Slither Wing|spd|1\n|faint|p2a: Bisharp\n|\n|upkeep\n|inactive|bigdawg44 has 120 seconds left.\n|\n|t:|1782855924\n|switch|p2a: Medicham|Medicham, L86, M|243/243\n|turn|4\n|inactive|bigdawg44 has 120 seconds left.\n|inactive|Rman18 has 60 seconds left.\n|inactive|Rman18 has 30 seconds left.\n|inactive|Rman18 has 20 seconds left.\n|\n|t:|1782855984\n|-terastallize|p1a: Slither Wing|Flying\n|move|p2a: Medicham|Zen Headbutt|p1a: Slither Wing\n|-damage|p1a: Slither Wing|0 fnt\n|faint|p1a: Slither Wing\n|-end|p1a: Slither Wing|Protosynthesis|[silent]\n|\n|upkeep\n|inactive|Rman18 has 25 seconds left this turn.\n|inactive|Rman18 has 20 seconds left.\n|c|\u2606bigdawg44|take your time g\n|inactive|Rman18 has 15 seconds left.\n|\n|t:|1782855999\n|switch|p1a: Jirachi|Jirachi, L80|291/291\n|-damage|p1a: Jirachi|273/291|[from] Stealth Rock\n|turn|5\n|inactive|Rman18 has 25 seconds left this turn.\n|inactive|Rman18 has 20 seconds left.\n|\n|t:|1782856005\n|switch|p2a: Basculegion|Basculegion, L80, M|323/323\n|move|p1a: Jirachi|Psychic|p2a: Basculegion\n|-damage|p2a: Basculegion|256/323\n|-unboost|p2a: Basculegion|spd|1\n|\n|upkeep\n|turn|6\n|inactive|Rman18 has 30 seconds left this turn.\n|inactive|Rman18 has 20 seconds left.\n|\n|t:|1782856016\n|move|p1a: Jirachi|Psychic|p2a: Basculegion\n|-damage|p2a: Basculegion|142/323\n|move|p2a: Basculegion|Shadow Ball|p1a: Jirachi\n|-supereffective|p1a: Jirachi\n|-damage|p1a: Jirachi|101/291\n|\n|upkeep\n|turn|7\n|inactive|Rman18 has 30 seconds left this turn.\n|\n|t:|1782856024\n|move|p1a: Jirachi|Psychic|p2a: Basculegion\n|-damage|p2a: Basculegion|43/323\n|move|p2a: Basculegion|Shadow Ball|p1a: Jirachi\n|-supereffective|p1a: Jirachi\n|-damage|p1a: Jirachi|0 fnt\n|faint|p1a: Jirachi\n|\n|upkeep\n|inactive|Rman18 has 30 seconds left this turn.\n|c|\u2606bigdawg44|pls quit\n|\n|t:|1782856032\n|switch|p1a: Scizor|Scizor, L79, F|240/240\n|-damage|p1a: Scizor|210/240|[from] Stealth Rock\n|turn|8\n|inactive|Rman18 has 30 seconds left.\n|\n|t:|1782856039\n|move|p1a: Scizor|Bullet Punch|p2a: Basculegion\n|-resisted|p2a: Basculegion\n|-damage|p2a: Basculegion|0 fnt\n|faint|p2a: Basculegion\n|\n|upkeep\n|\n|t:|1782856042\n|switch|p2a: Magearna|Magearna-Original, L77|250/250\n|turn|9\n|\n|t:|1782856050\n|switch|p1a: Cresselia|Cresselia, L80, F|323/323\n|-damage|p1a: Cresselia|283/323|[from] Stealth Rock\n|move|p2a: Magearna|Shift Gear|p2a: Magearna\n|-boost|p2a: Magearna|spe|2\n|-boost|p2a: Magearna|atk|1\n|\n|-heal|p1a: Cresselia|303/323|[from] item: Leftovers\n|upkeep\n|turn|10\n|\n|t:|1782856069\n|move|p2a: Magearna|Shift Gear|p2a: Magearna\n|-boost|p2a: Magearna|spe|2\n|-boost|p2a: Magearna|atk|1\n|move|p1a: Cresselia|Calm Mind|p1a: Cresselia\n|-boost|p1a: Cresselia|spa|1\n|-boost|p1a: Cresselia|spd|1\n|\n|-heal|p1a: Cresselia|323/323|[from] item: Leftovers\n|upkeep\n|turn|11\n|\n|t:|1782856082\n|move|p2a: Magearna|Iron Head|p1a: Cresselia\n|-damage|p1a: Cresselia|209/323\n|cant|p1a: Cresselia|flinch\n|\n|-heal|p1a: Cresselia|229/323|[from] item: Leftovers\n|upkeep\n|turn|12\n|\n|t:|1782856089\n|move|p2a: Magearna|Iron Head|p1a: Cresselia\n|-damage|p1a: Cresselia|108/323\n|move|p1a: Cresselia|Moonlight|p1a: Cresselia\n|-heal|p1a: Cresselia|269/323\n|\n|-heal|p1a: Cresselia|289/323|[from] item: Leftovers\n|upkeep\n|turn|13\n|\n|t:|1782856096\n|move|p2a: Magearna|Shift Gear|p2a: Magearna\n|-boost|p2a: Magearna|spe|2\n|-boost|p2a: Magearna|atk|1\n|move|p1a: Cresselia|Psyshock|p2a: Magearna\n|-resisted|p2a: Magearna\n|-damage|p2a: Magearna|210/250\n|\n|-heal|p1a: Cresselia|309/323|[from] item: Leftovers\n|upkeep\n|turn|14\n|\n|t:|1782856105\n|move|p2a: Magearna|Shift Gear|p2a: Magearna\n|-boost|p2a: Magearna|spe|0\n|-boost|p2a: Magearna|atk|1\n|move|p1a: Cresselia|Psyshock|p2a: Magearna\n|-resisted|p2a: Magearna\n|-damage|p2a: Magearna|170/250\n|\n|-heal|p1a: Cresselia|323/323|[from] item: Leftovers\n|upkeep\n|turn|15\n|\n|t:|1782856113\n|move|p2a: Magearna|Iron Head|p1a: Cresselia\n|-damage|p1a: Cresselia|131/323\n|move|p1a: Cresselia|Psyshock|p2a: Magearna\n|-resisted|p2a: Magearna\n|-damage|p2a: Magearna|130/250\n|\n|-heal|p1a: Cresselia|151/323|[from] item: Leftovers\n|upkeep\n|turn|16\n|inactive|Rman18 has 60 seconds left.\n|\n|t:|1782856124\n|move|p2a: Magearna|Iron Head|p1a: Cresselia\n|-damage|p1a: Cresselia|0 fnt\n|faint|p1a: Cresselia\n|-ability|p2a: Magearna|Soul-Heart|boost\n|-boost|p2a: Magearna|spa|1\n|\n|upkeep\n|\n|t:|1782856138\n|switch|p1a: Ninetales|Ninetales, L85, M|263/263\n|-weather|SunnyDay|[from] ability: Drought|[of] p1a: Ninetales\n|turn|17\n|\n|t:|1782856144\n|-terastallize|p2a: Magearna|Ground\n|move|p2a: Magearna|Tera Blast|p1a: Ninetales|[anim] Tera Blast Ground\n|-supereffective|p1a: Ninetales\n|-damage|p1a: Ninetales|0 fnt\n|faint|p1a: Ninetales\n|-ability|p2a: Magearna|Soul-Heart|boost\n|-boost|p2a: Magearna|spa|1\n|\n|-weather|SunnyDay|[upkeep]\n|upkeep\n|c|\u2606bigdawg44|should've just quit lil bro\n|inactive|Rman18 has 30 seconds left.\n|inactive|Rman18 has 20 seconds left.\n|inactive|Rman18 has 15 seconds left.\n|inactive|Rman18 has 10 seconds left.\n|inactive|Rman18 has 5 seconds left.\n|-message|Rman18 lost due to inactivity.\n|\n|win|bigdawg44\n", "inputlog": ">version f8ac14003a5f27e1bdc8d8c59608a773c1cb96e5\n>start {\"formatid\":\"gen9randombattle\",\"seed\":\"sodium,b2b977b401bf3a364051f77a508ad17b\",\"rated\":\"Rated battle\"}\n>player p1 {\"name\":\"Rman18\",\"avatar\":\"170\",\"rating\":1225,\"seed\":\"sodium,56e7e62098c09eca140ec57e72862ce8\"}\n>player p2 {\"name\":\"bigdawg44\",\"avatar\":\"acerola\",\"rating\":1261,\"seed\":\"sodium,0eec9179970f5d4880972cdd8bc84394\"}\n>p1 switch 5\n>p2 move stealthrock\n>p1 move bulkup\n>p2 move ironhead\n>p1 move closecombat\n>p2 move ironhead\n>p2 switch 4\n>p1 move acrobatics terastallize\n>p2 move zenheadbutt\n>chat \u2606bigdawg44|take your time g \n>p1 switch 2\n>p1 move psychic\n>p2 switch 3\n>p1 move psychic\n>p2 move shadowball\n>p1 move psychic\n>p2 move shadowball\n>chat \u2606bigdawg44|pls quit \n>p1 switch 6\n>p1 move bulletpunch\n>p2 move wavecrash\n>p2 switch 2\n>p1 switch 5\n>p2 move shiftgear\n>p1 move calmmind\n>p2 move shiftgear\n>p1 move psyshock\n>p2 move ironhead\n>p1 move moonlight\n>p2 move ironhead\n>p1 move psyshock\n>p2 move shiftgear\n>p1 move psyshock\n>p2 move shiftgear\n>p1 move psyshock\n>p2 move ironhead\n>p1 move moonlight\n>p2 move ironhead\n>p1 switch 3\n>p1 move fireblast\n>p2 move terablast terastallize\n>chat \u2606bigdawg44|should've just quit lil bro \n>forcelose p1", "uploadtime": 1782856200, "views": 9, "formatid": "gen9randombattle", "rating": null, "private": 0, "password": null, "player_dets": [{"name": "Rman18", "avatar": "170", "rating": 1225, "seed": "sodium,56e7e62098c09eca140ec57e72862ce8"}, {"name": "bigdawg44", "avatar": "acerola", "rating": 1261, "seed": "sodium,0eec9179970f5d4880972cdd8bc84394"}], "teams_full": [{"Cresselia": {"name": "Cresselia", "species": "Cresselia", "speciesId": "cresselia", "gender": "F", "shiny": false, "level": 80, "moves": ["calmmind", "moonblast", "psyshock", "moonlight"], "ability": "Levitate", "evs": {"hp": 85, "atk": 0, "def": 85, "spa": 85, "spd": 85, "spe": 85}, "ivs": {"hp": 31, "atk": 0, "def": 31, "spa": 31, "spd": 31, "spe": 31}, "item": "Leftovers", "teraType": "Poison", "role": "Bulky Setup", "bvs": {"hp": 120, "atk": 70, "def": 110, "spa": 75, "spd": 120, "spe": 85}, "stats": {"hp": 323, "atk": 117, "def": 222, "spa": 166, "spd": 238, "spe": 182}, "types": ["Psychic"]}, "Jirachi": {"name": "Jirachi", "species": "Jirachi", "speciesId": "jirachi", "gender": "N", "shiny": false, "level": 80, "moves": ["ironhead", "healingwish", "uturn", "psychic"], "ability": "Serene Grace", "evs": {"hp": 85, "atk": 85, "def": 85, "spa": 85, "spd": 85, "spe": 85}, "ivs": {"hp": 31, "atk": 31, "def": 31, "spa": 31, "spd": 31, "spe": 31}, "item": "Choice Scarf", "teraType": "Water", "role": "Bulky Support", "bvs": {"hp": 100, "atk": 100, "def": 100, "spa": 100, "spd": 100, "spe": 100}, "stats": {"hp": 291, "atk": 206, "def": 206, "spa": 206, "spd": 206, "spe": 206}, "types": ["Steel", "Psychic"]}, "Ninetales": {"name": "Ninetales", "species": "Ninetales", "speciesId": "ninetales", "gender": "M", "shiny": false, "level": 85, "moves": ["fireblast", "scorchingsands", "solarbeam", "nastyplot"], "ability": "Drought", "evs": {"hp": 85, "atk": 0, "def": 85, "spa": 85, "spd": 85, "spe": 85}, "ivs": {"hp": 31, "atk": 0, "def": 31, "spa": 31, "spd": 31, "spe": 31}, "item": "Heavy-Duty Boots", "teraType": "Fire", "role": "Setup Sweeper", "bvs": {"hp": 73, "atk": 76, "def": 75, "spa": 81, "spd": 100, "spe": 100}, "stats": {"hp": 263, "atk": 134, "def": 176, "spa": 186, "spd": 219, "spe": 219}, "types": ["Fire"]}, "Giratina": {"name": "Giratina", "species": "Giratina", "speciesId": "giratina", "gender": "N", "shiny": false, "level": 75, "moves": ["defog", "willowisp", "dragontail", "shadowball"], "ability": "Pressure", "evs": {"hp": 85, "atk": 85, "def": 85, "spa": 85, "spd": 85, "spe": 85}, "ivs": {"hp": 31, "atk": 31, "def": 31, "spa": 31, "spd": 31, "spe": 31}, "item": "Leftovers", "teraType": "Fairy", "role": "Bulky Support", "bvs": {"hp": 150, "atk": 100, "def": 120, "spa": 100, "spd": 120, "spe": 90}, "stats": {"hp": 349, "atk": 194, "def": 224, "spa": 194, "spd": 224, "spe": 179}, "types": ["Ghost", "Dragon"]}, "Slither Wing": {"name": "Slither Wing", "species": "Slither Wing", "speciesId": "slitherwing", "gender": "N", "shiny": false, "level": 81, "moves": ["closecombat", "wildcharge", "acrobatics", "bulkup"], "ability": "Protosynthesis", "evs": {"hp": 85, "atk": 85, "def": 85, "spa": 85, "spd": 85, "spe": 85}, "ivs": {"hp": 31, "atk": 31, "def": 31, "spa": 31, "spd": 31, "spe": 31}, "item": "Booster Energy", "teraType": "Flying", "role": "Fast Bulky Setup", "bvs": {"hp": 85, "atk": 135, "def": 79, "spa": 85, "spd": 105, "spe": 81}, "stats": {"hp": 270, "atk": 265, "def": 175, "spa": 184, "spd": 217, "spe": 178}, "types": ["Bug", "Fighting"]}, "Scizor": {"name": "Scizor", "species": "Scizor", "speciesId": "scizor", "gender": "F", "shiny": false, "level": 79, "moves": ["knockoff", "closecombat", "uturn", "bulletpunch"], "ability": "Technician", "evs": {"hp": 85, "atk": 85, "def": 85, "spa": 85, "spd": 85, "spe": 85}, "ivs": {"hp": 31, "atk": 31, "def": 31, "spa": 31, "spd": 31, "spe": 31}, "item": "Choice Band", "teraType": "Steel", "role": "Wallbreaker", "bvs": {"hp": 70, "atk": 130, "def": 100, "spa": 55, "spd": 80, "spe": 65}, "stats": {"hp": 240, "atk": 251, "def": 204, "spa": 132, "spd": 172, "spe": 148}, "types": ["Bug", "Steel"]}}, {"Bisharp": {"name": "Bisharp", "species": "Bisharp", "speciesId": "bisharp", "gender": "F", "shiny": false, "level": 79, "moves": ["stealthrock", "throatchop", "suckerpunch", "ironhead"], "ability": "Defiant", "evs": {"hp": 85, "atk": 85, "def": 85, "spa": 85, "spd": 85, "spe": 85}, "ivs": {"hp": 31, "atk": 31, "def": 31, "spa": 31, "spd": 31, "spe": 31}, "item": "Eviolite", "teraType": "Flying", "role": "Bulky Attacker", "bvs": {"hp": 65, "atk": 125, "def": 100, "spa": 60, "spd": 70, "spe": 70}, "stats": {"hp": 232, "atk": 243, "def": 204, "spa": 140, "spd": 156, "spe": 156}, "types": ["Dark", "Steel"]}, "Magearna": {"name": "Magearna", "species": "Magearna-Original", "speciesId": "magearna", "gender": "N", "shiny": false, "level": 77, "moves": ["shiftgear", "terablast", "ironhead", "fleurcannon"], "ability": "Soul-Heart", "evs": {"hp": 85, "atk": 85, "def": 85, "spa": 85, "spd": 85, "spe": 85}, "ivs": {"hp": 31, "atk": 31, "def": 31, "spa": 31, "spd": 31, "spe": 31}, "item": "Weakness Policy", "teraType": "Ground", "role": "Tera Blast user", "bvs": {"hp": 80, "atk": 95, "def": 115, "spa": 130, "spd": 115, "spe": 65}, "stats": {"hp": 250, "atk": 191, "def": 222, "spa": 245, "spd": 222, "spe": 145}, "types": ["Steel", "Fairy"]}, "Basculegion": {"name": "Basculegion", "species": "Basculegion", "speciesId": "basculegion", "gender": "M", "shiny": false, "level": 80, "moves": ["shadowball", "wavecrash", "aquajet", "flipturn"], "ability": "Adaptability", "evs": {"hp": 85, "atk": 85, "def": 85, "spa": 85, "spd": 85, "spe": 85}, "ivs": {"hp": 31, "atk": 31, "def": 31, "spa": 31, "spd": 31, "spe": 31}, "item": "Assault Vest", "teraType": "Water", "role": "AV Pivot", "bvs": {"hp": 120, "atk": 112, "def": 65, "spa": 80, "spd": 75, "spe": 78}, "stats": {"hp": 323, "atk": 225, "def": 150, "spa": 174, "spd": 166, "spe": 171}, "types": ["Water", "Ghost"]}, "Medicham": {"name": "Medicham", "species": "Medicham", "speciesId": "medicham", "gender": "M", "shiny": false, "level": 86, "moves": ["closecombat", "bulletpunch", "zenheadbutt", "trick"], "ability": "Pure Power", "evs": {"hp": 85, "atk": 85, "def": 85, "spa": 85, "spd": 85, "spe": 85}, "ivs": {"hp": 31, "atk": 31, "def": 31, "spa": 31, "spd": 31, "spe": 31}, "item": "Choice Band", "teraType": "Fighting", "role": "Fast Attacker", "bvs": {"hp": 60, "atk": 60, "def": 75, "spa": 60, "spd": 75, "spe": 80}, "stats": {"hp": 243, "atk": 152, "def": 178, "spa": 152, "spd": 178, "spe": 187}, "types": ["Fighting", "Psychic"]}, "Iron Hands": {"name": "Iron Hands", "species": "Iron Hands", "speciesId": "ironhands", "gender": "N", "shiny": false, "level": 79, "moves": ["fakeout", "voltswitch", "drainpunch", "thunderpunch"], "ability": "Quark Drive", "evs": {"hp": 85, "atk": 85, "def": 85, "spa": 85, "spd": 85, "spe": 85}, "ivs": {"hp": 31, "atk": 31, "def": 31, "spa": 31, "spd": 31, "spe": 31}, "item": "Assault Vest", "teraType": "Electric", "role": "AV Pivot", "bvs": {"hp": 154, "atk": 140, "def": 108, "spa": 50, "spd": 68, "spe": 50}, "stats": {"hp": 373, "atk": 267, "def": 216, "spa": 125, "spd": 153, "spe": 125}, "types": ["Fighting", "Electric"]}, "Vaporeon": {"name": "Vaporeon", "species": "Vaporeon", "speciesId": "vaporeon", "gender": "M", "shiny": false, "level": 86, "moves": ["calmmind", "wish", "protect", "scald"], "ability": "Water Absorb", "evs": {"hp": 85, "atk": 0, "def": 85, "spa": 85, "spd": 85, "spe": 85}, "ivs": {"hp": 31, "atk": 0, "def": 31, "spa": 31, "spd": 31, "spe": 31}, "item": "Leftovers", "teraType": "Ground", "role": "Bulky Setup", "bvs": {"hp": 130, "atk": 65, "def": 60, "spa": 110, "spd": 95, "spe": 65}, "stats": {"hp": 364, "atk": 116, "def": 152, "spa": 238, "spd": 213, "spe": 161}, "types": ["Water"]}}]}