{"id": "gen9randombattle-2642181454", "format": "[Gen 9] Random Battle", "players": ["GennyS", "jnpr010334"], "log": "|j|\u2606GennyS\n|j|\u2606jnpr010334\n|t:|1782906711\n|gametype|singles\n|player|p1|GennyS|266|1712\n|player|p2|jnpr010334|265|1720\n|gen|9\n|tier|[Gen 9] Random Battle\n|rated|\n|rule|Species Clause: Limit one of each Pok\u00e9mon\n|rule|HP Percentage Mod: HP is shown in percentages\n|rule|Sleep Clause Mod: Limit one foe put to sleep\n|rule|Illusion Level Mod: Illusion disguises the Pok\u00e9mon's true level\n|\n|t:|1782906711\n|teamsize|p1|6\n|teamsize|p2|6\n|start\n|switch|p1a: Sableye|Sableye, L88, M|231/231\n|switch|p2a: Clawitzer|Clawitzer, L87, F|265/265\n|turn|1\n|inactive|Battle timer is ON: inactive players will automatically lose when time's up. (requested by jnpr010334)\n|\n|t:|1782906742\n|move|p2a: Clawitzer|Ice Beam|p1a: Sableye\n|-damage|p1a: Sableye|91/231\n|-status|p1a: Sableye|frz\n|cant|p1a: Sableye|frz\n|\n|-heal|p1a: Sableye|105/231 frz|[from] item: Leftovers\n|upkeep\n|turn|2\n|\n|t:|1782906746\n|switch|p1a: Dewgong|Dewgong, L94, F|322/322\n|move|p2a: Clawitzer|Ice Beam|p1a: Dewgong\n|-resisted|p1a: Dewgong\n|-damage|p1a: Dewgong|314/322\n|\n|upkeep\n|turn|3\n|\n|t:|1782906750\n|switch|p2a: Basculegion|Basculegion-F, L83, F|335/335\n|move|p1a: Dewgong|Flip Turn|p2a: Basculegion\n|-resisted|p2a: Basculegion\n|-damage|p2a: Basculegion|299/335\n|\n|t:|1782906754\n|switch|p1a: Jolteon|Jolteon, L84, F|246/246|[from] Flip Turn\n|\n|upkeep\n|turn|4\n|\n|t:|1782906758\n|move|p1a: Jolteon|Thunderbolt|p2a: Basculegion\n|-supereffective|p2a: Basculegion\n|-damage|p2a: Basculegion|45/335\n|move|p2a: Basculegion|Flip Turn|p1a: Jolteon\n|-damage|p1a: Jolteon|140/246\n|\n|t:|1782906761\n|switch|p2a: Kyurem|Kyurem, L77|319/319|[from] Flip Turn\n|-ability|p2a: Kyurem|Pressure\n|\n|-heal|p1a: Jolteon|155/246|[from] item: Leftovers\n|upkeep\n|turn|5\n|\n|t:|1782906769\n|switch|p1a: Sableye|Sableye, L88, M|105/231 frz\n|move|p2a: Kyurem|Outrage|p1a: Sableye\n|-damage|p1a: Sableye|0 fnt\n|faint|p1a: Sableye\n|\n|upkeep\n|\n|t:|1782906779\n|switch|p1a: Minior|Minior-Yellow, L79|224/224\n|-formechange|p1a: Minior|Minior-Meteor||[from] ability: Shields Down\n|turn|6\n|\n|t:|1782906781\n|move|p2a: Kyurem|Outrage|p1a: Minior|[from] lockedmove\n|-damage|p1a: Minior|104/224\n|move|p1a: Minior|Shell Smash|p1a: Minior\n|-unboost|p1a: Minior|def|1\n|-unboost|p1a: Minior|spd|1\n|-boost|p1a: Minior|atk|2\n|-boost|p1a: Minior|spa|2\n|-boost|p1a: Minior|spe|2\n|-enditem|p1a: Minior|White Herb\n|-clearnegativeboost|p1a: Minior|[silent]\n|\n|-formechange|p1a: Minior|Minior-Yellow||[from] ability: Shields Down\n|upkeep\n|turn|7\n|\n|t:|1782906786\n|move|p1a: Minior|Power Gem|p2a: Kyurem\n|-supereffective|p2a: Kyurem\n|-damage|p2a: Kyurem|0 fnt\n|faint|p2a: Kyurem\n|\n|upkeep\n|\n|t:|1782906787\n|switch|p2a: Clawitzer|Clawitzer, L87, F|265/265\n|turn|8\n|\n|t:|1782906792\n|-terastallize|p1a: Minior|Water\n|move|p1a: Minior|Acrobatics|p2a: Clawitzer\n|-damage|p2a: Clawitzer|61/265\n|move|p2a: Clawitzer|Water Pulse|p1a: Minior\n|-resisted|p1a: Minior\n|-damage|p1a: Minior|0 fnt\n|faint|p1a: Minior\n|\n|upkeep\n|\n|t:|1782906796\n|switch|p1a: Jolteon|Jolteon, L84, F|155/246\n|turn|9\n|\n|t:|1782906801\n|move|p1a: Jolteon|Thunderbolt|p2a: Clawitzer\n|-supereffective|p2a: Clawitzer\n|-crit|p2a: Clawitzer\n|-damage|p2a: Clawitzer|0 fnt\n|faint|p2a: Clawitzer\n|\n|-heal|p1a: Jolteon|170/246|[from] item: Leftovers\n|upkeep\n|\n|t:|1782906803\n|switch|p2a: Haxorus|Haxorus, L77, F|244/244\n|-ability|p2a: Haxorus|Mold Breaker\n|turn|10\n|\n|t:|1782906807\n|switch|p1a: Dewgong|Dewgong, L94, F|314/322\n|move|p2a: Haxorus|Scale Shot|p1a: Dewgong\n|-damage|p1a: Dewgong|286/322\n|-damage|p1a: Dewgong|256/322\n|-damage|p1a: Dewgong|225/322\n|-damage|p1a: Dewgong|192/322\n|-crit|p1a: Dewgong\n|-damage|p1a: Dewgong|146/322\n|-hitcount|p1a: Dewgong|5\n|-unboost|p2a: Haxorus|def|1\n|-boost|p2a: Haxorus|spe|1\n|\n|upkeep\n|turn|11\n|\n|t:|1782906812\n|move|p2a: Haxorus|Close Combat|p1a: Dewgong\n|-supereffective|p1a: Dewgong\n|-damage|p1a: Dewgong|0 fnt\n|-unboost|p2a: Haxorus|def|1\n|-unboost|p2a: Haxorus|spd|1\n|faint|p1a: Dewgong\n|\n|upkeep\n|\n|t:|1782906817\n|switch|p1a: Phione|Phione, L91|293/293\n|turn|12\n|\n|t:|1782906821\n|move|p2a: Haxorus|Swords Dance|p2a: Haxorus\n|-boost|p2a: Haxorus|atk|2\n|move|p1a: Phione|Scald|p2a: Haxorus\n|-resisted|p2a: Haxorus\n|-damage|p2a: Haxorus|165/244\n|\n|upkeep\n|turn|13\n|\n|t:|1782906824\n|move|p2a: Haxorus|Scale Shot|p1a: Phione\n|-damage|p1a: Phione|233/293\n|-damage|p1a: Phione|167/293\n|-damage|p1a: Phione|109/293\n|-damage|p1a: Phione|46/293\n|-damage|p1a: Phione|0 fnt\n|faint|p1a: Phione\n|-hitcount|p1: Phione|5\n|-unboost|p2a: Haxorus|def|1\n|-boost|p2a: Haxorus|spe|1\n|\n|upkeep\n|\n|t:|1782906826\n|switch|p1a: Kingambit|Kingambit, L74, F|270/270\n|-activate|p1a: Kingambit|ability: Supreme Overlord\n|-start|p1a: Kingambit|fallen4|[silent]\n|turn|14\n|\n|t:|1782906830\n|move|p1a: Kingambit|Sucker Punch|p2a: Haxorus\n|-damage|p2a: Haxorus|0 fnt\n|faint|p2a: Haxorus\n|\n|upkeep\n|\n|t:|1782906832\n|switch|p2a: Carbink|Carbink, L90|236/236\n|turn|15\n|\n|t:|1782906834\n|-terastallize|p2a: Carbink|Fighting\n|move|p2a: Carbink|Iron Defense|p2a: Carbink\n|-boost|p2a: Carbink|def|2\n|move|p1a: Kingambit|Iron Head|p2a: Carbink\n|-crit|p2a: Carbink\n|-damage|p2a: Carbink|134/236\n|\n|upkeep\n|turn|16\n|\n|t:|1782906838\n|-end|p1a: Kingambit|fallen4|[silent]\n|switch|p1a: Jolteon|Jolteon, L84, F|170/246\n|move|p2a: Carbink|Rest|p2a: Carbink\n|-status|p2a: Carbink|slp|[from] move: Rest\n|-heal|p2a: Carbink|236/236 slp|[silent]\n|-enditem|p2a: Carbink|Chesto Berry|[eat]\n|-curestatus|p2a: Carbink|slp|[msg]\n|\n|-heal|p1a: Jolteon|185/246|[from] item: Leftovers\n|upkeep\n|turn|17\n|\n|t:|1782906842\n|move|p1a: Jolteon|Thunderbolt|p2a: Carbink\n|-damage|p2a: Carbink|170/236\n|move|p2a: Carbink|Body Press|p1a: Jolteon\n|-damage|p1a: Jolteon|0 fnt\n|faint|p1a: Jolteon\n|\n|upkeep\n|\n|t:|1782906845\n|switch|p1a: Kingambit|Kingambit, L74, F|270/270\n|-activate|p1a: Kingambit|ability: Supreme Overlord\n|-start|p1a: Kingambit|fallen5|[silent]\n|turn|18\n|-message|GennyS forfeited.\n|\n|win|jnpr010334\n|raw|GennyS's rating: 1712 &rarr; <strong>1693</strong><br />(-19 for losing)\n|raw|jnpr010334's rating: 1721 &rarr; <strong>1740</strong><br />(+19 for winning)\n", "inputlog": ">version f8ac14003a5f27e1bdc8d8c59608a773c1cb96e5\n>start {\"formatid\":\"gen9randombattle\",\"seed\":\"sodium,4818105654ae7d9516516bc9c45aa92b\",\"rated\":\"Rated battle\"}\n>player p1 {\"name\":\"GennyS\",\"avatar\":\"266\",\"rating\":1712,\"seed\":\"sodium,adb32d5e7a7382d8eb4fecf573c40a89\"}\n>player p2 {\"name\":\"jnpr010334\",\"avatar\":\"265\",\"rating\":1720,\"seed\":\"sodium,ed72960fbb5637afcc4de3ef11ec7aac\"}\n>p1 move knockoff\n>p2 move icebeam\n>p1 switch 4\n>p2 move icebeam\n>p1 move flipturn\n>p2 switch 3\n>p1 switch 3\n>p1 move thunderbolt\n>p2 move flipturn\n>p2 switch 5\n>p1 switch 4\n>p2 move outrage\n>p1 switch 2\n>p1 move shellsmash\n>p2 move outrage\n>p1 move powergem\n>p2 move outrage\n>p2 switch 3\n>p1 move acrobatics terastallize\n>p2 move waterpulse\n>p1 switch 4\n>p1 move thunderbolt\n>p2 move waterpulse\n>p2 switch 2\n>p1 switch 3\n>p2 move scaleshot\n>p1 move icebeam\n>p2 move closecombat\n>p1 switch 6\n>p1 move scald\n>p2 move swordsdance\n>p1 move scald\n>p2 move scaleshot\n>p1 switch 5\n>p1 move suckerpunch\n>p2 move closecombat\n>p2 switch 6\n>p1 move ironhead\n>p2 move irondefense terastallize\n>p1 switch 3\n>p2 move rest\n>p1 move thunderbolt\n>p2 move bodypress\n>p1 switch 3\n>forcelose p1", "uploadtime": 1782906847, "views": 3, "formatid": "gen9randombattle", "rating": 1693, "private": 0, "password": null, "player_dets": [{"name": "GennyS", "avatar": "266", "rating": 1712, "seed": "sodium,adb32d5e7a7382d8eb4fecf573c40a89"}, {"name": "jnpr010334", "avatar": "265", "rating": 1720, "seed": "sodium,ed72960fbb5637afcc4de3ef11ec7aac"}], "teams_full": [{"Sableye": {"name": "Sableye", "species": "Sableye", "speciesId": "sableye", "gender": "M", "shiny": false, "level": 88, "moves": ["recover", "willowisp", "encore", "knockoff"], "ability": "Prankster", "evs": {"hp": 85, "atk": 85, "def": 85, "spa": 85, "spd": 85, "spe": 85}, "ivs": {"hp": 31, "atk": 31, "def": 31, "spa": 31, "spd": 31, "spe": 31}, "item": "Leftovers", "teraType": "Steel", "role": "Bulky Support", "bvs": {"hp": 50, "atk": 75, "def": 75, "spa": 65, "spd": 65, "spe": 50}, "stats": {"hp": 231, "atk": 182, "def": 182, "spa": 165, "spd": 165, "spe": 138}, "types": ["Dark", "Ghost"]}, "Minior": {"name": "Minior", "species": "Minior-Yellow", "speciesId": "minior", "gender": "N", "shiny": false, "level": 79, "moves": ["acrobatics", "shellsmash", "powergem", "earthquake"], "ability": "Shields Down", "evs": {"hp": 85, "atk": 85, "def": 85, "spa": 85, "spd": 85, "spe": 85}, "ivs": {"hp": 31, "atk": 31, "def": 31, "spa": 31, "spd": 31, "spe": 31}, "item": "White Herb", "teraType": "Water", "role": "Setup Sweeper", "bvs": {"hp": 60, "atk": 100, "def": 60, "spa": 100, "spd": 60, "spe": 120}, "stats": {"hp": 224, "atk": 204, "def": 140, "spa": 204, "spd": 140, "spe": 235}, "types": ["Rock", "Flying"]}, "Jolteon": {"name": "Jolteon", "species": "Jolteon", "speciesId": "jolteon", "gender": "F", "shiny": false, "level": 84, "moves": ["calmmind", "thunderbolt", "terablast", "substitute"], "ability": "Volt Absorb", "evs": {"hp": 85, "atk": 0, "def": 85, "spa": 85, "spd": 85, "spe": 85}, "ivs": {"hp": 31, "atk": 0, "def": 31, "spa": 31, "spd": 31, "spe": 31}, "item": "Leftovers", "teraType": "Ice", "role": "Tera Blast user", "bvs": {"hp": 65, "atk": 65, "def": 60, "spa": 110, "spd": 95, "spe": 130}, "stats": {"hp": 246, "atk": 114, "def": 149, "spa": 233, "spd": 208, "spe": 267}, "types": ["Electric"]}, "Dewgong": {"name": "Dewgong", "species": "Dewgong", "speciesId": "dewgong", "gender": "F", "shiny": false, "level": 94, "moves": ["knockoff", "flipturn", "hydropump", "icebeam"], "ability": "Thick Fat", "evs": {"hp": 85, "atk": 85, "def": 85, "spa": 85, "spd": 85, "spe": 85}, "ivs": {"hp": 31, "atk": 31, "def": 31, "spa": 31, "spd": 31, "spe": 31}, "item": "Assault Vest", "teraType": "Grass", "role": "Bulky Support", "bvs": {"hp": 90, "atk": 70, "def": 80, "spa": 70, "spd": 95, "spe": 70}, "stats": {"hp": 322, "atk": 185, "def": 204, "spa": 185, "spd": 232, "spe": 185}, "types": ["Water", "Ice"]}, "Kingambit": {"name": "Kingambit", "species": "Kingambit", "speciesId": "kingambit", "gender": "F", "shiny": false, "level": 74, "moves": ["swordsdance", "kowtowcleave", "suckerpunch", "ironhead"], "ability": "Supreme Overlord", "evs": {"hp": 85, "atk": 85, "def": 85, "spa": 85, "spd": 85, "spe": 85}, "ivs": {"hp": 31, "atk": 31, "def": 31, "spa": 31, "spd": 31, "spe": 31}, "item": "Leftovers", "teraType": "Dark", "role": "Bulky Attacker", "bvs": {"hp": 100, "atk": 135, "def": 120, "spa": 60, "spd": 85, "spe": 50}, "stats": {"hp": 270, "atk": 243, "def": 221, "spa": 132, "spd": 169, "spe": 117}, "types": ["Dark", "Steel"]}, "Phione": {"name": "Phione", "species": "Phione", "speciesId": "phione", "gender": "N", "shiny": false, "level": 91, "moves": ["sleeptalk", "scald", "takeheart", "rest"], "ability": "Hydration", "evs": {"hp": 85, "atk": 0, "def": 85, "spa": 85, "spd": 85, "spe": 85}, "ivs": {"hp": 31, "atk": 0, "def": 31, "spa": 31, "spd": 31, "spe": 31}, "item": "Leftovers", "teraType": "Steel", "role": "Bulky Setup", "bvs": {"hp": 80, "atk": 80, "def": 80, "spa": 80, "spd": 80, "spe": 80}, "stats": {"hp": 293, "atk": 150, "def": 197, "spa": 197, "spd": 197, "spe": 197}, "types": ["Water"]}}, {"Clawitzer": {"name": "Clawitzer", "species": "Clawitzer", "speciesId": "clawitzer", "gender": "F", "shiny": false, "level": 87, "moves": ["darkpulse", "waterpulse", "icebeam", "dragonpulse"], "ability": "Mega Launcher", "evs": {"hp": 85, "atk": 0, "def": 85, "spa": 85, "spd": 85, "spe": 85}, "ivs": {"hp": 31, "atk": 0, "def": 31, "spa": 31, "spd": 31, "spe": 31}, "item": "Choice Specs", "teraType": "Dragon", "role": "Wallbreaker", "bvs": {"hp": 71, "atk": 73, "def": 88, "spa": 120, "spd": 89, "spe": 59}, "stats": {"hp": 265, "atk": 132, "def": 203, "spa": 259, "spd": 205, "spe": 152}, "types": ["Water"]}, "Haxorus": {"name": "Haxorus", "species": "Haxorus", "speciesId": "haxorus", "gender": "F", "shiny": false, "level": 77, "moves": ["swordsdance", "scaleshot", "closecombat", "ironhead"], "ability": "Mold Breaker", "evs": {"hp": 85, "atk": 85, "def": 85, "spa": 85, "spd": 85, "spe": 85}, "ivs": {"hp": 31, "atk": 31, "def": 31, "spa": 31, "spd": 31, "spe": 31}, "item": "Loaded Dice", "teraType": "Steel", "role": "Fast Bulky Setup", "bvs": {"hp": 76, "atk": 147, "def": 90, "spa": 60, "spd": 70, "spe": 97}, "stats": {"hp": 244, "atk": 271, "def": 183, "spa": 137, "spd": 152, "spe": 194}, "types": ["Dragon"]}, "Basculegion": {"name": "Basculegion", "species": "Basculegion-F", "speciesId": "basculegionf", "gender": "F", "shiny": false, "level": 83, "moves": ["flipturn", "icebeam", "shadowball", "hydropump"], "ability": "Adaptability", "evs": {"hp": 85, "atk": 85, "def": 85, "spa": 85, "spd": 85, "spe": 85}, "ivs": {"hp": 31, "atk": 31, "def": 31, "spa": 31, "spd": 31, "spe": 31}, "item": "Choice Specs", "teraType": "Water", "role": "Wallbreaker", "bvs": {"hp": 120, "atk": 92, "def": 65, "spa": 100, "spd": 75, "spe": 78}, "stats": {"hp": 335, "atk": 200, "def": 156, "spa": 214, "spd": 172, "spe": 177}, "types": ["Water", "Ghost"]}, "Dodrio": {"name": "Dodrio", "species": "Dodrio", "speciesId": "dodrio", "gender": "F", "shiny": false, "level": 85, "moves": ["quickattack", "doubleedge", "bravebird", "knockoff"], "ability": "Early Bird", "evs": {"hp": 85, "atk": 85, "def": 85, "spa": 85, "spd": 85, "spe": 85}, "ivs": {"hp": 31, "atk": 31, "def": 31, "spa": 31, "spd": 31, "spe": 31}, "item": "Choice Band", "teraType": "Normal", "role": "Fast Attacker", "bvs": {"hp": 60, "atk": 110, "def": 70, "spa": 60, "spd": 60, "spe": 110}, "stats": {"hp": 241, "atk": 236, "def": 168, "spa": 151, "spd": 151, "spe": 236}, "types": ["Normal", "Flying"]}, "Kyurem": {"name": "Kyurem", "species": "Kyurem", "speciesId": "kyurem", "gender": "N", "shiny": false, "level": 77, "moves": ["dracometeor", "earthpower", "outrage", "freezedry"], "ability": "Pressure", "evs": {"hp": 85, "atk": 85, "def": 85, "spa": 85, "spd": 85, "spe": 85}, "ivs": {"hp": 31, "atk": 31, "def": 31, "spa": 31, "spd": 31, "spe": 31}, "item": "Heavy-Duty Boots", "teraType": "Ground", "role": "Wallbreaker", "bvs": {"hp": 125, "atk": 130, "def": 90, "spa": 130, "spd": 90, "spe": 95}, "stats": {"hp": 319, "atk": 245, "def": 183, "spa": 245, "spd": 183, "spe": 191}, "types": ["Dragon", "Ice"]}, "Carbink": {"name": "Carbink", "species": "Carbink", "speciesId": "carbink", "gender": "N", "shiny": false, "level": 90, "moves": ["rest", "irondefense", "moonblast", "bodypress"], "ability": "Sturdy", "evs": {"hp": 85, "atk": 0, "def": 85, "spa": 85, "spd": 85, "spe": 85}, "ivs": {"hp": 31, "atk": 0, "def": 31, "spa": 31, "spd": 31, "spe": 31}, "item": "Chesto Berry", "teraType": "Fighting", "role": "Fast Bulky Setup", "bvs": {"hp": 50, "atk": 50, "def": 150, "spa": 50, "spd": 150, "spe": 50}, "stats": {"hp": 236, "atk": 95, "def": 321, "spa": 141, "spd": 321, "spe": 141}, "types": ["Rock", "Fairy"]}}]}