{"id": "gen9randombattle-2642105970", "format": "[Gen 9] Random Battle", "players": ["mtran", "jnpr010334"], "log": "|j|\u2606mtran\n|j|\u2606jnpr010334\n|t:|1782891194\n|gametype|singles\n|player|p1|mtran|170|1807\n|player|p2|jnpr010334|265|1782\n|gen|9\n|tier|[Gen 9] Random Battle\n|rated|\n|rule|Species Clause: Limit one of each Pok\u00e9mon\n|rule|HP Percentage Mod: HP is shown in percentages\n|rule|Sleep Clause Mod: Limit one foe put to sleep\n|rule|Illusion Level Mod: Illusion disguises the Pok\u00e9mon's true level\n|\n|t:|1782891194\n|teamsize|p1|6\n|teamsize|p2|6\n|start\n|switch|p1a: Mesprit|Mesprit, L85|275/275\n|switch|p2a: Volcarona|Volcarona, L77, M|257/257\n|turn|1\n|inactive|Battle timer is ON: inactive players will automatically lose when time's up. (requested by mtran)\n|inactive|jnpr010334 also wants the timer to be on.\n|\n|t:|1782891203\n|move|p2a: Volcarona|Quiver Dance|p2a: Volcarona\n|-boost|p2a: Volcarona|spa|1\n|-boost|p2a: Volcarona|spd|1\n|-boost|p2a: Volcarona|spe|1\n|move|p1a: Mesprit|Thunder Wave|p2a: Volcarona|[miss]\n|-miss|p1a: Mesprit|p2a: Volcarona\n|\n|upkeep\n|turn|2\n|\n|t:|1782891207\n|move|p2a: Volcarona|Fire Blast|p1a: Mesprit\n|-damage|p1a: Mesprit|115/275\n|move|p1a: Mesprit|Thunder Wave|p2a: Volcarona\n|-status|p2a: Volcarona|par\n|\n|-heal|p1a: Mesprit|132/275|[from] item: Leftovers\n|upkeep\n|turn|3\n|\n|t:|1782891222\n|move|p1a: Mesprit|Psychic Noise|p2a: Volcarona\n|-damage|p2a: Volcarona|200/257 par\n|-start|p2a: Volcarona|move: Heal Block\n|move|p2a: Volcarona|Quiver Dance|p2a: Volcarona\n|-boost|p2a: Volcarona|spa|1\n|-boost|p2a: Volcarona|spd|1\n|-boost|p2a: Volcarona|spe|1\n|\n|-heal|p1a: Mesprit|149/275|[from] item: Leftovers\n|upkeep\n|turn|4\n|\n|t:|1782891228\n|cant|p2a: Volcarona|par\n|move|p1a: Mesprit|Knock Off|p2a: Volcarona\n|-damage|p2a: Volcarona|97/257 par\n|-enditem|p2a: Volcarona|Heavy-Duty Boots|[from] move: Knock Off|[of] p1a: Mesprit\n|\n|-heal|p1a: Mesprit|166/275|[from] item: Leftovers\n|-end|p2a: Volcarona|move: Heal Block\n|upkeep\n|turn|5\n|\n|t:|1782891231\n|move|p2a: Volcarona|Morning Sun|p2a: Volcarona\n|-heal|p2a: Volcarona|225/257 par\n|move|p1a: Mesprit|Psychic Noise|p2a: Volcarona\n|-damage|p2a: Volcarona|185/257 par\n|-start|p2a: Volcarona|move: Heal Block\n|\n|-heal|p1a: Mesprit|183/275|[from] item: Leftovers\n|upkeep\n|turn|6\n|\n|t:|1782891236\n|cant|p2a: Volcarona|par\n|move|p1a: Mesprit|Psychic Noise|p2a: Volcarona\n|-damage|p2a: Volcarona|145/257 par\n|\n|-heal|p1a: Mesprit|200/275|[from] item: Leftovers\n|-end|p2a: Volcarona|move: Heal Block\n|upkeep\n|turn|7\n|\n|t:|1782891240\n|move|p2a: Volcarona|Fire Blast|p1a: Mesprit\n|-damage|p1a: Mesprit|0 fnt\n|faint|p1a: Mesprit\n|\n|upkeep\n|\n|t:|1782891245\n|switch|p1a: Luvdisc|Luvdisc, M|247/247\n|turn|8\n|\n|t:|1782891253\n|move|p1a: Luvdisc|Surf|p2a: Volcarona\n|-supereffective|p2a: Volcarona\n|-damage|p2a: Volcarona|73/257 par\n|move|p2a: Volcarona|Giga Drain|p1a: Luvdisc\n|-supereffective|p1a: Luvdisc\n|-damage|p1a: Luvdisc|5/247\n|-heal|p2a: Volcarona|194/257 par|[from] drain|[of] p1a: Luvdisc\n|\n|upkeep\n|turn|9\n|\n|t:|1782891256\n|move|p1a: Luvdisc|Endeavor|p2a: Volcarona\n|-damage|p2a: Volcarona|5/257 par\n|move|p2a: Volcarona|Quiver Dance|p2a: Volcarona\n|-boost|p2a: Volcarona|spa|1\n|-boost|p2a: Volcarona|spd|1\n|-boost|p2a: Volcarona|spe|1\n|\n|upkeep\n|turn|10\n|\n|t:|1782891259\n|move|p1a: Luvdisc|Flip Turn|p2a: Volcarona\n|-supereffective|p2a: Volcarona\n|-damage|p2a: Volcarona|0 fnt\n|faint|p2a: Volcarona\n|\n|t:|1782891266\n|switch|p1a: Zekrom|Zekrom, L71|259/259|[from] Flip Turn\n|-ability|p1a: Zekrom|Teravolt\n|\n|upkeep\n|\n|t:|1782891268\n|switch|p2a: Falinks|Falinks, L84|246/246\n|turn|11\n|\n|t:|1782891272\n|move|p2a: Falinks|No Retreat|p2a: Falinks\n|-boost|p2a: Falinks|atk|1\n|-boost|p2a: Falinks|def|1\n|-boost|p2a: Falinks|spa|1\n|-boost|p2a: Falinks|spd|1\n|-boost|p2a: Falinks|spe|1\n|-start|p2a: Falinks|move: No Retreat\n|move|p1a: Zekrom|Substitute|p1a: Zekrom\n|-start|p1a: Zekrom|Substitute\n|-damage|p1a: Zekrom|195/259\n|\n|-heal|p1a: Zekrom|211/259|[from] item: Leftovers\n|upkeep\n|turn|12\n|\n|t:|1782891277\n|move|p2a: Falinks|Close Combat|p1a: Zekrom\n|-end|p1a: Zekrom|Substitute\n|-unboost|p2a: Falinks|def|1\n|-unboost|p2a: Falinks|spd|1\n|-damage|p2a: Falinks|222/246|[from] item: Life Orb\n|move|p1a: Zekrom|Bolt Strike|p2a: Falinks\n|-crit|p2a: Falinks\n|-damage|p2a: Falinks|39/246\n|\n|-heal|p1a: Zekrom|227/259|[from] item: Leftovers\n|upkeep\n|turn|13\n|\n|t:|1782891285\n|switch|p1a: Amoonguss|Amoonguss, L82, F|321/321\n|move|p2a: Falinks|Close Combat|p1a: Amoonguss\n|-resisted|p1a: Amoonguss\n|-damage|p1a: Amoonguss|174/321\n|-unboost|p2a: Falinks|def|1\n|-unboost|p2a: Falinks|spd|1\n|-damage|p2a: Falinks|15/246|[from] item: Life Orb\n|\n|-heal|p1a: Amoonguss|194/321|[from] item: Leftovers\n|upkeep\n|turn|14\n|\n|t:|1782891291\n|move|p2a: Falinks|Knock Off|p1a: Amoonguss\n|-damage|p1a: Amoonguss|37/321\n|-enditem|p1a: Amoonguss|Leftovers|[from] move: Knock Off|[of] p2a: Falinks\n|-damage|p2a: Falinks|0 fnt|[from] item: Life Orb\n|faint|p2a: Falinks\n|move|p1a: Amoonguss|Giga Drain|p2: Falinks|[notarget]\n|-fail|p1a: Amoonguss\n|\n|upkeep\n|\n|t:|1782891293\n|switch|p2a: Quaquaval|Quaquaval, L79, F|264/264\n|turn|15\n|\n|t:|1782891297\n|switch|p1a: Gogoat|Gogoat, L88, F|360/360\n|-terastallize|p2a: Quaquaval|Steel\n|move|p2a: Quaquaval|Swords Dance|p2a: Quaquaval\n|-boost|p2a: Quaquaval|atk|2\n|\n|upkeep\n|turn|16\n|\n|t:|1782891311\n|switch|p1a: Amoonguss|Amoonguss, L82, F|144/321\n|move|p2a: Quaquaval|Swords Dance|p2a: Quaquaval\n|-boost|p2a: Quaquaval|atk|2\n|\n|upkeep\n|turn|17\n|\n|t:|1782891314\n|move|p2a: Quaquaval|Close Combat|p1a: Amoonguss\n|-resisted|p1a: Amoonguss\n|-damage|p1a: Amoonguss|0 fnt\n|-unboost|p2a: Quaquaval|def|1\n|-unboost|p2a: Quaquaval|spd|1\n|faint|p1a: Amoonguss\n|-ability|p2a: Quaquaval|Moxie|boost\n|-boost|p2a: Quaquaval|atk|1\n|\n|upkeep\n|\n|t:|1782891320\n|switch|p1a: Luvdisc|Luvdisc, M|5/247\n|turn|18\n|\n|t:|1782891332\n|move|p1a: Luvdisc|Endeavor|p2a: Quaquaval\n|-damage|p2a: Quaquaval|5/264\n|move|p2a: Quaquaval|Aqua Step|p1a: Luvdisc\n|-resisted|p1a: Luvdisc\n|-damage|p1a: Luvdisc|0 fnt\n|-boost|p2a: Quaquaval|spe|1\n|faint|p1a: Luvdisc\n|-ability|p2a: Quaquaval|Moxie|boost\n|-boost|p2a: Quaquaval|atk|1\n|\n|-heal|p2a: Quaquaval|21/264|[from] item: Leftovers\n|upkeep\n|\n|t:|1782891335\n|switch|p1a: Chien-Pao|Chien-Pao, L72|234/234\n|-ability|p1a: Chien-Pao|Sword of Ruin\n|turn|19\n|\n|t:|1782891339\n|move|p1a: Chien-Pao|Ice Shard|p2a: Quaquaval\n|-resisted|p2a: Quaquaval\n|-damage|p2a: Quaquaval|0 fnt\n|faint|p2a: Quaquaval\n|\n|upkeep\n|\n|t:|1782891341\n|switch|p2a: Iron Bundle|Iron Bundle, L78|215/215\n|turn|20\n|\n|t:|1782891344\n|switch|p1a: Zekrom|Zekrom, L71|227/259\n|-ability|p1a: Zekrom|Teravolt\n|move|p2a: Iron Bundle|Hydro Pump|p1a: Zekrom|[miss]\n|-miss|p2a: Iron Bundle|p1a: Zekrom\n|\n|-heal|p1a: Zekrom|243/259|[from] item: Leftovers\n|upkeep\n|turn|21\n|\n|t:|1782891350\n|-end|p2a: Iron Bundle|Quark Drive|[silent]\n|switch|p2a: Umbreon|Umbreon, L84, M|297/297\n|move|p1a: Zekrom|Dragon Dance|p1a: Zekrom\n|-boost|p1a: Zekrom|atk|1\n|-boost|p1a: Zekrom|spe|1\n|\n|-heal|p1a: Zekrom|259/259|[from] item: Leftovers\n|upkeep\n|turn|22\n|\n|t:|1782891354\n|move|p1a: Zekrom|Substitute|p1a: Zekrom\n|-start|p1a: Zekrom|Substitute\n|-damage|p1a: Zekrom|195/259\n|move|p2a: Umbreon|Foul Play|p1a: Zekrom\n|-end|p1a: Zekrom|Substitute\n|\n|-heal|p1a: Zekrom|211/259|[from] item: Leftovers\n|upkeep\n|turn|23\n|\n|t:|1782891360\n|move|p1a: Zekrom|Bolt Strike|p2a: Umbreon\n|-damage|p2a: Umbreon|122/297\n|-status|p2a: Umbreon|par\n|-activate|p2a: Umbreon|ability: Synchronize\n|-immune|p1a: Zekrom\n|move|p2a: Umbreon|Foul Play|p1a: Zekrom\n|-damage|p1a: Zekrom|54/259\n|\n|-heal|p1a: Zekrom|70/259|[from] item: Leftovers\n|-heal|p2a: Umbreon|140/297 par|[from] item: Leftovers\n|upkeep\n|turn|24\n|\n|t:|1782891365\n|move|p1a: Zekrom|Substitute|p1a: Zekrom\n|-start|p1a: Zekrom|Substitute\n|-damage|p1a: Zekrom|6/259\n|move|p2a: Umbreon|Foul Play|p1a: Zekrom\n|-end|p1a: Zekrom|Substitute\n|\n|-heal|p1a: Zekrom|22/259|[from] item: Leftovers\n|-heal|p2a: Umbreon|158/297 par|[from] item: Leftovers\n|upkeep\n|turn|25\n|\n|t:|1782891370\n|move|p1a: Zekrom|Bolt Strike|p2a: Umbreon\n|-damage|p2a: Umbreon|0 fnt\n|faint|p2a: Umbreon\n|\n|-heal|p1a: Zekrom|38/259|[from] item: Leftovers\n|upkeep\n|\n|t:|1782891371\n|switch|p2a: Iron Bundle|Iron Bundle, L78|215/215\n|turn|26\n|\n|t:|1782891374\n|move|p2a: Iron Bundle|Ice Beam|p1a: Zekrom\n|-supereffective|p1a: Zekrom\n|-damage|p1a: Zekrom|0 fnt\n|faint|p1a: Zekrom\n|\n|upkeep\n|\n|t:|1782891376\n|switch|p1a: Chien-Pao|Chien-Pao, L72|234/234\n|-ability|p1a: Chien-Pao|Sword of Ruin\n|turn|27\n|\n|t:|1782891381\n|-end|p2a: Iron Bundle|Quark Drive|[silent]\n|switch|p2a: Corviknight|Corviknight, L80, F|288/288\n|-ability|p2a: Corviknight|Pressure\n|move|p1a: Chien-Pao|Sacred Sword|p2a: Corviknight\n|-damage|p2a: Corviknight|194/288\n|-damage|p1a: Chien-Pao|195/234|[from] item: Rocky Helmet|[of] p2a: Corviknight\n|\n|upkeep\n|turn|28\n|\n|t:|1782891389\n|-terastallize|p1a: Chien-Pao|Fighting\n|move|p1a: Chien-Pao|Sacred Sword|p2a: Corviknight\n|-damage|p2a: Corviknight|40/288\n|-damage|p1a: Chien-Pao|156/234|[from] item: Rocky Helmet|[of] p2a: Corviknight\n|move|p2a: Corviknight|Body Press|p1a: Chien-Pao\n|-damage|p1a: Chien-Pao|91/234\n|\n|upkeep\n|turn|29\n|\n|t:|1782891392\n|move|p1a: Chien-Pao|Sacred Sword|p2a: Corviknight\n|-damage|p2a: Corviknight|0 fnt\n|-damage|p1a: Chien-Pao|52/234|[from] item: Rocky Helmet|[of] p2a: Corviknight\n|faint|p2a: Corviknight\n|\n|upkeep\n|\n|t:|1782891393\n|switch|p2a: Iron Bundle|Iron Bundle, L78|215/215\n|turn|30\n|\n|t:|1782891396\n|move|p2a: Iron Bundle|Ice Beam|p1a: Chien-Pao\n|-damage|p1a: Chien-Pao|0 fnt\n|faint|p1a: Chien-Pao\n|\n|upkeep\n|\n|t:|1782891398\n|switch|p1a: Gogoat|Gogoat, L88, F|360/360\n|turn|31\n|\n|t:|1782891401\n|move|p2a: Iron Bundle|Ice Beam|p1a: Gogoat\n|-supereffective|p1a: Gogoat\n|-damage|p1a: Gogoat|34/360\n|move|p1a: Gogoat|Horn Leech|p2a: Iron Bundle\n|-supereffective|p2a: Iron Bundle\n|-damage|p2a: Iron Bundle|51/215\n|-heal|p1a: Gogoat|116/360|[from] drain|[of] p2a: Iron Bundle\n|\n|-heal|p1a: Gogoat|138/360|[from] item: Leftovers\n|upkeep\n|turn|32\n|\n|t:|1782891404\n|move|p2a: Iron Bundle|Ice Beam|p1a: Gogoat\n|-supereffective|p1a: Gogoat\n|-crit|p1a: Gogoat\n|-damage|p1a: Gogoat|0 fnt\n|faint|p1a: Gogoat\n|\n|win|jnpr010334\n|raw|mtran's rating: 1807 &rarr; <strong>1786</strong><br />(-21 for losing)\n|raw|jnpr010334's rating: 1782 &rarr; <strong>1803</strong><br />(+21 for winning)\n", "inputlog": ">version f8ac14003a5f27e1bdc8d8c59608a773c1cb96e5\n>start {\"formatid\":\"gen9randombattle\",\"seed\":\"sodium,6b27de6afc8ec0f307b27ed35f801b31\",\"rated\":\"Rated battle\"}\n>player p1 {\"name\":\"mtran\",\"avatar\":\"170\",\"rating\":1807,\"seed\":\"sodium,15b44c3c64303a6f6beb58010a804573\"}\n>player p2 {\"name\":\"jnpr010334\",\"avatar\":\"265\",\"rating\":1782,\"seed\":\"sodium,a6bbc73e86634cf36b5855a6628bc930\"}\n>p1 move thunderwave\n>p2 move quiverdance\n>p1 move thunderwave\n>p2 move fireblast\n>p1 move psychicnoise\n>p2 move quiverdance\n>p1 move knockoff\n>p2 move fireblast\n>p1 move psychicnoise\n>p2 move morningsun\n>p1 move psychicnoise\n>p2 move fireblast\n>p1 move encore\n>p2 move fireblast\n>p1 switch 3\n>p1 move surf\n>p2 move gigadrain\n>p1 move endeavor\n>p2 move quiverdance\n>p1 move flipturn\n>p2 move morningsun\n>p1 switch 6\n>p2 switch 3\n>p1 move substitute\n>p2 move noretreat\n>p1 move boltstrike\n>p2 move closecombat\n>p1 switch 2\n>p2 move closecombat\n>p1 move gigadrain\n>p2 move knockoff\n>p2 switch 4\n>p1 switch 5\n>p2 move swordsdance terastallize\n>p1 switch 5\n>p2 move swordsdance\n>p1 move spore\n>p2 move closecombat\n>p1 switch 6\n>p1 move endeavor\n>p2 move aquastep\n>p1 switch 4\n>p1 move iceshard\n>p2 move aquastep\n>p2 switch 6\n>p1 switch 2\n>p2 move hydropump\n>p1 move dragondance\n>p2 switch 5\n>p1 move substitute\n>p2 move foulplay\n>p1 move boltstrike\n>p2 move foulplay\n>p1 move substitute\n>p2 move foulplay\n>p1 move boltstrike\n>p2 move foulplay\n>p2 switch 5\n>p1 move boltstrike\n>p2 move icebeam\n>p1 switch 2\n>p1 move sacredsword\n>p2 switch 2\n>p1 move sacredsword terastallize\n>p2 move bodypress\n>p1 move sacredsword\n>p2 move bravebird\n>p2 switch 2\n>p1 move sacredsword\n>p2 move icebeam\n>p1 switch 5\n>p1 move hornleech\n>p2 move icebeam\n>p1 move hornleech\n>p2 move icebeam", "uploadtime": 1782891404, "views": 2, "formatid": "gen9randombattle", "rating": 1786, "private": 0, "password": null, "player_dets": [{"name": "mtran", "avatar": "170", "rating": 1807, "seed": "sodium,15b44c3c64303a6f6beb58010a804573"}, {"name": "jnpr010334", "avatar": "265", "rating": 1782, "seed": "sodium,a6bbc73e86634cf36b5855a6628bc930"}], "teams_full": [{"Mesprit": {"name": "Mesprit", "species": "Mesprit", "speciesId": "mesprit", "gender": "N", "shiny": false, "level": 85, "moves": ["thunderwave", "encore", "psychicnoise", "knockoff"], "ability": "Levitate", "evs": {"hp": 85, "atk": 85, "def": 85, "spa": 85, "spd": 85, "spe": 85}, "ivs": {"hp": 31, "atk": 31, "def": 31, "spa": 31, "spd": 31, "spe": 31}, "item": "Leftovers", "teraType": "Steel", "role": "Bulky Support", "bvs": {"hp": 80, "atk": 105, "def": 105, "spa": 105, "spd": 105, "spe": 80}, "stats": {"hp": 275, "atk": 227, "def": 227, "spa": 227, "spd": 227, "spe": 185}, "types": ["Psychic"]}, "Amoonguss": {"name": "Amoonguss", "species": "Amoonguss", "speciesId": "amoonguss", "gender": "F", "shiny": false, "level": 82, "moves": ["sludgebomb", "gigadrain", "stompingtantrum", "spore"], "ability": "Regenerator", "evs": {"hp": 85, "atk": 85, "def": 85, "spa": 85, "spd": 85, "spe": 85}, "ivs": {"hp": 31, "atk": 31, "def": 31, "spa": 31, "spd": 31, "spe": 31}, "item": "Leftovers", "teraType": "Steel", "role": "Bulky Attacker", "bvs": {"hp": 114, "atk": 85, "def": 70, "spa": 85, "spd": 80, "spe": 30}, "stats": {"hp": 321, "atk": 187, "def": 162, "spa": 187, "spd": 178, "spe": 96}, "types": ["Grass", "Poison"]}, "Luvdisc": {"name": "Luvdisc", "species": "Luvdisc", "speciesId": "luvdisc", "gender": "M", "shiny": false, "level": 100, "moves": ["substitute", "endeavor", "surf", "flipturn"], "ability": "Swift Swim", "evs": {"hp": 81, "atk": 85, "def": 85, "spa": 85, "spd": 85, "spe": 85}, "ivs": {"hp": 31, "atk": 31, "def": 31, "spa": 31, "spd": 31, "spe": 31}, "item": "Heavy-Duty Boots", "teraType": "Ground", "role": "Fast Support", "bvs": {"hp": 43, "atk": 30, "def": 55, "spa": 40, "spd": 65, "spe": 97}, "stats": {"hp": 247, "atk": 117, "def": 167, "spa": 137, "spd": 187, "spe": 251}, "types": ["Water"]}, "Chien-Pao": {"name": "Chien-Pao", "species": "Chien-Pao", "speciesId": "chienpao", "gender": "N", "shiny": false, "level": 72, "moves": ["iceshard", "throatchop", "iciclecrash", "sacredsword"], "ability": "Sword of Ruin", "evs": {"hp": 85, "atk": 85, "def": 85, "spa": 85, "spd": 85, "spe": 85}, "ivs": {"hp": 31, "atk": 31, "def": 31, "spa": 31, "spd": 31, "spe": 31}, "item": "Choice Band", "teraType": "Fighting", "role": "Wallbreaker", "bvs": {"hp": 80, "atk": 120, "def": 80, "spa": 90, "spd": 65, "spe": 135}, "stats": {"hp": 234, "atk": 215, "def": 157, "spa": 172, "spd": 136, "spe": 236}, "types": ["Dark", "Ice"]}, "Gogoat": {"name": "Gogoat", "species": "Gogoat", "speciesId": "gogoat", "gender": "F", "shiny": false, "level": 88, "moves": ["bulkup", "milkdrink", "earthquake", "hornleech"], "ability": "Sap Sipper", "evs": {"hp": 85, "atk": 85, "def": 85, "spa": 85, "spd": 85, "spe": 85}, "ivs": {"hp": 31, "atk": 31, "def": 31, "spa": 31, "spd": 31, "spe": 31}, "item": "Leftovers", "teraType": "Ground", "role": "Bulky Setup", "bvs": {"hp": 123, "atk": 100, "def": 62, "spa": 97, "spd": 81, "spe": 68}, "stats": {"hp": 360, "atk": 226, "def": 159, "spa": 221, "spd": 193, "spe": 170}, "types": ["Grass"]}, "Zekrom": {"name": "Zekrom", "species": "Zekrom", "speciesId": "zekrom", "gender": "N", "shiny": false, "level": 71, "moves": ["boltstrike", "dragondance", "substitute", "outrage"], "ability": "Teravolt", "evs": {"hp": 85, "atk": 85, "def": 85, "spa": 85, "spd": 85, "spe": 85}, "ivs": {"hp": 31, "atk": 31, "def": 31, "spa": 31, "spd": 31, "spe": 31}, "item": "Leftovers", "teraType": "Electric", "role": "Setup Sweeper", "bvs": {"hp": 100, "atk": 150, "def": 120, "spa": 120, "spd": 100, "spe": 90}, "stats": {"hp": 259, "atk": 254, "def": 212, "spa": 212, "spd": 183, "spe": 169}, "types": ["Dragon", "Electric"]}}, {"Volcarona": {"name": "Volcarona", "species": "Volcarona", "speciesId": "volcarona", "gender": "M", "shiny": false, "level": 77, "moves": ["morningsun", "gigadrain", "fireblast", "quiverdance"], "ability": "Flame Body", "evs": {"hp": 85, "atk": 0, "def": 85, "spa": 85, "spd": 85, "spe": 85}, "ivs": {"hp": 31, "atk": 0, "def": 31, "spa": 31, "spd": 31, "spe": 31}, "item": "Heavy-Duty Boots", "teraType": "Fire", "role": "Fast Bulky Setup", "bvs": {"hp": 85, "atk": 60, "def": 65, "spa": 135, "spd": 105, "spe": 100}, "stats": {"hp": 257, "atk": 97, "def": 145, "spa": 252, "spd": 206, "spe": 199}, "types": ["Bug", "Fire"]}, "Corviknight": {"name": "Corviknight", "species": "Corviknight", "speciesId": "corviknight", "gender": "F", "shiny": false, "level": 80, "moves": ["bodypress", "bravebird", "defog", "roost"], "ability": "Pressure", "evs": {"hp": 85, "atk": 85, "def": 85, "spa": 85, "spd": 85, "spe": 85}, "ivs": {"hp": 31, "atk": 31, "def": 31, "spa": 31, "spd": 31, "spe": 31}, "item": "Rocky Helmet", "teraType": "Dragon", "role": "Bulky Support", "bvs": {"hp": 98, "atk": 87, "def": 105, "spa": 53, "spd": 85, "spe": 67}, "stats": {"hp": 288, "atk": 185, "def": 214, "spa": 131, "spd": 182, "spe": 153}, "types": ["Flying", "Steel"]}, "Falinks": {"name": "Falinks", "species": "Falinks", "speciesId": "falinks", "gender": "N", "shiny": false, "level": 84, "moves": ["knockoff", "noretreat", "ironhead", "closecombat"], "ability": "Defiant", "evs": {"hp": 85, "atk": 85, "def": 85, "spa": 85, "spd": 85, "spe": 85}, "ivs": {"hp": 31, "atk": 31, "def": 31, "spa": 31, "spd": 31, "spe": 31}, "item": "Life Orb", "teraType": "Dark", "role": "Setup Sweeper", "bvs": {"hp": 65, "atk": 100, "def": 100, "spa": 70, "spd": 60, "spe": 75}, "stats": {"hp": 246, "atk": 216, "def": 216, "spa": 166, "spd": 149, "spe": 174}, "types": ["Fighting"]}, "Quaquaval": {"name": "Quaquaval", "species": "Quaquaval", "speciesId": "quaquaval", "gender": "F", "shiny": false, "level": 79, "moves": ["closecombat", "roost", "aquastep", "swordsdance"], "ability": "Moxie", "evs": {"hp": 85, "atk": 85, "def": 85, "spa": 85, "spd": 85, "spe": 85}, "ivs": {"hp": 31, "atk": 31, "def": 31, "spa": 31, "spd": 31, "spe": 31}, "item": "Leftovers", "teraType": "Steel", "role": "Bulky Attacker", "bvs": {"hp": 85, "atk": 120, "def": 80, "spa": 85, "spd": 75, "spe": 85}, "stats": {"hp": 264, "atk": 235, "def": 172, "spa": 180, "spd": 164, "spe": 180}, "types": ["Water", "Fighting"]}, "Umbreon": {"name": "Umbreon", "species": "Umbreon", "speciesId": "umbreon", "gender": "M", "shiny": false, "level": 84, "moves": ["toxic", "protect", "foulplay", "wish"], "ability": "Synchronize", "evs": {"hp": 85, "atk": 0, "def": 85, "spa": 85, "spd": 85, "spe": 85}, "ivs": {"hp": 31, "atk": 0, "def": 31, "spa": 31, "spd": 31, "spe": 31}, "item": "Leftovers", "teraType": "Poison", "role": "Bulky Support", "bvs": {"hp": 95, "atk": 65, "def": 110, "spa": 60, "spd": 130, "spe": 65}, "stats": {"hp": 297, "atk": 114, "def": 233, "spa": 149, "spd": 267, "spe": 157}, "types": ["Dark"]}, "Iron Bundle": {"name": "Iron Bundle", "species": "Iron Bundle", "speciesId": "ironbundle", "gender": "N", "shiny": false, "level": 78, "moves": ["flipturn", "icebeam", "hydropump", "freezedry"], "ability": "Quark Drive", "evs": {"hp": 85, "atk": 85, "def": 85, "spa": 85, "spd": 85, "spe": 85}, "ivs": {"hp": 31, "atk": 31, "def": 31, "spa": 31, "spd": 31, "spe": 31}, "item": "Choice Specs", "teraType": "Ice", "role": "Fast Attacker", "bvs": {"hp": 56, "atk": 80, "def": 114, "spa": 124, "spd": 60, "spe": 136}, "stats": {"hp": 215, "atk": 170, "def": 223, "spa": 239, "spd": 139, "spe": 257}, "types": ["Ice", "Water"]}}]}