{"id": "gen9randombattle-2642060793", "format": "[Gen 9] Random Battle", "players": ["testbotcif", "n8_mop"], "log": "|j|\u2606testbotcif\n|j|\u2606n8_mop\n|t:|1782881536\n|gametype|singles\n|player|p1|testbotcif|1|1416\n|player|p2|n8_mop|101|1400\n|gen|9\n|tier|[Gen 9] Random Battle\n|rated|\n|rule|Species Clause: Limit one of each Pok\u00e9mon\n|rule|HP Percentage Mod: HP is shown in percentages\n|rule|Sleep Clause Mod: Limit one foe put to sleep\n|rule|Illusion Level Mod: Illusion disguises the Pok\u00e9mon's true level\n|\n|t:|1782881536\n|teamsize|p1|6\n|teamsize|p2|6\n|start\n|switch|p1a: Chansey|Chansey, L85, F|564/564\n|switch|p2a: Gholdengo|Gholdengo, L77|261/261\n|turn|1\n|inactive|Battle timer is ON: inactive players will automatically lose when time's up. (requested by testbotcif)\n|c|\u2606testbotcif|rlhf\n|\n|t:|1782881550\n|switch|p2a: Iron Valiant|Iron Valiant, L78|244/244\n|move|p1a: Chansey|Stealth Rock|p2a: Iron Valiant\n|-sidestart|p2: n8_mop|move: Stealth Rock\n|\n|upkeep\n|turn|2\n|\n|t:|1782881554\n|move|p2a: Iron Valiant|Close Combat|p1a: Chansey\n|-supereffective|p1a: Chansey\n|-damage|p1a: Chansey|0 fnt\n|-unboost|p2a: Iron Valiant|def|1\n|-unboost|p2a: Iron Valiant|spd|1\n|faint|p1a: Chansey\n|-damage|p2a: Iron Valiant|220/244|[from] item: Life Orb\n|\n|upkeep\n|\n|t:|1782881554\n|switch|p1a: Floatzel|Floatzel, L86, F|286/286\n|turn|3\n|\n|t:|1782881560\n|-end|p2a: Iron Valiant|Quark Drive|[silent]\n|switch|p2a: Feraligatr|Feraligatr, L79, M|264/264\n|-damage|p2a: Feraligatr|231/264|[from] Stealth Rock\n|move|p1a: Floatzel|Wave Crash|p2a: Feraligatr\n|-resisted|p2a: Feraligatr\n|-damage|p2a: Feraligatr|157/264\n|-damage|p1a: Floatzel|262/286|[from] Recoil\n|\n|-heal|p1a: Floatzel|279/286|[from] item: Leftovers\n|upkeep\n|turn|4\n|\n|t:|1782881568\n|move|p1a: Floatzel|Bulk Up|p1a: Floatzel\n|-boost|p1a: Floatzel|atk|1\n|-boost|p1a: Floatzel|def|1\n|move|p2a: Feraligatr|Dragon Dance|p2a: Feraligatr\n|-boost|p2a: Feraligatr|atk|1\n|-boost|p2a: Feraligatr|spe|1\n|\n|-heal|p1a: Floatzel|286/286|[from] item: Leftovers\n|upkeep\n|turn|5\n|\n|t:|1782881577\n|move|p2a: Feraligatr|Crunch|p1a: Floatzel\n|-damage|p1a: Floatzel|164/286\n|move|p1a: Floatzel|Taunt|p2a: Feraligatr\n|-start|p2a: Feraligatr|move: Taunt\n|\n|-heal|p1a: Floatzel|181/286|[from] item: Leftovers\n|upkeep\n|turn|6\n|\n|t:|1782881584\n|move|p2a: Feraligatr|Crunch|p1a: Floatzel\n|-damage|p1a: Floatzel|60/286\n|move|p1a: Floatzel|Wave Crash|p2a: Feraligatr\n|-resisted|p2a: Feraligatr\n|-damage|p2a: Feraligatr|53/264\n|-damage|p1a: Floatzel|26/286|[from] Recoil\n|\n|-heal|p1a: Floatzel|43/286|[from] item: Leftovers\n|upkeep\n|turn|7\n|\n|t:|1782881589\n|move|p2a: Feraligatr|Crunch|p1a: Floatzel\n|-damage|p1a: Floatzel|0 fnt\n|faint|p1a: Floatzel\n|\n|upkeep\n|\n|t:|1782881589\n|switch|p1a: Conkeldurr|Conkeldurr, L80, F|299/299\n|turn|8\n|\n|t:|1782881592\n|move|p1a: Conkeldurr|Mach Punch|p2a: Feraligatr\n|-damage|p2a: Feraligatr|1/264\n|move|p2a: Feraligatr|Liquidation|p1a: Conkeldurr\n|-damage|p1a: Conkeldurr|73/299\n|\n|-end|p2a: Feraligatr|move: Taunt\n|-status|p1a: Conkeldurr|brn|[from] item: Flame Orb\n|upkeep\n|turn|9\n|\n|t:|1782881595\n|move|p1a: Conkeldurr|Mach Punch|p2a: Feraligatr\n|-damage|p2a: Feraligatr|0 fnt\n|faint|p2a: Feraligatr\n|\n|-damage|p1a: Conkeldurr|55/299 brn|[from] brn\n|upkeep\n|\n|t:|1782881602\n|switch|p2a: Iron Valiant|Iron Valiant, L78|220/244\n|-damage|p2a: Iron Valiant|205/244|[from] Stealth Rock\n|turn|10\n|\n|t:|1782881604\n|move|p2a: Iron Valiant|Psychic|p1a: Conkeldurr\n|-supereffective|p1a: Conkeldurr\n|-damage|p1a: Conkeldurr|0 fnt\n|faint|p1a: Conkeldurr\n|-damage|p2a: Iron Valiant|181/244|[from] item: Life Orb\n|\n|upkeep\n|\n|t:|1782881605\n|switch|p1a: Shaymin|Shaymin, L82|298/298\n|turn|11\n|\n|t:|1782881609\n|move|p2a: Iron Valiant|Calm Mind|p2a: Iron Valiant\n|-boost|p2a: Iron Valiant|spa|1\n|-boost|p2a: Iron Valiant|spd|1\n|move|p1a: Shaymin|Seed Flare|p2a: Iron Valiant\n|-damage|p2a: Iron Valiant|66/244\n|\n|upkeep\n|turn|12\n|\n|t:|1782881616\n|move|p2a: Iron Valiant|Moonblast|p1a: Shaymin\n|-crit|p1a: Shaymin\n|-damage|p1a: Shaymin|21/298\n|-unboost|p1a: Shaymin|spa|1\n|-damage|p2a: Iron Valiant|42/244|[from] item: Life Orb\n|move|p1a: Shaymin|Seed Flare|p2a: Iron Valiant\n|-damage|p2a: Iron Valiant|0 fnt\n|faint|p2a: Iron Valiant\n|-end|p2a: Iron Valiant|Quark Drive|[silent]\n|\n|-heal|p1a: Shaymin|39/298|[from] item: Leftovers\n|upkeep\n|\n|t:|1782881624\n|switch|p2a: Roaring Moon|Roaring Moon, L72|270/270\n|-damage|p2a: Roaring Moon|237/270|[from] Stealth Rock\n|turn|13\n|\n|t:|1782881627\n|move|p2a: Roaring Moon|Dragon Dance|p2a: Roaring Moon\n|-boost|p2a: Roaring Moon|atk|1\n|-boost|p2a: Roaring Moon|spe|1\n|move|p1a: Shaymin|Leech Seed|p2a: Roaring Moon\n|-start|p2a: Roaring Moon|move: Leech Seed\n|\n|-heal|p1a: Shaymin|57/298|[from] item: Leftovers\n|-damage|p2a: Roaring Moon|204/270|[from] Leech Seed|[of] p1a: Shaymin\n|-heal|p1a: Shaymin|90/298|[silent]\n|upkeep\n|turn|14\n|\n|t:|1782881631\n|move|p2a: Roaring Moon|Knock Off|p1a: Shaymin\n|-damage|p1a: Shaymin|0 fnt\n|-enditem|p1a: Shaymin|Leftovers|[from] move: Knock Off|[of] p2a: Roaring Moon\n|faint|p1a: Shaymin\n|\n|upkeep\n|\n|t:|1782881632\n|switch|p1a: Incineroar|Incineroar, L82, M|290/290\n|-ability|p1a: Incineroar|Intimidate|boost\n|-unboost|p2a: Roaring Moon|atk|1\n|turn|15\n|\n|t:|1782881635\n|move|p2a: Roaring Moon|Outrage|p1a: Incineroar\n|-damage|p1a: Incineroar|172/290\n|move|p1a: Incineroar|Knock Off|p2a: Roaring Moon\n|-resisted|p2a: Roaring Moon\n|-damage|p2a: Roaring Moon|125/270\n|-enditem|p2a: Roaring Moon|Lum Berry|[from] move: Knock Off|[of] p1a: Incineroar\n|\n|-damage|p2a: Roaring Moon|92/270|[from] Leech Seed|[of] p1a: Incineroar\n|-heal|p1a: Incineroar|205/290|[silent]\n|upkeep\n|turn|16\n|\n|t:|1782881638\n|move|p2a: Roaring Moon|Outrage|p1a: Incineroar|[from] lockedmove\n|-damage|p1a: Incineroar|78/290\n|move|p1a: Incineroar|Trailblaze|p2a: Roaring Moon\n|-resisted|p2a: Roaring Moon\n|-damage|p2a: Roaring Moon|67/270\n|-boost|p1a: Incineroar|spe|1\n|\n|-damage|p2a: Roaring Moon|34/270|[from] Leech Seed|[of] p1a: Incineroar\n|-heal|p1a: Incineroar|111/290|[silent]\n|upkeep\n|turn|17\n|\n|t:|1782881645\n|move|p2a: Roaring Moon|Outrage|p1a: Incineroar|[from] lockedmove\n|-damage|p1a: Incineroar|0 fnt\n|faint|p1a: Incineroar\n|-start|p2a: Roaring Moon|confusion|[fatigue]\n|\n|upkeep\n|\n|t:|1782881645\n|switch|p1a: Giratina|Giratina, L75|349/349\n|-ability|p1a: Giratina|Pressure\n|turn|18\n|\n|t:|1782881653\n|-terastallize|p1a: Giratina|Fairy\n|-activate|p2a: Roaring Moon|confusion\n|move|p2a: Roaring Moon|Outrage|p1a: Giratina\n|-immune|p1a: Giratina\n|move|p1a: Giratina|Shadow Ball|p2a: Roaring Moon\n|-resisted|p2a: Roaring Moon\n|-damage|p2a: Roaring Moon|0 fnt\n|faint|p2a: Roaring Moon\n|-end|p2a: Roaring Moon|Protosynthesis|[silent]\n|\n|upkeep\n|\n|t:|1782881657\n|switch|p2a: Gholdengo|Gholdengo, L77|261/261\n|-damage|p2a: Gholdengo|245/261|[from] Stealth Rock\n|turn|19\n|\n|t:|1782881660\n|move|p1a: Giratina|Shadow Ball|p2a: Gholdengo\n|-supereffective|p2a: Gholdengo\n|-damage|p2a: Gholdengo|87/261\n|move|p2a: Gholdengo|Nasty Plot|p2a: Gholdengo\n|-boost|p2a: Gholdengo|spa|2\n|\n|-heal|p2a: Gholdengo|103/261|[from] item: Leftovers\n|upkeep\n|turn|20\n|\n|t:|1782881663\n|move|p1a: Giratina|Shadow Ball|p2a: Gholdengo\n|-supereffective|p2a: Gholdengo\n|-damage|p2a: Gholdengo|0 fnt\n|faint|p2a: Gholdengo\n|\n|upkeep\n|-message|n8_mop forfeited.\n|\n|win|testbotcif\n|raw|testbotcif's rating: 1416 &rarr; <strong>1435</strong><br />(+19 for winning)\n|raw|n8_mop's rating: 1400 &rarr; <strong>1381</strong><br />(-19 for losing)\n", "inputlog": ">version f8ac14003a5f27e1bdc8d8c59608a773c1cb96e5\n>start {\"formatid\":\"gen9randombattle\",\"seed\":\"sodium,588e07567a87daf19bf6e7293e579269\",\"rated\":\"Rated battle\"}\n>player p1 {\"name\":\"testbotcif\",\"avatar\":\"1\",\"rating\":1416,\"seed\":\"sodium,66b7350216f5f4619b3bfd2f31033300\"}\n>player p2 {\"name\":\"n8_mop\",\"avatar\":\"101\",\"rating\":1400,\"seed\":\"sodium,70ca9e8c122f06145d2c11087cb8c45c\"}\n>chat \u2606testbotcif|rlhf\n>p1 move stealthrock\n>p2 switch 3\n>p1 move thunderwave\n>p2 move closecombat\n>p1 switch 4\n>p1 move wavecrash\n>p2 switch 2\n>p1 move bulkup\n>p2 move dragondance\n>p1 move taunt\n>p2 move crunch\n>p1 move wavecrash\n>p2 move crunch\n>p1 move wavecrash\n>p2 move crunch\n>p1 switch 6\n>p1 move machpunch\n>p2 move liquidation\n>p1 move machpunch\n>p2 move liquidation\n>p2 switch 2\n>p1 move facade\n>p2 move psychic\n>p1 switch 5\n>p1 move seedflare\n>p2 move calmmind\n>p1 move seedflare\n>p2 move moonblast\n>p2 switch 5\n>p1 move leechseed\n>p2 move dragondance\n>p1 move seedflare\n>p2 move knockoff\n>p1 switch 3\n>p1 move knockoff\n>p2 move outrage\n>p1 move trailblaze\n>p2 move outrage\n>p1 move trailblaze\n>p2 move outrage\n>p1 switch 2\n>p1 move shadowball terastallize\n>p2 move outrage\n>p2 switch 3\n>p1 move shadowball\n>p2 move nastyplot\n>p1 move shadowball\n>p2 move makeitrain\n>forcelose p2", "uploadtime": 1782881667, "views": 3, "formatid": "gen9randombattle", "rating": 1381, "private": 0, "password": null, "player_dets": [{"name": "testbotcif", "avatar": "1", "rating": 1416, "seed": "sodium,66b7350216f5f4619b3bfd2f31033300"}, {"name": "n8_mop", "avatar": "101", "rating": 1400, "seed": "sodium,70ca9e8c122f06145d2c11087cb8c45c"}], "teams_full": [{"Chansey": {"name": "Chansey", "species": "Chansey", "speciesId": "chansey", "gender": "F", "shiny": false, "level": 85, "moves": ["softboiled", "seismictoss", "thunderwave", "stealthrock"], "ability": "Natural Cure", "evs": {"hp": 85, "atk": 0, "def": 85, "spa": 85, "spd": 85, "spe": 85}, "ivs": {"hp": 31, "atk": 0, "def": 31, "spa": 31, "spd": 31, "spe": 31}, "item": "Eviolite", "teraType": "Dark", "role": "Bulky Support", "bvs": {"hp": 250, "atk": 5, "def": 5, "spa": 35, "spd": 105, "spe": 50}, "stats": {"hp": 564, "atk": 13, "def": 57, "spa": 108, "spd": 227, "spe": 134}, "types": ["Normal"]}, "Giratina": {"name": "Giratina", "species": "Giratina", "speciesId": "giratina", "gender": "N", "shiny": false, "level": 75, "moves": ["rest", "shadowball", "defog", "dragontail"], "ability": "Pressure", "evs": {"hp": 85, "atk": 85, "def": 85, "spa": 85, "spd": 85, "spe": 85}, "ivs": {"hp": 31, "atk": 31, "def": 31, "spa": 31, "spd": 31, "spe": 31}, "item": "Leftovers", "teraType": "Fairy", "role": "Bulky Support", "bvs": {"hp": 150, "atk": 100, "def": 120, "spa": 100, "spd": 120, "spe": 90}, "stats": {"hp": 349, "atk": 194, "def": 224, "spa": 194, "spd": 224, "spe": 179}, "types": ["Ghost", "Dragon"]}, "Incineroar": {"name": "Incineroar", "species": "Incineroar", "speciesId": "incineroar", "gender": "M", "shiny": false, "level": 82, "moves": ["flareblitz", "swordsdance", "trailblaze", "knockoff"], "ability": "Intimidate", "evs": {"hp": 85, "atk": 85, "def": 85, "spa": 85, "spd": 85, "spe": 85}, "ivs": {"hp": 31, "atk": 31, "def": 31, "spa": 31, "spd": 31, "spe": 31}, "item": "Heavy-Duty Boots", "teraType": "Grass", "role": "Setup Sweeper", "bvs": {"hp": 95, "atk": 115, "def": 90, "spa": 80, "spd": 90, "spe": 60}, "stats": {"hp": 290, "atk": 236, "def": 195, "spa": 178, "spd": 195, "spe": 146}, "types": ["Fire", "Dark"]}, "Floatzel": {"name": "Floatzel", "species": "Floatzel", "speciesId": "floatzel", "gender": "F", "shiny": false, "level": 86, "moves": ["bulkup", "icespinner", "taunt", "wavecrash"], "ability": "Water Veil", "evs": {"hp": 85, "atk": 85, "def": 85, "spa": 85, "spd": 85, "spe": 85}, "ivs": {"hp": 31, "atk": 31, "def": 31, "spa": 31, "spd": 31, "spe": 31}, "item": "Leftovers", "teraType": "Steel", "role": "Bulky Setup", "bvs": {"hp": 85, "atk": 105, "def": 55, "spa": 85, "spd": 50, "spe": 115}, "stats": {"hp": 286, "atk": 230, "def": 144, "spa": 195, "spd": 135, "spe": 247}, "types": ["Water"]}, "Shaymin": {"name": "Shaymin", "species": "Shaymin", "speciesId": "shaymin", "gender": "N", "shiny": false, "level": 82, "moves": ["leechseed", "substitute", "airslash", "seedflare"], "ability": "Natural Cure", "evs": {"hp": 85, "atk": 0, "def": 85, "spa": 85, "spd": 85, "spe": 85}, "ivs": {"hp": 31, "atk": 0, "def": 31, "spa": 31, "spd": 31, "spe": 31}, "item": "Leftovers", "teraType": "Steel", "role": "Bulky Support", "bvs": {"hp": 100, "atk": 100, "def": 100, "spa": 100, "spd": 100, "spe": 100}, "stats": {"hp": 298, "atk": 169, "def": 211, "spa": 211, "spd": 211, "spe": 211}, "types": ["Grass"]}, "Conkeldurr": {"name": "Conkeldurr", "species": "Conkeldurr", "speciesId": "conkeldurr", "gender": "F", "shiny": false, "level": 80, "moves": ["machpunch", "closecombat", "knockoff", "facade"], "ability": "Guts", "evs": {"hp": 85, "atk": 85, "def": 85, "spa": 85, "spd": 85, "spe": 85}, "ivs": {"hp": 31, "atk": 31, "def": 31, "spa": 31, "spd": 31, "spe": 31}, "item": "Flame Orb", "teraType": "Normal", "role": "Wallbreaker", "bvs": {"hp": 105, "atk": 140, "def": 95, "spa": 55, "spd": 65, "spe": 45}, "stats": {"hp": 299, "atk": 270, "def": 198, "spa": 134, "spd": 150, "spe": 118}, "types": ["Fighting"]}}, {"Gholdengo": {"name": "Gholdengo", "species": "Gholdengo", "speciesId": "gholdengo", "gender": "N", "shiny": false, "level": 77, "moves": ["shadowball", "focusblast", "nastyplot", "makeitrain"], "ability": "Good as Gold", "evs": {"hp": 85, "atk": 0, "def": 85, "spa": 85, "spd": 85, "spe": 85}, "ivs": {"hp": 31, "atk": 0, "def": 31, "spa": 31, "spd": 31, "spe": 31}, "item": "Leftovers", "teraType": "Fighting", "role": "Bulky Attacker", "bvs": {"hp": 87, "atk": 60, "def": 95, "spa": 133, "spd": 91, "spe": 84}, "stats": {"hp": 261, "atk": 97, "def": 191, "spa": 249, "spd": 185, "spe": 174}, "types": ["Steel", "Ghost"]}, "Feraligatr": {"name": "Feraligatr", "species": "Feraligatr", "speciesId": "feraligatr", "gender": "M", "shiny": false, "level": 79, "moves": ["icepunch", "crunch", "liquidation", "dragondance"], "ability": "Sheer Force", "evs": {"hp": 85, "atk": 85, "def": 85, "spa": 85, "spd": 85, "spe": 85}, "ivs": {"hp": 31, "atk": 31, "def": 31, "spa": 31, "spd": 31, "spe": 31}, "item": "Life Orb", "teraType": "Water", "role": "Fast Bulky Setup", "bvs": {"hp": 85, "atk": 105, "def": 100, "spa": 79, "spd": 83, "spe": 78}, "stats": {"hp": 264, "atk": 211, "def": 204, "spa": 170, "spd": 177, "spe": 169}, "types": ["Water"]}, "Iron Valiant": {"name": "Iron Valiant", "species": "Iron Valiant", "speciesId": "ironvaliant", "gender": "N", "shiny": false, "level": 78, "moves": ["psychic", "moonblast", "calmmind", "closecombat"], "ability": "Quark Drive", "evs": {"hp": 85, "atk": 85, "def": 85, "spa": 85, "spd": 85, "spe": 85}, "ivs": {"hp": 31, "atk": 31, "def": 31, "spa": 31, "spd": 31, "spe": 31}, "item": "Life Orb", "teraType": "Fairy", "role": "Fast Attacker", "bvs": {"hp": 74, "atk": 130, "def": 90, "spa": 120, "spd": 60, "spe": 116}, "stats": {"hp": 244, "atk": 248, "def": 185, "spa": 232, "spd": 139, "spe": 226}, "types": ["Fairy", "Fighting"]}, "Piloswine": {"name": "Piloswine", "species": "Piloswine", "speciesId": "piloswine", "gender": "M", "shiny": false, "level": 85, "moves": ["stealthrock", "earthquake", "roar", "iciclecrash"], "ability": "Thick Fat", "evs": {"hp": 85, "atk": 85, "def": 85, "spa": 85, "spd": 85, "spe": 85}, "ivs": {"hp": 31, "atk": 31, "def": 31, "spa": 31, "spd": 31, "spe": 31}, "item": "Eviolite", "teraType": "Dragon", "role": "Bulky Support", "bvs": {"hp": 100, "atk": 100, "def": 80, "spa": 60, "spd": 60, "spe": 50}, "stats": {"hp": 309, "atk": 219, "def": 185, "spa": 151, "spd": 151, "spe": 134}, "types": ["Ice", "Ground"]}, "Roaring Moon": {"name": "Roaring Moon", "species": "Roaring Moon", "speciesId": "roaringmoon", "gender": "N", "shiny": false, "level": 72, "moves": ["knockoff", "roost", "dragondance", "outrage"], "ability": "Protosynthesis", "evs": {"hp": 85, "atk": 85, "def": 85, "spa": 85, "spd": 85, "spe": 85}, "ivs": {"hp": 31, "atk": 31, "def": 31, "spa": 31, "spd": 31, "spe": 31}, "item": "Lum Berry", "teraType": "Dragon", "role": "Setup Sweeper", "bvs": {"hp": 105, "atk": 139, "def": 71, "spa": 55, "spd": 101, "spe": 119}, "stats": {"hp": 270, "atk": 242, "def": 144, "spa": 121, "spd": 187, "spe": 213}, "types": ["Dragon", "Dark"]}, "Hariyama": {"name": "Hariyama", "species": "Hariyama", "speciesId": "hariyama", "gender": "F", "shiny": false, "level": 87, "moves": ["knockoff", "heavyslam", "closecombat", "bulletpunch"], "ability": "Thick Fat", "evs": {"hp": 85, "atk": 85, "def": 85, "spa": 85, "spd": 85, "spe": 85}, "ivs": {"hp": 31, "atk": 31, "def": 31, "spa": 31, "spd": 31, "spe": 31}, "item": "Assault Vest", "teraType": "Steel", "role": "AV Pivot", "bvs": {"hp": 144, "atk": 120, "def": 60, "spa": 40, "spd": 60, "spe": 50}, "stats": {"hp": 392, "atk": 259, "def": 154, "spa": 119, "spd": 154, "spe": 137}, "types": ["Fighting"]}}]}