{"id": "gen9randombattle-2641938478", "format": "[Gen 9] Random Battle", "players": ["shallowdream20", "fffffesgr"], "log": "|j|\u2606shallowdream20\n|j|\u2606fffffesgr\n|t:|1782861801\n|gametype|singles\n|player|p1|shallowdream20|lady-gen4|1936\n|player|p2|fffffesgr|101|1935\n|gen|9\n|tier|[Gen 9] Random Battle\n|rated|\n|rule|Species Clause: Limit one of each Pok\u00e9mon\n|rule|HP Percentage Mod: HP is shown in percentages\n|rule|Sleep Clause Mod: Limit one foe put to sleep\n|rule|Illusion Level Mod: Illusion disguises the Pok\u00e9mon's true level\n|\n|t:|1782861801\n|teamsize|p1|6\n|teamsize|p2|6\n|start\n|switch|p1a: Sceptile|Sceptile, L87, F|264/264\n|switch|p2a: Deoxys|Deoxys-Attack, L72|191/191\n|-ability|p2a: Deoxys|Pressure\n|turn|1\n|\n|t:|1782861822\n|switch|p2a: Victreebel|Victreebel, L90, F|290/290\n|move|p1a: Sceptile|Giga Drain|p2a: Victreebel\n|-resisted|p2a: Victreebel\n|-damage|p2a: Victreebel|259/290\n|-damage|p1a: Sceptile|238/264|[from] item: Life Orb\n|\n|upkeep\n|turn|2\n|inactive|Battle timer is ON: inactive players will automatically lose when time's up. (requested by shallowdream20)\n|inactive|fffffesgr has 120 seconds left.\n|inactive|fffffesgr has 90 seconds left.\n|\n|t:|1782861899\n|switch|p1a: Iron Moth|Iron Moth, L78|253/253\n|move|p2a: Victreebel|Sunny Day|p2a: Victreebel\n|-weather|SunnyDay\n|\n|-weather|SunnyDay|[upkeep]\n|upkeep\n|turn|3\n|\n|t:|1782861915\n|-terastallize|p2a: Victreebel|Fire\n|move|p2a: Victreebel|Weather Ball|p1a: Iron Moth\n|-resisted|p1a: Iron Moth\n|-damage|p1a: Iron Moth|148/253\n|-damage|p2a: Victreebel|230/290|[from] item: Life Orb\n|move|p1a: Iron Moth|Fiery Dance|p2a: Victreebel\n|-resisted|p2a: Victreebel\n|-damage|p2a: Victreebel|152/290\n|-boost|p1a: Iron Moth|spa|1\n|\n|-weather|SunnyDay|[upkeep]\n|upkeep\n|turn|4\n|\n|t:|1782861922\n|move|p2a: Victreebel|Weather Ball|p1a: Iron Moth\n|-resisted|p1a: Iron Moth\n|-damage|p1a: Iron Moth|43/253\n|-damage|p2a: Victreebel|123/290|[from] item: Life Orb\n|move|p1a: Iron Moth|Sludge Wave|p2a: Victreebel\n|-damage|p2a: Victreebel|0 fnt\n|faint|p2a: Victreebel\n|\n|-weather|SunnyDay|[upkeep]\n|upkeep\n|\n|t:|1782861927\n|switch|p2a: Deoxys|Deoxys-Attack, L72|191/191\n|-ability|p2a: Deoxys|Pressure\n|turn|5\n|\n|t:|1782861934\n|-end|p1a: Iron Moth|Quark Drive|[silent]\n|switch|p1a: Tinkaton|Tinkaton, L82, F|274/274\n|-ability|p1a: Tinkaton|Mold Breaker\n|move|p2a: Deoxys|Knock Off|p1a: Tinkaton\n|-resisted|p1a: Tinkaton\n|-damage|p1a: Tinkaton|216/274\n|-enditem|p1a: Tinkaton|Leftovers|[from] move: Knock Off|[of] p2a: Deoxys\n|-damage|p2a: Deoxys|172/191|[from] item: Life Orb\n|\n|-weather|SunnyDay|[upkeep]\n|upkeep\n|turn|6\n|\n|t:|1782861943\n|switch|p2a: Slaking|Slaking, L84, M|389/389\n|move|p1a: Tinkaton|Thunder Wave|p2a: Slaking\n|-status|p2a: Slaking|par\n|\n|-weather|none\n|upkeep\n|turn|7\n|\n|t:|1782861949\n|switch|p1a: Groudon|Groudon, L72|263/263\n|-weather|SunnyDay|[from] ability: Drought|[of] p1a: Groudon\n|move|p2a: Slaking|Earthquake|p1a: Groudon\n|-damage|p1a: Groudon|138/263\n|\n|-weather|SunnyDay|[upkeep]\n|-heal|p1a: Groudon|154/263|[from] item: Leftovers\n|upkeep\n|turn|8\n|\n|t:|1782861959\n|switch|p2a: Ting-Lu|Ting-Lu, L78|370/370\n|-ability|p2a: Ting-Lu|Vessel of Ruin\n|move|p1a: Groudon|Precipice Blades|p2a: Ting-Lu\n|-damage|p2a: Ting-Lu|267/370\n|\n|-weather|SunnyDay|[upkeep]\n|-heal|p1a: Groudon|170/263|[from] item: Leftovers\n|-heal|p2a: Ting-Lu|290/370|[from] item: Leftovers\n|upkeep\n|turn|9\n|\n|t:|1782861964\n|switch|p1a: Sceptile|Sceptile, L87, F|238/264\n|move|p2a: Ting-Lu|Spikes|p1a: Sceptile\n|-sidestart|p1: shallowdream20|Spikes\n|\n|-weather|SunnyDay|[upkeep]\n|-heal|p2a: Ting-Lu|313/370|[from] item: Leftovers\n|upkeep\n|turn|10\n|\n|t:|1782861972\n|switch|p2a: Zapdos|Zapdos-Galar, L77|265/265\n|move|p1a: Sceptile|Giga Drain|p2a: Zapdos\n|-resisted|p2a: Zapdos\n|-damage|p2a: Zapdos|204/265\n|-heal|p1a: Sceptile|264/264|[from] drain|[of] p2a: Zapdos\n|-damage|p1a: Sceptile|238/264|[from] item: Life Orb\n|\n|-weather|SunnyDay|[upkeep]\n|upkeep\n|turn|11\n|\n|t:|1782861981\n|switch|p1a: Tinkaton|Tinkaton, L82, F|216/274\n|-damage|p1a: Tinkaton|182/274|[from] Spikes\n|-ability|p1a: Tinkaton|Mold Breaker\n|switch|p2a: Slaking|Slaking, L84, M|389/389 par\n|\n|-weather|none\n|upkeep\n|turn|12\n|\n|t:|1782861986\n|move|p1a: Tinkaton|Stealth Rock|p2a: Slaking\n|-sidestart|p2: fffffesgr|move: Stealth Rock\n|move|p2a: Slaking|Earthquake|p1a: Tinkaton\n|-supereffective|p1a: Tinkaton\n|-damage|p1a: Tinkaton|0 fnt\n|faint|p1a: Tinkaton\n|\n|upkeep\n|\n|t:|1782861995\n|switch|p1a: Iron Moth|Iron Moth, L78|43/253\n|turn|13\n|\n|t:|1782862003\n|move|p1a: Iron Moth|Toxic Spikes|p2a: Slaking\n|-sidestart|p2: fffffesgr|move: Toxic Spikes\n|cant|p2a: Slaking|ability: Truant\n|\n|upkeep\n|turn|14\n|\n|t:|1782862006\n|move|p1a: Iron Moth|Sludge Wave|p2a: Slaking\n|-damage|p2a: Slaking|242/389 par\n|cant|p2a: Slaking|par\n|\n|upkeep\n|turn|15\n|\n|t:|1782862010\n|move|p1a: Iron Moth|Sludge Wave|p2a: Slaking\n|-damage|p2a: Slaking|82/389 par\n|cant|p2a: Slaking|ability: Truant\n|\n|upkeep\n|turn|16\n|\n|t:|1782862012\n|move|p1a: Iron Moth|Fiery Dance|p2a: Slaking\n|-damage|p2a: Slaking|0 fnt\n|faint|p2a: Slaking\n|\n|upkeep\n|\n|t:|1782862019\n|switch|p2a: Deoxys|Deoxys-Attack, L72|172/191\n|-damage|p2a: Deoxys|149/191|[from] Stealth Rock\n|-status|p2a: Deoxys|psn\n|-ability|p2a: Deoxys|Pressure\n|turn|17\n|\n|t:|1782862024\n|move|p2a: Deoxys|Knock Off|p1a: Iron Moth\n|-damage|p1a: Iron Moth|0 fnt\n|-enditem|p1a: Iron Moth|Heavy-Duty Boots|[from] move: Knock Off|[of] p2a: Deoxys\n|faint|p1a: Iron Moth\n|-end|p1a: Iron Moth|Quark Drive|[silent]\n|-damage|p2a: Deoxys|130/191 psn|[from] item: Life Orb\n|\n|-damage|p2a: Deoxys|107/191 psn|[from] psn\n|upkeep\n|\n|t:|1782862029\n|switch|p1a: Sceptile|Sceptile, L87, F|238/264\n|-damage|p1a: Sceptile|205/264|[from] Spikes\n|turn|18\n|\n|t:|1782862036\n|move|p2a: Deoxys|Extreme Speed|p1a: Sceptile\n|-damage|p1a: Sceptile|100/264\n|-damage|p2a: Deoxys|88/191 psn|[from] item: Life Orb\n|move|p1a: Sceptile|Rock Slide|p2a: Deoxys\n|-damage|p2a: Deoxys|0 fnt\n|faint|p2a: Deoxys\n|-damage|p1a: Sceptile|74/264|[from] item: Life Orb\n|\n|upkeep\n|\n|t:|1782862047\n|switch|p2a: Zapdos|Zapdos-Galar, L77|204/265\n|-damage|p2a: Zapdos|171/265|[from] Stealth Rock\n|turn|19\n|\n|t:|1782862057\n|move|p1a: Sceptile|Rock Slide|p2a: Zapdos\n|-damage|p2a: Zapdos|96/265\n|-damage|p1a: Sceptile|48/264|[from] item: Life Orb\n|move|p2a: Zapdos|Brave Bird|p1a: Sceptile\n|-supereffective|p1a: Sceptile\n|-damage|p1a: Sceptile|0 fnt\n|faint|p1a: Sceptile\n|-damage|p2a: Zapdos|80/265|[from] Recoil\n|-damage|p2a: Zapdos|54/265|[from] item: Life Orb\n|\n|upkeep\n|\n|t:|1782862073\n|switch|p1a: Armarouge|Armarouge, L80, M|267/267\n|-damage|p1a: Armarouge|234/267|[from] Spikes\n|turn|20\n|\n|t:|1782862080\n|move|p2a: Zapdos|Knock Off|p1a: Armarouge\n|-supereffective|p1a: Armarouge\n|-damage|p1a: Armarouge|55/267\n|-ability|p1a: Armarouge|Weak Armor|boost\n|-unboost|p1a: Armarouge|def|1\n|-boost|p1a: Armarouge|spe|2\n|-enditem|p1a: Armarouge|Power Herb|[from] move: Knock Off|[of] p2a: Zapdos\n|-damage|p2a: Zapdos|28/265|[from] item: Life Orb\n|move|p1a: Armarouge|Meteor Beam||[still]\n|-prepare|p1a: Armarouge|Meteor Beam\n|-boost|p1a: Armarouge|spa|1\n|\n|upkeep\n|turn|21\n|\n|t:|1782862092\n|move|p1a: Armarouge|Meteor Beam|p2a: Zapdos|[from] lockedmove\n|-damage|p2a: Zapdos|0 fnt\n|faint|p2a: Zapdos\n|\n|upkeep\n|\n|t:|1782862106\n|switch|p2a: Reuniclus|Reuniclus, L88, M|337/337\n|-status|p2a: Reuniclus|psn\n|turn|22\n|\n|t:|1782862114\n|move|p1a: Armarouge|Armor Cannon|p2a: Reuniclus\n|-damage|p2a: Reuniclus|144/337 psn\n|-unboost|p1a: Armarouge|def|1\n|-unboost|p1a: Armarouge|spd|1\n|move|p2a: Reuniclus|Psyshock|p1a: Armarouge\n|-resisted|p1a: Armarouge\n|-damage|p1a: Armarouge|0 fnt\n|faint|p1a: Armarouge\n|\n|upkeep\n|\n|t:|1782862120\n|switch|p1a: Mewtwo|Mewtwo, L72|272/272\n|-damage|p1a: Mewtwo|238/272|[from] Spikes\n|-ability|p1a: Mewtwo|Pressure\n|turn|23\n|\n|t:|1782862122\n|move|p1a: Mewtwo|Nasty Plot|p1a: Mewtwo\n|-boost|p1a: Mewtwo|spa|2\n|move|p2a: Reuniclus|Recover|p2a: Reuniclus\n|-heal|p2a: Reuniclus|313/337 psn\n|\n|upkeep\n|turn|24\n|\n|t:|1782862129\n|move|p1a: Mewtwo|Dark Pulse|p2a: Reuniclus\n|-supereffective|p2a: Reuniclus\n|-damage|p2a: Reuniclus|0 fnt\n|faint|p2a: Reuniclus\n|-damage|p1a: Mewtwo|211/272|[from] item: Life Orb\n|\n|upkeep\n|\n|t:|1782862131\n|switch|p2a: Ting-Lu|Ting-Lu, L78|313/370\n|-damage|p2a: Ting-Lu|290/370|[from] Stealth Rock\n|-status|p2a: Ting-Lu|psn\n|-ability|p2a: Ting-Lu|Vessel of Ruin\n|turn|25\n|\n|t:|1782862134\n|move|p1a: Mewtwo|Fire Blast|p2a: Ting-Lu\n|-damage|p2a: Ting-Lu|102/370 psn\n|-damage|p1a: Mewtwo|184/272|[from] item: Life Orb\n|move|p2a: Ting-Lu|Throat Chop|p1a: Mewtwo\n|-supereffective|p1a: Mewtwo\n|-damage|p1a: Mewtwo|0 fnt\n|faint|p1a: Mewtwo\n|\n|-heal|p2a: Ting-Lu|125/370 psn|[from] item: Leftovers\n|-damage|p2a: Ting-Lu|79/370 psn|[from] psn\n|upkeep\n|\n|t:|1782862137\n|switch|p1a: Groudon|Groudon, L72|170/263\n|-damage|p1a: Groudon|138/263|[from] Spikes\n|-weather|SunnyDay|[from] ability: Drought|[of] p1a: Groudon\n|turn|26\n|\n|t:|1782862144\n|move|p1a: Groudon|Precipice Blades|p2a: Ting-Lu\n|-damage|p2a: Ting-Lu|0 fnt\n|faint|p2a: Ting-Lu\n|\n|win|shallowdream20\n|raw|shallowdream20's rating: 1936 &rarr; <strong>1956</strong><br />(+20 for winning)\n|raw|fffffesgr's rating: 1935 &rarr; <strong>1915</strong><br />(-20 for losing)\n", "inputlog": ">version f8ac14003a5f27e1bdc8d8c59608a773c1cb96e5\n>start {\"formatid\":\"gen9randombattle\",\"seed\":\"sodium,706eeac5a3ac16f47fadb76a0037e571\",\"rated\":\"Rated battle\"}\n>player p1 {\"name\":\"shallowdream20\",\"avatar\":\"lady-gen4\",\"rating\":1936,\"seed\":\"sodium,c9b5df3c8f07637d2ac925c10c609b23\"}\n>player p2 {\"name\":\"fffffesgr\",\"avatar\":\"101\",\"rating\":1935,\"seed\":\"sodium,e5b4722837f1cda1660eaac56270437c\"}\n>p1 move gigadrain\n>p2 switch 2\n>p1 switch 5\n>p2 move sunnyday\n>p1 move fierydance\n>p2 move weatherball terastallize\n>p1 move sludgewave\n>p2 move weatherball\n>p2 switch 2\n>p1 switch 4\n>p2 move knockoff\n>p1 move thunderwave\n>p2 switch 4\n>p1 switch 6\n>p2 move earthquake\n>p1 move precipiceblades\n>p2 switch 6\n>p1 switch 5\n>p2 move spikes\n>p1 move gigadrain\n>p2 switch 5\n>p1 switch 6\n>p2 switch 6\n>p1 move stealthrock\n>p2 move earthquake\n>p1 switch 4\n>p1 move toxicspikes\n>p2 move earthquake\n>p1 move sludgewave\n>p2 move earthquake\n>p1 move sludgewave\n>p2 move earthquake\n>p1 move fierydance\n>p2 move earthquake\n>p2 switch 4\n>p1 move fierydance\n>p2 move knockoff\n>p1 switch 6\n>p1 move rockslide\n>p2 move extremespeed\n>p2 switch 6\n>p1 move rockslide\n>p2 move bravebird\n>p1 switch 3\n>p1 move meteorbeam\n>p2 move knockoff\n>p1 move meteorbeam\n>p2 move knockoff\n>p2 switch 3\n>p1 move armorcannon\n>p2 move psyshock\n>p1 switch 2\n>p1 move nastyplot\n>p2 move recover\n>p1 move darkpulse\n>p2 move calmmind\n>p2 switch 5\n>p1 move fireblast\n>p2 move throatchop\n>p1 switch 5\n>p1 move precipiceblades\n>p2 move earthquake", "uploadtime": 1782862144, "views": 6, "formatid": "gen9randombattle", "rating": 1915, "private": 0, "password": null, "player_dets": [{"name": "shallowdream20", "avatar": "lady-gen4", "rating": 1936, "seed": "sodium,c9b5df3c8f07637d2ac925c10c609b23"}, {"name": "fffffesgr", "avatar": "101", "rating": 1935, "seed": "sodium,e5b4722837f1cda1660eaac56270437c"}], "teams_full": [{"Sceptile": {"name": "Sceptile", "species": "Sceptile", "speciesId": "sceptile", "gender": "F", "shiny": false, "level": 87, "moves": ["focusblast", "earthquake", "gigadrain", "rockslide"], "ability": "Overgrow", "evs": {"hp": 85, "atk": 85, "def": 85, "spa": 85, "spd": 85, "spe": 85}, "ivs": {"hp": 31, "atk": 31, "def": 31, "spa": 31, "spd": 31, "spe": 31}, "item": "Life Orb", "teraType": "Grass", "role": "Fast Attacker", "bvs": {"hp": 70, "atk": 85, "def": 65, "spa": 105, "spd": 85, "spe": 120}, "stats": {"hp": 264, "atk": 198, "def": 163, "spa": 232, "spd": 198, "spe": 259}, "types": ["Grass"]}, "Mewtwo": {"name": "Mewtwo", "species": "Mewtwo", "speciesId": "mewtwo", "gender": "N", "shiny": false, "level": 72, "moves": ["psystrike", "fireblast", "darkpulse", "nastyplot"], "ability": "Pressure", "evs": {"hp": 85, "atk": 0, "def": 85, "spa": 85, "spd": 85, "spe": 85}, "ivs": {"hp": 31, "atk": 0, "def": 31, "spa": 31, "spd": 31, "spe": 31}, "item": "Life Orb", "teraType": "Psychic", "role": "Setup Sweeper", "bvs": {"hp": 106, "atk": 110, "def": 90, "spa": 154, "spd": 90, "spe": 130}, "stats": {"hp": 272, "atk": 163, "def": 172, "spa": 264, "spd": 172, "spe": 229}, "types": ["Psychic"]}, "Armarouge": {"name": "Armarouge", "species": "Armarouge", "speciesId": "armarouge", "gender": "M", "shiny": false, "level": 80, "moves": ["energyball", "armorcannon", "meteorbeam", "psyshock"], "ability": "Weak Armor", "evs": {"hp": 85, "atk": 0, "def": 85, "spa": 85, "spd": 85, "spe": 85}, "ivs": {"hp": 31, "atk": 0, "def": 31, "spa": 31, "spd": 31, "spe": 31}, "item": "Power Herb", "teraType": "Fire", "role": "Setup Sweeper", "bvs": {"hp": 85, "atk": 60, "def": 100, "spa": 125, "spd": 80, "spe": 75}, "stats": {"hp": 267, "atk": 101, "def": 206, "spa": 246, "spd": 174, "spe": 166}, "types": ["Fire", "Psychic"]}, "Tinkaton": {"name": "Tinkaton", "species": "Tinkaton", "speciesId": "tinkaton", "gender": "F", "shiny": false, "level": 82, "moves": ["stealthrock", "gigatonhammer", "playrough", "thunderwave"], "ability": "Mold Breaker", "evs": {"hp": 85, "atk": 85, "def": 85, "spa": 85, "spd": 85, "spe": 85}, "ivs": {"hp": 31, "atk": 31, "def": 31, "spa": 31, "spd": 31, "spe": 31}, "item": "Leftovers", "teraType": "Water", "role": "Bulky Attacker", "bvs": {"hp": 85, "atk": 75, "def": 77, "spa": 70, "spd": 105, "spe": 94}, "stats": {"hp": 274, "atk": 170, "def": 173, "spa": 162, "spd": 219, "spe": 201}, "types": ["Fairy", "Steel"]}, "Iron Moth": {"name": "Iron Moth", "species": "Iron Moth", "speciesId": "ironmoth", "gender": "N", "shiny": false, "level": 78, "moves": ["toxicspikes", "sludgewave", "energyball", "fierydance"], "ability": "Quark Drive", "evs": {"hp": 85, "atk": 0, "def": 85, "spa": 85, "spd": 85, "spe": 85}, "ivs": {"hp": 31, "atk": 0, "def": 31, "spa": 31, "spd": 31, "spe": 31}, "item": "Heavy-Duty Boots", "teraType": "Grass", "role": "Fast Attacker", "bvs": {"hp": 80, "atk": 70, "def": 60, "spa": 140, "spd": 110, "spe": 110}, "stats": {"hp": 253, "atk": 114, "def": 139, "spa": 263, "spd": 217, "spe": 217}, "types": ["Fire", "Poison"]}, "Groudon": {"name": "Groudon", "species": "Groudon", "speciesId": "groudon", "gender": "N", "shiny": false, "level": 72, "moves": ["precipiceblades", "roar", "heatcrash", "thunderwave"], "ability": "Drought", "evs": {"hp": 85, "atk": 85, "def": 85, "spa": 85, "spd": 85, "spe": 85}, "ivs": {"hp": 31, "atk": 31, "def": 31, "spa": 31, "spd": 31, "spe": 31}, "item": "Leftovers", "teraType": "Fire", "role": "Bulky Attacker", "bvs": {"hp": 100, "atk": 150, "def": 140, "spa": 100, "spd": 90, "spe": 90}, "stats": {"hp": 263, "atk": 258, "def": 244, "spa": 186, "spd": 172, "spe": 172}, "types": ["Ground"]}}, {"Deoxys": {"name": "Deoxys", "species": "Deoxys-Attack", "speciesId": "deoxysattack", "gender": "N", "shiny": false, "level": 72, "moves": ["extremespeed", "knockoff", "superpower", "psychoboost"], "ability": "Pressure", "evs": {"hp": 85, "atk": 85, "def": 85, "spa": 85, "spd": 85, "spe": 85}, "ivs": {"hp": 31, "atk": 31, "def": 31, "spa": 31, "spd": 31, "spe": 31}, "item": "Life Orb", "teraType": "Dark", "role": "Fast Attacker", "bvs": {"hp": 50, "atk": 180, "def": 20, "spa": 180, "spd": 20, "spe": 150}, "stats": {"hp": 191, "atk": 301, "def": 71, "spa": 301, "spd": 71, "spe": 258}, "types": ["Psychic"]}, "Victreebel": {"name": "Victreebel", "species": "Victreebel", "speciesId": "victreebel", "gender": "F", "shiny": false, "level": 90, "moves": ["sludgewave", "sunnyday", "weatherball", "powerwhip"], "ability": "Chlorophyll", "evs": {"hp": 85, "atk": 85, "def": 85, "spa": 85, "spd": 85, "spe": 85}, "ivs": {"hp": 31, "atk": 31, "def": 31, "spa": 31, "spd": 31, "spe": 31}, "item": "Life Orb", "teraType": "Fire", "role": "Fast Attacker", "bvs": {"hp": 80, "atk": 105, "def": 65, "spa": 100, "spd": 70, "spe": 70}, "stats": {"hp": 290, "atk": 240, "def": 168, "spa": 231, "spd": 177, "spe": 177}, "types": ["Grass", "Poison"]}, "Reuniclus": {"name": "Reuniclus", "species": "Reuniclus", "speciesId": "reuniclus", "gender": "M", "shiny": false, "level": 88, "moves": ["focusblast", "psyshock", "recover", "calmmind"], "ability": "Magic Guard", "evs": {"hp": 85, "atk": 0, "def": 85, "spa": 85, "spd": 85, "spe": 85}, "ivs": {"hp": 31, "atk": 0, "def": 31, "spa": 31, "spd": 31, "spe": 31}, "item": "Life Orb", "teraType": "Fighting", "role": "Bulky Setup", "bvs": {"hp": 110, "atk": 65, "def": 75, "spa": 125, "spd": 85, "spe": 30}, "stats": {"hp": 337, "atk": 119, "def": 182, "spa": 270, "spd": 200, "spe": 103}, "types": ["Psychic"]}, "Slaking": {"name": "Slaking", "species": "Slaking", "speciesId": "slaking", "gender": "M", "shiny": false, "level": 84, "moves": ["knockoff", "gigaimpact", "doubleedge", "earthquake"], "ability": "Truant", "evs": {"hp": 85, "atk": 85, "def": 85, "spa": 85, "spd": 85, "spe": 85}, "ivs": {"hp": 31, "atk": 31, "def": 31, "spa": 31, "spd": 31, "spe": 31}, "item": "Choice Band", "teraType": "Ghost", "role": "Wallbreaker", "bvs": {"hp": 150, "atk": 160, "def": 100, "spa": 95, "spd": 65, "spe": 100}, "stats": {"hp": 389, "atk": 317, "def": 216, "spa": 208, "spd": 157, "spe": 216}, "types": ["Normal"]}, "Zapdos": {"name": "Zapdos", "species": "Zapdos-Galar", "speciesId": "zapdosgalar", "gender": "N", "shiny": false, "level": 77, "moves": ["knockoff", "bulkup", "bravebird", "closecombat"], "ability": "Defiant", "evs": {"hp": 85, "atk": 85, "def": 85, "spa": 85, "spd": 85, "spe": 85}, "ivs": {"hp": 31, "atk": 31, "def": 31, "spa": 31, "spd": 31, "spe": 31}, "item": "Life Orb", "teraType": "Dark", "role": "Fast Attacker", "bvs": {"hp": 90, "atk": 125, "def": 90, "spa": 85, "spd": 90, "spe": 100}, "stats": {"hp": 265, "atk": 237, "def": 183, "spa": 175, "spd": 183, "spe": 199}, "types": ["Fighting", "Flying"]}, "Ting-Lu": {"name": "Ting-Lu", "species": "Ting-Lu", "speciesId": "tinglu", "gender": "N", "shiny": false, "level": 78, "moves": ["spikes", "earthquake", "whirlwind", "throatchop"], "ability": "Vessel of Ruin", "evs": {"hp": 85, "atk": 85, "def": 85, "spa": 85, "spd": 85, "spe": 85}, "ivs": {"hp": 31, "atk": 31, "def": 31, "spa": 31, "spd": 31, "spe": 31}, "item": "Leftovers", "teraType": "Poison", "role": "Bulky Support", "bvs": {"hp": 155, "atk": 110, "def": 125, "spa": 55, "spd": 80, "spe": 45}, "stats": {"hp": 370, "atk": 217, "def": 240, "spa": 131, "spd": 170, "spe": 115}, "types": ["Dark", "Ground"]}}]}