{"id": "gen9randombattle-2642071476", "format": "[Gen 9] Random Battle", "players": ["team112", "testbotcif"], "log": "|j|\u2606team112\n|j|\u2606testbotcif\n|t:|1782883729\n|gametype|singles\n|player|p1|team112|brawly|1398\n|player|p2|testbotcif|1|1422\n|gen|9\n|tier|[Gen 9] Random Battle\n|rated|\n|rule|Species Clause: Limit one of each Pok\u00e9mon\n|rule|HP Percentage Mod: HP is shown in percentages\n|rule|Sleep Clause Mod: Limit one foe put to sleep\n|rule|Illusion Level Mod: Illusion disguises the Pok\u00e9mon's true level\n|\n|t:|1782883729\n|teamsize|p1|6\n|teamsize|p2|6\n|start\n|switch|p1a: Polteageist|Polteageist-Antique, L78|222/222\n|switch|p2a: Dodrio|Dodrio, L85, M|241/241\n|turn|1\n|c|\u2606testbotcif|rlhf\n|inactive|Battle timer is ON: inactive players will automatically lose when time's up. (requested by team112)\n|inactive|testbotcif also wants the timer to be on.\n|\n|t:|1782883741\n|switch|p1a: Bellibolt|Bellibolt, L84, M|320/320\n|move|p2a: Dodrio|Knock Off|p1a: Bellibolt\n|-damage|p1a: Bellibolt|202/320\n|-start|p1a: Bellibolt|Charge|Knock Off|[from] ability: Electromorphosis\n|-enditem|p1a: Bellibolt|Leftovers|[from] move: Knock Off|[of] p2a: Dodrio\n|\n|upkeep\n|turn|2\n|\n|t:|1782883745\n|switch|p2a: Vikavolt|Vikavolt, L83, F|263/263\n|move|p1a: Bellibolt|Thunderbolt|p2a: Vikavolt\n|-resisted|p2a: Vikavolt\n|-damage|p2a: Vikavolt|155/263\n|-end|p1a: Bellibolt|Charge|[silent]\n|\n|upkeep\n|turn|3\n|\n|t:|1782883758\n|switch|p1a: Polteageist|Polteageist-Antique, L78|222/222\n|move|p2a: Vikavolt|Sticky Web|p1a: Polteageist\n|-sidestart|p1: team112|move: Sticky Web\n|\n|upkeep\n|turn|4\n|\n|t:|1782883763\n|move|p1a: Polteageist|Shell Smash|p1a: Polteageist\n|-unboost|p1a: Polteageist|def|1\n|-unboost|p1a: Polteageist|spd|1\n|-boost|p1a: Polteageist|atk|2\n|-boost|p1a: Polteageist|spa|2\n|-boost|p1a: Polteageist|spe|2\n|-enditem|p1a: Polteageist|White Herb\n|-clearnegativeboost|p1a: Polteageist|[silent]\n|move|p2a: Vikavolt|Discharge|p1a: Polteageist\n|-damage|p1a: Polteageist|111/222\n|\n|upkeep\n|turn|5\n|\n|t:|1782883775\n|move|p1a: Polteageist|Stored Power|p2a: Vikavolt\n|-damage|p2a: Vikavolt|0 fnt\n|faint|p2a: Vikavolt\n|\n|upkeep\n|\n|t:|1782883775\n|switch|p2a: Ting-Lu|Ting-Lu, L78|370/370\n|-ability|p2a: Ting-Lu|Vessel of Ruin\n|turn|6\n|\n|t:|1782883791\n|-terastallize|p1a: Polteageist|Fighting\n|move|p1a: Polteageist|Tera Blast|p2a: Ting-Lu|[anim] Tera Blast Fighting\n|-supereffective|p2a: Ting-Lu\n|-damage|p2a: Ting-Lu|34/370\n|move|p2a: Ting-Lu|Earthquake|p1a: Polteageist\n|-damage|p1a: Polteageist|0 fnt\n|faint|p1a: Polteageist\n|\n|-heal|p2a: Ting-Lu|57/370|[from] item: Leftovers\n|upkeep\n|\n|t:|1782883801\n|switch|p1a: Scizor|Scizor, L79, M|240/240\n|-activate|p1a: Scizor|move: Sticky Web\n|-unboost|p1a: Scizor|spe|1\n|turn|7\n|\n|t:|1782883803\n|move|p2a: Ting-Lu|Spikes|p1a: Scizor\n|-sidestart|p1: team112|Spikes\n|move|p1a: Scizor|U-turn|p2a: Ting-Lu\n|-supereffective|p2a: Ting-Lu\n|-damage|p2a: Ting-Lu|0 fnt\n|faint|p2a: Ting-Lu\n|\n|t:|1782883808\n|switch|p1a: Bellibolt|Bellibolt, L84, M|202/320|[from] U-turn\n|-activate|p1a: Bellibolt|move: Sticky Web\n|-unboost|p1a: Bellibolt|spe|1\n|-damage|p1a: Bellibolt|162/320|[from] Spikes\n|\n|upkeep\n|\n|t:|1782883808\n|switch|p2a: Giratina|Giratina-Origin, L72|335/335\n|turn|8\n|\n|t:|1782883811\n|move|p2a: Giratina|Draco Meteor|p1a: Bellibolt\n|-damage|p1a: Bellibolt|24/320\n|-unboost|p2a: Giratina|spa|2\n|-start|p1a: Bellibolt|Charge|Draco Meteor|[from] ability: Electromorphosis\n|move|p1a: Bellibolt|Toxic|p2a: Giratina\n|-status|p2a: Giratina|tox\n|\n|-damage|p2a: Giratina|315/335 tox|[from] psn\n|upkeep\n|turn|9\n|\n|t:|1782883815\n|switch|p1a: Clefable|Clefable, L83, M|293/293\n|-activate|p1a: Clefable|move: Sticky Web\n|-unboost|p1a: Clefable|spe|1\n|move|p2a: Giratina|Poltergeist|p1a: Clefable|[miss]\n|-miss|p2a: Giratina|p1a: Clefable\n|\n|-damage|p2a: Giratina|275/335 tox|[from] psn\n|upkeep\n|turn|10\n|\n|t:|1782883817\n|move|p2a: Giratina|Poltergeist|p1a: Clefable\n|-activate|p1a: Clefable|move: Poltergeist|Life Orb\n|-damage|p1a: Clefable|145/293\n|move|p1a: Clefable|Calm Mind|p1a: Clefable\n|-boost|p1a: Clefable|spa|1\n|-boost|p1a: Clefable|spd|1\n|\n|-damage|p2a: Giratina|215/335 tox|[from] psn\n|upkeep\n|turn|11\n|\n|t:|1782883820\n|move|p2a: Giratina|Poltergeist|p1a: Clefable\n|-activate|p1a: Clefable|move: Poltergeist|Life Orb\n|-damage|p1a: Clefable|3/293\n|move|p1a: Clefable|Moonlight|p1a: Clefable\n|-heal|p1a: Clefable|149/293\n|\n|-damage|p2a: Giratina|135/335 tox|[from] psn\n|upkeep\n|turn|12\n|\n|t:|1782883822\n|move|p2a: Giratina|Poltergeist|p1a: Clefable\n|-activate|p1a: Clefable|move: Poltergeist|Life Orb\n|-damage|p1a: Clefable|13/293\n|move|p1a: Clefable|Moonlight|p1a: Clefable\n|-heal|p1a: Clefable|159/293\n|\n|-damage|p2a: Giratina|35/335 tox|[from] psn\n|upkeep\n|turn|13\n|\n|t:|1782883826\n|move|p2a: Giratina|Poltergeist|p1a: Clefable\n|-activate|p1a: Clefable|move: Poltergeist|Life Orb\n|-damage|p1a: Clefable|20/293\n|move|p1a: Clefable|Moonlight|p1a: Clefable\n|-heal|p1a: Clefable|166/293\n|\n|-damage|p2a: Giratina|0 fnt|[from] psn\n|faint|p2a: Giratina\n|upkeep\n|\n|t:|1782883826\n|switch|p2a: Dodrio|Dodrio, L85, M|241/241\n|turn|14\n|\n|t:|1782883830\n|move|p2a: Dodrio|Brave Bird|p1a: Clefable\n|-crit|p1a: Clefable\n|-damage|p1a: Clefable|0 fnt\n|faint|p1a: Clefable\n|-damage|p2a: Dodrio|186/241|[from] Recoil\n|\n|upkeep\n|\n|t:|1782883836\n|switch|p1a: Persian|Persian, L92, M|269/269\n|-activate|p1a: Persian|move: Sticky Web\n|-unboost|p1a: Persian|spe|1\n|-damage|p1a: Persian|236/269|[from] Spikes\n|turn|15\n|\n|t:|1782883839\n|switch|p2a: Annihilape|Annihilape, L76, F|292/292\n|move|p1a: Persian|Fake Out|p2a: Annihilape\n|-immune|p2a: Annihilape\n|\n|upkeep\n|turn|16\n|\n|t:|1782883845\n|move|p2a: Annihilape|Bulk Up|p2a: Annihilape\n|-boost|p2a: Annihilape|atk|1\n|-boost|p2a: Annihilape|def|1\n|move|p1a: Persian|Knock Off|p2a: Annihilape\n|-damage|p2a: Annihilape|240/292\n|-enditem|p2a: Annihilape|Leftovers|[from] move: Knock Off|[of] p1a: Persian\n|\n|upkeep\n|turn|17\n|\n|t:|1782883848\n|switch|p1a: Scizor|Scizor, L79, M|240/240\n|-activate|p1a: Scizor|move: Sticky Web\n|-unboost|p1a: Scizor|spe|1\n|-damage|p1a: Scizor|210/240|[from] Spikes\n|move|p2a: Annihilape|Bulk Up|p2a: Annihilape\n|-boost|p2a: Annihilape|atk|1\n|-boost|p2a: Annihilape|def|1\n|\n|upkeep\n|turn|18\n|\n|t:|1782883857\n|move|p2a: Annihilape|Drain Punch|p1a: Scizor\n|-damage|p1a: Scizor|75/240\n|-heal|p2a: Annihilape|292/292|[from] drain|[of] p1a: Scizor\n|move|p1a: Scizor|U-turn|p2a: Annihilape\n|-resisted|p2a: Annihilape\n|-damage|p2a: Annihilape|274/292\n|\n|t:|1782883870\n|switch|p1a: Meganium|Meganium, L90, F|290/290|[from] U-turn\n|-activate|p1a: Meganium|move: Sticky Web\n|-unboost|p1a: Meganium|spe|1\n|-damage|p1a: Meganium|254/290|[from] Spikes\n|\n|-heal|p1a: Meganium|272/290|[from] item: Leftovers\n|upkeep\n|turn|19\n|\n|t:|1782883872\n|-terastallize|p2a: Annihilape|Fairy\n|move|p2a: Annihilape|Drain Punch|p1a: Meganium\n|-damage|p1a: Meganium|143/290\n|-heal|p2a: Annihilape|292/292|[from] drain|[of] p1a: Meganium\n|move|p1a: Meganium|Dragon Tail|p2a: Annihilape\n|-immune|p2a: Annihilape\n|\n|-heal|p1a: Meganium|161/290|[from] item: Leftovers\n|upkeep\n|turn|20\n|\n|t:|1782883877\n|move|p2a: Annihilape|Bulk Up|p2a: Annihilape\n|-boost|p2a: Annihilape|atk|1\n|-boost|p2a: Annihilape|def|1\n|move|p1a: Meganium|Synthesis|p1a: Meganium\n|-heal|p1a: Meganium|290/290\n|\n|upkeep\n|turn|21\n|\n|t:|1782883880\n|move|p2a: Annihilape|Bulk Up|p2a: Annihilape\n|-boost|p2a: Annihilape|atk|1\n|-boost|p2a: Annihilape|def|1\n|move|p1a: Meganium|Energy Ball|p2a: Annihilape\n|-damage|p2a: Annihilape|181/292\n|\n|upkeep\n|turn|22\n|\n|t:|1782883883\n|move|p2a: Annihilape|Drain Punch|p1a: Meganium\n|-damage|p1a: Meganium|86/290\n|-heal|p2a: Annihilape|283/292|[from] drain|[of] p1a: Meganium\n|move|p1a: Meganium|Energy Ball|p2a: Annihilape\n|-damage|p2a: Annihilape|121/292\n|\n|-heal|p1a: Meganium|104/290|[from] item: Leftovers\n|upkeep\n|turn|23\n|\n|t:|1782883885\n|move|p2a: Annihilape|Drain Punch|p1a: Meganium\n|-crit|p1a: Meganium\n|-damage|p1a: Meganium|0 fnt\n|-heal|p2a: Annihilape|173/292|[from] drain|[of] p1a: Meganium\n|faint|p1a: Meganium\n|\n|upkeep\n|\n|t:|1782883892\n|switch|p1a: Scizor|Scizor, L79, M|75/240\n|-activate|p1a: Scizor|move: Sticky Web\n|-unboost|p1a: Scizor|spe|1\n|-damage|p1a: Scizor|45/240|[from] Spikes\n|turn|24\n|\n|t:|1782883894\n|move|p1a: Scizor|Bullet Punch|p2a: Annihilape\n|-supereffective|p2a: Annihilape\n|-damage|p2a: Annihilape|95/292\n|move|p2a: Annihilape|Drain Punch|p1a: Scizor\n|-damage|p1a: Scizor|0 fnt\n|-heal|p2a: Annihilape|118/292|[from] drain|[of] p1a: Scizor\n|faint|p1a: Scizor\n|\n|upkeep\n|\n|t:|1782883898\n|switch|p1a: Persian|Persian, L92, M|236/269\n|-activate|p1a: Persian|move: Sticky Web\n|-unboost|p1a: Persian|spe|1\n|-damage|p1a: Persian|203/269|[from] Spikes\n|turn|25\n|\n|t:|1782883900\n|move|p1a: Persian|Fake Out|p2a: Annihilape\n|-damage|p2a: Annihilape|93/292\n|cant|p2a: Annihilape|flinch\n|\n|upkeep\n|turn|26\n|\n|t:|1782883912\n|move|p2a: Annihilape|Drain Punch|p1a: Persian\n|-supereffective|p1a: Persian\n|-damage|p1a: Persian|0 fnt\n|-heal|p2a: Annihilape|195/292|[from] drain|[of] p1a: Persian\n|faint|p1a: Persian\n|\n|upkeep\n|-message|team112 forfeited.\n|\n|win|testbotcif\n|raw|team112's rating: 1398 &rarr; <strong>1379</strong><br />(-19 for losing)\n|raw|testbotcif's rating: 1422 &rarr; <strong>1441</strong><br />(+19 for winning)\n", "inputlog": ">version f8ac14003a5f27e1bdc8d8c59608a773c1cb96e5\n>start {\"formatid\":\"gen9randombattle\",\"seed\":\"sodium,66789d4503b26e721a5d0bd33cce63c6\",\"rated\":\"Rated battle\"}\n>player p1 {\"name\":\"team112\",\"avatar\":\"brawly\",\"rating\":1398,\"seed\":\"sodium,52f241bc88a4d6dcc2c5843e68b7b5ce\"}\n>player p2 {\"name\":\"testbotcif\",\"avatar\":\"1\",\"rating\":1422,\"seed\":\"sodium,28fd51d464a148d05c67feeccfada193\"}\n>chat \u2606testbotcif|rlhf\n>p1 switch 6\n>p2 move knockoff\n>p1 move thunderbolt\n>p2 switch 5\n>p1 switch 6\n>p2 move stickyweb\n>p1 move shellsmash\n>p2 move discharge\n>p1 move storedpower\n>p2 move discharge\n>p2 switch 3\n>p1 move terablast terastallize\n>p2 move earthquake\n>p1 switch 2\n>p1 move uturn\n>p2 move spikes\n>p1 switch 6\n>p2 switch 2\n>p1 move toxic\n>p2 move dracometeor\n>p1 switch 5\n>p2 move poltergeist\n>p1 move calmmind\n>p2 move poltergeist\n>p1 move moonlight\n>p2 move poltergeist\n>p1 move moonlight\n>p2 move poltergeist\n>p1 move moonlight\n>p2 move poltergeist\n>p2 switch 5\n>p1 move moonblast\n>p2 move bravebird\n>p1 switch 4\n>p1 move fakeout\n>p2 switch 6\n>p1 move knockoff\n>p2 move bulkup\n>p1 switch 6\n>p2 move bulkup\n>p1 move uturn\n>p2 move drainpunch\n>p1 switch 3\n>p1 move dragontail\n>p2 move drainpunch terastallize\n>p1 move synthesis\n>p2 move bulkup\n>p1 move energyball\n>p2 move bulkup\n>p1 move energyball\n>p2 move drainpunch\n>p1 move energyball\n>p2 move drainpunch\n>p1 switch 3\n>p1 move bulletpunch\n>p2 move drainpunch\n>p1 switch 6\n>p1 move fakeout\n>p2 move drainpunch\n>p1 move doubleedge\n>p2 move drainpunch\n>forcelose p1", "uploadtime": 1782883917, "views": 3, "formatid": "gen9randombattle", "rating": 1379, "private": 0, "password": null, "player_dets": [{"name": "team112", "avatar": "brawly", "rating": 1398, "seed": "sodium,52f241bc88a4d6dcc2c5843e68b7b5ce"}, {"name": "testbotcif", "avatar": "1", "rating": 1422, "seed": "sodium,28fd51d464a148d05c67feeccfada193"}], "teams_full": [{"Polteageist": {"name": "Polteageist", "species": "Polteageist-Antique", "speciesId": "polteageist", "gender": "N", "shiny": false, "level": 78, "moves": ["shellsmash", "terablast", "storedpower", "shadowball"], "ability": "Cursed Body", "evs": {"hp": 85, "atk": 0, "def": 85, "spa": 85, "spd": 85, "spe": 85}, "ivs": {"hp": 31, "atk": 0, "def": 31, "spa": 31, "spd": 31, "spe": 31}, "item": "White Herb", "teraType": "Fighting", "role": "Tera Blast user", "bvs": {"hp": 60, "atk": 65, "def": 65, "spa": 134, "spd": 114, "spe": 70}, "stats": {"hp": 222, "atk": 106, "def": 146, "spa": 254, "spd": 223, "spe": 154}, "types": ["Ghost"]}, "Scizor": {"name": "Scizor", "species": "Scizor", "speciesId": "scizor", "gender": "M", "shiny": false, "level": 79, "moves": ["bulletpunch", "closecombat", "knockoff", "uturn"], "ability": "Technician", "evs": {"hp": 85, "atk": 85, "def": 85, "spa": 85, "spd": 85, "spe": 85}, "ivs": {"hp": 31, "atk": 31, "def": 31, "spa": 31, "spd": 31, "spe": 31}, "item": "Choice Band", "teraType": "Steel", "role": "Wallbreaker", "bvs": {"hp": 70, "atk": 130, "def": 100, "spa": 55, "spd": 80, "spe": 65}, "stats": {"hp": 240, "atk": 251, "def": 204, "spa": 132, "spd": 172, "spe": 148}, "types": ["Bug", "Steel"]}, "Meganium": {"name": "Meganium", "species": "Meganium", "speciesId": "meganium", "gender": "F", "shiny": false, "level": 90, "moves": ["knockoff", "synthesis", "dragontail", "energyball"], "ability": "Overgrow", "evs": {"hp": 85, "atk": 85, "def": 85, "spa": 85, "spd": 85, "spe": 85}, "ivs": {"hp": 31, "atk": 31, "def": 31, "spa": 31, "spd": 31, "spe": 31}, "item": "Leftovers", "teraType": "Steel", "role": "Bulky Attacker", "bvs": {"hp": 80, "atk": 82, "def": 100, "spa": 83, "spd": 100, "spe": 80}, "stats": {"hp": 290, "atk": 199, "def": 231, "spa": 201, "spd": 231, "spe": 195}, "types": ["Grass"]}, "Persian": {"name": "Persian", "species": "Persian", "speciesId": "persian", "gender": "M", "shiny": false, "level": 92, "moves": ["knockoff", "uturn", "fakeout", "doubleedge"], "ability": "Technician", "evs": {"hp": 85, "atk": 85, "def": 85, "spa": 85, "spd": 85, "spe": 85}, "ivs": {"hp": 31, "atk": 31, "def": 31, "spa": 31, "spd": 31, "spe": 31}, "item": "Silk Scarf", "teraType": "Normal", "role": "Fast Attacker", "bvs": {"hp": 65, "atk": 70, "def": 60, "spa": 65, "spd": 65, "spe": 115}, "stats": {"hp": 269, "atk": 181, "def": 163, "spa": 172, "spd": 172, "spe": 264}, "types": ["Normal"]}, "Clefable": {"name": "Clefable", "species": "Clefable", "speciesId": "clefable", "gender": "M", "shiny": false, "level": 83, "moves": ["moonlight", "fireblast", "moonblast", "calmmind"], "ability": "Magic Guard", "evs": {"hp": 85, "atk": 0, "def": 85, "spa": 85, "spd": 85, "spe": 85}, "ivs": {"hp": 31, "atk": 0, "def": 31, "spa": 31, "spd": 31, "spe": 31}, "item": "Life Orb", "teraType": "Fire", "role": "Bulky Setup", "bvs": {"hp": 95, "atk": 70, "def": 73, "spa": 95, "spd": 90, "spe": 60}, "stats": {"hp": 293, "atk": 121, "def": 169, "spa": 205, "spd": 197, "spe": 147}, "types": ["Fairy"]}, "Bellibolt": {"name": "Bellibolt", "species": "Bellibolt", "speciesId": "bellibolt", "gender": "M", "shiny": false, "level": 84, "moves": ["toxic", "slackoff", "muddywater", "thunderbolt"], "ability": "Electromorphosis", "evs": {"hp": 85, "atk": 0, "def": 85, "spa": 85, "spd": 85, "spe": 85}, "ivs": {"hp": 31, "atk": 0, "def": 31, "spa": 31, "spd": 31, "spe": 31}, "item": "Leftovers", "teraType": "Water", "role": "Bulky Attacker", "bvs": {"hp": 109, "atk": 64, "def": 91, "spa": 103, "spd": 83, "spe": 45}, "stats": {"hp": 320, "atk": 112, "def": 201, "spa": 221, "spd": 188, "spe": 124}, "types": ["Electric"]}}, {"Dodrio": {"name": "Dodrio", "species": "Dodrio", "speciesId": "dodrio", "gender": "M", "shiny": false, "level": 85, "moves": ["knockoff", "bravebird", "drillrun", "doubleedge"], "ability": "Early Bird", "evs": {"hp": 85, "atk": 85, "def": 85, "spa": 85, "spd": 85, "spe": 85}, "ivs": {"hp": 31, "atk": 31, "def": 31, "spa": 31, "spd": 31, "spe": 31}, "item": "Choice Band", "teraType": "Ground", "role": "Fast Attacker", "bvs": {"hp": 60, "atk": 110, "def": 70, "spa": 60, "spd": 60, "spe": 110}, "stats": {"hp": 241, "atk": 236, "def": 168, "spa": 151, "spd": 151, "spe": 236}, "types": ["Normal", "Flying"]}, "Giratina": {"name": "Giratina", "species": "Giratina-Origin", "speciesId": "giratinaorigin", "gender": "N", "shiny": false, "level": 72, "moves": ["dracometeor", "dragontail", "shadowsneak", "poltergeist"], "ability": "Levitate", "evs": {"hp": 85, "atk": 85, "def": 85, "spa": 85, "spd": 85, "spe": 85}, "ivs": {"hp": 31, "atk": 31, "def": 31, "spa": 31, "spd": 31, "spe": 31}, "item": "Griseous Core", "teraType": "Steel", "role": "Fast Attacker", "bvs": {"hp": 150, "atk": 120, "def": 100, "spa": 120, "spd": 100, "spe": 90}, "stats": {"hp": 335, "atk": 215, "def": 186, "spa": 215, "spd": 186, "spe": 172}, "types": ["Ghost", "Dragon"]}, "Ting-Lu": {"name": "Ting-Lu", "species": "Ting-Lu", "speciesId": "tinglu", "gender": "N", "shiny": false, "level": 78, "moves": ["earthquake", "heavyslam", "payback", "spikes"], "ability": "Vessel of Ruin", "evs": {"hp": 85, "atk": 85, "def": 85, "spa": 85, "spd": 85, "spe": 85}, "ivs": {"hp": 31, "atk": 31, "def": 31, "spa": 31, "spd": 31, "spe": 31}, "item": "Leftovers", "teraType": "Ghost", "role": "Bulky Attacker", "bvs": {"hp": 155, "atk": 110, "def": 125, "spa": 55, "spd": 80, "spe": 45}, "stats": {"hp": 370, "atk": 217, "def": 240, "spa": 131, "spd": 170, "spe": 115}, "types": ["Dark", "Ground"]}, "Suicune": {"name": "Suicune", "species": "Suicune", "speciesId": "suicune", "gender": "N", "shiny": false, "level": 82, "moves": ["calmmind", "substitute", "protect", "scald"], "ability": "Pressure", "evs": {"hp": 85, "atk": 0, "def": 85, "spa": 85, "spd": 85, "spe": 85}, "ivs": {"hp": 31, "atk": 0, "def": 31, "spa": 31, "spd": 31, "spe": 31}, "item": "Leftovers", "teraType": "Steel", "role": "Fast Support", "bvs": {"hp": 100, "atk": 75, "def": 115, "spa": 90, "spd": 115, "spe": 85}, "stats": {"hp": 298, "atk": 127, "def": 236, "spa": 195, "spd": 236, "spe": 187}, "types": ["Water"]}, "Vikavolt": {"name": "Vikavolt", "species": "Vikavolt", "speciesId": "vikavolt", "gender": "F", "shiny": false, "level": 83, "moves": ["bugbuzz", "stickyweb", "voltswitch", "discharge"], "ability": "Levitate", "evs": {"hp": 85, "atk": 0, "def": 85, "spa": 85, "spd": 85, "spe": 85}, "ivs": {"hp": 31, "atk": 0, "def": 31, "spa": 31, "spd": 31, "spe": 31}, "item": "Heavy-Duty Boots", "teraType": "Electric", "role": "Bulky Support", "bvs": {"hp": 77, "atk": 70, "def": 90, "spa": 145, "spd": 75, "spe": 43}, "stats": {"hp": 263, "atk": 121, "def": 197, "spa": 288, "spd": 172, "spe": 119}, "types": ["Bug", "Electric"]}, "Annihilape": {"name": "Annihilape", "species": "Annihilape", "speciesId": "annihilape", "gender": "F", "shiny": false, "level": 76, "moves": ["drainpunch", "ragefist", "bulkup", "gunkshot"], "ability": "Defiant", "evs": {"hp": 85, "atk": 85, "def": 85, "spa": 85, "spd": 85, "spe": 85}, "ivs": {"hp": 31, "atk": 31, "def": 31, "spa": 31, "spd": 31, "spe": 31}, "item": "Leftovers", "teraType": "Fairy", "role": "Bulky Setup", "bvs": {"hp": 110, "atk": 115, "def": 80, "spa": 50, "spd": 90, "spe": 90}, "stats": {"hp": 292, "atk": 219, "def": 166, "spa": 120, "spd": 181, "spe": 181}, "types": ["Fighting", "Ghost"]}}]}