{"id": "gen9randombattle-2641815190", "format": "[Gen 9] Random Battle", "players": ["philschmil", "damndoublehomicide"], "log": "|j|\u2606philschmil\n|j|\u2606damndoublehomicide\n|t:|1782845203\n|gametype|singles\n|player|p1|philschmil|alder|1953\n|player|p2|damndoublehomicide|1|1966\n|gen|9\n|tier|[Gen 9] Random Battle\n|rated|\n|rule|Species Clause: Limit one of each Pok\u00e9mon\n|rule|HP Percentage Mod: HP is shown in percentages\n|rule|Sleep Clause Mod: Limit one foe put to sleep\n|rule|Illusion Level Mod: Illusion disguises the Pok\u00e9mon's true level\n|\n|t:|1782845203\n|teamsize|p1|6\n|teamsize|p2|6\n|start\n|switch|p1a: Shiftry|Shiftry, L89, M|305/305\n|switch|p2a: Meowscarada|Meowscarada, L78, M|247/247\n|turn|1\n|inactive|Battle timer is ON: inactive players will automatically lose when time's up. (requested by philschmil)\n|\n|t:|1782845212\n|switch|p1a: Gouging Fire|Gouging Fire, L74|277/277\n|move|p2a: Meowscarada|U-turn|p1a: Gouging Fire\n|-start|p2a: Meowscarada|typechange|Bug|[from] ability: Protean\n|-resisted|p1a: Gouging Fire\n|-damage|p1a: Gouging Fire|229/277\n|\n|t:|1782845226\n|switch|p2a: Hitmontop|Hitmontop, L88, M|231/231|[from] U-turn\n|-ability|p2a: Hitmontop|Intimidate|boost\n|-unboost|p1a: Gouging Fire|atk|1\n|\n|upkeep\n|turn|2\n|\n|t:|1782845233\n|-end|p1a: Gouging Fire|Protosynthesis|[silent]\n|switch|p1a: Alcremie|Alcremie, L90, F|263/263\n|move|p2a: Hitmontop|Earthquake|p1a: Alcremie\n|-damage|p1a: Alcremie|182/263\n|\n|-heal|p1a: Alcremie|198/263|[from] item: Leftovers\n|upkeep\n|turn|3\n|\n|t:|1782845254\n|switch|p2a: Skarmory|Skarmory, L80, M|235/235\n|move|p1a: Alcremie|Calm Mind|p1a: Alcremie\n|-boost|p1a: Alcremie|spa|1\n|-boost|p1a: Alcremie|spd|1\n|\n|-heal|p1a: Alcremie|214/263|[from] item: Leftovers\n|upkeep\n|turn|4\n|\n|t:|1782845260\n|move|p1a: Alcremie|Alluring Voice|p2a: Skarmory\n|-resisted|p2a: Skarmory\n|-damage|p2a: Skarmory|136/235\n|move|p2a: Skarmory|Brave Bird|p1a: Alcremie\n|-damage|p1a: Alcremie|114/263\n|-damage|p2a: Skarmory|103/235|[from] Recoil\n|\n|-heal|p1a: Alcremie|130/263|[from] item: Leftovers\n|-heal|p2a: Skarmory|117/235|[from] item: Leftovers\n|upkeep\n|turn|5\n|\n|t:|1782845269\n|move|p1a: Alcremie|Recover|p1a: Alcremie\n|-heal|p1a: Alcremie|262/263\n|move|p2a: Skarmory|Brave Bird|p1a: Alcremie\n|-damage|p1a: Alcremie|159/263\n|-damage|p2a: Skarmory|83/235|[from] Recoil\n|\n|-heal|p1a: Alcremie|175/263|[from] item: Leftovers\n|-heal|p2a: Skarmory|97/235|[from] item: Leftovers\n|upkeep\n|turn|6\n|\n|t:|1782845273\n|move|p1a: Alcremie|Alluring Voice|p2a: Skarmory\n|-resisted|p2a: Skarmory\n|-damage|p2a: Skarmory|0 fnt\n|faint|p2a: Skarmory\n|\n|-heal|p1a: Alcremie|191/263|[from] item: Leftovers\n|upkeep\n|\n|t:|1782845275\n|switch|p2a: Meowscarada|Meowscarada, L78, M|247/247\n|turn|7\n|\n|t:|1782845282\n|move|p2a: Meowscarada|Flower Trick|p1a: Alcremie\n|-start|p2a: Meowscarada|typechange|Grass|[from] ability: Protean\n|-crit|p1a: Alcremie\n|-damage|p1a: Alcremie|22/263\n|move|p1a: Alcremie|Alluring Voice|p2a: Meowscarada\n|-damage|p2a: Meowscarada|37/247\n|\n|-heal|p1a: Alcremie|38/263|[from] item: Leftovers\n|upkeep\n|turn|8\n|\n|t:|1782845290\n|move|p2a: Meowscarada|Flower Trick|p1a: Alcremie\n|-crit|p1a: Alcremie\n|-damage|p1a: Alcremie|0 fnt\n|faint|p1a: Alcremie\n|\n|upkeep\n|\n|t:|1782845294\n|switch|p1a: Shiftry|Shiftry, L89, M|305/305\n|turn|9\n|\n|t:|1782845301\n|switch|p2a: Hitmontop|Hitmontop, L88, M|231/231\n|-ability|p2a: Hitmontop|Intimidate|boost\n|-unboost|p1a: Shiftry|atk|1\n|move|p1a: Shiftry|Tailwind|p1a: Shiftry\n|-sidestart|p1: philschmil|move: Tailwind\n|-ability|p1a: Shiftry|Wind Rider|boost\n|-boost|p1a: Shiftry|atk|1\n|\n|upkeep\n|turn|10\n|\n|t:|1782845313\n|move|p1a: Shiftry|Leaf Blade|p2a: Hitmontop\n|-damage|p2a: Hitmontop|91/231\n|-damage|p1a: Shiftry|275/305|[from] item: Life Orb\n|move|p2a: Hitmontop|Close Combat|p1a: Shiftry\n|-supereffective|p1a: Shiftry\n|-damage|p1a: Shiftry|0 fnt\n|-unboost|p2a: Hitmontop|def|1\n|-unboost|p2a: Hitmontop|spd|1\n|faint|p1a: Shiftry\n|\n|upkeep\n|\n|t:|1782845322\n|switch|p1a: Solgaleo|Solgaleo, L74|325/325\n|turn|11\n|\n|t:|1782845342\n|switch|p2a: Sunflora|Sunflora, M|312/312\n|move|p1a: Solgaleo|Sunsteel Strike|p2a: Sunflora\n|-damage|p2a: Sunflora|194/312\n|\n|upkeep\n|turn|12\n|\n|t:|1782845351\n|move|p1a: Solgaleo|Knock Off|p2a: Sunflora\n|-damage|p2a: Sunflora|110/312\n|-enditem|p2a: Sunflora|Life Orb|[from] move: Knock Off|[of] p1a: Solgaleo\n|move|p2a: Sunflora|Sunny Day|p2a: Sunflora\n|-weather|SunnyDay\n|\n|-weather|SunnyDay|[upkeep]\n|-sideend|p1: philschmil|move: Tailwind\n|upkeep\n|turn|13\n|\n|t:|1782845357\n|switch|p1a: Gouging Fire|Gouging Fire, L74|229/277\n|-activate|p1a: Gouging Fire|ability: Protosynthesis\n|-start|p1a: Gouging Fire|protosynthesisdef\n|move|p2a: Sunflora|Weather Ball|p1a: Gouging Fire\n|-resisted|p1a: Gouging Fire\n|-damage|p1a: Gouging Fire|186/277\n|\n|-weather|SunnyDay|[upkeep]\n|upkeep\n|turn|14\n|\n|t:|1782845377\n|move|p2a: Sunflora|Earth Power|p1a: Gouging Fire\n|-supereffective|p1a: Gouging Fire\n|-damage|p1a: Gouging Fire|0 fnt\n|faint|p1a: Gouging Fire\n|-end|p1a: Gouging Fire|Protosynthesis|[silent]\n|\n|-weather|SunnyDay|[upkeep]\n|upkeep\n|\n|t:|1782845390\n|switch|p1a: Great Tusk|Great Tusk, L77|304/304\n|-activate|p1a: Great Tusk|ability: Protosynthesis\n|-start|p1a: Great Tusk|protosynthesisatk\n|turn|15\n|\n|t:|1782845401\n|-terastallize|p1a: Great Tusk|Steel\n|move|p2a: Sunflora|Solar Beam||[still]\n|-prepare|p2a: Sunflora|Solar Beam\n|-anim|p2a: Sunflora|Solar Beam|p1a: Great Tusk\n|-resisted|p1a: Great Tusk\n|-damage|p1a: Great Tusk|153/304\n|move|p1a: Great Tusk|Close Combat|p2a: Sunflora\n|-damage|p2a: Sunflora|0 fnt\n|-unboost|p1a: Great Tusk|def|1\n|-unboost|p1a: Great Tusk|spd|1\n|faint|p2a: Sunflora\n|\n|-weather|SunnyDay|[upkeep]\n|-heal|p1a: Great Tusk|172/304|[from] item: Leftovers\n|upkeep\n|\n|t:|1782845416\n|switch|p2a: Tatsugiri|Tatsugiri, L87, F|260/260\n|turn|16\n|\n|t:|1782845424\n|switch|p2a: Hitmontop|Hitmontop, L88, M|91/231\n|-ability|p2a: Hitmontop|Intimidate|boost\n|-unboost|p1a: Great Tusk|atk|1\n|move|p1a: Great Tusk|Close Combat|p2a: Hitmontop\n|-damage|p2a: Hitmontop|0 fnt\n|-unboost|p1a: Great Tusk|def|1\n|-unboost|p1a: Great Tusk|spd|1\n|faint|p2a: Hitmontop\n|\n|-weather|none\n|-end|p1a: Great Tusk|Protosynthesis\n|-heal|p1a: Great Tusk|191/304|[from] item: Leftovers\n|upkeep\n|\n|t:|1782845431\n|switch|p2a: Tatsugiri|Tatsugiri, L87, F|260/260\n|turn|17\n|\n|t:|1782845437\n|-end|p1a: Great Tusk|Protosynthesis|[silent]\n|switch|p1a: Arceus|Arceus-Grass, L73|296/296\n|move|p2a: Tatsugiri|Nasty Plot|p2a: Tatsugiri\n|-boost|p2a: Tatsugiri|spa|2\n|\n|upkeep\n|turn|18\n|\n|t:|1782845447\n|move|p1a: Arceus|Calm Mind|p1a: Arceus\n|-boost|p1a: Arceus|spa|1\n|-boost|p1a: Arceus|spd|1\n|move|p2a: Tatsugiri|Draco Meteor|p1a: Arceus\n|-damage|p1a: Arceus|97/296\n|-unboost|p2a: Tatsugiri|spa|2\n|\n|upkeep\n|turn|19\n|\n|t:|1782845469\n|move|p1a: Arceus|Calm Mind|p1a: Arceus\n|-boost|p1a: Arceus|spa|1\n|-boost|p1a: Arceus|spd|1\n|move|p2a: Tatsugiri|Rapid Spin|p1a: Arceus\n|-damage|p1a: Arceus|74/296\n|-boost|p2a: Tatsugiri|spe|1\n|\n|upkeep\n|turn|20\n|\n|t:|1782845473\n|move|p2a: Tatsugiri|Draco Meteor|p1a: Arceus\n|-crit|p1a: Arceus\n|-damage|p1a: Arceus|0 fnt\n|-unboost|p2a: Tatsugiri|spa|2\n|faint|p1a: Arceus\n|\n|upkeep\n|\n|t:|1782845477\n|switch|p1a: Solgaleo|Solgaleo, L74|325/325\n|turn|21\n|\n|t:|1782845505\n|switch|p2a: Golduck|Golduck, L90, M|290/290\n|-ability|p2a: Golduck|Cloud Nine\n|move|p1a: Solgaleo|Knock Off|p2a: Golduck\n|-damage|p2a: Golduck|219/290\n|-enditem|p2a: Golduck|Life Orb|[from] move: Knock Off|[of] p1a: Solgaleo\n|\n|upkeep\n|turn|22\n|\n|t:|1782845513\n|move|p2a: Golduck|Nasty Plot|p2a: Golduck\n|-boost|p2a: Golduck|spa|2\n|move|p1a: Solgaleo|Psychic Fangs|p2a: Golduck\n|-damage|p2a: Golduck|132/290\n|\n|upkeep\n|turn|23\n|\n|t:|1782845521\n|move|p2a: Golduck|Hydro Pump|p1a: Solgaleo\n|-damage|p1a: Solgaleo|54/325\n|move|p1a: Solgaleo|Psychic Fangs|p2a: Golduck\n|-damage|p2a: Golduck|45/290\n|\n|upkeep\n|turn|24\n|\n|t:|1782845537\n|move|p2a: Golduck|Grass Knot|p1a: Solgaleo\n|-resisted|p1a: Solgaleo\n|-damage|p1a: Solgaleo|0 fnt\n|-damage|p2a: Golduck|0 fnt|[from] item: Rocky Helmet|[of] p1a: Solgaleo\n|faint|p1a: Solgaleo\n|faint|p2a: Golduck\n|\n|upkeep\n|\n|t:|1782845548\n|switch|p2a: Meowscarada|Meowscarada, L78, M|37/247\n|switch|p1a: Great Tusk|Great Tusk, L77, tera:Steel|191/304\n|turn|25\n|\n|t:|1782845554\n|move|p2a: Meowscarada|Knock Off|p1a: Great Tusk\n|-start|p2a: Meowscarada|typechange|Dark|[from] ability: Protean\n|-damage|p1a: Great Tusk|74/304\n|-enditem|p1a: Great Tusk|Leftovers|[from] move: Knock Off|[of] p2a: Meowscarada\n|move|p1a: Great Tusk|Rapid Spin|p2a: Meowscarada\n|-damage|p2a: Meowscarada|0 fnt\n|-boost|p1a: Great Tusk|spe|1\n|faint|p2a: Meowscarada\n|\n|upkeep\n|\n|t:|1782845559\n|switch|p2a: Tatsugiri|Tatsugiri, L87, F|260/260\n|turn|26\n|\n|t:|1782845569\n|move|p1a: Great Tusk|Close Combat|p2a: Tatsugiri\n|-damage|p2a: Tatsugiri|77/260\n|-unboost|p1a: Great Tusk|def|1\n|-unboost|p1a: Great Tusk|spd|1\n|move|p2a: Tatsugiri|Draco Meteor|p1a: Great Tusk\n|-resisted|p1a: Great Tusk\n|-damage|p1a: Great Tusk|0 fnt\n|-unboost|p2a: Tatsugiri|spa|2\n|faint|p1a: Great Tusk\n|-end|p1a: Great Tusk|Protosynthesis|[silent]\n|\n|win|damndoublehomicide\n|raw|philschmil's rating: 1953 &rarr; <strong>1934</strong><br />(-19 for losing)\n|raw|damndoublehomicide's rating: 1966 &rarr; <strong>1985</strong><br />(+19 for winning)\n", "inputlog": ">version f8ac14003a5f27e1bdc8d8c59608a773c1cb96e5\n>start {\"formatid\":\"gen9randombattle\",\"seed\":\"sodium,18aa53568b7e89f7d7cd1cb3f1c271c4\",\"rated\":\"Rated battle\"}\n>player p1 {\"name\":\"philschmil\",\"avatar\":\"alder\",\"rating\":1953,\"seed\":\"sodium,40875addd46ee613774a37393b89e6f8\"}\n>player p2 {\"name\":\"damndoublehomicide\",\"avatar\":\"1\",\"rating\":1966,\"seed\":\"sodium,1a2090bc73197b0fa0ba566e76ed6a19\"}\n>p1 switch 4\n>p2 move uturn\n>p2 switch 3\n>p1 switch 5\n>p2 move earthquake\n>p1 move calmmind\n>p2 switch 6\n>p1 move alluringvoice\n>p2 move bravebird\n>p1 move recover\n>p2 move bravebird\n>p1 move alluringvoice\n>p2 move roost\n>p2 switch 3\n>p1 move alluringvoice\n>p2 move flowertrick\n>p1 move recover\n>p2 move flowertrick\n>p1 switch 4\n>p1 move tailwind\n>p2 switch 6\n>p1 move leafblade\n>p2 move closecombat\n>p1 switch 2\n>p1 move sunsteelstrike\n>p2 switch 4\n>p1 move knockoff\n>p2 move sunnyday\n>p1 switch 5\n>p2 move weatherball\n>p1 move heatcrash\n>p2 move earthpower\n>p1 switch 3\n>p1 move closecombat terastallize\n>p2 move solarbeam\n>p2 switch 5\n>p1 move closecombat\n>p2 switch 4\n>p2 switch 4\n>p1 switch 6\n>p2 move nastyplot\n>p1 move calmmind\n>p2 move dracometeor\n>p1 move calmmind\n>p2 move rapidspin\n>p1 move judgment\n>p2 move dracometeor\n>p1 switch 5\n>p1 move knockoff\n>p2 switch 2\n>p1 move psychicfangs\n>p2 move nastyplot\n>p1 move psychicfangs\n>p2 move hydropump\n>p1 move sunsteelstrike\n>p2 move grassknot\n>p1 switch 6\n>p2 switch 6\n>p1 move rapidspin\n>p2 move knockoff\n>p2 switch 2\n>p1 move closecombat\n>p2 move dracometeor", "uploadtime": 1782845570, "views": 6, "formatid": "gen9randombattle", "rating": 1934, "private": 0, "password": null, "player_dets": [{"name": "philschmil", "avatar": "alder", "rating": 1953, "seed": "sodium,40875addd46ee613774a37393b89e6f8"}, {"name": "damndoublehomicide", "avatar": "1", "rating": 1966, "seed": "sodium,1a2090bc73197b0fa0ba566e76ed6a19"}], "teams_full": [{"Shiftry": {"name": "Shiftry", "species": "Shiftry", "speciesId": "shiftry", "gender": "M", "shiny": false, "level": 89, "moves": ["lowkick", "knockoff", "tailwind", "leafblade"], "ability": "Wind Rider", "evs": {"hp": 85, "atk": 85, "def": 85, "spa": 85, "spd": 85, "spe": 85}, "ivs": {"hp": 31, "atk": 31, "def": 31, "spa": 31, "spd": 31, "spe": 31}, "item": "Life Orb", "teraType": "Dark", "role": "Setup Sweeper", "bvs": {"hp": 90, "atk": 100, "def": 60, "spa": 90, "spd": 60, "spe": 80}, "stats": {"hp": 305, "atk": 229, "def": 158, "spa": 211, "spd": 158, "spe": 193}, "types": ["Grass", "Dark"]}, "Solgaleo": {"name": "Solgaleo", "species": "Solgaleo", "speciesId": "solgaleo", "gender": "N", "shiny": false, "level": 74, "moves": ["psychicfangs", "sunsteelstrike", "morningsun", "knockoff"], "ability": "Full Metal Body", "evs": {"hp": 85, "atk": 85, "def": 85, "spa": 85, "spd": 85, "spe": 85}, "ivs": {"hp": 31, "atk": 31, "def": 31, "spa": 31, "spd": 31, "spe": 31}, "item": "Rocky Helmet", "teraType": "Water", "role": "Bulky Attacker", "bvs": {"hp": 137, "atk": 137, "def": 107, "spa": 113, "spd": 89, "spe": 97}, "stats": {"hp": 325, "atk": 246, "def": 201, "spa": 210, "spd": 175, "spe": 187}, "types": ["Psychic", "Steel"]}, "Great Tusk": {"name": "Great Tusk", "species": "Great Tusk", "speciesId": "greattusk", "gender": "N", "shiny": false, "level": 77, "moves": ["rapidspin", "bulkup", "closecombat", "earthquake"], "ability": "Protosynthesis", "evs": {"hp": 85, "atk": 85, "def": 85, "spa": 85, "spd": 85, "spe": 85}, "ivs": {"hp": 31, "atk": 31, "def": 31, "spa": 31, "spd": 31, "spe": 31}, "item": "Leftovers", "teraType": "Steel", "role": "Bulky Setup", "bvs": {"hp": 115, "atk": 131, "def": 131, "spa": 53, "spd": 53, "spe": 87}, "stats": {"hp": 304, "atk": 246, "def": 246, "spa": 126, "spd": 126, "spe": 179}, "types": ["Ground", "Fighting"]}, "Gouging Fire": {"name": "Gouging Fire", "species": "Gouging Fire", "speciesId": "gougingfire", "gender": "N", "shiny": false, "level": 74, "moves": ["earthquake", "outrage", "heatcrash", "dragondance"], "ability": "Protosynthesis", "evs": {"hp": 85, "atk": 85, "def": 85, "spa": 85, "spd": 85, "spe": 85}, "ivs": {"hp": 31, "atk": 31, "def": 31, "spa": 31, "spd": 31, "spe": 31}, "item": "Heavy-Duty Boots", "teraType": "Ground", "role": "Setup Sweeper", "bvs": {"hp": 105, "atk": 115, "def": 121, "spa": 65, "spd": 93, "spe": 91}, "stats": {"hp": 277, "atk": 213, "def": 222, "spa": 139, "spd": 181, "spe": 178}, "types": ["Fire", "Dragon"]}, "Alcremie": {"name": "Alcremie", "species": "Alcremie", "speciesId": "alcremie", "gender": "F", "shiny": false, "level": 90, "moves": ["recover", "terablast", "calmmind", "alluringvoice"], "ability": "Aroma Veil", "evs": {"hp": 85, "atk": 0, "def": 85, "spa": 85, "spd": 85, "spe": 85}, "ivs": {"hp": 31, "atk": 0, "def": 31, "spa": 31, "spd": 31, "spe": 31}, "item": "Leftovers", "teraType": "Ground", "role": "Tera Blast user", "bvs": {"hp": 65, "atk": 60, "def": 75, "spa": 110, "spd": 121, "spe": 64}, "stats": {"hp": 263, "atk": 113, "def": 186, "spa": 249, "spd": 269, "spe": 167}, "types": ["Fairy"]}, "Arceus": {"name": "Arceus", "species": "Arceus-Grass", "speciesId": "arceusgrass", "gender": "N", "shiny": false, "level": 73, "moves": ["calmmind", "icebeam", "judgment", "earthpower"], "ability": "Multitype", "evs": {"hp": 85, "atk": 0, "def": 85, "spa": 85, "spd": 85, "spe": 85}, "ivs": {"hp": 31, "atk": 0, "def": 31, "spa": 31, "spd": 31, "spe": 31}, "item": "Meadow Plate", "teraType": "Ground", "role": "Setup Sweeper", "bvs": {"hp": 120, "atk": 120, "def": 120, "spa": 120, "spd": 120, "spe": 120}, "stats": {"hp": 296, "atk": 180, "def": 218, "spa": 218, "spd": 218, "spe": 218}, "types": ["Grass"]}}, {"Meowscarada": {"name": "Meowscarada", "species": "Meowscarada", "speciesId": "meowscarada", "gender": "M", "shiny": false, "level": 78, "moves": ["knockoff", "uturn", "flowertrick", "tripleaxel"], "ability": "Protean", "evs": {"hp": 85, "atk": 85, "def": 85, "spa": 85, "spd": 85, "spe": 85}, "ivs": {"hp": 31, "atk": 31, "def": 31, "spa": 31, "spd": 31, "spe": 31}, "item": "Choice Band", "teraType": "Grass", "role": "Fast Support", "bvs": {"hp": 76, "atk": 110, "def": 70, "spa": 81, "spd": 70, "spe": 123}, "stats": {"hp": 247, "atk": 217, "def": 154, "spa": 171, "spd": 154, "spe": 237}, "types": ["Grass", "Dark"]}, "Golduck": {"name": "Golduck", "species": "Golduck", "speciesId": "golduck", "gender": "M", "shiny": false, "level": 90, "moves": ["grassknot", "icebeam", "nastyplot", "hydropump"], "ability": "Cloud Nine", "evs": {"hp": 85, "atk": 0, "def": 85, "spa": 85, "spd": 85, "spe": 85}, "ivs": {"hp": 31, "atk": 0, "def": 31, "spa": 31, "spd": 31, "spe": 31}, "item": "Life Orb", "teraType": "Grass", "role": "Fast Attacker", "bvs": {"hp": 80, "atk": 82, "def": 78, "spa": 95, "spd": 80, "spe": 85}, "stats": {"hp": 290, "atk": 152, "def": 192, "spa": 222, "spd": 195, "spe": 204}, "types": ["Water"]}, "Hitmontop": {"name": "Hitmontop", "species": "Hitmontop", "speciesId": "hitmontop", "gender": "M", "shiny": false, "level": 88, "moves": ["stoneedge", "rapidspin", "closecombat", "earthquake"], "ability": "Intimidate", "evs": {"hp": 85, "atk": 85, "def": 85, "spa": 85, "spd": 85, "spe": 85}, "ivs": {"hp": 31, "atk": 31, "def": 31, "spa": 31, "spd": 31, "spe": 31}, "item": "Assault Vest", "teraType": "Steel", "role": "Bulky Support", "bvs": {"hp": 50, "atk": 95, "def": 95, "spa": 35, "spd": 110, "spe": 70}, "stats": {"hp": 231, "atk": 217, "def": 217, "spa": 112, "spd": 244, "spe": 173}, "types": ["Fighting"]}, "Sunflora": {"name": "Sunflora", "species": "Sunflora", "speciesId": "sunflora", "gender": "M", "shiny": false, "level": 100, "moves": ["weatherball", "solarbeam", "sunnyday", "earthpower"], "ability": "Chlorophyll", "evs": {"hp": 85, "atk": 0, "def": 85, "spa": 85, "spd": 85, "spe": 85}, "ivs": {"hp": 31, "atk": 0, "def": 31, "spa": 31, "spd": 31, "spe": 31}, "item": "Life Orb", "teraType": "Fire", "role": "Setup Sweeper", "bvs": {"hp": 75, "atk": 75, "def": 55, "spa": 105, "spd": 85, "spe": 30}, "stats": {"hp": 312, "atk": 155, "def": 167, "spa": 267, "spd": 227, "spe": 117}, "types": ["Grass"]}, "Tatsugiri": {"name": "Tatsugiri", "species": "Tatsugiri", "speciesId": "tatsugiri", "gender": "F", "shiny": false, "level": 87, "moves": ["rapidspin", "nastyplot", "dracometeor", "hydropump"], "ability": "Storm Drain", "evs": {"hp": 85, "atk": 85, "def": 85, "spa": 85, "spd": 85, "spe": 85}, "ivs": {"hp": 31, "atk": 31, "def": 31, "spa": 31, "spd": 31, "spe": 31}, "item": "Heavy-Duty Boots", "teraType": "Steel", "role": "Fast Support", "bvs": {"hp": 68, "atk": 50, "def": 60, "spa": 120, "spd": 95, "spe": 82}, "stats": {"hp": 260, "atk": 137, "def": 154, "spa": 259, "spd": 215, "spe": 192}, "types": ["Dragon", "Water"]}, "Skarmory": {"name": "Skarmory", "species": "Skarmory", "speciesId": "skarmory", "gender": "M", "shiny": false, "level": 80, "moves": ["irondefense", "bravebird", "roost", "bodypress"], "ability": "Sturdy", "evs": {"hp": 85, "atk": 85, "def": 85, "spa": 85, "spd": 85, "spe": 85}, "ivs": {"hp": 31, "atk": 31, "def": 31, "spa": 31, "spd": 31, "spe": 31}, "item": "Leftovers", "teraType": "Fighting", "role": "Bulky Setup", "bvs": {"hp": 65, "atk": 80, "def": 140, "spa": 40, "spd": 70, "spe": 70}, "stats": {"hp": 235, "atk": 174, "def": 270, "spa": 110, "spd": 158, "spe": 158}, "types": ["Steel", "Flying"]}}]}