{"id": "gen9randombattle-2642082092", "format": "[Gen 9] Random Battle", "players": ["legolas06", "jnpr010334"], "log": "|j|\u2606legolas06\n|j|\u2606jnpr010334\n|t:|1782885955\n|gametype|singles\n|player|p1|legolas06|102|1891\n|player|p2|jnpr010334|265|1831\n|gen|9\n|tier|[Gen 9] Random Battle\n|rated|\n|rule|Species Clause: Limit one of each Pok\u00e9mon\n|rule|HP Percentage Mod: HP is shown in percentages\n|rule|Sleep Clause Mod: Limit one foe put to sleep\n|rule|Illusion Level Mod: Illusion disguises the Pok\u00e9mon's true level\n|\n|t:|1782885955\n|teamsize|p1|6\n|teamsize|p2|6\n|start\n|switch|p1a: Enamorus|Enamorus, L79, F|247/247\n|switch|p2a: Tauros|Tauros, L82, M|257/257\n|turn|1\n|inactive|Battle timer is ON: inactive players will automatically lose when time's up. (requested by legolas06)\n|inactive|jnpr010334 also wants the timer to be on.\n|\n|t:|1782885972\n|move|p2a: Tauros|Body Slam|p1a: Enamorus\n|-damage|p1a: Enamorus|56/247\n|-start|p2a: Tauros|Attract|[from] ability: Cute Charm|[of] p1a: Enamorus\n|move|p1a: Enamorus|Moonblast|p2a: Tauros\n|-damage|p2a: Tauros|116/257\n|\n|-heal|p1a: Enamorus|71/247|[from] item: Leftovers\n|upkeep\n|turn|2\n|\n|t:|1782885979\n|-activate|p2a: Tauros|move: Attract|[of] p1a: Enamorus\n|cant|p2a: Tauros|Attract\n|move|p1a: Enamorus|Substitute|p1a: Enamorus\n|-start|p1a: Enamorus|Substitute\n|-damage|p1a: Enamorus|10/247\n|\n|-heal|p1a: Enamorus|25/247|[from] item: Leftovers\n|upkeep\n|turn|3\n|\n|t:|1782885983\n|-activate|p2a: Tauros|move: Attract|[of] p1a: Enamorus\n|move|p2a: Tauros|Body Slam|p1a: Enamorus\n|-end|p1a: Enamorus|Substitute\n|move|p1a: Enamorus|Moonblast|p2a: Tauros\n|-damage|p2a: Tauros|0 fnt\n|faint|p2a: Tauros\n|\n|-heal|p1a: Enamorus|40/247|[from] item: Leftovers\n|upkeep\n|\n|t:|1782885985\n|switch|p2a: Sneasler|Sneasler, L74, M|240/240\n|turn|4\n|\n|t:|1782885994\n|move|p2a: Sneasler|Dire Claw|p1a: Enamorus\n|-supereffective|p1a: Enamorus\n|-crit|p1a: Enamorus\n|-damage|p1a: Enamorus|0 fnt\n|faint|p1a: Enamorus\n|\n|upkeep\n|\n|t:|1782886001\n|switch|p1a: Pincurchin|Pincurchin, F|258/258\n|-fieldstart|move: Electric Terrain|[from] ability: Electric Surge|[of] p1a: Pincurchin\n|turn|5\n|\n|t:|1782886006\n|move|p2a: Sneasler|Dire Claw|p1a: Pincurchin\n|-damage|p1a: Pincurchin|191/258\n|move|p1a: Pincurchin|Zing Zap|p2a: Sneasler\n|-damage|p2a: Sneasler|15/240\n|\n|-heal|p1a: Pincurchin|207/258|[from] item: Leftovers\n|upkeep\n|turn|6\n|\n|t:|1782886013\n|move|p2a: Sneasler|Dire Claw|p1a: Pincurchin\n|-damage|p1a: Pincurchin|135/258\n|move|p1a: Pincurchin|Recover|p1a: Pincurchin\n|-heal|p1a: Pincurchin|258/258\n|\n|upkeep\n|turn|7\n|\n|t:|1782886017\n|move|p2a: Sneasler|Dire Claw|p1a: Pincurchin\n|-damage|p1a: Pincurchin|195/258\n|-status|p1a: Pincurchin|psn\n|move|p1a: Pincurchin|Zing Zap|p2a: Sneasler\n|-damage|p2a: Sneasler|0 fnt\n|faint|p2a: Sneasler\n|\n|-heal|p1a: Pincurchin|211/258 psn|[from] item: Leftovers\n|-damage|p1a: Pincurchin|179/258 psn|[from] psn\n|upkeep\n|\n|t:|1782886019\n|switch|p2a: Regidrago|Regidrago, L77|435/435\n|turn|8\n|\n|t:|1782886040\n|switch|p1a: Gumshoos|Gumshoos, L95, M|321/321\n|move|p2a: Regidrago|Dragon Dance|p2a: Regidrago\n|-boost|p2a: Regidrago|atk|1\n|-boost|p2a: Regidrago|spe|1\n|\n|upkeep\n|turn|9\n|\n|t:|1782886044\n|-terastallize|p2a: Regidrago|Dragon\n|move|p2a: Regidrago|Outrage|p1a: Gumshoos\n|-damage|p1a: Gumshoos|0 fnt\n|faint|p1a: Gumshoos\n|\n|-fieldend|move: Electric Terrain\n|upkeep\n|\n|t:|1782886056\n|switch|p1a: Lilligant|Lilligant, L86, F|261/261\n|turn|10\n|\n|t:|1782886060\n|-terastallize|p1a: Lilligant|Fairy\n|move|p2a: Regidrago|Outrage|p1a: Lilligant|[from] lockedmove\n|-immune|p1a: Lilligant\n|move|p1a: Lilligant|Alluring Voice|p2a: Regidrago\n|-supereffective|p2a: Regidrago\n|-damage|p2a: Regidrago|0 fnt\n|faint|p2a: Regidrago\n|-damage|p1a: Lilligant|235/261|[from] item: Life Orb\n|\n|upkeep\n|\n|t:|1782886063\n|switch|p2a: Fezandipiti|Fezandipiti, L82, M|278/278\n|turn|11\n|\n|t:|1782886074\n|move|p2a: Fezandipiti|Gunk Shot|p1a: Lilligant\n|-supereffective|p1a: Lilligant\n|-damage|p1a: Lilligant|0 fnt\n|faint|p1a: Lilligant\n|\n|upkeep\n|\n|t:|1782886078\n|switch|p1a: Pincurchin|Pincurchin, F|179/258 psn\n|-fieldstart|move: Electric Terrain|[from] ability: Electric Surge|[of] p1a: Pincurchin\n|turn|12\n|\n|t:|1782886081\n|move|p2a: Fezandipiti|U-turn|p1a: Pincurchin\n|-damage|p1a: Pincurchin|145/258 psn\n|\n|t:|1782886083\n|switch|p2a: Rotom|Rotom-Wash, L82|216/216|[from] U-turn\n|move|p1a: Pincurchin|Zing Zap|p2a: Rotom\n|-damage|p2a: Rotom|66/216\n|\n|-heal|p2a: Rotom|79/216|[from] item: Leftovers\n|-heal|p1a: Pincurchin|161/258 psn|[from] item: Leftovers\n|-damage|p1a: Pincurchin|129/258 psn|[from] psn\n|upkeep\n|turn|13\n|\n|t:|1782886087\n|move|p2a: Rotom|Nasty Plot|p2a: Rotom\n|-boost|p2a: Rotom|spa|2\n|move|p1a: Pincurchin|Zing Zap|p2a: Rotom\n|-damage|p2a: Rotom|0 fnt\n|faint|p2a: Rotom\n|\n|-heal|p1a: Pincurchin|145/258 psn|[from] item: Leftovers\n|-damage|p1a: Pincurchin|113/258 psn|[from] psn\n|upkeep\n|\n|t:|1782886089\n|switch|p2a: Kricketune|Kricketune, L99, M|312/312\n|turn|14\n|\n|t:|1782886092\n|move|p2a: Kricketune|Knock Off|p1a: Pincurchin\n|-damage|p1a: Pincurchin|45/258 psn\n|-enditem|p1a: Pincurchin|Leftovers|[from] move: Knock Off|[of] p2a: Kricketune\n|move|p1a: Pincurchin|Recover|p1a: Pincurchin\n|-heal|p1a: Pincurchin|174/258 psn\n|\n|-damage|p1a: Pincurchin|142/258 psn|[from] psn\n|upkeep\n|turn|15\n|\n|t:|1782886096\n|move|p2a: Kricketune|Pounce|p1a: Pincurchin\n|-damage|p1a: Pincurchin|70/258 psn\n|-unboost|p1a: Pincurchin|spe|1\n|move|p1a: Pincurchin|Recover|p1a: Pincurchin\n|-heal|p1a: Pincurchin|199/258 psn\n|\n|-damage|p1a: Pincurchin|167/258 psn|[from] psn\n|upkeep\n|turn|16\n|\n|t:|1782886099\n|move|p2a: Kricketune|Pounce|p1a: Pincurchin\n|-damage|p1a: Pincurchin|91/258 psn\n|-unboost|p1a: Pincurchin|spe|1\n|move|p1a: Pincurchin|Recover|p1a: Pincurchin\n|-heal|p1a: Pincurchin|220/258 psn\n|\n|-damage|p1a: Pincurchin|188/258 psn|[from] psn\n|-fieldend|move: Electric Terrain\n|upkeep\n|turn|17\n|\n|t:|1782886105\n|switch|p1a: Vaporeon|Vaporeon, L86, M|364/364\n|move|p2a: Kricketune|Pounce|p1a: Vaporeon\n|-damage|p1a: Vaporeon|241/364\n|-unboost|p1a: Vaporeon|spe|1\n|\n|-heal|p1a: Vaporeon|263/364|[from] item: Leftovers\n|upkeep\n|turn|18\n|\n|t:|1782886111\n|move|p2a: Kricketune|Knock Off|p1a: Vaporeon\n|-damage|p1a: Vaporeon|147/364\n|-enditem|p1a: Vaporeon|Leftovers|[from] move: Knock Off|[of] p2a: Kricketune\n|move|p1a: Vaporeon|Wish|p1a: Vaporeon\n|\n|upkeep\n|turn|19\n|\n|t:|1782886115\n|move|p1a: Vaporeon|Protect|p1a: Vaporeon\n|-singleturn|p1a: Vaporeon|Protect\n|move|p2a: Kricketune|Sticky Web|p1a: Vaporeon\n|-sidestart|p1: legolas06|move: Sticky Web\n|\n|-heal|p1a: Vaporeon|329/364|[from] move: Wish|[wisher] Vaporeon\n|upkeep\n|turn|20\n|\n|t:|1782886118\n|switch|p2a: Fezandipiti|Fezandipiti, L82, M|278/278\n|move|p1a: Vaporeon|Wish|p1a: Vaporeon\n|\n|upkeep\n|turn|21\n|\n|t:|1782886122\n|move|p2a: Fezandipiti|Gunk Shot|p1a: Vaporeon\n|-damage|p1a: Vaporeon|169/364\n|-status|p1a: Vaporeon|psn\n|move|p1a: Vaporeon|Scald|p2a: Fezandipiti\n|-damage|p2a: Fezandipiti|200/278\n|\n|-heal|p1a: Vaporeon|351/364 psn|[from] move: Wish|[wisher] Vaporeon\n|-heal|p2a: Fezandipiti|217/278|[from] item: Leftovers\n|-damage|p1a: Vaporeon|306/364 psn|[from] psn\n|upkeep\n|turn|22\n|\n|t:|1782886133\n|move|p2a: Fezandipiti|Moonblast|p1a: Vaporeon\n|-damage|p1a: Vaporeon|242/364 psn\n|move|p1a: Vaporeon|Scald|p2a: Fezandipiti\n|-damage|p2a: Fezandipiti|144/278\n|\n|-heal|p2a: Fezandipiti|161/278|[from] item: Leftovers\n|-damage|p1a: Vaporeon|197/364 psn|[from] psn\n|upkeep\n|turn|23\n|\n|t:|1782886136\n|move|p2a: Fezandipiti|Gunk Shot|p1a: Vaporeon\n|-damage|p1a: Vaporeon|53/364 psn\n|move|p1a: Vaporeon|Wish|p1a: Vaporeon\n|\n|-heal|p2a: Fezandipiti|178/278|[from] item: Leftovers\n|-damage|p1a: Vaporeon|8/364 psn|[from] psn\n|upkeep\n|turn|24\n|\n|t:|1782886140\n|move|p2a: Fezandipiti|Gunk Shot|p1a: Vaporeon\n|-damage|p1a: Vaporeon|0 fnt\n|faint|p1a: Vaporeon\n|\n|-heal|p2a: Fezandipiti|195/278|[from] item: Leftovers\n|upkeep\n|\n|t:|1782886143\n|switch|p1a: Serperior|Serperior, L79, F|248/248\n|-activate|p1a: Serperior|move: Sticky Web\n|-boost|p1a: Serperior|spe|1\n|turn|25\n|\n|t:|1782886149\n|move|p1a: Serperior|Leaf Storm|p2a: Fezandipiti|[miss]\n|-miss|p1a: Serperior|p2a: Fezandipiti\n|move|p2a: Fezandipiti|Gunk Shot|p1a: Serperior|[miss]\n|-miss|p2a: Fezandipiti|p1a: Serperior\n|\n|-heal|p2a: Fezandipiti|212/278|[from] item: Leftovers\n|upkeep\n|turn|26\n|-message|legolas06 forfeited.\n|\n|win|jnpr010334\n|raw|legolas06's rating: 1891 &rarr; <strong>1866</strong><br />(-25 for losing)\n|raw|jnpr010334's rating: 1811 &rarr; <strong>1836</strong><br />(+25 for winning)\n", "inputlog": ">version f8ac14003a5f27e1bdc8d8c59608a773c1cb96e5\n>start {\"formatid\":\"gen9randombattle\",\"seed\":\"sodium,708d3f825f46a3f88457771239a51034\",\"rated\":\"Rated battle\"}\n>player p1 {\"name\":\"legolas06\",\"avatar\":\"102\",\"rating\":1891,\"seed\":\"sodium,049496a083640fc9a4b9ee17b6f27d07\"}\n>player p2 {\"name\":\"jnpr010334\",\"avatar\":\"265\",\"rating\":1831,\"seed\":\"sodium,305f95bb8a65ecdd045c849e597542d1\"}\n>p1 move moonblast\n>p2 move bodyslam\n>p1 move substitute\n>p2 move bodyslam\n>p1 move moonblast\n>p2 move bodyslam\n>p2 switch 4\n>p1 move earthpower\n>p2 move direclaw\n>p1 switch 2\n>p1 move zingzap\n>p2 move direclaw\n>p1 move recover\n>p2 move direclaw\n>p1 move zingzap\n>p2 move direclaw\n>p2 switch 6\n>p1 switch 3\n>p2 move dragondance\n>p1 move doubleedge\n>p2 move outrage terastallize\n>p1 switch 5\n>p1 move alluringvoice terastallize\n>p2 move outrage\n>p2 switch 5\n>p1 move sleeppowder\n>p2 move gunkshot\n>p1 switch 3\n>p1 move zingzap\n>p2 move uturn\n>p2 switch 3\n>p1 move zingzap\n>p2 move nastyplot\n>p2 switch 2\n>p1 move recover\n>p2 move knockoff\n>p1 move recover\n>p2 move pounce\n>p1 move recover\n>p2 move pounce\n>p1 switch 6\n>p2 move pounce\n>p1 move wish\n>p2 move knockoff\n>p1 move protect\n>p2 move stickyweb\n>p1 move wish\n>p2 switch 3\n>p1 move scald\n>p2 move gunkshot\n>p1 move scald\n>p2 move moonblast\n>p1 move wish\n>p2 move gunkshot\n>p1 move flipturn\n>p2 move gunkshot\n>p1 switch 4\n>p1 move leafstorm\n>p2 move gunkshot\n>forcelose p1", "uploadtime": 1782886152, "views": 2, "formatid": "gen9randombattle", "rating": 1836, "private": 0, "password": null, "player_dets": [{"name": "legolas06", "avatar": "102", "rating": 1891, "seed": "sodium,049496a083640fc9a4b9ee17b6f27d07"}, {"name": "jnpr010334", "avatar": "265", "rating": 1831, "seed": "sodium,305f95bb8a65ecdd045c849e597542d1"}], "teams_full": [{"Enamorus": {"name": "Enamorus", "species": "Enamorus", "speciesId": "enamorus", "gender": "F", "shiny": false, "level": 79, "moves": ["moonblast", "calmmind", "substitute", "earthpower"], "ability": "Cute Charm", "evs": {"hp": 85, "atk": 0, "def": 85, "spa": 85, "spd": 85, "spe": 85}, "ivs": {"hp": 31, "atk": 0, "def": 31, "spa": 31, "spd": 31, "spe": 31}, "item": "Leftovers", "teraType": "Ground", "role": "Fast Bulky Setup", "bvs": {"hp": 74, "atk": 115, "def": 70, "spa": 135, "spd": 80, "spe": 106}, "stats": {"hp": 247, "atk": 186, "def": 156, "spa": 259, "spd": 172, "spe": 213}, "types": ["Fairy", "Flying"]}, "Pincurchin": {"name": "Pincurchin", "species": "Pincurchin", "speciesId": "pincurchin", "gender": "F", "shiny": false, "level": 100, "moves": ["zingzap", "liquidation", "curse", "recover"], "ability": "Electric Surge", "evs": {"hp": 85, "atk": 85, "def": 85, "spa": 85, "spd": 85, "spe": 85}, "ivs": {"hp": 31, "atk": 31, "def": 31, "spa": 31, "spd": 31, "spe": 31}, "item": "Leftovers", "teraType": "Water", "role": "Bulky Setup", "bvs": {"hp": 48, "atk": 101, "def": 95, "spa": 91, "spd": 85, "spe": 15}, "stats": {"hp": 258, "atk": 259, "def": 247, "spa": 239, "spd": 227, "spe": 87}, "types": ["Electric"]}, "Gumshoos": {"name": "Gumshoos", "species": "Gumshoos", "speciesId": "gumshoos", "gender": "M", "shiny": false, "level": 95, "moves": ["earthquake", "knockoff", "uturn", "doubleedge"], "ability": "Stakeout", "evs": {"hp": 85, "atk": 85, "def": 85, "spa": 85, "spd": 85, "spe": 85}, "ivs": {"hp": 31, "atk": 31, "def": 31, "spa": 31, "spd": 31, "spe": 31}, "item": "Choice Band", "teraType": "Normal", "role": "Wallbreaker", "bvs": {"hp": 88, "atk": 110, "def": 60, "spa": 55, "spd": 60, "spe": 45}, "stats": {"hp": 321, "atk": 263, "def": 168, "spa": 158, "spd": 168, "spe": 139}, "types": ["Normal"]}, "Serperior": {"name": "Serperior", "species": "Serperior", "speciesId": "serperior", "gender": "F", "shiny": false, "level": 79, "moves": ["glare", "terablast", "synthesis", "leafstorm"], "ability": "Contrary", "evs": {"hp": 85, "atk": 85, "def": 85, "spa": 85, "spd": 85, "spe": 85}, "ivs": {"hp": 31, "atk": 31, "def": 31, "spa": 31, "spd": 31, "spe": 31}, "item": "Life Orb", "teraType": "Fire", "role": "Tera Blast user", "bvs": {"hp": 75, "atk": 75, "def": 95, "spa": 75, "spd": 95, "spe": 113}, "stats": {"hp": 248, "atk": 164, "def": 196, "spa": 164, "spd": 196, "spe": 224}, "types": ["Grass"]}, "Lilligant": {"name": "Lilligant", "species": "Lilligant", "speciesId": "lilligant", "gender": "F", "shiny": false, "level": 86, "moves": ["petaldance", "alluringvoice", "quiverdance", "sleeppowder"], "ability": "Own Tempo", "evs": {"hp": 85, "atk": 0, "def": 85, "spa": 85, "spd": 85, "spe": 85}, "ivs": {"hp": 31, "atk": 0, "def": 31, "spa": 31, "spd": 31, "spe": 31}, "item": "Life Orb", "teraType": "Fairy", "role": "Setup Sweeper", "bvs": {"hp": 70, "atk": 60, "def": 75, "spa": 110, "spd": 75, "spe": 90}, "stats": {"hp": 261, "atk": 108, "def": 178, "spa": 238, "spd": 178, "spe": 204}, "types": ["Grass"]}, "Vaporeon": {"name": "Vaporeon", "species": "Vaporeon", "speciesId": "vaporeon", "gender": "M", "shiny": false, "level": 86, "moves": ["flipturn", "scald", "wish", "protect"], "ability": "Water Absorb", "evs": {"hp": 85, "atk": 85, "def": 85, "spa": 85, "spd": 85, "spe": 85}, "ivs": {"hp": 31, "atk": 31, "def": 31, "spa": 31, "spd": 31, "spe": 31}, "item": "Leftovers", "teraType": "Poison", "role": "Bulky Support", "bvs": {"hp": 130, "atk": 65, "def": 60, "spa": 110, "spd": 95, "spe": 65}, "stats": {"hp": 364, "atk": 161, "def": 152, "spa": 238, "spd": 213, "spe": 161}, "types": ["Water"]}}, {"Tauros": {"name": "Tauros", "species": "Tauros", "speciesId": "tauros", "gender": "M", "shiny": false, "level": 82, "moves": ["earthquake", "closecombat", "throatchop", "bodyslam"], "ability": "Sheer Force", "evs": {"hp": 85, "atk": 85, "def": 85, "spa": 85, "spd": 85, "spe": 85}, "ivs": {"hp": 31, "atk": 31, "def": 31, "spa": 31, "spd": 31, "spe": 31}, "item": "Life Orb", "teraType": "Normal", "role": "Fast Attacker", "bvs": {"hp": 75, "atk": 100, "def": 95, "spa": 40, "spd": 70, "spe": 110}, "stats": {"hp": 257, "atk": 211, "def": 203, "spa": 113, "spd": 162, "spe": 228}, "types": ["Normal"]}, "Kricketune": {"name": "Kricketune", "species": "Kricketune", "speciesId": "kricketune", "gender": "M", "shiny": false, "level": 99, "moves": ["stickyweb", "taunt", "pounce", "knockoff"], "ability": "Technician", "evs": {"hp": 85, "atk": 85, "def": 85, "spa": 85, "spd": 85, "spe": 85}, "ivs": {"hp": 31, "atk": 31, "def": 31, "spa": 31, "spd": 31, "spe": 31}, "item": "Heavy-Duty Boots", "teraType": "Ghost", "role": "Fast Support", "bvs": {"hp": 77, "atk": 85, "def": 51, "spa": 55, "spd": 51, "spe": 65}, "stats": {"hp": 312, "atk": 224, "def": 157, "spa": 165, "spd": 157, "spe": 185}, "types": ["Bug"]}, "Rotom": {"name": "Rotom", "species": "Rotom-Wash", "speciesId": "rotomwash", "gender": "N", "shiny": false, "level": 82, "moves": ["willowisp", "hydropump", "nastyplot", "thunderbolt"], "ability": "Levitate", "evs": {"hp": 85, "atk": 0, "def": 85, "spa": 85, "spd": 85, "spe": 85}, "ivs": {"hp": 31, "atk": 0, "def": 31, "spa": 31, "spd": 31, "spe": 31}, "item": "Leftovers", "teraType": "Electric", "role": "Bulky Attacker", "bvs": {"hp": 50, "atk": 65, "def": 107, "spa": 105, "spd": 107, "spe": 86}, "stats": {"hp": 216, "atk": 111, "def": 223, "spa": 219, "spd": 223, "spe": 188}, "types": ["Electric", "Water"]}, "Sneasler": {"name": "Sneasler", "species": "Sneasler", "speciesId": "sneasler", "gender": "M", "shiny": false, "level": 74, "moves": ["acrobatics", "swordsdance", "closecombat", "direclaw"], "ability": "Unburden", "evs": {"hp": 85, "atk": 85, "def": 85, "spa": 85, "spd": 85, "spe": 85}, "ivs": {"hp": 31, "atk": 31, "def": 31, "spa": 31, "spd": 31, "spe": 31}, "item": "White Herb", "teraType": "Flying", "role": "Setup Sweeper", "bvs": {"hp": 80, "atk": 130, "def": 60, "spa": 40, "spd": 80, "spe": 120}, "stats": {"hp": 240, "atk": 235, "def": 132, "spa": 102, "spd": 161, "spe": 221}, "types": ["Fighting", "Poison"]}, "Fezandipiti": {"name": "Fezandipiti", "species": "Fezandipiti", "speciesId": "fezandipiti", "gender": "M", "shiny": false, "level": 82, "moves": ["gunkshot", "moonblast", "uturn", "roost"], "ability": "Toxic Chain", "evs": {"hp": 85, "atk": 85, "def": 85, "spa": 85, "spd": 85, "spe": 85}, "ivs": {"hp": 31, "atk": 31, "def": 31, "spa": 31, "spd": 31, "spe": 31}, "item": "Leftovers", "teraType": "Steel", "role": "Bulky Attacker", "bvs": {"hp": 88, "atk": 91, "def": 82, "spa": 70, "spd": 125, "spe": 99}, "stats": {"hp": 278, "atk": 196, "def": 182, "spa": 162, "spd": 252, "spe": 210}, "types": ["Poison", "Fairy"]}, "Regidrago": {"name": "Regidrago", "species": "Regidrago", "speciesId": "regidrago", "gender": "N", "shiny": false, "level": 77, "moves": ["outrage", "dragondance", "dracometeor", "earthquake"], "ability": "Dragon's Maw", "evs": {"hp": 85, "atk": 85, "def": 85, "spa": 85, "spd": 85, "spe": 85}, "ivs": {"hp": 31, "atk": 31, "def": 31, "spa": 31, "spd": 31, "spe": 31}, "item": "Lum Berry", "teraType": "Dragon", "role": "Setup Sweeper", "bvs": {"hp": 200, "atk": 100, "def": 50, "spa": 100, "spd": 50, "spe": 80}, "stats": {"hp": 435, "atk": 199, "def": 122, "spa": 199, "spd": 122, "spe": 168}, "types": ["Dragon"]}}]}