{"id": "gen9randombattle-2641979141", "format": "[Gen 9] Random Battle", "players": ["notmetbh102", "JackieQQ"], "log": "|j|\u2606notmetbh102\n|j|\u2606JackieQQ\n|t:|1782867953\n|gametype|singles\n|player|p1|notmetbh102|265|2081\n|player|p2|JackieQQ|102|2127\n|gen|9\n|tier|[Gen 9] Random Battle\n|rated|\n|rule|Species Clause: Limit one of each Pok\u00e9mon\n|rule|HP Percentage Mod: HP is shown in percentages\n|rule|Sleep Clause Mod: Limit one foe put to sleep\n|rule|Illusion Level Mod: Illusion disguises the Pok\u00e9mon's true level\n|\n|t:|1782867953\n|teamsize|p1|6\n|teamsize|p2|6\n|start\n|switch|p1a: Typhlosion|Typhlosion-Hisui, L83, M|257/257\n|switch|p2a: Magnezone|Magnezone, L85|258/258\n|turn|1\n|inactive|Battle timer is ON: inactive players will automatically lose when time's up. (requested by notmetbh102)\n|c|\u2606notmetbh102|hf\n|\n|t:|1782867971\n|move|p1a: Typhlosion|Calm Mind|p1a: Typhlosion\n|-boost|p1a: Typhlosion|spa|1\n|-boost|p1a: Typhlosion|spd|1\n|move|p2a: Magnezone|Mirror Coat||[still]\n|-fail|p2a: Magnezone\n|\n|upkeep\n|turn|2\n|\n|t:|1782867974\n|move|p1a: Typhlosion|Fire Blast|p2a: Magnezone\n|-supereffective|p2a: Magnezone\n|-damage|p2a: Magnezone|18/258\n|move|p2a: Magnezone|Thunderbolt|p1a: Typhlosion\n|-damage|p1a: Typhlosion|149/257\n|-status|p1a: Typhlosion|par\n|\n|upkeep\n|turn|3\n|\n|t:|1782867977\n|switch|p1a: Mesprit|Mesprit, L85|275/275\n|move|p2a: Magnezone|Thunderbolt|p1a: Mesprit\n|-damage|p1a: Mesprit|131/275\n|\n|-heal|p1a: Mesprit|148/275|[from] item: Leftovers\n|upkeep\n|turn|4\n|\n|t:|1782867984\n|move|p1a: Mesprit|Knock Off|p2a: Magnezone\n|-damage|p2a: Magnezone|0 fnt\n|-enditem|p2a: Magnezone|Assault Vest|[from] move: Knock Off|[of] p1a: Mesprit\n|faint|p2a: Magnezone\n|\n|-heal|p1a: Mesprit|165/275|[from] item: Leftovers\n|upkeep\n|\n|t:|1782867987\n|switch|p2a: Spiritomb|Spiritomb, L89, M|234/234\n|turn|5\n|\n|t:|1782867989\n|-terastallize|p1a: Mesprit|Dark\n|move|p1a: Mesprit|Knock Off|p2a: Spiritomb\n|-damage|p2a: Spiritomb|137/234\n|-enditem|p2a: Spiritomb|Leftovers|[from] move: Knock Off|[of] p1a: Mesprit\n|move|p2a: Spiritomb|Poltergeist|p1a: Mesprit\n|-activate|p1a: Mesprit|move: Poltergeist|Leftovers\n|-resisted|p1a: Mesprit\n|-damage|p1a: Mesprit|108/275\n|\n|-heal|p1a: Mesprit|125/275|[from] item: Leftovers\n|upkeep\n|turn|6\n|\n|t:|1782867996\n|move|p1a: Mesprit|Knock Off|p2a: Spiritomb\n|-damage|p2a: Spiritomb|70/234\n|move|p2a: Spiritomb|Will-O-Wisp|p1a: Mesprit\n|-status|p1a: Mesprit|brn\n|\n|-heal|p1a: Mesprit|142/275 brn|[from] item: Leftovers\n|-damage|p1a: Mesprit|125/275 brn|[from] brn\n|upkeep\n|turn|7\n|\n|t:|1782868004\n|move|p1a: Mesprit|Stealth Rock|p2a: Spiritomb\n|-sidestart|p2: JackieQQ|move: Stealth Rock\n|move|p2a: Spiritomb|Poltergeist|p1a: Mesprit|[miss]\n|-miss|p2a: Spiritomb|p1a: Mesprit\n|\n|-heal|p1a: Mesprit|142/275 brn|[from] item: Leftovers\n|-damage|p1a: Mesprit|125/275 brn|[from] brn\n|upkeep\n|turn|8\n|\n|t:|1782868008\n|move|p1a: Mesprit|Knock Off|p2a: Spiritomb\n|-crit|p2a: Spiritomb\n|-damage|p2a: Spiritomb|24/234\n|move|p2a: Spiritomb|Poltergeist|p1a: Mesprit\n|-activate|p1a: Mesprit|move: Poltergeist|Leftovers\n|-resisted|p1a: Mesprit\n|-damage|p1a: Mesprit|74/275 brn\n|\n|-heal|p1a: Mesprit|91/275 brn|[from] item: Leftovers\n|-damage|p1a: Mesprit|74/275 brn|[from] brn\n|upkeep\n|turn|9\n|\n|t:|1782868010\n|move|p1a: Mesprit|Knock Off|p2a: Spiritomb\n|-damage|p2a: Spiritomb|0 fnt\n|faint|p2a: Spiritomb\n|\n|-heal|p1a: Mesprit|91/275 brn|[from] item: Leftovers\n|-damage|p1a: Mesprit|74/275 brn|[from] brn\n|upkeep\n|\n|t:|1782868015\n|switch|p2a: Keldeo|Keldeo-Resolute, L79|273/273\n|-damage|p2a: Keldeo|256/273|[from] Stealth Rock\n|turn|10\n|\n|t:|1782868020\n|move|p2a: Keldeo|Secret Sword|p1a: Mesprit\n|-supereffective|p1a: Mesprit\n|-damage|p1a: Mesprit|0 fnt\n|faint|p1a: Mesprit\n|-damage|p2a: Keldeo|229/273|[from] item: Life Orb\n|\n|upkeep\n|\n|t:|1782868020\n|switch|p1a: Alcremie|Alcremie-Mint-Cream, L90, F|263/263\n|turn|11\n|inactive|JackieQQ has 120 seconds left.\n|\n|t:|1782868074\n|move|p2a: Keldeo|Calm Mind|p2a: Keldeo\n|-boost|p2a: Keldeo|spa|1\n|-boost|p2a: Keldeo|spd|1\n|move|p1a: Alcremie|Calm Mind|p1a: Alcremie\n|-boost|p1a: Alcremie|spa|1\n|-boost|p1a: Alcremie|spd|1\n|\n|upkeep\n|turn|12\n|\n|t:|1782868076\n|move|p2a: Keldeo|Calm Mind|p2a: Keldeo\n|-boost|p2a: Keldeo|spa|1\n|-boost|p2a: Keldeo|spd|1\n|move|p1a: Alcremie|Alluring Voice|p2a: Keldeo\n|-supereffective|p2a: Keldeo\n|-damage|p2a: Keldeo|59/273\n|-start|p2a: Keldeo|confusion\n|\n|upkeep\n|turn|13\n|\n|t:|1782868079\n|-activate|p2a: Keldeo|confusion\n|move|p2a: Keldeo|Secret Sword|p1a: Alcremie\n|-resisted|p1a: Alcremie\n|-damage|p1a: Alcremie|129/263\n|-damage|p2a: Keldeo|32/273|[from] item: Life Orb\n|move|p1a: Alcremie|Recover|p1a: Alcremie\n|-heal|p1a: Alcremie|261/263\n|\n|-heal|p1a: Alcremie|263/263|[from] item: Leftovers\n|upkeep\n|turn|14\n|\n|t:|1782868084\n|-end|p2a: Keldeo|confusion\n|move|p2a: Keldeo|Hydro Pump|p1a: Alcremie\n|-damage|p1a: Alcremie|102/263\n|-damage|p2a: Keldeo|5/273|[from] item: Life Orb\n|move|p1a: Alcremie|Recover|p1a: Alcremie\n|-heal|p1a: Alcremie|234/263\n|\n|-heal|p1a: Alcremie|250/263|[from] item: Leftovers\n|upkeep\n|turn|15\n|\n|t:|1782868092\n|move|p2a: Keldeo|Calm Mind|p2a: Keldeo\n|-boost|p2a: Keldeo|spa|1\n|-boost|p2a: Keldeo|spd|1\n|move|p1a: Alcremie|Recover|p1a: Alcremie\n|-heal|p1a: Alcremie|263/263\n|\n|upkeep\n|turn|16\n|\n|t:|1782868100\n|move|p2a: Keldeo|Calm Mind|p2a: Keldeo\n|-boost|p2a: Keldeo|spa|1\n|-boost|p2a: Keldeo|spd|1\n|move|p1a: Alcremie|Recover||[still]\n|-fail|p1a: Alcremie|heal\n|\n|upkeep\n|turn|17\n|\n|t:|1782868107\n|switch|p1a: Typhlosion|Typhlosion-Hisui, L83, M|149/257 par\n|move|p2a: Keldeo|Secret Sword|p1a: Typhlosion\n|-immune|p1a: Typhlosion\n|\n|upkeep\n|turn|18\n|\n|t:|1782868113\n|move|p2a: Keldeo|Hydro Pump|p1a: Typhlosion\n|-supereffective|p1a: Typhlosion\n|-damage|p1a: Typhlosion|0 fnt\n|faint|p1a: Typhlosion\n|-damage|p2a: Keldeo|0 fnt|[from] item: Life Orb\n|faint|p2a: Keldeo\n|\n|upkeep\n|\n|t:|1782868115\n|switch|p2a: Dugtrio|Dugtrio, L84, F|196/196\n|switch|p1a: Basculin|Basculin-Blue-Striped, L86, F|261/261\n|-damage|p2a: Dugtrio|184/196|[from] Stealth Rock\n|turn|19\n|\n|t:|1782868120\n|move|p2a: Dugtrio|Earthquake|p1a: Basculin\n|-damage|p1a: Basculin|101/261\n|-damage|p2a: Dugtrio|165/196|[from] item: Life Orb\n|move|p1a: Basculin|Wave Crash|p2a: Dugtrio\n|-supereffective|p2a: Dugtrio\n|-damage|p2a: Dugtrio|0 fnt\n|faint|p2a: Dugtrio\n|-damage|p1a: Basculin|47/261|[from] Recoil\n|\n|upkeep\n|\n|t:|1782868122\n|switch|p2a: Grimmsnarl|Grimmsnarl, L83, M|293/293\n|-damage|p2a: Grimmsnarl|257/293|[from] Stealth Rock\n|turn|20\n|\n|t:|1782868127\n|switch|p1a: Talonflame|Talonflame, L83, F|265/265\n|move|p2a: Grimmsnarl|Reflect|p2a: Grimmsnarl\n|-sidestart|p2: JackieQQ|Reflect\n|\n|upkeep\n|turn|21\n|\n|t:|1782868130\n|move|p2a: Grimmsnarl|Parting Shot|p1a: Talonflame\n|-unboost|p1a: Talonflame|atk|1\n|-unboost|p1a: Talonflame|spa|1\n|\n|t:|1782868132\n|switch|p2a: Chimecho|Chimecho, L93, F|290/290|[from] Parting Shot\n|-damage|p2a: Chimecho|254/290|[from] Stealth Rock\n|move|p1a: Talonflame|Swords Dance|p1a: Talonflame\n|-boost|p1a: Talonflame|atk|2\n|\n|-heal|p2a: Chimecho|272/290|[from] item: Leftovers\n|upkeep\n|turn|22\n|\n|t:|1782868136\n|switch|p1a: Alcremie|Alcremie-Mint-Cream, L90, F|263/263\n|move|p2a: Chimecho|Cosmic Power|p2a: Chimecho\n|-boost|p2a: Chimecho|def|1\n|-boost|p2a: Chimecho|spd|1\n|\n|-heal|p2a: Chimecho|290/290|[from] item: Leftovers\n|upkeep\n|turn|23\n|\n|t:|1782868142\n|move|p2a: Chimecho|Cosmic Power|p2a: Chimecho\n|-boost|p2a: Chimecho|def|1\n|-boost|p2a: Chimecho|spd|1\n|move|p1a: Alcremie|Calm Mind|p1a: Alcremie\n|-boost|p1a: Alcremie|spa|1\n|-boost|p1a: Alcremie|spd|1\n|\n|upkeep\n|turn|24\n|\n|t:|1782868144\n|move|p2a: Chimecho|Cosmic Power|p2a: Chimecho\n|-boost|p2a: Chimecho|def|1\n|-boost|p2a: Chimecho|spd|1\n|move|p1a: Alcremie|Calm Mind|p1a: Alcremie\n|-boost|p1a: Alcremie|spa|1\n|-boost|p1a: Alcremie|spd|1\n|\n|upkeep\n|turn|25\n|\n|t:|1782868145\n|move|p2a: Chimecho|Cosmic Power|p2a: Chimecho\n|-boost|p2a: Chimecho|def|1\n|-boost|p2a: Chimecho|spd|1\n|move|p1a: Alcremie|Calm Mind|p1a: Alcremie\n|-boost|p1a: Alcremie|spa|1\n|-boost|p1a: Alcremie|spd|1\n|\n|upkeep\n|turn|26\n|\n|t:|1782868146\n|move|p2a: Chimecho|Cosmic Power|p2a: Chimecho\n|-boost|p2a: Chimecho|def|1\n|-boost|p2a: Chimecho|spd|1\n|move|p1a: Alcremie|Calm Mind|p1a: Alcremie\n|-boost|p1a: Alcremie|spa|1\n|-boost|p1a: Alcremie|spd|1\n|\n|upkeep\n|turn|27\n|\n|t:|1782868148\n|move|p2a: Chimecho|Cosmic Power|p2a: Chimecho\n|-boost|p2a: Chimecho|def|1\n|-boost|p2a: Chimecho|spd|1\n|move|p1a: Alcremie|Alluring Voice|p2a: Chimecho\n|-damage|p2a: Chimecho|220/290\n|-start|p2a: Chimecho|confusion\n|\n|-heal|p2a: Chimecho|238/290|[from] item: Leftovers\n|-sideend|p2: JackieQQ|Reflect\n|upkeep\n|turn|28\n|\n|t:|1782868152\n|-activate|p2a: Chimecho|confusion\n|-damage|p2a: Chimecho|234/290|[from] confusion\n|move|p1a: Alcremie|Alluring Voice|p2a: Chimecho\n|-damage|p2a: Chimecho|158/290\n|\n|-heal|p2a: Chimecho|176/290|[from] item: Leftovers\n|upkeep\n|turn|29\n|\n|t:|1782868156\n|-activate|p2a: Chimecho|confusion\n|move|p2a: Chimecho|Stored Power|p1a: Alcremie\n|-damage|p1a: Alcremie|179/263\n|move|p1a: Alcremie|Alluring Voice|p2a: Chimecho\n|-crit|p2a: Chimecho\n|-damage|p2a: Chimecho|0 fnt\n|faint|p2a: Chimecho\n|\n|-heal|p1a: Alcremie|195/263|[from] item: Leftovers\n|upkeep\n|-message|JackieQQ forfeited.\n|\n|win|notmetbh102\n|raw|notmetbh102's rating: 2081 &rarr; <strong>2104</strong><br />(+23 for winning)\n|raw|JackieQQ's rating: 2127 &rarr; <strong>2104</strong><br />(-23 for losing)\n|c|\u2606notmetbh102|gg\n|l|\u2606JackieQQ\n|player|p2|\n", "inputlog": ">version f8ac14003a5f27e1bdc8d8c59608a773c1cb96e5\n>start {\"formatid\":\"gen9randombattle\",\"seed\":\"sodium,72009b08467add83c1c4cd802d0da82d\",\"rated\":\"Rated battle\"}\n>player p1 {\"name\":\"notmetbh102\",\"avatar\":\"265\",\"rating\":2081,\"seed\":\"sodium,9d98707cddfd256060f25b7f8a70ed19\"}\n>player p2 {\"name\":\"JackieQQ\",\"avatar\":\"102\",\"rating\":2127,\"seed\":\"sodium,0e7c73779048b484ff5a4803d913529b\"}\n>chat \u2606notmetbh102|hf\n>p1 move calmmind\n>p2 move mirrorcoat\n>p1 move fireblast\n>p2 move thunderbolt\n>p1 switch 2\n>p2 move thunderbolt\n>p1 move knockoff\n>p2 move thunderbolt\n>p2 switch 6\n>p1 move knockoff terastallize\n>p2 move poltergeist\n>p1 move knockoff\n>p2 move willowisp\n>p1 move stealthrock\n>p2 move poltergeist\n>p1 move knockoff\n>p2 move poltergeist\n>p1 move knockoff\n>p2 move poltergeist\n>p2 switch 5\n>p1 move psychicnoise\n>p2 move secretsword\n>p1 switch 6\n>p1 move calmmind\n>p2 move calmmind\n>p1 move alluringvoice\n>p2 move calmmind\n>p1 move recover\n>p2 move secretsword\n>p1 move recover\n>p2 move hydropump\n>p1 move recover\n>p2 move calmmind\n>p1 move recover\n>p2 move calmmind\n>p1 switch 2\n>p2 move secretsword\n>p1 move shadowball\n>p2 move hydropump\n>p1 switch 5\n>p2 switch 2\n>p1 move wavecrash\n>p2 move earthquake\n>p2 switch 3\n>p1 switch 4\n>p2 move reflect\n>p1 move swordsdance\n>p2 move partingshot\n>p2 switch 4\n>p1 switch 2\n>p2 move cosmicpower\n>p1 move calmmind\n>p2 move cosmicpower\n>p1 move calmmind\n>p2 move cosmicpower\n>p1 move calmmind\n>p2 move cosmicpower\n>p1 move calmmind\n>p2 move cosmicpower\n>p1 move alluringvoice\n>p2 move cosmicpower\n>p1 move alluringvoice\n>p2 move storedpower\n>p1 move alluringvoice\n>p2 move storedpower\n>forcelose p2", "uploadtime": 1782868162, "views": 3, "formatid": "gen9randombattle", "rating": 2104, "private": 0, "password": null, "player_dets": [{"name": "notmetbh102", "avatar": "265", "rating": 2081, "seed": "sodium,9d98707cddfd256060f25b7f8a70ed19"}, {"name": "JackieQQ", "avatar": "102", "rating": 2127, "seed": "sodium,0e7c73779048b484ff5a4803d913529b"}], "teams_full": [{"Typhlosion": {"name": "Typhlosion", "species": "Typhlosion-Hisui", "speciesId": "typhlosionhisui", "gender": "M", "shiny": false, "level": 83, "moves": ["focusblast", "shadowball", "calmmind", "fireblast"], "ability": "Blaze", "evs": {"hp": 85, "atk": 0, "def": 85, "spa": 85, "spd": 85, "spe": 85}, "ivs": {"hp": 31, "atk": 0, "def": 31, "spa": 31, "spd": 31, "spe": 31}, "item": "Heavy-Duty Boots", "teraType": "Ghost", "role": "Fast Bulky Setup", "bvs": {"hp": 73, "atk": 84, "def": 78, "spa": 119, "spd": 85, "spe": 95}, "stats": {"hp": 257, "atk": 144, "def": 177, "spa": 245, "spd": 189, "spe": 205}, "types": ["Fire", "Ghost"]}, "Mesprit": {"name": "Mesprit", "species": "Mesprit", "speciesId": "mesprit", "gender": "N", "shiny": false, "level": 85, "moves": ["stealthrock", "knockoff", "uturn", "psychicnoise"], "ability": "Levitate", "evs": {"hp": 85, "atk": 85, "def": 85, "spa": 85, "spd": 85, "spe": 85}, "ivs": {"hp": 31, "atk": 31, "def": 31, "spa": 31, "spd": 31, "spe": 31}, "item": "Leftovers", "teraType": "Dark", "role": "Bulky Support", "bvs": {"hp": 80, "atk": 105, "def": 105, "spa": 105, "spd": 105, "spe": 80}, "stats": {"hp": 275, "atk": 227, "def": 227, "spa": 227, "spd": 227, "spe": 185}, "types": ["Psychic"]}, "Lugia": {"name": "Lugia", "species": "Lugia", "speciesId": "lugia", "gender": "N", "shiny": false, "level": 73, "moves": ["earthpower", "calmmind", "recover", "aeroblast"], "ability": "Multiscale", "evs": {"hp": 85, "atk": 0, "def": 85, "spa": 85, "spd": 85, "spe": 85}, "ivs": {"hp": 31, "atk": 0, "def": 31, "spa": 31, "spd": 31, "spe": 31}, "item": "Heavy-Duty Boots", "teraType": "Ground", "role": "Bulky Setup", "bvs": {"hp": 106, "atk": 90, "def": 130, "spa": 90, "spd": 154, "spe": 110}, "stats": {"hp": 275, "atk": 136, "def": 232, "spa": 174, "spd": 267, "spe": 203}, "types": ["Psychic", "Flying"]}, "Talonflame": {"name": "Talonflame", "species": "Talonflame", "speciesId": "talonflame", "gender": "F", "shiny": false, "level": 83, "moves": ["bravebird", "terablast", "flareblitz", "swordsdance"], "ability": "Flame Body", "evs": {"hp": 85, "atk": 85, "def": 85, "spa": 85, "spd": 85, "spe": 85}, "ivs": {"hp": 31, "atk": 31, "def": 31, "spa": 31, "spd": 31, "spe": 31}, "item": "Heavy-Duty Boots", "teraType": "Ground", "role": "Tera Blast user", "bvs": {"hp": 78, "atk": 81, "def": 71, "spa": 74, "spd": 69, "spe": 126}, "stats": {"hp": 265, "atk": 182, "def": 166, "spa": 171, "spd": 162, "spe": 257}, "types": ["Fire", "Flying"]}, "Basculin": {"name": "Basculin", "species": "Basculin-Blue-Striped", "speciesId": "basculin", "gender": "F", "shiny": false, "level": 86, "moves": ["wavecrash", "flipturn", "doubleedge", "aquajet"], "ability": "Adaptability", "evs": {"hp": 85, "atk": 85, "def": 85, "spa": 85, "spd": 85, "spe": 85}, "ivs": {"hp": 31, "atk": 31, "def": 31, "spa": 31, "spd": 31, "spe": 31}, "item": "Choice Band", "teraType": "Water", "role": "Wallbreaker", "bvs": {"hp": 70, "atk": 92, "def": 65, "spa": 80, "spd": 55, "spe": 98}, "stats": {"hp": 261, "atk": 207, "def": 161, "spa": 187, "spd": 144, "spe": 218}, "types": ["Water"]}, "Alcremie": {"name": "Alcremie", "species": "Alcremie-Mint-Cream", "speciesId": "alcremie", "gender": "F", "shiny": false, "level": 90, "moves": ["calmmind", "alluringvoice", "recover", "psyshock"], "ability": "Aroma Veil", "evs": {"hp": 85, "atk": 0, "def": 85, "spa": 85, "spd": 85, "spe": 85}, "ivs": {"hp": 31, "atk": 0, "def": 31, "spa": 31, "spd": 31, "spe": 31}, "item": "Leftovers", "teraType": "Steel", "role": "Bulky Setup", "bvs": {"hp": 65, "atk": 60, "def": 75, "spa": 110, "spd": 121, "spe": 64}, "stats": {"hp": 263, "atk": 113, "def": 186, "spa": 249, "spd": 269, "spe": 167}, "types": ["Fairy"]}}, {"Magnezone": {"name": "Magnezone", "species": "Magnezone", "speciesId": "magnezone", "gender": "N", "shiny": false, "level": 85, "moves": ["voltswitch", "mirrorcoat", "flashcannon", "thunderbolt"], "ability": "Analytic", "evs": {"hp": 85, "atk": 0, "def": 85, "spa": 85, "spd": 85, "spe": 85}, "ivs": {"hp": 31, "atk": 0, "def": 31, "spa": 31, "spd": 31, "spe": 31}, "item": "Assault Vest", "teraType": "Flying", "role": "AV Pivot", "bvs": {"hp": 70, "atk": 70, "def": 115, "spa": 130, "spd": 90, "spe": 60}, "stats": {"hp": 258, "atk": 124, "def": 244, "spa": 270, "spd": 202, "spe": 151}, "types": ["Electric", "Steel"]}, "Dugtrio": {"name": "Dugtrio", "species": "Dugtrio", "speciesId": "dugtrio", "gender": "F", "shiny": false, "level": 84, "moves": ["swordsdance", "suckerpunch", "earthquake", "stoneedge"], "ability": "Arena Trap", "evs": {"hp": 85, "atk": 85, "def": 85, "spa": 85, "spd": 85, "spe": 85}, "ivs": {"hp": 31, "atk": 31, "def": 31, "spa": 31, "spd": 31, "spe": 31}, "item": "Life Orb", "teraType": "Dark", "role": "Fast Support", "bvs": {"hp": 35, "atk": 100, "def": 50, "spa": 50, "spd": 70, "spe": 120}, "stats": {"hp": 196, "atk": 216, "def": 132, "spa": 132, "spd": 166, "spe": 250}, "types": ["Ground"]}, "Grimmsnarl": {"name": "Grimmsnarl", "species": "Grimmsnarl", "speciesId": "grimmsnarl", "gender": "M", "shiny": false, "level": 83, "moves": ["spiritbreak", "lightscreen", "reflect", "partingshot"], "ability": "Prankster", "evs": {"hp": 85, "atk": 85, "def": 85, "spa": 85, "spd": 85, "spe": 85}, "ivs": {"hp": 31, "atk": 31, "def": 31, "spa": 31, "spd": 31, "spe": 31}, "item": "Light Clay", "teraType": "Poison", "role": "Bulky Support", "bvs": {"hp": 95, "atk": 120, "def": 65, "spa": 95, "spd": 75, "spe": 60}, "stats": {"hp": 293, "atk": 247, "def": 156, "spa": 205, "spd": 172, "spe": 147}, "types": ["Dark", "Fairy"]}, "Chimecho": {"name": "Chimecho", "species": "Chimecho", "speciesId": "chimecho", "gender": "F", "shiny": false, "level": 93, "moves": ["cosmicpower", "storedpower", "recover", "dazzlinggleam"], "ability": "Levitate", "evs": {"hp": 85, "atk": 0, "def": 85, "spa": 85, "spd": 85, "spe": 85}, "ivs": {"hp": 31, "atk": 0, "def": 31, "spa": 31, "spd": 31, "spe": 31}, "item": "Leftovers", "teraType": "Steel", "role": "Bulky Attacker", "bvs": {"hp": 75, "atk": 50, "def": 80, "spa": 95, "spd": 90, "spe": 65}, "stats": {"hp": 290, "atk": 98, "def": 202, "spa": 230, "spd": 220, "spe": 174}, "types": ["Psychic"]}, "Keldeo": {"name": "Keldeo", "species": "Keldeo-Resolute", "speciesId": "keldeoresolute", "gender": "N", "shiny": false, "level": 79, "moves": ["airslash", "secretsword", "hydropump", "calmmind"], "ability": "Justified", "evs": {"hp": 85, "atk": 0, "def": 85, "spa": 85, "spd": 85, "spe": 85}, "ivs": {"hp": 31, "atk": 0, "def": 31, "spa": 31, "spd": 31, "spe": 31}, "item": "Life Orb", "teraType": "Fighting", "role": "Fast Attacker", "bvs": {"hp": 91, "atk": 72, "def": 90, "spa": 129, "spd": 90, "spe": 108}, "stats": {"hp": 273, "atk": 118, "def": 188, "spa": 249, "spd": 188, "spe": 216}, "types": ["Water", "Fighting"]}, "Spiritomb": {"name": "Spiritomb", "species": "Spiritomb", "speciesId": "spiritomb", "gender": "M", "shiny": false, "level": 89, "moves": ["painsplit", "foulplay", "willowisp", "poltergeist"], "ability": "Infiltrator", "evs": {"hp": 85, "atk": 85, "def": 85, "spa": 85, "spd": 85, "spe": 85}, "ivs": {"hp": 31, "atk": 31, "def": 31, "spa": 31, "spd": 31, "spe": 31}, "item": "Leftovers", "teraType": "Steel", "role": "Bulky Support", "bvs": {"hp": 50, "atk": 92, "def": 108, "spa": 92, "spd": 108, "spe": 35}, "stats": {"hp": 234, "atk": 215, "def": 243, "spa": 215, "spd": 243, "spe": 113}, "types": ["Ghost", "Dark"]}}]}