{"id": "gen9randombattle-2641787753", "format": "[Gen 9] Random Battle", "players": ["lesllamas", "19wink"], "log": "|j|\u2606lesllamas\n|j|\u260619wink\n|t:|1782841945\n|gametype|singles\n|player|p1|lesllamas|2|2122\n|player|p2|19wink|rood|2135\n|gen|9\n|tier|[Gen 9] Random Battle\n|rated|\n|rule|Species Clause: Limit one of each Pok\u00e9mon\n|rule|HP Percentage Mod: HP is shown in percentages\n|rule|Sleep Clause Mod: Limit one foe put to sleep\n|rule|Illusion Level Mod: Illusion disguises the Pok\u00e9mon's true level\n|\n|t:|1782841945\n|teamsize|p1|6\n|teamsize|p2|6\n|start\n|switch|p1a: Rayquaza|Rayquaza, L72|270/270\n|switch|p2a: Reuniclus|Reuniclus, L88, F|337/337\n|-ability|p1a: Rayquaza|Air Lock\n|turn|1\n|\n|t:|1782841981\n|switch|p1a: Calyrex|Calyrex-Ice, L72|263/263\n|-ability|p1a: Calyrex|As One\n|-ability|p1a: Calyrex|Unnerve\n|move|p2a: Reuniclus|Psyshock|p1a: Calyrex\n|-resisted|p1a: Calyrex\n|-damage|p1a: Calyrex|203/263\n|\n|upkeep\n|turn|2\n|\n|t:|1782841996\n|switch|p2a: Gurdurr|Gurdurr, L85, M|283/283\n|move|p1a: Calyrex|Agility|p1a: Calyrex\n|-boost|p1a: Calyrex|spe|2\n|\n|upkeep\n|turn|3\n|inactive|Battle timer is ON: inactive players will automatically lose when time's up. (requested by lesllamas)\n|\n|t:|1782842001\n|move|p1a: Calyrex|Glacial Lance|p2a: Gurdurr\n|-damage|p2a: Gurdurr|181/283\n|move|p2a: Gurdurr|Bulk Up|p2a: Gurdurr\n|-boost|p2a: Gurdurr|atk|1\n|-boost|p2a: Gurdurr|def|1\n|\n|upkeep\n|turn|4\n|\n|t:|1782842007\n|move|p1a: Calyrex|Glacial Lance|p2a: Gurdurr\n|-damage|p2a: Gurdurr|112/283\n|move|p2a: Gurdurr|Knock Off|p1a: Calyrex\n|-supereffective|p1a: Calyrex\n|-damage|p1a: Calyrex|19/263\n|-enditem|p1a: Calyrex|Weakness Policy\n|-boost|p1a: Calyrex|atk|2|[from] item: Weakness Policy\n|-boost|p1a: Calyrex|spa|2|[from] item: Weakness Policy\n|\n|upkeep\n|turn|5\n|\n|t:|1782842013\n|move|p2a: Gurdurr|Mach Punch|p1a: Calyrex\n|-damage|p1a: Calyrex|0 fnt\n|faint|p1a: Calyrex\n|\n|upkeep\n|\n|t:|1782842019\n|switch|p1a: Azelf|Azelf, L82|257/257\n|turn|6\n|\n|t:|1782842022\n|switch|p2a: Muk|Muk-Alola, L82, F|306/306\n|move|p1a: Azelf|Dazzling Gleam|p2a: Muk\n|-damage|p2a: Muk|257/306\n|-damage|p1a: Azelf|232/257|[from] item: Life Orb\n|\n|upkeep\n|turn|7\n|\n|t:|1782842029\n|switch|p1a: Forretress|Forretress, L84, F|263/263\n|move|p2a: Muk|Knock Off|p1a: Forretress\n|-damage|p1a: Forretress|194/263\n|-enditem|p1a: Forretress|Leftovers|[from] move: Knock Off|[of] p2a: Muk\n|\n|upkeep\n|turn|8\n|\n|t:|1782842047\n|move|p2a: Muk|Drain Punch|p1a: Forretress\n|-damage|p1a: Forretress|157/263\n|-heal|p2a: Muk|276/306|[from] drain|[of] p1a: Forretress\n|move|p1a: Forretress|Stealth Rock|p2a: Muk\n|-sidestart|p2: 19wink|move: Stealth Rock\n|\n|upkeep\n|turn|9\n|\n|t:|1782842069\n|move|p2a: Muk|Drain Punch|p1a: Forretress\n|-damage|p1a: Forretress|119/263\n|-heal|p2a: Muk|295/306|[from] drain|[of] p1a: Forretress\n|move|p1a: Forretress|Spikes|p2a: Muk\n|-sidestart|p2: 19wink|Spikes\n|\n|upkeep\n|turn|10\n|\n|t:|1782842087\n|move|p2a: Muk|Drain Punch|p1a: Forretress\n|-damage|p1a: Forretress|85/263\n|-heal|p2a: Muk|306/306|[from] drain|[of] p1a: Forretress\n|move|p1a: Forretress|Spikes|p2a: Muk\n|-sidestart|p2: 19wink|Spikes\n|\n|upkeep\n|turn|11\n|\n|t:|1782842091\n|move|p2a: Muk|Knock Off|p1a: Forretress\n|-damage|p1a: Forretress|37/263\n|move|p1a: Forretress|Spikes|p2a: Muk\n|-sidestart|p2: 19wink|Spikes\n|\n|upkeep\n|turn|12\n|\n|t:|1782842094\n|move|p2a: Muk|Knock Off|p1a: Forretress\n|-damage|p1a: Forretress|0 fnt\n|faint|p1a: Forretress\n|\n|upkeep\n|\n|t:|1782842103\n|switch|p1a: Hitmontop|Hitmontop, L88, M|231/231\n|turn|13\n|inactive|19wink has 120 seconds left.\n|\n|t:|1782842150\n|move|p1a: Hitmontop|Bulk Up|p1a: Hitmontop\n|-boost|p1a: Hitmontop|atk|1\n|-boost|p1a: Hitmontop|def|1\n|move|p2a: Muk|Gunk Shot|p1a: Hitmontop\n|-damage|p1a: Hitmontop|152/231\n|-status|p1a: Hitmontop|psn\n|\n|-heal|p1a: Hitmontop|166/231 psn|[from] item: Leftovers\n|-damage|p1a: Hitmontop|138/231 psn|[from] psn\n|upkeep\n|turn|14\n|\n|t:|1782842158\n|move|p1a: Hitmontop|Triple Axel|p2a: Muk\n|-damage|p2a: Muk|269/306\n|-damage|p2a: Muk|196/306\n|-damage|p2a: Muk|79/306\n|-hitcount|p2a: Muk|3\n|move|p2a: Muk|Drain Punch|p1a: Hitmontop\n|-damage|p1a: Hitmontop|104/231 psn\n|-heal|p2a: Muk|96/306|[from] drain|[of] p1a: Hitmontop\n|\n|-heal|p1a: Hitmontop|118/231 psn|[from] item: Leftovers\n|-damage|p1a: Hitmontop|90/231 psn|[from] psn\n|upkeep\n|turn|15\n|inactive|19wink has 120 seconds left.\n|\n|t:|1782842167\n|move|p2a: Muk|Shadow Sneak|p1a: Hitmontop\n|-damage|p1a: Hitmontop|73/231 psn\n|move|p1a: Hitmontop|Close Combat|p2a: Muk\n|-damage|p2a: Muk|0 fnt\n|-unboost|p1a: Hitmontop|def|1\n|-unboost|p1a: Hitmontop|spd|1\n|faint|p2a: Muk\n|\n|-heal|p1a: Hitmontop|87/231 psn|[from] item: Leftovers\n|-damage|p1a: Hitmontop|59/231 psn|[from] psn\n|upkeep\n|inactive|19wink has 120 seconds left.\n|\n|t:|1782842172\n|switch|p2a: Scream Tail|Scream Tail, L84|330/330\n|-damage|p2a: Scream Tail|289/330|[from] Stealth Rock\n|-damage|p2a: Scream Tail|207/330|[from] Spikes\n|turn|16\n|\n|t:|1782842177\n|move|p2a: Scream Tail|Play Rough|p1a: Hitmontop\n|-supereffective|p1a: Hitmontop\n|-damage|p1a: Hitmontop|0 fnt\n|faint|p1a: Hitmontop\n|\n|-heal|p2a: Scream Tail|227/330|[from] item: Leftovers\n|upkeep\n|\n|t:|1782842183\n|switch|p1a: Azelf|Azelf, L82|232/257\n|turn|17\n|\n|t:|1782842186\n|move|p1a: Azelf|Nasty Plot|p1a: Azelf\n|-boost|p1a: Azelf|spa|2\n|move|p2a: Scream Tail|Thunder Wave|p1a: Azelf\n|-status|p1a: Azelf|par\n|\n|-heal|p2a: Scream Tail|247/330|[from] item: Leftovers\n|upkeep\n|turn|18\n|\n|t:|1782842190\n|move|p2a: Scream Tail|Play Rough|p1a: Azelf\n|-damage|p1a: Azelf|144/257 par\n|move|p1a: Azelf|Dazzling Gleam|p2a: Scream Tail\n|-damage|p2a: Scream Tail|117/330\n|-damage|p1a: Azelf|119/257 par|[from] item: Life Orb\n|\n|-heal|p2a: Scream Tail|137/330|[from] item: Leftovers\n|upkeep\n|turn|19\n|inactive|19wink has 120 seconds left.\n|\n|t:|1782842232\n|move|p2a: Scream Tail|Play Rough|p1a: Azelf\n|-damage|p1a: Azelf|29/257 par\n|-unboost|p1a: Azelf|atk|1\n|cant|p1a: Azelf|par\n|\n|-heal|p2a: Scream Tail|157/330|[from] item: Leftovers\n|upkeep\n|turn|20\n|-message|lesllamas forfeited.\n|\n|win|19wink\n|raw|lesllamas's rating: 2122 &rarr; <strong>2103</strong><br />(-19 for losing)\n|raw|19wink's rating: 2135 &rarr; <strong>2154</strong><br />(+19 for winning)\n", "inputlog": ">version f8ac14003a5f27e1bdc8d8c59608a773c1cb96e5\n>start {\"formatid\":\"gen9randombattle\",\"seed\":\"sodium,1db6d4cb2da09ce792c9ae7ee53e677b\",\"rated\":\"Rated battle\"}\n>player p1 {\"name\":\"lesllamas\",\"avatar\":\"2\",\"rating\":2122,\"seed\":\"sodium,cd558b3884130fb208e957b285d2c9e9\"}\n>player p2 {\"name\":\"19wink\",\"avatar\":\"rood\",\"rating\":2135,\"seed\":\"sodium,343cb205132443fe09b657f997f9c002\"}\n>p1 switch 6\n>p2 move psyshock\n>p1 move agility\n>p2 switch 3\n>p1 move glaciallance\n>p2 move bulkup\n>p1 move glaciallance\n>p2 move knockoff\n>p1 move glaciallance\n>p2 move machpunch\n>p1 switch 5\n>p1 move dazzlinggleam\n>p2 switch 4\n>p1 switch 3\n>p2 move knockoff\n>p1 move stealthrock\n>p2 move drainpunch\n>p1 move spikes\n>p2 move drainpunch\n>p1 move spikes\n>p2 move drainpunch\n>p1 move spikes\n>p2 move knockoff\n>p1 move bodypress\n>p2 move knockoff\n>p1 switch 2\n>p1 move bulkup\n>p2 move gunkshot\n>p1 move tripleaxel\n>p2 move drainpunch\n>p1 move closecombat\n>p2 move shadowsneak\n>p2 switch 2\n>p1 move tripleaxel\n>p2 move playrough\n>p1 switch 3\n>p1 move nastyplot\n>p2 move thunderwave\n>p1 move dazzlinggleam\n>p2 move playrough\n>p1 move fireblast\n>p2 move playrough\n>forcelose p1", "uploadtime": 1782842240, "views": 6, "formatid": "gen9randombattle", "rating": 2103, "private": 0, "password": null, "player_dets": [{"name": "lesllamas", "avatar": "2", "rating": 2122, "seed": "sodium,cd558b3884130fb208e957b285d2c9e9"}, {"name": "19wink", "avatar": "rood", "rating": 2135, "seed": "sodium,343cb205132443fe09b657f997f9c002"}], "teams_full": [{"Rayquaza": {"name": "Rayquaza", "species": "Rayquaza", "speciesId": "rayquaza", "gender": "N", "shiny": false, "level": 72, "moves": ["dragondance", "dragonascent", "outrage", "earthquake"], "ability": "Air Lock", "evs": {"hp": 85, "atk": 85, "def": 85, "spa": 85, "spd": 85, "spe": 85}, "ivs": {"hp": 31, "atk": 31, "def": 31, "spa": 31, "spd": 31, "spe": 31}, "item": "Heavy-Duty Boots", "teraType": "Flying", "role": "Setup Sweeper", "bvs": {"hp": 105, "atk": 150, "def": 90, "spa": 150, "spd": 90, "spe": 95}, "stats": {"hp": 270, "atk": 258, "def": 172, "spa": 258, "spd": 172, "spe": 179}, "types": ["Dragon", "Flying"]}, "Hitmontop": {"name": "Hitmontop", "species": "Hitmontop", "speciesId": "hitmontop", "gender": "M", "shiny": false, "level": 88, "moves": ["rapidspin", "tripleaxel", "closecombat", "bulkup"], "ability": "Technician", "evs": {"hp": 85, "atk": 85, "def": 85, "spa": 85, "spd": 85, "spe": 85}, "ivs": {"hp": 31, "atk": 31, "def": 31, "spa": 31, "spd": 31, "spe": 31}, "item": "Leftovers", "teraType": "Ice", "role": "Bulky Setup", "bvs": {"hp": 50, "atk": 95, "def": 95, "spa": 35, "spd": 110, "spe": 70}, "stats": {"hp": 231, "atk": 217, "def": 217, "spa": 112, "spd": 244, "spe": 173}, "types": ["Fighting"]}, "Forretress": {"name": "Forretress", "species": "Forretress", "speciesId": "forretress", "gender": "F", "shiny": false, "level": 84, "moves": ["bodypress", "stealthrock", "spikes", "ironhead"], "ability": "Sturdy", "evs": {"hp": 85, "atk": 85, "def": 85, "spa": 85, "spd": 85, "spe": 85}, "ivs": {"hp": 31, "atk": 31, "def": 31, "spa": 31, "spd": 31, "spe": 31}, "item": "Leftovers", "teraType": "Water", "role": "Bulky Attacker", "bvs": {"hp": 75, "atk": 90, "def": 140, "spa": 60, "spd": 60, "spe": 40}, "stats": {"hp": 263, "atk": 199, "def": 283, "spa": 149, "spd": 149, "spe": 115}, "types": ["Bug", "Steel"]}, "Urshifu": {"name": "Urshifu", "species": "Urshifu", "speciesId": "urshifu", "gender": "M", "shiny": false, "level": 74, "moves": ["wickedblow", "closecombat", "suckerpunch", "swordsdance"], "ability": "Unseen Fist", "evs": {"hp": 85, "atk": 85, "def": 85, "spa": 85, "spd": 85, "spe": 85}, "ivs": {"hp": 31, "atk": 31, "def": 31, "spa": 31, "spd": 31, "spe": 31}, "item": "Life Orb", "teraType": "Dark", "role": "Fast Attacker", "bvs": {"hp": 100, "atk": 130, "def": 100, "spa": 63, "spd": 60, "spe": 97}, "stats": {"hp": 270, "atk": 235, "def": 191, "spa": 136, "spd": 132, "spe": 187}, "types": ["Fighting", "Dark"]}, "Azelf": {"name": "Azelf", "species": "Azelf", "speciesId": "azelf", "gender": "N", "shiny": false, "level": 82, "moves": ["dazzlinggleam", "psychic", "nastyplot", "fireblast"], "ability": "Levitate", "evs": {"hp": 85, "atk": 0, "def": 85, "spa": 85, "spd": 85, "spe": 85}, "ivs": {"hp": 31, "atk": 0, "def": 31, "spa": 31, "spd": 31, "spe": 31}, "item": "Life Orb", "teraType": "Fairy", "role": "Fast Attacker", "bvs": {"hp": 75, "atk": 125, "def": 70, "spa": 125, "spd": 70, "spe": 115}, "stats": {"hp": 257, "atk": 210, "def": 162, "spa": 252, "spd": 162, "spe": 236}, "types": ["Psychic"]}, "Calyrex": {"name": "Calyrex", "species": "Calyrex-Ice", "speciesId": "calyrexice", "gender": "N", "shiny": false, "level": 72, "moves": ["glaciallance", "highhorsepower", "agility", "closecombat"], "ability": "As One (Glastrier)", "evs": {"hp": 85, "atk": 85, "def": 85, "spa": 85, "spd": 85, "spe": 85}, "ivs": {"hp": 31, "atk": 31, "def": 31, "spa": 31, "spd": 31, "spe": 31}, "item": "Weakness Policy", "teraType": "Ground", "role": "Bulky Setup", "bvs": {"hp": 100, "atk": 165, "def": 150, "spa": 85, "spd": 130, "spe": 50}, "stats": {"hp": 263, "atk": 280, "def": 258, "spa": 164, "spd": 229, "spe": 114}, "types": ["Psychic", "Ice"]}}, {"Reuniclus": {"name": "Reuniclus", "species": "Reuniclus", "speciesId": "reuniclus", "gender": "F", "shiny": false, "level": 88, "moves": ["focusblast", "recover", "calmmind", "psyshock"], "ability": "Magic Guard", "evs": {"hp": 85, "atk": 0, "def": 85, "spa": 85, "spd": 85, "spe": 85}, "ivs": {"hp": 31, "atk": 0, "def": 31, "spa": 31, "spd": 31, "spe": 31}, "item": "Life Orb", "teraType": "Steel", "role": "Bulky Setup", "bvs": {"hp": 110, "atk": 65, "def": 75, "spa": 125, "spd": 85, "spe": 30}, "stats": {"hp": 337, "atk": 119, "def": 182, "spa": 270, "spd": 200, "spe": 103}, "types": ["Psychic"]}, "Scream Tail": {"name": "Scream Tail", "species": "Scream Tail", "speciesId": "screamtail", "gender": "N", "shiny": false, "level": 84, "moves": ["thunderwave", "playrough", "protect", "wish"], "ability": "Protosynthesis", "evs": {"hp": 85, "atk": 85, "def": 85, "spa": 85, "spd": 85, "spe": 85}, "ivs": {"hp": 31, "atk": 31, "def": 31, "spa": 31, "spd": 31, "spe": 31}, "item": "Leftovers", "teraType": "Steel", "role": "Bulky Support", "bvs": {"hp": 115, "atk": 65, "def": 99, "spa": 65, "spd": 115, "spe": 111}, "stats": {"hp": 330, "atk": 157, "def": 215, "spa": 157, "spd": 241, "spe": 235}, "types": ["Fairy", "Psychic"]}, "Gurdurr": {"name": "Gurdurr", "species": "Gurdurr", "speciesId": "gurdurr", "gender": "M", "shiny": false, "level": 85, "moves": ["knockoff", "bulkup", "machpunch", "drainpunch"], "ability": "Guts", "evs": {"hp": 85, "atk": 85, "def": 85, "spa": 85, "spd": 85, "spe": 85}, "ivs": {"hp": 31, "atk": 31, "def": 31, "spa": 31, "spd": 31, "spe": 31}, "item": "Eviolite", "teraType": "Steel", "role": "Bulky Attacker", "bvs": {"hp": 85, "atk": 105, "def": 85, "spa": 40, "spd": 50, "spe": 40}, "stats": {"hp": 283, "atk": 227, "def": 193, "spa": 117, "spd": 134, "spe": 117}, "types": ["Fighting"]}, "Muk": {"name": "Muk", "species": "Muk-Alola", "speciesId": "mukalola", "gender": "F", "shiny": false, "level": 82, "moves": ["knockoff", "gunkshot", "drainpunch", "shadowsneak"], "ability": "Poison Touch", "evs": {"hp": 85, "atk": 85, "def": 85, "spa": 85, "spd": 85, "spe": 85}, "ivs": {"hp": 31, "atk": 31, "def": 31, "spa": 31, "spd": 31, "spe": 31}, "item": "Assault Vest", "teraType": "Fighting", "role": "AV Pivot", "bvs": {"hp": 105, "atk": 105, "def": 75, "spa": 65, "spd": 100, "spe": 50}, "stats": {"hp": 306, "atk": 219, "def": 170, "spa": 154, "spd": 211, "spe": 129}, "types": ["Poison", "Dark"]}, "Toucannon": {"name": "Toucannon", "species": "Toucannon", "speciesId": "toucannon", "gender": "F", "shiny": false, "level": 88, "moves": ["beakblast", "roost", "bulletseed", "boomburst"], "ability": "Skill Link", "evs": {"hp": 85, "atk": 85, "def": 85, "spa": 85, "spd": 85, "spe": 85}, "ivs": {"hp": 31, "atk": 31, "def": 31, "spa": 31, "spd": 31, "spe": 31}, "item": "Heavy-Duty Boots", "teraType": "Steel", "role": "Bulky Support", "bvs": {"hp": 80, "atk": 120, "def": 75, "spa": 75, "spd": 75, "spe": 60}, "stats": {"hp": 284, "atk": 261, "def": 182, "spa": 182, "spd": 182, "spe": 156}, "types": ["Normal", "Flying"]}, "Koraidon": {"name": "Koraidon", "species": "Koraidon", "speciesId": "koraidon", "gender": "N", "shiny": false, "level": 64, "moves": ["closecombat", "flareblitz", "outrage", "uturn"], "ability": "Orichalcum Pulse", "evs": {"hp": 85, "atk": 85, "def": 85, "spa": 85, "spd": 85, "spe": 85}, "ivs": {"hp": 31, "atk": 31, "def": 31, "spa": 31, "spd": 31, "spe": 31}, "item": "Choice Band", "teraType": "Fire", "role": "Fast Attacker", "bvs": {"hp": 100, "atk": 135, "def": 115, "spa": 85, "spd": 100, "spe": 135}, "stats": {"hp": 235, "atk": 211, "def": 185, "spa": 147, "spd": 166, "spe": 211}, "types": ["Fighting", "Dragon"]}}]}