{"id": "gen9randombattle-2641861402", "format": "[Gen 9] Random Battle", "players": ["DiamondDog_DelTa", "costcos_wholesales"], "log": "|j|\u2606DiamondDog_DelTa\n|j|\u2606costcos_wholesales\n|t:|1782850734\n|gametype|singles\n|player|p1|DiamondDog_DelTa|red-gen7|1977\n|player|p2|costcos_wholesales|hiker-gen4|1976\n|gen|9\n|tier|[Gen 9] Random Battle\n|rated|\n|rule|Species Clause: Limit one of each Pok\u00e9mon\n|rule|HP Percentage Mod: HP is shown in percentages\n|rule|Sleep Clause Mod: Limit one foe put to sleep\n|rule|Illusion Level Mod: Illusion disguises the Pok\u00e9mon's true level\n|\n|t:|1782850734\n|teamsize|p1|6\n|teamsize|p2|6\n|start\n|switch|p1a: Blissey|Blissey, L85, F|572/572\n|switch|p2a: Bisharp|Bisharp, L79, M|232/232\n|turn|1\n|\n|t:|1782850745\n|move|p2a: Bisharp|Stealth Rock|p1a: Blissey\n|-sidestart|p1: DiamondDog_DelTa|move: Stealth Rock\n|move|p1a: Blissey|Thunder Wave|p2a: Bisharp\n|-status|p2a: Bisharp|par\n|\n|upkeep\n|turn|2\n|\n|t:|1782850749\n|move|p1a: Blissey|Stealth Rock|p2a: Bisharp\n|-sidestart|p2: costcos_wholesales|move: Stealth Rock\n|move|p2a: Bisharp|Iron Head|p1a: Blissey\n|-crit|p1a: Blissey\n|-damage|p1a: Blissey|163/572\n|\n|-heal|p1a: Blissey|198/572|[from] item: Leftovers\n|upkeep\n|turn|3\n|\n|t:|1782850752\n|move|p1a: Blissey|Soft-Boiled|p1a: Blissey\n|-heal|p1a: Blissey|484/572\n|cant|p2a: Bisharp|par\n|\n|-heal|p1a: Blissey|519/572|[from] item: Leftovers\n|upkeep\n|turn|4\n|\n|t:|1782850759\n|switch|p1a: Zekrom|Zekrom, L71|259/259\n|-damage|p1a: Zekrom|227/259|[from] Stealth Rock\n|-ability|p1a: Zekrom|Teravolt\n|move|p2a: Bisharp|Throat Chop|p1a: Zekrom\n|-damage|p1a: Zekrom|140/259\n|-start|p1a: Zekrom|Throat Chop|[silent]\n|\n|-heal|p1a: Zekrom|156/259|[from] item: Leftovers\n|upkeep\n|turn|5\n|\n|t:|1782850764\n|switch|p2a: Illumise|Illumise, L91, F|266/266\n|move|p1a: Zekrom|Bolt Strike|p2a: Illumise|[miss]\n|-miss|p1a: Zekrom|p2a: Illumise\n|\n|-heal|p1a: Zekrom|172/259|[from] item: Leftovers\n|-end|p1a: Zekrom|Throat Chop|[silent]\n|upkeep\n|turn|6\n|\n|t:|1782850773\n|move|p2a: Illumise|Encore|p1a: Zekrom\n|-start|p1a: Zekrom|Encore\n|move|p1a: Zekrom|Bolt Strike|p2a: Illumise\n|-damage|p2a: Illumise|122/266\n|\n|-heal|p1a: Zekrom|188/259|[from] item: Leftovers\n|upkeep\n|turn|7\n|\n|t:|1782850775\n|switch|p2a: Haxorus|Haxorus, L77, F|244/244\n|-damage|p2a: Haxorus|214/244|[from] Stealth Rock\n|-ability|p2a: Haxorus|Mold Breaker\n|move|p1a: Zekrom|Bolt Strike|p2a: Haxorus\n|-resisted|p2a: Haxorus\n|-damage|p2a: Haxorus|143/244\n|-status|p2a: Haxorus|par\n|-enditem|p2a: Haxorus|Lum Berry|[eat]\n|-curestatus|p2a: Haxorus|par|[msg]\n|\n|-heal|p1a: Zekrom|204/259|[from] item: Leftovers\n|upkeep\n|turn|8\n|\n|t:|1782850781\n|switch|p1a: Chesnaught|Chesnaught, L84, F|285/285\n|-damage|p1a: Chesnaught|268/285|[from] Stealth Rock\n|move|p2a: Haxorus|Dragon Dance|p2a: Haxorus\n|-boost|p2a: Haxorus|atk|1\n|-boost|p2a: Haxorus|spe|1\n|\n|-heal|p1a: Chesnaught|285/285|[from] item: Leftovers\n|upkeep\n|turn|9\n|\n|t:|1782850790\n|move|p2a: Haxorus|Outrage|p1a: Chesnaught\n|-damage|p1a: Chesnaught|102/285\n|move|p1a: Chesnaught|Body Press|p2a: Haxorus\n|-damage|p2a: Haxorus|41/244\n|\n|-heal|p1a: Chesnaught|119/285|[from] item: Leftovers\n|upkeep\n|turn|10\n|\n|t:|1782850797\n|move|p2a: Haxorus|Outrage|p1a: Chesnaught|[from] lockedmove\n|-damage|p1a: Chesnaught|0 fnt\n|faint|p1a: Chesnaught\n|\n|upkeep\n|\n|t:|1782850807\n|switch|p1a: Basculegion|Basculegion, L80, M|323/323\n|-damage|p1a: Basculegion|283/323|[from] Stealth Rock\n|turn|11\n|\n|t:|1782850811\n|-terastallize|p1a: Basculegion|Water\n|move|p1a: Basculegion|Aqua Jet|p2a: Haxorus\n|-resisted|p2a: Haxorus\n|-damage|p2a: Haxorus|6/244\n|move|p2a: Haxorus|Outrage|p1a: Basculegion|[from] lockedmove\n|-damage|p1a: Basculegion|0 fnt\n|faint|p1a: Basculegion\n|-start|p2a: Haxorus|confusion|[fatigue]\n|\n|upkeep\n|-message|DiamondDog_DelTa forfeited.\n|\n|win|costcos_wholesales\n|raw|DiamondDog_DelTa's rating: 1977 &rarr; <strong>1957</strong><br />(-20 for losing)\n|raw|costcos_wholesales's rating: 1976 &rarr; <strong>1996</strong><br />(+20 for winning)\n|l|\u2606DiamondDog_DelTa\n|player|p1|\n", "inputlog": ">version f8ac14003a5f27e1bdc8d8c59608a773c1cb96e5\n>start {\"formatid\":\"gen9randombattle\",\"seed\":\"sodium,cf12f750624b7698440054ac24e46de7\",\"rated\":\"Rated battle\"}\n>player p1 {\"name\":\"DiamondDog_DelTa\",\"avatar\":\"red-gen7\",\"rating\":1977,\"seed\":\"sodium,fd80df0cacc36c6dbd31fa99e3ad549f\"}\n>player p2 {\"name\":\"costcos_wholesales\",\"avatar\":\"hiker-gen4\",\"rating\":1976,\"seed\":\"sodium,dce0b83e3b8956856dadaf009cd75417\"}\n>p1 move thunderwave\n>p2 move stealthrock\n>p1 move stealthrock\n>p2 move ironhead\n>p1 move softboiled\n>p2 move throatchop\n>p1 switch 3\n>p2 move throatchop\n>p1 move boltstrike\n>p2 switch 5\n>p1 move boltstrike\n>p2 move encore\n>p1 move boltstrike\n>p2 switch 6\n>p1 switch 4\n>p2 move dragondance\n>p1 move bodypress\n>p2 move outrage\n>p1 move bodypress\n>p2 move outrage\n>p1 switch 6\n>p1 move aquajet terastallize\n>p2 move outrage\n>forcelose p1", "uploadtime": 1782850815, "views": 8, "formatid": "gen9randombattle", "rating": 1957, "private": 0, "password": null, "player_dets": [{"name": "DiamondDog_DelTa", "avatar": "red-gen7", "rating": 1977, "seed": "sodium,fd80df0cacc36c6dbd31fa99e3ad549f"}, {"name": "costcos_wholesales", "avatar": "hiker-gen4", "rating": 1976, "seed": "sodium,dce0b83e3b8956856dadaf009cd75417"}], "teams_full": [{"Blissey": {"name": "Blissey", "species": "Blissey", "speciesId": "blissey", "gender": "F", "shiny": false, "level": 85, "moves": ["seismictoss", "softboiled", "thunderwave", "stealthrock"], "ability": "Natural Cure", "evs": {"hp": 85, "atk": 0, "def": 85, "spa": 85, "spd": 85, "spe": 85}, "ivs": {"hp": 31, "atk": 0, "def": 31, "spa": 31, "spd": 31, "spe": 31}, "item": "Leftovers", "teraType": "Dark", "role": "Bulky Support", "bvs": {"hp": 255, "atk": 10, "def": 10, "spa": 75, "spd": 135, "spe": 55}, "stats": {"hp": 572, "atk": 22, "def": 66, "spa": 176, "spd": 278, "spe": 142}, "types": ["Normal"]}, "Latios": {"name": "Latios", "species": "Latios", "speciesId": "latios", "gender": "M", "shiny": false, "level": 78, "moves": ["flipturn", "lusterpurge", "aurasphere", "dracometeor"], "ability": "Levitate", "evs": {"hp": 85, "atk": 85, "def": 85, "spa": 85, "spd": 85, "spe": 85}, "ivs": {"hp": 31, "atk": 31, "def": 31, "spa": 31, "spd": 31, "spe": 31}, "item": "Choice Specs", "teraType": "Psychic", "role": "Fast Attacker", "bvs": {"hp": 80, "atk": 90, "def": 80, "spa": 130, "spd": 110, "spe": 110}, "stats": {"hp": 253, "atk": 185, "def": 170, "spa": 248, "spd": 217, "spe": 217}, "types": ["Dragon", "Psychic"]}, "Zekrom": {"name": "Zekrom", "species": "Zekrom", "speciesId": "zekrom", "gender": "N", "shiny": false, "level": 71, "moves": ["boltstrike", "dragondance", "substitute", "outrage"], "ability": "Teravolt", "evs": {"hp": 85, "atk": 85, "def": 85, "spa": 85, "spd": 85, "spe": 85}, "ivs": {"hp": 31, "atk": 31, "def": 31, "spa": 31, "spd": 31, "spe": 31}, "item": "Leftovers", "teraType": "Electric", "role": "Setup Sweeper", "bvs": {"hp": 100, "atk": 150, "def": 120, "spa": 120, "spd": 100, "spe": 90}, "stats": {"hp": 259, "atk": 254, "def": 212, "spa": 212, "spd": 183, "spe": 169}, "types": ["Dragon", "Electric"]}, "Chesnaught": {"name": "Chesnaught", "species": "Chesnaught", "speciesId": "chesnaught", "gender": "F", "shiny": false, "level": 84, "moves": ["synthesis", "knockoff", "bodypress", "woodhammer"], "ability": "Bulletproof", "evs": {"hp": 85, "atk": 85, "def": 85, "spa": 85, "spd": 85, "spe": 85}, "ivs": {"hp": 31, "atk": 31, "def": 31, "spa": 31, "spd": 31, "spe": 31}, "item": "Leftovers", "teraType": "Steel", "role": "Bulky Support", "bvs": {"hp": 88, "atk": 107, "def": 122, "spa": 74, "spd": 75, "spe": 64}, "stats": {"hp": 285, "atk": 228, "def": 253, "spa": 173, "spd": 174, "spe": 156}, "types": ["Grass", "Fighting"]}, "Grumpig": {"name": "Grumpig", "species": "Grumpig", "speciesId": "grumpig", "gender": "M", "shiny": false, "level": 92, "moves": ["focusblast", "nastyplot", "shadowball", "psyshock"], "ability": "Thick Fat", "evs": {"hp": 85, "atk": 0, "def": 85, "spa": 85, "spd": 85, "spe": 85}, "ivs": {"hp": 31, "atk": 0, "def": 31, "spa": 31, "spd": 31, "spe": 31}, "item": "Leftovers", "teraType": "Fighting", "role": "Bulky Setup", "bvs": {"hp": 80, "atk": 45, "def": 65, "spa": 90, "spd": 110, "spe": 80}, "stats": {"hp": 297, "atk": 87, "def": 172, "spa": 218, "spd": 255, "spe": 200}, "types": ["Psychic"]}, "Basculegion": {"name": "Basculegion", "species": "Basculegion", "speciesId": "basculegion", "gender": "M", "shiny": false, "level": 80, "moves": ["flipturn", "aquajet", "wavecrash", "shadowball"], "ability": "Adaptability", "evs": {"hp": 85, "atk": 85, "def": 85, "spa": 85, "spd": 85, "spe": 85}, "ivs": {"hp": 31, "atk": 31, "def": 31, "spa": 31, "spd": 31, "spe": 31}, "item": "Assault Vest", "teraType": "Water", "role": "AV Pivot", "bvs": {"hp": 120, "atk": 112, "def": 65, "spa": 80, "spd": 75, "spe": 78}, "stats": {"hp": 323, "atk": 225, "def": 150, "spa": 174, "spd": 166, "spe": 171}, "types": ["Water", "Ghost"]}}, {"Bisharp": {"name": "Bisharp", "species": "Bisharp", "speciesId": "bisharp", "gender": "M", "shiny": false, "level": 79, "moves": ["throatchop", "suckerpunch", "stealthrock", "ironhead"], "ability": "Defiant", "evs": {"hp": 85, "atk": 85, "def": 85, "spa": 85, "spd": 85, "spe": 85}, "ivs": {"hp": 31, "atk": 31, "def": 31, "spa": 31, "spd": 31, "spe": 31}, "item": "Eviolite", "teraType": "Ghost", "role": "Bulky Attacker", "bvs": {"hp": 65, "atk": 125, "def": 100, "spa": 60, "spd": 70, "spe": 70}, "stats": {"hp": 232, "atk": 243, "def": 204, "spa": 140, "spd": 156, "spe": 156}, "types": ["Dark", "Steel"]}, "Arbok": {"name": "Arbok", "species": "Arbok", "speciesId": "arbok", "gender": "M", "shiny": false, "level": 87, "moves": ["toxicspikes", "glare", "knockoff", "gunkshot"], "ability": "Intimidate", "evs": {"hp": 85, "atk": 85, "def": 85, "spa": 85, "spd": 85, "spe": 85}, "ivs": {"hp": 31, "atk": 31, "def": 31, "spa": 31, "spd": 31, "spe": 31}, "item": "Leftovers", "teraType": "Dark", "role": "Fast Support", "bvs": {"hp": 60, "atk": 95, "def": 69, "spa": 65, "spd": 79, "spe": 80}, "stats": {"hp": 246, "atk": 215, "def": 170, "spa": 163, "spd": 187, "spe": 189}, "types": ["Poison"]}, "Kyogre": {"name": "Kyogre", "species": "Kyogre", "speciesId": "kyogre", "gender": "N", "shiny": false, "level": 71, "moves": ["calmmind", "icebeam", "thunder", "originpulse"], "ability": "Drizzle", "evs": {"hp": 85, "atk": 0, "def": 85, "spa": 85, "spd": 85, "spe": 85}, "ivs": {"hp": 31, "atk": 0, "def": 31, "spa": 31, "spd": 31, "spe": 31}, "item": "Leftovers", "teraType": "Electric", "role": "Bulky Setup", "bvs": {"hp": 100, "atk": 100, "def": 90, "spa": 150, "spd": 140, "spe": 90}, "stats": {"hp": 259, "atk": 147, "def": 169, "spa": 254, "spd": 240, "spe": 169}, "types": ["Water"]}, "Registeel": {"name": "Registeel", "species": "Registeel", "speciesId": "registeel", "gender": "N", "shiny": false, "level": 81, "moves": ["bodypress", "irondefense", "ironhead", "thunderwave"], "ability": "Clear Body", "evs": {"hp": 85, "atk": 85, "def": 85, "spa": 85, "spd": 85, "spe": 85}, "ivs": {"hp": 31, "atk": 31, "def": 31, "spa": 31, "spd": 31, "spe": 31}, "item": "Leftovers", "teraType": "Fighting", "role": "Bulky Support", "bvs": {"hp": 80, "atk": 75, "def": 150, "spa": 75, "spd": 150, "spe": 50}, "stats": {"hp": 262, "atk": 168, "def": 290, "spa": 168, "spd": 290, "spe": 128}, "types": ["Steel"]}, "Illumise": {"name": "Illumise", "species": "Illumise", "speciesId": "illumise", "gender": "F", "shiny": false, "level": 91, "moves": ["bugbuzz", "thunderwave", "encore", "roost"], "ability": "Prankster", "evs": {"hp": 85, "atk": 0, "def": 85, "spa": 85, "spd": 85, "spe": 85}, "ivs": {"hp": 31, "atk": 0, "def": 31, "spa": 31, "spd": 31, "spe": 31}, "item": "Heavy-Duty Boots", "teraType": "Steel", "role": "Bulky Support", "bvs": {"hp": 65, "atk": 47, "def": 75, "spa": 73, "spd": 85, "spe": 85}, "stats": {"hp": 266, "atk": 90, "def": 188, "spa": 185, "spd": 207, "spe": 207}, "types": ["Bug"]}, "Haxorus": {"name": "Haxorus", "species": "Haxorus", "speciesId": "haxorus", "gender": "F", "shiny": false, "level": 77, "moves": ["dragondance", "earthquake", "outrage", "ironhead"], "ability": "Mold Breaker", "evs": {"hp": 85, "atk": 85, "def": 85, "spa": 85, "spd": 85, "spe": 85}, "ivs": {"hp": 31, "atk": 31, "def": 31, "spa": 31, "spd": 31, "spe": 31}, "item": "Lum Berry", "teraType": "Steel", "role": "Setup Sweeper", "bvs": {"hp": 76, "atk": 147, "def": 90, "spa": 60, "spd": 70, "spe": 97}, "stats": {"hp": 244, "atk": 271, "def": 183, "spa": 137, "spd": 152, "spe": 194}, "types": ["Dragon"]}}]}