{"id": "gen9randombattle-2642069612", "format": "[Gen 9] Random Battle", "players": ["ccad", "jnpr010334"], "log": "|j|\u2606ccad\n|j|\u2606jnpr010334\n|t:|1782883339\n|gametype|singles\n|player|p1|ccad|will|1647\n|player|p2|jnpr010334|265|1686\n|gen|9\n|tier|[Gen 9] Random Battle\n|rated|\n|rule|Species Clause: Limit one of each Pok\u00e9mon\n|rule|HP Percentage Mod: HP is shown in percentages\n|rule|Sleep Clause Mod: Limit one foe put to sleep\n|rule|Illusion Level Mod: Illusion disguises the Pok\u00e9mon's true level\n|\n|t:|1782883339\n|teamsize|p1|6\n|teamsize|p2|6\n|start\n|switch|p1a: Shaymin|Shaymin, L82|298/298\n|switch|p2a: Chimecho|Chimecho, L93, F|290/290\n|turn|1\n|inactive|Battle timer is ON: inactive players will automatically lose when time's up. (requested by jnpr010334)\n|\n|t:|1782883346\n|move|p1a: Shaymin|Seed Flare|p2a: Chimecho\n|-damage|p2a: Chimecho|179/290\n|move|p2a: Chimecho|Calm Mind|p2a: Chimecho\n|-boost|p2a: Chimecho|spa|1\n|-boost|p2a: Chimecho|spd|1\n|\n|-heal|p2a: Chimecho|197/290|[from] item: Leftovers\n|upkeep\n|turn|2\n|inactive|ccad has 120 seconds left.\n|\n|t:|1782883383\n|switch|p1a: Gumshoos|Gumshoos, L95, F|321/321\n|move|p2a: Chimecho|Calm Mind|p2a: Chimecho\n|-boost|p2a: Chimecho|spa|1\n|-boost|p2a: Chimecho|spd|1\n|\n|-heal|p2a: Chimecho|215/290|[from] item: Leftovers\n|upkeep\n|turn|3\n|inactive|ccad has 120 seconds left.\n|\n|t:|1782883393\n|move|p2a: Chimecho|Psychic Noise|p1a: Gumshoos\n|-damage|p1a: Gumshoos|93/321\n|-start|p1a: Gumshoos|move: Heal Block\n|move|p1a: Gumshoos|Double-Edge|p2a: Chimecho\n|-damage|p2a: Chimecho|0 fnt\n|faint|p2a: Chimecho\n|-damage|p1a: Gumshoos|22/321|[from] Recoil\n|\n|upkeep\n|\n|t:|1782883395\n|switch|p2a: Palafin|Palafin, L77, F|281/281\n|turn|4\n|\n|t:|1782883401\n|move|p2a: Palafin|Wave Crash|p1a: Gumshoos\n|-damage|p1a: Gumshoos|0 fnt\n|faint|p1a: Gumshoos\n|-damage|p2a: Palafin|274/281|[from] Recoil\n|\n|-heal|p2a: Palafin|281/281|[from] item: Leftovers\n|upkeep\n|\n|t:|1782883405\n|switch|p1a: Shaymin|Shaymin, L82|298/298\n|turn|5\n|\n|t:|1782883411\n|detailschange|p2a: Palafin|Palafin-Hero, L77, F\n|switch|p2a: Oricorio|Oricorio-Pa'u, L87, M|272/272\n|move|p1a: Shaymin|Seed Flare|p2a: Oricorio|[miss]\n|-miss|p1a: Shaymin|p2a: Oricorio\n|\n|upkeep\n|turn|6\n|\n|t:|1782883424\n|switch|p1a: Kyurem|Kyurem-Black, L71|295/295\n|-ability|p1a: Kyurem|Teravolt\n|move|p2a: Oricorio|Quiver Dance|p2a: Oricorio\n|-boost|p2a: Oricorio|spa|1\n|-boost|p2a: Oricorio|spd|1\n|-boost|p2a: Oricorio|spe|1\n|\n|upkeep\n|turn|7\n|\n|t:|1782883436\n|-terastallize|p2a: Oricorio|Ground\n|move|p2a: Oricorio|Revelation Dance|p1a: Kyurem\n|-damage|p1a: Kyurem|120/295\n|move|p1a: Kyurem|Icicle Spear|p2a: Oricorio\n|-supereffective|p2a: Oricorio\n|-damage|p2a: Oricorio|206/272\n|-supereffective|p2a: Oricorio\n|-damage|p2a: Oricorio|132/272\n|-supereffective|p2a: Oricorio\n|-damage|p2a: Oricorio|54/272\n|-supereffective|p2a: Oricorio\n|-damage|p2a: Oricorio|0 fnt\n|faint|p2a: Oricorio\n|-hitcount|p2: Oricorio|4\n|\n|upkeep\n|\n|t:|1782883437\n|switch|p2a: Palafin|Palafin-Hero, L77, F|281/281\n|-activate|p2a: Palafin|ability: Zero to Hero\n|turn|8\n|\n|t:|1782883452\n|move|p2a: Palafin|Bulk Up|p2a: Palafin\n|-boost|p2a: Palafin|atk|1\n|-boost|p2a: Palafin|def|1\n|move|p1a: Kyurem|Fusion Bolt|p2a: Palafin\n|-supereffective|p2a: Palafin\n|-damage|p2a: Palafin|171/281\n|\n|-heal|p2a: Palafin|188/281|[from] item: Leftovers\n|upkeep\n|turn|9\n|\n|t:|1782883470\n|move|p2a: Palafin|Drain Punch|p1a: Kyurem\n|-supereffective|p1a: Kyurem\n|-damage|p1a: Kyurem|0 fnt\n|-heal|p2a: Palafin|248/281|[from] drain|[of] p1a: Kyurem\n|faint|p1a: Kyurem\n|\n|-heal|p2a: Palafin|265/281|[from] item: Leftovers\n|upkeep\n|\n|t:|1782883477\n|switch|p1a: Shaymin|Shaymin, L82|298/298\n|turn|10\n|\n|t:|1782883479\n|switch|p2a: Incineroar|Incineroar, L82, M|290/290\n|-ability|p2a: Incineroar|Intimidate|boost\n|-unboost|p1a: Shaymin|atk|1\n|move|p1a: Shaymin|Seed Flare|p2a: Incineroar\n|-resisted|p2a: Incineroar\n|-damage|p2a: Incineroar|230/290\n|-unboost|p2a: Incineroar|spd|2\n|\n|upkeep\n|turn|11\n|\n|t:|1782883493\n|switch|p1a: Tentacruel|Tentacruel, L84, F|272/272\n|switch|p2a: Grimmsnarl|Grimmsnarl, L83, M|293/293\n|\n|upkeep\n|turn|12\n|\n|t:|1782883500\n|move|p2a: Grimmsnarl|Thunder Wave|p1a: Tentacruel\n|-status|p1a: Tentacruel|par\n|move|p1a: Tentacruel|Sludge Bomb|p2a: Grimmsnarl\n|-supereffective|p2a: Grimmsnarl\n|-damage|p2a: Grimmsnarl|113/293\n|\n|upkeep\n|turn|13\n|\n|t:|1782883506\n|move|p2a: Grimmsnarl|Reflect|p2a: Grimmsnarl\n|-sidestart|p2: jnpr010334|Reflect\n|move|p1a: Tentacruel|Sludge Bomb|p2a: Grimmsnarl\n|-supereffective|p2a: Grimmsnarl\n|-damage|p2a: Grimmsnarl|0 fnt\n|faint|p2a: Grimmsnarl\n|\n|upkeep\n|\n|t:|1782883510\n|switch|p2a: Baxcalibur|Baxcalibur, L75, F|295/295\n|turn|14\n|\n|t:|1782883521\n|move|p2a: Baxcalibur|Earthquake|p1a: Tentacruel\n|-supereffective|p1a: Tentacruel\n|-damage|p1a: Tentacruel|0 fnt\n|faint|p1a: Tentacruel\n|\n|upkeep\n|\n|t:|1782883526\n|switch|p1a: Virizion|Virizion, L82|283/283\n|turn|15\n|\n|t:|1782883541\n|switch|p2a: Incineroar|Incineroar, L82, M|230/290\n|-ability|p2a: Incineroar|Intimidate|boost\n|-unboost|p1a: Virizion|atk|1\n|move|p1a: Virizion|Close Combat|p2a: Incineroar\n|-supereffective|p2a: Incineroar\n|-damage|p2a: Incineroar|129/290\n|-unboost|p1a: Virizion|def|1\n|-unboost|p1a: Virizion|spd|1\n|-damage|p1a: Virizion|255/283|[from] item: Life Orb\n|\n|upkeep\n|turn|16\n|\n|t:|1782883550\n|switch|p1a: Ditto|Ditto, L87|225/225\n|-transform|p1a: Ditto|p2a: Incineroar|[from] ability: Imposter\n|-ability|p1a: Ditto|Intimidate|boost\n|-unboost|p2a: Incineroar|atk|1\n|move|p2a: Incineroar|Flare Blitz|p1a: Ditto\n|-resisted|p1a: Ditto\n|-damage|p1a: Ditto|181/225\n|-damage|p2a: Incineroar|114/290|[from] Recoil\n|\n|upkeep\n|turn|17\n|\n|t:|1782883568\n|switch|p2a: Palafin|Palafin-Hero, L77, F|265/281\n|move|p1a: Ditto|Knock Off|p2a: Palafin\n|-damage|p2a: Palafin|204/281\n|-enditem|p2a: Palafin|Leftovers|[from] move: Knock Off|[of] p1a: Ditto\n|\n|upkeep\n|turn|18\n|\n|t:|1782883588\n|switch|p1a: Virizion|Virizion, L82|255/283\n|move|p2a: Palafin|Drain Punch|p1a: Virizion\n|-damage|p1a: Virizion|170/283\n|-heal|p2a: Palafin|247/281|[from] drain|[of] p1a: Virizion\n|\n|upkeep\n|turn|19\n|\n|t:|1782883600\n|move|p1a: Virizion|Leaf Blade|p2a: Palafin\n|-supereffective|p2a: Palafin\n|-damage|p2a: Palafin|126/281\n|-damage|p1a: Virizion|142/283|[from] item: Life Orb\n|move|p2a: Palafin|Drain Punch|p1a: Virizion\n|-damage|p1a: Virizion|69/283\n|-heal|p2a: Palafin|163/281|[from] drain|[of] p1a: Virizion\n|\n|upkeep\n|turn|20\n|\n|t:|1782883608\n|move|p2a: Palafin|Jet Punch|p1a: Virizion\n|-resisted|p1a: Virizion\n|-damage|p1a: Virizion|21/283\n|move|p1a: Virizion|Leaf Blade|p2a: Palafin\n|-supereffective|p2a: Palafin\n|-damage|p2a: Palafin|42/281\n|-damage|p1a: Virizion|0 fnt|[from] item: Life Orb\n|faint|p1a: Virizion\n|\n|-sideend|p2: jnpr010334|Reflect\n|upkeep\n|\n|t:|1782883615\n|switch|p1a: Shaymin|Shaymin, L82|298/298\n|turn|21\n|\n|t:|1782883622\n|move|p1a: Shaymin|Earth Power|p2a: Palafin\n|-damage|p2a: Palafin|0 fnt\n|faint|p2a: Palafin\n|\n|upkeep\n|\n|t:|1782883628\n|switch|p2a: Baxcalibur|Baxcalibur, L75, F|295/295\n|turn|22\n|\n|t:|1782883652\n|switch|p1a: Ditto|Ditto, L87|181/225\n|-transform|p1a: Ditto|p2a: Baxcalibur|[from] ability: Imposter\n|move|p2a: Baxcalibur|Icicle Crash|p1a: Ditto\n|-damage|p1a: Ditto|7/225\n|\n|upkeep\n|turn|23\n|\n|t:|1782883660\n|move|p1a: Ditto|Glaive Rush|p2a: Baxcalibur\n|-supereffective|p2a: Baxcalibur\n|-damage|p2a: Baxcalibur|0 fnt\n|-singlemove|p1a: Ditto|Glaive Rush|[silent]\n|faint|p2a: Baxcalibur\n|\n|upkeep\n|\n|t:|1782883662\n|switch|p2a: Incineroar|Incineroar, L82, M|114/290\n|-ability|p2a: Incineroar|Intimidate|boost\n|-unboost|p1a: Ditto|atk|1\n|turn|24\n|\n|t:|1782883665\n|move|p1a: Ditto|Glaive Rush|p2a: Incineroar\n|-damage|p2a: Incineroar|0 fnt\n|-singlemove|p1a: Ditto|Glaive Rush|[silent]\n|faint|p2a: Incineroar\n|\n|win|ccad\n|raw|ccad's rating: 1647 &rarr; <strong>1670</strong><br />(+23 for winning)\n|raw|jnpr010334's rating: 1703 &rarr; <strong>1680</strong><br />(-23 for losing)\n", "inputlog": ">version f8ac14003a5f27e1bdc8d8c59608a773c1cb96e5\n>start {\"formatid\":\"gen9randombattle\",\"seed\":\"sodium,8fef5111a5999eacd5bbf5aecb7c6080\",\"rated\":\"Rated battle\"}\n>player p1 {\"name\":\"ccad\",\"avatar\":\"will\",\"rating\":1647,\"seed\":\"sodium,9af0677a78559d1fc37c26488b40bd4d\"}\n>player p2 {\"name\":\"jnpr010334\",\"avatar\":\"265\",\"rating\":1686,\"seed\":\"sodium,1179a88a76144b56f4725822ec2e0ec7\"}\n>p1 move seedflare\n>p2 move calmmind\n>p1 switch 3\n>p2 move calmmind\n>p1 move doubleedge\n>p2 move psychicnoise\n>p2 switch 5\n>p1 move doubleedge\n>p2 move wavecrash\n>p1 switch 3\n>p1 move seedflare\n>p2 switch 2\n>p1 switch 5\n>p2 move quiverdance\n>p1 move iciclespear\n>p2 move revelationdance terastallize\n>p2 switch 2\n>p1 move fusionbolt\n>p2 move bulkup\n>p1 move dragondance\n>p2 move drainpunch\n>p1 switch 5\n>p1 move seedflare\n>p2 switch 3\n>p1 switch 2\n>p2 switch 4\n>p1 move sludgebomb\n>p2 move thunderwave\n>p1 move sludgebomb\n>p2 move reflect\n>p2 switch 6\n>p1 move sludgebomb\n>p2 move earthquake\n>p1 switch 6\n>p1 move closecombat\n>p2 switch 4\n>p1 switch 4\n>p2 move flareblitz\n>p1 move knockoff\n>p2 switch 3\n>p1 switch 4\n>p2 move drainpunch\n>p1 move leafblade\n>p2 move drainpunch\n>p1 move leafblade\n>p2 move jetpunch\n>p1 switch 2\n>p1 move earthpower\n>p2 move wavecrash\n>p2 switch 4\n>p1 switch 4\n>p2 move iciclecrash\n>p1 move glaiverush\n>p2 move iciclecrash\n>p2 switch 3\n>p1 move glaiverush\n>p2 move trailblaze", "uploadtime": 1782883666, "views": 3, "formatid": "gen9randombattle", "rating": 1670, "private": 0, "password": null, "player_dets": [{"name": "ccad", "avatar": "will", "rating": 1647, "seed": "sodium,9af0677a78559d1fc37c26488b40bd4d"}, {"name": "jnpr010334", "avatar": "265", "rating": 1686, "seed": "sodium,1179a88a76144b56f4725822ec2e0ec7"}], "teams_full": [{"Shaymin": {"name": "Shaymin", "species": "Shaymin", "speciesId": "shaymin", "gender": "N", "shiny": false, "level": 82, "moves": ["earthpower", "synthesis", "seedflare", "airslash"], "ability": "Natural Cure", "evs": {"hp": 85, "atk": 0, "def": 85, "spa": 85, "spd": 85, "spe": 85}, "ivs": {"hp": 31, "atk": 0, "def": 31, "spa": 31, "spd": 31, "spe": 31}, "item": "Leftovers", "teraType": "Steel", "role": "Bulky Attacker", "bvs": {"hp": 100, "atk": 100, "def": 100, "spa": 100, "spd": 100, "spe": 100}, "stats": {"hp": 298, "atk": 169, "def": 211, "spa": 211, "spd": 211, "spe": 211}, "types": ["Grass"]}, "Tentacruel": {"name": "Tentacruel", "species": "Tentacruel", "speciesId": "tentacruel", "gender": "F", "shiny": false, "level": 84, "moves": ["surf", "rapidspin", "haze", "sludgebomb"], "ability": "Liquid Ooze", "evs": {"hp": 85, "atk": 85, "def": 85, "spa": 85, "spd": 85, "spe": 85}, "ivs": {"hp": 31, "atk": 31, "def": 31, "spa": 31, "spd": 31, "spe": 31}, "item": "Leftovers", "teraType": "Flying", "role": "Bulky Support", "bvs": {"hp": 80, "atk": 70, "def": 65, "spa": 80, "spd": 120, "spe": 100}, "stats": {"hp": 272, "atk": 166, "def": 157, "spa": 183, "spd": 250, "spe": 216}, "types": ["Water", "Poison"]}, "Gumshoos": {"name": "Gumshoos", "species": "Gumshoos", "speciesId": "gumshoos", "gender": "F", "shiny": false, "level": 95, "moves": ["uturn", "earthquake", "knockoff", "doubleedge"], "ability": "Stakeout", "evs": {"hp": 85, "atk": 85, "def": 85, "spa": 85, "spd": 85, "spe": 85}, "ivs": {"hp": 31, "atk": 31, "def": 31, "spa": 31, "spd": 31, "spe": 31}, "item": "Choice Band", "teraType": "Normal", "role": "Wallbreaker", "bvs": {"hp": 88, "atk": 110, "def": 60, "spa": 55, "spd": 60, "spe": 45}, "stats": {"hp": 321, "atk": 263, "def": 168, "spa": 158, "spd": 168, "spe": 139}, "types": ["Normal"]}, "Ditto": {"name": "Ditto", "species": "Ditto", "speciesId": "ditto", "gender": "N", "shiny": false, "level": 87, "moves": ["transform"], "ability": "Imposter", "evs": {"hp": 85, "atk": 85, "def": 85, "spa": 85, "spd": 85, "spe": 85}, "ivs": {"hp": 31, "atk": 31, "def": 31, "spa": 31, "spd": 31, "spe": 31}, "item": "Choice Scarf", "teraType": "Ghost", "role": "Fast Support", "bvs": {"hp": 48, "atk": 48, "def": 48, "spa": 48, "spd": 48, "spe": 48}, "stats": {"hp": 225, "atk": 133, "def": 133, "spa": 133, "spd": 133, "spe": 133}, "types": ["Normal"]}, "Kyurem": {"name": "Kyurem", "species": "Kyurem-Black", "speciesId": "kyuremblack", "gender": "N", "shiny": false, "level": 71, "moves": ["dragondance", "fusionbolt", "iciclespear", "scaleshot"], "ability": "Teravolt", "evs": {"hp": 85, "atk": 85, "def": 85, "spa": 85, "spd": 85, "spe": 85}, "ivs": {"hp": 31, "atk": 31, "def": 31, "spa": 31, "spd": 31, "spe": 31}, "item": "Loaded Dice", "teraType": "Electric", "role": "Setup Sweeper", "bvs": {"hp": 125, "atk": 170, "def": 100, "spa": 120, "spd": 90, "spe": 95}, "stats": {"hp": 295, "atk": 283, "def": 183, "spa": 212, "spd": 169, "spe": 176}, "types": ["Dragon", "Ice"]}, "Virizion": {"name": "Virizion", "species": "Virizion", "speciesId": "virizion", "gender": "N", "shiny": false, "level": 82, "moves": ["swordsdance", "stoneedge", "leafblade", "closecombat"], "ability": "Justified", "evs": {"hp": 85, "atk": 85, "def": 85, "spa": 85, "spd": 85, "spe": 85}, "ivs": {"hp": 31, "atk": 31, "def": 31, "spa": 31, "spd": 31, "spe": 31}, "item": "Life Orb", "teraType": "Rock", "role": "Setup Sweeper", "bvs": {"hp": 91, "atk": 90, "def": 72, "spa": 90, "spd": 129, "spe": 108}, "stats": {"hp": 283, "atk": 195, "def": 165, "spa": 195, "spd": 259, "spe": 224}, "types": ["Grass", "Fighting"]}}, {"Chimecho": {"name": "Chimecho", "species": "Chimecho", "speciesId": "chimecho", "gender": "F", "shiny": false, "level": 93, "moves": ["psychicnoise", "dazzlinggleam", "recover", "calmmind"], "ability": "Levitate", "evs": {"hp": 85, "atk": 0, "def": 85, "spa": 85, "spd": 85, "spe": 85}, "ivs": {"hp": 31, "atk": 0, "def": 31, "spa": 31, "spd": 31, "spe": 31}, "item": "Leftovers", "teraType": "Electric", "role": "Bulky Setup", "bvs": {"hp": 75, "atk": 50, "def": 80, "spa": 95, "spd": 90, "spe": 65}, "stats": {"hp": 290, "atk": 98, "def": 202, "spa": 230, "spd": 220, "spe": 174}, "types": ["Psychic"]}, "Oricorio": {"name": "Oricorio", "species": "Oricorio-Pa'u", "speciesId": "oricoriopau", "gender": "M", "shiny": false, "level": 87, "moves": ["hurricane", "roost", "quiverdance", "revelationdance"], "ability": "Dancer", "evs": {"hp": 85, "atk": 0, "def": 85, "spa": 85, "spd": 85, "spe": 85}, "ivs": {"hp": 31, "atk": 0, "def": 31, "spa": 31, "spd": 31, "spe": 31}, "item": "Heavy-Duty Boots", "teraType": "Ground", "role": "Setup Sweeper", "bvs": {"hp": 75, "atk": 70, "def": 70, "spa": 98, "spd": 70, "spe": 93}, "stats": {"hp": 272, "atk": 126, "def": 172, "spa": 220, "spd": 172, "spe": 212}, "types": ["Psychic", "Flying"]}, "Incineroar": {"name": "Incineroar", "species": "Incineroar", "speciesId": "incineroar", "gender": "M", "shiny": false, "level": 82, "moves": ["flareblitz", "swordsdance", "knockoff", "trailblaze"], "ability": "Intimidate", "evs": {"hp": 85, "atk": 85, "def": 85, "spa": 85, "spd": 85, "spe": 85}, "ivs": {"hp": 31, "atk": 31, "def": 31, "spa": 31, "spd": 31, "spe": 31}, "item": "Heavy-Duty Boots", "teraType": "Grass", "role": "Setup Sweeper", "bvs": {"hp": 95, "atk": 115, "def": 90, "spa": 80, "spd": 90, "spe": 60}, "stats": {"hp": 290, "atk": 236, "def": 195, "spa": 178, "spd": 195, "spe": 146}, "types": ["Fire", "Dark"]}, "Grimmsnarl": {"name": "Grimmsnarl", "species": "Grimmsnarl", "speciesId": "grimmsnarl", "gender": "M", "shiny": false, "level": 83, "moves": ["reflect", "spiritbreak", "thunderwave", "lightscreen"], "ability": "Prankster", "evs": {"hp": 85, "atk": 85, "def": 85, "spa": 85, "spd": 85, "spe": 85}, "ivs": {"hp": 31, "atk": 31, "def": 31, "spa": 31, "spd": 31, "spe": 31}, "item": "Light Clay", "teraType": "Steel", "role": "Bulky Support", "bvs": {"hp": 95, "atk": 120, "def": 65, "spa": 95, "spd": 75, "spe": 60}, "stats": {"hp": 293, "atk": 247, "def": 156, "spa": 205, "spd": 172, "spe": 147}, "types": ["Dark", "Fairy"]}, "Palafin": {"name": "Palafin", "species": "Palafin", "speciesId": "palafin", "gender": "F", "shiny": false, "level": 77, "moves": ["jetpunch", "bulkup", "wavecrash", "drainpunch"], "ability": "Zero to Hero", "evs": {"hp": 85, "atk": 85, "def": 85, "spa": 85, "spd": 85, "spe": 85}, "ivs": {"hp": 31, "atk": 31, "def": 31, "spa": 31, "spd": 31, "spe": 31}, "item": "Leftovers", "teraType": "Steel", "role": "Bulky Setup", "bvs": {"hp": 100, "atk": 70, "def": 72, "spa": 53, "spd": 62, "spe": 100}, "stats": {"hp": 281, "atk": 152, "def": 155, "spa": 126, "spd": 140, "spe": 199}, "types": ["Water"]}, "Baxcalibur": {"name": "Baxcalibur", "species": "Baxcalibur", "speciesId": "baxcalibur", "gender": "F", "shiny": false, "level": 75, "moves": ["iceshard", "glaiverush", "iciclecrash", "earthquake"], "ability": "Thermal Exchange", "evs": {"hp": 81, "atk": 85, "def": 85, "spa": 85, "spd": 85, "spe": 85}, "ivs": {"hp": 31, "atk": 31, "def": 31, "spa": 31, "spd": 31, "spe": 31}, "item": "Choice Band", "teraType": "Dragon", "role": "Fast Attacker", "bvs": {"hp": 115, "atk": 145, "def": 92, "spa": 75, "spd": 86, "spe": 87}, "stats": {"hp": 295, "atk": 261, "def": 182, "spa": 156, "spd": 173, "spe": 174}, "types": ["Dragon", "Ice"]}}]}