{"id": "gen9randombattle-2642149153", "format": "[Gen 9] Random Battle", "players": ["forcemajor14", "Yassash"], "log": "|j|\u2606forcemajor14\n|j|\u2606Yassash\n|t:|1782900448\n|gametype|singles\n|player|p1|forcemajor14|266|2233\n|player|p2|Yassash|101|2106\n|gen|9\n|tier|[Gen 9] Random Battle\n|rated|\n|rule|Species Clause: Limit one of each Pok\u00e9mon\n|rule|HP Percentage Mod: HP is shown in percentages\n|rule|Sleep Clause Mod: Limit one foe put to sleep\n|rule|Illusion Level Mod: Illusion disguises the Pok\u00e9mon's true level\n|\n|t:|1782900448\n|teamsize|p1|6\n|teamsize|p2|6\n|start\n|switch|p1a: Gastrodon|Gastrodon, L86, F|331/331\n|switch|p2a: Torkoal|Torkoal, L88, F|266/266\n|-weather|SunnyDay|[from] ability: Drought|[of] p2a: Torkoal\n|turn|1\n|inactive|Battle timer is ON: inactive players will automatically lose when time's up. (requested by forcemajor14)\n|\n|t:|1782900458\n|move|p1a: Gastrodon|Spikes|p2a: Torkoal\n|-sidestart|p2: Yassash|Spikes\n|move|p2a: Torkoal|Solar Beam||[still]\n|-prepare|p2a: Torkoal|Solar Beam\n|-anim|p2a: Torkoal|Solar Beam|p1a: Gastrodon\n|-supereffective|p1a: Gastrodon\n|-damage|p1a: Gastrodon|0 fnt\n|faint|p1a: Gastrodon\n|\n|-weather|SunnyDay|[upkeep]\n|upkeep\n|\n|t:|1782900460\n|switch|p1a: Typhlosion|Typhlosion, L84, F|267/267\n|turn|2\n|\n|t:|1782900469\n|move|p1a: Typhlosion|Eruption|p2a: Torkoal\n|-resisted|p2a: Torkoal\n|-damage|p2a: Torkoal|45/266\n|move|p2a: Torkoal|Earthquake|p1a: Typhlosion\n|-supereffective|p1a: Typhlosion\n|-damage|p1a: Typhlosion|123/267\n|\n|-weather|SunnyDay|[upkeep]\n|upkeep\n|turn|3\n|\n|t:|1782900478\n|switch|p2a: Gouging Fire|Gouging Fire, L74|277/277\n|-activate|p2a: Gouging Fire|ability: Protosynthesis\n|-start|p2a: Gouging Fire|protosynthesisdef\n|move|p1a: Typhlosion|Eruption|p2a: Gouging Fire\n|-resisted|p2a: Gouging Fire\n|-damage|p2a: Gouging Fire|228/277\n|\n|-weather|SunnyDay|[upkeep]\n|upkeep\n|turn|4\n|\n|t:|1782900483\n|switch|p1a: Slowbro|Slowbro-Galar, L87, F|307/307\n|move|p2a: Gouging Fire|Dragon Dance|p2a: Gouging Fire\n|-boost|p2a: Gouging Fire|atk|1\n|-boost|p2a: Gouging Fire|spe|1\n|\n|-weather|SunnyDay|[upkeep]\n|upkeep\n|turn|5\n|\n|t:|1782900491\n|move|p2a: Gouging Fire|Heat Crash|p1a: Slowbro\n|-damage|p1a: Slowbro|61/307\n|move|p1a: Slowbro|Shell Side Arm|p2a: Gouging Fire|[anim] Shell Side Arm Special\n|-crit|p2a: Gouging Fire\n|-damage|p2a: Gouging Fire|59/277\n|-hint|Special Shell Side Arm\n|-status|p2a: Gouging Fire|psn\n|\n|-weather|none\n|-end|p2a: Gouging Fire|Protosynthesis\n|-damage|p2a: Gouging Fire|25/277 psn|[from] psn\n|upkeep\n|turn|6\n|\n|t:|1782900498\n|switch|p1a: Phione|Phione, L91|293/293\n|move|p2a: Gouging Fire|Outrage|p1a: Phione\n|-damage|p1a: Phione|139/293\n|\n|-heal|p1a: Phione|157/293|[from] item: Leftovers\n|-damage|p2a: Gouging Fire|0 fnt|[from] psn\n|faint|p2a: Gouging Fire\n|-end|p2a: Gouging Fire|Protosynthesis|[silent]\n|upkeep\n|\n|t:|1782900520\n|switch|p2a: Slowking|Slowking-Galar, L85, M|300/300\n|-damage|p2a: Slowking|263/300|[from] Spikes\n|turn|7\n|\n|t:|1782900523\n|move|p1a: Phione|Take Heart|p1a: Phione\n|-boost|p1a: Phione|spa|1\n|-boost|p1a: Phione|spd|1\n|move|p2a: Slowking|Psychic Noise|p1a: Phione\n|-damage|p1a: Phione|100/293\n|-start|p1a: Phione|move: Heal Block\n|\n|upkeep\n|turn|8\n|\n|t:|1782900535\n|switch|p2a: Lokix|Lokix, L82, M|251/251\n|-damage|p2a: Lokix|220/251|[from] Spikes\n|move|p1a: Phione|Scald|p2a: Lokix\n|-damage|p2a: Lokix|22/251\n|\n|-end|p1a: Phione|move: Heal Block\n|upkeep\n|turn|9\n|\n|t:|1782900538\n|move|p2a: Lokix|Knock Off|p1a: Phione\n|-damage|p1a: Phione|0 fnt\n|-enditem|p1a: Phione|Leftovers|[from] move: Knock Off|[of] p2a: Lokix\n|faint|p1a: Phione\n|-damage|p2a: Lokix|0 fnt|[from] item: Life Orb\n|faint|p2a: Lokix\n|\n|upkeep\n|\n|t:|1782900547\n|switch|p2a: Slowking|Slowking-Galar, L85, M|300/300\n|switch|p1a: Typhlosion|Typhlosion, L84, F|123/267\n|-damage|p2a: Slowking|263/300|[from] Spikes\n|turn|10\n|\n|t:|1782900555\n|move|p1a: Typhlosion|Fire Blast|p2a: Slowking\n|-damage|p2a: Slowking|154/300\n|move|p2a: Slowking|Future Sight|p1a: Typhlosion\n|-start|p2a: Slowking|move: Future Sight\n|\n|upkeep\n|turn|11\n|\n|t:|1782900559\n|move|p1a: Typhlosion|Fire Blast|p2a: Slowking\n|-damage|p2a: Slowking|51/300\n|move|p2a: Slowking|Surf|p1a: Typhlosion\n|-supereffective|p1a: Typhlosion\n|-damage|p1a: Typhlosion|0 fnt\n|faint|p1a: Typhlosion\n|\n|upkeep\n|\n|t:|1782900562\n|switch|p1a: Frosmoth|Frosmoth, L82, F|249/249\n|turn|12\n|\n|t:|1782900569\n|switch|p2a: Kommo-o|Kommo-o, L78, F|245/245\n|-damage|p2a: Kommo-o|215/245|[from] Spikes\n|-terastallize|p1a: Frosmoth|Ground\n|move|p1a: Frosmoth|Quiver Dance|p1a: Frosmoth\n|-boost|p1a: Frosmoth|spa|1\n|-boost|p1a: Frosmoth|spd|1\n|-boost|p1a: Frosmoth|spe|1\n|\n|-end|p1a: Frosmoth|move: Future Sight\n|-damage|p1a: Frosmoth|204/249\n|upkeep\n|turn|13\n|\n|t:|1782900592\n|-terastallize|p2a: Kommo-o|Steel\n|move|p1a: Frosmoth|Tera Blast|p2a: Kommo-o|[anim] Tera Blast Ground\n|-supereffective|p2a: Kommo-o\n|-damage|p2a: Kommo-o|0 fnt\n|faint|p2a: Kommo-o\n|\n|upkeep\n|\n|t:|1782900601\n|switch|p2a: Slowking|Slowking-Galar, L85, M|151/300\n|-damage|p2a: Slowking|114/300|[from] Spikes\n|turn|14\n|\n|t:|1782900607\n|switch|p2a: Torkoal|Torkoal, L88, F|45/266\n|-weather|SunnyDay|[from] ability: Drought|[of] p2a: Torkoal\n|move|p1a: Frosmoth|Tera Blast|p2a: Torkoal|[anim] Tera Blast Ground\n|-supereffective|p2a: Torkoal\n|-damage|p2a: Torkoal|0 fnt\n|faint|p2a: Torkoal\n|\n|-weather|SunnyDay|[upkeep]\n|upkeep\n|\n|t:|1782900609\n|switch|p2a: Slowking|Slowking-Galar, L85, M|214/300\n|-damage|p2a: Slowking|177/300|[from] Spikes\n|turn|15\n|\n|t:|1782900628\n|move|p1a: Frosmoth|Tera Blast|p2a: Slowking|[anim] Tera Blast Ground\n|-supereffective|p2a: Slowking\n|-damage|p2a: Slowking|21/300\n|move|p2a: Slowking|Psychic Noise|p1a: Frosmoth\n|-damage|p1a: Frosmoth|176/249\n|-start|p1a: Frosmoth|move: Heal Block\n|\n|-weather|SunnyDay|[upkeep]\n|upkeep\n|turn|16\n|\n|t:|1782900631\n|move|p1a: Frosmoth|Ice Beam|p2a: Slowking\n|-damage|p2a: Slowking|0 fnt\n|faint|p2a: Slowking\n|\n|-weather|SunnyDay|[upkeep]\n|-end|p1a: Frosmoth|move: Heal Block\n|upkeep\n|\n|t:|1782900633\n|switch|p2a: Breloom|Breloom, L83, F|235/235\n|-damage|p2a: Breloom|206/235|[from] Spikes\n|turn|17\n|\n|t:|1782900637\n|move|p2a: Breloom|Mach Punch|p1a: Frosmoth\n|-damage|p1a: Frosmoth|42/249\n|-damage|p2a: Breloom|183/235|[from] item: Life Orb\n|move|p1a: Frosmoth|Ice Beam|p2a: Breloom\n|-supereffective|p2a: Breloom\n|-damage|p2a: Breloom|0 fnt\n|faint|p2a: Breloom\n|\n|win|forcemajor14\n|raw|forcemajor14's rating: 2185 &rarr; <strong>2201</strong><br />(+16 for winning)\n|raw|Yassash's rating: 2106 &rarr; <strong>2090</strong><br />(-16 for losing)\n", "inputlog": ">version f8ac14003a5f27e1bdc8d8c59608a773c1cb96e5\n>start {\"formatid\":\"gen9randombattle\",\"seed\":\"sodium,6f00b934e23da7286797c9e2bf326036\",\"rated\":\"Rated battle\"}\n>player p1 {\"name\":\"forcemajor14\",\"avatar\":\"266\",\"rating\":2233,\"seed\":\"sodium,7daf27f3cd337dcc3f6b7cd29e1cdb3a\"}\n>player p2 {\"name\":\"Yassash\",\"avatar\":\"101\",\"rating\":2106,\"seed\":\"sodium,6d6603bb8a7cfdb78e549c36020eb252\"}\n>p1 move spikes\n>p2 move solarbeam\n>p1 switch 2\n>p1 move eruption\n>p2 move earthquake\n>p1 move eruption\n>p2 switch 6\n>p1 switch 4\n>p2 move dragondance\n>p1 move shellsidearm\n>p2 move heatcrash\n>p1 switch 5\n>p2 move outrage\n>p2 switch 5\n>p1 move takeheart\n>p2 move psychicnoise\n>p1 move scald\n>p2 switch 3\n>p1 move scald\n>p2 move knockoff\n>p1 switch 4\n>p2 switch 3\n>p1 move fireblast\n>p2 move futuresight\n>p1 move fireblast\n>p2 move surf\n>p1 switch 6\n>p1 move quiverdance terastallize\n>p2 switch 4\n>p1 move terablast\n>p2 move ironhead terastallize\n>p2 switch 4\n>p1 move terablast\n>p2 switch 6\n>p2 switch 6\n>p1 move terablast\n>p2 move psychicnoise\n>p1 move icebeam\n>p2 move psychicnoise\n>p2 switch 2\n>p1 move icebeam\n>p2 move machpunch", "uploadtime": 1782900638, "views": 4, "formatid": "gen9randombattle", "rating": 2090, "private": 0, "password": null, "player_dets": [{"name": "forcemajor14", "avatar": "266", "rating": 2233, "seed": "sodium,7daf27f3cd337dcc3f6b7cd29e1cdb3a"}, {"name": "Yassash", "avatar": "101", "rating": 2106, "seed": "sodium,6d6603bb8a7cfdb78e549c36020eb252"}], "teams_full": [{"Gastrodon": {"name": "Gastrodon", "species": "Gastrodon", "speciesId": "gastrodon", "gender": "F", "shiny": false, "level": 86, "moves": ["earthquake", "spikes", "icebeam", "recover"], "ability": "Storm Drain", "evs": {"hp": 85, "atk": 85, "def": 85, "spa": 85, "spd": 85, "spe": 85}, "ivs": {"hp": 31, "atk": 31, "def": 31, "spa": 31, "spd": 31, "spe": 31}, "item": "Leftovers", "teraType": "Steel", "role": "Bulky Attacker", "bvs": {"hp": 111, "atk": 83, "def": 68, "spa": 92, "spd": 82, "spe": 39}, "stats": {"hp": 331, "atk": 192, "def": 166, "spa": 207, "spd": 190, "spe": 116}, "types": ["Water", "Ground"]}, "Typhlosion": {"name": "Typhlosion", "species": "Typhlosion", "speciesId": "typhlosion", "gender": "F", "shiny": false, "level": 84, "moves": ["fireblast", "focusblast", "scorchingsands", "eruption"], "ability": "Blaze", "evs": {"hp": 81, "atk": 0, "def": 85, "spa": 85, "spd": 85, "spe": 85}, "ivs": {"hp": 31, "atk": 0, "def": 31, "spa": 31, "spd": 31, "spe": 31}, "item": "Choice Specs", "teraType": "Fire", "role": "Fast Attacker", "bvs": {"hp": 78, "atk": 84, "def": 78, "spa": 109, "spd": 85, "spe": 100}, "stats": {"hp": 267, "atk": 146, "def": 179, "spa": 231, "spd": 191, "spe": 216}, "types": ["Fire"]}, "Zacian": {"name": "Zacian", "species": "Zacian", "speciesId": "zaciancrowned", "gender": "N", "shiny": false, "level": 64, "moves": ["swordsdance", "closecombat", "behemothblade", "playrough"], "ability": "Intrepid Sword", "evs": {"hp": 85, "atk": 85, "def": 85, "spa": 85, "spd": 85, "spe": 85}, "ivs": {"hp": 31, "atk": 31, "def": 31, "spa": 31, "spd": 31, "spe": 31}, "item": "Rusted Sword", "teraType": "Fighting", "role": "Setup Sweeper", "bvs": {"hp": 92, "atk": 150, "def": 115, "spa": 80, "spd": 115, "spe": 148}, "stats": {"hp": 225, "atk": 230, "def": 185, "spa": 140, "spd": 185, "spe": 227}, "types": ["Fairy", "Steel"]}, "Slowbro": {"name": "Slowbro", "species": "Slowbro-Galar", "speciesId": "slowbrogalar", "gender": "F", "shiny": false, "level": 87, "moves": ["foulplay", "psychic", "shellsidearm", "surf"], "ability": "Regenerator", "evs": {"hp": 85, "atk": 85, "def": 85, "spa": 85, "spd": 85, "spe": 85}, "ivs": {"hp": 31, "atk": 31, "def": 31, "spa": 31, "spd": 31, "spe": 31}, "item": "Assault Vest", "teraType": "Water", "role": "AV Pivot", "bvs": {"hp": 95, "atk": 100, "def": 95, "spa": 100, "spd": 70, "spe": 30}, "stats": {"hp": 307, "atk": 224, "def": 215, "spa": 224, "spd": 172, "spe": 102}, "types": ["Poison", "Psychic"]}, "Phione": {"name": "Phione", "species": "Phione", "speciesId": "phione", "gender": "N", "shiny": false, "level": 91, "moves": ["scald", "icebeam", "takeheart", "grassknot"], "ability": "Hydration", "evs": {"hp": 85, "atk": 0, "def": 85, "spa": 85, "spd": 85, "spe": 85}, "ivs": {"hp": 31, "atk": 0, "def": 31, "spa": 31, "spd": 31, "spe": 31}, "item": "Leftovers", "teraType": "Steel", "role": "Bulky Attacker", "bvs": {"hp": 80, "atk": 80, "def": 80, "spa": 80, "spd": 80, "spe": 80}, "stats": {"hp": 293, "atk": 150, "def": 197, "spa": 197, "spd": 197, "spe": 197}, "types": ["Water"]}, "Frosmoth": {"name": "Frosmoth", "species": "Frosmoth", "speciesId": "frosmoth", "gender": "F", "shiny": false, "level": 82, "moves": ["gigadrain", "terablast", "icebeam", "quiverdance"], "ability": "Ice Scales", "evs": {"hp": 85, "atk": 0, "def": 85, "spa": 85, "spd": 85, "spe": 85}, "ivs": {"hp": 31, "atk": 0, "def": 31, "spa": 31, "spd": 31, "spe": 31}, "item": "Heavy-Duty Boots", "teraType": "Ground", "role": "Tera Blast user", "bvs": {"hp": 70, "atk": 65, "def": 60, "spa": 125, "spd": 90, "spe": 65}, "stats": {"hp": 249, "atk": 111, "def": 146, "spa": 252, "spd": 195, "spe": 154}, "types": ["Ice", "Bug"]}}, {"Torkoal": {"name": "Torkoal", "species": "Torkoal", "speciesId": "torkoal", "gender": "F", "shiny": false, "level": 88, "moves": ["stealthrock", "earthquake", "solarbeam", "lavaplume"], "ability": "Drought", "evs": {"hp": 85, "atk": 85, "def": 85, "spa": 85, "spd": 85, "spe": 85}, "ivs": {"hp": 31, "atk": 31, "def": 31, "spa": 31, "spd": 31, "spe": 31}, "item": "Heavy-Duty Boots", "teraType": "Grass", "role": "Wallbreaker", "bvs": {"hp": 70, "atk": 85, "def": 140, "spa": 85, "spd": 70, "spe": 20}, "stats": {"hp": 266, "atk": 200, "def": 297, "spa": 200, "spd": 173, "spe": 85}, "types": ["Fire"]}, "Breloom": {"name": "Breloom", "species": "Breloom", "speciesId": "breloom", "gender": "F", "shiny": false, "level": 83, "moves": ["swordsdance", "rocktomb", "bulletseed", "machpunch"], "ability": "Technician", "evs": {"hp": 85, "atk": 85, "def": 85, "spa": 85, "spd": 85, "spe": 85}, "ivs": {"hp": 31, "atk": 31, "def": 31, "spa": 31, "spd": 31, "spe": 31}, "item": "Life Orb", "teraType": "Fighting", "role": "Fast Attacker", "bvs": {"hp": 60, "atk": 130, "def": 80, "spa": 60, "spd": 60, "spe": 70}, "stats": {"hp": 235, "atk": 263, "def": 180, "spa": 147, "spd": 147, "spe": 164}, "types": ["Grass", "Fighting"]}, "Lokix": {"name": "Lokix", "species": "Lokix", "speciesId": "lokix", "gender": "M", "shiny": false, "level": 82, "moves": ["suckerpunch", "leechlife", "knockoff", "swordsdance"], "ability": "Tinted Lens", "evs": {"hp": 85, "atk": 85, "def": 85, "spa": 85, "spd": 85, "spe": 85}, "ivs": {"hp": 31, "atk": 31, "def": 31, "spa": 31, "spd": 31, "spe": 31}, "item": "Life Orb", "teraType": "Dark", "role": "Setup Sweeper", "bvs": {"hp": 71, "atk": 102, "def": 78, "spa": 52, "spd": 55, "spe": 92}, "stats": {"hp": 251, "atk": 214, "def": 175, "spa": 132, "spd": 137, "spe": 198}, "types": ["Bug", "Dark"]}, "Kommo-o": {"name": "Kommo-o", "species": "Kommo-o", "speciesId": "kommoo", "gender": "F", "shiny": false, "level": 78, "moves": ["ironhead", "clangingscales", "drainpunch", "clangoroussoul"], "ability": "Soundproof", "evs": {"hp": 85, "atk": 85, "def": 85, "spa": 85, "spd": 85, "spe": 85}, "ivs": {"hp": 31, "atk": 31, "def": 31, "spa": 31, "spd": 31, "spe": 31}, "item": "Throat Spray", "teraType": "Steel", "role": "Fast Bulky Setup", "bvs": {"hp": 75, "atk": 110, "def": 125, "spa": 100, "spd": 105, "spe": 85}, "stats": {"hp": 245, "atk": 217, "def": 240, "spa": 201, "spd": 209, "spe": 178}, "types": ["Dragon", "Fighting"]}, "Slowking": {"name": "Slowking", "species": "Slowking-Galar", "speciesId": "slowkinggalar", "gender": "M", "shiny": false, "level": 85, "moves": ["sludgebomb", "psychicnoise", "futuresight", "surf"], "ability": "Regenerator", "evs": {"hp": 85, "atk": 0, "def": 85, "spa": 85, "spd": 85, "spe": 85}, "ivs": {"hp": 31, "atk": 0, "def": 31, "spa": 31, "spd": 31, "spe": 31}, "item": "Assault Vest", "teraType": "Water", "role": "AV Pivot", "bvs": {"hp": 95, "atk": 65, "def": 80, "spa": 110, "spd": 110, "spe": 30}, "stats": {"hp": 300, "atk": 115, "def": 185, "spa": 236, "spd": 236, "spe": 100}, "types": ["Poison", "Psychic"]}, "Gouging Fire": {"name": "Gouging Fire", "species": "Gouging Fire", "speciesId": "gougingfire", "gender": "N", "shiny": false, "level": 74, "moves": ["outrage", "dragondance", "heatcrash", "morningsun"], "ability": "Protosynthesis", "evs": {"hp": 85, "atk": 85, "def": 85, "spa": 85, "spd": 85, "spe": 85}, "ivs": {"hp": 31, "atk": 31, "def": 31, "spa": 31, "spd": 31, "spe": 31}, "item": "Heavy-Duty Boots", "teraType": "Fairy", "role": "Bulky Setup", "bvs": {"hp": 105, "atk": 115, "def": 121, "spa": 65, "spd": 93, "spe": 91}, "stats": {"hp": 277, "atk": 213, "def": 222, "spa": 139, "spd": 181, "spe": 178}, "types": ["Fire", "Dragon"]}}]}