{"id": "gen9randombattle-2641579858", "format": "[Gen 9] Random Battle", "players": ["Galak0", "sarodiya"], "log": "|badge|p2|bronze|gen9randombattle|100-9\n|html|<div class=\"broadcast-red\"><strong>This battle is required to be public due to one or more player having a season medal.</strong><br />During the public phase, you can discuss the state of the ladder <a href=\"/seasondiscussion\">in a special chatroom.</a></div>\n|uhtml|medal-msg|<div class=\"broadcast-blue\">Curious what those medals under the avatar are? PS now has Ladder Seasons! For more information, check out the <a href=\"https://www.smogon.com/forums/threads/3740067/\">thread on Smogon.</a></div>\n|raw|<div class=\"broadcast-blue\"><strong>This battle is required to be public due to a player having a name starting with 'medal'.</div>\n|j|\u203dGalak0\n|j|\u2606sarodiya\n|t:|1782812236\n|gametype|singles\n|player|p1|Galak0|170|2233\n|player|p2|sarodiya|265|2248\n|gen|9\n|tier|[Gen 9] Random Battle\n|rated|\n|rule|Species Clause: Limit one of each Pok\u00e9mon\n|rule|HP Percentage Mod: HP is shown in percentages\n|rule|Sleep Clause Mod: Limit one foe put to sleep\n|rule|Illusion Level Mod: Illusion disguises the Pok\u00e9mon's true level\n|\n|t:|1782812236\n|teamsize|p1|6\n|teamsize|p2|6\n|start\n|switch|p1a: Breloom|Breloom, L83, F|235/235\n|switch|p2a: Regigigas|Regigigas, L84|322/322\n|-start|p2a: Regigigas|ability: Slow Start\n|turn|1\n|inactive|Battle timer is ON: inactive players will automatically lose when time's up. (requested by sarodiya)\n|\n|t:|1782812244\n|move|p1a: Breloom|Swords Dance|p1a: Breloom\n|-boost|p1a: Breloom|atk|2\n|move|p2a: Regigigas|Body Slam|p1a: Breloom\n|-damage|p1a: Breloom|160/235\n|\n|upkeep\n|turn|2\n|\n|t:|1782812250\n|move|p1a: Breloom|Bullet Seed|p2a: Regigigas\n|-damage|p2a: Regigigas|215/322\n|-damage|p2a: Regigigas|105/322\n|-hitcount|p2a: Regigigas|2\n|-damage|p1a: Breloom|137/235|[from] item: Life Orb\n|move|p2a: Regigigas|Body Slam|p1a: Breloom\n|-damage|p1a: Breloom|56/235\n|-status|p1a: Breloom|par\n|\n|-heal|p2a: Regigigas|125/322|[from] item: Leftovers\n|upkeep\n|turn|3\n|\n|t:|1782812259\n|move|p1a: Breloom|Mach Punch|p2a: Regigigas\n|-supereffective|p2a: Regigigas\n|-damage|p2a: Regigigas|0 fnt\n|faint|p2a: Regigigas\n|-end|p2a: Regigigas|Slow Start|[silent]\n|-damage|p1a: Breloom|33/235 par|[from] item: Life Orb\n|\n|upkeep\n|\n|t:|1782812261\n|switch|p2a: Salamence|Salamence, L77, F|273/273\n|turn|4\n|\n|t:|1782812265\n|switch|p1a: Klefki|Klefki, L84, F|233/233\n|move|p2a: Salamence|Dual Wingbeat|p1a: Klefki\n|-resisted|p1a: Klefki\n|-damage|p1a: Klefki|211/233\n|-resisted|p1a: Klefki\n|-damage|p1a: Klefki|187/233\n|-hitcount|p1a: Klefki|2\n|\n|-heal|p1a: Klefki|201/233|[from] item: Leftovers\n|upkeep\n|turn|5\n|\n|t:|1782812268\n|switch|p2a: Rhyperior|Rhyperior, L82, M|323/323\n|move|p1a: Klefki|Play Rough|p2a: Rhyperior\n|-damage|p2a: Rhyperior|257/323\n|\n|-heal|p1a: Klefki|215/233|[from] item: Leftovers\n|upkeep\n|turn|6\n|\n|t:|1782812273\n|move|p1a: Klefki|Magnet Rise|p1a: Klefki\n|-start|p1a: Klefki|Magnet Rise\n|move|p2a: Rhyperior|Stone Edge|p1a: Klefki|[miss]\n|-miss|p2a: Rhyperior|p1a: Klefki\n|\n|-heal|p1a: Klefki|229/233|[from] item: Leftovers\n|upkeep\n|turn|7\n|\n|t:|1782812282\n|move|p1a: Klefki|Spikes|p2a: Rhyperior\n|-sidestart|p2: sarodiya|Spikes\n|move|p2a: Rhyperior|Stone Edge|p1a: Klefki\n|-resisted|p1a: Klefki\n|-damage|p1a: Klefki|129/233\n|\n|-heal|p1a: Klefki|143/233|[from] item: Leftovers\n|upkeep\n|turn|8\n|\n|t:|1782812294\n|switch|p1a: Whiscash|Whiscash, L88, M|337/337\n|move|p2a: Rhyperior|Stone Edge|p1a: Whiscash\n|-resisted|p1a: Whiscash\n|-damage|p1a: Whiscash|224/337\n|\n|-heal|p1a: Whiscash|245/337|[from] item: Leftovers\n|upkeep\n|turn|9\n|\n|t:|1782812301\n|switch|p2a: Jirachi|Jirachi, L80|291/291\n|-damage|p2a: Jirachi|255/291|[from] Spikes\n|move|p1a: Whiscash|Stealth Rock|p2a: Jirachi\n|-sidestart|p2: sarodiya|move: Stealth Rock\n|\n|-heal|p1a: Whiscash|266/337|[from] item: Leftovers\n|upkeep\n|turn|10\n|\n|t:|1782812305\n|move|p2a: Jirachi|Body Slam|p1a: Whiscash\n|-damage|p1a: Whiscash|207/337\n|-status|p1a: Whiscash|par\n|move|p1a: Whiscash|Earthquake|p2a: Jirachi\n|-supereffective|p2a: Jirachi\n|-damage|p2a: Jirachi|51/291\n|\n|-heal|p1a: Whiscash|228/337 par|[from] item: Leftovers\n|upkeep\n|turn|11\n|\n|t:|1782812309\n|move|p2a: Jirachi|Iron Head|p1a: Whiscash\n|-resisted|p1a: Whiscash\n|-damage|p1a: Whiscash|186/337 par\n|move|p1a: Whiscash|Earthquake|p2a: Jirachi\n|-supereffective|p2a: Jirachi\n|-damage|p2a: Jirachi|0 fnt\n|faint|p2a: Jirachi\n|\n|-heal|p1a: Whiscash|207/337 par|[from] item: Leftovers\n|upkeep\n|\n|t:|1782812313\n|switch|p2a: Salamence|Salamence, L77, F|273/273\n|turn|12\n|\n|t:|1782812317\n|move|p2a: Salamence|Dragon Dance|p2a: Salamence\n|-boost|p2a: Salamence|atk|1\n|-boost|p2a: Salamence|spe|1\n|move|p1a: Whiscash|Ice Beam|p2a: Salamence\n|-supereffective|p2a: Salamence\n|-damage|p2a: Salamence|5/273\n|\n|-heal|p1a: Whiscash|228/337 par|[from] item: Leftovers\n|upkeep\n|turn|13\n|\n|t:|1782812322\n|move|p2a: Salamence|Outrage|p1a: Whiscash\n|-damage|p1a: Whiscash|0 fnt\n|faint|p1a: Whiscash\n|-ability|p2a: Salamence|Moxie|boost\n|-boost|p2a: Salamence|atk|1\n|\n|upkeep\n|\n|t:|1782812327\n|switch|p1a: Klefki|Klefki, L84, F|143/233\n|turn|14\n|\n|t:|1782812329\n|move|p2a: Salamence|Outrage|p1a: Klefki|[from] lockedmove\n|-immune|p1a: Klefki\n|move|p1a: Klefki|Play Rough|p2a: Salamence\n|-supereffective|p2a: Salamence\n|-damage|p2a: Salamence|0 fnt\n|faint|p2a: Salamence\n|\n|-heal|p1a: Klefki|157/233|[from] item: Leftovers\n|upkeep\n|\n|t:|1782812342\n|switch|p2a: Archaludon|Archaludon, L78, M|268/268\n|-damage|p2a: Archaludon|235/268|[from] Spikes\n|-damage|p2a: Archaludon|219/268|[from] Stealth Rock\n|turn|15\n|\n|t:|1782812358\n|move|p1a: Klefki|Thunder Wave|p2a: Archaludon\n|-status|p2a: Archaludon|par\n|-enditem|p2a: Archaludon|Lum Berry|[eat]\n|-curestatus|p2a: Archaludon|par|[msg]\n|move|p2a: Archaludon|Swords Dance|p2a: Archaludon\n|-boost|p2a: Archaludon|atk|2\n|\n|-heal|p1a: Klefki|171/233|[from] item: Leftovers\n|upkeep\n|turn|16\n|\n|t:|1782812365\n|move|p1a: Klefki|Spikes|p2a: Archaludon\n|-sidestart|p2: sarodiya|Spikes\n|move|p2a: Archaludon|Earthquake|p1a: Klefki\n|-supereffective|p1a: Klefki\n|-crit|p1a: Klefki\n|-damage|p1a: Klefki|0 fnt\n|faint|p1a: Klefki\n|\n|upkeep\n|\n|t:|1782812376\n|switch|p1a: Breloom|Breloom, L83, F|33/235 par\n|turn|17\n|\n|t:|1782812379\n|move|p1a: Breloom|Mach Punch|p2a: Archaludon\n|-supereffective|p2a: Archaludon\n|-damage|p2a: Archaludon|53/268\n|-ability|p2a: Archaludon|Stamina|boost\n|-boost|p2a: Archaludon|def|1\n|-damage|p1a: Breloom|10/235 par|[from] item: Life Orb\n|move|p2a: Archaludon|Iron Head|p1a: Breloom\n|-damage|p1a: Breloom|0 fnt\n|faint|p1a: Breloom\n|\n|upkeep\n|\n|t:|1782812395\n|switch|p1a: Regidrago|Regidrago, L77|435/435\n|turn|18\n|\n|t:|1782812400\n|-terastallize|p1a: Regidrago|Steel\n|move|p2a: Archaludon|Outrage|p1a: Regidrago\n|-resisted|p1a: Regidrago\n|-damage|p1a: Regidrago|247/435\n|move|p1a: Regidrago|Dragon Dance|p1a: Regidrago\n|-boost|p1a: Regidrago|atk|1\n|-boost|p1a: Regidrago|spe|1\n|\n|upkeep\n|turn|19\n|\n|t:|1782812405\n|move|p1a: Regidrago|Earthquake|p2a: Archaludon\n|-supereffective|p2a: Archaludon\n|-damage|p2a: Archaludon|0 fnt\n|faint|p2a: Archaludon\n|-damage|p1a: Regidrago|204/435|[from] item: Life Orb\n|\n|upkeep\n|\n|t:|1782812412\n|switch|p2a: Sandaconda|Sandaconda, L84, F|258/258\n|-damage|p2a: Sandaconda|215/258|[from] Spikes\n|-damage|p2a: Sandaconda|199/258|[from] Stealth Rock\n|turn|20\n|\n|t:|1782812417\n|move|p1a: Regidrago|Dragon Claw|p2a: Sandaconda\n|-damage|p2a: Sandaconda|39/258\n|-damage|p1a: Regidrago|161/435|[from] item: Life Orb\n|move|p2a: Sandaconda|Earthquake|p1a: Regidrago\n|-supereffective|p1a: Regidrago\n|-damage|p1a: Regidrago|0 fnt\n|faint|p1a: Regidrago\n|\n|-heal|p2a: Sandaconda|55/258|[from] item: Leftovers\n|upkeep\n|\n|t:|1782812429\n|switch|p1a: Cetitan|Cetitan, L82, F|412/412\n|turn|21\n|\n|t:|1782812435\n|move|p1a: Cetitan|Ice Shard|p2a: Sandaconda\n|-supereffective|p2a: Sandaconda\n|-damage|p2a: Sandaconda|0 fnt\n|faint|p2a: Sandaconda\n|\n|upkeep\n|\n|t:|1782812437\n|switch|p2a: Rhyperior|Rhyperior, L82, M|257/323\n|-damage|p2a: Rhyperior|204/323|[from] Spikes\n|-damage|p2a: Rhyperior|184/323|[from] Stealth Rock\n|turn|22\n|\n|t:|1782812442\n|move|p1a: Cetitan|Ice Spinner|p2a: Rhyperior\n|-supereffective|p2a: Rhyperior\n|-damage|p2a: Rhyperior|84/323\n|move|p2a: Rhyperior|Stone Edge|p1a: Cetitan\n|-supereffective|p1a: Cetitan\n|-damage|p1a: Cetitan|0 fnt\n|faint|p1a: Cetitan\n|\n|upkeep\n|\n|t:|1782812446\n|switch|p1a: Ursaluna|Ursaluna, L79, F|335/335\n|turn|23\n|-message|sarodiya forfeited.\n|\n|win|Galak0\n|raw|Galak0's rating: 2233 &rarr; <strong>2254</strong><br />(+21 for winning)\n|raw|sarodiya's rating: 2248 &rarr; <strong>2227</strong><br />(-21 for losing)\n", "inputlog": ">version f8ac14003a5f27e1bdc8d8c59608a773c1cb96e5\n>start {\"formatid\":\"gen9randombattle\",\"seed\":\"sodium,088b5493f7e3b5e600815147110b83cb\",\"rated\":\"Rated battle\"}\n>player p1 {\"name\":\"Galak0\",\"avatar\":\"170\",\"rating\":2233,\"seed\":\"sodium,e0a6707d9371c52117739c9f5d627fde\"}\n>player p2 {\"name\":\"sarodiya\",\"avatar\":\"265\",\"rating\":2248,\"seed\":\"sodium,762800074fadae378d5de68353708ae5\"}\n>p1 move swordsdance\n>p2 move bodyslam\n>p1 move bulletseed\n>p2 move bodyslam\n>p1 move machpunch\n>p2 move bodyslam\n>p2 switch 2\n>p1 switch 4\n>p2 move dualwingbeat\n>p1 move playrough\n>p2 switch 3\n>p1 move magnetrise\n>p2 move stoneedge\n>p1 move spikes\n>p2 move stoneedge\n>p1 switch 2\n>p2 move stoneedge\n>p1 move stealthrock\n>p2 switch 5\n>p1 move earthquake\n>p2 move bodyslam\n>p1 move earthquake\n>p2 move ironhead\n>p2 switch 3\n>p1 move icebeam\n>p2 move dragondance\n>p1 move icebeam\n>p2 move outrage\n>p1 switch 2\n>p1 move playrough\n>p2 move outrage\n>p2 switch 6\n>p1 move thunderwave\n>p2 move swordsdance\n>p1 move spikes\n>p2 move earthquake\n>p1 switch 4\n>p1 move machpunch\n>p2 move ironhead\n>p1 switch 5\n>p1 move dragondance terastallize\n>p2 move outrage\n>p1 move earthquake\n>p2 move outrage\n>p2 switch 4\n>p1 move dragonclaw\n>p2 move earthquake\n>p1 switch 6\n>p1 move iceshard\n>p2 move stoneedge\n>p2 switch 5\n>p1 move icespinner\n>p2 move stoneedge\n>p1 switch 3\n>forcelose p2", "uploadtime": 1782812238, "views": 7, "formatid": "gen9randombattle", "rating": 2227, "private": 0, "password": null, "player_dets": [{"name": "Galak0", "avatar": "170", "rating": 2233, "seed": "sodium,e0a6707d9371c52117739c9f5d627fde"}, {"name": "sarodiya", "avatar": "265", "rating": 2248, "seed": "sodium,762800074fadae378d5de68353708ae5"}], "teams_full": [{"Breloom": {"name": "Breloom", "species": "Breloom", "speciesId": "breloom", "gender": "F", "shiny": false, "level": 83, "moves": ["machpunch", "swordsdance", "bulletseed", "rocktomb"], "ability": "Technician", "evs": {"hp": 85, "atk": 85, "def": 85, "spa": 85, "spd": 85, "spe": 85}, "ivs": {"hp": 31, "atk": 31, "def": 31, "spa": 31, "spd": 31, "spe": 31}, "item": "Life Orb", "teraType": "Fighting", "role": "Fast Attacker", "bvs": {"hp": 60, "atk": 130, "def": 80, "spa": 60, "spd": 60, "spe": 70}, "stats": {"hp": 235, "atk": 263, "def": 180, "spa": 147, "spd": 147, "spe": 164}, "types": ["Grass", "Fighting"]}, "Whiscash": {"name": "Whiscash", "species": "Whiscash", "speciesId": "whiscash", "gender": "M", "shiny": false, "level": 88, "moves": ["icebeam", "stealthrock", "earthquake", "spikes"], "ability": "Oblivious", "evs": {"hp": 85, "atk": 85, "def": 85, "spa": 85, "spd": 85, "spe": 85}, "ivs": {"hp": 31, "atk": 31, "def": 31, "spa": 31, "spd": 31, "spe": 31}, "item": "Leftovers", "teraType": "Steel", "role": "Bulky Support", "bvs": {"hp": 110, "atk": 78, "def": 73, "spa": 76, "spd": 71, "spe": 60}, "stats": {"hp": 337, "atk": 188, "def": 179, "spa": 184, "spd": 175, "spe": 156}, "types": ["Water", "Ground"]}, "Ursaluna": {"name": "Ursaluna", "species": "Ursaluna", "speciesId": "ursaluna", "gender": "F", "shiny": false, "level": 79, "moves": ["headlongrush", "crunch", "facade", "trailblaze"], "ability": "Guts", "evs": {"hp": 85, "atk": 85, "def": 85, "spa": 85, "spd": 85, "spe": 85}, "ivs": {"hp": 31, "atk": 31, "def": 31, "spa": 31, "spd": 31, "spe": 31}, "item": "Flame Orb", "teraType": "Normal", "role": "Bulky Attacker", "bvs": {"hp": 130, "atk": 140, "def": 105, "spa": 45, "spd": 80, "spe": 50}, "stats": {"hp": 335, "atk": 267, "def": 211, "spa": 117, "spd": 172, "spe": 125}, "types": ["Ground", "Normal"]}, "Klefki": {"name": "Klefki", "species": "Klefki", "speciesId": "klefki", "gender": "F", "shiny": false, "level": 84, "moves": ["playrough", "magnetrise", "thunderwave", "spikes"], "ability": "Prankster", "evs": {"hp": 85, "atk": 85, "def": 85, "spa": 85, "spd": 85, "spe": 85}, "ivs": {"hp": 31, "atk": 31, "def": 31, "spa": 31, "spd": 31, "spe": 31}, "item": "Leftovers", "teraType": "Water", "role": "Bulky Support", "bvs": {"hp": 57, "atk": 80, "def": 91, "spa": 80, "spd": 87, "spe": 75}, "stats": {"hp": 233, "atk": 183, "def": 201, "spa": 183, "spd": 194, "spe": 174}, "types": ["Steel", "Fairy"]}, "Regidrago": {"name": "Regidrago", "species": "Regidrago", "speciesId": "regidrago", "gender": "N", "shiny": false, "level": 77, "moves": ["terablast", "earthquake", "dragonclaw", "dragondance"], "ability": "Dragon's Maw", "evs": {"hp": 85, "atk": 85, "def": 85, "spa": 85, "spd": 85, "spe": 85}, "ivs": {"hp": 31, "atk": 31, "def": 31, "spa": 31, "spd": 31, "spe": 31}, "item": "Life Orb", "teraType": "Steel", "role": "Tera Blast user", "bvs": {"hp": 200, "atk": 100, "def": 50, "spa": 100, "spd": 50, "spe": 80}, "stats": {"hp": 435, "atk": 199, "def": 122, "spa": 199, "spd": 122, "spe": 168}, "types": ["Dragon"]}, "Cetitan": {"name": "Cetitan", "species": "Cetitan", "speciesId": "cetitan", "gender": "F", "shiny": false, "level": 82, "moves": ["earthquake", "iceshard", "icespinner", "bellydrum"], "ability": "Thick Fat", "evs": {"hp": 81, "atk": 85, "def": 85, "spa": 85, "spd": 85, "spe": 85}, "ivs": {"hp": 31, "atk": 31, "def": 31, "spa": 31, "spd": 31, "spe": 31}, "item": "Sitrus Berry", "teraType": "Ice", "role": "Bulky Setup", "bvs": {"hp": 170, "atk": 113, "def": 65, "spa": 45, "spd": 55, "spe": 73}, "stats": {"hp": 412, "atk": 232, "def": 154, "spa": 121, "spd": 137, "spe": 167}, "types": ["Ice"]}}, {"Regigigas": {"name": "Regigigas", "species": "Regigigas", "speciesId": "regigigas", "gender": "N", "shiny": false, "level": 84, "moves": ["rest", "knockoff", "sleeptalk", "bodyslam"], "ability": "Slow Start", "evs": {"hp": 85, "atk": 85, "def": 85, "spa": 85, "spd": 85, "spe": 85}, "ivs": {"hp": 31, "atk": 31, "def": 31, "spa": 31, "spd": 31, "spe": 31}, "item": "Leftovers", "teraType": "Ghost", "role": "Bulky Support", "bvs": {"hp": 110, "atk": 160, "def": 110, "spa": 80, "spd": 110, "spe": 100}, "stats": {"hp": 322, "atk": 317, "def": 233, "spa": 183, "spd": 233, "spe": 216}, "types": ["Normal"]}, "Salamence": {"name": "Salamence", "species": "Salamence", "speciesId": "salamence", "gender": "F", "shiny": false, "level": 77, "moves": ["dragondance", "roost", "outrage", "dualwingbeat"], "ability": "Moxie", "evs": {"hp": 85, "atk": 85, "def": 85, "spa": 85, "spd": 85, "spe": 85}, "ivs": {"hp": 31, "atk": 31, "def": 31, "spa": 31, "spd": 31, "spe": 31}, "item": "Heavy-Duty Boots", "teraType": "Dragon", "role": "Setup Sweeper", "bvs": {"hp": 95, "atk": 135, "def": 80, "spa": 110, "spd": 80, "spe": 100}, "stats": {"hp": 273, "atk": 252, "def": 168, "spa": 214, "spd": 168, "spe": 199}, "types": ["Dragon", "Flying"]}, "Rhyperior": {"name": "Rhyperior", "species": "Rhyperior", "speciesId": "rhyperior", "gender": "M", "shiny": false, "level": 82, "moves": ["icepunch", "megahorn", "stoneedge", "earthquake"], "ability": "Solid Rock", "evs": {"hp": 85, "atk": 85, "def": 85, "spa": 85, "spd": 85, "spe": 85}, "ivs": {"hp": 31, "atk": 31, "def": 31, "spa": 31, "spd": 31, "spe": 31}, "item": "Choice Band", "teraType": "Dragon", "role": "Bulky Attacker", "bvs": {"hp": 115, "atk": 140, "def": 130, "spa": 55, "spd": 55, "spe": 40}, "stats": {"hp": 323, "atk": 277, "def": 260, "spa": 137, "spd": 137, "spe": 113}, "types": ["Ground", "Rock"]}, "Sandaconda": {"name": "Sandaconda", "species": "Sandaconda", "speciesId": "sandaconda", "gender": "F", "shiny": false, "level": 84, "moves": ["earthquake", "stoneedge", "stealthrock", "rest"], "ability": "Shed Skin", "evs": {"hp": 85, "atk": 85, "def": 85, "spa": 85, "spd": 85, "spe": 85}, "ivs": {"hp": 31, "atk": 31, "def": 31, "spa": 31, "spd": 31, "spe": 31}, "item": "Leftovers", "teraType": "Dragon", "role": "Bulky Attacker", "bvs": {"hp": 72, "atk": 107, "def": 125, "spa": 65, "spd": 70, "spe": 71}, "stats": {"hp": 258, "atk": 228, "def": 258, "spa": 157, "spd": 166, "spe": 167}, "types": ["Ground"]}, "Jirachi": {"name": "Jirachi", "species": "Jirachi", "speciesId": "jirachi", "gender": "N", "shiny": false, "level": 80, "moves": ["drainpunch", "ironhead", "bodyslam", "uturn"], "ability": "Serene Grace", "evs": {"hp": 85, "atk": 85, "def": 85, "spa": 85, "spd": 85, "spe": 85}, "ivs": {"hp": 31, "atk": 31, "def": 31, "spa": 31, "spd": 31, "spe": 31}, "item": "Assault Vest", "teraType": "Fighting", "role": "Bulky Attacker", "bvs": {"hp": 100, "atk": 100, "def": 100, "spa": 100, "spd": 100, "spe": 100}, "stats": {"hp": 291, "atk": 206, "def": 206, "spa": 206, "spd": 206, "spe": 206}, "types": ["Steel", "Psychic"]}, "Archaludon": {"name": "Archaludon", "species": "Archaludon", "speciesId": "archaludon", "gender": "M", "shiny": false, "level": 78, "moves": ["earthquake", "swordsdance", "outrage", "ironhead"], "ability": "Stamina", "evs": {"hp": 85, "atk": 85, "def": 85, "spa": 85, "spd": 85, "spe": 85}, "ivs": {"hp": 31, "atk": 31, "def": 31, "spa": 31, "spd": 31, "spe": 31}, "item": "Lum Berry", "teraType": "Ground", "role": "Bulky Setup", "bvs": {"hp": 90, "atk": 105, "def": 130, "spa": 125, "spd": 65, "spe": 85}, "stats": {"hp": 268, "atk": 209, "def": 248, "spa": 240, "spd": 146, "spe": 178}, "types": ["Steel", "Dragon"]}}]}