{"id": "gen9randombattle-2641583937", "format": "[Gen 9] Random Battle", "players": ["osmermar", "51testing240"], "log": "|j|\u203dosmermar\n|j|\u260651testing240\n|t:|1782813070\n|gametype|singles\n|player|p1|osmermar|alder|1579\n|player|p2|51testing240|170|1612\n|gen|9\n|tier|[Gen 9] Random Battle\n|rated|\n|rule|Species Clause: Limit one of each Pok\u00e9mon\n|rule|HP Percentage Mod: HP is shown in percentages\n|rule|Sleep Clause Mod: Limit one foe put to sleep\n|rule|Illusion Level Mod: Illusion disguises the Pok\u00e9mon's true level\n|\n|t:|1782813070\n|teamsize|p1|6\n|teamsize|p2|6\n|start\n|switch|p1a: Vileplume|Vileplume, L85, F|266/266\n|switch|p2a: Comfey|Comfey, L85, F|225/225\n|turn|1\n|inactive|Battle timer is ON: inactive players will automatically lose when time's up. (requested by osmermar)\n|\n|t:|1782813081\n|switch|p2a: Venomoth|Venomoth, L84, F|255/255\n|move|p1a: Vileplume|Sleep Powder|p2a: Venomoth\n|-status|p2a: Venomoth|slp|[from] move: Sleep Powder\n|\n|upkeep\n|turn|2\n|\n|t:|1782813102\n|switch|p2a: Ceruledge|Ceruledge, L78, F|245/245\n|switch|p1a: Magcargo|Magcargo, L95, M|268/268\n|\n|upkeep\n|turn|3\n|\n|t:|1782813110\n|move|p2a: Ceruledge|Swords Dance|p2a: Ceruledge\n|-boost|p2a: Ceruledge|atk|2\n|move|p1a: Magcargo|Power Gem|p2a: Ceruledge\n|-supereffective|p2a: Ceruledge\n|-damage|p2a: Ceruledge|53/245\n|\n|upkeep\n|turn|4\n|\n|t:|1782813123\n|-terastallize|p2a: Ceruledge|Fighting\n|move|p2a: Ceruledge|Close Combat|p1a: Magcargo\n|-supereffective|p1a: Magcargo\n|-damage|p1a: Magcargo|0 fnt\n|-unboost|p2a: Ceruledge|def|1\n|-unboost|p2a: Ceruledge|spd|1\n|faint|p1a: Magcargo\n|\n|upkeep\n|\n|t:|1782813131\n|switch|p1a: Phione|Phione, L91|293/293\n|turn|5\n|\n|t:|1782813136\n|switch|p2a: Raging Bolt|Raging Bolt, L78|323/323\n|move|p1a: Phione|Scald|p2a: Raging Bolt\n|-resisted|p2a: Raging Bolt\n|-damage|p2a: Raging Bolt|273/323\n|\n|-heal|p2a: Raging Bolt|293/323|[from] item: Leftovers\n|upkeep\n|turn|6\n|\n|t:|1782813147\n|switch|p1a: Hydreigon|Hydreigon, L79, F|275/275\n|move|p2a: Raging Bolt|Calm Mind|p2a: Raging Bolt\n|-boost|p2a: Raging Bolt|spa|1\n|-boost|p2a: Raging Bolt|spd|1\n|\n|-heal|p2a: Raging Bolt|313/323|[from] item: Leftovers\n|upkeep\n|turn|7\n|\n|t:|1782813167\n|move|p1a: Hydreigon|Draco Meteor|p2a: Raging Bolt\n|-supereffective|p2a: Raging Bolt\n|-damage|p2a: Raging Bolt|19/323\n|-unboost|p1a: Hydreigon|spa|2\n|move|p2a: Raging Bolt|Draco Meteor|p1a: Hydreigon\n|-supereffective|p1a: Hydreigon\n|-damage|p1a: Hydreigon|0 fnt\n|-unboost|p2a: Raging Bolt|spa|2\n|faint|p1a: Hydreigon\n|\n|-heal|p2a: Raging Bolt|39/323|[from] item: Leftovers\n|upkeep\n|\n|t:|1782813174\n|switch|p1a: Chimecho|Chimecho, L93, M|290/290\n|turn|8\n|\n|t:|1782813183\n|-end|p2a: Raging Bolt|Protosynthesis|[silent]\n|switch|p2a: Ceruledge|Ceruledge, L78, F, tera:Fighting|53/245\n|move|p1a: Chimecho|Dazzling Gleam|p2a: Ceruledge\n|-supereffective|p2a: Ceruledge\n|-damage|p2a: Ceruledge|0 fnt\n|faint|p2a: Ceruledge\n|\n|upkeep\n|\n|t:|1782813186\n|switch|p2a: Ludicolo|Ludicolo, L90, F|290/290\n|turn|9\n|\n|t:|1782813192\n|move|p2a: Ludicolo|Hydro Pump|p1a: Chimecho\n|-damage|p1a: Chimecho|113/290\n|move|p1a: Chimecho|Cosmic Power|p1a: Chimecho\n|-boost|p1a: Chimecho|def|1\n|-boost|p1a: Chimecho|spd|1\n|\n|-heal|p1a: Chimecho|131/290|[from] item: Leftovers\n|upkeep\n|turn|10\n|\n|t:|1782813196\n|move|p2a: Ludicolo|Hydro Pump|p1a: Chimecho\n|-damage|p1a: Chimecho|28/290\n|move|p1a: Chimecho|Recover|p1a: Chimecho\n|-heal|p1a: Chimecho|173/290\n|\n|-heal|p1a: Chimecho|191/290|[from] item: Leftovers\n|upkeep\n|turn|11\n|\n|t:|1782813207\n|move|p2a: Ludicolo|Hydro Pump|p1a: Chimecho\n|-damage|p1a: Chimecho|73/290\n|move|p1a: Chimecho|Recover|p1a: Chimecho\n|-heal|p1a: Chimecho|218/290\n|\n|-heal|p1a: Chimecho|236/290|[from] item: Leftovers\n|upkeep\n|turn|12\n|\n|t:|1782813212\n|move|p2a: Ludicolo|Hydro Pump|p1a: Chimecho\n|-damage|p1a: Chimecho|115/290\n|move|p1a: Chimecho|Cosmic Power|p1a: Chimecho\n|-boost|p1a: Chimecho|def|1\n|-boost|p1a: Chimecho|spd|1\n|\n|-heal|p1a: Chimecho|133/290|[from] item: Leftovers\n|upkeep\n|turn|13\n|\n|t:|1782813215\n|move|p2a: Ludicolo|Hydro Pump|p1a: Chimecho\n|-damage|p1a: Chimecho|42/290\n|move|p1a: Chimecho|Recover|p1a: Chimecho\n|-heal|p1a: Chimecho|187/290\n|\n|-heal|p1a: Chimecho|205/290|[from] item: Leftovers\n|upkeep\n|turn|14\n|\n|t:|1782813219\n|move|p2a: Ludicolo|Hydro Pump|p1a: Chimecho\n|-crit|p1a: Chimecho\n|-damage|p1a: Chimecho|0 fnt\n|faint|p1a: Chimecho\n|\n|upkeep\n|\n|t:|1782813243\n|switch|p1a: Vileplume|Vileplume, L85, F|266/266\n|turn|15\n|\n|t:|1782813250\n|switch|p2a: Venomoth|Venomoth, L84, F|255/255 slp\n|move|p1a: Vileplume|Sludge Bomb|p2a: Venomoth\n|-resisted|p2a: Venomoth\n|-damage|p2a: Venomoth|189/255 slp\n|\n|upkeep\n|turn|16\n|j| Sherii\n|\n|t:|1782813264\n|cant|p2a: Venomoth|slp\n|move|p1a: Vileplume|Sludge Bomb|p2a: Venomoth\n|-resisted|p2a: Venomoth\n|-damage|p2a: Venomoth|126/255 slp\n|\n|upkeep\n|turn|17\n|\n|t:|1782813268\n|cant|p2a: Venomoth|slp\n|move|p1a: Vileplume|Sludge Bomb|p2a: Venomoth\n|-resisted|p2a: Venomoth\n|-damage|p2a: Venomoth|66/255 slp\n|\n|upkeep\n|turn|18\n|\n|t:|1782813271\n|-curestatus|p2a: Venomoth|slp|[msg]\n|move|p2a: Venomoth|Quiver Dance|p2a: Venomoth\n|-boost|p2a: Venomoth|spa|1\n|-boost|p2a: Venomoth|spd|1\n|-boost|p2a: Venomoth|spe|1\n|move|p1a: Vileplume|Sludge Bomb|p2a: Venomoth\n|-resisted|p2a: Venomoth\n|-damage|p2a: Venomoth|28/255\n|\n|upkeep\n|turn|19\n|\n|t:|1782813280\n|-terastallize|p1a: Vileplume|Water\n|move|p2a: Venomoth|Sludge Wave|p1a: Vileplume\n|-crit|p1a: Vileplume\n|-damage|p1a: Vileplume|53/266\n|move|p1a: Vileplume|Sludge Bomb|p2a: Venomoth\n|-resisted|p2a: Venomoth\n|-damage|p2a: Venomoth|0 fnt\n|faint|p2a: Venomoth\n|\n|-heal|p1a: Vileplume|69/266|[from] item: Leftovers\n|upkeep\n|\n|t:|1782813289\n|switch|p2a: Ludicolo|Ludicolo, L90, F|290/290\n|turn|20\n|\n|t:|1782813295\n|move|p2a: Ludicolo|Giga Drain|p1a: Vileplume\n|-supereffective|p1a: Vileplume\n|-damage|p1a: Vileplume|0 fnt\n|faint|p1a: Vileplume\n|\n|upkeep\n|\n|t:|1782813298\n|switch|p1a: Spidops|Spidops, L96, M|271/271\n|turn|21\n|\n|t:|1782813307\n|switch|p2a: Mudsdale|Mudsdale, L83, M|302/302\n|move|p1a: Spidops|Sticky Web|p2a: Mudsdale\n|-sidestart|p2: 51testing240|move: Sticky Web\n|\n|upkeep\n|turn|22\n|\n|t:|1782813314\n|move|p1a: Spidops|Knock Off|p2a: Mudsdale\n|-damage|p2a: Mudsdale|228/302\n|-ability|p2a: Mudsdale|Stamina|boost\n|-boost|p2a: Mudsdale|def|1\n|-enditem|p2a: Mudsdale|Leftovers|[from] move: Knock Off|[of] p1a: Spidops\n|move|p2a: Mudsdale|Stealth Rock|p1a: Spidops\n|-sidestart|p1: osmermar|move: Stealth Rock\n|\n|upkeep\n|turn|23\n|\n|t:|1782813318\n|switch|p1a: Phione|Phione, L91|293/293\n|-damage|p1a: Phione|257/293|[from] Stealth Rock\n|move|p2a: Mudsdale|Stone Edge|p1a: Phione\n|-damage|p1a: Phione|177/293\n|\n|-heal|p1a: Phione|195/293|[from] item: Leftovers\n|upkeep\n|turn|24\n|\n|t:|1782813325\n|switch|p2a: Ludicolo|Ludicolo, L90, F|290/290\n|-activate|p2a: Ludicolo|move: Sticky Web\n|-unboost|p2a: Ludicolo|spe|1\n|move|p1a: Phione|Take Heart|p1a: Phione\n|-boost|p1a: Phione|spa|1\n|-boost|p1a: Phione|spd|1\n|\n|-heal|p1a: Phione|213/293|[from] item: Leftovers\n|upkeep\n|turn|25\n|l| Sherii\n|\n|t:|1782813338\n|move|p1a: Phione|Take Heart|p1a: Phione\n|-boost|p1a: Phione|spa|1\n|-boost|p1a: Phione|spd|1\n|move|p2a: Ludicolo|Giga Drain|p1a: Phione\n|-supereffective|p1a: Phione\n|-damage|p1a: Phione|93/293\n|\n|-heal|p1a: Phione|111/293|[from] item: Leftovers\n|upkeep\n|turn|26\n|\n|t:|1782813350\n|move|p1a: Phione|Rest|p1a: Phione\n|-status|p1a: Phione|slp|[from] move: Rest\n|-heal|p1a: Phione|293/293 slp|[silent]\n|move|p2a: Ludicolo|Giga Drain|p1a: Phione\n|-supereffective|p1a: Phione\n|-damage|p1a: Phione|167/293 slp\n|\n|-heal|p1a: Phione|185/293 slp|[from] item: Leftovers\n|upkeep\n|turn|27\n|\n|t:|1782813356\n|cant|p1a: Phione|slp\n|move|p1a: Phione|Sleep Talk|p1a: Phione\n|move|p1a: Phione|Take Heart|p1a: Phione|[from] move: Sleep Talk\n|-boost|p1a: Phione|spa|1\n|-boost|p1a: Phione|spd|1\n|-curestatus|p1a: Phione|slp|[msg]\n|move|p2a: Ludicolo|Giga Drain|p1a: Phione\n|-supereffective|p1a: Phione\n|-damage|p1a: Phione|75/293\n|\n|-heal|p1a: Phione|93/293|[from] item: Leftovers\n|upkeep\n|turn|28\n|\n|t:|1782813363\n|move|p1a: Phione|Sleep Talk||[still]\n|-fail|p1a: Phione\n|move|p2a: Ludicolo|Giga Drain|p1a: Phione\n|-supereffective|p1a: Phione\n|-damage|p1a: Phione|0 fnt\n|faint|p1a: Phione\n|\n|upkeep\n|\n|t:|1782813365\n|switch|p1a: Spidops|Spidops, L96, M|271/271\n|turn|29\n|\n|t:|1782813374\n|switch|p2a: Raging Bolt|Raging Bolt, L78|39/323\n|-activate|p2a: Raging Bolt|move: Sticky Web\n|-unboost|p2a: Raging Bolt|spe|1\n|move|p1a: Spidops|Knock Off|p2a: Raging Bolt\n|-damage|p2a: Raging Bolt|0 fnt\n|-enditem|p2a: Raging Bolt|Leftovers|[from] move: Knock Off|[of] p1a: Spidops\n|faint|p2a: Raging Bolt\n|-end|p2a: Raging Bolt|Protosynthesis|[silent]\n|\n|upkeep\n|\n|t:|1782813378\n|switch|p2a: Mudsdale|Mudsdale, L83, M|228/302\n|-activate|p2a: Mudsdale|move: Sticky Web\n|-unboost|p2a: Mudsdale|spe|1\n|turn|30\n|\n|t:|1782813386\n|move|p1a: Spidops|U-turn|p2a: Mudsdale\n|-damage|p2a: Mudsdale|152/302\n|-ability|p2a: Mudsdale|Stamina|boost\n|-boost|p2a: Mudsdale|def|1\n|move|p2a: Mudsdale|Stone Edge|p1a: Spidops\n|-supereffective|p1a: Spidops\n|-damage|p1a: Spidops|135/271\n|\n|upkeep\n|turn|31\n|\n|t:|1782813393\n|move|p1a: Spidops|U-turn|p2a: Mudsdale\n|-damage|p2a: Mudsdale|104/302\n|-ability|p2a: Mudsdale|Stamina|boost\n|-boost|p2a: Mudsdale|def|1\n|move|p2a: Mudsdale|Stone Edge|p1a: Spidops\n|-supereffective|p1a: Spidops\n|-damage|p1a: Spidops|0 fnt\n|faint|p1a: Spidops\n|\n|win|51testing240\n|raw|osmermar's rating: 1579 &rarr; <strong>1561</strong><br />(-18 for losing)\n|raw|51testing240's rating: 1612 &rarr; <strong>1630</strong><br />(+18 for winning)\n|l|\u203dosmermar\n|player|p1|\n|l|\u260651testing240\n|player|p2|\n|j|\u260651testing240\n|player|p2|51testing240|170|\n", "inputlog": ">version f8ac14003a5f27e1bdc8d8c59608a773c1cb96e5\n>start {\"formatid\":\"gen9randombattle\",\"seed\":\"sodium,69d672cb3dc9965bbeb646c79aea5d2a\",\"rated\":\"Rated battle\"}\n>player p1 {\"name\":\"osmermar\",\"avatar\":\"alder\",\"rating\":1579,\"seed\":\"sodium,2783734ae99b81839703fc8de0965766\"}\n>player p2 {\"name\":\"51testing240\",\"avatar\":\"170\",\"rating\":1612,\"seed\":\"sodium,9c040aec08560dccf37a574c98b4bf90\"}\n>p1 move sleeppowder\n>p2 switch 4\n>p1 switch 3\n>p2 switch 6\n>p1 move powergem\n>p2 move swordsdance\n>p1 move powergem\n>p2 move closecombat terastallize\n>p1 switch 2\n>p1 move scald\n>p2 switch 3\n>p1 switch 5\n>p2 move calmmind\n>p1 move dracometeor\n>p2 move dracometeor\n>p1 switch 6\n>p1 move dazzlinggleam\n>p2 switch 3\n>p2 switch 5\n>p1 move cosmicpower\n>p2 move hydropump\n>p1 move recover\n>p2 move hydropump\n>p1 move recover\n>p2 move hydropump\n>p1 move cosmicpower\n>p2 move hydropump\n>p1 move recover\n>p2 move hydropump\n>p1 move cosmicpower\n>p2 move hydropump\n>p1 switch 3\n>p1 move sludgebomb\n>p2 switch 6\n>p1 move sludgebomb\n>p2 move quiverdance\n>p1 move sludgebomb\n>p2 move quiverdance\n>p1 move sludgebomb\n>p2 move quiverdance\n>p1 move sludgebomb terastallize\n>p2 move sludgewave\n>p2 switch 6\n>p1 move sludgebomb\n>p2 move gigadrain\n>p1 switch 4\n>p1 move stickyweb\n>p2 switch 2\n>p1 move knockoff\n>p2 move stealthrock\n>p1 switch 5\n>p2 move stoneedge\n>p1 move takeheart\n>p2 switch 2\n>p1 move takeheart\n>p2 move gigadrain\n>p1 move rest\n>p2 move gigadrain\n>p1 move sleeptalk\n>p2 move gigadrain\n>p1 move sleeptalk\n>p2 move gigadrain\n>p1 switch 5\n>p1 move knockoff\n>p2 switch 3\n>p2 switch 2\n>p1 move uturn\n>p2 move stoneedge\n>p1 move uturn\n>p2 move stoneedge", "uploadtime": 1782813618, "views": 4, "formatid": "gen9randombattle", "rating": 1561, "private": 0, "password": null, "player_dets": [{"name": "osmermar", "avatar": "alder", "rating": 1579, "seed": "sodium,2783734ae99b81839703fc8de0965766"}, {"name": "51testing240", "avatar": "170", "rating": 1612, "seed": "sodium,9c040aec08560dccf37a574c98b4bf90"}], "teams_full": [{"Vileplume": {"name": "Vileplume", "species": "Vileplume", "speciesId": "vileplume", "gender": "F", "shiny": false, "level": 85, "moves": ["sleeppowder", "sludgebomb", "strengthsap", "gigadrain"], "ability": "Effect Spore", "evs": {"hp": 85, "atk": 0, "def": 85, "spa": 85, "spd": 85, "spe": 85}, "ivs": {"hp": 31, "atk": 0, "def": 31, "spa": 31, "spd": 31, "spe": 31}, "item": "Leftovers", "teraType": "Water", "role": "Bulky Attacker", "bvs": {"hp": 75, "atk": 80, "def": 85, "spa": 110, "spd": 90, "spe": 50}, "stats": {"hp": 266, "atk": 141, "def": 193, "spa": 236, "spd": 202, "spe": 134}, "types": ["Grass", "Poison"]}, "Phione": {"name": "Phione", "species": "Phione", "speciesId": "phione", "gender": "N", "shiny": false, "level": 91, "moves": ["scald", "takeheart", "rest", "sleeptalk"], "ability": "Hydration", "evs": {"hp": 85, "atk": 0, "def": 85, "spa": 85, "spd": 85, "spe": 85}, "ivs": {"hp": 31, "atk": 0, "def": 31, "spa": 31, "spd": 31, "spe": 31}, "item": "Leftovers", "teraType": "Dragon", "role": "Bulky Setup", "bvs": {"hp": 80, "atk": 80, "def": 80, "spa": 80, "spd": 80, "spe": 80}, "stats": {"hp": 293, "atk": 150, "def": 197, "spa": 197, "spd": 197, "spe": 197}, "types": ["Water"]}, "Magcargo": {"name": "Magcargo", "species": "Magcargo", "speciesId": "magcargo", "gender": "M", "shiny": false, "level": 95, "moves": ["recover", "stealthrock", "powergem", "lavaplume"], "ability": "Flame Body", "evs": {"hp": 85, "atk": 0, "def": 85, "spa": 85, "spd": 85, "spe": 85}, "ivs": {"hp": 31, "atk": 0, "def": 31, "spa": 31, "spd": 31, "spe": 31}, "item": "Heavy-Duty Boots", "teraType": "Grass", "role": "Bulky Support", "bvs": {"hp": 60, "atk": 50, "def": 120, "spa": 90, "spd": 80, "spe": 30}, "stats": {"hp": 268, "atk": 100, "def": 282, "spa": 225, "spd": 206, "spe": 111}, "types": ["Fire", "Rock"]}, "Spidops": {"name": "Spidops", "species": "Spidops", "speciesId": "spidops", "gender": "M", "shiny": false, "level": 96, "moves": ["stickyweb", "knockoff", "toxicspikes", "uturn"], "ability": "Stakeout", "evs": {"hp": 85, "atk": 85, "def": 85, "spa": 85, "spd": 85, "spe": 85}, "ivs": {"hp": 31, "atk": 31, "def": 31, "spa": 31, "spd": 31, "spe": 31}, "item": "Heavy-Duty Boots", "teraType": "Ghost", "role": "Bulky Support", "bvs": {"hp": 60, "atk": 79, "def": 92, "spa": 52, "spd": 86, "spe": 35}, "stats": {"hp": 271, "atk": 206, "def": 231, "spa": 154, "spd": 220, "spe": 122}, "types": ["Bug"]}, "Hydreigon": {"name": "Hydreigon", "species": "Hydreigon", "speciesId": "hydreigon", "gender": "F", "shiny": false, "level": 79, "moves": ["darkpulse", "fireblast", "uturn", "dracometeor"], "ability": "Levitate", "evs": {"hp": 85, "atk": 85, "def": 85, "spa": 85, "spd": 85, "spe": 85}, "ivs": {"hp": 31, "atk": 31, "def": 31, "spa": 31, "spd": 31, "spe": 31}, "item": "Choice Specs", "teraType": "Fire", "role": "Fast Attacker", "bvs": {"hp": 92, "atk": 105, "def": 90, "spa": 125, "spd": 90, "spe": 98}, "stats": {"hp": 275, "atk": 211, "def": 188, "spa": 243, "spd": 188, "spe": 200}, "types": ["Dark", "Dragon"]}, "Chimecho": {"name": "Chimecho", "species": "Chimecho", "speciesId": "chimecho", "gender": "M", "shiny": false, "level": 93, "moves": ["storedpower", "cosmicpower", "recover", "dazzlinggleam"], "ability": "Levitate", "evs": {"hp": 85, "atk": 0, "def": 85, "spa": 85, "spd": 85, "spe": 85}, "ivs": {"hp": 31, "atk": 0, "def": 31, "spa": 31, "spd": 31, "spe": 31}, "item": "Leftovers", "teraType": "Steel", "role": "Bulky Attacker", "bvs": {"hp": 75, "atk": 50, "def": 80, "spa": 95, "spd": 90, "spe": 65}, "stats": {"hp": 290, "atk": 98, "def": 202, "spa": 230, "spd": 220, "spe": 174}, "types": ["Psychic"]}}, {"Comfey": {"name": "Comfey", "species": "Comfey", "speciesId": "comfey", "gender": "F", "shiny": false, "level": 85, "moves": ["storedpower", "gigadrain", "drainingkiss", "calmmind"], "ability": "Triage", "evs": {"hp": 85, "atk": 0, "def": 85, "spa": 85, "spd": 85, "spe": 85}, "ivs": {"hp": 31, "atk": 0, "def": 31, "spa": 31, "spd": 31, "spe": 31}, "item": "Leftovers", "teraType": "Fairy", "role": "Bulky Setup", "bvs": {"hp": 51, "atk": 52, "def": 90, "spa": 82, "spd": 110, "spe": 100}, "stats": {"hp": 225, "atk": 93, "def": 202, "spa": 188, "spd": 236, "spe": 219}, "types": ["Fairy"]}, "Mudsdale": {"name": "Mudsdale", "species": "Mudsdale", "speciesId": "mudsdale", "gender": "M", "shiny": false, "level": 83, "moves": ["stoneedge", "stealthrock", "heavyslam", "earthquake"], "ability": "Stamina", "evs": {"hp": 85, "atk": 85, "def": 85, "spa": 85, "spd": 85, "spe": 85}, "ivs": {"hp": 31, "atk": 31, "def": 31, "spa": 31, "spd": 31, "spe": 31}, "item": "Leftovers", "teraType": "Steel", "role": "Bulky Attacker", "bvs": {"hp": 100, "atk": 125, "def": 100, "spa": 55, "spd": 85, "spe": 35}, "stats": {"hp": 302, "atk": 255, "def": 214, "spa": 139, "spd": 189, "spe": 106}, "types": ["Ground"]}, "Raging Bolt": {"name": "Raging Bolt", "species": "Raging Bolt", "speciesId": "ragingbolt", "gender": "N", "shiny": false, "level": 78, "moves": ["dracometeor", "thunderclap", "thunderbolt", "calmmind"], "ability": "Protosynthesis", "evs": {"hp": 85, "atk": 0, "def": 85, "spa": 85, "spd": 85, "spe": 85}, "ivs": {"hp": 31, "atk": 0, "def": 31, "spa": 31, "spd": 31, "spe": 31}, "item": "Leftovers", "teraType": "Electric", "role": "Bulky Setup", "bvs": {"hp": 125, "atk": 73, "def": 91, "spa": 137, "spd": 89, "spe": 75}, "stats": {"hp": 323, "atk": 118, "def": 187, "spa": 259, "spd": 184, "spe": 162}, "types": ["Electric", "Dragon"]}, "Venomoth": {"name": "Venomoth", "species": "Venomoth", "speciesId": "venomoth", "gender": "F", "shiny": false, "level": 84, "moves": ["sludgewave", "bugbuzz", "quiverdance", "sleeppowder"], "ability": "Tinted Lens", "evs": {"hp": 85, "atk": 0, "def": 85, "spa": 85, "spd": 85, "spe": 85}, "ivs": {"hp": 31, "atk": 0, "def": 31, "spa": 31, "spd": 31, "spe": 31}, "item": "Heavy-Duty Boots", "teraType": "Water", "role": "Setup Sweeper", "bvs": {"hp": 70, "atk": 65, "def": 60, "spa": 90, "spd": 75, "spe": 90}, "stats": {"hp": 255, "atk": 114, "def": 149, "spa": 199, "spd": 174, "spe": 199}, "types": ["Bug", "Poison"]}, "Ludicolo": {"name": "Ludicolo", "species": "Ludicolo", "speciesId": "ludicolo", "gender": "F", "shiny": false, "level": 90, "moves": ["icebeam", "hydropump", "gigadrain", "leafstorm"], "ability": "Swift Swim", "evs": {"hp": 85, "atk": 0, "def": 85, "spa": 85, "spd": 85, "spe": 85}, "ivs": {"hp": 31, "atk": 0, "def": 31, "spa": 31, "spd": 31, "spe": 31}, "item": "Choice Specs", "teraType": "Water", "role": "Fast Attacker", "bvs": {"hp": 80, "atk": 70, "def": 70, "spa": 90, "spd": 100, "spe": 70}, "stats": {"hp": 290, "atk": 131, "def": 177, "spa": 213, "spd": 231, "spe": 177}, "types": ["Water", "Grass"]}, "Ceruledge": {"name": "Ceruledge", "species": "Ceruledge", "speciesId": "ceruledge", "gender": "F", "shiny": false, "level": 78, "moves": ["bitterblade", "closecombat", "poltergeist", "swordsdance"], "ability": "Weak Armor", "evs": {"hp": 85, "atk": 85, "def": 85, "spa": 85, "spd": 85, "spe": 85}, "ivs": {"hp": 31, "atk": 31, "def": 31, "spa": 31, "spd": 31, "spe": 31}, "item": "Heavy-Duty Boots", "teraType": "Fighting", "role": "Setup Sweeper", "bvs": {"hp": 75, "atk": 125, "def": 80, "spa": 60, "spd": 100, "spe": 85}, "stats": {"hp": 245, "atk": 240, "def": 170, "spa": 139, "spd": 201, "spe": 178}, "types": ["Fire", "Ghost"]}}]}