{"id": "gen9randombattle-2642073294", "format": "[Gen 9] Random Battle", "players": ["HonkaiStarPetsTCG", "notmetbh102"], "log": "|j|\u2606HonkaiStarPetsTCG\n|j|\u2606notmetbh102\n|t:|1782884097\n|gametype|singles\n|player|p1|HonkaiStarPetsTCG|clerkf|2166\n|player|p2|notmetbh102|265|2207\n|gen|9\n|tier|[Gen 9] Random Battle\n|rated|\n|rule|Species Clause: Limit one of each Pok\u00e9mon\n|rule|HP Percentage Mod: HP is shown in percentages\n|rule|Sleep Clause Mod: Limit one foe put to sleep\n|rule|Illusion Level Mod: Illusion disguises the Pok\u00e9mon's true level\n|\n|t:|1782884097\n|teamsize|p1|6\n|teamsize|p2|6\n|start\n|switch|p1a: Iron Hands|Iron Hands, L79, shiny|373/373\n|switch|p2a: Amoonguss|Amoonguss, L82, M|321/321\n|turn|1\n|inactive|Battle timer is ON: inactive players will automatically lose when time's up. (requested by notmetbh102)\n|c|\u2606notmetbh102|hf\n|inactive|HonkaiStarPetsTCG also wants the timer to be on.\n|\n|t:|1782884125\n|move|p1a: Iron Hands|Swords Dance|p1a: Iron Hands\n|-boost|p1a: Iron Hands|atk|2\n|move|p2a: Amoonguss|Spore|p1a: Iron Hands\n|-status|p1a: Iron Hands|slp|[from] move: Spore\n|\n|upkeep\n|turn|2\n|\n|t:|1782884131\n|switch|p2a: Golurk|Golurk, L87|297/297\n|cant|p1a: Iron Hands|slp\n|\n|upkeep\n|turn|3\n|\n|t:|1782884147\n|-terastallize|p2a: Golurk|Ghost\n|move|p2a: Golurk|Poltergeist|p1a: Iron Hands\n|-activate|p1a: Iron Hands|move: Poltergeist|Leftovers\n|-damage|p1a: Iron Hands|116/373 slp\n|-damage|p2a: Golurk|268/297|[from] item: Life Orb\n|cant|p1a: Iron Hands|slp\n|\n|-heal|p1a: Iron Hands|139/373 slp|[from] item: Leftovers\n|upkeep\n|turn|4\n|\n|t:|1782884157\n|-end|p1a: Iron Hands|Quark Drive|[silent]\n|switch|p1a: Zangoose|Zangoose, L85, M|263/263\n|move|p2a: Golurk|Stealth Rock|p1a: Zangoose\n|-sidestart|p1: HonkaiStarPetsTCG|move: Stealth Rock\n|\n|-status|p1a: Zangoose|tox|[from] item: Toxic Orb\n|upkeep\n|turn|5\n|\n|t:|1782884175\n|move|p1a: Zangoose|Knock Off|p2a: Golurk\n|-supereffective|p2a: Golurk\n|-damage|p2a: Golurk|4/297\n|-enditem|p2a: Golurk|Life Orb|[from] move: Knock Off|[of] p1a: Zangoose\n|move|p2a: Golurk|Earthquake|p1a: Zangoose\n|-damage|p1a: Zangoose|95/263 tox\n|\n|-damage|p1a: Zangoose|79/263 tox|[from] psn\n|upkeep\n|turn|6\n|\n|t:|1782884184\n|move|p1a: Zangoose|Knock Off|p2a: Golurk\n|-supereffective|p2a: Golurk\n|-damage|p2a: Golurk|0 fnt\n|faint|p2a: Golurk\n|\n|-damage|p1a: Zangoose|47/263 tox|[from] psn\n|upkeep\n|\n|t:|1782884185\n|switch|p2a: Serperior|Serperior, L79, F|248/248\n|turn|7\n|\n|t:|1782884206\n|switch|p1a: Yanmega|Yanmega, L82, F|275/275\n|move|p2a: Serperior|Leaf Storm|p1a: Yanmega\n|-resisted|p1a: Yanmega\n|-damage|p1a: Yanmega|232/275\n|-boost|p2a: Serperior|spa|2\n|-damage|p2a: Serperior|224/248|[from] item: Life Orb\n|\n|upkeep\n|turn|8\n|\n|t:|1782884215\n|switch|p2a: Goodra|Goodra-Hisui, L82, F|265/265\n|move|p1a: Yanmega|Protect||[still]\n|-fail|p1a: Yanmega\n|\n|-ability|p1a: Yanmega|Speed Boost|boost\n|-boost|p1a: Yanmega|spe|1\n|upkeep\n|turn|9\n|\n|t:|1782884238\n|move|p1a: Yanmega|Protect|p1a: Yanmega\n|-singleturn|p1a: Yanmega|Protect\n|move|p2a: Goodra|Heavy Slam|p1a: Yanmega\n|-activate|p1a: Yanmega|move: Protect\n|\n|-ability|p1a: Yanmega|Speed Boost|boost\n|-boost|p1a: Yanmega|spe|1\n|upkeep\n|turn|10\n|inactive|HonkaiStarPetsTCG has 120 seconds left.\n|\n|t:|1782884259\n|-terastallize|p1a: Yanmega|Ground\n|move|p1a: Yanmega|Tera Blast|p2a: Goodra|[anim] Tera Blast Ground\n|-supereffective|p2a: Goodra\n|-damage|p2a: Goodra|187/265\n|move|p2a: Goodra|Knock Off|p1a: Yanmega\n|-damage|p1a: Yanmega|159/275\n|-enditem|p1a: Yanmega|Heavy-Duty Boots|[from] move: Knock Off|[of] p2a: Goodra\n|\n|-ability|p1a: Yanmega|Speed Boost|boost\n|-boost|p1a: Yanmega|spe|1\n|upkeep\n|turn|11\n|inactive|HonkaiStarPetsTCG has 120 seconds left.\n|\n|t:|1782884267\n|move|p1a: Yanmega|Tera Blast|p2a: Goodra|[anim] Tera Blast Ground\n|-supereffective|p2a: Goodra\n|-damage|p2a: Goodra|101/265\n|move|p2a: Goodra|Draco Meteor|p1a: Yanmega|[miss]\n|-miss|p2a: Goodra|p1a: Yanmega\n|\n|-ability|p1a: Yanmega|Speed Boost|boost\n|-boost|p1a: Yanmega|spe|1\n|upkeep\n|turn|12\n|\n|t:|1782884275\n|move|p1a: Yanmega|Tera Blast|p2a: Goodra|[anim] Tera Blast Ground\n|-supereffective|p2a: Goodra\n|-damage|p2a: Goodra|17/265\n|move|p2a: Goodra|Draco Meteor|p1a: Yanmega|[miss]\n|-miss|p2a: Goodra|p1a: Yanmega\n|\n|-ability|p1a: Yanmega|Speed Boost|boost\n|-boost|p1a: Yanmega|spe|1\n|upkeep\n|turn|13\n|\n|t:|1782884287\n|switch|p2a: Swampert|Swampert, L83, F|302/302\n|move|p1a: Yanmega|Bug Buzz|p2a: Swampert\n|-damage|p2a: Swampert|194/302\n|\n|-heal|p2a: Swampert|212/302|[from] item: Leftovers\n|-ability|p1a: Yanmega|Speed Boost|boost\n|-boost|p1a: Yanmega|spe|1\n|upkeep\n|turn|14\n|\n|t:|1782884299\n|move|p1a: Yanmega|Air Slash|p2a: Swampert\n|-damage|p2a: Swampert|121/302\n|cant|p2a: Swampert|flinch\n|\n|-heal|p2a: Swampert|139/302|[from] item: Leftovers\n|upkeep\n|turn|15\n|\n|t:|1782884307\n|move|p1a: Yanmega|Air Slash|p2a: Swampert\n|-damage|p2a: Swampert|51/302\n|move|p2a: Swampert|Ice Beam|p1a: Yanmega\n|-supereffective|p1a: Yanmega\n|-damage|p1a: Yanmega|0 fnt\n|faint|p1a: Yanmega\n|\n|-heal|p2a: Swampert|69/302|[from] item: Leftovers\n|upkeep\n|inactive|HonkaiStarPetsTCG has 120 seconds left.\n|\n|t:|1782884338\n|switch|p1a: Squawkabilly|Squawkabilly-Blue, L85, M|278/278\n|-damage|p1a: Squawkabilly|209/278|[from] Stealth Rock\n|turn|16\n|\n|t:|1782884342\n|switch|p2a: Goodra|Goodra-Hisui, L82, F|17/265\n|move|p1a: Squawkabilly|Facade|p2a: Goodra\n|-resisted|p2a: Goodra\n|-damage|p2a: Goodra|0 fnt\n|faint|p2a: Goodra\n|\n|-status|p1a: Squawkabilly|brn|[from] item: Flame Orb\n|upkeep\n|\n|t:|1782884343\n|switch|p2a: Maushold|Maushold, L76|238/238\n|turn|17\n|inactive|HonkaiStarPetsTCG has 120 seconds left.\n|\n|t:|1782884374\n|switch|p1a: Mimikyu|Mimikyu, L79, M|216/216\n|-damage|p1a: Mimikyu|189/216|[from] Stealth Rock\n|move|p2a: Maushold|Population Bomb|p1a: Mimikyu\n|-immune|p1a: Mimikyu\n|\n|upkeep\n|turn|18\n|\n|t:|1782884380\n|switch|p2a: Amoonguss|Amoonguss, L82, M|321/321\n|move|p1a: Mimikyu|Swords Dance|p1a: Mimikyu\n|-boost|p1a: Mimikyu|atk|2\n|\n|upkeep\n|turn|19\n|inactive|HonkaiStarPetsTCG has 90 seconds left.\n|\n|t:|1782884409\n|move|p1a: Mimikyu|Swords Dance|p1a: Mimikyu\n|-boost|p1a: Mimikyu|atk|2\n|move|p2a: Amoonguss|Stomping Tantrum|p1a: Mimikyu\n|-activate|p1a: Mimikyu|ability: Disguise\n|-damage|p1a: Mimikyu|189/216\n|detailschange|p1a: Mimikyu|Mimikyu-Busted, L79, M\n|-damage|p1a: Mimikyu|162/216|[from] pokemon: Mimikyu-Busted\n|\n|upkeep\n|turn|20\n|inactive|HonkaiStarPetsTCG has 90 seconds left.\n|\n|t:|1782884422\n|move|p1a: Mimikyu|Play Rough|p2a: Amoonguss|[miss]\n|-miss|p1a: Mimikyu|p2a: Amoonguss\n|move|p2a: Amoonguss|Sludge Bomb|p1a: Mimikyu\n|-damage|p1a: Mimikyu|83/216\n|-status|p1a: Mimikyu|psn\n|\n|-damage|p1a: Mimikyu|56/216 psn|[from] psn\n|upkeep\n|turn|21\n|\n|t:|1782884429\n|move|p1a: Mimikyu|Play Rough|p2a: Amoonguss\n|-resisted|p2a: Amoonguss\n|-damage|p2a: Amoonguss|138/321\n|-unboost|p2a: Amoonguss|atk|1\n|-damage|p1a: Mimikyu|35/216 psn|[from] item: Life Orb\n|move|p2a: Amoonguss|Giga Drain|p1a: Mimikyu\n|-damage|p1a: Mimikyu|0 fnt\n|-heal|p2a: Amoonguss|156/321|[from] drain|[of] p1a: Mimikyu\n|faint|p1a: Mimikyu\n|\n|-heal|p2a: Amoonguss|176/321|[from] item: Leftovers\n|upkeep\n|inactive|HonkaiStarPetsTCG has 90 seconds left.\n|\n|t:|1782884445\n|switch|p1a: Zangoose|Zangoose, L85, M|47/263 tox\n|-damage|p1a: Zangoose|15/263 tox|[from] Stealth Rock\n|turn|22\n|\n|t:|1782884446\n|switch|p2a: Swampert|Swampert, L83, F|69/302\n|move|p1a: Zangoose|Facade|p2a: Swampert\n|-damage|p2a: Swampert|0 fnt\n|faint|p2a: Swampert\n|\n|-damage|p1a: Zangoose|0 fnt|[from] psn\n|faint|p1a: Zangoose\n|upkeep\n|inactive|HonkaiStarPetsTCG has 90 seconds left.\n|\n|t:|1782884471\n|switch|p1a: Spiritomb|Spiritomb, L89, F|234/234\n|switch|p2a: Maushold|Maushold, L76|238/238\n|-damage|p1a: Spiritomb|205/234|[from] Stealth Rock\n|turn|23\n|\n|t:|1782884483\n|switch|p2a: Serperior|Serperior, L79, F|224/248\n|move|p1a: Spiritomb|Poltergeist|p2a: Serperior\n|-activate|p2a: Serperior|move: Poltergeist|Life Orb\n|-damage|p2a: Serperior|104/248\n|\n|-heal|p1a: Spiritomb|219/234|[from] item: Leftovers\n|upkeep\n|turn|24\n|\n|t:|1782884493\n|move|p2a: Serperior|Synthesis|p2a: Serperior\n|-heal|p2a: Serperior|228/248\n|move|p1a: Spiritomb|Poltergeist|p2a: Serperior\n|-activate|p2a: Serperior|move: Poltergeist|Life Orb\n|-damage|p2a: Serperior|102/248\n|\n|-heal|p1a: Spiritomb|233/234|[from] item: Leftovers\n|upkeep\n|turn|25\n|inactive|HonkaiStarPetsTCG has 90 seconds left.\n|\n|t:|1782884502\n|move|p2a: Serperior|Synthesis|p2a: Serperior\n|-heal|p2a: Serperior|226/248\n|move|p1a: Spiritomb|Poltergeist|p2a: Serperior\n|-activate|p2a: Serperior|move: Poltergeist|Life Orb\n|-damage|p2a: Serperior|105/248\n|\n|-heal|p1a: Spiritomb|234/234|[from] item: Leftovers\n|upkeep\n|turn|26\n|inactive|HonkaiStarPetsTCG has 90 seconds left.\n|\n|t:|1782884516\n|move|p2a: Serperior|Synthesis|p2a: Serperior\n|-heal|p2a: Serperior|229/248\n|move|p1a: Spiritomb|Poltergeist|p2a: Serperior\n|-activate|p2a: Serperior|move: Poltergeist|Life Orb\n|-damage|p2a: Serperior|106/248\n|\n|upkeep\n|turn|27\n|\n|t:|1782884522\n|move|p2a: Serperior|Synthesis|p2a: Serperior\n|-heal|p2a: Serperior|230/248\n|move|p1a: Spiritomb|Poltergeist|p2a: Serperior|[miss]\n|-miss|p1a: Spiritomb|p2a: Serperior\n|\n|upkeep\n|turn|28\n|\n|t:|1782884528\n|move|p2a: Serperior|Leaf Storm|p1a: Spiritomb\n|-damage|p1a: Spiritomb|131/234\n|-boost|p2a: Serperior|spa|2\n|-damage|p2a: Serperior|206/248|[from] item: Life Orb\n|move|p1a: Spiritomb|Poltergeist|p2a: Serperior\n|-activate|p2a: Serperior|move: Poltergeist|Life Orb\n|-damage|p2a: Serperior|77/248\n|\n|-heal|p1a: Spiritomb|145/234|[from] item: Leftovers\n|upkeep\n|turn|29\n|inactive|HonkaiStarPetsTCG has 90 seconds left.\n|\n|t:|1782884552\n|switch|p1a: Iron Hands|Iron Hands, L79, shiny|139/373 slp\n|-damage|p1a: Iron Hands|116/373 slp|[from] Stealth Rock\n|move|p2a: Serperior|Synthesis|p2a: Serperior\n|-heal|p2a: Serperior|201/248\n|\n|-heal|p1a: Iron Hands|139/373 slp|[from] item: Leftovers\n|upkeep\n|turn|30\n|\n|t:|1782884560\n|move|p2a: Serperior|Leaf Storm|p1a: Iron Hands\n|-damage|p1a: Iron Hands|0 fnt\n|-boost|p2a: Serperior|spa|2\n|faint|p1a: Iron Hands\n|-end|p1a: Iron Hands|Quark Drive|[silent]\n|-damage|p2a: Serperior|177/248|[from] item: Life Orb\n|\n|upkeep\n|\n|t:|1782884566\n|switch|p1a: Squawkabilly|Squawkabilly-Blue, L85, M|209/278 brn\n|-damage|p1a: Squawkabilly|140/278 brn|[from] Stealth Rock\n|turn|31\n|\n|t:|1782884577\n|move|p1a: Squawkabilly|Protect|p1a: Squawkabilly\n|-singleturn|p1a: Squawkabilly|Protect\n|move|p2a: Serperior|Leaf Storm|p1a: Squawkabilly\n|-activate|p1a: Squawkabilly|move: Protect\n|\n|-damage|p1a: Squawkabilly|123/278 brn|[from] brn\n|upkeep\n|turn|32\n|\n|t:|1782884583\n|move|p2a: Serperior|Leaf Storm|p1a: Squawkabilly\n|-resisted|p1a: Squawkabilly\n|-damage|p1a: Squawkabilly|0 fnt\n|-boost|p2a: Serperior|spa|2\n|faint|p1a: Squawkabilly\n|-damage|p2a: Serperior|153/248|[from] item: Life Orb\n|\n|upkeep\n|inactive|HonkaiStarPetsTCG has 90 seconds left.\n|l|\u2606HonkaiStarPetsTCG\n|inactive|HonkaiStarPetsTCG disconnected and has a minute to reconnect!\n|player|p1|\n|inactive|HonkaiStarPetsTCG has 30 seconds to reconnect!\n|inactive|HonkaiStarPetsTCG has 20 seconds to reconnect!\n|inactive|HonkaiStarPetsTCG has 15 seconds to reconnect!\n|inactive|HonkaiStarPetsTCG has 10 seconds to reconnect!\n|inactive|HonkaiStarPetsTCG has 5 seconds to reconnect!\n|-message|HonkaiStarPetsTCG lost due to inactivity.\n|\n|win|notmetbh102\n|raw|HonkaiStarPetsTCG's rating: 2166 &rarr; <strong>2148</strong><br />(-18 for losing)\n|raw|notmetbh102's rating: 2207 &rarr; <strong>2225</strong><br />(+18 for winning)\n|c|\u2606notmetbh102|gg\n", "inputlog": ">version f8ac14003a5f27e1bdc8d8c59608a773c1cb96e5\n>start {\"formatid\":\"gen9randombattle\",\"seed\":\"sodium,e4dba7fa5a5455721d83062932ad2fca\",\"rated\":\"Rated battle\"}\n>player p1 {\"name\":\"HonkaiStarPetsTCG\",\"avatar\":\"clerkf\",\"rating\":2166,\"seed\":\"sodium,c377b894587e3bf3bde1ea9831b42422\"}\n>player p2 {\"name\":\"notmetbh102\",\"avatar\":\"265\",\"rating\":2207,\"seed\":\"sodium,b638904396d611621ce861a7b0becb55\"}\n>chat \u2606notmetbh102|hf\n>p1 move swordsdance\n>p2 move spore\n>p1 move swordsdance\n>p2 switch 2\n>p1 move icepunch\n>p2 move poltergeist terastallize\n>p1 switch 2\n>p2 move stealthrock\n>p1 move knockoff\n>p2 move earthquake\n>p1 move knockoff\n>p2 move stoneedge\n>p2 switch 6\n>p1 switch 3\n>p2 move leafstorm\n>p1 move protect\n>p2 switch 5\n>p1 move protect\n>p2 move heavyslam\n>p1 move terablast terastallize\n>p2 move knockoff\n>p1 move terablast\n>p2 move dracometeor\n>p1 move terablast\n>p2 move dracometeor\n>p1 move bugbuzz\n>p2 switch 4\n>p1 move airslash\n>p2 move icebeam\n>p1 move airslash\n>p2 move icebeam\n>p1 switch 5\n>p1 move facade\n>p2 switch 4\n>p2 switch 3\n>p1 switch 4\n>p2 move populationbomb\n>p1 move swordsdance\n>p2 switch 2\n>p1 move swordsdance\n>p2 move stompingtantrum\n>p1 move playrough\n>p2 move sludgebomb\n>p1 move playrough\n>p2 move gigadrain\n>p1 switch 3\n>p1 move facade\n>p2 switch 4\n>p1 switch 6\n>p2 switch 2\n>p1 move poltergeist\n>p2 switch 5\n>p1 move poltergeist\n>p2 move synthesis\n>p1 move poltergeist\n>p2 move synthesis\n>p1 move poltergeist\n>p2 move synthesis\n>p1 move poltergeist\n>p2 move synthesis\n>p1 move poltergeist\n>p2 move leafstorm\n>p1 switch 2\n>p2 move synthesis\n>p1 move icepunch\n>p2 move leafstorm\n>p1 switch 4\n>p1 move protect\n>p2 move leafstorm\n>p1 move facade\n>p2 move leafstorm\n>forcelose p1", "uploadtime": 1782884658, "views": 3, "formatid": "gen9randombattle", "rating": 2148, "private": 0, "password": null, "player_dets": [{"name": "HonkaiStarPetsTCG", "avatar": "clerkf", "rating": 2166, "seed": "sodium,c377b894587e3bf3bde1ea9831b42422"}, {"name": "notmetbh102", "avatar": "265", "rating": 2207, "seed": "sodium,b638904396d611621ce861a7b0becb55"}], "teams_full": [{"Iron Hands": {"name": "Iron Hands", "species": "Iron Hands", "speciesId": "ironhands", "gender": "N", "shiny": true, "level": 79, "moves": ["icepunch", "swordsdance", "drainpunch", "thunderpunch"], "ability": "Quark Drive", "evs": {"hp": 85, "atk": 85, "def": 85, "spa": 85, "spd": 85, "spe": 85}, "ivs": {"hp": 31, "atk": 31, "def": 31, "spa": 31, "spd": 31, "spe": 31}, "item": "Leftovers", "teraType": "Fighting", "role": "Bulky Attacker", "bvs": {"hp": 154, "atk": 140, "def": 108, "spa": 50, "spd": 68, "spe": 50}, "stats": {"hp": 373, "atk": 267, "def": 216, "spa": 125, "spd": 153, "spe": 125}, "types": ["Fighting", "Electric"]}, "Zangoose": {"name": "Zangoose", "species": "Zangoose", "speciesId": "zangoose", "gender": "M", "shiny": false, "level": 85, "moves": ["facade", "swordsdance", "knockoff", "closecombat"], "ability": "Toxic Boost", "evs": {"hp": 85, "atk": 85, "def": 85, "spa": 85, "spd": 85, "spe": 85}, "ivs": {"hp": 31, "atk": 31, "def": 31, "spa": 31, "spd": 31, "spe": 31}, "item": "Toxic Orb", "teraType": "Normal", "role": "Fast Attacker", "bvs": {"hp": 73, "atk": 115, "def": 60, "spa": 60, "spd": 60, "spe": 90}, "stats": {"hp": 263, "atk": 244, "def": 151, "spa": 151, "spd": 151, "spe": 202}, "types": ["Normal"]}, "Yanmega": {"name": "Yanmega", "species": "Yanmega", "speciesId": "yanmega", "gender": "F", "shiny": false, "level": 82, "moves": ["protect", "bugbuzz", "airslash", "terablast"], "ability": "Speed Boost", "evs": {"hp": 85, "atk": 0, "def": 85, "spa": 85, "spd": 85, "spe": 85}, "ivs": {"hp": 31, "atk": 0, "def": 31, "spa": 31, "spd": 31, "spe": 31}, "item": "Heavy-Duty Boots", "teraType": "Ground", "role": "Tera Blast user", "bvs": {"hp": 86, "atk": 76, "def": 86, "spa": 116, "spd": 56, "spe": 95}, "stats": {"hp": 275, "atk": 129, "def": 188, "spa": 237, "spd": 139, "spe": 203}, "types": ["Bug", "Flying"]}, "Mimikyu": {"name": "Mimikyu", "species": "Mimikyu", "speciesId": "mimikyu", "gender": "M", "shiny": false, "level": 79, "moves": ["shadowsneak", "drainpunch", "playrough", "swordsdance"], "ability": "Disguise", "evs": {"hp": 85, "atk": 85, "def": 85, "spa": 85, "spd": 85, "spe": 85}, "ivs": {"hp": 31, "atk": 31, "def": 31, "spa": 31, "spd": 31, "spe": 31}, "item": "Life Orb", "teraType": "Fighting", "role": "Setup Sweeper", "bvs": {"hp": 55, "atk": 90, "def": 80, "spa": 50, "spd": 105, "spe": 96}, "stats": {"hp": 216, "atk": 188, "def": 172, "spa": 125, "spd": 211, "spe": 197}, "types": ["Ghost", "Fairy"]}, "Squawkabilly": {"name": "Squawkabilly", "species": "Squawkabilly-Blue", "speciesId": "squawkabillyblue", "gender": "M", "shiny": false, "level": 85, "moves": ["quickattack", "bravebird", "facade", "protect"], "ability": "Guts", "evs": {"hp": 85, "atk": 85, "def": 85, "spa": 85, "spd": 85, "spe": 85}, "ivs": {"hp": 31, "atk": 31, "def": 31, "spa": 31, "spd": 31, "spe": 31}, "item": "Flame Orb", "teraType": "Normal", "role": "Wallbreaker", "bvs": {"hp": 82, "atk": 96, "def": 51, "spa": 45, "spd": 51, "spe": 92}, "stats": {"hp": 278, "atk": 212, "def": 135, "spa": 125, "spd": 135, "spe": 205}, "types": ["Normal", "Flying"]}, "Spiritomb": {"name": "Spiritomb", "species": "Spiritomb", "speciesId": "spiritomb", "gender": "F", "shiny": false, "level": 89, "moves": ["foulplay", "shadowsneak", "poltergeist", "painsplit"], "ability": "Infiltrator", "evs": {"hp": 85, "atk": 85, "def": 85, "spa": 85, "spd": 85, "spe": 85}, "ivs": {"hp": 31, "atk": 31, "def": 31, "spa": 31, "spd": 31, "spe": 31}, "item": "Leftovers", "teraType": "Poison", "role": "Bulky Support", "bvs": {"hp": 50, "atk": 92, "def": 108, "spa": 92, "spd": 108, "spe": 35}, "stats": {"hp": 234, "atk": 215, "def": 243, "spa": 215, "spd": 243, "spe": 113}, "types": ["Ghost", "Dark"]}}, {"Amoonguss": {"name": "Amoonguss", "species": "Amoonguss", "speciesId": "amoonguss", "gender": "M", "shiny": false, "level": 82, "moves": ["sludgebomb", "gigadrain", "stompingtantrum", "spore"], "ability": "Regenerator", "evs": {"hp": 85, "atk": 85, "def": 85, "spa": 85, "spd": 85, "spe": 85}, "ivs": {"hp": 31, "atk": 31, "def": 31, "spa": 31, "spd": 31, "spe": 31}, "item": "Leftovers", "teraType": "Water", "role": "Bulky Attacker", "bvs": {"hp": 114, "atk": 85, "def": 70, "spa": 85, "spd": 80, "spe": 30}, "stats": {"hp": 321, "atk": 187, "def": 162, "spa": 187, "spd": 178, "spe": 96}, "types": ["Grass", "Poison"]}, "Golurk": {"name": "Golurk", "species": "Golurk", "speciesId": "golurk", "gender": "N", "shiny": false, "level": 87, "moves": ["poltergeist", "stealthrock", "stoneedge", "earthquake"], "ability": "No Guard", "evs": {"hp": 85, "atk": 85, "def": 85, "spa": 85, "spd": 85, "spe": 85}, "ivs": {"hp": 31, "atk": 31, "def": 31, "spa": 31, "spd": 31, "spe": 31}, "item": "Life Orb", "teraType": "Ghost", "role": "Wallbreaker", "bvs": {"hp": 89, "atk": 124, "def": 80, "spa": 55, "spd": 80, "spe": 55}, "stats": {"hp": 297, "atk": 266, "def": 189, "spa": 145, "spd": 189, "spe": 145}, "types": ["Ground", "Ghost"]}, "Maushold": {"name": "Maushold", "species": "Maushold", "speciesId": "maushold", "gender": "N", "shiny": false, "level": 76, "moves": ["bite", "tidyup", "populationbomb", "encore"], "ability": "Technician", "evs": {"hp": 85, "atk": 85, "def": 85, "spa": 85, "spd": 85, "spe": 85}, "ivs": {"hp": 31, "atk": 31, "def": 31, "spa": 31, "spd": 31, "spe": 31}, "item": "Wide Lens", "teraType": "Ghost", "role": "Setup Sweeper", "bvs": {"hp": 74, "atk": 75, "def": 70, "spa": 65, "spd": 75, "spe": 111}, "stats": {"hp": 238, "atk": 158, "def": 150, "spa": 143, "spd": 158, "spe": 213}, "types": ["Normal"]}, "Swampert": {"name": "Swampert", "species": "Swampert", "speciesId": "swampert", "gender": "F", "shiny": false, "level": 83, "moves": ["roar", "earthquake", "knockoff", "icebeam"], "ability": "Damp", "evs": {"hp": 85, "atk": 85, "def": 85, "spa": 85, "spd": 85, "spe": 85}, "ivs": {"hp": 31, "atk": 31, "def": 31, "spa": 31, "spd": 31, "spe": 31}, "item": "Leftovers", "teraType": "Steel", "role": "Bulky Support", "bvs": {"hp": 100, "atk": 110, "def": 90, "spa": 85, "spd": 90, "spe": 60}, "stats": {"hp": 302, "atk": 230, "def": 197, "spa": 189, "spd": 197, "spe": 147}, "types": ["Water", "Ground"]}, "Goodra": {"name": "Goodra", "species": "Goodra-Hisui", "speciesId": "goodrahisui", "gender": "F", "shiny": false, "level": 82, "moves": ["heavyslam", "knockoff", "earthquake", "dracometeor"], "ability": "Sap Sipper", "evs": {"hp": 85, "atk": 85, "def": 85, "spa": 85, "spd": 85, "spe": 85}, "ivs": {"hp": 31, "atk": 31, "def": 31, "spa": 31, "spd": 31, "spe": 31}, "item": "Assault Vest", "teraType": "Dragon", "role": "AV Pivot", "bvs": {"hp": 80, "atk": 100, "def": 100, "spa": 110, "spd": 150, "spe": 60}, "stats": {"hp": 265, "atk": 211, "def": 211, "spa": 228, "spd": 293, "spe": 146}, "types": ["Steel", "Dragon"]}, "Serperior": {"name": "Serperior", "species": "Serperior", "speciesId": "serperior", "gender": "F", "shiny": false, "level": 79, "moves": ["synthesis", "glare", "terablast", "leafstorm"], "ability": "Contrary", "evs": {"hp": 85, "atk": 85, "def": 85, "spa": 85, "spd": 85, "spe": 85}, "ivs": {"hp": 31, "atk": 31, "def": 31, "spa": 31, "spd": 31, "spe": 31}, "item": "Life Orb", "teraType": "Rock", "role": "Tera Blast user", "bvs": {"hp": 75, "atk": 75, "def": 95, "spa": 75, "spd": 95, "spe": 113}, "stats": {"hp": 248, "atk": 164, "def": 196, "spa": 164, "spd": 196, "spe": 224}, "types": ["Grass"]}}]}