{"id": "gen9randombattle-2641989685", "format": "[Gen 9] Random Battle", "players": ["ginigami", "mayqueen nyannyan"], "log": "|j|\u2606ginigami\n|j|\u2606mayqueen nyannyan\n|t:|1782869571\n|gametype|singles\n|player|p1|ginigami|266|2033\n|player|p2|mayqueen nyannyan|101|2039\n|gen|9\n|tier|[Gen 9] Random Battle\n|rated|\n|rule|Species Clause: Limit one of each Pok\u00e9mon\n|rule|HP Percentage Mod: HP is shown in percentages\n|rule|Sleep Clause Mod: Limit one foe put to sleep\n|rule|Illusion Level Mod: Illusion disguises the Pok\u00e9mon's true level\n|\n|t:|1782869571\n|teamsize|p1|6\n|teamsize|p2|6\n|start\n|switch|p1a: Jolteon|Jolteon, L84, M|246/246\n|switch|p2a: Toedscruel|Toedscruel, L87, F|281/281\n|turn|1\n|\n|t:|1782869586\n|switch|p1a: Slither Wing|Slither Wing, L81|270/270\n|move|p2a: Toedscruel|Earth Power|p1a: Slither Wing\n|-resisted|p1a: Slither Wing\n|-damage|p1a: Slither Wing|228/270\n|\n|upkeep\n|turn|2\n|\n|t:|1782869595\n|switch|p2a: Mandibuzz|Mandibuzz, L85, F|326/326\n|move|p1a: Slither Wing|Flare Blitz|p2a: Mandibuzz\n|-damage|p2a: Mandibuzz|212/326\n|-damage|p1a: Slither Wing|190/270|[from] Recoil\n|-damage|p1a: Slither Wing|163/270|[from] item: Life Orb\n|\n|upkeep\n|turn|3\n|\n|t:|1782869603\n|-end|p1a: Slither Wing|Protosynthesis|[silent]\n|switch|p1a: Dialga|Dialga-Origin, L73|266/266\n|-ability|p1a: Dialga|Pressure\n|move|p2a: Mandibuzz|Brave Bird|p1a: Dialga\n|-resisted|p1a: Dialga\n|-damage|p1a: Dialga|219/266\n|-damage|p2a: Mandibuzz|196/326|[from] Recoil\n|\n|upkeep\n|turn|4\n|\n|t:|1782869616\n|move|p2a: Mandibuzz|Roost|p2a: Mandibuzz\n|-heal|p2a: Mandibuzz|326/326\n|-singleturn|p2a: Mandibuzz|move: Roost\n|move|p1a: Dialga|Stealth Rock|p2a: Mandibuzz\n|-sidestart|p2: mayqueen nyannyan|move: Stealth Rock\n|\n|upkeep\n|turn|5\n|\n|t:|1782869629\n|switch|p1a: Slither Wing|Slither Wing, L81|163/270\n|move|p2a: Mandibuzz|Knock Off|p1a: Slither Wing\n|-resisted|p1a: Slither Wing\n|-damage|p1a: Slither Wing|120/270\n|-enditem|p1a: Slither Wing|Life Orb|[from] move: Knock Off|[of] p2a: Mandibuzz\n|\n|upkeep\n|turn|6\n|\n|t:|1782869635\n|-end|p1a: Slither Wing|Protosynthesis|[silent]\n|switch|p1a: Dialga|Dialga-Origin, L73|219/266\n|-ability|p1a: Dialga|Pressure\n|move|p2a: Mandibuzz|Brave Bird|p1a: Dialga\n|-resisted|p1a: Dialga\n|-damage|p1a: Dialga|177/266\n|-damage|p2a: Mandibuzz|312/326|[from] Recoil\n|\n|upkeep\n|turn|7\n|\n|t:|1782869640\n|switch|p2a: Toedscruel|Toedscruel, L87, F|281/281\n|-damage|p2a: Toedscruel|264/281|[from] Stealth Rock\n|move|p1a: Dialga|Flash Cannon|p2a: Toedscruel\n|-crit|p2a: Toedscruel\n|-damage|p2a: Toedscruel|128/281\n|\n|-heal|p2a: Toedscruel|145/281|[from] item: Leftovers\n|upkeep\n|turn|8\n|\n|t:|1782869644\n|move|p2a: Toedscruel|Rapid Spin|p1a: Dialga\n|-resisted|p1a: Dialga\n|-damage|p1a: Dialga|163/266\n|-boost|p2a: Toedscruel|spe|1\n|-sideend|p2: mayqueen nyannyan|Stealth Rock|[from] move: Rapid Spin|[of] p2a: Toedscruel\n|move|p1a: Dialga|Draco Meteor|p2a: Toedscruel\n|-damage|p2a: Toedscruel|0 fnt\n|-unboost|p1a: Dialga|spa|2\n|faint|p2a: Toedscruel\n|\n|upkeep\n|\n|t:|1782869663\n|switch|p2a: Girafarig|Girafarig, L89, F|269/269\n|turn|9\n|\n|t:|1782869667\n|move|p2a: Girafarig|Nasty Plot|p2a: Girafarig\n|-boost|p2a: Girafarig|spa|2\n|move|p1a: Dialga|Thunder Wave|p2a: Girafarig\n|-status|p2a: Girafarig|par\n|\n|upkeep\n|turn|10\n|\n|t:|1782869673\n|move|p1a: Dialga|Stealth Rock|p2a: Girafarig\n|-sidestart|p2: mayqueen nyannyan|move: Stealth Rock\n|move|p2a: Girafarig|Hyper Voice|p1a: Dialga\n|-resisted|p1a: Dialga\n|-damage|p1a: Dialga|68/266\n|\n|upkeep\n|turn|11\n|\n|t:|1782869679\n|move|p1a: Dialga|Flash Cannon|p2a: Girafarig\n|-damage|p2a: Girafarig|220/269 par\n|move|p2a: Girafarig|Hyper Voice|p1a: Dialga\n|-resisted|p1a: Dialga\n|-damage|p1a: Dialga|0 fnt\n|faint|p1a: Dialga\n|\n|upkeep\n|\n|t:|1782869691\n|switch|p1a: Jolteon|Jolteon, L84, M|246/246\n|turn|12\n|\n|t:|1782869693\n|move|p1a: Jolteon|Thunderbolt|p2a: Girafarig\n|-damage|p2a: Girafarig|90/269 par\n|move|p2a: Girafarig|Psyshock|p1a: Jolteon\n|-damage|p1a: Jolteon|24/246\n|\n|upkeep\n|turn|13\n|\n|t:|1782869701\n|move|p1a: Jolteon|Thunderbolt|p2a: Girafarig\n|-damage|p2a: Girafarig|0 fnt\n|faint|p2a: Girafarig\n|\n|upkeep\n|\n|t:|1782869705\n|switch|p2a: Bisharp|Bisharp, L79, M|232/232\n|-damage|p2a: Bisharp|218/232|[from] Stealth Rock\n|turn|14\n|\n|t:|1782869710\n|switch|p1a: Slither Wing|Slither Wing, L81|120/270\n|move|p2a: Bisharp|Iron Head|p1a: Slither Wing\n|-damage|p1a: Slither Wing|21/270\n|\n|upkeep\n|turn|15\n|\n|t:|1782869717\n|move|p1a: Slither Wing|First Impression|p2a: Bisharp\n|-damage|p2a: Bisharp|143/232\n|move|p2a: Bisharp|Sucker Punch||[still]\n|-fail|p2a: Bisharp\n|\n|upkeep\n|turn|16\n|\n|t:|1782869723\n|-end|p1a: Slither Wing|Protosynthesis|[silent]\n|switch|p1a: Smeargle|Smeargle, L95, M|258/258\n|move|p2a: Bisharp|Sucker Punch||[still]\n|-fail|p2a: Bisharp\n|\n|upkeep\n|turn|17\n|\n|t:|1782869733\n|switch|p2a: Mandibuzz|Mandibuzz, L85, F|312/326\n|move|p1a: Smeargle|Ceaseless Edge|p2a: Mandibuzz\n|-resisted|p2a: Mandibuzz\n|-damage|p2a: Mandibuzz|303/326\n|-sidestart|p2: mayqueen nyannyan|Spikes\n|\n|upkeep\n|turn|18\n|\n|t:|1782869736\n|move|p2a: Mandibuzz|Knock Off|p1a: Smeargle\n|-damage|p1a: Smeargle|129/258\n|-enditem|p1a: Smeargle|Focus Sash|[from] move: Knock Off|[of] p2a: Mandibuzz\n|move|p1a: Smeargle|Whirlwind|p2a: Mandibuzz\n|drag|p2a: Bruxish|Bruxish, L85, M|254/254\n|-damage|p2a: Bruxish|223/254|[from] Stealth Rock\n|-damage|p2a: Bruxish|192/254|[from] Spikes\n|\n|upkeep\n|turn|19\n|\n|t:|1782869744\n|move|p2a: Bruxish|Psychic Fangs|p1a: Smeargle\n|-damage|p1a: Smeargle|0 fnt\n|faint|p1a: Smeargle\n|-damage|p2a: Bruxish|167/254|[from] item: Life Orb\n|\n|upkeep\n|\n|t:|1782869749\n|switch|p1a: Slither Wing|Slither Wing, L81|21/270\n|turn|20\n|\n|t:|1782869752\n|switch|p2a: Mandibuzz|Mandibuzz, L85, F|303/326\n|move|p1a: Slither Wing|First Impression|p2a: Mandibuzz\n|-damage|p2a: Mandibuzz|204/326\n|\n|upkeep\n|turn|21\n|\n|t:|1782869762\n|move|p2a: Mandibuzz|Knock Off|p1a: Slither Wing\n|-resisted|p1a: Slither Wing\n|-crit|p1a: Slither Wing\n|-damage|p1a: Slither Wing|0 fnt\n|faint|p1a: Slither Wing\n|-end|p1a: Slither Wing|Protosynthesis|[silent]\n|\n|upkeep\n|\n|t:|1782869764\n|switch|p1a: Jolteon|Jolteon, L84, M|24/246\n|turn|22\n|\n|t:|1782869774\n|-terastallize|p2a: Mandibuzz|Steel\n|move|p1a: Jolteon|Thunderbolt|p2a: Mandibuzz\n|-damage|p2a: Mandibuzz|60/326\n|move|p2a: Mandibuzz|Roost|p2a: Mandibuzz\n|-heal|p2a: Mandibuzz|223/326\n|\n|upkeep\n|turn|23\n|\n|t:|1782869776\n|move|p1a: Jolteon|Thunderbolt|p2a: Mandibuzz\n|-damage|p2a: Mandibuzz|67/326\n|move|p2a: Mandibuzz|Knock Off|p1a: Jolteon\n|-damage|p1a: Jolteon|0 fnt\n|-enditem|p1a: Jolteon|Choice Specs|[from] move: Knock Off|[of] p2a: Mandibuzz\n|faint|p1a: Jolteon\n|\n|upkeep\n|\n|t:|1782869789\n|switch|p1a: Florges|Florges-White, L85, F|271/271\n|turn|24\n|\n|t:|1782869798\n|-terastallize|p1a: Florges|Steel\n|move|p2a: Mandibuzz|Roost|p2a: Mandibuzz\n|-heal|p2a: Mandibuzz|230/326\n|move|p1a: Florges|Calm Mind|p1a: Florges\n|-boost|p1a: Florges|spa|1\n|-boost|p1a: Florges|spd|1\n|\n|upkeep\n|turn|25\n|\n|t:|1782869804\n|move|p2a: Mandibuzz|Knock Off|p1a: Florges\n|-damage|p1a: Florges|172/271\n|-enditem|p1a: Florges|Leftovers|[from] move: Knock Off|[of] p2a: Mandibuzz\n|move|p1a: Florges|Calm Mind|p1a: Florges\n|-boost|p1a: Florges|spa|1\n|-boost|p1a: Florges|spd|1\n|\n|upkeep\n|turn|26\n|\n|t:|1782869809\n|switch|p2a: Bisharp|Bisharp, L79, M|143/232\n|-damage|p2a: Bisharp|129/232|[from] Stealth Rock\n|-damage|p2a: Bisharp|100/232|[from] Spikes\n|move|p1a: Florges|Wish|p1a: Florges\n|\n|upkeep\n|turn|27\n|\n|t:|1782869813\n|move|p1a: Florges|Moonblast|p2a: Bisharp\n|-damage|p2a: Bisharp|0 fnt\n|faint|p2a: Bisharp\n|\n|-heal|p1a: Florges|271/271|[from] move: Wish|[wisher] Florges\n|upkeep\n|\n|t:|1782869832\n|switch|p2a: Bruxish|Bruxish, L85, M|167/254\n|-damage|p2a: Bruxish|136/254|[from] Stealth Rock\n|-damage|p2a: Bruxish|105/254|[from] Spikes\n|turn|28\n|\n|t:|1782869836\n|move|p2a: Bruxish|Wave Crash|p1a: Florges\n|-damage|p1a: Florges|53/271\n|-damage|p2a: Bruxish|33/254|[from] Recoil\n|-damage|p2a: Bruxish|8/254|[from] item: Life Orb\n|move|p1a: Florges|Moonblast|p2a: Bruxish\n|-damage|p2a: Bruxish|0 fnt\n|faint|p2a: Bruxish\n|\n|upkeep\n|\n|t:|1782869839\n|switch|p2a: Dodrio|Dodrio, L85, M|241/241\n|turn|29\n|\n|t:|1782869845\n|move|p2a: Dodrio|Brave Bird|p1a: Florges\n|-resisted|p1a: Florges\n|-damage|p1a: Florges|0 fnt\n|faint|p1a: Florges\n|-damage|p2a: Dodrio|224/241|[from] Recoil\n|\n|upkeep\n|\n|t:|1782869846\n|switch|p1a: Alcremie|Alcremie-Lemon-Cream, L90, F|263/263\n|turn|30\n|\n|t:|1782869849\n|move|p2a: Dodrio|Brave Bird|p1a: Alcremie\n|-damage|p1a: Alcremie|97/263\n|-damage|p2a: Dodrio|169/241|[from] Recoil\n|move|p1a: Alcremie|Recover|p1a: Alcremie\n|-heal|p1a: Alcremie|229/263\n|\n|-heal|p1a: Alcremie|245/263|[from] item: Leftovers\n|upkeep\n|turn|31\n|\n|t:|1782869854\n|move|p2a: Dodrio|Swords Dance|p2a: Dodrio\n|-boost|p2a: Dodrio|atk|2\n|move|p1a: Alcremie|Recover|p1a: Alcremie\n|-heal|p1a: Alcremie|263/263\n|\n|upkeep\n|turn|32\n|\n|t:|1782869858\n|move|p2a: Dodrio|Brave Bird|p1a: Alcremie\n|-damage|p1a: Alcremie|0 fnt\n|faint|p1a: Alcremie\n|-damage|p2a: Dodrio|82/241|[from] Recoil\n|\n|win|mayqueen nyannyan\n|raw|ginigami's rating: 2033 &rarr; <strong>2013</strong><br />(-20 for losing)\n|raw|mayqueen nyannyan's rating: 2039 &rarr; <strong>2059</strong><br />(+20 for winning)\n", "inputlog": ">version f8ac14003a5f27e1bdc8d8c59608a773c1cb96e5\n>start {\"formatid\":\"gen9randombattle\",\"seed\":\"sodium,9e27ce1998d03a95618becdf3a37eb7f\",\"rated\":\"Rated battle\"}\n>player p1 {\"name\":\"ginigami\",\"avatar\":\"266\",\"rating\":2033,\"seed\":\"sodium,fe18c84f145f0dc488d1cc4730054ad1\"}\n>player p2 {\"name\":\"mayqueen nyannyan\",\"avatar\":\"101\",\"rating\":2039,\"seed\":\"sodium,ee35d96825a27dc80502fb6a99e9f30a\"}\n>p1 switch 2\n>p2 move earthpower\n>p1 move flareblitz\n>p2 switch 5\n>p1 switch 5\n>p2 move bravebird\n>p1 move stealthrock\n>p2 move roost\n>p1 switch 5\n>p2 move knockoff\n>p1 switch 5\n>p2 move bravebird\n>p1 move flashcannon\n>p2 switch 5\n>p1 move dracometeor\n>p2 move rapidspin\n>p2 switch 6\n>p1 move thunderwave\n>p2 move nastyplot\n>p1 move stealthrock\n>p2 move hypervoice\n>p1 move flashcannon\n>p2 move hypervoice\n>p1 switch 2\n>p1 move thunderbolt\n>p2 move psyshock\n>p1 move thunderbolt\n>p2 move psyshock\n>p2 switch 4\n>p1 switch 5\n>p2 move ironhead\n>p1 move firstimpression\n>p2 move suckerpunch\n>p1 switch 6\n>p2 move suckerpunch\n>p1 move ceaselessedge\n>p2 switch 5\n>p1 move whirlwind\n>p2 move knockoff\n>p1 move ceaselessedge\n>p2 move psychicfangs\n>p1 switch 6\n>p1 move firstimpression\n>p2 switch 3\n>p1 move closecombat\n>p2 move knockoff\n>p1 switch 5\n>p1 move thunderbolt\n>p2 move roost terastallize\n>p1 move thunderbolt\n>p2 move knockoff\n>p1 switch 4\n>p1 move calmmind terastallize\n>p2 move roost\n>p1 move calmmind\n>p2 move knockoff\n>p1 move wish\n>p2 switch 5\n>p1 move moonblast\n>p2 move throatchop\n>p2 switch 3\n>p1 move moonblast\n>p2 move wavecrash\n>p2 switch 2\n>p1 move moonblast\n>p2 move bravebird\n>p1 switch 3\n>p1 move recover\n>p2 move bravebird\n>p1 move recover\n>p2 move swordsdance\n>p1 move alluringvoice\n>p2 move bravebird", "uploadtime": 1782869858, "views": 3, "formatid": "gen9randombattle", "rating": 2013, "private": 0, "password": null, "player_dets": [{"name": "ginigami", "avatar": "266", "rating": 2033, "seed": "sodium,fe18c84f145f0dc488d1cc4730054ad1"}, {"name": "mayqueen nyannyan", "avatar": "101", "rating": 2039, "seed": "sodium,ee35d96825a27dc80502fb6a99e9f30a"}], "teams_full": [{"Jolteon": {"name": "Jolteon", "species": "Jolteon", "speciesId": "jolteon", "gender": "M", "shiny": false, "level": 84, "moves": ["voltswitch", "shadowball", "alluringvoice", "thunderbolt"], "ability": "Volt Absorb", "evs": {"hp": 85, "atk": 0, "def": 85, "spa": 85, "spd": 85, "spe": 85}, "ivs": {"hp": 31, "atk": 0, "def": 31, "spa": 31, "spd": 31, "spe": 31}, "item": "Choice Specs", "teraType": "Fairy", "role": "Fast Attacker", "bvs": {"hp": 65, "atk": 65, "def": 60, "spa": 110, "spd": 95, "spe": 130}, "stats": {"hp": 246, "atk": 114, "def": 149, "spa": 233, "spd": 208, "spe": 267}, "types": ["Electric"]}, "Slither Wing": {"name": "Slither Wing", "species": "Slither Wing", "speciesId": "slitherwing", "gender": "N", "shiny": false, "level": 81, "moves": ["earthquake", "flareblitz", "firstimpression", "closecombat"], "ability": "Protosynthesis", "evs": {"hp": 85, "atk": 85, "def": 85, "spa": 85, "spd": 85, "spe": 85}, "ivs": {"hp": 31, "atk": 31, "def": 31, "spa": 31, "spd": 31, "spe": 31}, "item": "Life Orb", "teraType": "Fire", "role": "Fast Attacker", "bvs": {"hp": 85, "atk": 135, "def": 79, "spa": 85, "spd": 105, "spe": 81}, "stats": {"hp": 270, "atk": 265, "def": 175, "spa": 184, "spd": 217, "spe": 178}, "types": ["Bug", "Fighting"]}, "Alcremie": {"name": "Alcremie", "species": "Alcremie-Lemon-Cream", "speciesId": "alcremie", "gender": "F", "shiny": false, "level": 90, "moves": ["calmmind", "recover", "alluringvoice", "terablast"], "ability": "Aroma Veil", "evs": {"hp": 85, "atk": 0, "def": 85, "spa": 85, "spd": 85, "spe": 85}, "ivs": {"hp": 31, "atk": 0, "def": 31, "spa": 31, "spd": 31, "spe": 31}, "item": "Leftovers", "teraType": "Ground", "role": "Tera Blast user", "bvs": {"hp": 65, "atk": 60, "def": 75, "spa": 110, "spd": 121, "spe": 64}, "stats": {"hp": 263, "atk": 113, "def": 186, "spa": 249, "spd": 269, "spe": 167}, "types": ["Fairy"]}, "Florges": {"name": "Florges", "species": "Florges-White", "speciesId": "florges", "gender": "F", "shiny": false, "level": 85, "moves": ["calmmind", "moonblast", "wish", "protect"], "ability": "Flower Veil", "evs": {"hp": 85, "atk": 0, "def": 85, "spa": 85, "spd": 85, "spe": 85}, "ivs": {"hp": 31, "atk": 0, "def": 31, "spa": 31, "spd": 31, "spe": 31}, "item": "Leftovers", "teraType": "Steel", "role": "Bulky Setup", "bvs": {"hp": 78, "atk": 65, "def": 68, "spa": 112, "spd": 154, "spe": 75}, "stats": {"hp": 271, "atk": 115, "def": 164, "spa": 239, "spd": 311, "spe": 176}, "types": ["Fairy"]}, "Dialga": {"name": "Dialga", "species": "Dialga-Origin", "speciesId": "dialgaorigin", "gender": "N", "shiny": false, "level": 73, "moves": ["stealthrock", "thunderwave", "dracometeor", "flashcannon"], "ability": "Pressure", "evs": {"hp": 85, "atk": 0, "def": 85, "spa": 85, "spd": 85, "spe": 85}, "ivs": {"hp": 31, "atk": 0, "def": 31, "spa": 31, "spd": 31, "spe": 31}, "item": "Adamant Crystal", "teraType": "Dragon", "role": "Fast Attacker", "bvs": {"hp": 100, "atk": 100, "def": 120, "spa": 150, "spd": 120, "spe": 90}, "stats": {"hp": 266, "atk": 151, "def": 218, "spa": 261, "spd": 218, "spe": 174}, "types": ["Steel", "Dragon"]}, "Smeargle": {"name": "Smeargle", "species": "Smeargle", "speciesId": "smeargle", "gender": "M", "shiny": false, "level": 95, "moves": ["whirlwind", "stickyweb", "ceaselessedge", "spore"], "ability": "Own Tempo", "evs": {"hp": 85, "atk": 85, "def": 85, "spa": 85, "spd": 85, "spe": 85}, "ivs": {"hp": 31, "atk": 31, "def": 31, "spa": 31, "spd": 31, "spe": 31}, "item": "Focus Sash", "teraType": "Ghost", "role": "Fast Support", "bvs": {"hp": 55, "atk": 20, "def": 35, "spa": 20, "spd": 45, "spe": 75}, "stats": {"hp": 258, "atk": 92, "def": 120, "spa": 92, "spd": 139, "spe": 196}, "types": ["Normal"]}}, {"Toedscruel": {"name": "Toedscruel", "species": "Toedscruel", "speciesId": "toedscruel", "gender": "F", "shiny": false, "level": 87, "moves": ["rapidspin", "earthpower", "spore", "leafstorm"], "ability": "Mycelium Might", "evs": {"hp": 85, "atk": 85, "def": 85, "spa": 85, "spd": 85, "spe": 85}, "ivs": {"hp": 31, "atk": 31, "def": 31, "spa": 31, "spd": 31, "spe": 31}, "item": "Leftovers", "teraType": "Water", "role": "Bulky Support", "bvs": {"hp": 80, "atk": 70, "def": 65, "spa": 80, "spd": 120, "spe": 100}, "stats": {"hp": 281, "atk": 172, "def": 163, "spa": 189, "spd": 259, "spe": 224}, "types": ["Ground", "Grass"]}, "Dodrio": {"name": "Dodrio", "species": "Dodrio", "speciesId": "dodrio", "gender": "M", "shiny": false, "level": 85, "moves": ["knockoff", "swordsdance", "bravebird", "drillrun"], "ability": "Early Bird", "evs": {"hp": 85, "atk": 85, "def": 85, "spa": 85, "spd": 85, "spe": 85}, "ivs": {"hp": 31, "atk": 31, "def": 31, "spa": 31, "spd": 31, "spe": 31}, "item": "Heavy-Duty Boots", "teraType": "Flying", "role": "Setup Sweeper", "bvs": {"hp": 60, "atk": 110, "def": 70, "spa": 60, "spd": 60, "spe": 110}, "stats": {"hp": 241, "atk": 236, "def": 168, "spa": 151, "spd": 151, "spe": 236}, "types": ["Normal", "Flying"]}, "Bruxish": {"name": "Bruxish", "species": "Bruxish", "speciesId": "bruxish", "gender": "M", "shiny": false, "level": 85, "moves": ["psychicfangs", "wavecrash", "icefang", "swordsdance"], "ability": "Strong Jaw", "evs": {"hp": 85, "atk": 85, "def": 85, "spa": 85, "spd": 85, "spe": 85}, "ivs": {"hp": 31, "atk": 31, "def": 31, "spa": 31, "spd": 31, "spe": 31}, "item": "Life Orb", "teraType": "Psychic", "role": "Fast Attacker", "bvs": {"hp": 68, "atk": 105, "def": 70, "spa": 70, "spd": 70, "spe": 92}, "stats": {"hp": 254, "atk": 227, "def": 168, "spa": 168, "spd": 168, "spe": 205}, "types": ["Water", "Psychic"]}, "Bisharp": {"name": "Bisharp", "species": "Bisharp", "speciesId": "bisharp", "gender": "M", "shiny": false, "level": 79, "moves": ["ironhead", "suckerpunch", "throatchop", "swordsdance"], "ability": "Defiant", "evs": {"hp": 85, "atk": 85, "def": 85, "spa": 85, "spd": 85, "spe": 85}, "ivs": {"hp": 31, "atk": 31, "def": 31, "spa": 31, "spd": 31, "spe": 31}, "item": "Eviolite", "teraType": "Ghost", "role": "Bulky Attacker", "bvs": {"hp": 65, "atk": 125, "def": 100, "spa": 60, "spd": 70, "spe": 70}, "stats": {"hp": 232, "atk": 243, "def": 204, "spa": 140, "spd": 156, "spe": 156}, "types": ["Dark", "Steel"]}, "Mandibuzz": {"name": "Mandibuzz", "species": "Mandibuzz", "speciesId": "mandibuzz", "gender": "F", "shiny": false, "level": 85, "moves": ["toxic", "roost", "bravebird", "knockoff"], "ability": "Overcoat", "evs": {"hp": 85, "atk": 85, "def": 85, "spa": 85, "spd": 85, "spe": 85}, "ivs": {"hp": 31, "atk": 31, "def": 31, "spa": 31, "spd": 31, "spe": 31}, "item": "Heavy-Duty Boots", "teraType": "Steel", "role": "Bulky Attacker", "bvs": {"hp": 110, "atk": 65, "def": 105, "spa": 55, "spd": 95, "spe": 80}, "stats": {"hp": 326, "atk": 159, "def": 227, "spa": 142, "spd": 210, "spe": 185}, "types": ["Dark", "Flying"]}, "Girafarig": {"name": "Girafarig", "species": "Girafarig", "speciesId": "girafarig", "gender": "F", "shiny": false, "level": 89, "moves": ["thunderbolt", "hypervoice", "nastyplot", "psyshock"], "ability": "Sap Sipper", "evs": {"hp": 85, "atk": 0, "def": 85, "spa": 85, "spd": 85, "spe": 85}, "ivs": {"hp": 31, "atk": 0, "def": 31, "spa": 31, "spd": 31, "spe": 31}, "item": "Eviolite", "teraType": "Normal", "role": "Fast Bulky Setup", "bvs": {"hp": 70, "atk": 80, "def": 65, "spa": 90, "spd": 65, "spe": 85}, "stats": {"hp": 269, "atk": 147, "def": 166, "spa": 211, "spd": 166, "spe": 202}, "types": ["Normal", "Psychic"]}}]}