{"id": "gen9randombattle-2642118770", "format": "[Gen 9] Random Battle", "players": ["jnpr010334", "xtrememaster"], "log": "|j|\u2606jnpr010334\n|j|\u2606xtrememaster\n|t:|1782894002\n|gametype|singles\n|player|p1|jnpr010334|265|1640\n|player|p2|xtrememaster|2|1669\n|gen|9\n|tier|[Gen 9] Random Battle\n|rated|\n|rule|Species Clause: Limit one of each Pok\u00e9mon\n|rule|HP Percentage Mod: HP is shown in percentages\n|rule|Sleep Clause Mod: Limit one foe put to sleep\n|rule|Illusion Level Mod: Illusion disguises the Pok\u00e9mon's true level\n|\n|t:|1782894002\n|teamsize|p1|6\n|teamsize|p2|6\n|start\n|switch|p1a: Walking Wake|Walking Wake, L79|286/286\n|switch|p2a: Sawsbuck|Sawsbuck, L88, M|284/284\n|turn|1\n|inactive|Battle timer is ON: inactive players will automatically lose when time's up. (requested by jnpr010334)\n|\n|t:|1782894011\n|move|p1a: Walking Wake|Sunny Day|p1a: Walking Wake\n|-weather|SunnyDay\n|-activate|p1a: Walking Wake|ability: Protosynthesis\n|-start|p1a: Walking Wake|protosynthesisspa\n|move|p2a: Sawsbuck|Swords Dance|p2a: Sawsbuck\n|-boost|p2a: Sawsbuck|atk|2\n|\n|-weather|SunnyDay|[upkeep]\n|upkeep\n|turn|2\n|\n|t:|1782894020\n|move|p1a: Walking Wake|Flamethrower|p2a: Sawsbuck\n|-supereffective|p2a: Sawsbuck\n|-damage|p2a: Sawsbuck|0 fnt\n|faint|p2a: Sawsbuck\n|-damage|p1a: Walking Wake|258/286|[from] item: Life Orb\n|\n|-weather|SunnyDay|[upkeep]\n|upkeep\n|\n|t:|1782894031\n|switch|p2a: Inteleon|Inteleon, L81, M|246/246\n|turn|3\n|\n|t:|1782894037\n|move|p2a: Inteleon|Ice Beam|p1a: Walking Wake\n|-damage|p1a: Walking Wake|138/286\n|move|p1a: Walking Wake|Draco Meteor|p2a: Inteleon\n|-damage|p2a: Inteleon|0 fnt\n|-unboost|p1a: Walking Wake|spa|2\n|faint|p2a: Inteleon\n|-damage|p1a: Walking Wake|110/286|[from] item: Life Orb\n|\n|-weather|SunnyDay|[upkeep]\n|upkeep\n|\n|t:|1782894050\n|switch|p2a: Arboliva|Arboliva, L91, F|288/288\n|turn|4\n|\n|t:|1782894054\n|-end|p1a: Walking Wake|Protosynthesis|[silent]\n|switch|p1a: Ho-Oh|Ho-Oh, L71|268/268\n|move|p2a: Arboliva|Leech Seed|p1a: Ho-Oh\n|-start|p1a: Ho-Oh|move: Leech Seed\n|\n|-weather|SunnyDay|[upkeep]\n|-damage|p1a: Ho-Oh|235/268|[from] Leech Seed|[of] p2a: Arboliva\n|upkeep\n|turn|5\n|\n|t:|1782894058\n|move|p2a: Arboliva|Protect|p2a: Arboliva\n|-singleturn|p2a: Arboliva|Protect\n|move|p1a: Ho-Oh|Sacred Fire|p2a: Arboliva\n|-activate|p2a: Arboliva|move: Protect\n|\n|-weather|none\n|-damage|p1a: Ho-Oh|202/268|[from] Leech Seed|[of] p2a: Arboliva\n|upkeep\n|turn|6\n|\n|t:|1782894061\n|switch|p2a: Regirock|Regirock, L83|268/268\n|move|p1a: Ho-Oh|Sacred Fire|p2a: Regirock\n|-resisted|p2a: Regirock\n|-damage|p2a: Regirock|243/268\n|-status|p2a: Regirock|brn\n|\n|-damage|p1a: Ho-Oh|169/268|[from] Leech Seed|[of] p2a: Regirock\n|-heal|p2a: Regirock|268/268 brn|[silent]\n|-damage|p2a: Regirock|252/268 brn|[from] brn\n|upkeep\n|turn|7\n|\n|t:|1782894074\n|switch|p1a: Gothitelle|Gothitelle, L90, M|272/272\n|move|p2a: Regirock|Stone Edge|p1a: Gothitelle\n|-damage|p1a: Gothitelle|226/272\n|\n|-damage|p2a: Regirock|236/268 brn|[from] brn\n|upkeep\n|turn|8\n|\n|t:|1782894103\n|move|p1a: Gothitelle|Focus Blast|p2a: Regirock\n|-supereffective|p2a: Regirock\n|-damage|p2a: Regirock|44/268 brn\n|move|p2a: Regirock|Stone Edge|p1a: Gothitelle|[miss]\n|-miss|p2a: Regirock|p1a: Gothitelle\n|\n|-damage|p2a: Regirock|28/268 brn|[from] brn\n|upkeep\n|turn|9\n|\n|t:|1782894115\n|move|p1a: Gothitelle|Focus Blast|p2a: Regirock\n|-supereffective|p2a: Regirock\n|-damage|p2a: Regirock|0 fnt\n|faint|p2a: Regirock\n|\n|upkeep\n|inactive|xtrememaster has 120 seconds left.\n|\n|t:|1782894134\n|switch|p2a: Scizor|Scizor, L79, F|240/240\n|turn|10\n|\n|t:|1782894137\n|switch|p1a: Ho-Oh|Ho-Oh, L71|258/268\n|move|p2a: Scizor|Knock Off|p1a: Ho-Oh\n|-damage|p1a: Ho-Oh|161/268\n|-enditem|p1a: Ho-Oh|Heavy-Duty Boots|[from] move: Knock Off|[of] p2a: Scizor\n|\n|upkeep\n|turn|11\n|\n|t:|1782894144\n|switch|p2a: Diancie|Diancie, L82|216/216\n|move|p1a: Ho-Oh|Sacred Fire|p2a: Diancie\n|-resisted|p2a: Diancie\n|-damage|p2a: Diancie|184/216\n|\n|-heal|p2a: Diancie|197/216|[from] item: Leftovers\n|upkeep\n|turn|12\n|\n|t:|1782894146\n|switch|p1a: Lucario|Lucario, L84, M|255/255\n|move|p2a: Diancie|Stealth Rock|p1a: Lucario\n|-sidestart|p1: jnpr010334|move: Stealth Rock\n|\n|-heal|p2a: Diancie|210/216|[from] item: Leftovers\n|upkeep\n|turn|13\n|\n|t:|1782894154\n|switch|p2a: Scizor|Scizor, L79, F|240/240\n|move|p1a: Lucario|Meteor Mash|p2a: Scizor|[miss]\n|-miss|p1a: Lucario|p2a: Scizor\n|\n|upkeep\n|turn|14\n|\n|t:|1782894158\n|switch|p1a: Ho-Oh|Ho-Oh, L71|250/268\n|-damage|p1a: Ho-Oh|116/268|[from] Stealth Rock\n|move|p2a: Scizor|Close Combat|p1a: Ho-Oh\n|-resisted|p1a: Ho-Oh\n|-damage|p1a: Ho-Oh|66/268\n|-unboost|p2a: Scizor|def|1\n|-unboost|p2a: Scizor|spd|1\n|\n|upkeep\n|turn|15\n|\n|t:|1782894162\n|switch|p2a: Diancie|Diancie, L82|210/216\n|move|p1a: Ho-Oh|Sacred Fire|p2a: Diancie\n|-resisted|p2a: Diancie\n|-damage|p2a: Diancie|176/216\n|\n|-heal|p2a: Diancie|189/216|[from] item: Leftovers\n|upkeep\n|turn|16\n|\n|t:|1782894165\n|switch|p1a: Lucario|Lucario, L84, M|255/255\n|-damage|p1a: Lucario|248/255|[from] Stealth Rock\n|move|p2a: Diancie|Diamond Storm|p1a: Lucario\n|-resisted|p1a: Lucario\n|-damage|p1a: Lucario|217/255\n|-boost|p2a: Diancie|def|2\n|\n|-heal|p2a: Diancie|202/216|[from] item: Leftovers\n|upkeep\n|turn|17\n|\n|t:|1782894175\n|-terastallize|p1a: Lucario|Normal\n|-terastallize|p2a: Diancie|Fighting\n|move|p1a: Lucario|Meteor Mash|p2a: Diancie\n|-damage|p2a: Diancie|153/216\n|-boost|p1a: Lucario|atk|1\n|move|p2a: Diancie|Diamond Storm|p1a: Lucario\n|-damage|p1a: Lucario|96/255\n|-boost|p2a: Diancie|def|2\n|\n|-heal|p2a: Diancie|166/216|[from] item: Leftovers\n|upkeep\n|turn|18\n|\n|t:|1782894186\n|switch|p1a: Gothitelle|Gothitelle, L90, M|226/272\n|-damage|p1a: Gothitelle|192/272|[from] Stealth Rock\n|move|p2a: Diancie|Diamond Storm|p1a: Gothitelle\n|-damage|p1a: Gothitelle|93/272\n|\n|-heal|p2a: Diancie|179/216|[from] item: Leftovers\n|upkeep\n|turn|19\n|\n|t:|1782894192\n|move|p1a: Gothitelle|Psychic|p2a: Diancie\n|-supereffective|p2a: Diancie\n|-damage|p2a: Diancie|33/216\n|move|p2a: Diancie|Body Press|p1a: Gothitelle\n|-resisted|p1a: Gothitelle\n|-damage|p1a: Gothitelle|0 fnt\n|faint|p1a: Gothitelle\n|\n|-heal|p2a: Diancie|46/216|[from] item: Leftovers\n|upkeep\n|\n|t:|1782894194\n|switch|p1a: Oricorio|Oricorio-Sensu, L85, M|266/266\n|turn|20\n|\n|t:|1782894198\n|move|p1a: Oricorio|Quiver Dance|p1a: Oricorio\n|-boost|p1a: Oricorio|spa|1\n|-boost|p1a: Oricorio|spd|1\n|-boost|p1a: Oricorio|spe|1\n|move|p2a: Diancie|Diamond Storm|p1a: Oricorio\n|-supereffective|p1a: Oricorio\n|-damage|p1a: Oricorio|44/266\n|\n|-heal|p2a: Diancie|59/216|[from] item: Leftovers\n|upkeep\n|turn|21\n|\n|t:|1782894205\n|move|p1a: Oricorio|Revelation Dance|p2a: Diancie\n|-damage|p2a: Diancie|0 fnt\n|faint|p2a: Diancie\n|\n|upkeep\n|\n|t:|1782894208\n|switch|p2a: Arboliva|Arboliva, L91, F|288/288\n|turn|22\n|\n|t:|1782894212\n|move|p1a: Oricorio|Hurricane|p2a: Arboliva\n|-supereffective|p2a: Arboliva\n|-damage|p2a: Arboliva|16/288\n|-enditem|p2a: Arboliva|Sitrus Berry|[eat]\n|-heal|p2a: Arboliva|88/288|[from] item: Sitrus Berry\n|move|p2a: Arboliva|Leech Seed|p1a: Oricorio\n|-start|p1a: Oricorio|move: Leech Seed\n|\n|-damage|p1a: Oricorio|11/266|[from] Leech Seed|[of] p2a: Arboliva\n|-heal|p2a: Arboliva|121/288|[silent]\n|upkeep\n|turn|23\n|\n|t:|1782894216\n|move|p2a: Arboliva|Protect|p2a: Arboliva\n|-singleturn|p2a: Arboliva|Protect\n|move|p1a: Oricorio|Hurricane|p2a: Arboliva\n|-activate|p2a: Arboliva|move: Protect\n|\n|-damage|p1a: Oricorio|0 fnt|[from] Leech Seed|[of] p2a: Arboliva\n|-heal|p2a: Arboliva|132/288|[silent]\n|faint|p1a: Oricorio\n|upkeep\n|\n|t:|1782894220\n|switch|p1a: Lucario|Lucario, L84, M, tera:Normal|96/255\n|-damage|p1a: Lucario|65/255|[from] Stealth Rock\n|turn|24\n|\n|t:|1782894225\n|switch|p2a: Scizor|Scizor, L79, F|240/240\n|move|p1a: Lucario|Close Combat|p2a: Scizor\n|-damage|p2a: Scizor|54/240\n|-unboost|p1a: Lucario|def|1\n|-unboost|p1a: Lucario|spd|1\n|\n|-heal|p2a: Scizor|69/240|[from] item: Leftovers\n|upkeep\n|turn|25\n|\n|t:|1782894240\n|move|p2a: Scizor|Bullet Punch|p1a: Lucario\n|-damage|p1a: Lucario|0 fnt\n|faint|p1a: Lucario\n|\n|-heal|p2a: Scizor|84/240|[from] item: Leftovers\n|upkeep\n|\n|t:|1782894244\n|switch|p1a: Walking Wake|Walking Wake, L79|110/286\n|-damage|p1a: Walking Wake|75/286|[from] Stealth Rock\n|turn|26\n|\n|t:|1782894251\n|move|p2a: Scizor|Bullet Punch|p1a: Walking Wake\n|-resisted|p1a: Walking Wake\n|-damage|p1a: Walking Wake|38/286\n|move|p1a: Walking Wake|Flamethrower|p2a: Scizor\n|-supereffective|p2a: Scizor\n|-damage|p2a: Scizor|0 fnt\n|faint|p2a: Scizor\n|-damage|p1a: Walking Wake|10/286|[from] item: Life Orb\n|\n|upkeep\n|\n|t:|1782894253\n|switch|p2a: Arboliva|Arboliva, L91, F|132/288\n|turn|27\n|\n|t:|1782894255\n|move|p1a: Walking Wake|Flamethrower|p2a: Arboliva\n|-supereffective|p2a: Arboliva\n|-damage|p2a: Arboliva|0 fnt\n|faint|p2a: Arboliva\n|-damage|p1a: Walking Wake|0 fnt|[from] item: Life Orb\n|faint|p1a: Walking Wake\n|-end|p1a: Walking Wake|Protosynthesis|[silent]\n|\n|win|jnpr010334\n|raw|jnpr010334's rating: 1698 &rarr; <strong>1716</strong><br />(+18 for winning)\n|raw|xtrememaster's rating: 1669 &rarr; <strong>1651</strong><br />(-18 for losing)\n", "inputlog": ">version f8ac14003a5f27e1bdc8d8c59608a773c1cb96e5\n>start {\"formatid\":\"gen9randombattle\",\"seed\":\"sodium,91c9b024e3625884bbb262ed23f58c6e\",\"rated\":\"Rated battle\"}\n>player p1 {\"name\":\"jnpr010334\",\"avatar\":\"265\",\"rating\":1640,\"seed\":\"sodium,1f2f9a686dd8f471ac2e25a3f9aa9a8b\"}\n>player p2 {\"name\":\"xtrememaster\",\"avatar\":\"2\",\"rating\":1669,\"seed\":\"sodium,42914266d40071a05d8235c5ae6c73db\"}\n>p1 move sunnyday\n>p2 move swordsdance\n>p1 move flamethrower\n>p2 move hornleech\n>p2 switch 5\n>p1 move dracometeor\n>p2 move icebeam\n>p2 switch 3\n>p1 switch 5\n>p2 move leechseed\n>p1 move sacredfire\n>p2 move protect\n>p1 move sacredfire\n>p2 switch 6\n>p1 switch 2\n>p2 move stoneedge\n>p1 move focusblast\n>p2 move stoneedge\n>p1 move focusblast\n>p2 move stoneedge\n>p2 switch 4\n>p1 switch 2\n>p2 move knockoff\n>p1 move sacredfire\n>p2 switch 2\n>p1 switch 4\n>p2 move stealthrock\n>p1 move meteormash\n>p2 switch 2\n>p1 switch 4\n>p2 move closecombat\n>p1 move sacredfire\n>p2 switch 2\n>p1 switch 4\n>p2 move diamondstorm\n>p1 move meteormash terastallize\n>p2 move diamondstorm terastallize\n>p1 switch 2\n>p2 move diamondstorm\n>p1 move psychic\n>p2 move bodypress\n>p1 switch 3\n>p1 move quiverdance\n>p2 move diamondstorm\n>p1 move revelationdance\n>p2 move diamondstorm\n>p2 switch 6\n>p1 move hurricane\n>p2 move leechseed\n>p1 move hurricane\n>p2 move protect\n>p1 switch 2\n>p1 move closecombat\n>p2 switch 2\n>p1 move closecombat\n>p2 move bulletpunch\n>p1 switch 5\n>p1 move flamethrower\n>p2 move bulletpunch\n>p2 switch 2\n>p1 move flamethrower\n>p2 move hypervoice", "uploadtime": 1782894256, "views": 3, "formatid": "gen9randombattle", "rating": 1651, "private": 0, "password": null, "player_dets": [{"name": "jnpr010334", "avatar": "265", "rating": 1640, "seed": "sodium,1f2f9a686dd8f471ac2e25a3f9aa9a8b"}, {"name": "xtrememaster", "avatar": "2", "rating": 1669, "seed": "sodium,42914266d40071a05d8235c5ae6c73db"}], "teams_full": [{"Walking Wake": {"name": "Walking Wake", "species": "Walking Wake", "speciesId": "walkingwake", "gender": "N", "shiny": false, "level": 79, "moves": ["dracometeor", "flamethrower", "hydrosteam", "sunnyday"], "ability": "Protosynthesis", "evs": {"hp": 85, "atk": 0, "def": 85, "spa": 85, "spd": 85, "spe": 85}, "ivs": {"hp": 31, "atk": 0, "def": 31, "spa": 31, "spd": 31, "spe": 31}, "item": "Life Orb", "teraType": "Fire", "role": "Fast Attacker", "bvs": {"hp": 99, "atk": 83, "def": 91, "spa": 125, "spd": 83, "spe": 109}, "stats": {"hp": 286, "atk": 136, "def": 189, "spa": 243, "spd": 177, "spe": 218}, "types": ["Water", "Dragon"]}, "Gothitelle": {"name": "Gothitelle", "species": "Gothitelle", "speciesId": "gothitelle", "gender": "M", "shiny": false, "level": 90, "moves": ["focusblast", "trick", "psychic", "darkpulse"], "ability": "Shadow Tag", "evs": {"hp": 85, "atk": 0, "def": 85, "spa": 85, "spd": 85, "spe": 85}, "ivs": {"hp": 31, "atk": 0, "def": 31, "spa": 31, "spd": 31, "spe": 31}, "item": "Choice Scarf", "teraType": "Fairy", "role": "Fast Attacker", "bvs": {"hp": 70, "atk": 55, "def": 95, "spa": 95, "spd": 110, "spe": 65}, "stats": {"hp": 272, "atk": 104, "def": 222, "spa": 222, "spd": 249, "spe": 168}, "types": ["Psychic"]}, "Oricorio": {"name": "Oricorio", "species": "Oricorio-Sensu", "speciesId": "oricoriosensu", "gender": "M", "shiny": false, "level": 85, "moves": ["revelationdance", "hurricane", "roost", "quiverdance"], "ability": "Dancer", "evs": {"hp": 85, "atk": 0, "def": 85, "spa": 85, "spd": 85, "spe": 85}, "ivs": {"hp": 31, "atk": 0, "def": 31, "spa": 31, "spd": 31, "spe": 31}, "item": "Heavy-Duty Boots", "teraType": "Fighting", "role": "Setup Sweeper", "bvs": {"hp": 75, "atk": 70, "def": 70, "spa": 98, "spd": 70, "spe": 93}, "stats": {"hp": 266, "atk": 124, "def": 168, "spa": 215, "spd": 168, "spe": 207}, "types": ["Ghost", "Flying"]}, "Lucario": {"name": "Lucario", "species": "Lucario", "speciesId": "lucario", "gender": "M", "shiny": false, "level": 84, "moves": ["stoneedge", "extremespeed", "closecombat", "meteormash"], "ability": "Justified", "evs": {"hp": 85, "atk": 85, "def": 85, "spa": 85, "spd": 85, "spe": 85}, "ivs": {"hp": 31, "atk": 31, "def": 31, "spa": 31, "spd": 31, "spe": 31}, "item": "Choice Band", "teraType": "Normal", "role": "Fast Attacker", "bvs": {"hp": 70, "atk": 110, "def": 70, "spa": 115, "spd": 70, "spe": 90}, "stats": {"hp": 255, "atk": 233, "def": 166, "spa": 241, "spd": 166, "spe": 199}, "types": ["Fighting", "Steel"]}, "Ho-Oh": {"name": "Ho-Oh", "species": "Ho-Oh", "speciesId": "hooh", "gender": "N", "shiny": false, "level": 71, "moves": ["recover", "earthquake", "bravebird", "sacredfire"], "ability": "Regenerator", "evs": {"hp": 85, "atk": 85, "def": 85, "spa": 85, "spd": 85, "spe": 85}, "ivs": {"hp": 31, "atk": 31, "def": 31, "spa": 31, "spd": 31, "spe": 31}, "item": "Heavy-Duty Boots", "teraType": "Ground", "role": "Bulky Attacker", "bvs": {"hp": 106, "atk": 130, "def": 90, "spa": 110, "spd": 154, "spe": 90}, "stats": {"hp": 268, "atk": 226, "def": 169, "spa": 198, "spd": 260, "spe": 169}, "types": ["Fire", "Flying"]}, "Dusknoir": {"name": "Dusknoir", "species": "Dusknoir", "speciesId": "dusknoir", "gender": "M", "shiny": false, "level": 89, "moves": ["shadowsneak", "earthquake", "poltergeist", "leechlife"], "ability": "Frisk", "evs": {"hp": 85, "atk": 85, "def": 85, "spa": 85, "spd": 85, "spe": 85}, "ivs": {"hp": 31, "atk": 31, "def": 31, "spa": 31, "spd": 31, "spe": 31}, "item": "Choice Band", "teraType": "Ground", "role": "Wallbreaker", "bvs": {"hp": 45, "atk": 100, "def": 135, "spa": 65, "spd": 135, "spe": 45}, "stats": {"hp": 225, "atk": 229, "def": 291, "spa": 166, "spd": 291, "spe": 131}, "types": ["Ghost"]}}, {"Sawsbuck": {"name": "Sawsbuck", "species": "Sawsbuck", "speciesId": "sawsbuck", "gender": "M", "shiny": false, "level": 88, "moves": ["doubleedge", "hornleech", "swordsdance", "highhorsepower"], "ability": "Sap Sipper", "evs": {"hp": 85, "atk": 85, "def": 85, "spa": 85, "spd": 85, "spe": 85}, "ivs": {"hp": 31, "atk": 31, "def": 31, "spa": 31, "spd": 31, "spe": 31}, "item": "Life Orb", "teraType": "Normal", "role": "Setup Sweeper", "bvs": {"hp": 80, "atk": 100, "def": 70, "spa": 60, "spd": 70, "spe": 95}, "stats": {"hp": 284, "atk": 226, "def": 173, "spa": 156, "spd": 173, "spe": 217}, "types": ["Normal", "Grass"]}, "Diancie": {"name": "Diancie", "species": "Diancie", "speciesId": "diancie", "gender": "N", "shiny": false, "level": 82, "moves": ["bodypress", "moonblast", "diamondstorm", "stealthrock"], "ability": "Clear Body", "evs": {"hp": 85, "atk": 85, "def": 85, "spa": 85, "spd": 85, "spe": 85}, "ivs": {"hp": 31, "atk": 31, "def": 31, "spa": 31, "spd": 31, "spe": 31}, "item": "Leftovers", "teraType": "Fighting", "role": "Bulky Attacker", "bvs": {"hp": 50, "atk": 100, "def": 150, "spa": 100, "spd": 150, "spe": 50}, "stats": {"hp": 216, "atk": 211, "def": 293, "spa": 211, "spd": 293, "spe": 129}, "types": ["Rock", "Fairy"]}, "Arboliva": {"name": "Arboliva", "species": "Arboliva", "speciesId": "arboliva", "gender": "F", "shiny": false, "level": 91, "moves": ["leechseed", "hypervoice", "substitute", "protect"], "ability": "Harvest", "evs": {"hp": 77, "atk": 0, "def": 85, "spa": 85, "spd": 85, "spe": 85}, "ivs": {"hp": 31, "atk": 0, "def": 31, "spa": 31, "spd": 31, "spe": 31}, "item": "Sitrus Berry", "teraType": "Water", "role": "Bulky Support", "bvs": {"hp": 78, "atk": 69, "def": 90, "spa": 125, "spd": 109, "spe": 39}, "stats": {"hp": 288, "atk": 130, "def": 216, "spa": 279, "spd": 250, "spe": 123}, "types": ["Grass", "Normal"]}, "Scizor": {"name": "Scizor", "species": "Scizor", "speciesId": "scizor", "gender": "F", "shiny": false, "level": 79, "moves": ["bulletpunch", "knockoff", "defog", "closecombat"], "ability": "Technician", "evs": {"hp": 85, "atk": 85, "def": 85, "spa": 85, "spd": 85, "spe": 85}, "ivs": {"hp": 31, "atk": 31, "def": 31, "spa": 31, "spd": 31, "spe": 31}, "item": "Leftovers", "teraType": "Dragon", "role": "Bulky Support", "bvs": {"hp": 70, "atk": 130, "def": 100, "spa": 55, "spd": 80, "spe": 65}, "stats": {"hp": 240, "atk": 251, "def": 204, "spa": 132, "spd": 172, "spe": 148}, "types": ["Bug", "Steel"]}, "Inteleon": {"name": "Inteleon", "species": "Inteleon", "speciesId": "inteleon", "gender": "M", "shiny": false, "level": 81, "moves": ["hydropump", "uturn", "scald", "icebeam"], "ability": "Torrent", "evs": {"hp": 85, "atk": 85, "def": 85, "spa": 85, "spd": 85, "spe": 85}, "ivs": {"hp": 31, "atk": 31, "def": 31, "spa": 31, "spd": 31, "spe": 31}, "item": "Choice Specs", "teraType": "Water", "role": "Wallbreaker", "bvs": {"hp": 70, "atk": 85, "def": 65, "spa": 125, "spd": 65, "spe": 120}, "stats": {"hp": 246, "atk": 184, "def": 152, "spa": 249, "spd": 152, "spe": 241}, "types": ["Water"]}, "Regirock": {"name": "Regirock", "species": "Regirock", "speciesId": "regirock", "gender": "N", "shiny": false, "level": 83, "moves": ["rest", "stoneedge", "bodypress", "curse"], "ability": "Clear Body", "evs": {"hp": 85, "atk": 85, "def": 85, "spa": 85, "spd": 85, "spe": 85}, "ivs": {"hp": 31, "atk": 31, "def": 31, "spa": 31, "spd": 31, "spe": 31}, "item": "Chesto Berry", "teraType": "Fighting", "role": "Bulky Setup", "bvs": {"hp": 80, "atk": 100, "def": 200, "spa": 50, "spd": 100, "spe": 50}, "stats": {"hp": 268, "atk": 214, "def": 380, "spa": 131, "spd": 214, "spe": 131}, "types": ["Rock"]}}]}