{"id": "gen9randombattle-2642169514", "format": "[Gen 9] Random Battle", "players": ["lilboymp4", "bakavelique"], "log": "|j|\u2606lilboymp4\n|j|\u2606bakavelique\n|t:|1782904542\n|gametype|singles\n|player|p1|lilboymp4|2|1742\n|player|p2|bakavelique|ninjaboy|1749\n|gen|9\n|tier|[Gen 9] Random Battle\n|rated|\n|rule|Species Clause: Limit one of each Pok\u00e9mon\n|rule|HP Percentage Mod: HP is shown in percentages\n|rule|Sleep Clause Mod: Limit one foe put to sleep\n|rule|Illusion Level Mod: Illusion disguises the Pok\u00e9mon's true level\n|\n|t:|1782904542\n|teamsize|p1|6\n|teamsize|p2|6\n|start\n|switch|p1a: Iron Boulder|Iron Boulder, L77|265/265\n|switch|p2a: Tsareena|Tsareena, L87, F|267/267\n|turn|1\n|\n|t:|1782904555\n|-end|p1a: Iron Boulder|Quark Drive|[silent]\n|switch|p1a: Arceus|Arceus-Bug, L73|295/295\n|move|p2a: Tsareena|Rapid Spin|p1a: Arceus\n|-damage|p1a: Arceus|258/295\n|-boost|p2a: Tsareena|spe|1\n|\n|upkeep\n|turn|2\n|\n|t:|1782904567\n|switch|p2a: Sandy Shocks|Sandy Shocks, L80|267/267\n|move|p1a: Arceus|Calm Mind|p1a: Arceus\n|-boost|p1a: Arceus|spa|1\n|-boost|p1a: Arceus|spd|1\n|\n|upkeep\n|turn|3\n|\n|t:|1782904576\n|move|p1a: Arceus|Judgment|p2a: Sandy Shocks\n|-damage|p2a: Sandy Shocks|92/267\n|move|p2a: Sandy Shocks|Volt Switch|p1a: Arceus\n|-damage|p1a: Arceus|207/295\n|\n|t:|1782904579\n|-end|p2a: Sandy Shocks|Protosynthesis|[silent]\n|switch|p2a: Beartic|Beartic, L91, M|321/321|[from] Volt Switch\n|\n|upkeep\n|turn|4\n|\n|t:|1782904588\n|move|p1a: Arceus|Fire Blast|p2a: Beartic\n|-supereffective|p2a: Beartic\n|-damage|p2a: Beartic|109/321\n|move|p2a: Beartic|Icicle Crash|p1a: Arceus\n|-damage|p1a: Arceus|27/295\n|\n|upkeep\n|turn|5\n|\n|t:|1782904598\n|move|p1a: Arceus|Judgment|p2a: Beartic\n|-damage|p2a: Beartic|0 fnt\n|faint|p2a: Beartic\n|\n|upkeep\n|\n|t:|1782904600\n|switch|p2a: Greninja|Greninja, L80, M|246/246\n|turn|6\n|\n|t:|1782904610\n|switch|p1a: Corviknight|Corviknight, L80, F|288/288\n|-ability|p1a: Corviknight|Pressure\n|move|p2a: Greninja|Dark Pulse|p1a: Corviknight\n|-start|p2a: Greninja|typechange|Dark|[from] ability: Protean\n|-damage|p1a: Corviknight|179/288\n|-damage|p2a: Greninja|222/246|[from] item: Life Orb\n|\n|upkeep\n|turn|7\n|\n|t:|1782904620\n|switch|p2a: Sandy Shocks|Sandy Shocks, L80|92/267\n|move|p1a: Corviknight|Brave Bird|p2a: Sandy Shocks\n|-resisted|p2a: Sandy Shocks\n|-damage|p2a: Sandy Shocks|38/267\n|-damage|p1a: Corviknight|161/288|[from] Recoil\n|\n|upkeep\n|turn|8\n|\n|t:|1782904629\n|move|p2a: Sandy Shocks|Stealth Rock|p1a: Corviknight\n|-sidestart|p1: lilboymp4|move: Stealth Rock\n|move|p1a: Corviknight|U-turn|p2a: Sandy Shocks\n|-damage|p2a: Sandy Shocks|0 fnt\n|faint|p2a: Sandy Shocks\n|-end|p2a: Sandy Shocks|Protosynthesis|[silent]\n|\n|t:|1782904636\n|switch|p1a: Thundurus|Thundurus, L80, M|258/258|[from] U-turn\n|\n|upkeep\n|\n|t:|1782904645\n|switch|p2a: Cinccino|Cinccino, L83, M|260/260\n|turn|9\n|\n|t:|1782904654\n|move|p2a: Cinccino|Triple Axel|p1a: Thundurus\n|-supereffective|p1a: Thundurus\n|-damage|p1a: Thundurus|206/258\n|-supereffective|p1a: Thundurus\n|-damage|p1a: Thundurus|108/258\n|-supereffective|p1a: Thundurus\n|-damage|p1a: Thundurus|0 fnt\n|faint|p1a: Thundurus\n|-hitcount|p1: Thundurus|3\n|\n|upkeep\n|\n|t:|1782904666\n|switch|p1a: Iron Boulder|Iron Boulder, L77|265/265\n|-damage|p1a: Iron Boulder|232/265|[from] Stealth Rock\n|turn|10\n|\n|t:|1782904675\n|switch|p2a: Tsareena|Tsareena, L87, F|267/267\n|-terastallize|p1a: Iron Boulder|Fighting\n|move|p1a: Iron Boulder|Close Combat|p2a: Tsareena\n|-damage|p2a: Tsareena|127/267\n|-unboost|p1a: Iron Boulder|def|1\n|-unboost|p1a: Iron Boulder|spd|1\n|-damage|p1a: Iron Boulder|206/265|[from] item: Life Orb\n|\n|upkeep\n|turn|11\n|\n|t:|1782904685\n|move|p1a: Iron Boulder|Close Combat|p2a: Tsareena\n|-damage|p2a: Tsareena|0 fnt\n|-unboost|p1a: Iron Boulder|def|1\n|-unboost|p1a: Iron Boulder|spd|1\n|faint|p2a: Tsareena\n|-damage|p1a: Iron Boulder|180/265|[from] item: Life Orb\n|\n|upkeep\n|\n|t:|1782904690\n|switch|p2a: Greninja|Greninja, L80, M|222/246\n|turn|12\n|\n|t:|1782904700\n|-end|p1a: Iron Boulder|Quark Drive|[silent]\n|switch|p1a: Arceus|Arceus-Bug, L73|27/295\n|-damage|p1a: Arceus|0 fnt|[from] Stealth Rock\n|faint|p1a: Arceus\n|move|p2a: Greninja|Hydro Pump|p1: Arceus|[notarget]\n|-fail|p2a: Greninja\n|\n|upkeep\n|\n|t:|1782904709\n|switch|p1a: Corviknight|Corviknight, L80, F|161/288\n|-damage|p1a: Corviknight|125/288|[from] Stealth Rock\n|-ability|p1a: Corviknight|Pressure\n|turn|13\n|\n|t:|1782904721\n|move|p2a: Greninja|Hydro Pump|p1a: Corviknight\n|-start|p2a: Greninja|typechange|Water|[from] ability: Protean\n|-damage|p1a: Corviknight|0 fnt\n|faint|p1a: Corviknight\n|-damage|p2a: Greninja|198/246|[from] item: Life Orb\n|\n|upkeep\n|\n|t:|1782904727\n|switch|p1a: Froslass|Froslass, L87, F|263/263\n|-damage|p1a: Froslass|198/263|[from] Stealth Rock\n|turn|14\n|\n|t:|1782904735\n|switch|p2a: Cinccino|Cinccino, L83, M|260/260\n|move|p1a: Froslass|Will-O-Wisp|p2a: Cinccino\n|-status|p2a: Cinccino|brn\n|\n|-damage|p2a: Cinccino|244/260 brn|[from] brn\n|upkeep\n|turn|15\n|\n|t:|1782904743\n|move|p1a: Froslass|Triple Axel|p2a: Cinccino\n|-damage|p2a: Cinccino|219/260 brn\n|-damage|p2a: Cinccino|167/260 brn\n|-damage|p2a: Cinccino|91/260 brn\n|-hitcount|p2a: Cinccino|3\n|move|p2a: Cinccino|Bullet Seed|p1a: Froslass\n|-damage|p1a: Froslass|183/263\n|-damage|p1a: Froslass|168/263\n|-damage|p1a: Froslass|154/263\n|-damage|p1a: Froslass|141/263\n|-hitcount|p1a: Froslass|4\n|\n|-damage|p2a: Cinccino|75/260 brn|[from] brn\n|upkeep\n|turn|16\n|\n|t:|1782904755\n|move|p1a: Froslass|Triple Axel|p2a: Cinccino\n|-crit|p2a: Cinccino\n|-damage|p2a: Cinccino|38/260 brn\n|-crit|p2a: Cinccino\n|-damage|p2a: Cinccino|0 fnt\n|faint|p2a: Cinccino\n|-hitcount|p2: Cinccino|2\n|\n|upkeep\n|\n|t:|1782904760\n|switch|p2a: Greninja|Greninja, L80, M|198/246\n|turn|17\n|\n|t:|1782904764\n|move|p2a: Greninja|Dark Pulse|p1a: Froslass\n|-start|p2a: Greninja|typechange|Dark|[from] ability: Protean\n|-supereffective|p1a: Froslass\n|-damage|p1a: Froslass|0 fnt\n|-start|p2a: Greninja|Disable|Dark Pulse|[from] ability: Cursed Body|[of] p1a: Froslass\n|faint|p1a: Froslass\n|-damage|p2a: Greninja|174/246|[from] item: Life Orb\n|\n|upkeep\n|\n|t:|1782904771\n|switch|p1a: Banette|Banette, L93, M|270/270\n|-damage|p1a: Banette|237/270|[from] Stealth Rock\n|turn|18\n|\n|t:|1782904778\n|switch|p2a: Iron Jugulis|Iron Jugulis, L77|271/271\n|move|p1a: Banette|Gunk Shot|p2a: Iron Jugulis|[miss]\n|-miss|p1a: Banette|p2a: Iron Jugulis\n|\n|upkeep\n|turn|19\n|\n|t:|1782904786\n|move|p2a: Iron Jugulis|Meteor Beam||[still]\n|-prepare|p2a: Iron Jugulis|Meteor Beam\n|-boost|p2a: Iron Jugulis|spa|1\n|-enditem|p2a: Iron Jugulis|Power Herb\n|-anim|p2a: Iron Jugulis|Meteor Beam|p1a: Banette\n|-damage|p1a: Banette|80/270\n|move|p1a: Banette|Gunk Shot|p2a: Iron Jugulis\n|-damage|p2a: Iron Jugulis|109/271\n|-damage|p1a: Banette|53/270|[from] item: Life Orb\n|\n|upkeep\n|turn|20\n|\n|t:|1782904793\n|move|p1a: Banette|Shadow Sneak|p2a: Iron Jugulis\n|-resisted|p2a: Iron Jugulis\n|-damage|p2a: Iron Jugulis|69/271\n|-damage|p1a: Banette|26/270|[from] item: Life Orb\n|move|p2a: Iron Jugulis|Dark Pulse|p1a: Banette\n|-supereffective|p1a: Banette\n|-damage|p1a: Banette|0 fnt\n|faint|p1a: Banette\n|\n|upkeep\n|\n|t:|1782904796\n|switch|p1a: Iron Boulder|Iron Boulder, L77, tera:Fighting|180/265\n|-damage|p1a: Iron Boulder|164/265|[from] Stealth Rock\n|turn|21\n|\n|t:|1782904801\n|move|p1a: Iron Boulder|Mighty Cleave|p2a: Iron Jugulis\n|-supereffective|p2a: Iron Jugulis\n|-damage|p2a: Iron Jugulis|0 fnt\n|faint|p2a: Iron Jugulis\n|-end|p2a: Iron Jugulis|Quark Drive|[silent]\n|-damage|p1a: Iron Boulder|138/265|[from] item: Life Orb\n|\n|upkeep\n|\n|t:|1782904804\n|switch|p2a: Greninja|Greninja, L80, M|174/246\n|turn|22\n|inactive|Battle timer is ON: inactive players will automatically lose when time's up. (requested by lilboymp4)\n|c|\u2606lilboymp4|gg u won\n|c|\u2606lilboymp4|have a nice day\n|\n|t:|1782904836\n|move|p2a: Greninja|Hydro Pump|p1a: Iron Boulder\n|-start|p2a: Greninja|typechange|Water|[from] ability: Protean\n|-damage|p1a: Iron Boulder|5/265\n|-damage|p2a: Greninja|150/246|[from] item: Life Orb\n|move|p1a: Iron Boulder|Close Combat|p2a: Greninja\n|-damage|p2a: Greninja|0 fnt\n|-unboost|p1a: Iron Boulder|def|1\n|-unboost|p1a: Iron Boulder|spd|1\n|faint|p2a: Greninja\n|-damage|p1a: Iron Boulder|0 fnt|[from] item: Life Orb\n|faint|p1a: Iron Boulder\n|-end|p1a: Iron Boulder|Quark Drive|[silent]\n|\n|win|lilboymp4\n|raw|lilboymp4's rating: 1742 &rarr; <strong>1762</strong><br />(+20 for winning)\n|raw|bakavelique's rating: 1749 &rarr; <strong>1729</strong><br />(-20 for losing)\n", "inputlog": ">version f8ac14003a5f27e1bdc8d8c59608a773c1cb96e5\n>start {\"formatid\":\"gen9randombattle\",\"seed\":\"sodium,0b3a4cfdf2c3facc4d76162fb7215b6c\",\"rated\":\"Rated battle\"}\n>player p1 {\"name\":\"lilboymp4\",\"avatar\":\"2\",\"rating\":1742,\"seed\":\"sodium,2a9ac7abd94e3de44dffdac8cd6d58e1\"}\n>player p2 {\"name\":\"bakavelique\",\"avatar\":\"ninjaboy\",\"rating\":1749,\"seed\":\"sodium,8346a5fd888e2a815d058a81bf89c29c\"}\n>p1 switch 2\n>p2 move rapidspin\n>p1 move calmmind\n>p2 switch 2\n>p1 move judgment\n>p2 move voltswitch\n>p2 switch 3\n>p1 move fireblast\n>p2 move iciclecrash\n>p1 move judgment\n>p2 move iciclecrash\n>p2 switch 4\n>p1 switch 3\n>p2 move darkpulse\n>p1 move bravebird\n>p2 switch 3\n>p1 move uturn\n>p2 move stealthrock\n>p1 switch 4\n>p2 switch 5\n>p1 move focusblast\n>p2 move tripleaxel\n>p1 switch 2\n>p1 move closecombat terastallize\n>p2 switch 2\n>p1 move closecombat\n>p2 move highjumpkick\n>p2 switch 3\n>p1 switch 3\n>p2 move hydropump\n>p1 switch 4\n>p1 move defog\n>p2 move hydropump\n>p1 switch 5\n>p1 move willowisp\n>p2 switch 2\n>p1 move tripleaxel\n>p2 move bulletseed\n>p1 move tripleaxel\n>p2 move bulletseed\n>p2 switch 2\n>p1 move destinybond\n>p2 move darkpulse\n>p1 switch 6\n>p1 move gunkshot\n>p2 switch 6\n>p1 move gunkshot\n>p2 move meteorbeam\n>p1 move shadowsneak\n>p2 move darkpulse\n>p1 switch 3\n>p1 move mightycleave\n>p2 move earthpower\n>p2 switch 6\n>chat \u2606lilboymp4|gg u won\n>chat \u2606lilboymp4|have a nice day \n>p1 move closecombat\n>p2 move hydropump", "uploadtime": 1782904837, "views": 6, "formatid": "gen9randombattle", "rating": 1729, "private": 0, "password": null, "player_dets": [{"name": "lilboymp4", "avatar": "2", "rating": 1742, "seed": "sodium,2a9ac7abd94e3de44dffdac8cd6d58e1"}, {"name": "bakavelique", "avatar": "ninjaboy", "rating": 1749, "seed": "sodium,8346a5fd888e2a815d058a81bf89c29c"}], "teams_full": [{"Iron Boulder": {"name": "Iron Boulder", "species": "Iron Boulder", "speciesId": "ironboulder", "gender": "N", "shiny": false, "level": 77, "moves": ["mightycleave", "swordsdance", "closecombat", "zenheadbutt"], "ability": "Quark Drive", "evs": {"hp": 85, "atk": 85, "def": 85, "spa": 85, "spd": 85, "spe": 85}, "ivs": {"hp": 31, "atk": 31, "def": 31, "spa": 31, "spd": 31, "spe": 31}, "item": "Life Orb", "teraType": "Fighting", "role": "Setup Sweeper", "bvs": {"hp": 90, "atk": 120, "def": 80, "spa": 68, "spd": 108, "spe": 124}, "stats": {"hp": 265, "atk": 229, "def": 168, "spa": 149, "spd": 211, "spe": 236}, "types": ["Rock", "Psychic"]}, "Arceus": {"name": "Arceus", "species": "Arceus-Bug", "speciesId": "arceusbug", "gender": "N", "shiny": false, "level": 73, "moves": ["fireblast", "recover", "calmmind", "judgment"], "ability": "Multitype", "evs": {"hp": 81, "atk": 0, "def": 85, "spa": 85, "spd": 85, "spe": 85}, "ivs": {"hp": 31, "atk": 0, "def": 31, "spa": 31, "spd": 31, "spe": 31}, "item": "Insect Plate", "teraType": "Fire", "role": "Bulky Setup", "bvs": {"hp": 120, "atk": 120, "def": 120, "spa": 120, "spd": 120, "spe": 120}, "stats": {"hp": 295, "atk": 180, "def": 218, "spa": 218, "spd": 218, "spe": 218}, "types": ["Bug"]}, "Corviknight": {"name": "Corviknight", "species": "Corviknight", "speciesId": "corviknight", "gender": "F", "shiny": false, "level": 80, "moves": ["roost", "bravebird", "defog", "uturn"], "ability": "Pressure", "evs": {"hp": 85, "atk": 85, "def": 85, "spa": 85, "spd": 85, "spe": 85}, "ivs": {"hp": 31, "atk": 31, "def": 31, "spa": 31, "spd": 31, "spe": 31}, "item": "Rocky Helmet", "teraType": "Dragon", "role": "Bulky Support", "bvs": {"hp": 98, "atk": 87, "def": 105, "spa": 53, "spd": 85, "spe": 67}, "stats": {"hp": 288, "atk": 185, "def": 214, "spa": 131, "spd": 182, "spe": 153}, "types": ["Flying", "Steel"]}, "Thundurus": {"name": "Thundurus", "species": "Thundurus", "speciesId": "thundurus", "gender": "M", "shiny": false, "level": 80, "moves": ["thunderbolt", "focusblast", "nastyplot", "terablast"], "ability": "Defiant", "evs": {"hp": 85, "atk": 85, "def": 85, "spa": 85, "spd": 85, "spe": 85}, "ivs": {"hp": 31, "atk": 31, "def": 31, "spa": 31, "spd": 31, "spe": 31}, "item": "Heavy-Duty Boots", "teraType": "Flying", "role": "Tera Blast user", "bvs": {"hp": 79, "atk": 115, "def": 70, "spa": 125, "spd": 80, "spe": 111}, "stats": {"hp": 258, "atk": 230, "def": 158, "spa": 246, "spd": 174, "spe": 224}, "types": ["Electric", "Flying"]}, "Froslass": {"name": "Froslass", "species": "Froslass", "speciesId": "froslass", "gender": "F", "shiny": false, "level": 87, "moves": ["poltergeist", "tripleaxel", "destinybond", "willowisp"], "ability": "Cursed Body", "evs": {"hp": 81, "atk": 85, "def": 85, "spa": 85, "spd": 85, "spe": 85}, "ivs": {"hp": 31, "atk": 31, "def": 31, "spa": 31, "spd": 31, "spe": 31}, "item": "Wide Lens", "teraType": "Ice", "role": "Fast Support", "bvs": {"hp": 70, "atk": 80, "def": 70, "spa": 80, "spd": 70, "spe": 110}, "stats": {"hp": 263, "atk": 189, "def": 172, "spa": 189, "spd": 172, "spe": 241}, "types": ["Ice", "Ghost"]}, "Banette": {"name": "Banette", "species": "Banette", "speciesId": "banette", "gender": "M", "shiny": false, "level": 93, "moves": ["swordsdance", "poltergeist", "shadowsneak", "gunkshot"], "ability": "Insomnia", "evs": {"hp": 85, "atk": 85, "def": 85, "spa": 85, "spd": 85, "spe": 85}, "ivs": {"hp": 31, "atk": 31, "def": 31, "spa": 31, "spd": 31, "spe": 31}, "item": "Life Orb", "teraType": "Poison", "role": "Wallbreaker", "bvs": {"hp": 64, "atk": 115, "def": 65, "spa": 83, "spd": 63, "spe": 65}, "stats": {"hp": 270, "atk": 267, "def": 174, "spa": 207, "spd": 170, "spe": 174}, "types": ["Ghost"]}}, {"Tsareena": {"name": "Tsareena", "species": "Tsareena", "speciesId": "tsareena", "gender": "F", "shiny": false, "level": 87, "moves": ["highjumpkick", "powerwhip", "knockoff", "rapidspin"], "ability": "Queenly Majesty", "evs": {"hp": 85, "atk": 85, "def": 85, "spa": 85, "spd": 85, "spe": 85}, "ivs": {"hp": 31, "atk": 31, "def": 31, "spa": 31, "spd": 31, "spe": 31}, "item": "Assault Vest", "teraType": "Steel", "role": "Fast Support", "bvs": {"hp": 72, "atk": 120, "def": 98, "spa": 50, "spd": 98, "spe": 72}, "stats": {"hp": 267, "atk": 259, "def": 220, "spa": 137, "spd": 220, "spe": 175}, "types": ["Grass"]}, "Sandy Shocks": {"name": "Sandy Shocks", "species": "Sandy Shocks", "speciesId": "sandyshocks", "gender": "N", "shiny": false, "level": 80, "moves": ["voltswitch", "earthpower", "stealthrock", "thunderbolt"], "ability": "Protosynthesis", "evs": {"hp": 85, "atk": 0, "def": 85, "spa": 85, "spd": 85, "spe": 85}, "ivs": {"hp": 31, "atk": 0, "def": 31, "spa": 31, "spd": 31, "spe": 31}, "item": "Heavy-Duty Boots", "teraType": "Ground", "role": "Fast Support", "bvs": {"hp": 85, "atk": 81, "def": 97, "spa": 121, "spd": 85, "spe": 101}, "stats": {"hp": 267, "atk": 134, "def": 201, "spa": 240, "spd": 182, "spe": 208}, "types": ["Electric", "Ground"]}, "Beartic": {"name": "Beartic", "species": "Beartic", "speciesId": "beartic", "gender": "M", "shiny": false, "level": 91, "moves": ["closecombat", "earthquake", "iciclecrash", "aquajet"], "ability": "Slush Rush", "evs": {"hp": 85, "atk": 85, "def": 85, "spa": 85, "spd": 85, "spe": 85}, "ivs": {"hp": 31, "atk": 31, "def": 31, "spa": 31, "spd": 31, "spe": 31}, "item": "Choice Band", "teraType": "Ground", "role": "Wallbreaker", "bvs": {"hp": 95, "atk": 130, "def": 80, "spa": 70, "spd": 80, "spe": 50}, "stats": {"hp": 321, "atk": 288, "def": 197, "spa": 179, "spd": 197, "spe": 143}, "types": ["Ice"]}, "Greninja": {"name": "Greninja", "species": "Greninja", "speciesId": "greninja", "gender": "M", "shiny": false, "level": 80, "moves": ["darkpulse", "grassknot", "gunkshot", "hydropump"], "ability": "Protean", "evs": {"hp": 85, "atk": 85, "def": 85, "spa": 85, "spd": 85, "spe": 85}, "ivs": {"hp": 31, "atk": 31, "def": 31, "spa": 31, "spd": 31, "spe": 31}, "item": "Life Orb", "teraType": "Poison", "role": "Fast Attacker", "bvs": {"hp": 72, "atk": 95, "def": 67, "spa": 103, "spd": 71, "spe": 122}, "stats": {"hp": 246, "atk": 198, "def": 153, "spa": 211, "spd": 160, "spe": 241}, "types": ["Water", "Dark"]}, "Cinccino": {"name": "Cinccino", "species": "Cinccino", "speciesId": "cinccino", "gender": "M", "shiny": false, "level": 83, "moves": ["tripleaxel", "bulletseed", "tidyup", "tailslap"], "ability": "Technician", "evs": {"hp": 85, "atk": 85, "def": 85, "spa": 85, "spd": 85, "spe": 85}, "ivs": {"hp": 31, "atk": 31, "def": 31, "spa": 31, "spd": 31, "spe": 31}, "item": "Loaded Dice", "teraType": "Ice", "role": "Fast Attacker", "bvs": {"hp": 75, "atk": 95, "def": 60, "spa": 65, "spd": 60, "spe": 115}, "stats": {"hp": 260, "atk": 205, "def": 147, "spa": 156, "spd": 147, "spe": 239}, "types": ["Normal"]}, "Iron Jugulis": {"name": "Iron Jugulis", "species": "Iron Jugulis", "speciesId": "ironjugulis", "gender": "N", "shiny": false, "level": 77, "moves": ["meteorbeam", "darkpulse", "hurricane", "earthpower"], "ability": "Quark Drive", "evs": {"hp": 85, "atk": 0, "def": 85, "spa": 85, "spd": 85, "spe": 85}, "ivs": {"hp": 31, "atk": 0, "def": 31, "spa": 31, "spd": 31, "spe": 31}, "item": "Power Herb", "teraType": "Dark", "role": "Setup Sweeper", "bvs": {"hp": 94, "atk": 80, "def": 86, "spa": 122, "spd": 80, "spe": 108}, "stats": {"hp": 271, "atk": 128, "def": 177, "spa": 232, "spd": 168, "spe": 211}, "types": ["Dark", "Flying"]}}]}