{"id": "gen9randombattle-2641852332", "format": "[Gen 9] Random Battle", "players": ["Obaidelphox", "The great gazoo"], "log": "|j|\u2606Obaidelphox\n|j|\u2606The great gazoo\n|t:|1782849640\n|gametype|singles\n|player|p1|Obaidelphox|2|2003\n|player|p2|The great gazoo|101|2078\n|gen|9\n|tier|[Gen 9] Random Battle\n|rated|\n|rule|Species Clause: Limit one of each Pok\u00e9mon\n|rule|HP Percentage Mod: HP is shown in percentages\n|rule|Sleep Clause Mod: Limit one foe put to sleep\n|rule|Illusion Level Mod: Illusion disguises the Pok\u00e9mon's true level\n|\n|t:|1782849640\n|teamsize|p1|6\n|teamsize|p2|6\n|start\n|switch|p1a: Passimian|Passimian, L83, F|302/302\n|switch|p2a: Iron Crown|Iron Crown, L78|268/268\n|turn|1\n|\n|t:|1782849652\n|move|p2a: Iron Crown|Tachyon Cutter|p1a: Passimian\n|-damage|p1a: Passimian|193/302\n|-damage|p1a: Passimian|87/302\n|-hitcount|p1a: Passimian|2\n|move|p1a: Passimian|Knock Off|p2a: Iron Crown\n|-supereffective|p2a: Iron Crown\n|-damage|p2a: Iron Crown|118/268\n|-enditem|p2a: Iron Crown|Choice Specs|[from] move: Knock Off|[of] p1a: Passimian\n|\n|-heal|p1a: Passimian|105/302|[from] item: Leftovers\n|upkeep\n|turn|2\n|\n|t:|1782849660\n|switch|p1a: Gholdengo|Gholdengo, L77|261/261\n|move|p2a: Iron Crown|Tachyon Cutter|p1a: Gholdengo\n|-resisted|p1a: Gholdengo\n|-damage|p1a: Gholdengo|234/261\n|-resisted|p1a: Gholdengo\n|-damage|p1a: Gholdengo|204/261\n|-hitcount|p1a: Gholdengo|2\n|\n|-heal|p1a: Gholdengo|220/261|[from] item: Leftovers\n|upkeep\n|turn|3\n|\n|t:|1782849671\n|move|p2a: Iron Crown|Volt Switch|p1a: Gholdengo\n|-damage|p1a: Gholdengo|161/261\n|\n|t:|1782849693\n|-end|p2a: Iron Crown|Quark Drive|[silent]\n|switch|p2a: Manaphy|Manaphy, L78|284/284|[from] Volt Switch\n|move|p1a: Gholdengo|Nasty Plot|p1a: Gholdengo\n|-boost|p1a: Gholdengo|spa|2\n|\n|-heal|p1a: Gholdengo|177/261|[from] item: Leftovers\n|upkeep\n|turn|4\n|inactive|Battle timer is ON: inactive players will automatically lose when time's up. (requested by Obaidelphox)\n|\n|t:|1782849707\n|move|p2a: Manaphy|Tail Glow|p2a: Manaphy\n|-boost|p2a: Manaphy|spa|3\n|move|p1a: Gholdengo|Shadow Ball|p2a: Manaphy\n|-crit|p2a: Manaphy\n|-damage|p2a: Manaphy|37/284\n|-unboost|p2a: Manaphy|spd|1\n|\n|-heal|p2a: Manaphy|54/284|[from] item: Leftovers\n|-heal|p1a: Gholdengo|193/261|[from] item: Leftovers\n|upkeep\n|turn|5\n|\n|t:|1782849713\n|switch|p1a: Gastrodon|Gastrodon, L86, F|331/331\n|move|p2a: Manaphy|Surf|p1a: Gastrodon\n|-ability|p1a: Gastrodon|Storm Drain|boost\n|-boost|p1a: Gastrodon|spa|1\n|\n|-heal|p2a: Manaphy|71/284|[from] item: Leftovers\n|upkeep\n|turn|6\n|\n|t:|1782849718\n|switch|p1a: Lilligant|Lilligant-Hisui, L79, F|240/240\n|move|p2a: Manaphy|Energy Ball|p1a: Lilligant\n|-resisted|p1a: Lilligant\n|-damage|p1a: Lilligant|161/240\n|\n|-heal|p2a: Manaphy|88/284|[from] item: Leftovers\n|upkeep\n|turn|7\n|\n|t:|1782849736\n|switch|p2a: Ribombee|Ribombee, L83, F|235/235\n|move|p1a: Lilligant|Close Combat|p2a: Ribombee\n|-resisted|p2a: Ribombee\n|-damage|p2a: Ribombee|161/235\n|-unboost|p1a: Lilligant|def|1\n|-unboost|p1a: Lilligant|spd|1\n|-damage|p1a: Lilligant|137/240|[from] item: Life Orb\n|\n|upkeep\n|turn|8\n|\n|t:|1782849748\n|switch|p1a: Gholdengo|Gholdengo, L77|193/261\n|move|p2a: Ribombee|Quiver Dance|p2a: Ribombee\n|-boost|p2a: Ribombee|spa|1\n|-boost|p2a: Ribombee|spd|1\n|-boost|p2a: Ribombee|spe|1\n|\n|-heal|p1a: Gholdengo|209/261|[from] item: Leftovers\n|upkeep\n|turn|9\n|\n|t:|1782849758\n|switch|p1a: Volbeat|Volbeat, L90, M|263/263\n|-terastallize|p2a: Ribombee|Ground\n|move|p2a: Ribombee|Tera Blast|p1a: Volbeat|[anim] Tera Blast Ground\n|-resisted|p1a: Volbeat\n|-damage|p1a: Volbeat|209/263\n|\n|upkeep\n|turn|10\n|inactive|The great gazoo has 120 seconds left.\n|\n|t:|1782849793\n|move|p1a: Volbeat|Encore|p2a: Ribombee\n|-start|p2a: Ribombee|Encore\n|move|p2a: Ribombee|Tera Blast|p1a: Volbeat|[anim] Tera Blast Ground\n|-resisted|p1a: Volbeat\n|-damage|p1a: Volbeat|152/263\n|\n|upkeep\n|turn|11\n|inactive|The great gazoo has 120 seconds left.\n|\n|t:|1782849819\n|switch|p2a: Ursaring|Ursaring, L84, F|288/288\n|move|p1a: Volbeat|U-turn|p2a: Ursaring\n|-damage|p2a: Ursaring|234/288\n|\n|t:|1782849823\n|switch|p1a: Passimian|Passimian, L83, F|105/302|[from] U-turn\n|\n|-heal|p1a: Passimian|123/302|[from] item: Leftovers\n|upkeep\n|turn|12\n|\n|t:|1782849828\n|move|p1a: Passimian|Drain Punch|p2a: Ursaring\n|-supereffective|p2a: Ursaring\n|-damage|p2a: Ursaring|90/288\n|-heal|p1a: Passimian|195/302|[from] drain|[of] p2a: Ursaring\n|move|p2a: Ursaring|Body Slam|p1a: Passimian\n|-damage|p1a: Passimian|77/302\n|\n|-heal|p1a: Passimian|95/302|[from] item: Leftovers\n|upkeep\n|turn|13\n|inactive|The great gazoo has 120 seconds left.\n|\n|t:|1782849840\n|move|p1a: Passimian|Drain Punch|p2a: Ursaring\n|-supereffective|p2a: Ursaring\n|-damage|p2a: Ursaring|0 fnt\n|-heal|p1a: Passimian|140/302|[from] drain|[of] p2a: Ursaring\n|faint|p2a: Ursaring\n|\n|-heal|p1a: Passimian|158/302|[from] item: Leftovers\n|upkeep\n|\n|t:|1782849849\n|switch|p2a: Iron Crown|Iron Crown, L78|118/268\n|turn|14\n|\n|t:|1782849867\n|switch|p1a: Gholdengo|Gholdengo, L77|209/261\n|move|p2a: Iron Crown|Psyshock|p1a: Gholdengo\n|-resisted|p1a: Gholdengo\n|-damage|p1a: Gholdengo|161/261\n|\n|-heal|p1a: Gholdengo|177/261|[from] item: Leftovers\n|upkeep\n|turn|15\n|inactive|The great gazoo has 120 seconds left.\n|\n|t:|1782849903\n|move|p2a: Iron Crown|Volt Switch|p1a: Gholdengo\n|-damage|p1a: Gholdengo|118/261\n|\n|t:|1782849916\n|-end|p2a: Iron Crown|Quark Drive|[silent]\n|switch|p2a: Manaphy|Manaphy, L78|88/284|[from] Volt Switch\n|move|p1a: Gholdengo|Shadow Ball|p2a: Manaphy\n|-damage|p2a: Manaphy|3/284\n|\n|-heal|p2a: Manaphy|20/284|[from] item: Leftovers\n|-heal|p1a: Gholdengo|134/261|[from] item: Leftovers\n|upkeep\n|turn|16\n|\n|t:|1782849926\n|move|p2a: Manaphy|Surf|p1a: Gholdengo\n|-damage|p1a: Gholdengo|38/261\n|move|p1a: Gholdengo|Shadow Ball|p2a: Manaphy\n|-damage|p2a: Manaphy|0 fnt\n|faint|p2a: Manaphy\n|\n|-heal|p1a: Gholdengo|54/261|[from] item: Leftovers\n|upkeep\n|\n|t:|1782849933\n|switch|p2a: Iron Crown|Iron Crown, L78|118/268\n|turn|17\n|\n|t:|1782849938\n|switch|p1a: Gastrodon|Gastrodon, L86, F|331/331\n|move|p2a: Iron Crown|Volt Switch|p1a: Gastrodon\n|-immune|p1a: Gastrodon\n|\n|upkeep\n|turn|18\n|\n|t:|1782849942\n|move|p2a: Iron Crown|Psyshock|p1a: Gastrodon\n|-damage|p1a: Gastrodon|222/331\n|move|p1a: Gastrodon|Surf|p2a: Iron Crown\n|-damage|p2a: Iron Crown|25/268\n|\n|-heal|p1a: Gastrodon|242/331|[from] item: Leftovers\n|upkeep\n|turn|19\n|inactive|The great gazoo has 120 seconds left.\n|\n|t:|1782849947\n|move|p2a: Iron Crown|Psyshock|p1a: Gastrodon\n|-damage|p1a: Gastrodon|131/331\n|move|p1a: Gastrodon|Recover|p1a: Gastrodon\n|-heal|p1a: Gastrodon|297/331\n|\n|-heal|p1a: Gastrodon|317/331|[from] item: Leftovers\n|upkeep\n|turn|20\n|inactive|The great gazoo has 120 seconds left.\n|\n|t:|1782849963\n|move|p2a: Iron Crown|Psyshock|p1a: Gastrodon\n|-damage|p1a: Gastrodon|209/331\n|move|p1a: Gastrodon|Surf|p2a: Iron Crown\n|-damage|p2a: Iron Crown|0 fnt\n|faint|p2a: Iron Crown\n|-end|p2a: Iron Crown|Quark Drive|[silent]\n|\n|-heal|p1a: Gastrodon|229/331|[from] item: Leftovers\n|upkeep\n|\n|t:|1782849974\n|switch|p2a: Latias|Latias, L79, F|256/256\n|turn|21\n|\n|t:|1782849983\n|switch|p1a: Volbeat|Volbeat, L90, M|152/263\n|move|p2a: Latias|Draco Meteor|p1a: Volbeat\n|-damage|p1a: Volbeat|0 fnt\n|-unboost|p2a: Latias|spa|2\n|faint|p1a: Volbeat\n|\n|upkeep\n|\n|t:|1782849996\n|switch|p1a: Goodra|Goodra, L85, F|292/292\n|turn|22\n|\n|t:|1782850000\n|switch|p2a: Samurott|Samurott, L88, M|310/310\n|move|p1a: Goodra|Draco Meteor|p2a: Samurott\n|-damage|p2a: Samurott|121/310\n|-unboost|p1a: Goodra|spa|2\n|\n|upkeep\n|turn|23\n|\n|t:|1782850016\n|move|p1a: Goodra|Power Whip|p2a: Samurott\n|-supereffective|p2a: Samurott\n|-damage|p2a: Samurott|0 fnt\n|faint|p2a: Samurott\n|\n|upkeep\n|\n|t:|1782850024\n|switch|p2a: Ribombee|Ribombee, L83, F, tera:Ground|161/235\n|turn|24\n|\n|t:|1782850031\n|move|p2a: Ribombee|Quiver Dance|p2a: Ribombee\n|-boost|p2a: Ribombee|spa|1\n|-boost|p2a: Ribombee|spd|1\n|-boost|p2a: Ribombee|spe|1\n|move|p1a: Goodra|Power Whip|p2a: Ribombee\n|-supereffective|p2a: Ribombee\n|-damage|p2a: Ribombee|0 fnt\n|faint|p2a: Ribombee\n|\n|upkeep\n|\n|t:|1782850037\n|switch|p2a: Latias|Latias, L79, F|256/256\n|turn|25\n|\n|t:|1782850058\n|switch|p1a: Gholdengo|Gholdengo, L77|54/261\n|move|p2a: Latias|Calm Mind|p2a: Latias\n|-boost|p2a: Latias|spa|1\n|-boost|p2a: Latias|spd|1\n|\n|-heal|p1a: Gholdengo|70/261|[from] item: Leftovers\n|upkeep\n|turn|26\n|\n|t:|1782850071\n|move|p2a: Latias|Psyshock|p1a: Gholdengo\n|-resisted|p1a: Gholdengo\n|-damage|p1a: Gholdengo|0 fnt\n|faint|p1a: Gholdengo\n|\n|upkeep\n|\n|t:|1782850079\n|switch|p1a: Goodra|Goodra, L85, F|292/292\n|turn|27\n|inactive|The great gazoo has 120 seconds left.\n|\n|t:|1782850115\n|move|p2a: Latias|Calm Mind|p2a: Latias\n|-boost|p2a: Latias|spa|1\n|-boost|p2a: Latias|spd|1\n|move|p1a: Goodra|Draco Meteor|p2a: Latias\n|-supereffective|p2a: Latias\n|-damage|p2a: Latias|122/256\n|-unboost|p1a: Goodra|spa|2\n|\n|upkeep\n|turn|28\n|inactive|The great gazoo has 120 seconds left.\n|\n|t:|1782850124\n|switch|p1a: Gastrodon|Gastrodon, L86, F|229/331\n|move|p2a: Latias|Recover|p2a: Latias\n|-heal|p2a: Latias|250/256\n|\n|-heal|p1a: Gastrodon|249/331|[from] item: Leftovers\n|upkeep\n|turn|29\n|\n|t:|1782850131\n|move|p2a: Latias|Draco Meteor|p1a: Gastrodon\n|-damage|p1a: Gastrodon|0 fnt\n|-unboost|p2a: Latias|spa|2\n|faint|p1a: Gastrodon\n|\n|upkeep\n|\n|t:|1782850145\n|switch|p1a: Goodra|Goodra, L85, F|292/292\n|turn|30\n|\n|t:|1782850151\n|move|p2a: Latias|Calm Mind|p2a: Latias\n|-boost|p2a: Latias|spa|1\n|-boost|p2a: Latias|spd|1\n|move|p1a: Goodra|Draco Meteor|p2a: Latias\n|-supereffective|p2a: Latias\n|-damage|p2a: Latias|146/256\n|-unboost|p1a: Goodra|spa|2\n|\n|upkeep\n|turn|31\n|\n|t:|1782850161\n|move|p2a: Latias|Recover|p2a: Latias\n|-heal|p2a: Latias|256/256\n|move|p1a: Goodra|Draco Meteor|p2a: Latias\n|-supereffective|p2a: Latias\n|-damage|p2a: Latias|202/256\n|-unboost|p1a: Goodra|spa|2\n|\n|upkeep\n|turn|32\n|\n|t:|1782850172\n|move|p2a: Latias|Calm Mind|p2a: Latias\n|-boost|p2a: Latias|spa|1\n|-boost|p2a: Latias|spd|1\n|move|p1a: Goodra|Draco Meteor|p2a: Latias\n|-supereffective|p2a: Latias\n|-damage|p2a: Latias|172/256\n|-unboost|p1a: Goodra|spa|2\n|\n|upkeep\n|turn|33\n|\n|t:|1782850177\n|move|p2a: Latias|Psyshock|p1a: Goodra\n|-damage|p1a: Goodra|73/292\n|move|p1a: Goodra|Sludge Bomb|p2a: Latias\n|-damage|p2a: Latias|166/256\n|\n|upkeep\n|turn|34\n|\n|t:|1782850185\n|move|p2a: Latias|Recover|p2a: Latias\n|-heal|p2a: Latias|256/256\n|move|p1a: Goodra|Sludge Bomb|p2a: Latias\n|-damage|p2a: Latias|250/256\n|-status|p2a: Latias|psn\n|\n|-damage|p2a: Latias|218/256 psn|[from] psn\n|upkeep\n|turn|35\n|\n|t:|1782850193\n|move|p2a: Latias|Psyshock|p1a: Goodra\n|-damage|p1a: Goodra|0 fnt\n|faint|p1a: Goodra\n|\n|-damage|p2a: Latias|186/256 psn|[from] psn\n|upkeep\n|-message|Obaidelphox forfeited.\n|\n|win|The great gazoo\n|raw|Obaidelphox's rating: 2003 &rarr; <strong>1987</strong><br />(-16 for losing)\n|raw|The great gazoo's rating: 2078 &rarr; <strong>2094</strong><br />(+16 for winning)\n", "inputlog": ">version f8ac14003a5f27e1bdc8d8c59608a773c1cb96e5\n>start {\"formatid\":\"gen9randombattle\",\"seed\":\"sodium,4d4e90eb2ca5df3350d75539b1d28fe8\",\"rated\":\"Rated battle\"}\n>player p1 {\"name\":\"Obaidelphox\",\"avatar\":\"2\",\"rating\":2003,\"seed\":\"sodium,55315c0954253ffa5fcecbb8e629b860\"}\n>player p2 {\"name\":\"The great gazoo\",\"avatar\":\"101\",\"rating\":2078,\"seed\":\"sodium,042d2359da4eab0de1c60eb37416136b\"}\n>p1 move knockoff\n>p2 move tachyoncutter\n>p1 switch 4\n>p2 move tachyoncutter\n>p1 move nastyplot\n>p2 move voltswitch\n>p2 switch 4\n>p1 move shadowball\n>p2 move tailglow\n>p1 switch 5\n>p2 move surf\n>p1 switch 3\n>p2 move energyball\n>p1 move closecombat\n>p2 switch 2\n>p1 switch 5\n>p2 move quiverdance\n>p1 switch 2\n>p2 move terablast terastallize\n>p1 move encore\n>p2 move moonblast\n>p1 move uturn\n>p2 switch 6\n>p1 switch 4\n>p1 move drainpunch\n>p2 move bodyslam\n>p1 move drainpunch\n>p2 move bodyslam\n>p2 switch 4\n>p1 switch 2\n>p2 move psyshock\n>p1 move shadowball\n>p2 move voltswitch\n>p2 switch 2\n>p1 move shadowball\n>p2 move surf\n>p2 switch 2\n>p1 switch 3\n>p2 move voltswitch\n>p1 move surf\n>p2 move psyshock\n>p1 move recover\n>p2 move psyshock\n>p1 move surf\n>p2 move psyshock\n>p2 switch 5\n>p1 switch 4\n>p2 move dracometeor\n>p1 switch 6\n>p1 move dracometeor\n>p2 switch 3\n>p1 move powerwhip\n>p2 move knockoff\n>p2 switch 6\n>p1 move powerwhip\n>p2 move quiverdance\n>p2 switch 3\n>p1 switch 3\n>p2 move calmmind\n>p1 move shadowball\n>p2 move psyshock\n>p1 switch 3\n>p1 move dracometeor\n>p2 move calmmind\n>p1 switch 4\n>p2 move recover\n>p1 move icebeam\n>p2 move dracometeor\n>p1 switch 4\n>p1 move dracometeor\n>p2 move calmmind\n>p1 move dracometeor\n>p2 move recover\n>p1 move dracometeor\n>p2 move calmmind\n>p1 move sludgebomb\n>p2 move psyshock\n>p1 move sludgebomb\n>p2 move recover\n>p1 move dracometeor\n>p2 move psyshock\n>forcelose p1", "uploadtime": 1782850196, "views": 3, "formatid": "gen9randombattle", "rating": 1987, "private": 0, "password": null, "player_dets": [{"name": "Obaidelphox", "avatar": "2", "rating": 2003, "seed": "sodium,55315c0954253ffa5fcecbb8e629b860"}, {"name": "The great gazoo", "avatar": "101", "rating": 2078, "seed": "sodium,042d2359da4eab0de1c60eb37416136b"}], "teams_full": [{"Passimian": {"name": "Passimian", "species": "Passimian", "speciesId": "passimian", "gender": "F", "shiny": false, "level": 83, "moves": ["gunkshot", "bulkup", "knockoff", "drainpunch"], "ability": "Defiant", "evs": {"hp": 85, "atk": 85, "def": 85, "spa": 85, "spd": 85, "spe": 85}, "ivs": {"hp": 31, "atk": 31, "def": 31, "spa": 31, "spd": 31, "spe": 31}, "item": "Leftovers", "teraType": "Poison", "role": "Bulky Setup", "bvs": {"hp": 100, "atk": 120, "def": 90, "spa": 40, "spd": 60, "spe": 80}, "stats": {"hp": 302, "atk": 247, "def": 197, "spa": 114, "spd": 147, "spe": 180}, "types": ["Fighting"]}, "Volbeat": {"name": "Volbeat", "species": "Volbeat", "speciesId": "volbeat", "gender": "M", "shiny": false, "level": 90, "moves": ["thunderwave", "encore", "uturn", "roost"], "ability": "Prankster", "evs": {"hp": 85, "atk": 85, "def": 85, "spa": 85, "spd": 85, "spe": 85}, "ivs": {"hp": 31, "atk": 31, "def": 31, "spa": 31, "spd": 31, "spe": 31}, "item": "Heavy-Duty Boots", "teraType": "Steel", "role": "Bulky Support", "bvs": {"hp": 65, "atk": 73, "def": 75, "spa": 47, "spd": 85, "spe": 85}, "stats": {"hp": 263, "atk": 183, "def": 186, "spa": 136, "spd": 204, "spe": 204}, "types": ["Bug"]}, "Lilligant": {"name": "Lilligant", "species": "Lilligant-Hisui", "speciesId": "lilliganthisui", "gender": "F", "shiny": false, "level": 79, "moves": ["leafblade", "closecombat", "sleeppowder", "victorydance"], "ability": "Hustle", "evs": {"hp": 85, "atk": 85, "def": 85, "spa": 85, "spd": 85, "spe": 85}, "ivs": {"hp": 31, "atk": 31, "def": 31, "spa": 31, "spd": 31, "spe": 31}, "item": "Life Orb", "teraType": "Fighting", "role": "Setup Sweeper", "bvs": {"hp": 70, "atk": 105, "def": 75, "spa": 50, "spd": 75, "spe": 105}, "stats": {"hp": 240, "atk": 211, "def": 164, "spa": 125, "spd": 164, "spe": 211}, "types": ["Grass", "Fighting"]}, "Gholdengo": {"name": "Gholdengo", "species": "Gholdengo", "speciesId": "gholdengo", "gender": "N", "shiny": false, "level": 77, "moves": ["shadowball", "nastyplot", "makeitrain", "focusblast"], "ability": "Good as Gold", "evs": {"hp": 85, "atk": 0, "def": 85, "spa": 85, "spd": 85, "spe": 85}, "ivs": {"hp": 31, "atk": 0, "def": 31, "spa": 31, "spd": 31, "spe": 31}, "item": "Leftovers", "teraType": "Fighting", "role": "Bulky Attacker", "bvs": {"hp": 87, "atk": 60, "def": 95, "spa": 133, "spd": 91, "spe": 84}, "stats": {"hp": 261, "atk": 97, "def": 191, "spa": 249, "spd": 185, "spe": 174}, "types": ["Steel", "Ghost"]}, "Gastrodon": {"name": "Gastrodon", "species": "Gastrodon", "speciesId": "gastrodon", "gender": "F", "shiny": false, "level": 86, "moves": ["recover", "surf", "icebeam", "earthquake"], "ability": "Storm Drain", "evs": {"hp": 85, "atk": 85, "def": 85, "spa": 85, "spd": 85, "spe": 85}, "ivs": {"hp": 31, "atk": 31, "def": 31, "spa": 31, "spd": 31, "spe": 31}, "item": "Leftovers", "teraType": "Steel", "role": "Bulky Attacker", "bvs": {"hp": 111, "atk": 83, "def": 68, "spa": 92, "spd": 82, "spe": 39}, "stats": {"hp": 331, "atk": 192, "def": 166, "spa": 207, "spd": 190, "spe": 116}, "types": ["Water", "Ground"]}, "Goodra": {"name": "Goodra", "species": "Goodra", "speciesId": "goodra", "gender": "F", "shiny": false, "level": 85, "moves": ["sludgebomb", "dracometeor", "powerwhip", "fireblast"], "ability": "Sap Sipper", "evs": {"hp": 85, "atk": 85, "def": 85, "spa": 85, "spd": 85, "spe": 85}, "ivs": {"hp": 31, "atk": 31, "def": 31, "spa": 31, "spd": 31, "spe": 31}, "item": "Assault Vest", "teraType": "Fire", "role": "AV Pivot", "bvs": {"hp": 90, "atk": 100, "def": 70, "spa": 110, "spd": 150, "spe": 80}, "stats": {"hp": 292, "atk": 219, "def": 168, "spa": 236, "spd": 304, "spe": 185}, "types": ["Dragon"]}}, {"Iron Crown": {"name": "Iron Crown", "species": "Iron Crown", "speciesId": "ironcrown", "gender": "N", "shiny": false, "level": 78, "moves": ["tachyoncutter", "focusblast", "voltswitch", "psyshock"], "ability": "Quark Drive", "evs": {"hp": 85, "atk": 0, "def": 85, "spa": 85, "spd": 85, "spe": 85}, "ivs": {"hp": 31, "atk": 0, "def": 31, "spa": 31, "spd": 31, "spe": 31}, "item": "Choice Specs", "teraType": "Fighting", "role": "Wallbreaker", "bvs": {"hp": 90, "atk": 72, "def": 100, "spa": 122, "spd": 108, "spe": 98}, "stats": {"hp": 268, "atk": 117, "def": 201, "spa": 235, "spd": 214, "spe": 198}, "types": ["Steel", "Psychic"]}, "Ribombee": {"name": "Ribombee", "species": "Ribombee", "speciesId": "ribombee", "gender": "F", "shiny": false, "level": 83, "moves": ["terablast", "bugbuzz", "quiverdance", "moonblast"], "ability": "Shield Dust", "evs": {"hp": 85, "atk": 0, "def": 85, "spa": 85, "spd": 85, "spe": 85}, "ivs": {"hp": 31, "atk": 0, "def": 31, "spa": 31, "spd": 31, "spe": 31}, "item": "Heavy-Duty Boots", "teraType": "Ground", "role": "Tera Blast user", "bvs": {"hp": 60, "atk": 55, "def": 60, "spa": 95, "spd": 70, "spe": 124}, "stats": {"hp": 235, "atk": 96, "def": 147, "spa": 205, "spd": 164, "spe": 254}, "types": ["Bug", "Fairy"]}, "Samurott": {"name": "Samurott", "species": "Samurott", "speciesId": "samurott", "gender": "M", "shiny": false, "level": 88, "moves": ["knockoff", "aquajet", "liquidation", "swordsdance"], "ability": "Torrent", "evs": {"hp": 85, "atk": 85, "def": 85, "spa": 85, "spd": 85, "spe": 85}, "ivs": {"hp": 31, "atk": 31, "def": 31, "spa": 31, "spd": 31, "spe": 31}, "item": "Life Orb", "teraType": "Dark", "role": "Setup Sweeper", "bvs": {"hp": 95, "atk": 100, "def": 85, "spa": 108, "spd": 70, "spe": 70}, "stats": {"hp": 310, "atk": 226, "def": 200, "spa": 240, "spd": 173, "spe": 173}, "types": ["Water"]}, "Manaphy": {"name": "Manaphy", "species": "Manaphy", "speciesId": "manaphy", "gender": "N", "shiny": false, "level": 78, "moves": ["icebeam", "energyball", "tailglow", "surf"], "ability": "Hydration", "evs": {"hp": 85, "atk": 0, "def": 85, "spa": 85, "spd": 85, "spe": 85}, "ivs": {"hp": 31, "atk": 0, "def": 31, "spa": 31, "spd": 31, "spe": 31}, "item": "Leftovers", "teraType": "Water", "role": "Bulky Setup", "bvs": {"hp": 100, "atk": 100, "def": 100, "spa": 100, "spd": 100, "spe": 100}, "stats": {"hp": 284, "atk": 161, "def": 201, "spa": 201, "spd": 201, "spe": 201}, "types": ["Water"]}, "Latias": {"name": "Latias", "species": "Latias", "speciesId": "latias", "gender": "F", "shiny": false, "level": 79, "moves": ["psyshock", "recover", "calmmind", "dracometeor"], "ability": "Levitate", "evs": {"hp": 85, "atk": 0, "def": 85, "spa": 85, "spd": 85, "spe": 85}, "ivs": {"hp": 31, "atk": 0, "def": 31, "spa": 31, "spd": 31, "spe": 31}, "item": "Soul Dew", "teraType": "Steel", "role": "Fast Bulky Setup", "bvs": {"hp": 80, "atk": 80, "def": 90, "spa": 110, "spd": 130, "spe": 110}, "stats": {"hp": 256, "atk": 131, "def": 188, "spa": 219, "spd": 251, "spe": 219}, "types": ["Dragon", "Psychic"]}, "Ursaring": {"name": "Ursaring", "species": "Ursaring", "speciesId": "ursaring", "gender": "F", "shiny": false, "level": 84, "moves": ["bodyslam", "earthquake", "sleeptalk", "rest"], "ability": "Guts", "evs": {"hp": 85, "atk": 85, "def": 85, "spa": 85, "spd": 85, "spe": 85}, "ivs": {"hp": 31, "atk": 31, "def": 31, "spa": 31, "spd": 31, "spe": 31}, "item": "Eviolite", "teraType": "Ground", "role": "Bulky Attacker", "bvs": {"hp": 90, "atk": 130, "def": 75, "spa": 75, "spd": 75, "spe": 55}, "stats": {"hp": 288, "atk": 267, "def": 174, "spa": 174, "spd": 174, "spe": 141}, "types": ["Normal"]}}]}