{"id": "gen9randombattle-2642195934", "format": "[Gen 9] Random Battle", "players": ["Azubuike", "jnpr010334"], "log": "|j|\u2606Azubuike\n|j|\u2606jnpr010334\n|t:|1782909112\n|gametype|singles\n|player|p1|Azubuike|170|1850\n|player|p2|jnpr010334|265|1788\n|gen|9\n|tier|[Gen 9] Random Battle\n|rated|\n|rule|Species Clause: Limit one of each Pok\u00e9mon\n|rule|HP Percentage Mod: HP is shown in percentages\n|rule|Sleep Clause Mod: Limit one foe put to sleep\n|rule|Illusion Level Mod: Illusion disguises the Pok\u00e9mon's true level\n|\n|t:|1782909112\n|teamsize|p1|6\n|teamsize|p2|6\n|start\n|switch|p1a: Probopass|Probopass, L91, F|257/257\n|switch|p2a: Mamoswine|Mamoswine, L81, M|311/311\n|turn|1\n|inactive|Battle timer is ON: inactive players will automatically lose when time's up. (requested by jnpr010334)\n|\n|t:|1782909118\n|switch|p1a: Glastrier|Glastrier, L86|311/311\n|-terastallize|p2a: Mamoswine|Ground\n|move|p2a: Mamoswine|Earthquake|p1a: Glastrier\n|-damage|p1a: Glastrier|131/311\n|\n|upkeep\n|turn|2\n|\n|t:|1782909123\n|move|p2a: Mamoswine|Earthquake|p1a: Glastrier\n|-damage|p1a: Glastrier|0 fnt\n|faint|p1a: Glastrier\n|\n|upkeep\n|\n|t:|1782909125\n|switch|p1a: Ninetales|Ninetales-Alola, L78, F|242/242\n|-weather|Snowscape|[from] ability: Snow Warning|[of] p1a: Ninetales\n|turn|3\n|\n|t:|1782909128\n|move|p1a: Ninetales|Aurora Veil|p1a: Ninetales\n|-sidestart|p1: Azubuike|move: Aurora Veil\n|move|p2a: Mamoswine|Earthquake|p1a: Ninetales\n|-damage|p1a: Ninetales|143/242\n|\n|-weather|Snowscape|[upkeep]\n|upkeep\n|turn|4\n|\n|t:|1782909132\n|move|p1a: Ninetales|Moonblast|p2a: Mamoswine\n|-damage|p2a: Mamoswine|209/311\n|move|p2a: Mamoswine|Earthquake|p1a: Ninetales\n|-damage|p1a: Ninetales|43/242\n|\n|-weather|Snowscape|[upkeep]\n|upkeep\n|turn|5\n|\n|t:|1782909136\n|switch|p2a: Regigigas|Regigigas, L84|322/322\n|-start|p2a: Regigigas|ability: Slow Start\n|move|p1a: Ninetales|Blizzard|p2a: Regigigas\n|-damage|p2a: Regigigas|247/322\n|\n|-weather|Snowscape|[upkeep]\n|-heal|p2a: Regigigas|267/322|[from] item: Leftovers\n|upkeep\n|turn|6\n|\n|t:|1782909140\n|switch|p1a: Mudsdale|Mudsdale, L83, F|302/302\n|move|p2a: Regigigas|Body Slam|p1a: Mudsdale\n|-damage|p1a: Mudsdale|272/302\n|-status|p1a: Mudsdale|par\n|-ability|p1a: Mudsdale|Stamina|boost\n|-boost|p1a: Mudsdale|def|1\n|\n|-weather|Snowscape|[upkeep]\n|-heal|p2a: Regigigas|287/322|[from] item: Leftovers\n|-heal|p1a: Mudsdale|290/302 par|[from] item: Leftovers\n|upkeep\n|turn|7\n|\n|t:|1782909146\n|switch|p2a: Yanmega|Yanmega, L82, M|275/275\n|cant|p1a: Mudsdale|par\n|\n|-weather|none\n|-heal|p1a: Mudsdale|302/302 par|[from] item: Leftovers\n|upkeep\n|turn|8\n|\n|t:|1782909152\n|move|p2a: Yanmega|Bug Buzz|p1a: Mudsdale\n|-damage|p1a: Mudsdale|223/302 par\n|-unboost|p1a: Mudsdale|spd|1\n|-ability|p1a: Mudsdale|Stamina|boost\n|-boost|p1a: Mudsdale|def|1\n|cant|p1a: Mudsdale|par\n|\n|-heal|p1a: Mudsdale|241/302 par|[from] item: Leftovers\n|upkeep\n|turn|9\n|c|\u2606Azubuike|Fl\n|c|\u2606Azubuike|fk\n|\n|t:|1782909165\n|move|p2a: Yanmega|Bug Buzz|p1a: Mudsdale\n|-damage|p1a: Mudsdale|119/302 par\n|-ability|p1a: Mudsdale|Stamina|boost\n|-boost|p1a: Mudsdale|def|1\n|move|p1a: Mudsdale|Stealth Rock|p2a: Yanmega\n|-sidestart|p2: jnpr010334|move: Stealth Rock\n|\n|-heal|p1a: Mudsdale|137/302 par|[from] item: Leftovers\n|upkeep\n|turn|10\n|\n|t:|1782909170\n|move|p2a: Yanmega|Bug Buzz|p1a: Mudsdale\n|-damage|p1a: Mudsdale|24/302 par\n|-ability|p1a: Mudsdale|Stamina|boost\n|-boost|p1a: Mudsdale|def|1\n|move|p1a: Mudsdale|Heavy Slam|p2a: Yanmega\n|-damage|p2a: Yanmega|171/275\n|\n|-heal|p1a: Mudsdale|42/302 par|[from] item: Leftovers\n|-sideend|p1: Azubuike|move: Aurora Veil\n|upkeep\n|turn|11\n|\n|t:|1782909174\n|switch|p1a: Charizard|Charizard, L85, F|271/271\n|move|p2a: Yanmega|Bug Buzz|p1a: Charizard\n|-resisted|p1a: Charizard\n|-damage|p1a: Charizard|199/271\n|\n|upkeep\n|turn|12\n|\n|t:|1782909177\n|switch|p2a: Flygon|Flygon, L82, F|265/265\n|-damage|p2a: Flygon|249/265|[from] Stealth Rock\n|move|p1a: Charizard|Will-O-Wisp|p2a: Flygon\n|-status|p2a: Flygon|brn\n|\n|-damage|p2a: Flygon|233/265 brn|[from] brn\n|upkeep\n|turn|13\n|\n|t:|1782909182\n|switch|p1a: Mudsdale|Mudsdale, L83, F|42/302 par\n|move|p2a: Flygon|Stone Edge|p1a: Mudsdale\n|-resisted|p1a: Mudsdale\n|-damage|p1a: Mudsdale|21/302 par\n|-ability|p1a: Mudsdale|Stamina|boost\n|-boost|p1a: Mudsdale|def|1\n|\n|-heal|p1a: Mudsdale|39/302 par|[from] item: Leftovers\n|-damage|p2a: Flygon|217/265 brn|[from] brn\n|upkeep\n|turn|14\n|\n|t:|1782909186\n|switch|p2a: Bombirdier|Bombirdier, L85, F|258/258\n|cant|p1a: Mudsdale|par\n|\n|-heal|p1a: Mudsdale|57/302 par|[from] item: Leftovers\n|upkeep\n|turn|15\n|\n|t:|1782909191\n|move|p2a: Bombirdier|Knock Off|p1a: Mudsdale\n|-damage|p1a: Mudsdale|0 fnt\n|-enditem|p1a: Mudsdale|Leftovers|[from] move: Knock Off|[of] p2a: Bombirdier\n|faint|p1a: Mudsdale\n|\n|upkeep\n|c|\u2606Azubuike|Trash\n|\n|t:|1782909202\n|switch|p1a: Ninetales|Ninetales-Alola, L78, F|43/242\n|-weather|Snowscape|[from] ability: Snow Warning|[of] p1a: Ninetales\n|turn|16\n|\n|t:|1782909208\n|move|p2a: Bombirdier|Sucker Punch||[still]\n|-fail|p2a: Bombirdier\n|move|p1a: Ninetales|Aurora Veil|p1a: Ninetales\n|-sidestart|p1: Azubuike|move: Aurora Veil\n|\n|-weather|Snowscape|[upkeep]\n|upkeep\n|turn|17\n|\n|t:|1782909210\n|move|p1a: Ninetales|Blizzard|p2a: Bombirdier\n|-supereffective|p2a: Bombirdier\n|-damage|p2a: Bombirdier|84/258\n|move|p2a: Bombirdier|Knock Off|p1a: Ninetales\n|-resisted|p1a: Ninetales\n|-damage|p1a: Ninetales|19/242\n|-enditem|p1a: Ninetales|Light Clay|[from] move: Knock Off|[of] p2a: Bombirdier\n|\n|-weather|Snowscape|[upkeep]\n|upkeep\n|turn|18\n|\n|t:|1782909214\n|move|p2a: Bombirdier|Sucker Punch|p1a: Ninetales\n|-resisted|p1a: Ninetales\n|-damage|p1a: Ninetales|2/242\n|move|p1a: Ninetales|Blizzard|p2a: Bombirdier\n|-supereffective|p2a: Bombirdier\n|-damage|p2a: Bombirdier|0 fnt\n|faint|p2a: Bombirdier\n|\n|-weather|Snowscape|[upkeep]\n|upkeep\n|\n|t:|1782909216\n|switch|p2a: Meowstic|Meowstic, L89, M|277/277\n|-damage|p2a: Meowstic|243/277|[from] Stealth Rock\n|turn|19\n|\n|t:|1782909219\n|move|p2a: Meowstic|Light Screen|p2a: Meowstic\n|-sidestart|p2: jnpr010334|move: Light Screen\n|move|p1a: Ninetales|Moonblast|p2a: Meowstic\n|-damage|p2a: Meowstic|204/277\n|\n|-weather|Snowscape|[upkeep]\n|upkeep\n|turn|20\n|\n|t:|1782909222\n|move|p2a: Meowstic|Psychic Noise|p1a: Ninetales\n|-damage|p1a: Ninetales|0 fnt\n|faint|p1a: Ninetales\n|\n|-weather|none\n|upkeep\n|\n|t:|1782909233\n|switch|p1a: Terapagos|Terapagos, L77, M|265/265\n|-activate|p1a: Terapagos|ability: Tera Shift\n|detailschange|p1a: Terapagos|Terapagos-Terastal, L77, M\n|-heal|p1a: Terapagos|273/273|[silent]\n|turn|21\n|\n|t:|1782909236\n|move|p2a: Meowstic|Psychic Noise|p1a: Terapagos\n|-activate|p1a: Terapagos|ability: Tera Shell\n|-resisted|p1a: Terapagos\n|-damage|p1a: Terapagos|255/273\n|-start|p1a: Terapagos|move: Heal Block\n|move|p1a: Terapagos|Calm Mind|p1a: Terapagos\n|-boost|p1a: Terapagos|spa|1\n|-boost|p1a: Terapagos|spd|1\n|\n|upkeep\n|turn|22\n|\n|t:|1782909238\n|move|p2a: Meowstic|Light Screen||[still]\n|-fail|p2a: Meowstic\n|move|p1a: Terapagos|Calm Mind|p1a: Terapagos\n|-boost|p1a: Terapagos|spa|1\n|-boost|p1a: Terapagos|spd|1\n|\n|-end|p1a: Terapagos|move: Heal Block\n|upkeep\n|turn|23\n|\n|t:|1782909241\n|move|p2a: Meowstic|Light Screen||[still]\n|-fail|p2a: Meowstic\n|move|p1a: Terapagos|Tera Starstorm|p2a: Meowstic\n|-damage|p2a: Meowstic|99/277\n|\n|-sideend|p1: Azubuike|move: Aurora Veil\n|upkeep\n|turn|24\n|\n|t:|1782909244\n|move|p2a: Meowstic|Psychic Noise|p1a: Terapagos\n|-damage|p1a: Terapagos|215/273\n|-start|p1a: Terapagos|move: Heal Block\n|move|p1a: Terapagos|Tera Starstorm|p2a: Meowstic\n|-damage|p2a: Meowstic|0 fnt\n|faint|p2a: Meowstic\n|\n|upkeep\n|\n|t:|1782909246\n|switch|p2a: Mamoswine|Mamoswine, L81, M, tera:Ground|209/311\n|-damage|p2a: Mamoswine|190/311|[from] Stealth Rock\n|turn|25\n|\n|t:|1782909251\n|move|p2a: Mamoswine|Earthquake|p1a: Terapagos\n|-damage|p1a: Terapagos|0 fnt\n|faint|p1a: Terapagos\n|\n|upkeep\n|\n|t:|1782909254\n|switch|p1a: Charizard|Charizard, L85, F|199/271\n|turn|26\n|\n|t:|1782909260\n|switch|p2a: Flygon|Flygon, L82, F|217/265 brn\n|-damage|p2a: Flygon|201/265 brn|[from] Stealth Rock\n|move|p1a: Charizard|Flamethrower|p2a: Flygon\n|-resisted|p2a: Flygon\n|-damage|p2a: Flygon|174/265 brn\n|\n|-damage|p2a: Flygon|158/265 brn|[from] brn\n|-sideend|p2: jnpr010334|move: Light Screen\n|upkeep\n|turn|27\n|\n|t:|1782909263\n|move|p1a: Charizard|Hurricane|p2a: Flygon|[miss]\n|-miss|p1a: Charizard|p2a: Flygon\n|move|p2a: Flygon|Stone Edge|p1a: Charizard\n|-supereffective|p1a: Charizard\n|-damage|p1a: Charizard|0 fnt\n|faint|p1a: Charizard\n|\n|-damage|p2a: Flygon|142/265 brn|[from] brn\n|upkeep\n|\n|t:|1782909266\n|switch|p1a: Probopass|Probopass, L91, F|257/257\n|turn|28\n|\n|t:|1782909271\n|switch|p2a: Mamoswine|Mamoswine, L81, M, tera:Ground|190/311\n|-damage|p2a: Mamoswine|171/311|[from] Stealth Rock\n|move|p1a: Probopass|Iron Defense|p1a: Probopass\n|-boost|p1a: Probopass|def|2\n|\n|upkeep\n|turn|29\n|\n|t:|1782909277\n|move|p2a: Mamoswine|Earthquake|p1a: Probopass\n|-supereffective|p1a: Probopass\n|-damage|p1a: Probopass|0 fnt\n|faint|p1a: Probopass\n|\n|win|jnpr010334\n|raw|Azubuike's rating: 1850 &rarr; <strong>1829</strong><br />(-21 for losing)\n|raw|jnpr010334's rating: 1840 &rarr; <strong>1861</strong><br />(+21 for winning)\n", "inputlog": ">version f8ac14003a5f27e1bdc8d8c59608a773c1cb96e5\n>start {\"formatid\":\"gen9randombattle\",\"seed\":\"sodium,9e51fad4537adcea03154383b2baa8fb\",\"rated\":\"Rated battle\"}\n>player p1 {\"name\":\"Azubuike\",\"avatar\":\"170\",\"rating\":1850,\"seed\":\"sodium,6e5e1b45b9685b8d21217de5dd222fd5\"}\n>player p2 {\"name\":\"jnpr010334\",\"avatar\":\"265\",\"rating\":1788,\"seed\":\"sodium,482501de42053c88e575c668c01634a6\"}\n>p1 switch 6\n>p2 move earthquake terastallize\n>p1 move iciclecrash\n>p2 move earthquake\n>p1 switch 3\n>p1 move auroraveil\n>p2 move earthquake\n>p1 move moonblast\n>p2 move earthquake\n>p1 move blizzard\n>p2 switch 6\n>p1 switch 4\n>p2 move bodyslam\n>p1 move stealthrock\n>p2 switch 3\n>p1 move heavyslam\n>p2 move bugbuzz\n>chat \u2606Azubuike|Fl\n>chat \u2606Azubuike|fk\n>p1 move stealthrock\n>p2 move bugbuzz\n>p1 move heavyslam\n>p2 move bugbuzz\n>p1 switch 2\n>p2 move bugbuzz\n>p1 move willowisp\n>p2 switch 5\n>p1 switch 2\n>p2 move stoneedge\n>p1 move heavyslam\n>p2 switch 4\n>p1 move heavyslam\n>p2 move knockoff\n>chat \u2606Azubuike|Trash\n>p1 switch 4\n>p1 move auroraveil\n>p2 move suckerpunch\n>p1 move blizzard\n>p2 move knockoff\n>p1 move blizzard\n>p2 move suckerpunch\n>p2 switch 2\n>p1 move moonblast\n>p2 move lightscreen\n>p1 move blizzard\n>p2 move psychicnoise\n>p1 switch 5\n>p1 move calmmind\n>p2 move psychicnoise\n>p1 move calmmind\n>p2 move lightscreen\n>p1 move terastarstorm\n>p2 move lightscreen\n>p1 move terastarstorm\n>p2 move psychicnoise\n>p2 switch 6\n>p1 move terastarstorm\n>p2 move earthquake\n>p1 switch 2\n>p1 move flamethrower\n>p2 switch 4\n>p1 move hurricane\n>p2 move stoneedge\n>p1 switch 6\n>p1 move irondefense\n>p2 switch 4\n>p1 move irondefense\n>p2 move earthquake", "uploadtime": 1782909277, "views": 2, "formatid": "gen9randombattle", "rating": 1829, "private": 0, "password": null, "player_dets": [{"name": "Azubuike", "avatar": "170", "rating": 1850, "seed": "sodium,6e5e1b45b9685b8d21217de5dd222fd5"}, {"name": "jnpr010334", "avatar": "265", "rating": 1788, "seed": "sodium,482501de42053c88e575c668c01634a6"}], "teams_full": [{"Probopass": {"name": "Probopass", "species": "Probopass", "speciesId": "probopass", "gender": "F", "shiny": false, "level": 91, "moves": ["irondefense", "bodypress", "powergem", "rest"], "ability": "Magnet Pull", "evs": {"hp": 85, "atk": 0, "def": 85, "spa": 85, "spd": 85, "spe": 85}, "ivs": {"hp": 31, "atk": 0, "def": 31, "spa": 31, "spd": 31, "spe": 31}, "item": "Chesto Berry", "teraType": "Fighting", "role": "Bulky Setup", "bvs": {"hp": 60, "atk": 55, "def": 145, "spa": 75, "spd": 150, "spe": 40}, "stats": {"hp": 257, "atk": 105, "def": 316, "spa": 188, "spd": 325, "spe": 125}, "types": ["Rock", "Steel"]}, "Charizard": {"name": "Charizard", "species": "Charizard", "speciesId": "charizard", "gender": "F", "shiny": false, "level": 85, "moves": ["willowisp", "flamethrower", "earthquake", "hurricane"], "ability": "Blaze", "evs": {"hp": 85, "atk": 85, "def": 85, "spa": 85, "spd": 85, "spe": 85}, "ivs": {"hp": 31, "atk": 31, "def": 31, "spa": 31, "spd": 31, "spe": 31}, "item": "Heavy-Duty Boots", "teraType": "Fire", "role": "Fast Attacker", "bvs": {"hp": 78, "atk": 84, "def": 78, "spa": 109, "spd": 85, "spe": 100}, "stats": {"hp": 271, "atk": 192, "def": 181, "spa": 234, "spd": 193, "spe": 219}, "types": ["Fire", "Flying"]}, "Ninetales": {"name": "Ninetales", "species": "Ninetales-Alola", "speciesId": "ninetalesalola", "gender": "F", "shiny": false, "level": 78, "moves": ["auroraveil", "freezedry", "blizzard", "moonblast"], "ability": "Snow Warning", "evs": {"hp": 85, "atk": 0, "def": 85, "spa": 85, "spd": 85, "spe": 85}, "ivs": {"hp": 31, "atk": 0, "def": 31, "spa": 31, "spd": 31, "spe": 31}, "item": "Light Clay", "teraType": "Water", "role": "Fast Attacker", "bvs": {"hp": 73, "atk": 67, "def": 75, "spa": 81, "spd": 100, "spe": 109}, "stats": {"hp": 242, "atk": 109, "def": 162, "spa": 171, "spd": 201, "spe": 215}, "types": ["Ice", "Fairy"]}, "Mudsdale": {"name": "Mudsdale", "species": "Mudsdale", "speciesId": "mudsdale", "gender": "F", "shiny": false, "level": 83, "moves": ["earthquake", "stealthrock", "roar", "heavyslam"], "ability": "Stamina", "evs": {"hp": 85, "atk": 85, "def": 85, "spa": 85, "spd": 85, "spe": 85}, "ivs": {"hp": 31, "atk": 31, "def": 31, "spa": 31, "spd": 31, "spe": 31}, "item": "Leftovers", "teraType": "Steel", "role": "Bulky Attacker", "bvs": {"hp": 100, "atk": 125, "def": 100, "spa": 55, "spd": 85, "spe": 35}, "stats": {"hp": 302, "atk": 255, "def": 214, "spa": 139, "spd": 189, "spe": 106}, "types": ["Ground"]}, "Terapagos": {"name": "Terapagos", "species": "Terapagos", "speciesId": "terapagos", "gender": "M", "shiny": false, "level": 77, "moves": ["terastarstorm", "rest", "calmmind", "earthpower"], "ability": "Tera Shift", "evs": {"hp": 85, "atk": 0, "def": 85, "spa": 85, "spd": 85, "spe": 85}, "ivs": {"hp": 31, "atk": 0, "def": 31, "spa": 31, "spd": 31, "spe": 31}, "item": "Chesto Berry", "teraType": "Stellar", "role": "Fast Bulky Setup", "bvs": {"hp": 90, "atk": 65, "def": 85, "spa": 65, "spd": 85, "spe": 60}, "stats": {"hp": 265, "atk": 105, "def": 175, "spa": 145, "spd": 175, "spe": 137}, "types": ["Normal"]}, "Glastrier": {"name": "Glastrier", "species": "Glastrier", "speciesId": "glastrier", "gender": "N", "shiny": false, "level": 86, "moves": ["highhorsepower", "heavyslam", "iciclecrash", "closecombat"], "ability": "Chilling Neigh", "evs": {"hp": 81, "atk": 85, "def": 85, "spa": 85, "spd": 85, "spe": 85}, "ivs": {"hp": 31, "atk": 31, "def": 31, "spa": 31, "spd": 31, "spe": 31}, "item": "Choice Band", "teraType": "Fighting", "role": "Bulky Attacker", "bvs": {"hp": 100, "atk": 145, "def": 130, "spa": 65, "spd": 110, "spe": 30}, "stats": {"hp": 311, "atk": 299, "def": 273, "spa": 161, "spd": 238, "spe": 101}, "types": ["Ice"]}}, {"Mamoswine": {"name": "Mamoswine", "species": "Mamoswine", "speciesId": "mamoswine", "gender": "M", "shiny": false, "level": 81, "moves": ["iceshard", "iciclecrash", "knockoff", "earthquake"], "ability": "Thick Fat", "evs": {"hp": 85, "atk": 85, "def": 85, "spa": 85, "spd": 85, "spe": 85}, "ivs": {"hp": 31, "atk": 31, "def": 31, "spa": 31, "spd": 31, "spe": 31}, "item": "Choice Band", "teraType": "Ground", "role": "Wallbreaker", "bvs": {"hp": 110, "atk": 130, "def": 80, "spa": 70, "spd": 60, "spe": 80}, "stats": {"hp": 311, "atk": 257, "def": 176, "spa": 160, "spd": 144, "spe": 176}, "types": ["Ice", "Ground"]}, "Meowstic": {"name": "Meowstic", "species": "Meowstic", "speciesId": "meowstic", "gender": "M", "shiny": false, "level": 89, "moves": ["lightscreen", "psychicnoise", "alluringvoice", "reflect"], "ability": "Prankster", "evs": {"hp": 85, "atk": 0, "def": 85, "spa": 85, "spd": 85, "spe": 85}, "ivs": {"hp": 31, "atk": 0, "def": 31, "spa": 31, "spd": 31, "spe": 31}, "item": "Light Clay", "teraType": "Fairy", "role": "Bulky Support", "bvs": {"hp": 74, "atk": 48, "def": 76, "spa": 83, "spd": 81, "spe": 104}, "stats": {"hp": 277, "atk": 90, "def": 186, "spa": 199, "spd": 195, "spe": 236}, "types": ["Psychic"]}, "Yanmega": {"name": "Yanmega", "species": "Yanmega", "speciesId": "yanmega", "gender": "M", "shiny": false, "level": 82, "moves": ["airslash", "uturn", "gigadrain", "bugbuzz"], "ability": "Tinted Lens", "evs": {"hp": 85, "atk": 85, "def": 85, "spa": 85, "spd": 85, "spe": 85}, "ivs": {"hp": 31, "atk": 31, "def": 31, "spa": 31, "spd": 31, "spe": 31}, "item": "Choice Specs", "teraType": "Bug", "role": "Wallbreaker", "bvs": {"hp": 86, "atk": 76, "def": 86, "spa": 116, "spd": 56, "spe": 95}, "stats": {"hp": 275, "atk": 172, "def": 188, "spa": 237, "spd": 139, "spe": 203}, "types": ["Bug", "Flying"]}, "Bombirdier": {"name": "Bombirdier", "species": "Bombirdier", "speciesId": "bombirdier", "gender": "F", "shiny": false, "level": 85, "moves": ["knockoff", "roost", "bravebird", "suckerpunch"], "ability": "Big Pecks", "evs": {"hp": 85, "atk": 85, "def": 85, "spa": 85, "spd": 85, "spe": 85}, "ivs": {"hp": 31, "atk": 31, "def": 31, "spa": 31, "spd": 31, "spe": 31}, "item": "Heavy-Duty Boots", "teraType": "Steel", "role": "Bulky Support", "bvs": {"hp": 70, "atk": 103, "def": 85, "spa": 60, "spd": 85, "spe": 82}, "stats": {"hp": 258, "atk": 224, "def": 193, "spa": 151, "spd": 193, "spe": 188}, "types": ["Flying", "Dark"]}, "Flygon": {"name": "Flygon", "species": "Flygon", "speciesId": "flygon", "gender": "F", "shiny": false, "level": 82, "moves": ["stoneedge", "uturn", "earthquake", "outrage"], "ability": "Levitate", "evs": {"hp": 85, "atk": 85, "def": 85, "spa": 85, "spd": 85, "spe": 85}, "ivs": {"hp": 31, "atk": 31, "def": 31, "spa": 31, "spd": 31, "spe": 31}, "item": "Choice Band", "teraType": "Steel", "role": "Fast Attacker", "bvs": {"hp": 80, "atk": 100, "def": 80, "spa": 80, "spd": 80, "spe": 100}, "stats": {"hp": 265, "atk": 211, "def": 178, "spa": 178, "spd": 178, "spe": 211}, "types": ["Ground", "Dragon"]}, "Regigigas": {"name": "Regigigas", "species": "Regigigas", "speciesId": "regigigas", "gender": "N", "shiny": false, "level": 84, "moves": ["bodyslam", "rest", "sleeptalk", "knockoff"], "ability": "Slow Start", "evs": {"hp": 85, "atk": 85, "def": 85, "spa": 85, "spd": 85, "spe": 85}, "ivs": {"hp": 31, "atk": 31, "def": 31, "spa": 31, "spd": 31, "spe": 31}, "item": "Leftovers", "teraType": "Ghost", "role": "Bulky Support", "bvs": {"hp": 110, "atk": 160, "def": 110, "spa": 80, "spd": 110, "spe": 100}, "stats": {"hp": 322, "atk": 317, "def": 233, "spa": 183, "spd": 233, "spe": 216}, "types": ["Normal"]}}]}