{"id": "gen9randombattle-2642234926", "format": "[Gen 9] Random Battle", "players": ["Anarck", "jnpr010334"], "log": "|j|\u2606Anarck\n|j|\u2606jnpr010334\n|t:|1782914741\n|gametype|singles\n|player|p1|Anarck|depotagent|1978\n|player|p2|jnpr010334|265|1957\n|gen|9\n|tier|[Gen 9] Random Battle\n|rated|\n|rule|Species Clause: Limit one of each Pok\u00e9mon\n|rule|HP Percentage Mod: HP is shown in percentages\n|rule|Sleep Clause Mod: Limit one foe put to sleep\n|rule|Illusion Level Mod: Illusion disguises the Pok\u00e9mon's true level\n|\n|t:|1782914741\n|teamsize|p1|6\n|teamsize|p2|6\n|start\n|switch|p1a: Banette|Banette, L93, F|270/270\n|switch|p2a: Ting-Lu|Ting-Lu, L78|370/370\n|-ability|p2a: Ting-Lu|Vessel of Ruin\n|turn|1\n|inactive|Battle timer is ON: inactive players will automatically lose when time's up. (requested by jnpr010334)\n|inactive|Anarck has 120 seconds left.\n|\n|t:|1782914778\n|switch|p1a: Rillaboom|Rillaboom, L79, M|288/288\n|-fieldstart|move: Grassy Terrain|[from] ability: Grassy Surge|[of] p1a: Rillaboom\n|move|p2a: Ting-Lu|Stealth Rock|p1a: Rillaboom\n|-sidestart|p1: Anarck|move: Stealth Rock\n|\n|upkeep\n|turn|2\n|\n|t:|1782914806\n|switch|p2a: Swalot|Swalot, L90, M|326/326\n|move|p1a: Rillaboom|Wood Hammer|p2a: Swalot\n|-resisted|p2a: Swalot\n|-damage|p2a: Swalot|197/326\n|-damage|p1a: Rillaboom|245/288|[from] Recoil\n|\n|-heal|p1a: Rillaboom|263/288|[from] Grassy Terrain\n|-heal|p2a: Swalot|217/326|[from] Grassy Terrain\n|-heal|p2a: Swalot|237/326|[from] item: Leftovers\n|upkeep\n|turn|3\n|inactive|Anarck has 120 seconds left.\n|\n|t:|1782914829\n|switch|p1a: Sandy Shocks|Sandy Shocks, L80|267/267\n|move|p2a: Swalot|Sludge Bomb|p1a: Sandy Shocks\n|-resisted|p1a: Sandy Shocks\n|-damage|p1a: Sandy Shocks|222/267\n|-status|p1a: Sandy Shocks|psn\n|\n|-heal|p1a: Sandy Shocks|238/267 psn|[from] Grassy Terrain\n|-heal|p2a: Swalot|257/326|[from] Grassy Terrain\n|-heal|p2a: Swalot|277/326|[from] item: Leftovers\n|-damage|p1a: Sandy Shocks|205/267 psn|[from] psn\n|upkeep\n|turn|4\n|inactive|Anarck has 120 seconds left.\n|\n|t:|1782914838\n|switch|p2a: Ting-Lu|Ting-Lu, L78|370/370\n|-ability|p2a: Ting-Lu|Vessel of Ruin\n|move|p1a: Sandy Shocks|Spikes|p2a: Ting-Lu\n|-sidestart|p2: jnpr010334|Spikes\n|\n|-heal|p1a: Sandy Shocks|221/267 psn|[from] Grassy Terrain\n|-damage|p1a: Sandy Shocks|188/267 psn|[from] psn\n|upkeep\n|turn|5\n|\n|t:|1782914842\n|move|p1a: Sandy Shocks|Spikes|p2a: Ting-Lu\n|-sidestart|p2: jnpr010334|Spikes\n|move|p2a: Ting-Lu|Stealth Rock||[still]\n|-fail|p2a: Ting-Lu\n|\n|-heal|p1a: Sandy Shocks|204/267 psn|[from] Grassy Terrain\n|-damage|p1a: Sandy Shocks|171/267 psn|[from] psn\n|-fieldend|move: Grassy Terrain\n|upkeep\n|turn|6\n|\n|t:|1782914861\n|move|p1a: Sandy Shocks|Spikes|p2a: Ting-Lu\n|-sidestart|p2: jnpr010334|Spikes\n|move|p2a: Ting-Lu|Earthquake|p1a: Sandy Shocks\n|-supereffective|p1a: Sandy Shocks\n|-damage|p1a: Sandy Shocks|0 fnt\n|faint|p1a: Sandy Shocks\n|-end|p1a: Sandy Shocks|Protosynthesis|[silent]\n|\n|upkeep\n|inactive|Anarck has 120 seconds left.\n|\n|t:|1782914875\n|switch|p1a: Rillaboom|Rillaboom, L79, M|263/288\n|-damage|p1a: Rillaboom|227/288|[from] Stealth Rock\n|-fieldstart|move: Grassy Terrain|[from] ability: Grassy Surge|[of] p1a: Rillaboom\n|turn|7\n|\n|t:|1782914878\n|switch|p2a: Swalot|Swalot, L90, M|277/326\n|-damage|p2a: Swalot|196/326|[from] Spikes\n|move|p1a: Rillaboom|Wood Hammer|p2a: Swalot\n|-resisted|p2a: Swalot\n|-damage|p2a: Swalot|77/326\n|-damage|p1a: Rillaboom|188/288|[from] Recoil\n|\n|-heal|p1a: Rillaboom|206/288|[from] Grassy Terrain\n|-heal|p2a: Swalot|97/326|[from] Grassy Terrain\n|-heal|p2a: Swalot|117/326|[from] item: Leftovers\n|upkeep\n|turn|8\n|\n|t:|1782914882\n|move|p1a: Rillaboom|Wood Hammer|p2a: Swalot\n|-resisted|p2a: Swalot\n|-damage|p2a: Swalot|0 fnt\n|faint|p2a: Swalot\n|-damage|p1a: Rillaboom|167/288|[from] Recoil\n|\n|-heal|p1a: Rillaboom|185/288|[from] Grassy Terrain\n|upkeep\n|\n|t:|1782914885\n|switch|p2a: Sneasler|Sneasler, L74, M|240/240\n|-damage|p2a: Sneasler|180/240|[from] Spikes\n|turn|9\n|\n|t:|1782914895\n|switch|p1a: Arceus|Arceus-Steel, L70|284/284\n|-damage|p1a: Arceus|267/284|[from] Stealth Rock\n|move|p2a: Sneasler|Dire Claw|p1a: Arceus\n|-immune|p1a: Arceus\n|\n|-heal|p2a: Sneasler|195/240|[from] Grassy Terrain\n|-heal|p1a: Arceus|284/284|[from] Grassy Terrain\n|upkeep\n|turn|10\n|\n|t:|1782914903\n|switch|p1a: Gliscor|Gliscor, L76, M|239/239\n|-damage|p1a: Gliscor|210/239|[from] Stealth Rock\n|-terastallize|p2a: Sneasler|Flying\n|move|p2a: Sneasler|Close Combat|p1a: Gliscor\n|-resisted|p1a: Gliscor\n|-damage|p1a: Gliscor|159/239\n|-unboost|p2a: Sneasler|def|1\n|-unboost|p2a: Sneasler|spd|1\n|-enditem|p2a: Sneasler|White Herb\n|-clearnegativeboost|p2a: Sneasler|[silent]\n|\n|-status|p1a: Gliscor|tox|[from] item: Toxic Orb\n|upkeep\n|turn|11\n|\n|t:|1782914922\n|move|p2a: Sneasler|Swords Dance|p2a: Sneasler\n|-boost|p2a: Sneasler|atk|2\n|move|p1a: Gliscor|Knock Off|p2a: Sneasler\n|-damage|p2a: Sneasler|141/240\n|\n|-heal|p1a: Gliscor|188/239 tox|[from] ability: Poison Heal\n|-fieldend|move: Grassy Terrain\n|upkeep\n|turn|12\n|\n|t:|1782914933\n|move|p1a: Gliscor|Protect|p1a: Gliscor\n|-singleturn|p1a: Gliscor|Protect\n|move|p2a: Sneasler|Acrobatics|p1a: Gliscor\n|-activate|p1a: Gliscor|move: Protect\n|\n|-heal|p1a: Gliscor|217/239 tox|[from] ability: Poison Heal\n|upkeep\n|turn|13\n|\n|t:|1782914942\n|move|p1a: Gliscor|Protect||[still]\n|-fail|p1a: Gliscor\n|move|p2a: Sneasler|Acrobatics|p1a: Gliscor\n|-crit|p1a: Gliscor\n|-damage|p1a: Gliscor|0 fnt\n|faint|p1a: Gliscor\n|\n|upkeep\n|inactive|Anarck has 120 seconds left.\n|\n|t:|1782914983\n|switch|p1a: Banette|Banette, L93, F|270/270\n|-damage|p1a: Banette|237/270|[from] Stealth Rock\n|turn|14\n|\n|t:|1782914988\n|move|p1a: Banette|Shadow Sneak|p2a: Sneasler\n|-damage|p2a: Sneasler|23/240\n|-damage|p1a: Banette|210/270|[from] item: Life Orb\n|move|p2a: Sneasler|Acrobatics|p1a: Banette\n|-damage|p1a: Banette|0 fnt\n|faint|p1a: Banette\n|\n|upkeep\n|\n|t:|1782914990\n|switch|p1a: Rillaboom|Rillaboom, L79, M|185/288\n|-damage|p1a: Rillaboom|149/288|[from] Stealth Rock\n|-fieldstart|move: Grassy Terrain|[from] ability: Grassy Surge|[of] p1a: Rillaboom\n|turn|15\n|\n|t:|1782914994\n|move|p1a: Rillaboom|Grassy Glide|p2a: Sneasler\n|-resisted|p2a: Sneasler\n|-damage|p2a: Sneasler|0 fnt\n|faint|p2a: Sneasler\n|\n|-heal|p1a: Rillaboom|167/288|[from] Grassy Terrain\n|upkeep\n|\n|t:|1782914998\n|switch|p2a: Dialga|Dialga, L73|266/266\n|-damage|p2a: Dialga|200/266|[from] Spikes\n|-ability|p2a: Dialga|Pressure\n|turn|16\n|\n|t:|1782915007\n|switch|p1a: Arceus|Arceus-Steel, L70|284/284\n|-damage|p1a: Arceus|267/284|[from] Stealth Rock\n|move|p2a: Dialga|Thunder Wave|p1a: Arceus\n|-status|p1a: Arceus|par\n|\n|-heal|p2a: Dialga|216/266|[from] Grassy Terrain\n|-heal|p2a: Dialga|232/266|[from] item: Leftovers\n|-heal|p1a: Arceus|284/284 par|[from] Grassy Terrain\n|upkeep\n|turn|17\n|\n|t:|1782915018\n|switch|p2a: Groudon|Groudon, L72|263/263\n|-damage|p2a: Groudon|198/263|[from] Spikes\n|-weather|SunnyDay|[from] ability: Drought|[of] p2a: Groudon\n|move|p1a: Arceus|Calm Mind|p1a: Arceus\n|-boost|p1a: Arceus|spa|1\n|-boost|p1a: Arceus|spd|1\n|\n|-weather|SunnyDay|[upkeep]\n|-heal|p2a: Groudon|214/263|[from] Grassy Terrain\n|-heal|p2a: Groudon|230/263|[from] item: Leftovers\n|upkeep\n|turn|18\n|\n|t:|1782915023\n|move|p2a: Groudon|Swords Dance|p2a: Groudon\n|-boost|p2a: Groudon|atk|2\n|move|p1a: Arceus|Judgment|p2a: Groudon\n|-damage|p2a: Groudon|31/263\n|\n|-weather|SunnyDay|[upkeep]\n|-heal|p2a: Groudon|47/263|[from] Grassy Terrain\n|-heal|p2a: Groudon|63/263|[from] item: Leftovers\n|upkeep\n|turn|19\n|\n|t:|1782915047\n|switch|p1a: Oranguru|Oranguru, L92, M|315/315\n|-damage|p1a: Oranguru|276/315|[from] Stealth Rock\n|move|p2a: Groudon|Precipice Blades|p1a: Oranguru\n|-damage|p1a: Oranguru|21/315\n|\n|-weather|SunnyDay|[upkeep]\n|-heal|p2a: Groudon|79/263|[from] Grassy Terrain\n|-heal|p2a: Groudon|95/263|[from] item: Leftovers\n|-heal|p1a: Oranguru|40/315|[from] Grassy Terrain\n|-heal|p1a: Oranguru|59/315|[from] item: Leftovers\n|-fieldend|move: Grassy Terrain\n|upkeep\n|turn|20\n|\n|t:|1782915052\n|move|p2a: Groudon|Heat Crash|p1a: Oranguru\n|-damage|p1a: Oranguru|0 fnt\n|faint|p1a: Oranguru\n|\n|-weather|SunnyDay|[upkeep]\n|-heal|p2a: Groudon|111/263|[from] item: Leftovers\n|upkeep\n|\n|t:|1782915054\n|switch|p1a: Rillaboom|Rillaboom, L79, M|167/288\n|-damage|p1a: Rillaboom|131/288|[from] Stealth Rock\n|-fieldstart|move: Grassy Terrain|[from] ability: Grassy Surge|[of] p1a: Rillaboom\n|turn|21\n|\n|t:|1782915058\n|move|p1a: Rillaboom|Wood Hammer|p2a: Groudon\n|-supereffective|p2a: Groudon\n|-damage|p2a: Groudon|0 fnt\n|faint|p2a: Groudon\n|-damage|p1a: Rillaboom|94/288|[from] Recoil\n|\n|-weather|none\n|-heal|p1a: Rillaboom|112/288|[from] Grassy Terrain\n|upkeep\n|\n|t:|1782915060\n|switch|p2a: Dialga|Dialga, L73|232/266\n|-damage|p2a: Dialga|166/266|[from] Spikes\n|-ability|p2a: Dialga|Pressure\n|turn|22\n|\n|t:|1782915062\n|switch|p1a: Arceus|Arceus-Steel, L70|284/284 par\n|-damage|p1a: Arceus|267/284 par|[from] Stealth Rock\n|move|p2a: Dialga|Heavy Slam|p1a: Arceus\n|-resisted|p1a: Arceus\n|-damage|p1a: Arceus|240/284 par\n|\n|-heal|p2a: Dialga|182/266|[from] Grassy Terrain\n|-heal|p2a: Dialga|198/266|[from] item: Leftovers\n|-heal|p1a: Arceus|257/284 par|[from] Grassy Terrain\n|upkeep\n|turn|23\n|\n|t:|1782915068\n|move|p2a: Dialga|Draco Meteor|p1a: Arceus\n|-resisted|p1a: Arceus\n|-damage|p1a: Arceus|184/284 par\n|-unboost|p2a: Dialga|spa|2\n|move|p1a: Arceus|Calm Mind|p1a: Arceus\n|-boost|p1a: Arceus|spa|1\n|-boost|p1a: Arceus|spd|1\n|\n|-heal|p2a: Dialga|214/266|[from] Grassy Terrain\n|-heal|p2a: Dialga|230/266|[from] item: Leftovers\n|-heal|p1a: Arceus|201/284 par|[from] Grassy Terrain\n|upkeep\n|turn|24\n|\n|t:|1782915074\n|switch|p2a: Ting-Lu|Ting-Lu, L78|370/370\n|-damage|p2a: Ting-Lu|278/370|[from] Spikes\n|-ability|p2a: Ting-Lu|Vessel of Ruin\n|move|p1a: Arceus|Judgment|p2a: Ting-Lu\n|-damage|p2a: Ting-Lu|149/370\n|\n|-heal|p2a: Ting-Lu|172/370|[from] Grassy Terrain\n|-heal|p2a: Ting-Lu|195/370|[from] item: Leftovers\n|-heal|p1a: Arceus|218/284 par|[from] Grassy Terrain\n|upkeep\n|turn|25\n|\n|t:|1782915089\n|move|p2a: Ting-Lu|Ruination|p1a: Arceus\n|-damage|p1a: Arceus|109/284 par\n|move|p1a: Arceus|Judgment|p2a: Ting-Lu\n|-damage|p2a: Ting-Lu|60/370\n|\n|-heal|p2a: Ting-Lu|83/370|[from] Grassy Terrain\n|-heal|p2a: Ting-Lu|106/370|[from] item: Leftovers\n|-heal|p1a: Arceus|126/284 par|[from] Grassy Terrain\n|-fieldend|move: Grassy Terrain\n|upkeep\n|turn|26\n|\n|t:|1782915095\n|switch|p1a: Rillaboom|Rillaboom, L79, M|112/288\n|-damage|p1a: Rillaboom|76/288|[from] Stealth Rock\n|-fieldstart|move: Grassy Terrain|[from] ability: Grassy Surge|[of] p1a: Rillaboom\n|move|p2a: Ting-Lu|Earthquake|p1a: Rillaboom\n|-resisted|p1a: Rillaboom\n|-damage|p1a: Rillaboom|50/288\n|\n|-heal|p1a: Rillaboom|68/288|[from] Grassy Terrain\n|-heal|p2a: Ting-Lu|129/370|[from] Grassy Terrain\n|-heal|p2a: Ting-Lu|152/370|[from] item: Leftovers\n|upkeep\n|turn|27\n|\n|t:|1782915103\n|switch|p2a: Brute Bonnet|Brute Bonnet, L80|309/309\n|-damage|p2a: Brute Bonnet|232/309|[from] Spikes\n|move|p1a: Rillaboom|Wood Hammer|p2a: Brute Bonnet\n|-resisted|p2a: Brute Bonnet\n|-damage|p2a: Brute Bonnet|104/309\n|-damage|p1a: Rillaboom|26/288|[from] Recoil\n|\n|-heal|p1a: Rillaboom|44/288|[from] Grassy Terrain\n|-heal|p2a: Brute Bonnet|123/309|[from] Grassy Terrain\n|-heal|p2a: Brute Bonnet|142/309|[from] item: Leftovers\n|upkeep\n|turn|28\n|\n|t:|1782915112\n|move|p2a: Brute Bonnet|Sucker Punch|p1a: Rillaboom\n|-damage|p1a: Rillaboom|0 fnt\n|faint|p1a: Rillaboom\n|\n|-heal|p2a: Brute Bonnet|161/309|[from] Grassy Terrain\n|-heal|p2a: Brute Bonnet|180/309|[from] item: Leftovers\n|upkeep\n|\n|t:|1782915113\n|switch|p1a: Arceus|Arceus-Steel, L70|126/284 par\n|-damage|p1a: Arceus|109/284 par|[from] Stealth Rock\n|turn|29\n|\n|t:|1782915119\n|move|p2a: Brute Bonnet|Crunch|p1a: Arceus\n|-damage|p1a: Arceus|22/284 par\n|move|p1a: Arceus|Recover|p1a: Arceus\n|-heal|p1a: Arceus|164/284 par\n|\n|-heal|p2a: Brute Bonnet|199/309|[from] Grassy Terrain\n|-heal|p2a: Brute Bonnet|218/309|[from] item: Leftovers\n|-heal|p1a: Arceus|181/284 par|[from] Grassy Terrain\n|upkeep\n|turn|30\n|\n|t:|1782915123\n|move|p2a: Brute Bonnet|Close Combat|p1a: Arceus\n|-supereffective|p1a: Arceus\n|-damage|p1a: Arceus|11/284 par\n|-unboost|p2a: Brute Bonnet|def|1\n|-unboost|p2a: Brute Bonnet|spd|1\n|move|p1a: Arceus|Recover|p1a: Arceus\n|-heal|p1a: Arceus|153/284 par\n|\n|-heal|p2a: Brute Bonnet|237/309|[from] Grassy Terrain\n|-heal|p2a: Brute Bonnet|256/309|[from] item: Leftovers\n|-heal|p1a: Arceus|170/284 par|[from] Grassy Terrain\n|-fieldend|move: Grassy Terrain\n|upkeep\n|turn|31\n|\n|t:|1782915130\n|-terastallize|p1a: Arceus|Ghost\n|move|p2a: Brute Bonnet|Close Combat|p1a: Arceus\n|-immune|p1a: Arceus\n|move|p1a: Arceus|Recover|p1a: Arceus\n|-heal|p1a: Arceus|284/284 par\n|\n|-heal|p2a: Brute Bonnet|275/309|[from] item: Leftovers\n|upkeep\n|turn|32\n|\n|t:|1782915137\n|move|p2a: Brute Bonnet|Crunch|p1a: Arceus\n|-supereffective|p1a: Arceus\n|-damage|p1a: Arceus|98/284 par\n|cant|p1a: Arceus|par\n|\n|-heal|p2a: Brute Bonnet|294/309|[from] item: Leftovers\n|upkeep\n|turn|33\n|\n|t:|1782915140\n|move|p2a: Brute Bonnet|Crunch|p1a: Arceus\n|-supereffective|p1a: Arceus\n|-damage|p1a: Arceus|0 fnt\n|faint|p1a: Arceus\n|\n|win|jnpr010334\n|raw|Anarck's rating: 1978 &rarr; <strong>1953</strong><br />(-25 for losing)\n|raw|jnpr010334's rating: 1880 &rarr; <strong>1905</strong><br />(+25 for winning)\n", "inputlog": ">version f8ac14003a5f27e1bdc8d8c59608a773c1cb96e5\n>start {\"formatid\":\"gen9randombattle\",\"seed\":\"sodium,6971b9f77e44ff66d2f6e94589e9e80b\",\"rated\":\"Rated battle\"}\n>player p1 {\"name\":\"Anarck\",\"avatar\":\"depotagent\",\"rating\":1978,\"seed\":\"sodium,db05a4beb25ad94b2ebee99bce14babf\"}\n>player p2 {\"name\":\"jnpr010334\",\"avatar\":\"265\",\"rating\":1957,\"seed\":\"sodium,4dd0e3ff2599c380506509f017d2ff3c\"}\n>p1 switch 4\n>p2 move stealthrock\n>p1 move woodhammer\n>p2 switch 3\n>p1 switch 3\n>p2 move sludgebomb\n>p1 move spikes\n>p2 switch 3\n>p1 move spikes\n>p2 move stealthrock\n>p1 move spikes\n>p2 move earthquake\n>p1 switch 3\n>p1 move woodhammer\n>p2 switch 3\n>p1 move woodhammer\n>p2 move sludgebomb\n>p2 switch 2\n>p1 switch 6\n>p2 move direclaw\n>p1 switch 5\n>p2 move closecombat terastallize\n>p1 move knockoff\n>p2 move swordsdance\n>p1 move protect\n>p2 move acrobatics\n>p1 move protect\n>p2 move acrobatics\n>p1 switch 4\n>p1 move shadowsneak\n>p2 move acrobatics\n>p1 switch 6\n>p1 move grassyglide\n>p2 move closecombat\n>p2 switch 6\n>p1 switch 5\n>p2 move thunderwave\n>p1 move calmmind\n>p2 switch 4\n>p1 move judgment\n>p2 move swordsdance\n>p1 switch 2\n>p2 move precipiceblades\n>p1 move psychic\n>p2 move heatcrash\n>p1 switch 5\n>p1 move woodhammer\n>p2 move heatcrash\n>p2 switch 4\n>p1 switch 2\n>p2 move heavyslam\n>p1 move calmmind\n>p2 move dracometeor\n>p1 move judgment\n>p2 switch 3\n>p1 move judgment\n>p2 move ruination\n>p1 switch 2\n>p2 move earthquake\n>p1 move woodhammer\n>p2 switch 5\n>p1 move woodhammer\n>p2 move suckerpunch\n>p1 switch 2\n>p1 move recover\n>p2 move crunch\n>p1 move recover\n>p2 move closecombat\n>p1 move recover terastallize\n>p2 move closecombat\n>p1 move judgment\n>p2 move crunch\n>p1 move judgment\n>p2 move crunch", "uploadtime": 1782915140, "views": 3, "formatid": "gen9randombattle", "rating": 1905, "private": 0, "password": null, "player_dets": [{"name": "Anarck", "avatar": "depotagent", "rating": 1978, "seed": "sodium,db05a4beb25ad94b2ebee99bce14babf"}, {"name": "jnpr010334", "avatar": "265", "rating": 1957, "seed": "sodium,4dd0e3ff2599c380506509f017d2ff3c"}], "teams_full": [{"Banette": {"name": "Banette", "species": "Banette", "speciesId": "banette", "gender": "F", "shiny": false, "level": 93, "moves": ["gunkshot", "shadowsneak", "thunderwave", "poltergeist"], "ability": "Insomnia", "evs": {"hp": 85, "atk": 85, "def": 85, "spa": 85, "spd": 85, "spe": 85}, "ivs": {"hp": 31, "atk": 31, "def": 31, "spa": 31, "spd": 31, "spe": 31}, "item": "Life Orb", "teraType": "Poison", "role": "Wallbreaker", "bvs": {"hp": 64, "atk": 115, "def": 65, "spa": 83, "spd": 63, "spe": 65}, "stats": {"hp": 270, "atk": 267, "def": 174, "spa": 207, "spd": 170, "spe": 174}, "types": ["Ghost"]}, "Oranguru": {"name": "Oranguru", "species": "Oranguru", "speciesId": "oranguru", "gender": "M", "shiny": false, "level": 92, "moves": ["focusblast", "nastyplot", "thunderbolt", "psychic"], "ability": "Inner Focus", "evs": {"hp": 85, "atk": 0, "def": 85, "spa": 85, "spd": 85, "spe": 85}, "ivs": {"hp": 31, "atk": 0, "def": 31, "spa": 31, "spd": 31, "spe": 31}, "item": "Leftovers", "teraType": "Psychic", "role": "Bulky Attacker", "bvs": {"hp": 90, "atk": 60, "def": 80, "spa": 90, "spd": 110, "spe": 60}, "stats": {"hp": 315, "atk": 115, "def": 200, "spa": 218, "spd": 255, "spe": 163}, "types": ["Normal", "Psychic"]}, "Sandy Shocks": {"name": "Sandy Shocks", "species": "Sandy Shocks", "speciesId": "sandyshocks", "gender": "N", "shiny": false, "level": 80, "moves": ["spikes", "thunderbolt", "earthpower", "voltswitch"], "ability": "Protosynthesis", "evs": {"hp": 85, "atk": 0, "def": 85, "spa": 85, "spd": 85, "spe": 85}, "ivs": {"hp": 31, "atk": 0, "def": 31, "spa": 31, "spd": 31, "spe": 31}, "item": "Heavy-Duty Boots", "teraType": "Ground", "role": "Fast Support", "bvs": {"hp": 85, "atk": 81, "def": 97, "spa": 121, "spd": 85, "spe": 101}, "stats": {"hp": 267, "atk": 134, "def": 201, "spa": 240, "spd": 182, "spe": 208}, "types": ["Electric", "Ground"]}, "Rillaboom": {"name": "Rillaboom", "species": "Rillaboom", "speciesId": "rillaboom", "gender": "M", "shiny": false, "level": 79, "moves": ["knockoff", "uturn", "grassyglide", "woodhammer"], "ability": "Grassy Surge", "evs": {"hp": 85, "atk": 85, "def": 85, "spa": 85, "spd": 85, "spe": 85}, "ivs": {"hp": 31, "atk": 31, "def": 31, "spa": 31, "spd": 31, "spe": 31}, "item": "Choice Band", "teraType": "Grass", "role": "Wallbreaker", "bvs": {"hp": 100, "atk": 125, "def": 90, "spa": 60, "spd": 70, "spe": 85}, "stats": {"hp": 288, "atk": 243, "def": 188, "spa": 140, "spd": 156, "spe": 180}, "types": ["Grass"]}, "Gliscor": {"name": "Gliscor", "species": "Gliscor", "speciesId": "gliscor", "gender": "M", "shiny": false, "level": 76, "moves": ["knockoff", "protect", "toxicspikes", "earthquake"], "ability": "Poison Heal", "evs": {"hp": 85, "atk": 85, "def": 85, "spa": 85, "spd": 85, "spe": 85}, "ivs": {"hp": 31, "atk": 31, "def": 31, "spa": 31, "spd": 31, "spe": 31}, "item": "Toxic Orb", "teraType": "Water", "role": "Bulky Support", "bvs": {"hp": 75, "atk": 95, "def": 125, "spa": 45, "spd": 75, "spe": 95}, "stats": {"hp": 239, "atk": 188, "def": 234, "spa": 112, "spd": 158, "spe": 188}, "types": ["Ground", "Flying"]}, "Arceus": {"name": "Arceus", "species": "Arceus-Steel", "speciesId": "arceussteel", "gender": "N", "shiny": false, "level": 70, "moves": ["earthpower", "recover", "calmmind", "judgment"], "ability": "Multitype", "evs": {"hp": 85, "atk": 0, "def": 85, "spa": 85, "spd": 85, "spe": 85}, "ivs": {"hp": 31, "atk": 0, "def": 31, "spa": 31, "spd": 31, "spe": 31}, "item": "Iron Plate", "teraType": "Ghost", "role": "Bulky Setup", "bvs": {"hp": 120, "atk": 120, "def": 120, "spa": 120, "spd": 120, "spe": 120}, "stats": {"hp": 284, "atk": 173, "def": 209, "spa": 209, "spd": 209, "spe": 209}, "types": ["Steel"]}}, {"Ting-Lu": {"name": "Ting-Lu", "species": "Ting-Lu", "speciesId": "tinglu", "gender": "N", "shiny": false, "level": 78, "moves": ["ruination", "earthquake", "payback", "stealthrock"], "ability": "Vessel of Ruin", "evs": {"hp": 85, "atk": 85, "def": 85, "spa": 85, "spd": 85, "spe": 85}, "ivs": {"hp": 31, "atk": 31, "def": 31, "spa": 31, "spd": 31, "spe": 31}, "item": "Leftovers", "teraType": "Poison", "role": "Bulky Attacker", "bvs": {"hp": 155, "atk": 110, "def": 125, "spa": 55, "spd": 80, "spe": 45}, "stats": {"hp": 370, "atk": 217, "def": 240, "spa": 131, "spd": 170, "spe": 115}, "types": ["Dark", "Ground"]}, "Sneasler": {"name": "Sneasler", "species": "Sneasler", "speciesId": "sneasler", "gender": "M", "shiny": false, "level": 74, "moves": ["direclaw", "closecombat", "acrobatics", "swordsdance"], "ability": "Unburden", "evs": {"hp": 85, "atk": 85, "def": 85, "spa": 85, "spd": 85, "spe": 85}, "ivs": {"hp": 31, "atk": 31, "def": 31, "spa": 31, "spd": 31, "spe": 31}, "item": "White Herb", "teraType": "Flying", "role": "Setup Sweeper", "bvs": {"hp": 80, "atk": 130, "def": 60, "spa": 40, "spd": 80, "spe": 120}, "stats": {"hp": 240, "atk": 235, "def": 132, "spa": 102, "spd": 161, "spe": 221}, "types": ["Fighting", "Poison"]}, "Swalot": {"name": "Swalot", "species": "Swalot", "speciesId": "swalot", "gender": "M", "shiny": false, "level": 90, "moves": ["sludgebomb", "encore", "earthquake", "knockoff"], "ability": "Liquid Ooze", "evs": {"hp": 85, "atk": 85, "def": 85, "spa": 85, "spd": 85, "spe": 85}, "ivs": {"hp": 31, "atk": 31, "def": 31, "spa": 31, "spd": 31, "spe": 31}, "item": "Leftovers", "teraType": "Dark", "role": "Bulky Attacker", "bvs": {"hp": 100, "atk": 73, "def": 83, "spa": 73, "spd": 83, "spe": 55}, "stats": {"hp": 326, "atk": 183, "def": 201, "spa": 183, "spd": 201, "spe": 150}, "types": ["Poison"]}, "Groudon": {"name": "Groudon", "species": "Groudon", "speciesId": "groudon", "gender": "N", "shiny": false, "level": 72, "moves": ["precipiceblades", "thunderwave", "heatcrash", "swordsdance"], "ability": "Drought", "evs": {"hp": 85, "atk": 85, "def": 85, "spa": 85, "spd": 85, "spe": 85}, "ivs": {"hp": 31, "atk": 31, "def": 31, "spa": 31, "spd": 31, "spe": 31}, "item": "Leftovers", "teraType": "Fire", "role": "Bulky Setup", "bvs": {"hp": 100, "atk": 150, "def": 140, "spa": 100, "spd": 90, "spe": 90}, "stats": {"hp": 263, "atk": 258, "def": 244, "spa": 186, "spd": 172, "spe": 172}, "types": ["Ground"]}, "Brute Bonnet": {"name": "Brute Bonnet", "species": "Brute Bonnet", "speciesId": "brutebonnet", "gender": "N", "shiny": false, "level": 80, "moves": ["spore", "crunch", "suckerpunch", "closecombat"], "ability": "Protosynthesis", "evs": {"hp": 85, "atk": 85, "def": 85, "spa": 85, "spd": 85, "spe": 85}, "ivs": {"hp": 31, "atk": 31, "def": 31, "spa": 31, "spd": 31, "spe": 31}, "item": "Leftovers", "teraType": "Fighting", "role": "Bulky Attacker", "bvs": {"hp": 111, "atk": 127, "def": 99, "spa": 79, "spd": 99, "spe": 55}, "stats": {"hp": 309, "atk": 249, "def": 205, "spa": 173, "spd": 205, "spe": 134}, "types": ["Grass", "Dark"]}, "Dialga": {"name": "Dialga", "species": "Dialga", "speciesId": "dialga", "gender": "N", "shiny": false, "level": 73, "moves": ["dracometeor", "heavyslam", "fireblast", "thunderwave"], "ability": "Pressure", "evs": {"hp": 85, "atk": 85, "def": 85, "spa": 85, "spd": 85, "spe": 85}, "ivs": {"hp": 31, "atk": 31, "def": 31, "spa": 31, "spd": 31, "spe": 31}, "item": "Leftovers", "teraType": "Dragon", "role": "Bulky Attacker", "bvs": {"hp": 100, "atk": 120, "def": 120, "spa": 150, "spd": 100, "spe": 90}, "stats": {"hp": 266, "atk": 218, "def": 218, "spa": 261, "spd": 188, "spe": 174}, "types": ["Steel", "Dragon"]}}]}