{"id": "gen9randombattle-2642175871", "format": "[Gen 9] Random Battle", "players": ["patrol_404", "jnpr010334"], "log": "|j|\u2606patrol_404\n|j|\u2606jnpr010334\n|t:|1782905722\n|gametype|singles\n|player|p1|patrol_404|265|1764\n|player|p2|jnpr010334|265|1753\n|gen|9\n|tier|[Gen 9] Random Battle\n|rated|\n|rule|Species Clause: Limit one of each Pok\u00e9mon\n|rule|HP Percentage Mod: HP is shown in percentages\n|rule|Sleep Clause Mod: Limit one foe put to sleep\n|rule|Illusion Level Mod: Illusion disguises the Pok\u00e9mon's true level\n|\n|t:|1782905722\n|teamsize|p1|6\n|teamsize|p2|6\n|start\n|switch|p1a: Lugia|Lugia, L73|275/275\n|switch|p2a: Camerupt|Camerupt, L91, M|275/275\n|turn|1\n|inactive|Battle timer is ON: inactive players will automatically lose when time's up. (requested by patrol_404)\n|inactive|jnpr010334 also wants the timer to be on.\n|\n|t:|1782905752\n|move|p1a: Lugia|Aeroblast|p2a: Camerupt\n|-damage|p2a: Camerupt|191/275\n|move|p2a: Camerupt|Stealth Rock|p1a: Lugia\n|-sidestart|p1: patrol_404|move: Stealth Rock\n|\n|-heal|p2a: Camerupt|208/275|[from] item: Leftovers\n|upkeep\n|turn|2\n|\n|t:|1782905759\n|move|p1a: Lugia|Calm Mind|p1a: Lugia\n|-boost|p1a: Lugia|spa|1\n|-boost|p1a: Lugia|spd|1\n|move|p2a: Camerupt|Overheat|p1a: Lugia\n|-damage|p1a: Lugia|234/275\n|-unboost|p2a: Camerupt|spa|2\n|\n|-heal|p2a: Camerupt|225/275|[from] item: Leftovers\n|upkeep\n|turn|3\n|\n|t:|1782905764\n|move|p1a: Lugia|Aeroblast|p2a: Camerupt\n|-damage|p2a: Camerupt|111/275\n|move|p2a: Camerupt|Roar|p1a: Lugia\n|drag|p1a: Whimsicott|Whimsicott, L84, M|238/238\n|\n|-heal|p2a: Camerupt|128/275|[from] item: Leftovers\n|upkeep\n|turn|4\n|\n|t:|1782905771\n|switch|p2a: Weezing|Weezing-Galar, L86, F|252/252\n|move|p1a: Whimsicott|Encore||[still]\n|-fail|p1a: Whimsicott\n|\n|upkeep\n|turn|5\n|\n|t:|1782905774\n|move|p1a: Whimsicott|U-turn|p2a: Weezing\n|-resisted|p2a: Weezing\n|-damage|p2a: Weezing|245/252\n|\n|t:|1782905784\n|switch|p1a: Venomoth|Venomoth, L84, F|255/255|[from] U-turn\n|move|p2a: Weezing|Gunk Shot|p1a: Venomoth\n|-resisted|p1a: Venomoth\n|-damage|p1a: Venomoth|178/255\n|\n|-heal|p2a: Weezing|252/252|[from] item: Leftovers\n|upkeep\n|turn|6\n|\n|t:|1782905787\n|switch|p2a: Camerupt|Camerupt, L91, M|128/275\n|move|p1a: Venomoth|Sleep Powder|p2a: Camerupt\n|-status|p2a: Camerupt|slp|[from] move: Sleep Powder\n|\n|-heal|p2a: Camerupt|145/275 slp|[from] item: Leftovers\n|upkeep\n|turn|7\n|\n|t:|1782905796\n|switch|p1a: Regieleki|Regieleki, L79|256/256\n|-damage|p1a: Regieleki|224/256|[from] Stealth Rock\n|cant|p2a: Camerupt|slp\n|\n|-heal|p2a: Camerupt|162/275 slp|[from] item: Leftovers\n|upkeep\n|turn|8\n|\n|t:|1782905800\n|move|p1a: Regieleki|Rapid Spin|p2a: Camerupt\n|-damage|p2a: Camerupt|125/275 slp\n|-boost|p1a: Regieleki|spe|1\n|-sideend|p1: patrol_404|Stealth Rock|[from] move: Rapid Spin|[of] p1a: Regieleki\n|cant|p2a: Camerupt|slp\n|\n|-heal|p2a: Camerupt|142/275 slp|[from] item: Leftovers\n|upkeep\n|turn|9\n|\n|t:|1782905806\n|switch|p1a: Lugia|Lugia, L73|234/275\n|-curestatus|p2a: Camerupt|slp|[msg]\n|move|p2a: Camerupt|Earthquake|p1a: Lugia\n|-immune|p1a: Lugia\n|\n|-heal|p2a: Camerupt|159/275|[from] item: Leftovers\n|upkeep\n|turn|10\n|\n|t:|1782905809\n|switch|p2a: Kingdra|Kingdra, L84, M|263/263\n|move|p1a: Lugia|Recover|p1a: Lugia\n|-heal|p1a: Lugia|275/275\n|\n|upkeep\n|turn|11\n|\n|t:|1782905815\n|move|p1a: Lugia|Calm Mind|p1a: Lugia\n|-boost|p1a: Lugia|spa|1\n|-boost|p1a: Lugia|spd|1\n|move|p2a: Kingdra|Dragon Dance|p2a: Kingdra\n|-boost|p2a: Kingdra|atk|1\n|-boost|p2a: Kingdra|spe|1\n|\n|upkeep\n|turn|12\n|\n|t:|1782905820\n|move|p2a: Kingdra|Dragon Dance|p2a: Kingdra\n|-boost|p2a: Kingdra|atk|1\n|-boost|p2a: Kingdra|spe|1\n|move|p1a: Lugia|Aeroblast|p2a: Kingdra\n|-crit|p2a: Kingdra\n|-damage|p2a: Kingdra|103/263\n|\n|upkeep\n|turn|13\n|\n|t:|1782905824\n|move|p2a: Kingdra|Outrage|p1a: Lugia\n|-damage|p1a: Lugia|167/275\n|move|p1a: Lugia|Aeroblast|p2a: Kingdra\n|-damage|p2a: Kingdra|0 fnt\n|faint|p2a: Kingdra\n|\n|upkeep\n|\n|t:|1782905825\n|switch|p2a: Swampert|Swampert, L83, F|302/302\n|turn|14\n|\n|t:|1782905833\n|move|p1a: Lugia|Recover|p1a: Lugia\n|-heal|p1a: Lugia|275/275\n|move|p2a: Swampert|Knock Off|p1a: Lugia\n|-supereffective|p1a: Lugia\n|-damage|p1a: Lugia|207/275\n|-enditem|p1a: Lugia|Heavy-Duty Boots|[from] move: Knock Off|[of] p2a: Swampert\n|\n|upkeep\n|turn|15\n|\n|t:|1782905848\n|move|p1a: Lugia|Aeroblast|p2a: Swampert\n|-crit|p2a: Swampert\n|-damage|p2a: Swampert|118/302\n|move|p2a: Swampert|Roar|p1a: Lugia\n|drag|p1a: Cryogonal|Cryogonal, L89|287/287\n|\n|-heal|p2a: Swampert|136/302|[from] item: Leftovers\n|upkeep\n|turn|16\n|\n|t:|1782905853\n|move|p1a: Cryogonal|Freeze-Dry|p2a: Swampert\n|-supereffective|p2a: Swampert\n|-damage|p2a: Swampert|0 fnt\n|faint|p2a: Swampert\n|\n|upkeep\n|\n|t:|1782905856\n|switch|p2a: Camerupt|Camerupt, L91, M|159/275\n|turn|17\n|\n|t:|1782905862\n|move|p1a: Cryogonal|Freeze-Dry|p2a: Camerupt\n|-damage|p2a: Camerupt|80/275\n|move|p2a: Camerupt|Overheat|p1a: Cryogonal\n|-supereffective|p1a: Cryogonal\n|-damage|p1a: Cryogonal|71/287\n|-unboost|p2a: Camerupt|spa|2\n|\n|-heal|p2a: Camerupt|97/275|[from] item: Leftovers\n|upkeep\n|turn|18\n|\n|t:|1782905868\n|move|p1a: Cryogonal|Freeze-Dry|p2a: Camerupt\n|-damage|p2a: Camerupt|18/275\n|move|p2a: Camerupt|Earthquake|p1a: Cryogonal\n|-immune|p1a: Cryogonal|[from] ability: Levitate\n|\n|-heal|p2a: Camerupt|35/275|[from] item: Leftovers\n|upkeep\n|turn|19\n|\n|t:|1782905874\n|move|p1a: Cryogonal|Freeze-Dry|p2a: Camerupt\n|-damage|p2a: Camerupt|0 fnt\n|faint|p2a: Camerupt\n|\n|upkeep\n|\n|t:|1782905877\n|switch|p2a: Weezing|Weezing-Galar, L86, F|252/252\n|turn|20\n|\n|t:|1782905882\n|move|p1a: Cryogonal|Flash Cannon|p2a: Weezing\n|-supereffective|p2a: Weezing\n|-damage|p2a: Weezing|120/252\n|move|p2a: Weezing|Gunk Shot|p1a: Cryogonal\n|-damage|p1a: Cryogonal|0 fnt\n|faint|p1a: Cryogonal\n|\n|-heal|p2a: Weezing|135/252|[from] item: Leftovers\n|upkeep\n|\n|t:|1782905889\n|switch|p1a: Lugia|Lugia, L73|207/275\n|turn|21\n|\n|t:|1782905892\n|move|p1a: Lugia|Psychic Noise|p2a: Weezing\n|-supereffective|p2a: Weezing\n|-crit|p2a: Weezing\n|-damage|p2a: Weezing|0 fnt\n|faint|p2a: Weezing\n|\n|upkeep\n|\n|t:|1782905896\n|switch|p2a: Eiscue|Eiscue, L88, M|274/274\n|turn|22\n|\n|t:|1782905898\n|-terastallize|p2a: Eiscue|Water\n|move|p1a: Lugia|Psychic Noise|p2a: Eiscue\n|-damage|p2a: Eiscue|214/274\n|-start|p2a: Eiscue|move: Heal Block\n|move|p2a: Eiscue|Belly Drum|p2a: Eiscue\n|-damage|p2a: Eiscue|77/274\n|-setboost|p2a: Eiscue|atk|6|[from] move: Belly Drum\n|\n|upkeep\n|turn|23\n|\n|t:|1782905904\n|move|p1a: Lugia|Aeroblast|p2a: Eiscue|[miss]\n|-miss|p1a: Lugia|p2a: Eiscue\n|move|p2a: Eiscue|Ice Spinner|p1a: Lugia\n|-supereffective|p1a: Lugia\n|-damage|p1a: Lugia|0 fnt\n|faint|p1a: Lugia\n|\n|-end|p2a: Eiscue|move: Heal Block\n|upkeep\n|-enditem|p2a: Eiscue|Sitrus Berry|[eat]\n|-heal|p2a: Eiscue|145/274|[from] item: Sitrus Berry\n|\n|t:|1782905916\n|switch|p1a: Venomoth|Venomoth, L84, F|178/255\n|turn|24\n|\n|t:|1782905920\n|move|p1a: Venomoth|Sleep Powder|p2a: Eiscue\n|-status|p2a: Eiscue|slp|[from] move: Sleep Powder\n|cant|p2a: Eiscue|slp\n|\n|upkeep\n|turn|25\n|\n|t:|1782905923\n|move|p1a: Venomoth|Quiver Dance|p1a: Venomoth\n|-boost|p1a: Venomoth|spa|1\n|-boost|p1a: Venomoth|spd|1\n|-boost|p1a: Venomoth|spe|1\n|cant|p2a: Eiscue|slp\n|\n|upkeep\n|turn|26\n|\n|t:|1782905928\n|move|p1a: Venomoth|Sludge Wave|p2a: Eiscue\n|-damage|p2a: Eiscue|18/274 slp\n|cant|p2a: Eiscue|slp\n|\n|upkeep\n|turn|27\n|\n|t:|1782905932\n|move|p1a: Venomoth|Sludge Wave|p2a: Eiscue\n|-damage|p2a: Eiscue|0 fnt\n|faint|p2a: Eiscue\n|\n|upkeep\n|\n|t:|1782905933\n|switch|p2a: Victreebel|Victreebel, L90, F|290/290\n|turn|28\n|\n|t:|1782905943\n|move|p2a: Victreebel|Sucker Punch|p1a: Venomoth\n|-damage|p1a: Venomoth|78/255\n|-damage|p2a: Victreebel|261/290|[from] item: Life Orb\n|move|p1a: Venomoth|Sludge Wave|p2a: Victreebel\n|-damage|p2a: Victreebel|98/290\n|\n|upkeep\n|turn|29\n|\n|t:|1782905947\n|move|p2a: Victreebel|Sucker Punch|p1a: Venomoth\n|-damage|p1a: Venomoth|0 fnt\n|faint|p1a: Venomoth\n|-damage|p2a: Victreebel|69/290|[from] item: Life Orb\n|\n|upkeep\n|\n|t:|1782905951\n|switch|p1a: Regieleki|Regieleki, L79|224/256\n|turn|30\n|\n|t:|1782905957\n|move|p2a: Victreebel|Sucker Punch|p1a: Regieleki\n|-damage|p1a: Regieleki|102/256\n|-damage|p2a: Victreebel|40/290|[from] item: Life Orb\n|move|p1a: Regieleki|Explosion|p2a: Victreebel\n|-damage|p2a: Victreebel|0 fnt\n|faint|p1a: Regieleki\n|faint|p2a: Victreebel\n|\n|win|patrol_404\n|raw|patrol_404's rating: 1764 &rarr; <strong>1784</strong><br />(+20 for winning)\n|raw|jnpr010334's rating: 1772 &rarr; <strong>1752</strong><br />(-20 for losing)\n", "inputlog": ">version f8ac14003a5f27e1bdc8d8c59608a773c1cb96e5\n>start {\"formatid\":\"gen9randombattle\",\"seed\":\"sodium,484f484e0b7bde834c10029f1f2da4b3\",\"rated\":\"Rated battle\"}\n>player p1 {\"name\":\"patrol_404\",\"avatar\":\"265\",\"rating\":1764,\"seed\":\"sodium,72a7334f1e4b0f38177e0ddfbebe6264\"}\n>player p2 {\"name\":\"jnpr010334\",\"avatar\":\"265\",\"rating\":1753,\"seed\":\"sodium,0cb128d21cd388d506885d2ec8f0727f\"}\n>p1 move aeroblast\n>p2 move stealthrock\n>p1 move calmmind\n>p2 move overheat\n>p1 move aeroblast\n>p2 move roar\n>p1 move encore\n>p2 switch 4\n>p1 move uturn\n>p2 move gunkshot\n>p1 switch 3\n>p1 move sleeppowder\n>p2 switch 4\n>p1 switch 5\n>p2 move overheat\n>p1 move rapidspin\n>p2 move earthquake\n>p1 switch 6\n>p2 move earthquake\n>p1 move recover\n>p2 switch 2\n>p1 move calmmind\n>p2 move dragondance\n>p1 move aeroblast\n>p2 move dragondance\n>p1 move aeroblast\n>p2 move outrage\n>p2 switch 3\n>p1 move recover\n>p2 move knockoff\n>p1 move aeroblast\n>p2 move roar\n>p1 move freezedry\n>p2 move knockoff\n>p2 switch 2\n>p1 move freezedry\n>p2 move overheat\n>p1 move freezedry\n>p2 move earthquake\n>p1 move freezedry\n>p2 move overheat\n>p2 switch 4\n>p1 move flashcannon\n>p2 move gunkshot\n>p1 switch 4\n>p1 move psychicnoise\n>p2 move gunkshot\n>p2 switch 5\n>p1 move psychicnoise\n>p2 move bellydrum terastallize\n>p1 move aeroblast\n>p2 move icespinner\n>p1 switch 5\n>p1 move sleeppowder\n>p2 move icespinner\n>p1 move quiverdance\n>p2 move icespinner\n>p1 move sludgewave\n>p2 move icespinner\n>p1 move sludgewave\n>p2 move icespinner\n>p2 switch 6\n>p1 move sludgewave\n>p2 move suckerpunch\n>p1 move sludgewave\n>p2 move suckerpunch\n>p1 switch 6\n>p1 move explosion\n>p2 move suckerpunch", "uploadtime": 1782905960, "views": 2, "formatid": "gen9randombattle", "rating": 1752, "private": 0, "password": null, "player_dets": [{"name": "patrol_404", "avatar": "265", "rating": 1764, "seed": "sodium,72a7334f1e4b0f38177e0ddfbebe6264"}, {"name": "jnpr010334", "avatar": "265", "rating": 1753, "seed": "sodium,0cb128d21cd388d506885d2ec8f0727f"}], "teams_full": [{"Lugia": {"name": "Lugia", "species": "Lugia", "speciesId": "lugia", "gender": "N", "shiny": false, "level": 73, "moves": ["calmmind", "recover", "aeroblast", "psychicnoise"], "ability": "Multiscale", "evs": {"hp": 85, "atk": 0, "def": 85, "spa": 85, "spd": 85, "spe": 85}, "ivs": {"hp": 31, "atk": 0, "def": 31, "spa": 31, "spd": 31, "spe": 31}, "item": "Heavy-Duty Boots", "teraType": "Steel", "role": "Setup Sweeper", "bvs": {"hp": 106, "atk": 90, "def": 130, "spa": 90, "spd": 154, "spe": 110}, "stats": {"hp": 275, "atk": 136, "def": 232, "spa": 174, "spd": 267, "spe": 203}, "types": ["Psychic", "Flying"]}, "Florges": {"name": "Florges", "species": "Florges-White", "speciesId": "florges", "gender": "F", "shiny": false, "level": 85, "moves": ["calmmind", "synthesis", "moonblast", "terablast"], "ability": "Flower Veil", "evs": {"hp": 85, "atk": 0, "def": 85, "spa": 85, "spd": 85, "spe": 85}, "ivs": {"hp": 31, "atk": 0, "def": 31, "spa": 31, "spd": 31, "spe": 31}, "item": "Leftovers", "teraType": "Ground", "role": "Tera Blast user", "bvs": {"hp": 78, "atk": 65, "def": 68, "spa": 112, "spd": 154, "spe": 75}, "stats": {"hp": 271, "atk": 115, "def": 164, "spa": 239, "spd": 311, "spe": 176}, "types": ["Fairy"]}, "Venomoth": {"name": "Venomoth", "species": "Venomoth", "speciesId": "venomoth", "gender": "F", "shiny": false, "level": 84, "moves": ["bugbuzz", "quiverdance", "sludgewave", "sleeppowder"], "ability": "Tinted Lens", "evs": {"hp": 85, "atk": 0, "def": 85, "spa": 85, "spd": 85, "spe": 85}, "ivs": {"hp": 31, "atk": 0, "def": 31, "spa": 31, "spd": 31, "spe": 31}, "item": "Heavy-Duty Boots", "teraType": "Poison", "role": "Setup Sweeper", "bvs": {"hp": 70, "atk": 65, "def": 60, "spa": 90, "spd": 75, "spe": 90}, "stats": {"hp": 255, "atk": 114, "def": 149, "spa": 199, "spd": 174, "spe": 199}, "types": ["Bug", "Poison"]}, "Cryogonal": {"name": "Cryogonal", "species": "Cryogonal", "speciesId": "cryogonal", "gender": "N", "shiny": false, "level": 89, "moves": ["recover", "rapidspin", "flashcannon", "freezedry"], "ability": "Levitate", "evs": {"hp": 85, "atk": 85, "def": 85, "spa": 85, "spd": 85, "spe": 85}, "ivs": {"hp": 31, "atk": 31, "def": 31, "spa": 31, "spd": 31, "spe": 31}, "item": "Heavy-Duty Boots", "teraType": "Poison", "role": "Bulky Support", "bvs": {"hp": 80, "atk": 50, "def": 50, "spa": 95, "spd": 135, "spe": 105}, "stats": {"hp": 287, "atk": 140, "def": 140, "spa": 220, "spd": 291, "spe": 238}, "types": ["Ice"]}, "Regieleki": {"name": "Regieleki", "species": "Regieleki", "speciesId": "regieleki", "gender": "N", "shiny": false, "level": 79, "moves": ["explosion", "voltswitch", "thunderbolt", "rapidspin"], "ability": "Transistor", "evs": {"hp": 85, "atk": 85, "def": 85, "spa": 85, "spd": 85, "spe": 85}, "ivs": {"hp": 31, "atk": 31, "def": 31, "spa": 31, "spd": 31, "spe": 31}, "item": "Magnet", "teraType": "Electric", "role": "Fast Support", "bvs": {"hp": 80, "atk": 100, "def": 50, "spa": 100, "spd": 50, "spe": 200}, "stats": {"hp": 256, "atk": 204, "def": 125, "spa": 204, "spd": 125, "spe": 362}, "types": ["Electric"]}, "Whimsicott": {"name": "Whimsicott", "species": "Whimsicott", "speciesId": "whimsicott", "gender": "M", "shiny": false, "level": 84, "moves": ["moonblast", "uturn", "stunspore", "encore"], "ability": "Prankster", "evs": {"hp": 85, "atk": 85, "def": 85, "spa": 85, "spd": 85, "spe": 85}, "ivs": {"hp": 31, "atk": 31, "def": 31, "spa": 31, "spd": 31, "spe": 31}, "item": "Heavy-Duty Boots", "teraType": "Poison", "role": "Fast Support", "bvs": {"hp": 60, "atk": 67, "def": 85, "spa": 77, "spd": 75, "spe": 116}, "stats": {"hp": 238, "atk": 161, "def": 191, "spa": 178, "spd": 174, "spe": 243}, "types": ["Grass", "Fairy"]}}, {"Camerupt": {"name": "Camerupt", "species": "Camerupt", "speciesId": "camerupt", "gender": "M", "shiny": false, "level": 91, "moves": ["stealthrock", "overheat", "roar", "earthquake"], "ability": "Solid Rock", "evs": {"hp": 85, "atk": 85, "def": 85, "spa": 85, "spd": 85, "spe": 85}, "ivs": {"hp": 31, "atk": 31, "def": 31, "spa": 31, "spd": 31, "spe": 31}, "item": "Leftovers", "teraType": "Water", "role": "Bulky Support", "bvs": {"hp": 70, "atk": 100, "def": 70, "spa": 105, "spd": 75, "spe": 40}, "stats": {"hp": 275, "atk": 234, "def": 179, "spa": 243, "spd": 188, "spe": 125}, "types": ["Fire", "Ground"]}, "Kingdra": {"name": "Kingdra", "species": "Kingdra", "speciesId": "kingdra", "gender": "M", "shiny": false, "level": 84, "moves": ["wavecrash", "outrage", "dragondance", "waterfall"], "ability": "Sniper", "evs": {"hp": 85, "atk": 85, "def": 85, "spa": 85, "spd": 85, "spe": 85}, "ivs": {"hp": 31, "atk": 31, "def": 31, "spa": 31, "spd": 31, "spe": 31}, "item": "Lum Berry", "teraType": "Water", "role": "Setup Sweeper", "bvs": {"hp": 75, "atk": 95, "def": 95, "spa": 95, "spd": 95, "spe": 85}, "stats": {"hp": 263, "atk": 208, "def": 208, "spa": 208, "spd": 208, "spe": 191}, "types": ["Water", "Dragon"]}, "Swampert": {"name": "Swampert", "species": "Swampert", "speciesId": "swampert", "gender": "F", "shiny": false, "level": 83, "moves": ["earthquake", "knockoff", "roar", "icebeam"], "ability": "Damp", "evs": {"hp": 85, "atk": 85, "def": 85, "spa": 85, "spd": 85, "spe": 85}, "ivs": {"hp": 31, "atk": 31, "def": 31, "spa": 31, "spd": 31, "spe": 31}, "item": "Leftovers", "teraType": "Steel", "role": "Bulky Support", "bvs": {"hp": 100, "atk": 110, "def": 90, "spa": 85, "spd": 90, "spe": 60}, "stats": {"hp": 302, "atk": 230, "def": 197, "spa": 189, "spd": 197, "spe": 147}, "types": ["Water", "Ground"]}, "Weezing": {"name": "Weezing", "species": "Weezing-Galar", "speciesId": "weezinggalar", "gender": "F", "shiny": false, "level": 86, "moves": ["defog", "willowisp", "gunkshot", "strangesteam"], "ability": "Levitate", "evs": {"hp": 85, "atk": 85, "def": 85, "spa": 85, "spd": 85, "spe": 85}, "ivs": {"hp": 31, "atk": 31, "def": 31, "spa": 31, "spd": 31, "spe": 31}, "item": "Leftovers", "teraType": "Steel", "role": "Bulky Support", "bvs": {"hp": 65, "atk": 90, "def": 120, "spa": 85, "spd": 70, "spe": 60}, "stats": {"hp": 252, "atk": 204, "def": 256, "spa": 195, "spd": 170, "spe": 152}, "types": ["Poison", "Fairy"]}, "Eiscue": {"name": "Eiscue", "species": "Eiscue", "speciesId": "eiscue", "gender": "M", "shiny": false, "level": 88, "moves": ["bellydrum", "icespinner", "liquidation", "zenheadbutt"], "ability": "Ice Face", "evs": {"hp": 81, "atk": 85, "def": 85, "spa": 85, "spd": 85, "spe": 85}, "ivs": {"hp": 31, "atk": 31, "def": 31, "spa": 31, "spd": 31, "spe": 31}, "item": "Sitrus Berry", "teraType": "Water", "role": "Setup Sweeper", "bvs": {"hp": 75, "atk": 80, "def": 110, "spa": 65, "spd": 90, "spe": 50}, "stats": {"hp": 274, "atk": 191, "def": 244, "spa": 165, "spd": 209, "spe": 138}, "types": ["Ice"]}, "Victreebel": {"name": "Victreebel", "species": "Victreebel", "speciesId": "victreebel", "gender": "F", "shiny": false, "level": 90, "moves": ["suckerpunch", "poisonjab", "powerwhip", "swordsdance"], "ability": "Chlorophyll", "evs": {"hp": 85, "atk": 85, "def": 85, "spa": 85, "spd": 85, "spe": 85}, "ivs": {"hp": 31, "atk": 31, "def": 31, "spa": 31, "spd": 31, "spe": 31}, "item": "Life Orb", "teraType": "Dark", "role": "Setup Sweeper", "bvs": {"hp": 80, "atk": 105, "def": 65, "spa": 100, "spd": 70, "spe": 70}, "stats": {"hp": 290, "atk": 240, "def": 168, "spa": 231, "spd": 177, "spe": 177}, "types": ["Grass", "Poison"]}}]}