{"id": "gen9randombattle-2642082649", "format": "[Gen 9] Random Battle", "players": ["jnpr010334", "shaguni"], "log": "|j|\u2606jnpr010334\n|j|\u2606shaguni\n|t:|1782886072\n|gametype|singles\n|player|p1|jnpr010334|265|1790\n|player|p2|shaguni|ghetsis|1854\n|gen|9\n|tier|[Gen 9] Random Battle\n|rated|\n|rule|Species Clause: Limit one of each Pok\u00e9mon\n|rule|HP Percentage Mod: HP is shown in percentages\n|rule|Sleep Clause Mod: Limit one foe put to sleep\n|rule|Illusion Level Mod: Illusion disguises the Pok\u00e9mon's true level\n|\n|t:|1782886072\n|teamsize|p1|6\n|teamsize|p2|6\n|start\n|switch|p1a: Basculegion|Basculegion, L80, M|323/323\n|switch|p2a: Forretress|Forretress, L84, M|263/263\n|turn|1\n|inactive|Battle timer is ON: inactive players will automatically lose when time's up. (requested by shaguni)\n|\n|t:|1782886078\n|move|p1a: Basculegion|Flip Turn|p2a: Forretress\n|-damage|p2a: Forretress|201/263\n|inactive|jnpr010334 also wants the timer to be on.\n|\n|t:|1782886080\n|switch|p1a: Ceruledge|Ceruledge, L78, F|245/245|[from] Flip Turn\n|move|p2a: Forretress|Volt Switch|p1a: Ceruledge\n|-damage|p1a: Ceruledge|209/245\n|\n|t:|1782886086\n|switch|p2a: Azumarill|Azumarill, L82, M|298/298|[from] Volt Switch\n|\n|upkeep\n|turn|2\n|\n|t:|1782886088\n|switch|p1a: Hydrapple|Hydrapple, L83, M|312/312\n|move|p2a: Azumarill|Liquidation|p1a: Hydrapple\n|-resisted|p1a: Hydrapple\n|-damage|p1a: Hydrapple|276/312\n|\n|upkeep\n|turn|3\n|\n|t:|1782886106\n|switch|p2a: Forretress|Forretress, L84, M|201/263\n|move|p1a: Hydrapple|Giga Drain|p2a: Forretress\n|-resisted|p2a: Forretress\n|-damage|p2a: Forretress|170/263\n|-heal|p1a: Hydrapple|292/312|[from] drain|[of] p2a: Forretress\n|\n|-heal|p2a: Forretress|186/263|[from] item: Leftovers\n|upkeep\n|turn|4\n|\n|t:|1782886110\n|move|p1a: Hydrapple|Fickle Beam|p2a: Forretress\n|-resisted|p2a: Forretress\n|-damage|p2a: Forretress|126/263\n|move|p2a: Forretress|Toxic Spikes|p1a: Hydrapple\n|-sidestart|p1: jnpr010334|move: Toxic Spikes\n|\n|-heal|p2a: Forretress|142/263|[from] item: Leftovers\n|upkeep\n|turn|5\n|\n|t:|1782886112\n|move|p1a: Hydrapple|Fickle Beam|p2a: Forretress\n|-resisted|p2a: Forretress\n|-damage|p2a: Forretress|76/263\n|move|p2a: Forretress|Toxic Spikes|p1a: Hydrapple\n|-sidestart|p1: jnpr010334|move: Toxic Spikes\n|\n|-heal|p2a: Forretress|92/263|[from] item: Leftovers\n|upkeep\n|turn|6\n|\n|t:|1782886117\n|move|p1a: Hydrapple|Fickle Beam|p2a: Forretress\n|-resisted|p2a: Forretress\n|-damage|p2a: Forretress|23/263\n|move|p2a: Forretress|Rapid Spin|p1a: Hydrapple\n|-damage|p1a: Hydrapple|263/312\n|-boost|p2a: Forretress|spe|1\n|\n|-heal|p2a: Forretress|39/263|[from] item: Leftovers\n|upkeep\n|turn|7\n|\n|t:|1782886119\n|move|p2a: Forretress|Iron Head|p1a: Hydrapple\n|-damage|p1a: Hydrapple|197/312\n|cant|p1a: Hydrapple|flinch\n|\n|-heal|p2a: Forretress|55/263|[from] item: Leftovers\n|upkeep\n|turn|8\n|\n|t:|1782886123\n|switch|p1a: Sandaconda|Sandaconda, L84, F|258/258\n|-status|p1a: Sandaconda|tox\n|move|p2a: Forretress|Iron Head|p1a: Sandaconda\n|-damage|p1a: Sandaconda|197/258 tox\n|\n|-heal|p2a: Forretress|71/263|[from] item: Leftovers\n|-activate|p1a: Sandaconda|ability: Shed Skin\n|-curestatus|p1a: Sandaconda|tox|[msg]\n|-heal|p1a: Sandaconda|213/258|[from] item: Leftovers\n|upkeep\n|turn|9\n|\n|t:|1782886129\n|switch|p2a: Breloom|Breloom, L83, M|235/235\n|move|p1a: Sandaconda|Coil|p1a: Sandaconda\n|-boost|p1a: Sandaconda|atk|1\n|-boost|p1a: Sandaconda|def|1\n|-boost|p1a: Sandaconda|accuracy|1\n|\n|-heal|p1a: Sandaconda|229/258|[from] item: Leftovers\n|upkeep\n|turn|10\n|\n|t:|1782886133\n|-terastallize|p1a: Sandaconda|Dragon\n|move|p1a: Sandaconda|Coil|p1a: Sandaconda\n|-boost|p1a: Sandaconda|atk|1\n|-boost|p1a: Sandaconda|def|1\n|-boost|p1a: Sandaconda|accuracy|1\n|move|p2a: Breloom|Spore|p1a: Sandaconda\n|-status|p1a: Sandaconda|slp|[from] move: Spore\n|\n|-heal|p1a: Sandaconda|245/258 slp|[from] item: Leftovers\n|upkeep\n|turn|11\n|\n|t:|1782886136\n|cant|p1a: Sandaconda|slp\n|move|p2a: Breloom|Swords Dance|p2a: Breloom\n|-boost|p2a: Breloom|atk|2\n|\n|-activate|p1a: Sandaconda|ability: Shed Skin\n|-curestatus|p1a: Sandaconda|slp|[msg]\n|-heal|p1a: Sandaconda|258/258|[from] item: Leftovers\n|upkeep\n|turn|12\n|\n|t:|1782886141\n|move|p1a: Sandaconda|Earthquake|p2a: Breloom\n|-resisted|p2a: Breloom\n|-damage|p2a: Breloom|119/235\n|move|p2a: Breloom|Spore|p1a: Sandaconda\n|-status|p1a: Sandaconda|slp|[from] move: Spore\n|\n|-activate|p1a: Sandaconda|ability: Shed Skin\n|-curestatus|p1a: Sandaconda|slp|[msg]\n|upkeep\n|turn|13\n|\n|t:|1782886147\n|move|p2a: Breloom|Mach Punch|p1a: Sandaconda\n|-damage|p1a: Sandaconda|172/258\n|-damage|p2a: Breloom|96/235|[from] item: Life Orb\n|move|p1a: Sandaconda|Earthquake|p2a: Breloom\n|-resisted|p2a: Breloom\n|-damage|p2a: Breloom|0 fnt\n|faint|p2a: Breloom\n|\n|-heal|p1a: Sandaconda|188/258|[from] item: Leftovers\n|upkeep\n|\n|t:|1782886155\n|switch|p2a: Mightyena|Mightyena, L96, F|290/290\n|-ability|p2a: Mightyena|Intimidate|boost\n|-unboost|p1a: Sandaconda|atk|1\n|turn|14\n|\n|t:|1782886159\n|move|p2a: Mightyena|Poison Fang|p1a: Sandaconda\n|-damage|p1a: Sandaconda|171/258\n|move|p1a: Sandaconda|Earthquake|p2a: Mightyena\n|-damage|p2a: Mightyena|121/290\n|\n|-heal|p1a: Sandaconda|187/258|[from] item: Leftovers\n|upkeep\n|turn|15\n|-message|shaguni forfeited.\n|\n|win|jnpr010334\n|raw|jnpr010334's rating: 1836 &rarr; <strong>1857</strong><br />(+21 for winning)\n|raw|shaguni's rating: 1854 &rarr; <strong>1833</strong><br />(-21 for losing)\n|l|\u2606shaguni\n|player|p2|\n", "inputlog": ">version f8ac14003a5f27e1bdc8d8c59608a773c1cb96e5\n>start {\"formatid\":\"gen9randombattle\",\"seed\":\"sodium,4cac8f750c394559532783ce7ee40d12\",\"rated\":\"Rated battle\"}\n>player p1 {\"name\":\"jnpr010334\",\"avatar\":\"265\",\"rating\":1790,\"seed\":\"sodium,f8de3475d3d4d5ee2c6c06e114920e3e\"}\n>player p2 {\"name\":\"shaguni\",\"avatar\":\"ghetsis\",\"rating\":1854,\"seed\":\"sodium,ac17fd12fd53ea53f620c92873f12384\"}\n>p1 move flipturn\n>p2 move voltswitch\n>p1 switch 5\n>p2 switch 4\n>p1 switch 3\n>p2 move liquidation\n>p1 move gigadrain\n>p2 switch 4\n>p1 move ficklebeam\n>p2 move toxicspikes\n>p1 move ficklebeam\n>p2 move toxicspikes\n>p1 move ficklebeam\n>p2 move rapidspin\n>p1 move ficklebeam\n>p2 move ironhead\n>p1 switch 4\n>p2 move ironhead\n>p1 move coil\n>p2 switch 6\n>p1 move coil terastallize\n>p2 move spore\n>p1 move earthquake\n>p2 move swordsdance\n>p1 move earthquake\n>p2 move spore\n>p1 move earthquake\n>p2 move machpunch\n>p2 switch 5\n>p1 move earthquake\n>p2 move poisonfang\n>forcelose p2", "uploadtime": 1782886163, "views": 2, "formatid": "gen9randombattle", "rating": 1833, "private": 0, "password": null, "player_dets": [{"name": "jnpr010334", "avatar": "265", "rating": 1790, "seed": "sodium,f8de3475d3d4d5ee2c6c06e114920e3e"}, {"name": "shaguni", "avatar": "ghetsis", "rating": 1854, "seed": "sodium,ac17fd12fd53ea53f620c92873f12384"}], "teams_full": [{"Basculegion": {"name": "Basculegion", "species": "Basculegion", "speciesId": "basculegion", "gender": "M", "shiny": false, "level": 80, "moves": ["aquajet", "wavecrash", "flipturn", "shadowball"], "ability": "Adaptability", "evs": {"hp": 85, "atk": 85, "def": 85, "spa": 85, "spd": 85, "spe": 85}, "ivs": {"hp": 31, "atk": 31, "def": 31, "spa": 31, "spd": 31, "spe": 31}, "item": "Assault Vest", "teraType": "Water", "role": "AV Pivot", "bvs": {"hp": 120, "atk": 112, "def": 65, "spa": 80, "spd": 75, "spe": 78}, "stats": {"hp": 323, "atk": 225, "def": 150, "spa": 174, "spd": 166, "spe": 171}, "types": ["Water", "Ghost"]}, "Whimsicott": {"name": "Whimsicott", "species": "Whimsicott", "speciesId": "whimsicott", "gender": "F", "shiny": false, "level": 84, "moves": ["gigadrain", "encore", "uturn", "moonblast"], "ability": "Prankster", "evs": {"hp": 85, "atk": 85, "def": 85, "spa": 85, "spd": 85, "spe": 85}, "ivs": {"hp": 31, "atk": 31, "def": 31, "spa": 31, "spd": 31, "spe": 31}, "item": "Heavy-Duty Boots", "teraType": "Poison", "role": "Fast Support", "bvs": {"hp": 60, "atk": 67, "def": 85, "spa": 77, "spd": 75, "spe": 116}, "stats": {"hp": 238, "atk": 161, "def": 191, "spa": 178, "spd": 174, "spe": 243}, "types": ["Grass", "Fairy"]}, "Hydrapple": {"name": "Hydrapple", "species": "Hydrapple", "speciesId": "hydrapple", "gender": "M", "shiny": false, "level": 83, "moves": ["ficklebeam", "earthpower", "gigadrain", "dragontail"], "ability": "Regenerator", "evs": {"hp": 85, "atk": 85, "def": 85, "spa": 85, "spd": 85, "spe": 85}, "ivs": {"hp": 31, "atk": 31, "def": 31, "spa": 31, "spd": 31, "spe": 31}, "item": "Assault Vest", "teraType": "Steel", "role": "AV Pivot", "bvs": {"hp": 106, "atk": 80, "def": 110, "spa": 120, "spd": 80, "spe": 44}, "stats": {"hp": 312, "atk": 180, "def": 230, "spa": 247, "spd": 180, "spe": 121}, "types": ["Grass", "Dragon"]}, "Sandaconda": {"name": "Sandaconda", "species": "Sandaconda", "speciesId": "sandaconda", "gender": "F", "shiny": false, "level": 84, "moves": ["earthquake", "stoneedge", "coil", "rest"], "ability": "Shed Skin", "evs": {"hp": 85, "atk": 85, "def": 85, "spa": 85, "spd": 85, "spe": 85}, "ivs": {"hp": 31, "atk": 31, "def": 31, "spa": 31, "spd": 31, "spe": 31}, "item": "Leftovers", "teraType": "Dragon", "role": "Bulky Setup", "bvs": {"hp": 72, "atk": 107, "def": 125, "spa": 65, "spd": 70, "spe": 71}, "stats": {"hp": 258, "atk": 228, "def": 258, "spa": 157, "spd": 166, "spe": 167}, "types": ["Ground"]}, "Ceruledge": {"name": "Ceruledge", "species": "Ceruledge", "speciesId": "ceruledge", "gender": "F", "shiny": false, "level": 78, "moves": ["swordsdance", "poltergeist", "bitterblade", "closecombat"], "ability": "Weak Armor", "evs": {"hp": 85, "atk": 85, "def": 85, "spa": 85, "spd": 85, "spe": 85}, "ivs": {"hp": 31, "atk": 31, "def": 31, "spa": 31, "spd": 31, "spe": 31}, "item": "Heavy-Duty Boots", "teraType": "Fire", "role": "Setup Sweeper", "bvs": {"hp": 75, "atk": 125, "def": 80, "spa": 60, "spd": 100, "spe": 85}, "stats": {"hp": 245, "atk": 240, "def": 170, "spa": 139, "spd": 201, "spe": 178}, "types": ["Fire", "Ghost"]}, "Hitmonlee": {"name": "Hitmonlee", "species": "Hitmonlee", "speciesId": "hitmonlee", "gender": "M", "shiny": false, "level": 85, "moves": ["swordsdance", "stoneedge", "knockoff", "closecombat"], "ability": "Unburden", "evs": {"hp": 85, "atk": 85, "def": 85, "spa": 85, "spd": 85, "spe": 85}, "ivs": {"hp": 31, "atk": 31, "def": 31, "spa": 31, "spd": 31, "spe": 31}, "item": "White Herb", "teraType": "Fighting", "role": "Setup Sweeper", "bvs": {"hp": 50, "atk": 120, "def": 53, "spa": 35, "spd": 110, "spe": 87}, "stats": {"hp": 224, "atk": 253, "def": 139, "spa": 108, "spd": 236, "spe": 197}, "types": ["Fighting"]}}, {"Forretress": {"name": "Forretress", "species": "Forretress", "speciesId": "forretress", "gender": "M", "shiny": false, "level": 84, "moves": ["ironhead", "rapidspin", "toxicspikes", "voltswitch"], "ability": "Sturdy", "evs": {"hp": 85, "atk": 85, "def": 85, "spa": 85, "spd": 85, "spe": 85}, "ivs": {"hp": 31, "atk": 31, "def": 31, "spa": 31, "spd": 31, "spe": 31}, "item": "Leftovers", "teraType": "Water", "role": "Bulky Support", "bvs": {"hp": 75, "atk": 90, "def": 140, "spa": 60, "spd": 60, "spe": 40}, "stats": {"hp": 263, "atk": 199, "def": 283, "spa": 149, "spd": 149, "spe": 115}, "types": ["Bug", "Steel"]}, "Klawf": {"name": "Klawf", "species": "Klawf", "speciesId": "klawf", "gender": "F", "shiny": false, "level": 90, "moves": ["swordsdance", "stoneedge", "knockoff", "highhorsepower"], "ability": "Anger Shell", "evs": {"hp": 85, "atk": 85, "def": 85, "spa": 85, "spd": 85, "spe": 85}, "ivs": {"hp": 31, "atk": 31, "def": 31, "spa": 31, "spd": 31, "spe": 31}, "item": "Scope Lens", "teraType": "Dark", "role": "Setup Sweeper", "bvs": {"hp": 70, "atk": 100, "def": 115, "spa": 35, "spd": 55, "spe": 75}, "stats": {"hp": 272, "atk": 231, "def": 258, "spa": 114, "spd": 150, "spe": 186}, "types": ["Rock"]}, "Kommo-o": {"name": "Kommo-o", "species": "Kommo-o", "speciesId": "kommoo", "gender": "M", "shiny": false, "level": 78, "moves": ["scaleshot", "swordsdance", "closecombat", "ironhead"], "ability": "Soundproof", "evs": {"hp": 85, "atk": 85, "def": 85, "spa": 85, "spd": 85, "spe": 85}, "ivs": {"hp": 31, "atk": 31, "def": 31, "spa": 31, "spd": 31, "spe": 31}, "item": "Loaded Dice", "teraType": "Steel", "role": "Setup Sweeper", "bvs": {"hp": 75, "atk": 110, "def": 125, "spa": 100, "spd": 105, "spe": 85}, "stats": {"hp": 245, "atk": 217, "def": 240, "spa": 201, "spd": 209, "spe": 178}, "types": ["Dragon", "Fighting"]}, "Azumarill": {"name": "Azumarill", "species": "Azumarill", "speciesId": "azumarill", "gender": "M", "shiny": false, "level": 82, "moves": ["aquajet", "icespinner", "playrough", "liquidation"], "ability": "Huge Power", "evs": {"hp": 85, "atk": 85, "def": 85, "spa": 85, "spd": 85, "spe": 85}, "ivs": {"hp": 31, "atk": 31, "def": 31, "spa": 31, "spd": 31, "spe": 31}, "item": "Choice Band", "teraType": "Water", "role": "Bulky Attacker", "bvs": {"hp": 100, "atk": 50, "def": 80, "spa": 60, "spd": 80, "spe": 50}, "stats": {"hp": 298, "atk": 129, "def": 178, "spa": 146, "spd": 178, "spe": 129}, "types": ["Water", "Fairy"]}, "Mightyena": {"name": "Mightyena", "species": "Mightyena", "speciesId": "mightyena", "gender": "F", "shiny": false, "level": 96, "moves": ["crunch", "suckerpunch", "superfang", "poisonfang"], "ability": "Intimidate", "evs": {"hp": 85, "atk": 85, "def": 85, "spa": 85, "spd": 85, "spe": 85}, "ivs": {"hp": 31, "atk": 31, "def": 31, "spa": 31, "spd": 31, "spe": 31}, "item": "Assault Vest", "teraType": "Poison", "role": "AV Pivot", "bvs": {"hp": 70, "atk": 90, "def": 70, "spa": 60, "spd": 60, "spe": 70}, "stats": {"hp": 290, "atk": 227, "def": 189, "spa": 170, "spd": 170, "spe": 189}, "types": ["Dark"]}, "Breloom": {"name": "Breloom", "species": "Breloom", "speciesId": "breloom", "gender": "M", "shiny": false, "level": 83, "moves": ["spore", "swordsdance", "machpunch", "bulletseed"], "ability": "Technician", "evs": {"hp": 85, "atk": 85, "def": 85, "spa": 85, "spd": 85, "spe": 85}, "ivs": {"hp": 31, "atk": 31, "def": 31, "spa": 31, "spd": 31, "spe": 31}, "item": "Life Orb", "teraType": "Fighting", "role": "Fast Attacker", "bvs": {"hp": 60, "atk": 130, "def": 80, "spa": 60, "spd": 60, "spe": 70}, "stats": {"hp": 235, "atk": 263, "def": 180, "spa": 147, "spd": 147, "spe": 164}, "types": ["Grass", "Fighting"]}}]}