{"id": "gen9randombattle-2642174365", "format": "[Gen 9] Random Battle", "players": ["Admuzensky", "jnpr010334"], "log": "|j|\u2606Admuzensky\n|j|\u2606jnpr010334\n|t:|1782905449\n|gametype|singles\n|player|p1|Admuzensky|caitlin|1738\n|player|p2|jnpr010334|265|1722\n|gen|9\n|tier|[Gen 9] Random Battle\n|rated|\n|rule|Species Clause: Limit one of each Pok\u00e9mon\n|rule|HP Percentage Mod: HP is shown in percentages\n|rule|Sleep Clause Mod: Limit one foe put to sleep\n|rule|Illusion Level Mod: Illusion disguises the Pok\u00e9mon's true level\n|\n|t:|1782905449\n|teamsize|p1|6\n|teamsize|p2|6\n|start\n|switch|p1a: Sinistcha|Sinistcha, L83|254/254\n|switch|p2a: Volcarona|Volcarona, L77, F|257/257\n|turn|1\n|\n|t:|1782905453\n|move|p2a: Volcarona|Quiver Dance|p2a: Volcarona\n|-boost|p2a: Volcarona|spa|1\n|-boost|p2a: Volcarona|spd|1\n|-boost|p2a: Volcarona|spe|1\n|move|p1a: Sinistcha|Calm Mind|p1a: Sinistcha\n|-boost|p1a: Sinistcha|spa|1\n|-boost|p1a: Sinistcha|spd|1\n|\n|upkeep\n|turn|2\n|\n|t:|1782905455\n|move|p2a: Volcarona|Fiery Dance|p1a: Sinistcha\n|-supereffective|p1a: Sinistcha\n|-damage|p1a: Sinistcha|156/254\n|move|p1a: Sinistcha|Calm Mind|p1a: Sinistcha\n|-boost|p1a: Sinistcha|spa|1\n|-boost|p1a: Sinistcha|spd|1\n|\n|-heal|p1a: Sinistcha|171/254|[from] item: Leftovers\n|upkeep\n|turn|3\n|inactive|Battle timer is ON: inactive players will automatically lose when time's up. (requested by jnpr010334)\n|\n|t:|1782905459\n|move|p2a: Volcarona|Fiery Dance|p1a: Sinistcha\n|-supereffective|p1a: Sinistcha\n|-damage|p1a: Sinistcha|103/254\n|-boost|p2a: Volcarona|spa|1\n|move|p1a: Sinistcha|Shadow Ball|p2a: Volcarona\n|-damage|p2a: Volcarona|121/257\n|\n|-heal|p1a: Sinistcha|118/254|[from] item: Leftovers\n|upkeep\n|turn|4\n|\n|t:|1782905464\n|move|p2a: Volcarona|Fiery Dance|p1a: Sinistcha\n|-supereffective|p1a: Sinistcha\n|-damage|p1a: Sinistcha|10/254\n|move|p1a: Sinistcha|Strength Sap|p2a: Volcarona\n|-unboost|p2a: Volcarona|atk|1\n|-heal|p1a: Sinistcha|107/254\n|\n|-heal|p1a: Sinistcha|122/254|[from] item: Leftovers\n|upkeep\n|turn|5\n|\n|t:|1782905467\n|move|p2a: Volcarona|Fiery Dance|p1a: Sinistcha\n|-supereffective|p1a: Sinistcha\n|-damage|p1a: Sinistcha|20/254\n|move|p1a: Sinistcha|Shadow Ball|p2a: Volcarona\n|-damage|p2a: Volcarona|0 fnt\n|faint|p2a: Volcarona\n|\n|-heal|p1a: Sinistcha|35/254|[from] item: Leftovers\n|upkeep\n|\n|t:|1782905468\n|switch|p2a: Furret|Furret, L94, F|312/312\n|-item|p1a: Sinistcha|Leftovers|[from] ability: Frisk|[of] p2a: Furret\n|turn|6\n|\n|t:|1782905475\n|switch|p1a: Registeel|Registeel, L81|262/262\n|move|p2a: Furret|Knock Off|p1a: Registeel\n|-damage|p1a: Registeel|197/262\n|-enditem|p1a: Registeel|Leftovers|[from] move: Knock Off|[of] p2a: Furret\n|-damage|p2a: Furret|281/312|[from] item: Life Orb\n|\n|upkeep\n|turn|7\n|\n|t:|1782905481\n|move|p2a: Furret|Brick Break|p1a: Registeel\n|-supereffective|p1a: Registeel\n|-damage|p1a: Registeel|93/262\n|-damage|p2a: Furret|250/312|[from] item: Life Orb\n|move|p1a: Registeel|Body Press|p2a: Furret\n|-supereffective|p2a: Furret\n|-damage|p2a: Furret|70/312\n|\n|upkeep\n|turn|8\n|\n|t:|1782905488\n|move|p2a: Furret|Brick Break|p1a: Registeel\n|-supereffective|p1a: Registeel\n|-damage|p1a: Registeel|0 fnt\n|faint|p1a: Registeel\n|-damage|p2a: Furret|39/312|[from] item: Life Orb\n|\n|upkeep\n|\n|t:|1782905491\n|switch|p1a: Torkoal|Torkoal, L88, M|266/266\n|-weather|SunnyDay|[from] ability: Drought|[of] p1a: Torkoal\n|turn|9\n|\n|t:|1782905494\n|move|p2a: Furret|Double-Edge|p1a: Torkoal\n|-damage|p1a: Torkoal|156/266\n|-damage|p2a: Furret|3/312|[from] Recoil\n|-damage|p2a: Furret|0 fnt|[from] item: Life Orb\n|faint|p2a: Furret\n|move|p1a: Torkoal|Stealth Rock|p2: Furret\n|-sidestart|p2: jnpr010334|move: Stealth Rock\n|\n|-weather|SunnyDay|[upkeep]\n|upkeep\n|\n|t:|1782905496\n|switch|p2a: Zekrom|Zekrom, L71|259/259\n|-damage|p2a: Zekrom|227/259|[from] Stealth Rock\n|-ability|p2a: Zekrom|Teravolt\n|turn|10\n|\n|t:|1782905499\n|move|p2a: Zekrom|Dragon Dance|p2a: Zekrom\n|-boost|p2a: Zekrom|atk|1\n|-boost|p2a: Zekrom|spe|1\n|move|p1a: Torkoal|Yawn|p2a: Zekrom\n|-start|p2a: Zekrom|move: Yawn|[of] p1a: Torkoal\n|\n|-weather|SunnyDay|[upkeep]\n|-heal|p2a: Zekrom|243/259|[from] item: Leftovers\n|upkeep\n|turn|11\n|\n|t:|1782905502\n|move|p2a: Zekrom|Bolt Strike|p1a: Torkoal|[miss]\n|-miss|p2a: Zekrom|p1a: Torkoal\n|move|p1a: Torkoal|Lava Plume|p2a: Zekrom\n|-resisted|p2a: Zekrom\n|-damage|p2a: Zekrom|179/259\n|\n|-weather|SunnyDay|[upkeep]\n|-heal|p2a: Zekrom|195/259|[from] item: Leftovers\n|-end|p2a: Zekrom|move: Yawn|[silent]\n|-status|p2a: Zekrom|slp\n|upkeep\n|turn|12\n|\n|t:|1782905509\n|switch|p1a: Dunsparce|Dunsparce, L86, F|312/312\n|cant|p2a: Zekrom|slp\n|\n|-weather|SunnyDay|[upkeep]\n|-heal|p2a: Zekrom|211/259 slp|[from] item: Leftovers\n|upkeep\n|turn|13\n|\n|t:|1782905511\n|-curestatus|p2a: Zekrom|slp|[msg]\n|move|p2a: Zekrom|Bolt Strike|p1a: Dunsparce\n|-damage|p1a: Dunsparce|143/312\n|move|p1a: Dunsparce|Coil|p1a: Dunsparce\n|-boost|p1a: Dunsparce|atk|1\n|-boost|p1a: Dunsparce|def|1\n|-boost|p1a: Dunsparce|accuracy|1\n|\n|-weather|none\n|-heal|p2a: Zekrom|227/259|[from] item: Leftovers\n|upkeep\n|turn|14\n|\n|t:|1782905516\n|-terastallize|p2a: Zekrom|Fairy\n|move|p2a: Zekrom|Bolt Strike|p1a: Dunsparce\n|-damage|p1a: Dunsparce|43/312\n|move|p1a: Dunsparce|Roost|p1a: Dunsparce\n|-heal|p1a: Dunsparce|199/312\n|-singleturn|p1a: Dunsparce|move: Roost\n|\n|-heal|p2a: Zekrom|243/259|[from] item: Leftovers\n|upkeep\n|turn|15\n|\n|t:|1782905522\n|move|p2a: Zekrom|Bolt Strike|p1a: Dunsparce\n|-damage|p1a: Dunsparce|99/312\n|move|p1a: Dunsparce|Roost|p1a: Dunsparce\n|-heal|p1a: Dunsparce|255/312\n|-singleturn|p1a: Dunsparce|move: Roost\n|\n|-heal|p2a: Zekrom|259/259|[from] item: Leftovers\n|upkeep\n|turn|16\n|\n|t:|1782905526\n|move|p2a: Zekrom|Bolt Strike|p1a: Dunsparce\n|-damage|p1a: Dunsparce|155/312\n|move|p1a: Dunsparce|Coil|p1a: Dunsparce\n|-boost|p1a: Dunsparce|atk|1\n|-boost|p1a: Dunsparce|def|1\n|-boost|p1a: Dunsparce|accuracy|1\n|\n|upkeep\n|turn|17\n|\n|t:|1782905529\n|move|p2a: Zekrom|Bolt Strike|p1a: Dunsparce\n|-damage|p1a: Dunsparce|70/312\n|move|p1a: Dunsparce|Roost|p1a: Dunsparce\n|-heal|p1a: Dunsparce|226/312\n|-singleturn|p1a: Dunsparce|move: Roost\n|\n|upkeep\n|turn|18\n|\n|t:|1782905532\n|move|p2a: Zekrom|Bolt Strike|p1a: Dunsparce\n|-damage|p1a: Dunsparce|142/312\n|move|p1a: Dunsparce|Coil|p1a: Dunsparce\n|-boost|p1a: Dunsparce|atk|1\n|-boost|p1a: Dunsparce|def|1\n|-boost|p1a: Dunsparce|accuracy|1\n|\n|upkeep\n|turn|19\n|\n|t:|1782905537\n|move|p2a: Zekrom|Bolt Strike|p1a: Dunsparce\n|-crit|p1a: Dunsparce\n|-damage|p1a: Dunsparce|0 fnt\n|faint|p1a: Dunsparce\n|\n|upkeep\n|\n|t:|1782905549\n|switch|p1a: Palafin|Palafin, L77, F|281/281\n|turn|20\n|\n|t:|1782905562\n|detailschange|p1a: Palafin|Palafin-Hero, L77, F\n|switch|p1a: Sinistcha|Sinistcha, L83|35/254\n|move|p2a: Zekrom|Dragon Dance|p2a: Zekrom\n|-boost|p2a: Zekrom|atk|1\n|-boost|p2a: Zekrom|spe|1\n|\n|-heal|p1a: Sinistcha|50/254|[from] item: Leftovers\n|upkeep\n|turn|21\n|\n|t:|1782905566\n|move|p2a: Zekrom|Outrage|p1a: Sinistcha\n|-damage|p1a: Sinistcha|0 fnt\n|faint|p1a: Sinistcha\n|\n|upkeep\n|\n|t:|1782905569\n|switch|p1a: Palafin|Palafin-Hero, L77, F|281/281\n|-activate|p1a: Palafin|ability: Zero to Hero\n|turn|22\n|\n|t:|1782905573\n|-terastallize|p1a: Palafin|Water\n|move|p2a: Zekrom|Outrage|p1a: Palafin|[from] lockedmove\n|-damage|p1a: Palafin|20/281\n|-start|p2a: Zekrom|confusion|[fatigue]\n|move|p1a: Palafin|Wave Crash|p2a: Zekrom\n|-crit|p2a: Zekrom\n|-damage|p2a: Zekrom|0 fnt\n|faint|p2a: Zekrom\n|-damage|p1a: Palafin|0 fnt|[from] Recoil\n|faint|p1a: Palafin\n|\n|upkeep\n|\n|t:|1782905580\n|switch|p1a: Torkoal|Torkoal, L88, M|156/266\n|switch|p2a: Illumise|Illumise, L91, F|266/266\n|-weather|SunnyDay|[from] ability: Drought|[of] p1a: Torkoal\n|turn|23\n|\n|t:|1782905585\n|move|p2a: Illumise|Thunder Wave|p1a: Torkoal\n|-status|p1a: Torkoal|par\n|move|p1a: Torkoal|Lava Plume|p2a: Illumise\n|-supereffective|p2a: Illumise\n|-damage|p2a: Illumise|26/266\n|\n|-weather|SunnyDay|[upkeep]\n|upkeep\n|turn|24\n|\n|t:|1782905588\n|move|p2a: Illumise|Roost|p2a: Illumise\n|-heal|p2a: Illumise|159/266\n|-singleturn|p2a: Illumise|move: Roost\n|move|p1a: Torkoal|Lava Plume|p2a: Illumise\n|-supereffective|p2a: Illumise\n|-damage|p2a: Illumise|0 fnt\n|faint|p2a: Illumise\n|\n|-weather|SunnyDay|[upkeep]\n|upkeep\n|\n|t:|1782905589\n|switch|p2a: Clefable|Clefable, L83, F|293/293\n|-damage|p2a: Clefable|257/293|[from] Stealth Rock\n|turn|25\n|\n|t:|1782905593\n|move|p2a: Clefable|Moonblast|p1a: Torkoal\n|-resisted|p1a: Torkoal\n|-damage|p1a: Torkoal|105/266 par\n|-unboost|p1a: Torkoal|spa|1\n|cant|p1a: Torkoal|par\n|\n|-weather|SunnyDay|[upkeep]\n|-heal|p2a: Clefable|275/293|[from] item: Leftovers\n|upkeep\n|turn|26\n|\n|t:|1782905596\n|move|p2a: Clefable|Moonblast|p1a: Torkoal\n|-resisted|p1a: Torkoal\n|-damage|p1a: Torkoal|47/266 par\n|move|p1a: Torkoal|Lava Plume|p2a: Clefable\n|-damage|p2a: Clefable|149/293\n|\n|-weather|SunnyDay|[upkeep]\n|-heal|p2a: Clefable|167/293|[from] item: Leftovers\n|upkeep\n|turn|27\n|\n|t:|1782905601\n|move|p2a: Clefable|Moonblast|p1a: Torkoal\n|-resisted|p1a: Torkoal\n|-damage|p1a: Torkoal|0 fnt\n|faint|p1a: Torkoal\n|\n|-weather|none\n|-heal|p2a: Clefable|185/293|[from] item: Leftovers\n|upkeep\n|\n|t:|1782905603\n|switch|p1a: Ludicolo|Ludicolo, L90, F|290/290\n|turn|28\n|\n|t:|1782905605\n|move|p1a: Ludicolo|Hydro Pump|p2a: Clefable\n|-damage|p2a: Clefable|10/293\n|move|p2a: Clefable|Thunder Wave|p1a: Ludicolo\n|-status|p1a: Ludicolo|par\n|\n|-heal|p2a: Clefable|28/293|[from] item: Leftovers\n|upkeep\n|turn|29\n|\n|t:|1782905608\n|move|p2a: Clefable|Moonlight|p2a: Clefable\n|-heal|p2a: Clefable|174/293\n|move|p1a: Ludicolo|Hydro Pump|p2a: Clefable\n|-damage|p2a: Clefable|0 fnt\n|faint|p2a: Clefable\n|\n|upkeep\n|\n|t:|1782905609\n|switch|p2a: Jumpluff|Jumpluff, L87, F|271/271\n|-damage|p2a: Jumpluff|204/271|[from] Stealth Rock\n|turn|30\n|\n|t:|1782905614\n|move|p2a: Jumpluff|Acrobatics|p1a: Ludicolo\n|-supereffective|p1a: Ludicolo\n|-damage|p1a: Ludicolo|110/290 par\n|move|p1a: Ludicolo|Hydro Pump|p2a: Jumpluff|[miss]\n|-miss|p1a: Ludicolo|p2a: Jumpluff\n|\n|upkeep\n|turn|31\n|\n|t:|1782905617\n|move|p2a: Jumpluff|Acrobatics|p1a: Ludicolo\n|-supereffective|p1a: Ludicolo\n|-damage|p1a: Ludicolo|0 fnt\n|faint|p1a: Ludicolo\n|\n|win|jnpr010334\n|raw|Admuzensky's rating: 1738 &rarr; <strong>1718</strong><br />(-20 for losing)\n|raw|jnpr010334's rating: 1746 &rarr; <strong>1766</strong><br />(+20 for winning)\n", "inputlog": ">version f8ac14003a5f27e1bdc8d8c59608a773c1cb96e5\n>start {\"formatid\":\"gen9randombattle\",\"seed\":\"sodium,92de008d512a554da5a759b020e834a5\",\"rated\":\"Rated battle\"}\n>player p1 {\"name\":\"Admuzensky\",\"avatar\":\"caitlin\",\"rating\":1738,\"seed\":\"sodium,67b90d4d7ae83c14c3e59bc90aec01ee\"}\n>player p2 {\"name\":\"jnpr010334\",\"avatar\":\"265\",\"rating\":1722,\"seed\":\"sodium,65ff53a29c2abd712a7c683e4ce9ebf2\"}\n>p1 move calmmind\n>p2 move quiverdance\n>p1 move calmmind\n>p2 move fierydance\n>p1 move shadowball\n>p2 move fierydance\n>p1 move strengthsap\n>p2 move fierydance\n>p1 move shadowball\n>p2 move fierydance\n>p2 switch 6\n>p1 switch 4\n>p2 move knockoff\n>p1 move bodypress\n>p2 move brickbreak\n>p1 move bodypress\n>p2 move brickbreak\n>p1 switch 3\n>p1 move stealthrock\n>p2 move doubleedge\n>p2 switch 3\n>p1 move yawn\n>p2 move dragondance\n>p1 move lavaplume\n>p2 move boltstrike\n>p1 switch 2\n>p2 move boltstrike\n>p1 move coil\n>p2 move boltstrike\n>p1 move roost\n>p2 move boltstrike terastallize\n>p1 move roost\n>p2 move boltstrike\n>p1 move coil\n>p2 move boltstrike\n>p1 move roost\n>p2 move boltstrike\n>p1 move coil\n>p2 move boltstrike\n>p1 move roost\n>p2 move boltstrike\n>p1 switch 6\n>p1 switch 4\n>p2 move dragondance\n>p1 move strengthsap\n>p2 move outrage\n>p1 switch 4\n>p1 move wavecrash terastallize\n>p2 move outrage\n>p1 switch 2\n>p2 switch 5\n>p1 move lavaplume\n>p2 move thunderwave\n>p1 move lavaplume\n>p2 move roost\n>p2 switch 2\n>p1 move yawn\n>p2 move moonblast\n>p1 move lavaplume\n>p2 move moonblast\n>p1 move lavaplume\n>p2 move moonblast\n>p1 switch 5\n>p1 move hydropump\n>p2 move thunderwave\n>p1 move hydropump\n>p2 move moonlight\n>p2 switch 4\n>p1 move hydropump\n>p2 move acrobatics\n>p1 move hydropump\n>p2 move acrobatics", "uploadtime": 1782905617, "views": 3, "formatid": "gen9randombattle", "rating": 1718, "private": 0, "password": null, "player_dets": [{"name": "Admuzensky", "avatar": "caitlin", "rating": 1738, "seed": "sodium,67b90d4d7ae83c14c3e59bc90aec01ee"}, {"name": "jnpr010334", "avatar": "265", "rating": 1722, "seed": "sodium,65ff53a29c2abd712a7c683e4ce9ebf2"}], "teams_full": [{"Sinistcha": {"name": "Sinistcha", "species": "Sinistcha", "speciesId": "sinistcha", "gender": "N", "shiny": false, "level": 83, "moves": ["strengthsap", "matchagotcha", "shadowball", "calmmind"], "ability": "Heatproof", "evs": {"hp": 85, "atk": 0, "def": 85, "spa": 85, "spd": 85, "spe": 85}, "ivs": {"hp": 31, "atk": 0, "def": 31, "spa": 31, "spd": 31, "spe": 31}, "item": "Leftovers", "teraType": "Steel", "role": "Bulky Setup", "bvs": {"hp": 71, "atk": 60, "def": 106, "spa": 121, "spd": 80, "spe": 70}, "stats": {"hp": 254, "atk": 104, "def": 224, "spa": 249, "spd": 180, "spe": 164}, "types": ["Grass", "Ghost"]}, "Dunsparce": {"name": "Dunsparce", "species": "Dunsparce", "speciesId": "dunsparce", "gender": "F", "shiny": false, "level": 86, "moves": ["roost", "bodyslam", "earthquake", "coil"], "ability": "Serene Grace", "evs": {"hp": 85, "atk": 85, "def": 85, "spa": 85, "spd": 85, "spe": 85}, "ivs": {"hp": 31, "atk": 31, "def": 31, "spa": 31, "spd": 31, "spe": 31}, "item": "Eviolite", "teraType": "Ghost", "role": "Bulky Setup", "bvs": {"hp": 100, "atk": 70, "def": 70, "spa": 65, "spd": 65, "spe": 45}, "stats": {"hp": 312, "atk": 170, "def": 170, "spa": 161, "spd": 161, "spe": 127}, "types": ["Normal"]}, "Torkoal": {"name": "Torkoal", "species": "Torkoal", "speciesId": "torkoal", "gender": "M", "shiny": false, "level": 88, "moves": ["yawn", "lavaplume", "stealthrock", "rapidspin"], "ability": "Drought", "evs": {"hp": 85, "atk": 85, "def": 85, "spa": 85, "spd": 85, "spe": 85}, "ivs": {"hp": 31, "atk": 31, "def": 31, "spa": 31, "spd": 31, "spe": 31}, "item": "Heavy-Duty Boots", "teraType": "Dragon", "role": "Bulky Support", "bvs": {"hp": 70, "atk": 85, "def": 140, "spa": 85, "spd": 70, "spe": 20}, "stats": {"hp": 266, "atk": 200, "def": 297, "spa": 200, "spd": 173, "spe": 85}, "types": ["Fire"]}, "Registeel": {"name": "Registeel", "species": "Registeel", "speciesId": "registeel", "gender": "N", "shiny": false, "level": 81, "moves": ["irondefense", "bodypress", "thunderwave", "ironhead"], "ability": "Clear Body", "evs": {"hp": 85, "atk": 85, "def": 85, "spa": 85, "spd": 85, "spe": 85}, "ivs": {"hp": 31, "atk": 31, "def": 31, "spa": 31, "spd": 31, "spe": 31}, "item": "Leftovers", "teraType": "Fighting", "role": "Bulky Support", "bvs": {"hp": 80, "atk": 75, "def": 150, "spa": 75, "spd": 150, "spe": 50}, "stats": {"hp": 262, "atk": 168, "def": 290, "spa": 168, "spd": 290, "spe": 128}, "types": ["Steel"]}, "Ludicolo": {"name": "Ludicolo", "species": "Ludicolo", "speciesId": "ludicolo", "gender": "F", "shiny": false, "level": 90, "moves": ["leafstorm", "gigadrain", "hydropump", "icebeam"], "ability": "Swift Swim", "evs": {"hp": 85, "atk": 0, "def": 85, "spa": 85, "spd": 85, "spe": 85}, "ivs": {"hp": 31, "atk": 0, "def": 31, "spa": 31, "spd": 31, "spe": 31}, "item": "Choice Specs", "teraType": "Grass", "role": "Fast Attacker", "bvs": {"hp": 80, "atk": 70, "def": 70, "spa": 90, "spd": 100, "spe": 70}, "stats": {"hp": 290, "atk": 131, "def": 177, "spa": 213, "spd": 231, "spe": 177}, "types": ["Water", "Grass"]}, "Palafin": {"name": "Palafin", "species": "Palafin", "speciesId": "palafin", "gender": "F", "shiny": false, "level": 77, "moves": ["wavecrash", "closecombat", "jetpunch", "flipturn"], "ability": "Zero to Hero", "evs": {"hp": 85, "atk": 85, "def": 85, "spa": 85, "spd": 85, "spe": 85}, "ivs": {"hp": 31, "atk": 31, "def": 31, "spa": 31, "spd": 31, "spe": 31}, "item": "Choice Band", "teraType": "Water", "role": "Wallbreaker", "bvs": {"hp": 100, "atk": 70, "def": 72, "spa": 53, "spd": 62, "spe": 100}, "stats": {"hp": 281, "atk": 152, "def": 155, "spa": 126, "spd": 140, "spe": 199}, "types": ["Water"]}}, {"Volcarona": {"name": "Volcarona", "species": "Volcarona", "speciesId": "volcarona", "gender": "F", "shiny": false, "level": 77, "moves": ["morningsun", "quiverdance", "fierydance", "gigadrain"], "ability": "Flame Body", "evs": {"hp": 85, "atk": 0, "def": 85, "spa": 85, "spd": 85, "spe": 85}, "ivs": {"hp": 31, "atk": 0, "def": 31, "spa": 31, "spd": 31, "spe": 31}, "item": "Heavy-Duty Boots", "teraType": "Fire", "role": "Fast Bulky Setup", "bvs": {"hp": 85, "atk": 60, "def": 65, "spa": 135, "spd": 105, "spe": 100}, "stats": {"hp": 257, "atk": 97, "def": 145, "spa": 252, "spd": 206, "spe": 199}, "types": ["Bug", "Fire"]}, "Clefable": {"name": "Clefable", "species": "Clefable", "speciesId": "clefable", "gender": "F", "shiny": false, "level": 83, "moves": ["moonlight", "knockoff", "moonblast", "thunderwave"], "ability": "Unaware", "evs": {"hp": 85, "atk": 85, "def": 85, "spa": 85, "spd": 85, "spe": 85}, "ivs": {"hp": 31, "atk": 31, "def": 31, "spa": 31, "spd": 31, "spe": 31}, "item": "Leftovers", "teraType": "Steel", "role": "Bulky Support", "bvs": {"hp": 95, "atk": 70, "def": 73, "spa": 95, "spd": 90, "spe": 60}, "stats": {"hp": 293, "atk": 164, "def": 169, "spa": 205, "spd": 197, "spe": 147}, "types": ["Fairy"]}, "Zekrom": {"name": "Zekrom", "species": "Zekrom", "speciesId": "zekrom", "gender": "N", "shiny": false, "level": 71, "moves": ["dragondance", "boltstrike", "outrage", "substitute"], "ability": "Teravolt", "evs": {"hp": 85, "atk": 85, "def": 85, "spa": 85, "spd": 85, "spe": 85}, "ivs": {"hp": 31, "atk": 31, "def": 31, "spa": 31, "spd": 31, "spe": 31}, "item": "Leftovers", "teraType": "Fairy", "role": "Setup Sweeper", "bvs": {"hp": 100, "atk": 150, "def": 120, "spa": 120, "spd": 100, "spe": 90}, "stats": {"hp": 259, "atk": 254, "def": 212, "spa": 212, "spd": 183, "spe": 169}, "types": ["Dragon", "Electric"]}, "Jumpluff": {"name": "Jumpluff", "species": "Jumpluff", "speciesId": "jumpluff", "gender": "F", "shiny": false, "level": 87, "moves": ["substitute", "acrobatics", "leechseed", "strengthsap"], "ability": "Infiltrator", "evs": {"hp": 81, "atk": 85, "def": 85, "spa": 85, "spd": 85, "spe": 85}, "ivs": {"hp": 31, "atk": 31, "def": 31, "spa": 31, "spd": 31, "spe": 31}, "item": "", "teraType": "Steel", "role": "Bulky Support", "bvs": {"hp": 75, "atk": 55, "def": 70, "spa": 55, "spd": 95, "spe": 110}, "stats": {"hp": 271, "atk": 145, "def": 172, "spa": 145, "spd": 215, "spe": 241}, "types": ["Grass", "Flying"]}, "Illumise": {"name": "Illumise", "species": "Illumise", "speciesId": "illumise", "gender": "F", "shiny": false, "level": 91, "moves": ["roost", "encore", "thunderwave", "bugbuzz"], "ability": "Prankster", "evs": {"hp": 85, "atk": 0, "def": 85, "spa": 85, "spd": 85, "spe": 85}, "ivs": {"hp": 31, "atk": 0, "def": 31, "spa": 31, "spd": 31, "spe": 31}, "item": "Heavy-Duty Boots", "teraType": "Steel", "role": "Bulky Support", "bvs": {"hp": 65, "atk": 47, "def": 75, "spa": 73, "spd": 85, "spe": 85}, "stats": {"hp": 266, "atk": 90, "def": 188, "spa": 185, "spd": 207, "spe": 207}, "types": ["Bug"]}, "Furret": {"name": "Furret", "species": "Furret", "speciesId": "furret", "gender": "F", "shiny": false, "level": 94, "moves": ["brickbreak", "tidyup", "knockoff", "doubleedge"], "ability": "Frisk", "evs": {"hp": 85, "atk": 85, "def": 85, "spa": 85, "spd": 85, "spe": 85}, "ivs": {"hp": 31, "atk": 31, "def": 31, "spa": 31, "spd": 31, "spe": 31}, "item": "Life Orb", "teraType": "Ghost", "role": "Setup Sweeper", "bvs": {"hp": 85, "atk": 76, "def": 64, "spa": 45, "spd": 55, "spe": 90}, "stats": {"hp": 312, "atk": 196, "def": 174, "spa": 138, "spd": 157, "spe": 223}, "types": ["Normal"]}}]}