{"id": "gen9randombattle-2641911342", "format": "[Gen 9] Random Battle", "players": ["leogg88", "simplyjoshie1998"], "log": "|j|\u2606leogg88\n|j|\u2606simplyjoshie1998\n|t:|1782857436\n|gametype|singles\n|player|p1|leogg88|clerk|1453\n|player|p2|simplyjoshie1998|170|1422\n|gen|9\n|tier|[Gen 9] Random Battle\n|rated|\n|rule|Species Clause: Limit one of each Pok\u00e9mon\n|rule|HP Percentage Mod: HP is shown in percentages\n|rule|Sleep Clause Mod: Limit one foe put to sleep\n|rule|Illusion Level Mod: Illusion disguises the Pok\u00e9mon's true level\n|\n|t:|1782857436\n|teamsize|p1|6\n|teamsize|p2|6\n|start\n|switch|p1a: Salamence|Salamence, L77, F|273/273\n|switch|p2a: Pincurchin|Pincurchin, M|258/258\n|-fieldstart|move: Electric Terrain|[from] ability: Electric Surge|[of] p2a: Pincurchin\n|turn|1\n|inactive|Battle timer is ON: inactive players will automatically lose when time's up. (requested by simplyjoshie1998)\n|\n|t:|1782857445\n|switch|p1a: Wo-Chien|Wo-Chien, L83|277/277\n|-ability|p1a: Wo-Chien|Tablets of Ruin\n|move|p2a: Pincurchin|Zing Zap|p1a: Wo-Chien\n|-resisted|p1a: Wo-Chien\n|-damage|p1a: Wo-Chien|226/277\n|\n|-heal|p1a: Wo-Chien|243/277|[from] item: Leftovers\n|upkeep\n|turn|2\n|\n|t:|1782857467\n|switch|p2a: Espeon|Espeon, L84, F|246/246\n|move|p1a: Wo-Chien|Knock Off|p2a: Espeon\n|-supereffective|p2a: Espeon\n|-damage|p2a: Espeon|18/246\n|-enditem|p2a: Espeon|Life Orb|[from] move: Knock Off|[of] p1a: Wo-Chien\n|\n|-heal|p1a: Wo-Chien|260/277|[from] item: Leftovers\n|upkeep\n|turn|3\n|inactive|leogg88 has 120 seconds left.\n|\n|t:|1782857507\n|-terastallize|p1a: Wo-Chien|Poison\n|move|p2a: Espeon|Alluring Voice|p1a: Wo-Chien\n|-resisted|p1a: Wo-Chien\n|-damage|p1a: Wo-Chien|236/277\n|move|p1a: Wo-Chien|Giga Drain|p2a: Espeon\n|-damage|p2a: Espeon|0 fnt\n|-heal|p1a: Wo-Chien|245/277|[from] drain|[of] p2a: Espeon\n|faint|p2a: Espeon\n|\n|-heal|p1a: Wo-Chien|262/277|[from] item: Leftovers\n|upkeep\n|\n|t:|1782857514\n|switch|p2a: Meowstic|Meowstic, L89, M|277/277\n|turn|4\n|\n|t:|1782857520\n|switch|p1a: Kingambit|Kingambit, L74, M|270/270\n|-terastallize|p2a: Meowstic|Fairy\n|move|p2a: Meowstic|Psychic Noise|p1a: Kingambit\n|-immune|p1a: Kingambit\n|\n|upkeep\n|turn|5\n|\n|t:|1782857528\n|move|p2a: Meowstic|Yawn|p1a: Kingambit\n|-hint|Since gen 7, Dark is immune to Prankster moves.\n|-immune|p1a: Kingambit\n|move|p1a: Kingambit|Swords Dance|p1a: Kingambit\n|-boost|p1a: Kingambit|atk|2\n|\n|-fieldend|move: Electric Terrain\n|upkeep\n|turn|6\n|\n|t:|1782857535\n|move|p2a: Meowstic|Thunder Wave|p1a: Kingambit\n|-hint|Since gen 7, Dark is immune to Prankster moves.\n|-immune|p1a: Kingambit\n|move|p1a: Kingambit|Iron Head|p2a: Meowstic\n|-supereffective|p2a: Meowstic\n|-damage|p2a: Meowstic|0 fnt\n|faint|p2a: Meowstic\n|\n|upkeep\n|c|\u2606simplyjoshie1998|Nah\n|c|\u2606leogg88|pranker !\n|c|\u2606simplyjoshie1998|Fuck this o leave for a week and get this shit\n|inactive|simplyjoshie1998 has 120 seconds left.\n|c|\u2606leogg88|come on\n|c|\u2606simplyjoshie1998|Like I was legit 2k last week\n|c|\u2606simplyjoshie1998|And you have everything you need\n|\n|t:|1782857583\n|switch|p2a: Wugtrio|Wugtrio, L91, M|212/212\n|turn|7\n|c|\u2606simplyjoshie1998|Like it's bullshit\n|c|\u2606simplyjoshie1998|Like watch you will switch to a flying type\n|c|\u2606simplyjoshie1998|I can't do shit\n|inactive|leogg88 has 120 seconds left.\n|\n|t:|1782857616\n|move|p1a: Kingambit|Sucker Punch|p2a: Wugtrio\n|-damage|p2a: Wugtrio|7/212\n|-ability|p2a: Wugtrio|Gooey\n|-unboost|p1a: Kingambit|spe|1\n|move|p2a: Wugtrio|Stomping Tantrum|p1a: Kingambit\n|-supereffective|p1a: Kingambit\n|-damage|p1a: Kingambit|110/270\n|\n|-heal|p1a: Kingambit|126/270|[from] item: Leftovers\n|upkeep\n|turn|8\n|c|\u2606simplyjoshie1998|Rigged against me\n|inactive|simplyjoshie1998 has 120 seconds left.\n|\n|t:|1782857629\n|switch|p2a: Pincurchin|Pincurchin, M|258/258\n|-fieldstart|move: Electric Terrain|[from] ability: Electric Surge|[of] p2a: Pincurchin\n|move|p1a: Kingambit|Sucker Punch||[still]\n|-fail|p1a: Kingambit\n|\n|-heal|p1a: Kingambit|142/270|[from] item: Leftovers\n|upkeep\n|turn|9\n|inactive|leogg88 has 120 seconds left.\n|\n|t:|1782857652\n|move|p1a: Kingambit|Sucker Punch||[still]\n|-fail|p1a: Kingambit\n|move|p2a: Pincurchin|Curse|p2a: Pincurchin\n|-unboost|p2a: Pincurchin|spe|1\n|-boost|p2a: Pincurchin|atk|1\n|-boost|p2a: Pincurchin|def|1\n|\n|-heal|p1a: Kingambit|158/270|[from] item: Leftovers\n|upkeep\n|turn|10\n|inactive|leogg88 has 120 seconds left.\n|\n|t:|1782857664\n|-end|p1a: Kingambit|fallenundefined|[silent]\n|switch|p1a: Slaking|Slaking, L84, M|389/389\n|move|p2a: Pincurchin|Zing Zap|p1a: Slaking\n|-damage|p1a: Slaking|181/389\n|\n|upkeep\n|turn|11\n|inactive|leogg88 has 120 seconds left.\n|\n|t:|1782857672\n|move|p1a: Slaking|Earthquake|p2a: Pincurchin\n|-supereffective|p2a: Pincurchin\n|-damage|p2a: Pincurchin|86/258\n|move|p2a: Pincurchin|Liquidation|p1a: Slaking\n|-damage|p1a: Slaking|68/389\n|\n|-heal|p2a: Pincurchin|102/258|[from] item: Leftovers\n|upkeep\n|turn|12\n|inactive|leogg88 has 120 seconds left.\n|c|\u2606simplyjoshie1998|\ud83e\udd23\n|\n|t:|1782857689\n|switch|p1a: Misdreavus|Misdreavus, L90, F|254/254\n|move|p2a: Pincurchin|Zing Zap|p1a: Misdreavus\n|-damage|p1a: Misdreavus|52/254\n|\n|-heal|p2a: Pincurchin|118/258|[from] item: Leftovers\n|-fieldend|move: Electric Terrain\n|upkeep\n|turn|13\n|c|\u2606simplyjoshie1998|Spoon fed\n|c|\u2606simplyjoshie1998|A win\n|inactive|leogg88 has 120 seconds left.\n|\n|t:|1782857707\n|move|p1a: Misdreavus|Will-O-Wisp|p2a: Pincurchin\n|-status|p2a: Pincurchin|brn\n|move|p2a: Pincurchin|Zing Zap|p1a: Misdreavus\n|-damage|p1a: Misdreavus|0 fnt\n|faint|p1a: Misdreavus\n|\n|-heal|p2a: Pincurchin|134/258 brn|[from] item: Leftovers\n|-damage|p2a: Pincurchin|118/258 brn|[from] brn\n|upkeep\n|\n|t:|1782857712\n|switch|p1a: Slaking|Slaking, L84, M|68/389\n|turn|14\n|\n|t:|1782857717\n|move|p1a: Slaking|Earthquake|p2a: Pincurchin\n|-supereffective|p2a: Pincurchin\n|-damage|p2a: Pincurchin|0 fnt\n|faint|p2a: Pincurchin\n|\n|upkeep\n|\n|t:|1782857721\n|switch|p2a: Wugtrio|Wugtrio, L91, M|7/212\n|turn|15\n|\n|t:|1782857730\n|move|p2a: Wugtrio|Aqua Jet|p1a: Slaking\n|-damage|p1a: Slaking|0 fnt\n|faint|p1a: Slaking\n|\n|upkeep\n|\n|t:|1782857734\n|switch|p1a: Wo-Chien|Wo-Chien, L83, tera:Poison|262/277\n|-ability|p1a: Wo-Chien|Tablets of Ruin\n|turn|16\n|\n|t:|1782857740\n|switch|p2a: Sinistcha|Sinistcha, L83|254/254\n|move|p1a: Wo-Chien|Giga Drain|p2a: Sinistcha\n|-resisted|p2a: Sinistcha\n|-damage|p2a: Sinistcha|214/254\n|-heal|p1a: Wo-Chien|277/277|[from] drain|[of] p2a: Sinistcha\n|\n|-heal|p2a: Sinistcha|229/254|[from] item: Leftovers\n|upkeep\n|turn|17\n|\n|t:|1782857753\n|move|p1a: Wo-Chien|Knock Off|p2a: Sinistcha\n|-supereffective|p2a: Sinistcha\n|-damage|p2a: Sinistcha|59/254\n|-enditem|p2a: Sinistcha|Leftovers|[from] move: Knock Off|[of] p1a: Wo-Chien\n|move|p2a: Sinistcha|Strength Sap|p1a: Wo-Chien\n|-unboost|p1a: Wo-Chien|atk|1\n|-heal|p2a: Sinistcha|248/254\n|\n|upkeep\n|turn|18\n|\n|t:|1782857761\n|move|p2a: Sinistcha|Calm Mind|p2a: Sinistcha\n|-boost|p2a: Sinistcha|spa|1\n|-boost|p2a: Sinistcha|spd|1\n|move|p1a: Wo-Chien|Ruination|p2a: Sinistcha|[miss]\n|-miss|p1a: Wo-Chien|p2a: Sinistcha\n|\n|upkeep\n|turn|19\n|\n|t:|1782857773\n|move|p1a: Wo-Chien|Ruination|p2a: Sinistcha\n|-damage|p2a: Sinistcha|124/254\n|move|p2a: Sinistcha|Shadow Ball|p1a: Wo-Chien\n|-damage|p1a: Wo-Chien|160/277\n|\n|-heal|p1a: Wo-Chien|177/277|[from] item: Leftovers\n|upkeep\n|turn|20\n|\n|t:|1782857783\n|move|p2a: Sinistcha|Strength Sap|p1a: Wo-Chien\n|-unboost|p1a: Wo-Chien|atk|1\n|-heal|p2a: Sinistcha|250/254\n|move|p1a: Wo-Chien|Ruination|p2a: Sinistcha\n|-damage|p2a: Sinistcha|125/254\n|\n|-heal|p1a: Wo-Chien|194/277|[from] item: Leftovers\n|upkeep\n|turn|21\n|\n|t:|1782857790\n|move|p1a: Wo-Chien|Ruination|p2a: Sinistcha\n|-damage|p2a: Sinistcha|63/254\n|move|p2a: Sinistcha|Shadow Ball|p1a: Wo-Chien\n|-damage|p1a: Wo-Chien|82/277\n|\n|-heal|p1a: Wo-Chien|99/277|[from] item: Leftovers\n|upkeep\n|turn|22\n|\n|t:|1782857797\n|move|p2a: Sinistcha|Strength Sap|p1a: Wo-Chien\n|-unboost|p1a: Wo-Chien|atk|1\n|-heal|p2a: Sinistcha|157/254\n|move|p1a: Wo-Chien|Ruination|p2a: Sinistcha\n|-damage|p2a: Sinistcha|79/254\n|\n|-heal|p1a: Wo-Chien|116/277|[from] item: Leftovers\n|upkeep\n|turn|23\n|\n|t:|1782857803\n|move|p1a: Wo-Chien|Knock Off|p2a: Sinistcha\n|-supereffective|p2a: Sinistcha\n|-damage|p2a: Sinistcha|31/254\n|move|p2a: Sinistcha|Shadow Ball|p1a: Wo-Chien\n|-damage|p1a: Wo-Chien|11/277\n|\n|-heal|p1a: Wo-Chien|28/277|[from] item: Leftovers\n|upkeep\n|turn|24\n|\n|t:|1782857811\n|move|p2a: Sinistcha|Strength Sap|p1a: Wo-Chien\n|-unboost|p1a: Wo-Chien|atk|1\n|-heal|p2a: Sinistcha|106/254\n|move|p1a: Wo-Chien|Knock Off|p2a: Sinistcha\n|-supereffective|p2a: Sinistcha\n|-damage|p2a: Sinistcha|70/254\n|\n|-heal|p1a: Wo-Chien|45/277|[from] item: Leftovers\n|upkeep\n|turn|25\n|\n|t:|1782857814\n|move|p2a: Sinistcha|Shadow Ball|p1a: Wo-Chien\n|-damage|p1a: Wo-Chien|0 fnt\n|faint|p1a: Wo-Chien\n|\n|upkeep\n|\n|t:|1782857827\n|switch|p1a: Salamence|Salamence, L77, F|273/273\n|turn|26\n|\n|t:|1782857835\n|move|p1a: Salamence|Dual Wingbeat|p2a: Sinistcha\n|-supereffective|p2a: Sinistcha\n|-damage|p2a: Sinistcha|0 fnt\n|faint|p2a: Sinistcha\n|-ability|p1a: Salamence|Moxie|boost\n|-boost|p1a: Salamence|atk|1\n|-hitcount|p2: Sinistcha|1\n|\n|upkeep\n|\n|t:|1782857841\n|switch|p2a: Wugtrio|Wugtrio, L91, M|7/212\n|turn|27\n|\n|t:|1782857858\n|move|p2a: Wugtrio|Throat Chop|p1a: Salamence\n|-damage|p1a: Salamence|154/273\n|-start|p1a: Salamence|Throat Chop|[silent]\n|move|p1a: Salamence|Dragon Dance|p1a: Salamence\n|-boost|p1a: Salamence|atk|1\n|-boost|p1a: Salamence|spe|1\n|\n|upkeep\n|turn|28\n|c|\u2606simplyjoshie1998|Laughable you hadn't won earlier\n|\n|t:|1782857872\n|move|p1a: Salamence|Roost|p1a: Salamence\n|-heal|p1a: Salamence|273/273\n|-singleturn|p1a: Salamence|move: Roost\n|move|p2a: Wugtrio|Throat Chop|p1a: Salamence\n|-damage|p1a: Salamence|161/273\n|\n|-end|p1a: Salamence|Throat Chop|[silent]\n|upkeep\n|turn|29\n|\n|t:|1782857881\n|move|p1a: Salamence|Dragon Dance|p1a: Salamence\n|-boost|p1a: Salamence|atk|1\n|-boost|p1a: Salamence|spe|1\n|move|p2a: Wugtrio|Throat Chop|p1a: Salamence\n|-damage|p1a: Salamence|44/273\n|-start|p1a: Salamence|Throat Chop|[silent]\n|\n|upkeep\n|turn|30\n|\n|t:|1782857887\n|move|p1a: Salamence|Roost|p1a: Salamence\n|-heal|p1a: Salamence|181/273\n|-singleturn|p1a: Salamence|move: Roost\n|move|p2a: Wugtrio|Throat Chop|p1a: Salamence\n|-damage|p1a: Salamence|55/273\n|\n|-end|p1a: Salamence|Throat Chop|[silent]\n|upkeep\n|turn|31\n|c|\u2606simplyjoshie1998|Bro stop wasting my time\n|\n|t:|1782857898\n|move|p1a: Salamence|Roost|p1a: Salamence\n|-heal|p1a: Salamence|192/273\n|-singleturn|p1a: Salamence|move: Roost\n|move|p2a: Wugtrio|Throat Chop|p1a: Salamence\n|-damage|p1a: Salamence|74/273\n|-start|p1a: Salamence|Throat Chop|[silent]\n|\n|upkeep\n|turn|32\n|c|\u2606simplyjoshie1998|My last mon is fucking grass type\n|\n|t:|1782857911\n|move|p1a: Salamence|Dual Wingbeat|p2a: Wugtrio\n|-damage|p2a: Wugtrio|0 fnt\n|-ability|p2a: Wugtrio|Gooey\n|-unboost|p1a: Salamence|spe|1\n|faint|p2a: Wugtrio\n|-ability|p1a: Salamence|Moxie|boost\n|-boost|p1a: Salamence|atk|1\n|-hitcount|p2: Wugtrio|1\n|\n|-end|p1a: Salamence|Throat Chop|[silent]\n|upkeep\n|\n|t:|1782857913\n|switch|p2a: Shaymin|Shaymin-Sky, L73|266/266\n|turn|33\n|\n|t:|1782857924\n|move|p1a: Salamence|Dual Wingbeat|p2a: Shaymin|[miss]\n|-miss|p1a: Salamence|p2a: Shaymin\n|move|p2a: Shaymin|Air Slash|p1a: Salamence\n|-damage|p1a: Salamence|0 fnt\n|faint|p1a: Salamence\n|\n|upkeep\n|c|\u2606simplyjoshie1998|Like fuck sake wasted my time\n|\n|t:|1782857928\n|switch|p1a: Kingambit|Kingambit, L74, M|158/270\n|-activate|p1a: Kingambit|ability: Supreme Overlord\n|-start|p1a: Kingambit|fallen4|[silent]\n|turn|34\n|c|\u2606simplyjoshie1998|Even coming back\n|\n|t:|1782857939\n|move|p1a: Kingambit|Sucker Punch|p2a: Shaymin\n|-damage|p2a: Shaymin|128/266\n|move|p2a: Shaymin|Earth Power|p1a: Kingambit\n|-supereffective|p1a: Kingambit\n|-damage|p1a: Kingambit|14/270\n|\n|-heal|p1a: Kingambit|30/270|[from] item: Leftovers\n|upkeep\n|turn|35\n|\n|t:|1782857946\n|move|p1a: Kingambit|Sucker Punch||[still]\n|-fail|p1a: Kingambit\n|move|p2a: Shaymin|Synthesis|p2a: Shaymin\n|-heal|p2a: Shaymin|261/266\n|\n|-heal|p1a: Kingambit|46/270|[from] item: Leftovers\n|upkeep\n|turn|36\n|\n|t:|1782857958\n|move|p1a: Kingambit|Sucker Punch|p2a: Shaymin\n|-damage|p2a: Shaymin|132/266\n|move|p2a: Shaymin|Earth Power|p1a: Kingambit\n|-supereffective|p1a: Kingambit\n|-damage|p1a: Kingambit|0 fnt\n|faint|p1a: Kingambit\n|-end|p1a: Kingambit|fallen4|[silent]\n|\n|upkeep\n|\n|t:|1782857963\n|switch|p1a: Ariados|Ariados, L95, M|287/287\n|turn|37\n|\n|t:|1782857976\n|move|p2a: Shaymin|Air Slash|p1a: Ariados\n|-supereffective|p1a: Ariados\n|-damage|p1a: Ariados|147/287\n|cant|p1a: Ariados|flinch\n|\n|upkeep\n|turn|38\n|\n|t:|1782857981\n|move|p1a: Ariados|Sucker Punch|p2a: Shaymin\n|-damage|p2a: Shaymin|54/266\n|move|p2a: Shaymin|Air Slash|p1a: Ariados\n|-supereffective|p1a: Ariados\n|-damage|p1a: Ariados|0 fnt\n|faint|p1a: Ariados\n|\n|win|simplyjoshie1998\n", "inputlog": ">version f8ac14003a5f27e1bdc8d8c59608a773c1cb96e5\n>start {\"formatid\":\"gen9randombattle\",\"seed\":\"sodium,8e630393c275db3d75d0d4355d95aa9e\",\"rated\":\"Rated battle\"}\n>player p1 {\"name\":\"leogg88\",\"avatar\":\"clerk\",\"rating\":1453,\"seed\":\"sodium,1adf9df926b2e6a5b2a963c676dddfce\"}\n>player p2 {\"name\":\"simplyjoshie1998\",\"avatar\":\"170\",\"rating\":1422,\"seed\":\"sodium,1372ead408f0af0008aa3f38b09de3b1\"}\n>p1 switch 5\n>p2 move zingzap\n>p1 move knockoff\n>p2 switch 3\n>p1 move gigadrain terastallize\n>p2 move alluringvoice\n>p2 switch 2\n>p1 switch 4\n>p2 move psychicnoise terastallize\n>p1 move swordsdance\n>p2 move yawn\n>p1 move ironhead\n>p2 move thunderwave\n>chat \u2606simplyjoshie1998|Nah \n>chat \u2606leogg88|pranker ! \n>chat \u2606simplyjoshie1998|Fuck this o leave for a week and get this shit\n>chat \u2606leogg88|come on\n>chat \u2606simplyjoshie1998|Like I was legit 2k last week \n>chat \u2606simplyjoshie1998|And you have everything you need \n>p2 switch 4\n>chat \u2606simplyjoshie1998|Like it's bullshit \n>chat \u2606simplyjoshie1998|Like watch you will switch to a flying type \n>chat \u2606simplyjoshie1998|I can't do shit \n>p1 move suckerpunch\n>p2 move stompingtantrum\n>chat \u2606simplyjoshie1998|Rigged against me \n>p1 move suckerpunch\n>p2 switch 3\n>p1 move suckerpunch\n>p2 move curse\n>p1 switch 2\n>p2 move zingzap\n>p1 move earthquake\n>p2 move liquidation\n>chat \u2606simplyjoshie1998|\ud83e\udd23\n>p1 switch 3\n>p2 move zingzap\n>chat \u2606simplyjoshie1998|Spoon fed\n>chat \u2606simplyjoshie1998|A win \n>p1 move willowisp\n>p2 move zingzap\n>p1 switch 3\n>p1 move earthquake\n>p2 move zingzap\n>p2 switch 3\n>p1 move earthquake\n>p2 move aquajet\n>p1 switch 4\n>p1 move gigadrain\n>p2 switch 6\n>p1 move knockoff\n>p2 move strengthsap\n>p1 move ruination\n>p2 move calmmind\n>p1 move ruination\n>p2 move shadowball\n>p1 move ruination\n>p2 move strengthsap\n>p1 move ruination\n>p2 move shadowball\n>p1 move ruination\n>p2 move strengthsap\n>p1 move knockoff\n>p2 move shadowball\n>p1 move knockoff\n>p2 move strengthsap\n>p1 move knockoff\n>p2 move shadowball\n>p1 switch 5\n>p1 move dualwingbeat\n>p2 move strengthsap\n>p2 switch 6\n>p1 move dragondance\n>p2 move throatchop\n>chat \u2606simplyjoshie1998|Laughable you hadn't won earlier \n>p1 move roost\n>p2 move throatchop\n>p1 move dragondance\n>p2 move throatchop\n>p1 move roost\n>p2 move throatchop\n>chat \u2606simplyjoshie1998|Bro stop wasting my time \n>p1 move roost\n>p2 move throatchop\n>chat \u2606simplyjoshie1998|My last mon is fucking grass type \n>p1 move dualwingbeat\n>p2 move throatchop\n>p2 switch 5\n>p1 move dualwingbeat\n>p2 move airslash\n>chat \u2606simplyjoshie1998|Like fuck sake wasted my time \n>p1 switch 2\n>chat \u2606simplyjoshie1998|Even coming back \n>p1 move suckerpunch\n>p2 move earthpower\n>p1 move suckerpunch\n>p2 move synthesis\n>p1 move suckerpunch\n>p2 move earthpower\n>p1 switch 6\n>p1 move poisonjab\n>p2 move airslash\n>p1 move suckerpunch\n>p2 move airslash", "uploadtime": 1782857555, "views": 4, "formatid": "gen9randombattle", "rating": null, "private": 0, "password": null, "player_dets": [{"name": "leogg88", "avatar": "clerk", "rating": 1453, "seed": "sodium,1adf9df926b2e6a5b2a963c676dddfce"}, {"name": "simplyjoshie1998", "avatar": "170", "rating": 1422, "seed": "sodium,1372ead408f0af0008aa3f38b09de3b1"}], "teams_full": [{"Salamence": {"name": "Salamence", "species": "Salamence", "speciesId": "salamence", "gender": "F", "shiny": false, "level": 77, "moves": ["roost", "dragondance", "outrage", "dualwingbeat"], "ability": "Moxie", "evs": {"hp": 85, "atk": 85, "def": 85, "spa": 85, "spd": 85, "spe": 85}, "ivs": {"hp": 31, "atk": 31, "def": 31, "spa": 31, "spd": 31, "spe": 31}, "item": "Heavy-Duty Boots", "teraType": "Dragon", "role": "Setup Sweeper", "bvs": {"hp": 95, "atk": 135, "def": 80, "spa": 110, "spd": 80, "spe": 100}, "stats": {"hp": 273, "atk": 252, "def": 168, "spa": 214, "spd": 168, "spe": 199}, "types": ["Dragon", "Flying"]}, "Slaking": {"name": "Slaking", "species": "Slaking", "speciesId": "slaking", "gender": "M", "shiny": false, "level": 84, "moves": ["doubleedge", "knockoff", "earthquake", "gigaimpact"], "ability": "Truant", "evs": {"hp": 85, "atk": 85, "def": 85, "spa": 85, "spd": 85, "spe": 85}, "ivs": {"hp": 31, "atk": 31, "def": 31, "spa": 31, "spd": 31, "spe": 31}, "item": "Choice Band", "teraType": "Ground", "role": "Wallbreaker", "bvs": {"hp": 150, "atk": 160, "def": 100, "spa": 95, "spd": 65, "spe": 100}, "stats": {"hp": 389, "atk": 317, "def": 216, "spa": 208, "spd": 157, "spe": 216}, "types": ["Normal"]}, "Misdreavus": {"name": "Misdreavus", "species": "Misdreavus", "speciesId": "misdreavus", "gender": "F", "shiny": false, "level": 90, "moves": ["drainingkiss", "willowisp", "shadowball", "calmmind"], "ability": "Levitate", "evs": {"hp": 85, "atk": 0, "def": 85, "spa": 85, "spd": 85, "spe": 85}, "ivs": {"hp": 31, "atk": 0, "def": 31, "spa": 31, "spd": 31, "spe": 31}, "item": "Eviolite", "teraType": "Fairy", "role": "Bulky Setup", "bvs": {"hp": 60, "atk": 60, "def": 60, "spa": 85, "spd": 85, "spe": 85}, "stats": {"hp": 254, "atk": 113, "def": 159, "spa": 204, "spd": 204, "spe": 204}, "types": ["Ghost"]}, "Kingambit": {"name": "Kingambit", "species": "Kingambit", "speciesId": "kingambit", "gender": "M", "shiny": false, "level": 74, "moves": ["kowtowcleave", "suckerpunch", "ironhead", "swordsdance"], "ability": "Supreme Overlord", "evs": {"hp": 85, "atk": 85, "def": 85, "spa": 85, "spd": 85, "spe": 85}, "ivs": {"hp": 31, "atk": 31, "def": 31, "spa": 31, "spd": 31, "spe": 31}, "item": "Leftovers", "teraType": "Flying", "role": "Bulky Attacker", "bvs": {"hp": 100, "atk": 135, "def": 120, "spa": 60, "spd": 85, "spe": 50}, "stats": {"hp": 270, "atk": 243, "def": 221, "spa": 132, "spd": 169, "spe": 117}, "types": ["Dark", "Steel"]}, "Wo-Chien": {"name": "Wo-Chien", "species": "Wo-Chien", "speciesId": "wochien", "gender": "N", "shiny": false, "level": 83, "moves": ["knockoff", "gigadrain", "ruination", "stunspore"], "ability": "Tablets of Ruin", "evs": {"hp": 85, "atk": 85, "def": 85, "spa": 85, "spd": 85, "spe": 85}, "ivs": {"hp": 31, "atk": 31, "def": 31, "spa": 31, "spd": 31, "spe": 31}, "item": "Leftovers", "teraType": "Poison", "role": "Bulky Support", "bvs": {"hp": 85, "atk": 85, "def": 100, "spa": 95, "spd": 135, "spe": 70}, "stats": {"hp": 277, "atk": 189, "def": 214, "spa": 205, "spd": 272, "spe": 164}, "types": ["Dark", "Grass"]}, "Ariados": {"name": "Ariados", "species": "Ariados", "speciesId": "ariados", "gender": "M", "shiny": false, "level": 95, "moves": ["stickyweb", "megahorn", "poisonjab", "suckerpunch"], "ability": "Insomnia", "evs": {"hp": 85, "atk": 85, "def": 85, "spa": 85, "spd": 85, "spe": 85}, "ivs": {"hp": 31, "atk": 31, "def": 31, "spa": 31, "spd": 31, "spe": 31}, "item": "Heavy-Duty Boots", "teraType": "Ghost", "role": "Fast Support", "bvs": {"hp": 70, "atk": 90, "def": 70, "spa": 60, "spd": 70, "spe": 40}, "stats": {"hp": 287, "atk": 225, "def": 187, "spa": 168, "spd": 187, "spe": 130}, "types": ["Bug", "Poison"]}}, {"Pincurchin": {"name": "Pincurchin", "species": "Pincurchin", "speciesId": "pincurchin", "gender": "M", "shiny": false, "level": 100, "moves": ["curse", "recover", "liquidation", "zingzap"], "ability": "Electric Surge", "evs": {"hp": 85, "atk": 85, "def": 85, "spa": 85, "spd": 85, "spe": 85}, "ivs": {"hp": 31, "atk": 31, "def": 31, "spa": 31, "spd": 31, "spe": 31}, "item": "Leftovers", "teraType": "Grass", "role": "Bulky Setup", "bvs": {"hp": 48, "atk": 101, "def": 95, "spa": 91, "spd": 85, "spe": 15}, "stats": {"hp": 258, "atk": 259, "def": 247, "spa": 239, "spd": 227, "spe": 87}, "types": ["Electric"]}, "Meowstic": {"name": "Meowstic", "species": "Meowstic", "speciesId": "meowstic", "gender": "M", "shiny": false, "level": 89, "moves": ["psychicnoise", "yawn", "alluringvoice", "thunderwave"], "ability": "Prankster", "evs": {"hp": 85, "atk": 0, "def": 85, "spa": 85, "spd": 85, "spe": 85}, "ivs": {"hp": 31, "atk": 0, "def": 31, "spa": 31, "spd": 31, "spe": 31}, "item": "Leftovers", "teraType": "Fairy", "role": "Bulky Support", "bvs": {"hp": 74, "atk": 48, "def": 76, "spa": 83, "spd": 81, "spe": 104}, "stats": {"hp": 277, "atk": 90, "def": 186, "spa": 199, "spd": 195, "spe": 236}, "types": ["Psychic"]}, "Espeon": {"name": "Espeon", "species": "Espeon", "speciesId": "espeon", "gender": "F", "shiny": false, "level": 84, "moves": ["psyshock", "morningsun", "calmmind", "alluringvoice"], "ability": "Magic Bounce", "evs": {"hp": 85, "atk": 0, "def": 85, "spa": 85, "spd": 85, "spe": 85}, "ivs": {"hp": 31, "atk": 0, "def": 31, "spa": 31, "spd": 31, "spe": 31}, "item": "Life Orb", "teraType": "Fairy", "role": "Fast Attacker", "bvs": {"hp": 65, "atk": 65, "def": 60, "spa": 130, "spd": 95, "spe": 110}, "stats": {"hp": 246, "atk": 114, "def": 149, "spa": 267, "spd": 208, "spe": 233}, "types": ["Psychic"]}, "Wugtrio": {"name": "Wugtrio", "species": "Wugtrio", "speciesId": "wugtrio", "gender": "M", "shiny": false, "level": 91, "moves": ["aquajet", "stompingtantrum", "throatchop", "liquidation"], "ability": "Gooey", "evs": {"hp": 85, "atk": 85, "def": 85, "spa": 85, "spd": 85, "spe": 85}, "ivs": {"hp": 31, "atk": 31, "def": 31, "spa": 31, "spd": 31, "spe": 31}, "item": "Choice Band", "teraType": "Water", "role": "Fast Attacker", "bvs": {"hp": 35, "atk": 100, "def": 50, "spa": 50, "spd": 70, "spe": 120}, "stats": {"hp": 212, "atk": 234, "def": 143, "spa": 143, "spd": 179, "spe": 270}, "types": ["Water"]}, "Shaymin": {"name": "Shaymin", "species": "Shaymin-Sky", "speciesId": "shayminsky", "gender": "N", "shiny": false, "level": 73, "moves": ["airslash", "seedflare", "synthesis", "earthpower"], "ability": "Serene Grace", "evs": {"hp": 85, "atk": 0, "def": 85, "spa": 85, "spd": 85, "spe": 85}, "ivs": {"hp": 31, "atk": 0, "def": 31, "spa": 31, "spd": 31, "spe": 31}, "item": "Heavy-Duty Boots", "teraType": "Water", "role": "Bulky Attacker", "bvs": {"hp": 100, "atk": 103, "def": 75, "spa": 120, "spd": 75, "spe": 127}, "stats": {"hp": 266, "atk": 155, "def": 152, "spa": 218, "spd": 152, "spe": 228}, "types": ["Grass", "Flying"]}, "Sinistcha": {"name": "Sinistcha", "species": "Sinistcha", "speciesId": "sinistcha", "gender": "N", "shiny": false, "level": 83, "moves": ["matchagotcha", "shadowball", "calmmind", "strengthsap"], "ability": "Heatproof", "evs": {"hp": 85, "atk": 0, "def": 85, "spa": 85, "spd": 85, "spe": 85}, "ivs": {"hp": 31, "atk": 0, "def": 31, "spa": 31, "spd": 31, "spe": 31}, "item": "Leftovers", "teraType": "Steel", "role": "Bulky Setup", "bvs": {"hp": 71, "atk": 60, "def": 106, "spa": 121, "spd": 80, "spe": 70}, "stats": {"hp": 254, "atk": 104, "def": 224, "spa": 249, "spd": 180, "spe": 164}, "types": ["Grass", "Ghost"]}}]}