{"id": "gen9randombattle-2642129882", "format": "[Gen 9] Random Battle", "players": ["nnmooop", "lilboymp4"], "log": "|j|\u2606nnmooop\n|j|\u2606lilboymp4\n|t:|1782896365\n|gametype|singles\n|player|p1|nnmooop|1|1730\n|player|p2|lilboymp4|2|1716\n|gen|9\n|tier|[Gen 9] Random Battle\n|rated|\n|rule|Species Clause: Limit one of each Pok\u00e9mon\n|rule|HP Percentage Mod: HP is shown in percentages\n|rule|Sleep Clause Mod: Limit one foe put to sleep\n|rule|Illusion Level Mod: Illusion disguises the Pok\u00e9mon's true level\n|\n|t:|1782896365\n|teamsize|p1|6\n|teamsize|p2|6\n|start\n|switch|p1a: Avalugg|Avalugg, L88, F|310/310\n|switch|p2a: Scyther|Scyther, L82, F|249/249\n|turn|1\n|inactive|Battle timer is ON: inactive players will automatically lose when time's up. (requested by nnmooop)\n|\n|t:|1782896395\n|switch|p2a: Arcanine|Arcanine-Hisui, L79, M|280/280\n|move|p1a: Avalugg|Avalanche|p2a: Arcanine\n|-resisted|p2a: Arcanine\n|-damage|p2a: Arcanine|235/280\n|\n|upkeep\n|turn|2\n|\n|t:|1782896401\n|switch|p1a: Garchomp|Garchomp, L74, M|282/282\n|move|p2a: Arcanine|Head Smash|p1a: Garchomp\n|-resisted|p1a: Garchomp\n|-damage|p1a: Garchomp|203/282\n|-damage|p2a: Arcanine|200/280|[from] ability: Rough Skin|[of] p1a: Garchomp\n|-damage|p2a: Arcanine|154/280|[from] item: Rocky Helmet|[of] p1a: Garchomp\n|\n|upkeep\n|turn|3\n|\n|t:|1782896412\n|switch|p2a: Scyther|Scyther, L82, F|249/249\n|move|p1a: Garchomp|Spikes|p2a: Scyther\n|-sidestart|p2: lilboymp4|Spikes\n|\n|upkeep\n|turn|4\n|\n|t:|1782896417\n|switch|p1a: Avalugg|Avalugg, L88, F|310/310\n|move|p2a: Scyther|Dual Wingbeat|p1a: Avalugg\n|-damage|p1a: Avalugg|271/310\n|-damage|p1a: Avalugg|237/310\n|-hitcount|p1a: Avalugg|2\n|\n|upkeep\n|turn|5\n|\n|t:|1782896421\n|move|p2a: Scyther|Close Combat|p1a: Avalugg\n|-supereffective|p1a: Avalugg\n|-damage|p1a: Avalugg|151/310\n|-unboost|p2a: Scyther|def|1\n|-unboost|p2a: Scyther|spd|1\n|move|p1a: Avalugg|Body Press|p2a: Scyther\n|-resisted|p2a: Scyther\n|-damage|p2a: Scyther|218/249\n|\n|upkeep\n|turn|6\n|\n|t:|1782896427\n|move|p2a: Scyther|Close Combat|p1a: Avalugg\n|-supereffective|p1a: Avalugg\n|-damage|p1a: Avalugg|55/310\n|-unboost|p2a: Scyther|def|1\n|-unboost|p2a: Scyther|spd|1\n|move|p1a: Avalugg|Recover|p1a: Avalugg\n|-heal|p1a: Avalugg|210/310\n|\n|upkeep\n|turn|7\n|\n|t:|1782896439\n|switch|p2a: Qwilfish|Qwilfish, L86, M|252/252\n|-ability|p2a: Qwilfish|Intimidate|boost\n|-unboost|p1a: Avalugg|atk|1\n|move|p1a: Avalugg|Body Press|p2a: Qwilfish\n|-resisted|p2a: Qwilfish\n|-damage|p2a: Qwilfish|198/252\n|\n|upkeep\n|turn|8\n|\n|t:|1782896443\n|switch|p1a: Hypno|Hypno, L95, F|315/315\n|move|p2a: Qwilfish|Toxic Spikes|p1a: Hypno\n|-sidestart|p1: nnmooop|move: Toxic Spikes\n|\n|upkeep\n|turn|9\n|\n|t:|1782896453\n|move|p2a: Qwilfish|Flip Turn|p1a: Hypno\n|-damage|p1a: Hypno|246/315\n|\n|t:|1782896455\n|switch|p2a: Greninja|Greninja, L80, M|246/246|[from] Flip Turn\n|-damage|p2a: Greninja|216/246|[from] Spikes\n|move|p1a: Hypno|Psychic Noise|p2a: Greninja\n|-immune|p2a: Greninja\n|\n|-heal|p1a: Hypno|265/315|[from] item: Leftovers\n|upkeep\n|turn|10\n|\n|t:|1782896465\n|move|p1a: Hypno|Protect|p1a: Hypno\n|-singleturn|p1a: Hypno|Protect\n|move|p2a: Greninja|Spikes|p1a: Hypno\n|-start|p2a: Greninja|typechange|Ground|[from] ability: Protean\n|-sidestart|p1: nnmooop|Spikes\n|\n|-heal|p1a: Hypno|284/315|[from] item: Leftovers\n|upkeep\n|turn|11\n|\n|t:|1782896470\n|move|p2a: Greninja|Spikes|p1a: Hypno\n|-sidestart|p1: nnmooop|Spikes\n|move|p1a: Hypno|Psychic Noise|p2a: Greninja\n|-damage|p2a: Greninja|110/246\n|-start|p2a: Greninja|move: Heal Block\n|\n|-heal|p1a: Hypno|303/315|[from] item: Leftovers\n|upkeep\n|turn|12\n|\n|t:|1782896481\n|move|p2a: Greninja|Ice Beam|p1a: Hypno\n|-damage|p1a: Hypno|247/315\n|-status|p1a: Hypno|frz\n|-damage|p2a: Greninja|86/246|[from] item: Life Orb\n|cant|p1a: Hypno|frz\n|\n|-heal|p1a: Hypno|266/315 frz|[from] item: Leftovers\n|-end|p2a: Greninja|move: Heal Block\n|upkeep\n|turn|13\n|\n|t:|1782896488\n|move|p2a: Greninja|Spikes|p1a: Hypno\n|-sidestart|p1: nnmooop|Spikes\n|-curestatus|p1a: Hypno|frz|[msg]\n|move|p1a: Hypno|Psychic Noise|p2a: Greninja\n|-damage|p2a: Greninja|0 fnt\n|faint|p2a: Greninja\n|\n|-heal|p1a: Hypno|285/315|[from] item: Leftovers\n|upkeep\n|\n|t:|1782896502\n|switch|p2a: Golurk|Golurk, L87|297/297\n|-damage|p2a: Golurk|260/297|[from] Spikes\n|turn|14\n|\n|t:|1782896510\n|move|p1a: Hypno|Psychic Noise|p2a: Golurk\n|-damage|p2a: Golurk|175/297\n|-start|p2a: Golurk|move: Heal Block\n|move|p2a: Golurk|Poltergeist|p1a: Hypno\n|-activate|p1a: Hypno|move: Poltergeist|Leftovers\n|-supereffective|p1a: Hypno\n|-damage|p1a: Hypno|0 fnt\n|faint|p1a: Hypno\n|-damage|p2a: Golurk|146/297|[from] item: Life Orb\n|\n|upkeep\n|\n|t:|1782896522\n|switch|p1a: Feraligatr|Feraligatr, L79, M|264/264\n|-status|p1a: Feraligatr|psn\n|-damage|p1a: Feraligatr|198/264 psn|[from] Spikes\n|turn|15\n|l|\u2606nnmooop\n|inactive|nnmooop disconnected and has a minute to reconnect!\n|player|p1|\n|inactive|nnmooop has 30 seconds to reconnect!\n|inactive|nnmooop has 20 seconds to reconnect!\n|inactive|nnmooop has 15 seconds to reconnect!\n|inactive|nnmooop has 10 seconds to reconnect!\n|inactive|nnmooop has 5 seconds to reconnect!\n|-message|nnmooop lost due to inactivity.\n|\n|win|lilboymp4\n|raw|nnmooop's rating: 1730 &rarr; <strong>1709</strong><br />(-21 for losing)\n|raw|lilboymp4's rating: 1716 &rarr; <strong>1737</strong><br />(+21 for winning)\n", "inputlog": ">version f8ac14003a5f27e1bdc8d8c59608a773c1cb96e5\n>start {\"formatid\":\"gen9randombattle\",\"seed\":\"sodium,769b8c9d260536458cbf02aa44d3c8ef\",\"rated\":\"Rated battle\"}\n>player p1 {\"name\":\"nnmooop\",\"avatar\":\"1\",\"rating\":1730,\"seed\":\"sodium,d8f958e11af02436fe0a692dea8b537d\"}\n>player p2 {\"name\":\"lilboymp4\",\"avatar\":\"2\",\"rating\":1716,\"seed\":\"sodium,271d7d0341ab70616385ac1186c02b48\"}\n>p1 move avalanche\n>p2 switch 2\n>p1 switch 2\n>p2 move headsmash\n>p1 move spikes\n>p2 switch 2\n>p1 switch 2\n>p2 move dualwingbeat\n>p1 move bodypress\n>p2 move closecombat\n>p1 move recover\n>p2 move closecombat\n>p1 move bodypress\n>p2 switch 4\n>p1 switch 6\n>p2 move toxicspikes\n>p1 move psychicnoise\n>p2 move flipturn\n>p2 switch 3\n>p1 move protect\n>p2 move spikes\n>p1 move psychicnoise\n>p2 move spikes\n>p1 move psychicnoise\n>p2 move icebeam\n>p1 move psychicnoise\n>p2 move spikes\n>p2 switch 6\n>p1 move psychicnoise\n>p2 move poltergeist\n>p1 switch 4\n>forcelose p1", "uploadtime": 1782896593, "views": 3, "formatid": "gen9randombattle", "rating": 1709, "private": 0, "password": null, "player_dets": [{"name": "nnmooop", "avatar": "1", "rating": 1730, "seed": "sodium,d8f958e11af02436fe0a692dea8b537d"}, {"name": "lilboymp4", "avatar": "2", "rating": 1716, "seed": "sodium,271d7d0341ab70616385ac1186c02b48"}], "teams_full": [{"Avalugg": {"name": "Avalugg", "species": "Avalugg", "speciesId": "avalugg", "gender": "F", "shiny": false, "level": 88, "moves": ["avalanche", "rapidspin", "bodypress", "recover"], "ability": "Sturdy", "evs": {"hp": 85, "atk": 85, "def": 85, "spa": 85, "spd": 85, "spe": 85}, "ivs": {"hp": 31, "atk": 31, "def": 31, "spa": 31, "spd": 31, "spe": 31}, "item": "Heavy-Duty Boots", "teraType": "Fighting", "role": "Bulky Support", "bvs": {"hp": 95, "atk": 117, "def": 184, "spa": 44, "spd": 46, "spe": 28}, "stats": {"hp": 310, "atk": 256, "def": 374, "spa": 128, "spd": 131, "spe": 100}, "types": ["Ice"]}, "Garchomp": {"name": "Garchomp", "species": "Garchomp", "speciesId": "garchomp", "gender": "M", "shiny": false, "level": 74, "moves": ["earthquake", "outrage", "spikes", "dragontail"], "ability": "Rough Skin", "evs": {"hp": 85, "atk": 85, "def": 85, "spa": 85, "spd": 85, "spe": 85}, "ivs": {"hp": 31, "atk": 31, "def": 31, "spa": 31, "spd": 31, "spe": 31}, "item": "Rocky Helmet", "teraType": "Ground", "role": "Fast Support", "bvs": {"hp": 108, "atk": 130, "def": 95, "spa": 80, "spd": 85, "spe": 102}, "stats": {"hp": 282, "atk": 235, "def": 184, "spa": 161, "spd": 169, "spe": 194}, "types": ["Dragon", "Ground"]}, "Greedent": {"name": "Greedent", "species": "Greedent", "speciesId": "greedent", "gender": "F", "shiny": false, "level": 86, "moves": ["knockoff", "bodyslam", "swordsdance", "earthquake"], "ability": "Cheek Pouch", "evs": {"hp": 85, "atk": 85, "def": 85, "spa": 85, "spd": 85, "spe": 85}, "ivs": {"hp": 31, "atk": 31, "def": 31, "spa": 31, "spd": 31, "spe": 31}, "item": "Sitrus Berry", "teraType": "Ghost", "role": "Bulky Setup", "bvs": {"hp": 120, "atk": 95, "def": 95, "spa": 55, "spd": 75, "spe": 20}, "stats": {"hp": 347, "atk": 213, "def": 213, "spa": 144, "spd": 178, "spe": 84}, "types": ["Normal"]}, "Feraligatr": {"name": "Feraligatr", "species": "Feraligatr", "speciesId": "feraligatr", "gender": "M", "shiny": false, "level": 79, "moves": ["liquidation", "dragondance", "trailblaze", "icepunch"], "ability": "Sheer Force", "evs": {"hp": 85, "atk": 85, "def": 85, "spa": 85, "spd": 85, "spe": 85}, "ivs": {"hp": 31, "atk": 31, "def": 31, "spa": 31, "spd": 31, "spe": 31}, "item": "Life Orb", "teraType": "Water", "role": "Setup Sweeper", "bvs": {"hp": 85, "atk": 105, "def": 100, "spa": 79, "spd": 83, "spe": 78}, "stats": {"hp": 264, "atk": 211, "def": 204, "spa": 170, "spd": 177, "spe": 169}, "types": ["Water"]}, "Klefki": {"name": "Klefki", "species": "Klefki", "speciesId": "klefki", "gender": "M", "shiny": false, "level": 84, "moves": ["thunderwave", "foulplay", "spikes", "dazzlinggleam"], "ability": "Prankster", "evs": {"hp": 85, "atk": 0, "def": 85, "spa": 85, "spd": 85, "spe": 85}, "ivs": {"hp": 31, "atk": 0, "def": 31, "spa": 31, "spd": 31, "spe": 31}, "item": "Leftovers", "teraType": "Flying", "role": "Bulky Attacker", "bvs": {"hp": 57, "atk": 80, "def": 91, "spa": 80, "spd": 87, "spe": 75}, "stats": {"hp": 233, "atk": 139, "def": 201, "spa": 183, "spd": 194, "spe": 174}, "types": ["Steel", "Fairy"]}, "Hypno": {"name": "Hypno", "species": "Hypno", "speciesId": "hypno", "gender": "F", "shiny": false, "level": 95, "moves": ["protect", "focusblast", "psychicnoise", "toxic"], "ability": "Insomnia", "evs": {"hp": 85, "atk": 0, "def": 85, "spa": 85, "spd": 85, "spe": 85}, "ivs": {"hp": 31, "atk": 0, "def": 31, "spa": 31, "spd": 31, "spe": 31}, "item": "Leftovers", "teraType": "Dark", "role": "Bulky Attacker", "bvs": {"hp": 85, "atk": 73, "def": 70, "spa": 73, "spd": 115, "spe": 67}, "stats": {"hp": 315, "atk": 143, "def": 187, "spa": 193, "spd": 272, "spe": 181}, "types": ["Psychic"]}}, {"Scyther": {"name": "Scyther", "species": "Scyther", "speciesId": "scyther", "gender": "F", "shiny": false, "level": 82, "moves": ["dualwingbeat", "swordsdance", "closecombat", "bugbite"], "ability": "Technician", "evs": {"hp": 85, "atk": 85, "def": 85, "spa": 85, "spd": 85, "spe": 85}, "ivs": {"hp": 31, "atk": 31, "def": 31, "spa": 31, "spd": 31, "spe": 31}, "item": "Eviolite", "teraType": "Fighting", "role": "Setup Sweeper", "bvs": {"hp": 70, "atk": 110, "def": 80, "spa": 55, "spd": 80, "spe": 105}, "stats": {"hp": 249, "atk": 228, "def": 178, "spa": 137, "spd": 178, "spe": 219}, "types": ["Bug", "Flying"]}, "Arcanine": {"name": "Arcanine", "species": "Arcanine-Hisui", "speciesId": "arcaninehisui", "gender": "M", "shiny": false, "level": 79, "moves": ["headsmash", "flareblitz", "extremespeed", "morningsun"], "ability": "Rock Head", "evs": {"hp": 85, "atk": 85, "def": 85, "spa": 85, "spd": 85, "spe": 85}, "ivs": {"hp": 31, "atk": 31, "def": 31, "spa": 31, "spd": 31, "spe": 31}, "item": "Heavy-Duty Boots", "teraType": "Normal", "role": "Bulky Attacker", "bvs": {"hp": 95, "atk": 115, "def": 80, "spa": 95, "spd": 80, "spe": 90}, "stats": {"hp": 280, "atk": 227, "def": 172, "spa": 196, "spd": 172, "spe": 188}, "types": ["Fire", "Rock"]}, "Greninja": {"name": "Greninja", "species": "Greninja", "speciesId": "greninja", "gender": "M", "shiny": false, "level": 80, "moves": ["hydropump", "gunkshot", "spikes", "icebeam"], "ability": "Protean", "evs": {"hp": 85, "atk": 85, "def": 85, "spa": 85, "spd": 85, "spe": 85}, "ivs": {"hp": 31, "atk": 31, "def": 31, "spa": 31, "spd": 31, "spe": 31}, "item": "Life Orb", "teraType": "Poison", "role": "Wallbreaker", "bvs": {"hp": 72, "atk": 95, "def": 67, "spa": 103, "spd": 71, "spe": 122}, "stats": {"hp": 246, "atk": 198, "def": 153, "spa": 211, "spd": 160, "spe": 241}, "types": ["Water", "Dark"]}, "Qwilfish": {"name": "Qwilfish", "species": "Qwilfish", "speciesId": "qwilfish", "gender": "M", "shiny": false, "level": 86, "moves": ["flipturn", "toxicspikes", "painsplit", "gunkshot"], "ability": "Intimidate", "evs": {"hp": 85, "atk": 85, "def": 85, "spa": 85, "spd": 85, "spe": 85}, "ivs": {"hp": 31, "atk": 31, "def": 31, "spa": 31, "spd": 31, "spe": 31}, "item": "Heavy-Duty Boots", "teraType": "Grass", "role": "Fast Support", "bvs": {"hp": 65, "atk": 95, "def": 85, "spa": 55, "spd": 55, "spe": 85}, "stats": {"hp": 252, "atk": 213, "def": 195, "spa": 144, "spd": 144, "spe": 195}, "types": ["Water", "Poison"]}, "Grafaiai": {"name": "Grafaiai", "species": "Grafaiai", "speciesId": "grafaiai", "gender": "F", "shiny": false, "level": 86, "moves": ["encore", "partingshot", "knockoff", "gunkshot"], "ability": "Prankster", "evs": {"hp": 85, "atk": 85, "def": 85, "spa": 85, "spd": 85, "spe": 85}, "ivs": {"hp": 31, "atk": 31, "def": 31, "spa": 31, "spd": 31, "spe": 31}, "item": "Heavy-Duty Boots", "teraType": "Dark", "role": "Fast Support", "bvs": {"hp": 63, "atk": 95, "def": 65, "spa": 80, "spd": 72, "spe": 110}, "stats": {"hp": 249, "atk": 213, "def": 161, "spa": 187, "spd": 173, "spe": 238}, "types": ["Poison", "Normal"]}, "Golurk": {"name": "Golurk", "species": "Golurk", "speciesId": "golurk", "gender": "N", "shiny": false, "level": 87, "moves": ["stealthrock", "dynamicpunch", "earthquake", "poltergeist"], "ability": "No Guard", "evs": {"hp": 85, "atk": 85, "def": 85, "spa": 85, "spd": 85, "spe": 85}, "ivs": {"hp": 31, "atk": 31, "def": 31, "spa": 31, "spd": 31, "spe": 31}, "item": "Life Orb", "teraType": "Fighting", "role": "Wallbreaker", "bvs": {"hp": 89, "atk": 124, "def": 80, "spa": 55, "spd": 80, "spe": 55}, "stats": {"hp": 297, "atk": 266, "def": 189, "spa": 145, "spd": 189, "spe": 145}, "types": ["Ground", "Ghost"]}}]}