{"id": "gen9randombattle-2641775093", "format": "[Gen 9] Random Battle", "players": ["Blooodfooort", "THSupernova"], "log": "|j|\u2606Blooodfooort\n|j|\u2606THSupernova\n|t:|1782840425\n|gametype|singles\n|player|p1|Blooodfooort|169|2169\n|player|p2|THSupernova|bellelba|2143\n|gen|9\n|tier|[Gen 9] Random Battle\n|rated|\n|rule|Species Clause: Limit one of each Pok\u00e9mon\n|rule|HP Percentage Mod: HP is shown in percentages\n|rule|Sleep Clause Mod: Limit one foe put to sleep\n|rule|Illusion Level Mod: Illusion disguises the Pok\u00e9mon's true level\n|\n|t:|1782840425\n|teamsize|p1|6\n|teamsize|p2|6\n|start\n|switch|p1a: Iron Hands|Iron Hands, L79|373/373\n|switch|p2a: Brambleghast|Brambleghast, L88, M|240/240\n|turn|1\n|\n|t:|1782840435\n|move|p2a: Brambleghast|Power Whip|p1a: Iron Hands\n|-damage|p1a: Iron Hands|217/373\n|move|p1a: Iron Hands|Volt Switch|p2a: Brambleghast\n|-resisted|p2a: Brambleghast\n|-damage|p2a: Brambleghast|215/240\n|\n|t:|1782840442\n|-end|p1a: Iron Hands|Quark Drive|[silent]\n|switch|p1a: Tornadus|Tornadus-Therian, L79, M|254/254|[from] Volt Switch\n|\n|upkeep\n|turn|2\n|\n|t:|1782840447\n|move|p1a: Tornadus|Knock Off|p2a: Brambleghast\n|-supereffective|p2a: Brambleghast\n|-damage|p2a: Brambleghast|69/240\n|-enditem|p2a: Brambleghast|Heavy-Duty Boots|[from] move: Knock Off|[of] p1a: Tornadus\n|move|p2a: Brambleghast|Poltergeist|p1a: Tornadus\n|-activate|p1a: Tornadus|move: Poltergeist|Assault Vest\n|-damage|p1a: Tornadus|79/254\n|\n|upkeep\n|turn|3\n|\n|t:|1782840457\n|move|p1a: Tornadus|Knock Off|p2a: Brambleghast\n|-supereffective|p2a: Brambleghast\n|-damage|p2a: Brambleghast|0 fnt\n|faint|p2a: Brambleghast\n|\n|upkeep\n|\n|t:|1782840461\n|switch|p2a: Morpeko|Morpeko, L88, F|245/245\n|turn|4\n|\n|t:|1782840463\n|move|p1a: Tornadus|U-turn|p2a: Morpeko\n|-supereffective|p2a: Morpeko\n|-damage|p2a: Morpeko|133/245\n|\n|t:|1782840466\n|switch|p1a: Iron Hands|Iron Hands, L79|217/373|[from] U-turn\n|move|p2a: Morpeko|Parting Shot|p1a: Iron Hands\n|-unboost|p1a: Iron Hands|atk|1\n|-unboost|p1a: Iron Hands|spa|1\n|\n|t:|1782840470\n|switch|p2a: Scovillain|Scovillain, L91, M|266/266|[from] Parting Shot\n|\n|upkeep\n|turn|5\n|\n|t:|1782840474\n|move|p1a: Iron Hands|Fake Out|p2a: Scovillain\n|-damage|p2a: Scovillain|241/266\n|cant|p2a: Scovillain|flinch\n|\n|upkeep\n|turn|6\n|\n|t:|1782840480\n|-end|p1a: Iron Hands|Quark Drive|[silent]\n|switch|p1a: Tornadus|Tornadus-Therian, L79, M|163/254\n|move|p2a: Scovillain|Sunny Day|p2a: Scovillain\n|-weather|SunnyDay\n|\n|-weather|SunnyDay|[upkeep]\n|upkeep\n|turn|7\n|\n|t:|1782840488\n|switch|p1a: Iron Hands|Iron Hands, L79|217/373\n|move|p2a: Scovillain|Fire Blast|p1a: Iron Hands\n|-damage|p1a: Iron Hands|13/373\n|\n|-weather|SunnyDay|[upkeep]\n|upkeep\n|turn|8\n|\n|t:|1782840491\n|move|p1a: Iron Hands|Fake Out|p2a: Scovillain\n|-damage|p2a: Scovillain|205/266\n|cant|p2a: Scovillain|flinch\n|\n|-weather|SunnyDay|[upkeep]\n|upkeep\n|turn|9\n|\n|t:|1782840494\n|move|p2a: Scovillain|Energy Ball|p1a: Iron Hands\n|-damage|p1a: Iron Hands|0 fnt\n|faint|p1a: Iron Hands\n|-end|p1a: Iron Hands|Quark Drive|[silent]\n|\n|-weather|SunnyDay|[upkeep]\n|upkeep\n|\n|t:|1782840503\n|switch|p1a: Hypno|Hypno, L95, F|315/315\n|turn|10\n|\n|t:|1782840514\n|switch|p2a: Chien-Pao|Chien-Pao, L72|234/234\n|-ability|p2a: Chien-Pao|Sword of Ruin\n|move|p1a: Hypno|Toxic|p2a: Chien-Pao\n|-status|p2a: Chien-Pao|tox\n|\n|-weather|none\n|-damage|p2a: Chien-Pao|220/234 tox|[from] psn\n|upkeep\n|turn|11\n|\n|t:|1782840521\n|move|p2a: Chien-Pao|Crunch|p1a: Hypno\n|-supereffective|p1a: Hypno\n|-damage|p1a: Hypno|0 fnt\n|faint|p1a: Hypno\n|\n|-damage|p2a: Chien-Pao|192/234 tox|[from] psn\n|upkeep\n|\n|t:|1782840528\n|switch|p1a: Slaking|Slaking, L84, M|389/389\n|turn|12\n|\n|t:|1782840535\n|switch|p2a: Ampharos|Ampharos, L88, M|302/302\n|move|p1a: Slaking|Double-Edge|p2a: Ampharos\n|-damage|p2a: Ampharos|14/302\n|-status|p1a: Slaking|par|[from] ability: Static|[of] p2a: Ampharos\n|-damage|p1a: Slaking|294/389 par|[from] Recoil\n|\n|upkeep\n|turn|13\n|\n|t:|1782840540\n|move|p2a: Ampharos|Volt Switch|p1a: Slaking\n|-damage|p1a: Slaking|173/389 par\n|\n|t:|1782840553\n|switch|p2a: Cramorant|Cramorant, L86, F|261/261|[from] Volt Switch\n|cant|p1a: Slaking|ability: Truant\n|\n|upkeep\n|turn|14\n|\n|t:|1782840556\n|move|p2a: Cramorant|Surf|p1a: Slaking\n|-formechange|p2a: Cramorant|Cramorant-Gulping|\n|-damage|p1a: Slaking|64/389 par\n|move|p1a: Slaking|Double-Edge|p2a: Cramorant\n|-crit|p2a: Cramorant\n|-damage|p2a: Cramorant|0 fnt\n|-damage|p1a: Slaking|0 fnt|[from] ability: Gulp Missile|[of] p2a: Cramorant\n|-formechange|p2a: Cramorant|Cramorant|\n|faint|p2a: Cramorant\n|faint|p1a: Slaking\n|\n|upkeep\n|\n|t:|1782840565\n|switch|p1a: Tornadus|Tornadus-Therian, L79, M|247/254\n|switch|p2a: Morpeko|Morpeko, L88, F|133/245\n|turn|15\n|\n|t:|1782840569\n|move|p1a: Tornadus|U-turn|p2a: Morpeko\n|-supereffective|p2a: Morpeko\n|-damage|p2a: Morpeko|21/245\n|\n|t:|1782840575\n|switch|p1a: Ludicolo|Ludicolo, L90, M|290/290|[from] U-turn\n|move|p2a: Morpeko|Aura Wheel|p1a: Ludicolo\n|-damage|p1a: Ludicolo|158/290\n|-boost|p2a: Morpeko|spe|1\n|\n|-formechange|p2a: Morpeko|Morpeko-Hangry||[from] ability: Hunger Switch\n|upkeep\n|turn|16\n|\n|t:|1782840581\n|move|p2a: Morpeko|Parting Shot|p1a: Ludicolo\n|-unboost|p1a: Ludicolo|atk|1\n|-unboost|p1a: Ludicolo|spa|1\n|\n|t:|1782840584\n|switch|p2a: Ampharos|Ampharos, L88, M|14/302|[from] Parting Shot\n|move|p1a: Ludicolo|Ice Beam|p2a: Ampharos\n|-damage|p2a: Ampharos|0 fnt\n|faint|p2a: Ampharos\n|\n|upkeep\n|\n|t:|1782840588\n|switch|p2a: Chien-Pao|Chien-Pao, L72|192/234 tox\n|-ability|p2a: Chien-Pao|Sword of Ruin\n|turn|17\n|\n|t:|1782840591\n|move|p2a: Chien-Pao|Crunch|p1a: Ludicolo\n|-crit|p1a: Ludicolo\n|-damage|p1a: Ludicolo|0 fnt\n|faint|p1a: Ludicolo\n|\n|-damage|p2a: Chien-Pao|178/234 tox|[from] psn\n|upkeep\n|\n|t:|1782840608\n|switch|p1a: Gholdengo|Gholdengo, L77|261/261\n|turn|18\n|\n|t:|1782840617\n|switch|p2a: Morpeko|Morpeko, L88, F|21/245\n|-terastallize|p1a: Gholdengo|Water\n|move|p1a: Gholdengo|Make It Rain|p2a: Morpeko\n|-resisted|p2a: Morpeko\n|-damage|p2a: Morpeko|0 fnt\n|-unboost|p1a: Gholdengo|spa|1\n|faint|p2a: Morpeko\n|\n|upkeep\n|\n|t:|1782840622\n|switch|p2a: Scovillain|Scovillain, L91, M|205/266\n|turn|19\n|\n|t:|1782840627\n|move|p2a: Scovillain|Sunny Day|p2a: Scovillain\n|-weather|SunnyDay\n|move|p1a: Gholdengo|Thunder Wave|p2a: Scovillain\n|-status|p2a: Scovillain|par\n|\n|-weather|SunnyDay|[upkeep]\n|upkeep\n|turn|20\n|\n|t:|1782840630\n|switch|p1a: Tornadus|Tornadus-Therian, L79, M|254/254\n|move|p2a: Scovillain|Energy Ball|p1a: Tornadus\n|-resisted|p1a: Tornadus\n|-damage|p1a: Tornadus|210/254\n|\n|-weather|SunnyDay|[upkeep]\n|upkeep\n|turn|21\n|\n|t:|1782840635\n|-terastallize|p2a: Scovillain|Fire\n|move|p1a: Tornadus|Bleakwind Storm|p2a: Scovillain\n|-damage|p2a: Scovillain|75/266 par\n|move|p2a: Scovillain|Fire Blast|p1a: Tornadus\n|-damage|p1a: Tornadus|18/254\n|\n|-weather|SunnyDay|[upkeep]\n|upkeep\n|turn|22\n|\n|t:|1782840639\n|move|p1a: Tornadus|Bleakwind Storm|p2a: Scovillain|[miss]\n|-miss|p1a: Tornadus|p2a: Scovillain\n|move|p2a: Scovillain|Fire Blast|p1a: Tornadus\n|-damage|p1a: Tornadus|0 fnt\n|faint|p1a: Tornadus\n|\n|-weather|SunnyDay|[upkeep]\n|upkeep\n|\n|t:|1782840642\n|switch|p1a: Gholdengo|Gholdengo, L77, tera:Water|261/261\n|turn|23\n|\n|t:|1782840646\n|move|p2a: Scovillain|Energy Ball|p1a: Gholdengo\n|-supereffective|p1a: Gholdengo\n|-damage|p1a: Gholdengo|0 fnt\n|faint|p1a: Gholdengo\n|\n|win|THSupernova\n|raw|Blooodfooort's rating: 2169 &rarr; <strong>2148</strong><br />(-21 for losing)\n|raw|THSupernova's rating: 2143 &rarr; <strong>2164</strong><br />(+21 for winning)\n", "inputlog": ">version f8ac14003a5f27e1bdc8d8c59608a773c1cb96e5\n>start {\"formatid\":\"gen9randombattle\",\"seed\":\"sodium,fe95ac141f8bc9cdb30192b7d715da6b\",\"rated\":\"Rated battle\"}\n>player p1 {\"name\":\"Blooodfooort\",\"avatar\":\"169\",\"rating\":2169,\"seed\":\"sodium,d9caedde630890691c6cae63adfdd346\"}\n>player p2 {\"name\":\"THSupernova\",\"avatar\":\"bellelba\",\"rating\":2143,\"seed\":\"sodium,84d51fe777c4b33258734a2784611c19\"}\n>p1 move voltswitch\n>p2 move powerwhip\n>p1 switch 4\n>p1 move knockoff\n>p2 move poltergeist\n>p1 move knockoff\n>p2 move strengthsap\n>p2 switch 6\n>p1 move uturn\n>p2 move partingshot\n>p1 switch 4\n>p2 switch 2\n>p1 move fakeout\n>p2 move stompingtantrum\n>p1 switch 4\n>p2 move sunnyday\n>p1 switch 4\n>p2 move fireblast\n>p1 move fakeout\n>p2 move energyball\n>p1 move closecombat\n>p2 move energyball\n>p1 switch 6\n>p1 move toxic\n>p2 switch 5\n>p1 move knockoff\n>p2 move crunch\n>p1 switch 5\n>p1 move doubleedge\n>p2 switch 4\n>p1 move doubleedge\n>p2 move voltswitch\n>p2 switch 3\n>p1 move doubleedge\n>p2 move surf\n>p1 switch 4\n>p2 switch 2\n>p1 move uturn\n>p2 move aurawheel\n>p1 switch 2\n>p1 move icebeam\n>p2 move partingshot\n>p2 switch 3\n>p2 switch 4\n>p1 move icebeam\n>p2 move crunch\n>p1 switch 3\n>p1 move makeitrain terastallize\n>p2 switch 3\n>p2 switch 5\n>p1 move thunderwave\n>p2 move sunnyday\n>p1 switch 2\n>p2 move energyball\n>p1 move bleakwindstorm\n>p2 move fireblast terastallize\n>p1 move bleakwindstorm\n>p2 move fireblast\n>p1 switch 2\n>p1 move shadowball\n>p2 move energyball", "uploadtime": 1782840646, "views": 6, "formatid": "gen9randombattle", "rating": 2148, "private": 0, "password": null, "player_dets": [{"name": "Blooodfooort", "avatar": "169", "rating": 2169, "seed": "sodium,d9caedde630890691c6cae63adfdd346"}, {"name": "THSupernova", "avatar": "bellelba", "rating": 2143, "seed": "sodium,84d51fe777c4b33258734a2784611c19"}], "teams_full": [{"Iron Hands": {"name": "Iron Hands", "species": "Iron Hands", "speciesId": "ironhands", "gender": "N", "shiny": false, "level": 79, "moves": ["voltswitch", "closecombat", "thunderpunch", "fakeout"], "ability": "Quark Drive", "evs": {"hp": 85, "atk": 85, "def": 85, "spa": 85, "spd": 85, "spe": 85}, "ivs": {"hp": 31, "atk": 31, "def": 31, "spa": 31, "spd": 31, "spe": 31}, "item": "Assault Vest", "teraType": "Electric", "role": "AV Pivot", "bvs": {"hp": 154, "atk": 140, "def": 108, "spa": 50, "spd": 68, "spe": 50}, "stats": {"hp": 373, "atk": 267, "def": 216, "spa": 125, "spd": 153, "spe": 125}, "types": ["Fighting", "Electric"]}, "Ludicolo": {"name": "Ludicolo", "species": "Ludicolo", "speciesId": "ludicolo", "gender": "M", "shiny": false, "level": 90, "moves": ["leafstorm", "hydropump", "gigadrain", "icebeam"], "ability": "Swift Swim", "evs": {"hp": 85, "atk": 0, "def": 85, "spa": 85, "spd": 85, "spe": 85}, "ivs": {"hp": 31, "atk": 0, "def": 31, "spa": 31, "spd": 31, "spe": 31}, "item": "Choice Specs", "teraType": "Grass", "role": "Fast Attacker", "bvs": {"hp": 80, "atk": 70, "def": 70, "spa": 90, "spd": 100, "spe": 70}, "stats": {"hp": 290, "atk": 131, "def": 177, "spa": 213, "spd": 231, "spe": 177}, "types": ["Water", "Grass"]}, "Gholdengo": {"name": "Gholdengo", "species": "Gholdengo", "speciesId": "gholdengo", "gender": "N", "shiny": false, "level": 77, "moves": ["shadowball", "thunderwave", "recover", "makeitrain"], "ability": "Good as Gold", "evs": {"hp": 85, "atk": 0, "def": 85, "spa": 85, "spd": 85, "spe": 85}, "ivs": {"hp": 31, "atk": 0, "def": 31, "spa": 31, "spd": 31, "spe": 31}, "item": "Leftovers", "teraType": "Water", "role": "Bulky Support", "bvs": {"hp": 87, "atk": 60, "def": 95, "spa": 133, "spd": 91, "spe": 84}, "stats": {"hp": 261, "atk": 97, "def": 191, "spa": 249, "spd": 185, "spe": 174}, "types": ["Steel", "Ghost"]}, "Tornadus": {"name": "Tornadus", "species": "Tornadus-Therian", "speciesId": "tornadustherian", "gender": "M", "shiny": false, "level": 79, "moves": ["uturn", "heatwave", "bleakwindstorm", "knockoff"], "ability": "Regenerator", "evs": {"hp": 85, "atk": 85, "def": 85, "spa": 85, "spd": 85, "spe": 85}, "ivs": {"hp": 31, "atk": 31, "def": 31, "spa": 31, "spd": 31, "spe": 31}, "item": "Assault Vest", "teraType": "Dark", "role": "AV Pivot", "bvs": {"hp": 79, "atk": 100, "def": 80, "spa": 110, "spd": 90, "spe": 121}, "stats": {"hp": 254, "atk": 204, "def": 172, "spa": 219, "spd": 188, "spe": 237}, "types": ["Flying"]}, "Slaking": {"name": "Slaking", "species": "Slaking", "speciesId": "slaking", "gender": "M", "shiny": false, "level": 84, "moves": ["earthquake", "doubleedge", "gigaimpact", "knockoff"], "ability": "Truant", "evs": {"hp": 85, "atk": 85, "def": 85, "spa": 85, "spd": 85, "spe": 85}, "ivs": {"hp": 31, "atk": 31, "def": 31, "spa": 31, "spd": 31, "spe": 31}, "item": "Choice Band", "teraType": "Normal", "role": "Fast Attacker", "bvs": {"hp": 150, "atk": 160, "def": 100, "spa": 95, "spd": 65, "spe": 100}, "stats": {"hp": 389, "atk": 317, "def": 216, "spa": 208, "spd": 157, "spe": 216}, "types": ["Normal"]}, "Hypno": {"name": "Hypno", "species": "Hypno", "speciesId": "hypno", "gender": "F", "shiny": false, "level": 95, "moves": ["psychicnoise", "knockoff", "encore", "toxic"], "ability": "Insomnia", "evs": {"hp": 85, "atk": 85, "def": 85, "spa": 85, "spd": 85, "spe": 85}, "ivs": {"hp": 31, "atk": 31, "def": 31, "spa": 31, "spd": 31, "spe": 31}, "item": "Leftovers", "teraType": "Fairy", "role": "Bulky Support", "bvs": {"hp": 85, "atk": 73, "def": 70, "spa": 73, "spd": 115, "spe": 67}, "stats": {"hp": 315, "atk": 193, "def": 187, "spa": 193, "spd": 272, "spe": 181}, "types": ["Psychic"]}}, {"Brambleghast": {"name": "Brambleghast", "species": "Brambleghast", "speciesId": "brambleghast", "gender": "M", "shiny": false, "level": 88, "moves": ["poltergeist", "powerwhip", "strengthsap", "rapidspin"], "ability": "Wind Rider", "evs": {"hp": 85, "atk": 85, "def": 85, "spa": 85, "spd": 85, "spe": 85}, "ivs": {"hp": 31, "atk": 31, "def": 31, "spa": 31, "spd": 31, "spe": 31}, "item": "Heavy-Duty Boots", "teraType": "Fairy", "role": "Fast Support", "bvs": {"hp": 55, "atk": 115, "def": 70, "spa": 80, "spd": 70, "spe": 90}, "stats": {"hp": 240, "atk": 253, "def": 173, "spa": 191, "spd": 173, "spe": 209}, "types": ["Grass", "Ghost"]}, "Scovillain": {"name": "Scovillain", "species": "Scovillain", "speciesId": "scovillain", "gender": "M", "shiny": false, "level": 91, "moves": ["fireblast", "sunnyday", "energyball", "stompingtantrum"], "ability": "Chlorophyll", "evs": {"hp": 85, "atk": 85, "def": 85, "spa": 85, "spd": 85, "spe": 85}, "ivs": {"hp": 31, "atk": 31, "def": 31, "spa": 31, "spd": 31, "spe": 31}, "item": "Heavy-Duty Boots", "teraType": "Fire", "role": "Wallbreaker", "bvs": {"hp": 65, "atk": 108, "def": 65, "spa": 108, "spd": 65, "spe": 75}, "stats": {"hp": 266, "atk": 248, "def": 170, "spa": 248, "spd": 170, "spe": 188}, "types": ["Grass", "Fire"]}, "Cramorant": {"name": "Cramorant", "species": "Cramorant", "speciesId": "cramorant", "gender": "F", "shiny": false, "level": 86, "moves": ["surf", "bravebird", "roost", "defog"], "ability": "Gulp Missile", "evs": {"hp": 85, "atk": 85, "def": 85, "spa": 85, "spd": 85, "spe": 85}, "ivs": {"hp": 31, "atk": 31, "def": 31, "spa": 31, "spd": 31, "spe": 31}, "item": "Heavy-Duty Boots", "teraType": "Ground", "role": "Bulky Support", "bvs": {"hp": 70, "atk": 85, "def": 55, "spa": 85, "spd": 95, "spe": 85}, "stats": {"hp": 261, "atk": 195, "def": 144, "spa": 195, "spd": 213, "spe": 195}, "types": ["Flying", "Water"]}, "Ampharos": {"name": "Ampharos", "species": "Ampharos", "speciesId": "ampharos", "gender": "M", "shiny": false, "level": 88, "moves": ["dazzlinggleam", "voltswitch", "focusblast", "discharge"], "ability": "Static", "evs": {"hp": 85, "atk": 0, "def": 85, "spa": 85, "spd": 85, "spe": 85}, "ivs": {"hp": 31, "atk": 0, "def": 31, "spa": 31, "spd": 31, "spe": 31}, "item": "Assault Vest", "teraType": "Fairy", "role": "AV Pivot", "bvs": {"hp": 90, "atk": 75, "def": 85, "spa": 115, "spd": 90, "spe": 55}, "stats": {"hp": 302, "atk": 137, "def": 200, "spa": 253, "spd": 209, "spe": 147}, "types": ["Electric"]}, "Chien-Pao": {"name": "Chien-Pao", "species": "Chien-Pao", "speciesId": "chienpao", "gender": "N", "shiny": false, "level": 72, "moves": ["iceshard", "iciclecrash", "crunch", "sacredsword"], "ability": "Sword of Ruin", "evs": {"hp": 85, "atk": 85, "def": 85, "spa": 85, "spd": 85, "spe": 85}, "ivs": {"hp": 31, "atk": 31, "def": 31, "spa": 31, "spd": 31, "spe": 31}, "item": "Choice Band", "teraType": "Fighting", "role": "Wallbreaker", "bvs": {"hp": 80, "atk": 120, "def": 80, "spa": 90, "spd": 65, "spe": 135}, "stats": {"hp": 234, "atk": 215, "def": 157, "spa": 172, "spd": 136, "spe": 236}, "types": ["Dark", "Ice"]}, "Morpeko": {"name": "Morpeko", "species": "Morpeko", "speciesId": "morpeko", "gender": "F", "shiny": false, "level": 88, "moves": ["aurawheel", "rapidspin", "protect", "partingshot"], "ability": "Hunger Switch", "evs": {"hp": 85, "atk": 85, "def": 85, "spa": 85, "spd": 85, "spe": 85}, "ivs": {"hp": 31, "atk": 31, "def": 31, "spa": 31, "spd": 31, "spe": 31}, "item": "Heavy-Duty Boots", "teraType": "Electric", "role": "Fast Support", "bvs": {"hp": 58, "atk": 95, "def": 58, "spa": 70, "spd": 58, "spe": 97}, "stats": {"hp": 245, "atk": 217, "def": 152, "spa": 173, "spd": 152, "spe": 221}, "types": ["Electric", "Dark"]}}]}