{"id": "gen9randombattle-2641752835", "format": "[Gen 9] Random Battle", "players": ["igiveuponaname", "shutuprwdv"], "log": "|j|\u2606igiveuponaname\n|j|\u2606shutuprwdv\n|t:|1782837771\n|gametype|singles\n|player|p1|igiveuponaname|miku-fire|2036\n|player|p2|shutuprwdv|biker-gen4|2111\n|gen|9\n|tier|[Gen 9] Random Battle\n|rated|\n|rule|Species Clause: Limit one of each Pok\u00e9mon\n|rule|HP Percentage Mod: HP is shown in percentages\n|rule|Sleep Clause Mod: Limit one foe put to sleep\n|rule|Illusion Level Mod: Illusion disguises the Pok\u00e9mon's true level\n|\n|t:|1782837771\n|teamsize|p1|6\n|teamsize|p2|6\n|start\n|switch|p1a: Iron Leaves|Iron Leaves, L80|275/275\n|switch|p2a: Walking Wake|Walking Wake, L79|286/286\n|turn|1\n|inactive|Battle timer is ON: inactive players will automatically lose when time's up. (requested by igiveuponaname)\n|inactive|shutuprwdv also wants the timer to be on.\n|\n|t:|1782837786\n|-end|p1a: Iron Leaves|Quark Drive|[silent]\n|switch|p1a: Azumarill|Azumarill, L82, M|298/298\n|move|p2a: Walking Wake|Flamethrower|p1a: Azumarill\n|-resisted|p1a: Azumarill\n|-damage|p1a: Azumarill|244/298\n|-status|p1a: Azumarill|brn\n|\n|-damage|p1a: Azumarill|226/298 brn|[from] brn\n|upkeep\n|turn|2\n|\n|t:|1782837794\n|-end|p2a: Walking Wake|Protosynthesis|[silent]\n|switch|p2a: Wigglytuff|Wigglytuff, L96, F|424/424\n|move|p1a: Azumarill|Play Rough|p2a: Wigglytuff\n|-damage|p2a: Wigglytuff|299/424\n|\n|-heal|p2a: Wigglytuff|325/424|[from] item: Leftovers\n|-damage|p1a: Azumarill|208/298 brn|[from] brn\n|upkeep\n|turn|3\n|\n|t:|1782837807\n|switch|p1a: Magcargo|Magcargo, L95, F|268/268\n|move|p2a: Wigglytuff|Alluring Voice|p1a: Magcargo\n|-resisted|p1a: Magcargo\n|-damage|p1a: Magcargo|217/268\n|\n|-heal|p2a: Wigglytuff|351/424|[from] item: Leftovers\n|upkeep\n|turn|4\n|\n|t:|1782837820\n|switch|p2a: Walking Wake|Walking Wake, L79|286/286\n|move|p1a: Magcargo|Stealth Rock|p2a: Walking Wake\n|-sidestart|p2: shutuprwdv|move: Stealth Rock\n|\n|upkeep\n|turn|5\n|\n|t:|1782837827\n|switch|p1a: Azumarill|Azumarill, L82, M|208/298 brn\n|move|p2a: Walking Wake|Hydro Pump|p1a: Azumarill\n|-resisted|p1a: Azumarill\n|-damage|p1a: Azumarill|109/298 brn\n|\n|-damage|p1a: Azumarill|91/298 brn|[from] brn\n|upkeep\n|turn|6\n|\n|t:|1782837832\n|move|p2a: Walking Wake|Hydro Pump|p1a: Azumarill\n|-resisted|p1a: Azumarill\n|-damage|p1a: Azumarill|0 fnt\n|faint|p1a: Azumarill\n|\n|upkeep\n|\n|t:|1782837844\n|switch|p1a: Ogerpon|Ogerpon, L80, F|259/259\n|turn|7\n|\n|t:|1782837852\n|-end|p2a: Walking Wake|Protosynthesis|[silent]\n|switch|p2a: Wigglytuff|Wigglytuff, L96, F|351/424\n|-damage|p2a: Wigglytuff|298/424|[from] Stealth Rock\n|move|p1a: Ogerpon|Ivy Cudgel|p2a: Wigglytuff\n|-damage|p2a: Wigglytuff|51/424\n|\n|-heal|p2a: Wigglytuff|77/424|[from] item: Leftovers\n|upkeep\n|turn|8\n|\n|t:|1782837858\n|move|p1a: Ogerpon|Ivy Cudgel|p2a: Wigglytuff\n|-damage|p2a: Wigglytuff|0 fnt\n|faint|p2a: Wigglytuff\n|\n|upkeep\n|\n|t:|1782837868\n|switch|p2a: Armarouge|Armarouge, L80, F|267/267\n|-damage|p2a: Armarouge|201/267|[from] Stealth Rock\n|turn|9\n|\n|t:|1782837878\n|switch|p1a: Iron Boulder|Iron Boulder, L77|265/265\n|-enditem|p1a: Iron Boulder|Booster Energy\n|-activate|p1a: Iron Boulder|ability: Quark Drive|[fromitem]\n|-start|p1a: Iron Boulder|quarkdrivespe\n|move|p2a: Armarouge|Focus Blast|p1a: Iron Boulder\n|-damage|p1a: Iron Boulder|132/265\n|-unboost|p1a: Iron Boulder|spd|1\n|\n|upkeep\n|turn|10\n|\n|t:|1782837890\n|switch|p2a: Flygon|Flygon, L82, F|265/265\n|-damage|p2a: Flygon|249/265|[from] Stealth Rock\n|move|p1a: Iron Boulder|Mighty Cleave|p2a: Flygon\n|-resisted|p2a: Flygon\n|-damage|p2a: Flygon|192/265\n|\n|upkeep\n|turn|11\n|\n|t:|1782837898\n|move|p1a: Iron Boulder|Zen Headbutt|p2a: Flygon\n|-damage|p2a: Flygon|105/265\n|cant|p2a: Flygon|flinch\n|\n|upkeep\n|turn|12\n|\n|t:|1782837903\n|-terastallize|p1a: Iron Boulder|Fighting\n|move|p1a: Iron Boulder|Close Combat|p2a: Flygon\n|-damage|p2a: Flygon|0 fnt\n|-unboost|p1a: Iron Boulder|def|1\n|-unboost|p1a: Iron Boulder|spd|1\n|faint|p2a: Flygon\n|\n|upkeep\n|\n|t:|1782837908\n|switch|p2a: Vaporeon|Vaporeon, L86, M|364/364\n|-damage|p2a: Vaporeon|319/364|[from] Stealth Rock\n|turn|13\n|\n|t:|1782837912\n|move|p1a: Iron Boulder|Close Combat|p2a: Vaporeon\n|-damage|p2a: Vaporeon|151/364\n|-unboost|p1a: Iron Boulder|def|1\n|-unboost|p1a: Iron Boulder|spd|1\n|move|p2a: Vaporeon|Scald|p1a: Iron Boulder\n|-damage|p1a: Iron Boulder|0 fnt\n|faint|p1a: Iron Boulder\n|-end|p1a: Iron Boulder|Quark Drive|[silent]\n|\n|-heal|p2a: Vaporeon|173/364|[from] item: Leftovers\n|upkeep\n|\n|t:|1782837916\n|switch|p1a: Iron Leaves|Iron Leaves, L80|275/275\n|turn|14\n|\n|t:|1782837924\n|move|p1a: Iron Leaves|Psyblade|p2a: Vaporeon\n|-damage|p2a: Vaporeon|20/364\n|-damage|p1a: Iron Leaves|248/275|[from] item: Life Orb\n|move|p2a: Vaporeon|Scald|p1a: Iron Leaves\n|-resisted|p1a: Iron Leaves\n|-damage|p1a: Iron Leaves|202/275\n|\n|-heal|p2a: Vaporeon|42/364|[from] item: Leftovers\n|upkeep\n|turn|15\n|\n|t:|1782837933\n|move|p1a: Iron Leaves|Psyblade|p2a: Vaporeon\n|-damage|p2a: Vaporeon|0 fnt\n|faint|p2a: Vaporeon\n|-damage|p1a: Iron Leaves|175/275|[from] item: Life Orb\n|\n|upkeep\n|\n|t:|1782837935\n|switch|p2a: Armarouge|Armarouge, L80, F|201/267\n|-damage|p2a: Armarouge|135/267|[from] Stealth Rock\n|turn|16\n|\n|t:|1782837945\n|-end|p1a: Iron Leaves|Quark Drive|[silent]\n|switch|p1a: Magcargo|Magcargo, L95, F|217/268\n|move|p2a: Armarouge|Armor Cannon|p1a: Magcargo\n|-resisted|p1a: Magcargo\n|-crit|p1a: Magcargo\n|-damage|p1a: Magcargo|142/268\n|-unboost|p2a: Armarouge|def|1\n|-unboost|p2a: Armarouge|spd|1\n|\n|upkeep\n|turn|17\n|\n|t:|1782837950\n|move|p2a: Armarouge|Armor Cannon|p1a: Magcargo\n|-resisted|p1a: Magcargo\n|-damage|p1a: Magcargo|89/268\n|-unboost|p2a: Armarouge|def|1\n|-unboost|p2a: Armarouge|spd|1\n|move|p1a: Magcargo|Yawn|p2a: Armarouge\n|-start|p2a: Armarouge|move: Yawn|[of] p1a: Magcargo\n|\n|upkeep\n|turn|18\n|\n|t:|1782837963\n|move|p2a: Armarouge|Armor Cannon|p1a: Magcargo\n|-resisted|p1a: Magcargo\n|-damage|p1a: Magcargo|41/268\n|-unboost|p2a: Armarouge|def|1\n|-unboost|p2a: Armarouge|spd|1\n|move|p1a: Magcargo|Recover|p1a: Magcargo\n|-heal|p1a: Magcargo|175/268\n|\n|-end|p2a: Armarouge|move: Yawn|[silent]\n|-status|p2a: Armarouge|slp\n|upkeep\n|turn|19\n|\n|t:|1782837993\n|switch|p2a: Polteageist|Polteageist-Antique, L78|222/222\n|-damage|p2a: Polteageist|195/222|[from] Stealth Rock\n|move|p1a: Magcargo|Lava Plume|p2a: Polteageist\n|-damage|p2a: Polteageist|111/222\n|\n|upkeep\n|turn|20\n|\n|t:|1782838000\n|move|p2a: Polteageist|Shell Smash|p2a: Polteageist\n|-unboost|p2a: Polteageist|def|1\n|-unboost|p2a: Polteageist|spd|1\n|-boost|p2a: Polteageist|atk|2\n|-boost|p2a: Polteageist|spa|2\n|-boost|p2a: Polteageist|spe|2\n|-enditem|p2a: Polteageist|White Herb\n|-clearnegativeboost|p2a: Polteageist|[silent]\n|move|p1a: Magcargo|Yawn|p2a: Polteageist\n|-start|p2a: Polteageist|move: Yawn|[of] p1a: Magcargo\n|\n|upkeep\n|turn|21\n|c|\u2606igiveuponaname|im stupid\n|\n|t:|1782838005\n|move|p2a: Polteageist|Strength Sap|p1a: Magcargo\n|-unboost|p1a: Magcargo|atk|1\n|-heal|p2a: Polteageist|211/222\n|move|p1a: Magcargo|Lava Plume|p2a: Polteageist\n|-damage|p2a: Polteageist|121/222\n|\n|-end|p2a: Polteageist|move: Yawn|[silent]\n|-message|Sleep Clause Mod activated.\n|-hint|Sleep Clause Mod prevents players from putting more than one of their opponent's Pok\u00e9mon to sleep at a time\n|upkeep\n|turn|22\n|\n|t:|1782838011\n|move|p2a: Polteageist|Shadow Ball|p1a: Magcargo\n|-damage|p1a: Magcargo|0 fnt\n|faint|p1a: Magcargo\n|\n|upkeep\n|\n|t:|1782838015\n|switch|p1a: Ogerpon|Ogerpon, L80, F|259/259\n|turn|23\n|\n|t:|1782838019\n|move|p2a: Polteageist|Shadow Ball|p1a: Ogerpon\n|-damage|p1a: Ogerpon|82/259\n|move|p1a: Ogerpon|Ivy Cudgel|p2a: Polteageist\n|-damage|p2a: Polteageist|0 fnt\n|faint|p2a: Polteageist\n|\n|upkeep\n|\n|t:|1782838027\n|switch|p2a: Walking Wake|Walking Wake, L79|286/286\n|-damage|p2a: Walking Wake|251/286|[from] Stealth Rock\n|turn|24\n|\n|t:|1782838037\n|switch|p1a: Pyroar|Pyroar, L88, M|295/295\n|-ability|p1a: Pyroar|Unnerve\n|-terastallize|p2a: Walking Wake|Fire\n|move|p2a: Walking Wake|Flamethrower|p1a: Pyroar\n|-resisted|p1a: Pyroar\n|-damage|p1a: Pyroar|199/295\n|\n|upkeep\n|turn|25\n|\n|t:|1782838040\n|move|p1a: Pyroar|Hyper Voice|p2a: Walking Wake\n|-damage|p2a: Walking Wake|116/286\n|move|p2a: Walking Wake|Flamethrower|p1a: Pyroar\n|-resisted|p1a: Pyroar\n|-damage|p1a: Pyroar|100/295\n|\n|upkeep\n|turn|26\n|\n|t:|1782838043\n|move|p1a: Pyroar|Hyper Voice|p2a: Walking Wake\n|-damage|p2a: Walking Wake|0 fnt\n|faint|p2a: Walking Wake\n|-end|p2a: Walking Wake|Protosynthesis|[silent]\n|\n|upkeep\n|\n|t:|1782838044\n|switch|p2a: Armarouge|Armarouge, L80, F|135/267 slp\n|-damage|p2a: Armarouge|69/267 slp|[from] Stealth Rock\n|turn|27\n|\n|t:|1782838048\n|move|p1a: Pyroar|Hyper Voice|p2a: Armarouge\n|-damage|p2a: Armarouge|0 fnt\n|faint|p2a: Armarouge\n|\n|win|igiveuponaname\n|raw|igiveuponaname's rating: 2036 &rarr; <strong>2060</strong><br />(+24 for winning)\n|raw|shutuprwdv's rating: 2111 &rarr; <strong>2087</strong><br />(-24 for losing)\n", "inputlog": ">version f8ac14003a5f27e1bdc8d8c59608a773c1cb96e5\n>start {\"formatid\":\"gen9randombattle\",\"seed\":\"sodium,ae3d34b8600a81bb27118ecaaebd8f4e\",\"rated\":\"Rated battle\"}\n>player p1 {\"name\":\"igiveuponaname\",\"avatar\":\"miku-fire\",\"rating\":2036,\"seed\":\"sodium,489e14b157837bbd471371cf00f0202a\"}\n>player p2 {\"name\":\"shutuprwdv\",\"avatar\":\"biker-gen4\",\"rating\":2111,\"seed\":\"sodium,f8304c0473d1fe42add6078994028606\"}\n>p1 switch 3\n>p2 move flamethrower\n>p1 move playrough\n>p2 switch 5\n>p1 switch 2\n>p2 move alluringvoice\n>p1 move stealthrock\n>p2 switch 5\n>p1 switch 2\n>p2 move hydropump\n>p1 move playrough\n>p2 move hydropump\n>p1 switch 6\n>p1 move ivycudgel\n>p2 switch 5\n>p1 move ivycudgel\n>p2 move alluringvoice\n>p2 switch 2\n>p1 switch 4\n>p2 move focusblast\n>p1 move mightycleave\n>p2 switch 4\n>p1 move zenheadbutt\n>p2 move earthquake\n>p1 move closecombat terastallize\n>p2 move earthquake\n>p2 switch 6\n>p1 move closecombat\n>p2 move scald\n>p1 switch 3\n>p1 move psyblade\n>p2 move scald\n>p1 move psyblade\n>p2 move scald\n>p2 switch 4\n>p1 switch 2\n>p2 move armorcannon\n>p1 move yawn\n>p2 move armorcannon\n>p1 move recover\n>p2 move armorcannon\n>p1 move lavaplume\n>p2 switch 3\n>p1 move yawn\n>p2 move shellsmash\n>chat \u2606igiveuponaname|im stupid\n>p1 move lavaplume\n>p2 move strengthsap\n>p1 move lavaplume\n>p2 move shadowball\n>p1 switch 4\n>p1 move ivycudgel\n>p2 move shadowball\n>p2 switch 5\n>p1 switch 5\n>p2 move flamethrower terastallize\n>p1 move hypervoice\n>p2 move flamethrower\n>p1 move hypervoice\n>p2 move flamethrower\n>p2 switch 3\n>p1 move hypervoice\n>p2 move psyshock", "uploadtime": 1782837773, "views": 8, "formatid": "gen9randombattle", "rating": 2060, "private": 0, "password": null, "player_dets": [{"name": "igiveuponaname", "avatar": "miku-fire", "rating": 2036, "seed": "sodium,489e14b157837bbd471371cf00f0202a"}, {"name": "shutuprwdv", "avatar": "biker-gen4", "rating": 2111, "seed": "sodium,f8304c0473d1fe42add6078994028606"}], "teams_full": [{"Iron Leaves": {"name": "Iron Leaves", "species": "Iron Leaves", "speciesId": "ironleaves", "gender": "N", "shiny": false, "level": 80, "moves": ["swordsdance", "closecombat", "psyblade", "leafblade"], "ability": "Quark Drive", "evs": {"hp": 85, "atk": 85, "def": 85, "spa": 85, "spd": 85, "spe": 85}, "ivs": {"hp": 31, "atk": 31, "def": 31, "spa": 31, "spd": 31, "spe": 31}, "item": "Life Orb", "teraType": "Fighting", "role": "Wallbreaker", "bvs": {"hp": 90, "atk": 130, "def": 88, "spa": 70, "spd": 108, "spe": 104}, "stats": {"hp": 275, "atk": 254, "def": 187, "spa": 158, "spd": 219, "spe": 213}, "types": ["Grass", "Psychic"]}, "Magcargo": {"name": "Magcargo", "species": "Magcargo", "speciesId": "magcargo", "gender": "F", "shiny": false, "level": 95, "moves": ["stealthrock", "lavaplume", "yawn", "recover"], "ability": "Flame Body", "evs": {"hp": 85, "atk": 0, "def": 85, "spa": 85, "spd": 85, "spe": 85}, "ivs": {"hp": 31, "atk": 0, "def": 31, "spa": 31, "spd": 31, "spe": 31}, "item": "Heavy-Duty Boots", "teraType": "Grass", "role": "Bulky Support", "bvs": {"hp": 60, "atk": 50, "def": 120, "spa": 90, "spd": 80, "spe": 30}, "stats": {"hp": 268, "atk": 100, "def": 282, "spa": 225, "spd": 206, "spe": 111}, "types": ["Fire", "Rock"]}, "Azumarill": {"name": "Azumarill", "species": "Azumarill", "speciesId": "azumarill", "gender": "M", "shiny": false, "level": 82, "moves": ["liquidation", "playrough", "superpower", "aquajet"], "ability": "Huge Power", "evs": {"hp": 85, "atk": 85, "def": 85, "spa": 85, "spd": 85, "spe": 85}, "ivs": {"hp": 31, "atk": 31, "def": 31, "spa": 31, "spd": 31, "spe": 31}, "item": "Choice Band", "teraType": "Water", "role": "Bulky Attacker", "bvs": {"hp": 100, "atk": 50, "def": 80, "spa": 60, "spd": 80, "spe": 50}, "stats": {"hp": 298, "atk": 129, "def": 178, "spa": 146, "spd": 178, "spe": 129}, "types": ["Water", "Fairy"]}, "Iron Boulder": {"name": "Iron Boulder", "species": "Iron Boulder", "speciesId": "ironboulder", "gender": "N", "shiny": false, "level": 77, "moves": ["zenheadbutt", "closecombat", "mightycleave", "swordsdance"], "ability": "Quark Drive", "evs": {"hp": 85, "atk": 85, "def": 85, "spa": 85, "spd": 85, "spe": 85}, "ivs": {"hp": 31, "atk": 31, "def": 31, "spa": 31, "spd": 31, "spe": 31}, "item": "Booster Energy", "teraType": "Fighting", "role": "Fast Bulky Setup", "bvs": {"hp": 90, "atk": 120, "def": 80, "spa": 68, "spd": 108, "spe": 124}, "stats": {"hp": 265, "atk": 229, "def": 168, "spa": 149, "spd": 211, "spe": 236}, "types": ["Rock", "Psychic"]}, "Pyroar": {"name": "Pyroar", "species": "Pyroar", "speciesId": "pyroar", "gender": "M", "shiny": false, "level": 88, "moves": ["willowisp", "fireblast", "hypervoice", "taunt"], "ability": "Unnerve", "evs": {"hp": 85, "atk": 0, "def": 85, "spa": 85, "spd": 85, "spe": 85}, "ivs": {"hp": 31, "atk": 0, "def": 31, "spa": 31, "spd": 31, "spe": 31}, "item": "Heavy-Duty Boots", "teraType": "Fire", "role": "Fast Attacker", "bvs": {"hp": 86, "atk": 68, "def": 72, "spa": 109, "spd": 66, "spe": 106}, "stats": {"hp": 295, "atk": 124, "def": 177, "spa": 242, "spd": 166, "spe": 237}, "types": ["Fire", "Normal"]}, "Ogerpon": {"name": "Ogerpon", "species": "Ogerpon", "speciesId": "ogerpon", "gender": "F", "shiny": false, "level": 80, "moves": ["ivycudgel", "superpower", "knockoff", "uturn"], "ability": "Defiant", "evs": {"hp": 85, "atk": 85, "def": 85, "spa": 85, "spd": 85, "spe": 85}, "ivs": {"hp": 31, "atk": 31, "def": 31, "spa": 31, "spd": 31, "spe": 31}, "item": "Choice Band", "teraType": "Grass", "role": "Fast Support", "bvs": {"hp": 80, "atk": 120, "def": 84, "spa": 60, "spd": 96, "spe": 110}, "stats": {"hp": 259, "atk": 238, "def": 181, "spa": 142, "spd": 200, "spe": 222}, "types": ["Grass"]}}, {"Walking Wake": {"name": "Walking Wake", "species": "Walking Wake", "speciesId": "walkingwake", "gender": "N", "shiny": false, "level": 79, "moves": ["dracometeor", "flamethrower", "flipturn", "hydropump"], "ability": "Protosynthesis", "evs": {"hp": 85, "atk": 85, "def": 85, "spa": 85, "spd": 85, "spe": 85}, "ivs": {"hp": 31, "atk": 31, "def": 31, "spa": 31, "spd": 31, "spe": 31}, "item": "Choice Specs", "teraType": "Fire", "role": "Wallbreaker", "bvs": {"hp": 99, "atk": 83, "def": 91, "spa": 125, "spd": 83, "spe": 109}, "stats": {"hp": 286, "atk": 177, "def": 189, "spa": 243, "spd": 177, "spe": 218}, "types": ["Water", "Dragon"]}, "Armarouge": {"name": "Armarouge", "species": "Armarouge", "speciesId": "armarouge", "gender": "F", "shiny": false, "level": 80, "moves": ["psyshock", "energyball", "focusblast", "armorcannon"], "ability": "Weak Armor", "evs": {"hp": 85, "atk": 0, "def": 85, "spa": 85, "spd": 85, "spe": 85}, "ivs": {"hp": 31, "atk": 0, "def": 31, "spa": 31, "spd": 31, "spe": 31}, "item": "Choice Specs", "teraType": "Psychic", "role": "Wallbreaker", "bvs": {"hp": 85, "atk": 60, "def": 100, "spa": 125, "spd": 80, "spe": 75}, "stats": {"hp": 267, "atk": 101, "def": 206, "spa": 246, "spd": 174, "spe": 166}, "types": ["Fire", "Psychic"]}, "Polteageist": {"name": "Polteageist", "species": "Polteageist-Antique", "speciesId": "polteageist", "gender": "N", "shiny": false, "level": 78, "moves": ["shellsmash", "strengthsap", "storedpower", "shadowball"], "ability": "Cursed Body", "evs": {"hp": 85, "atk": 0, "def": 85, "spa": 85, "spd": 85, "spe": 85}, "ivs": {"hp": 31, "atk": 0, "def": 31, "spa": 31, "spd": 31, "spe": 31}, "item": "White Herb", "teraType": "Psychic", "role": "Setup Sweeper", "bvs": {"hp": 60, "atk": 65, "def": 65, "spa": 134, "spd": 114, "spe": 70}, "stats": {"hp": 222, "atk": 106, "def": 146, "spa": 254, "spd": 223, "spe": 154}, "types": ["Ghost"]}, "Flygon": {"name": "Flygon", "species": "Flygon", "speciesId": "flygon", "gender": "F", "shiny": false, "level": 82, "moves": ["uturn", "earthquake", "stoneedge", "outrage"], "ability": "Levitate", "evs": {"hp": 85, "atk": 85, "def": 85, "spa": 85, "spd": 85, "spe": 85}, "ivs": {"hp": 31, "atk": 31, "def": 31, "spa": 31, "spd": 31, "spe": 31}, "item": "Choice Scarf", "teraType": "Ground", "role": "Fast Attacker", "bvs": {"hp": 80, "atk": 100, "def": 80, "spa": 80, "spd": 80, "spe": 100}, "stats": {"hp": 265, "atk": 211, "def": 178, "spa": 178, "spd": 178, "spe": 211}, "types": ["Ground", "Dragon"]}, "Wigglytuff": {"name": "Wigglytuff", "species": "Wigglytuff", "speciesId": "wigglytuff", "gender": "F", "shiny": false, "level": 96, "moves": ["alluringvoice", "wish", "protect", "thunderwave"], "ability": "Competitive", "evs": {"hp": 85, "atk": 0, "def": 85, "spa": 85, "spd": 85, "spe": 85}, "ivs": {"hp": 31, "atk": 0, "def": 31, "spa": 31, "spd": 31, "spe": 31}, "item": "Leftovers", "teraType": "Steel", "role": "Bulky Support", "bvs": {"hp": 140, "atk": 70, "def": 45, "spa": 85, "spd": 50, "spe": 45}, "stats": {"hp": 424, "atk": 139, "def": 141, "spa": 218, "spd": 150, "spe": 141}, "types": ["Normal", "Fairy"]}, "Vaporeon": {"name": "Vaporeon", "species": "Vaporeon", "speciesId": "vaporeon", "gender": "M", "shiny": false, "level": 86, "moves": ["protect", "wish", "calmmind", "scald"], "ability": "Water Absorb", "evs": {"hp": 85, "atk": 0, "def": 85, "spa": 85, "spd": 85, "spe": 85}, "ivs": {"hp": 31, "atk": 0, "def": 31, "spa": 31, "spd": 31, "spe": 31}, "item": "Leftovers", "teraType": "Poison", "role": "Bulky Setup", "bvs": {"hp": 130, "atk": 65, "def": 60, "spa": 110, "spd": 95, "spe": 65}, "stats": {"hp": 364, "atk": 116, "def": 152, "spa": 238, "spd": 213, "spe": 161}, "types": ["Water"]}}]}