{"id": "gen9randombattle-2641824471", "format": "[Gen 9] Random Battle", "players": ["theGARGANTUANpp", "Sekkari"], "log": "|j|\u203dtheGARGANTUANpp\n|j|\u2606Sekkari\n|t:|1782846355\n|gametype|singles\n|player|p1|theGARGANTUANpp|169|2041\n|player|p2|Sekkari|265|2020\n|gen|9\n|tier|[Gen 9] Random Battle\n|rated|\n|rule|Species Clause: Limit one of each Pok\u00e9mon\n|rule|HP Percentage Mod: HP is shown in percentages\n|rule|Sleep Clause Mod: Limit one foe put to sleep\n|rule|Illusion Level Mod: Illusion disguises the Pok\u00e9mon's true level\n|\n|t:|1782846355\n|teamsize|p1|6\n|teamsize|p2|6\n|start\n|switch|p1a: Granbull|Granbull, L88, F|302/302\n|switch|p2a: Mamoswine|Mamoswine, L81, F|311/311\n|-ability|p1a: Granbull|Intimidate|boost\n|-unboost|p2a: Mamoswine|atk|1\n|turn|1\n|\n|t:|1782846375\n|switch|p2a: Fezandipiti|Fezandipiti, L82, M|278/278\n|move|p1a: Granbull|Play Rough|p2a: Fezandipiti\n|-resisted|p2a: Fezandipiti\n|-damage|p2a: Fezandipiti|208/278\n|\n|-heal|p2a: Fezandipiti|225/278|[from] item: Leftovers\n|upkeep\n|turn|2\n|\n|t:|1782846384\n|move|p2a: Fezandipiti|Gunk Shot|p1a: Granbull\n|-supereffective|p1a: Granbull\n|-damage|p1a: Granbull|78/302\n|move|p1a: Granbull|Thunder Wave|p2a: Fezandipiti\n|-status|p2a: Fezandipiti|par\n|\n|-heal|p1a: Granbull|96/302|[from] item: Leftovers\n|-heal|p2a: Fezandipiti|242/278 par|[from] item: Leftovers\n|upkeep\n|turn|3\n|inactive|Battle timer is ON: inactive players will automatically lose when time's up. (requested by theGARGANTUANpp)\n|\n|t:|1782846397\n|move|p1a: Granbull|Earthquake|p2a: Fezandipiti\n|-supereffective|p2a: Fezandipiti\n|-damage|p2a: Fezandipiti|32/278 par\n|cant|p2a: Fezandipiti|par\n|\n|-heal|p1a: Granbull|114/302|[from] item: Leftovers\n|-heal|p2a: Fezandipiti|49/278 par|[from] item: Leftovers\n|upkeep\n|turn|4\n|\n|t:|1782846400\n|move|p1a: Granbull|Earthquake|p2a: Fezandipiti\n|-supereffective|p2a: Fezandipiti\n|-damage|p2a: Fezandipiti|0 fnt\n|faint|p2a: Fezandipiti\n|\n|-heal|p1a: Granbull|132/302|[from] item: Leftovers\n|upkeep\n|\n|t:|1782846401\n|switch|p2a: Mamoswine|Mamoswine, L81, F|311/311\n|turn|5\n|\n|t:|1782846414\n|move|p2a: Mamoswine|Earthquake|p1a: Granbull\n|-damage|p1a: Granbull|0 fnt\n|faint|p1a: Granbull\n|\n|upkeep\n|\n|t:|1782846417\n|switch|p1a: Dragonite|Dragonite, L74, M|257/257\n|turn|6\n|\n|t:|1782846424\n|switch|p2a: Vespiquen|Vespiquen, L99, F|299/299\n|-ability|p2a: Vespiquen|Pressure\n|move|p1a: Dragonite|Dragon Dance|p1a: Dragonite\n|-boost|p1a: Dragonite|atk|1\n|-boost|p1a: Dragonite|spe|1\n|\n|upkeep\n|turn|7\n|inactive|theGARGANTUANpp has 120 seconds left.\n|\n|t:|1782846465\n|move|p1a: Dragonite|Outrage|p2a: Vespiquen\n|-damage|p2a: Vespiquen|140/299\n|move|p2a: Vespiquen|Toxic|p1a: Dragonite\n|-status|p1a: Dragonite|tox\n|\n|-damage|p1a: Dragonite|241/257 tox|[from] psn\n|upkeep\n|turn|8\n|\n|t:|1782846476\n|move|p1a: Dragonite|Outrage|p2a: Vespiquen|[from] lockedmove\n|-damage|p2a: Vespiquen|1/299\n|move|p2a: Vespiquen|Roost|p2a: Vespiquen\n|-heal|p2a: Vespiquen|151/299\n|-singleturn|p2a: Vespiquen|move: Roost\n|\n|-damage|p1a: Dragonite|209/257 tox|[from] psn\n|upkeep\n|turn|9\n|\n|t:|1782846480\n|move|p1a: Dragonite|Outrage|p2a: Vespiquen|[from] lockedmove\n|-damage|p2a: Vespiquen|13/299\n|-start|p1a: Dragonite|confusion|[fatigue]\n|move|p2a: Vespiquen|Roost|p2a: Vespiquen\n|-heal|p2a: Vespiquen|163/299\n|-singleturn|p2a: Vespiquen|move: Roost\n|\n|-damage|p1a: Dragonite|161/257 tox|[from] psn\n|upkeep\n|turn|10\n|\n|t:|1782846486\n|-activate|p1a: Dragonite|confusion\n|move|p1a: Dragonite|Dragon Dance|p1a: Dragonite\n|-boost|p1a: Dragonite|atk|1\n|-boost|p1a: Dragonite|spe|1\n|move|p2a: Vespiquen|Roost|p2a: Vespiquen\n|-heal|p2a: Vespiquen|299/299\n|-singleturn|p2a: Vespiquen|move: Roost\n|\n|-damage|p1a: Dragonite|97/257 tox|[from] psn\n|upkeep\n|turn|11\n|\n|t:|1782846489\n|-end|p1a: Dragonite|confusion\n|move|p1a: Dragonite|Outrage|p2a: Vespiquen\n|-damage|p2a: Vespiquen|113/299\n|move|p2a: Vespiquen|Roost|p2a: Vespiquen\n|-heal|p2a: Vespiquen|263/299\n|-singleturn|p2a: Vespiquen|move: Roost\n|\n|-damage|p1a: Dragonite|17/257 tox|[from] psn\n|upkeep\n|turn|12\n|\n|t:|1782846493\n|move|p1a: Dragonite|Outrage|p2a: Vespiquen|[from] lockedmove\n|-damage|p2a: Vespiquen|77/299\n|-start|p1a: Dragonite|confusion|[fatigue]\n|move|p2a: Vespiquen|Roost|p2a: Vespiquen\n|-heal|p2a: Vespiquen|227/299\n|-singleturn|p2a: Vespiquen|move: Roost\n|\n|-damage|p1a: Dragonite|0 fnt|[from] psn\n|faint|p1a: Dragonite\n|upkeep\n|\n|t:|1782846514\n|switch|p1a: Emboar|Emboar, L84, F|322/322\n|turn|13\n|\n|t:|1782846520\n|switch|p2a: Whiscash|Whiscash, L88, F|337/337\n|move|p1a: Emboar|Flare Blitz|p2a: Whiscash\n|-resisted|p2a: Whiscash\n|-damage|p2a: Whiscash|241/337\n|-damage|p1a: Emboar|290/322|[from] Recoil\n|\n|upkeep\n|turn|14\n|\n|t:|1782846539\n|move|p1a: Emboar|Knock Off|p2a: Whiscash\n|-damage|p2a: Whiscash|148/337\n|-enditem|p2a: Whiscash|Life Orb|[from] move: Knock Off|[of] p1a: Emboar\n|move|p2a: Whiscash|Dragon Dance|p2a: Whiscash\n|-boost|p2a: Whiscash|atk|1\n|-boost|p2a: Whiscash|spe|1\n|\n|upkeep\n|turn|15\n|\n|t:|1782846552\n|move|p2a: Whiscash|Earthquake|p1a: Emboar\n|-supereffective|p1a: Emboar\n|-damage|p1a: Emboar|0 fnt\n|faint|p1a: Emboar\n|\n|upkeep\n|\n|t:|1782846567\n|switch|p1a: Lumineon|Lumineon, L93, M|279/279\n|turn|16\n|\n|t:|1782846572\n|move|p2a: Whiscash|Earthquake|p1a: Lumineon\n|-damage|p1a: Lumineon|119/279\n|move|p1a: Lumineon|Hydro Pump|p2a: Whiscash\n|-damage|p2a: Whiscash|28/337\n|\n|upkeep\n|turn|17\n|\n|t:|1782846578\n|move|p2a: Whiscash|Earthquake|p1a: Lumineon\n|-damage|p1a: Lumineon|0 fnt\n|faint|p1a: Lumineon\n|\n|upkeep\n|\n|t:|1782846579\n|switch|p1a: Mimikyu|Mimikyu, L79, F|216/216\n|turn|18\n|\n|t:|1782846583\n|move|p1a: Mimikyu|Shadow Sneak|p2a: Whiscash\n|-damage|p2a: Whiscash|0 fnt\n|faint|p2a: Whiscash\n|-damage|p1a: Mimikyu|195/216|[from] item: Life Orb\n|\n|upkeep\n|\n|t:|1782846595\n|switch|p2a: Vespiquen|Vespiquen, L99, F|227/299\n|-ability|p2a: Vespiquen|Pressure\n|turn|19\n|\n|t:|1782846599\n|switch|p1a: Volcanion|Volcanion, L79|255/255\n|move|p2a: Vespiquen|Toxic|p1a: Volcanion\n|-status|p1a: Volcanion|tox\n|\n|-damage|p1a: Volcanion|240/255 tox|[from] psn\n|upkeep\n|turn|20\n|\n|t:|1782846612\n|switch|p2a: Breloom|Breloom, L83, F|235/235\n|move|p1a: Volcanion|Steam Eruption|p2a: Breloom\n|-resisted|p2a: Breloom\n|-damage|p2a: Breloom|109/235\n|\n|-damage|p1a: Volcanion|210/255 tox|[from] psn\n|upkeep\n|turn|21\n|\n|t:|1782846618\n|move|p2a: Breloom|Bullet Seed|p1a: Volcanion\n|-damage|p1a: Volcanion|159/255 tox\n|-damage|p1a: Volcanion|101/255 tox\n|-hitcount|p1a: Volcanion|2\n|-damage|p2a: Breloom|86/235|[from] item: Life Orb\n|move|p1a: Volcanion|Steam Eruption|p2a: Breloom\n|-resisted|p2a: Breloom\n|-damage|p2a: Breloom|0 fnt\n|faint|p2a: Breloom\n|\n|-damage|p1a: Volcanion|56/255 tox|[from] psn\n|upkeep\n|\n|t:|1782846628\n|switch|p2a: Scovillain|Scovillain, L91, M|266/266\n|turn|22\n|\n|t:|1782846633\n|move|p2a: Scovillain|Stomping Tantrum|p1a: Volcanion\n|-supereffective|p1a: Volcanion\n|-crit|p1a: Volcanion\n|-damage|p1a: Volcanion|0 fnt\n|faint|p1a: Volcanion\n|\n|upkeep\n|\n|t:|1782846635\n|switch|p1a: Mimikyu|Mimikyu, L79, F|195/216\n|turn|23\n|\n|t:|1782846640\n|move|p1a: Mimikyu|Swords Dance|p1a: Mimikyu\n|-boost|p1a: Mimikyu|atk|2\n|move|p2a: Scovillain|Stomping Tantrum|p1a: Mimikyu\n|-activate|p1a: Mimikyu|ability: Disguise\n|-damage|p1a: Mimikyu|195/216\n|detailschange|p1a: Mimikyu|Mimikyu-Busted, L79, F\n|-damage|p1a: Mimikyu|168/216|[from] pokemon: Mimikyu-Busted\n|\n|upkeep\n|turn|24\n|\n|t:|1782846646\n|move|p1a: Mimikyu|Swords Dance|p1a: Mimikyu\n|-boost|p1a: Mimikyu|atk|2\n|move|p2a: Scovillain|Fire Blast|p1a: Mimikyu\n|-damage|p1a: Mimikyu|39/216\n|-status|p1a: Mimikyu|brn\n|\n|-damage|p1a: Mimikyu|26/216 brn|[from] brn\n|upkeep\n|turn|25\n|-message|theGARGANTUANpp forfeited.\n|\n|win|Sekkari\n|raw|theGARGANTUANpp's rating: 2041 &rarr; <strong>2020</strong><br />(-21 for losing)\n|raw|Sekkari's rating: 2020 &rarr; <strong>2041</strong><br />(+21 for winning)\n", "inputlog": ">version f8ac14003a5f27e1bdc8d8c59608a773c1cb96e5\n>start {\"formatid\":\"gen9randombattle\",\"seed\":\"sodium,0c68425f545e1c2b834f32bf71ad894d\",\"rated\":\"Rated battle\"}\n>player p1 {\"name\":\"theGARGANTUANpp\",\"avatar\":\"169\",\"rating\":2041,\"seed\":\"sodium,44426ef705c9c0d64936bb8a5e89d7bb\"}\n>player p2 {\"name\":\"Sekkari\",\"avatar\":\"265\",\"rating\":2020,\"seed\":\"sodium,87f7ca52e7219fbc5b43de14740cc83f\"}\n>p1 move playrough\n>p2 switch 5\n>p1 move thunderwave\n>p2 move gunkshot\n>p1 move earthquake\n>p2 move playrough\n>p1 move earthquake\n>p2 move playrough\n>p2 switch 5\n>p1 move playrough\n>p2 move earthquake\n>p1 switch 3\n>p1 move dragondance\n>p2 switch 6\n>p1 move outrage\n>p2 move toxic\n>p1 move outrage\n>p2 move roost\n>p1 move outrage\n>p2 move roost\n>p1 move dragondance\n>p2 move roost\n>p1 move outrage\n>p2 move roost\n>p1 move outrage\n>p2 move roost\n>p1 switch 6\n>p1 move flareblitz\n>p2 switch 2\n>p1 move knockoff\n>p2 move dragondance\n>p1 move closecombat\n>p2 move earthquake\n>p1 switch 5\n>p1 move hydropump\n>p2 move earthquake\n>p1 move icebeam\n>p2 move earthquake\n>p1 switch 4\n>p1 move shadowsneak\n>p2 move earthquake\n>p2 switch 2\n>p1 switch 2\n>p2 move toxic\n>p1 move steameruption\n>p2 switch 3\n>p1 move steameruption\n>p2 move bulletseed\n>p2 switch 4\n>p1 move steameruption\n>p2 move stompingtantrum\n>p1 switch 2\n>p1 move swordsdance\n>p2 move stompingtantrum\n>p1 move swordsdance\n>p2 move fireblast\n>forcelose p1", "uploadtime": 1782846649, "views": 7, "formatid": "gen9randombattle", "rating": 2020, "private": 0, "password": null, "player_dets": [{"name": "theGARGANTUANpp", "avatar": "169", "rating": 2041, "seed": "sodium,44426ef705c9c0d64936bb8a5e89d7bb"}, {"name": "Sekkari", "avatar": "265", "rating": 2020, "seed": "sodium,87f7ca52e7219fbc5b43de14740cc83f"}], "teams_full": [{"Granbull": {"name": "Granbull", "species": "Granbull", "speciesId": "granbull", "gender": "F", "shiny": false, "level": 88, "moves": ["thunderwave", "earthquake", "roar", "playrough"], "ability": "Intimidate", "evs": {"hp": 85, "atk": 85, "def": 85, "spa": 85, "spd": 85, "spe": 85}, "ivs": {"hp": 31, "atk": 31, "def": 31, "spa": 31, "spd": 31, "spe": 31}, "item": "Leftovers", "teraType": "Ground", "role": "Bulky Support", "bvs": {"hp": 90, "atk": 120, "def": 75, "spa": 60, "spd": 60, "spe": 45}, "stats": {"hp": 302, "atk": 261, "def": 182, "spa": 156, "spd": 156, "spe": 129}, "types": ["Fairy"]}, "Volcanion": {"name": "Volcanion", "species": "Volcanion", "speciesId": "volcanion", "gender": "N", "shiny": false, "level": 79, "moves": ["sludgebomb", "steameruption", "flamethrower", "earthpower"], "ability": "Water Absorb", "evs": {"hp": 81, "atk": 0, "def": 85, "spa": 85, "spd": 85, "spe": 85}, "ivs": {"hp": 31, "atk": 0, "def": 31, "spa": 31, "spd": 31, "spe": 31}, "item": "Choice Specs", "teraType": "Ground", "role": "Bulky Attacker", "bvs": {"hp": 80, "atk": 110, "def": 120, "spa": 130, "spd": 90, "spe": 70}, "stats": {"hp": 255, "atk": 178, "def": 235, "spa": 251, "spd": 188, "spe": 156}, "types": ["Fire", "Water"]}, "Dragonite": {"name": "Dragonite", "species": "Dragonite", "speciesId": "dragonite", "gender": "M", "shiny": false, "level": 74, "moves": ["roost", "earthquake", "outrage", "dragondance"], "ability": "Multiscale", "evs": {"hp": 85, "atk": 85, "def": 85, "spa": 85, "spd": 85, "spe": 85}, "ivs": {"hp": 31, "atk": 31, "def": 31, "spa": 31, "spd": 31, "spe": 31}, "item": "Heavy-Duty Boots", "teraType": "Steel", "role": "Bulky Setup", "bvs": {"hp": 91, "atk": 134, "def": 95, "spa": 100, "spd": 100, "spe": 80}, "stats": {"hp": 257, "atk": 241, "def": 184, "spa": 191, "spd": 191, "spe": 161}, "types": ["Dragon", "Flying"]}, "Mimikyu": {"name": "Mimikyu", "species": "Mimikyu", "speciesId": "mimikyu", "gender": "F", "shiny": false, "level": 79, "moves": ["shadowclaw", "swordsdance", "shadowsneak", "playrough"], "ability": "Disguise", "evs": {"hp": 85, "atk": 85, "def": 85, "spa": 85, "spd": 85, "spe": 85}, "ivs": {"hp": 31, "atk": 31, "def": 31, "spa": 31, "spd": 31, "spe": 31}, "item": "Life Orb", "teraType": "Fairy", "role": "Fast Bulky Setup", "bvs": {"hp": 55, "atk": 90, "def": 80, "spa": 50, "spd": 105, "spe": 96}, "stats": {"hp": 216, "atk": 188, "def": 172, "spa": 125, "spd": 211, "spe": 197}, "types": ["Ghost", "Fairy"]}, "Lumineon": {"name": "Lumineon", "species": "Lumineon", "speciesId": "lumineon", "gender": "M", "shiny": false, "level": 93, "moves": ["hydropump", "icebeam", "uturn", "encore"], "ability": "Storm Drain", "evs": {"hp": 85, "atk": 85, "def": 85, "spa": 85, "spd": 85, "spe": 85}, "ivs": {"hp": 31, "atk": 31, "def": 31, "spa": 31, "spd": 31, "spe": 31}, "item": "Heavy-Duty Boots", "teraType": "Ground", "role": "Fast Support", "bvs": {"hp": 69, "atk": 69, "def": 76, "spa": 69, "spd": 86, "spe": 91}, "stats": {"hp": 279, "atk": 181, "def": 194, "spa": 181, "spd": 213, "spe": 222}, "types": ["Water"]}, "Emboar": {"name": "Emboar", "species": "Emboar", "speciesId": "emboar", "gender": "F", "shiny": false, "level": 84, "moves": ["closecombat", "scald", "flareblitz", "knockoff"], "ability": "Reckless", "evs": {"hp": 85, "atk": 85, "def": 85, "spa": 85, "spd": 85, "spe": 85}, "ivs": {"hp": 31, "atk": 31, "def": 31, "spa": 31, "spd": 31, "spe": 31}, "item": "Assault Vest", "teraType": "Water", "role": "AV Pivot", "bvs": {"hp": 110, "atk": 123, "def": 65, "spa": 100, "spd": 65, "spe": 65}, "stats": {"hp": 322, "atk": 255, "def": 157, "spa": 216, "spd": 157, "spe": 157}, "types": ["Fire", "Fighting"]}}, {"Mamoswine": {"name": "Mamoswine", "species": "Mamoswine", "speciesId": "mamoswine", "gender": "F", "shiny": false, "level": 81, "moves": ["knockoff", "iciclecrash", "iceshard", "earthquake"], "ability": "Thick Fat", "evs": {"hp": 85, "atk": 85, "def": 85, "spa": 85, "spd": 85, "spe": 85}, "ivs": {"hp": 31, "atk": 31, "def": 31, "spa": 31, "spd": 31, "spe": 31}, "item": "Choice Band", "teraType": "Ice", "role": "Wallbreaker", "bvs": {"hp": 110, "atk": 130, "def": 80, "spa": 70, "spd": 60, "spe": 80}, "stats": {"hp": 311, "atk": 257, "def": 176, "spa": 160, "spd": 144, "spe": 176}, "types": ["Ice", "Ground"]}, "Whiscash": {"name": "Whiscash", "species": "Whiscash", "speciesId": "whiscash", "gender": "F", "shiny": false, "level": 88, "moves": ["earthquake", "dragondance", "liquidation", "stoneedge"], "ability": "Oblivious", "evs": {"hp": 85, "atk": 85, "def": 85, "spa": 85, "spd": 85, "spe": 85}, "ivs": {"hp": 31, "atk": 31, "def": 31, "spa": 31, "spd": 31, "spe": 31}, "item": "Life Orb", "teraType": "Steel", "role": "Setup Sweeper", "bvs": {"hp": 110, "atk": 78, "def": 73, "spa": 76, "spd": 71, "spe": 60}, "stats": {"hp": 337, "atk": 188, "def": 179, "spa": 184, "spd": 175, "spe": 156}, "types": ["Water", "Ground"]}, "Breloom": {"name": "Breloom", "species": "Breloom", "speciesId": "breloom", "gender": "F", "shiny": false, "level": 83, "moves": ["spore", "machpunch", "swordsdance", "bulletseed"], "ability": "Technician", "evs": {"hp": 85, "atk": 85, "def": 85, "spa": 85, "spd": 85, "spe": 85}, "ivs": {"hp": 31, "atk": 31, "def": 31, "spa": 31, "spd": 31, "spe": 31}, "item": "Life Orb", "teraType": "Fighting", "role": "Fast Attacker", "bvs": {"hp": 60, "atk": 130, "def": 80, "spa": 60, "spd": 60, "spe": 70}, "stats": {"hp": 235, "atk": 263, "def": 180, "spa": 147, "spd": 147, "spe": 164}, "types": ["Grass", "Fighting"]}, "Scovillain": {"name": "Scovillain", "species": "Scovillain", "speciesId": "scovillain", "gender": "M", "shiny": false, "level": 91, "moves": ["stompingtantrum", "energyball", "sunnyday", "fireblast"], "ability": "Chlorophyll", "evs": {"hp": 85, "atk": 85, "def": 85, "spa": 85, "spd": 85, "spe": 85}, "ivs": {"hp": 31, "atk": 31, "def": 31, "spa": 31, "spd": 31, "spe": 31}, "item": "Heavy-Duty Boots", "teraType": "Ground", "role": "Wallbreaker", "bvs": {"hp": 65, "atk": 108, "def": 65, "spa": 108, "spd": 65, "spe": 75}, "stats": {"hp": 266, "atk": 248, "def": 170, "spa": 248, "spd": 170, "spe": 188}, "types": ["Grass", "Fire"]}, "Fezandipiti": {"name": "Fezandipiti", "species": "Fezandipiti", "speciesId": "fezandipiti", "gender": "M", "shiny": false, "level": 82, "moves": ["gunkshot", "swordsdance", "terablast", "playrough"], "ability": "Toxic Chain", "evs": {"hp": 85, "atk": 85, "def": 85, "spa": 85, "spd": 85, "spe": 85}, "ivs": {"hp": 31, "atk": 31, "def": 31, "spa": 31, "spd": 31, "spe": 31}, "item": "Leftovers", "teraType": "Ground", "role": "Tera Blast user", "bvs": {"hp": 88, "atk": 91, "def": 82, "spa": 70, "spd": 125, "spe": 99}, "stats": {"hp": 278, "atk": 196, "def": 182, "spa": 162, "spd": 252, "spe": 210}, "types": ["Poison", "Fairy"]}, "Vespiquen": {"name": "Vespiquen", "species": "Vespiquen", "speciesId": "vespiquen", "gender": "F", "shiny": false, "level": 99, "moves": ["toxic", "uturn", "airslash", "roost"], "ability": "Pressure", "evs": {"hp": 85, "atk": 85, "def": 85, "spa": 85, "spd": 85, "spe": 85}, "ivs": {"hp": 31, "atk": 31, "def": 31, "spa": 31, "spd": 31, "spe": 31}, "item": "Heavy-Duty Boots", "teraType": "Steel", "role": "Bulky Support", "bvs": {"hp": 70, "atk": 80, "def": 102, "spa": 80, "spd": 102, "spe": 40}, "stats": {"hp": 299, "atk": 214, "def": 258, "spa": 214, "spd": 258, "spe": 135}, "types": ["Bug", "Flying"]}}]}