{"id": "gen9randombattle-2642200370", "format": "[Gen 9] Random Battle", "players": ["CheeseyRaye1", "duc213.vn"], "log": "|j|\u2606CheeseyRaye1\n|j|\u2606duc213.vn\n|t:|1782909832\n|gametype|singles\n|player|p1|CheeseyRaye1|102|\n|player|p2|duc213.vn|102|\n|gen|9\n|tier|[Gen 9] Random Battle\n|rule|Species Clause: Limit one of each Pok\u00e9mon\n|rule|HP Percentage Mod: HP is shown in percentages\n|rule|Sleep Clause Mod: Limit one foe put to sleep\n|rule|Illusion Level Mod: Illusion disguises the Pok\u00e9mon's true level\n|\n|t:|1782909832\n|teamsize|p1|6\n|teamsize|p2|6\n|start\n|switch|p1a: Volbeat|Volbeat, L90, M|263/263\n|switch|p2a: Meganium|Meganium, L90, F|290/290\n|turn|1\n|\n|t:|1782909855\n|move|p1a: Volbeat|U-turn|p2a: Meganium\n|-supereffective|p2a: Meganium\n|-damage|p2a: Meganium|170/290\n|\n|t:|1782909863\n|switch|p1a: Passimian|Passimian, L83, M|302/302|[from] U-turn\n|move|p2a: Meganium|Energy Ball|p1a: Passimian\n|-crit|p1a: Passimian\n|-damage|p1a: Passimian|104/302\n|\n|-heal|p2a: Meganium|188/290|[from] item: Leftovers\n|upkeep\n|turn|2\n|\n|t:|1782909874\n|move|p1a: Passimian|Gunk Shot|p2a: Meganium\n|-supereffective|p2a: Meganium\n|-damage|p2a: Meganium|28/290\n|move|p2a: Meganium|Energy Ball|p1a: Passimian\n|-damage|p1a: Passimian|0 fnt\n|faint|p1a: Passimian\n|\n|-heal|p2a: Meganium|46/290|[from] item: Leftovers\n|upkeep\n|\n|t:|1782909882\n|switch|p1a: Volbeat|Volbeat, L90, M|263/263\n|turn|3\n|\n|t:|1782909889\n|move|p1a: Volbeat|U-turn|p2a: Meganium\n|-supereffective|p2a: Meganium\n|-damage|p2a: Meganium|0 fnt\n|faint|p2a: Meganium\n|\n|t:|1782909901\n|switch|p1a: Fezandipiti|Fezandipiti, L82, M|278/278|[from] U-turn\n|\n|upkeep\n|\n|t:|1782909935\n|switch|p2a: Gastrodon|Gastrodon, L86, F|331/331\n|turn|4\n|\n|t:|1782909939\n|move|p1a: Fezandipiti|Gunk Shot|p2a: Gastrodon|[miss]\n|-miss|p1a: Fezandipiti|p2a: Gastrodon\n|move|p2a: Gastrodon|Earthquake|p1a: Fezandipiti\n|-supereffective|p1a: Fezandipiti\n|-damage|p1a: Fezandipiti|56/278\n|\n|-heal|p1a: Fezandipiti|73/278|[from] item: Leftovers\n|upkeep\n|turn|5\n|\n|t:|1782909952\n|move|p1a: Fezandipiti|Tera Blast|p2a: Gastrodon\n|-damage|p2a: Gastrodon|287/331\n|move|p2a: Gastrodon|Earthquake|p1a: Fezandipiti\n|-supereffective|p1a: Fezandipiti\n|-damage|p1a: Fezandipiti|0 fnt\n|faint|p1a: Fezandipiti\n|\n|-heal|p2a: Gastrodon|307/331|[from] item: Leftovers\n|upkeep\n|\n|t:|1782909963\n|switch|p1a: Blissey|Blissey, L85, F|572/572\n|turn|6\n|\n|t:|1782909969\n|move|p1a: Blissey|Seismic Toss|p2a: Gastrodon\n|-damage|p2a: Gastrodon|222/331\n|move|p2a: Gastrodon|Sludge Bomb|p1a: Blissey\n|-damage|p1a: Blissey|526/572\n|\n|-heal|p1a: Blissey|561/572|[from] item: Leftovers\n|-heal|p2a: Gastrodon|242/331|[from] item: Leftovers\n|upkeep\n|turn|7\n|\n|t:|1782909997\n|move|p1a: Blissey|Thunder Wave|p2a: Gastrodon\n|-immune|p2a: Gastrodon\n|move|p2a: Gastrodon|Earthquake|p1a: Blissey\n|-damage|p1a: Blissey|245/572\n|\n|-heal|p1a: Blissey|280/572|[from] item: Leftovers\n|-heal|p2a: Gastrodon|262/331|[from] item: Leftovers\n|upkeep\n|turn|8\n|\n|t:|1782910010\n|move|p1a: Blissey|Thunder Wave|p2a: Gastrodon\n|-immune|p2a: Gastrodon\n|move|p2a: Gastrodon|Surf|p1a: Blissey\n|-damage|p1a: Blissey|207/572\n|\n|-heal|p1a: Blissey|242/572|[from] item: Leftovers\n|-heal|p2a: Gastrodon|282/331|[from] item: Leftovers\n|upkeep\n|turn|9\n|\n|t:|1782910024\n|move|p1a: Blissey|Soft-Boiled|p1a: Blissey\n|-heal|p1a: Blissey|528/572\n|move|p2a: Gastrodon|Earthquake|p1a: Blissey\n|-damage|p1a: Blissey|225/572\n|\n|-heal|p1a: Blissey|260/572|[from] item: Leftovers\n|-heal|p2a: Gastrodon|302/331|[from] item: Leftovers\n|upkeep\n|turn|10\n|\n|t:|1782910034\n|move|p1a: Blissey|Seismic Toss|p2a: Gastrodon\n|-damage|p2a: Gastrodon|217/331\n|move|p2a: Gastrodon|Earthquake|p1a: Blissey\n|-damage|p1a: Blissey|0 fnt\n|faint|p1a: Blissey\n|\n|-heal|p2a: Gastrodon|237/331|[from] item: Leftovers\n|upkeep\n|\n|t:|1782910042\n|switch|p1a: Volbeat|Volbeat, L90, M|263/263\n|turn|11\n|\n|t:|1782910054\n|move|p1a: Volbeat|U-turn|p2a: Gastrodon\n|-damage|p2a: Gastrodon|156/331\n|\n|t:|1782910059\n|switch|p1a: Garganacl|Garganacl, L80, M|291/291|[from] U-turn\n|move|p2a: Gastrodon|Sludge Bomb|p1a: Garganacl\n|-resisted|p1a: Garganacl\n|-damage|p1a: Garganacl|259/291\n|\n|-heal|p2a: Gastrodon|176/331|[from] item: Leftovers\n|-heal|p1a: Garganacl|277/291|[from] item: Leftovers\n|upkeep\n|turn|12\n|\n|t:|1782910085\n|move|p2a: Gastrodon|Earthquake|p1a: Garganacl\n|-supereffective|p1a: Garganacl\n|-damage|p1a: Garganacl|121/291\n|move|p1a: Garganacl|Body Press|p2a: Gastrodon\n|-damage|p2a: Gastrodon|103/331\n|\n|-heal|p2a: Gastrodon|123/331|[from] item: Leftovers\n|-heal|p1a: Garganacl|139/291|[from] item: Leftovers\n|upkeep\n|turn|13\n|\n|t:|1782910096\n|move|p2a: Gastrodon|Earthquake|p1a: Garganacl\n|-supereffective|p1a: Garganacl\n|-damage|p1a: Garganacl|0 fnt\n|faint|p1a: Garganacl\n|\n|-heal|p2a: Gastrodon|143/331|[from] item: Leftovers\n|upkeep\n|\n|t:|1782910102\n|switch|p1a: Toxtricity|Toxtricity, L82, F|257/257\n|turn|14\n|\n|t:|1782910113\n|move|p1a: Toxtricity|Volt Switch|p2a: Gastrodon\n|-immune|p2a: Gastrodon\n|move|p2a: Gastrodon|Earthquake|p1a: Toxtricity\n|-supereffective|p1a: Toxtricity\n|-damage|p1a: Toxtricity|0 fnt\n|faint|p1a: Toxtricity\n|\n|-heal|p2a: Gastrodon|163/331|[from] item: Leftovers\n|upkeep\n|\n|t:|1782910122\n|switch|p1a: Volbeat|Volbeat, L90, M|263/263\n|turn|15\n|\n|t:|1782910127\n|move|p1a: Volbeat|U-turn|p2a: Gastrodon\n|-damage|p2a: Gastrodon|76/331\n|move|p2a: Gastrodon|Recover|p2a: Gastrodon\n|-heal|p2a: Gastrodon|242/331\n|\n|-heal|p2a: Gastrodon|262/331|[from] item: Leftovers\n|upkeep\n|turn|16\n|\n|t:|1782910136\n|move|p1a: Volbeat|Roost||[still]\n|-fail|p1a: Volbeat|heal\n|move|p2a: Gastrodon|Sludge Bomb|p1a: Volbeat\n|-damage|p1a: Volbeat|199/263\n|\n|-heal|p2a: Gastrodon|282/331|[from] item: Leftovers\n|upkeep\n|turn|17\n|\n|t:|1782910143\n|move|p1a: Volbeat|U-turn|p2a: Gastrodon\n|-damage|p2a: Gastrodon|198/331\n|move|p2a: Gastrodon|Sludge Bomb|p1a: Volbeat\n|-damage|p1a: Volbeat|139/263\n|\n|-heal|p2a: Gastrodon|218/331|[from] item: Leftovers\n|upkeep\n|turn|18\n|\n|t:|1782910150\n|move|p1a: Volbeat|Encore|p2a: Gastrodon\n|-start|p2a: Gastrodon|Encore\n|move|p2a: Gastrodon|Sludge Bomb|p1a: Volbeat\n|-damage|p1a: Volbeat|76/263\n|\n|-heal|p2a: Gastrodon|238/331|[from] item: Leftovers\n|upkeep\n|turn|19\n|\n|t:|1782910157\n|move|p1a: Volbeat|U-turn|p2a: Gastrodon\n|-damage|p2a: Gastrodon|154/331\n|move|p2a: Gastrodon|Sludge Bomb|p1a: Volbeat\n|-damage|p1a: Volbeat|18/263\n|\n|-heal|p2a: Gastrodon|174/331|[from] item: Leftovers\n|upkeep\n|turn|20\n|\n|t:|1782910165\n|move|p1a: Volbeat|U-turn|p2a: Gastrodon\n|-damage|p2a: Gastrodon|98/331\n|move|p2a: Gastrodon|Sludge Bomb|p1a: Volbeat\n|-crit|p1a: Volbeat\n|-damage|p1a: Volbeat|0 fnt\n|faint|p1a: Volbeat\n|\n|win|duc213.vn\n", "inputlog": ">version f8ac14003a5f27e1bdc8d8c59608a773c1cb96e5\n>start {\"formatid\":\"gen9randombattle\",\"seed\":\"sodium,3a2ef7ceebb520b60f0acb6d2598d55f\"}\n>player p1 {\"name\":\"CheeseyRaye1\",\"avatar\":\"102\",\"rating\":0,\"seed\":\"sodium,f8e0b691c7014a8c6d7e63cc783e5d82\"}\n>player p2 {\"name\":\"duc213.vn\",\"avatar\":\"102\",\"rating\":0,\"seed\":\"sodium,4dad5e15d28d970361c3aefd27fb5e46\"}\n>p1 move uturn\n>p2 move energyball\n>p1 switch 2\n>p1 move gunkshot\n>p2 move energyball\n>p1 switch 2\n>p1 move uturn\n>p2 move synthesis\n>p1 switch 3\n>p2 switch 6\n>p1 move gunkshot\n>p2 move earthquake\n>p1 move terablast\n>p2 move earthquake\n>p1 switch 4\n>p1 move seismictoss\n>p2 move sludgebomb\n>p1 move thunderwave\n>p2 move earthquake\n>p1 move thunderwave\n>p2 move surf\n>p1 move softboiled\n>p2 move earthquake\n>p1 move seismictoss\n>p2 move earthquake\n>p1 switch 3\n>p1 move uturn\n>p2 move sludgebomb\n>p1 switch 5\n>p1 move bodypress\n>p2 move earthquake\n>p1 move recover\n>p2 move earthquake\n>p1 switch 6\n>p1 move voltswitch\n>p2 move earthquake\n>p1 switch 5\n>p1 move uturn\n>p2 move recover\n>p1 move roost\n>p2 move sludgebomb\n>p1 move uturn\n>p2 move sludgebomb\n>p1 move encore\n>p2 move sludgebomb\n>p1 move uturn\n>p2 move sludgebomb\n>p1 move uturn\n>p2 move sludgebomb", "uploadtime": 1782910169, "views": 5, "formatid": "gen9randombattle", "rating": null, "private": 0, "password": null, "player_dets": [{"name": "CheeseyRaye1", "avatar": "102", "rating": 0, "seed": "sodium,f8e0b691c7014a8c6d7e63cc783e5d82"}, {"name": "duc213.vn", "avatar": "102", "rating": 0, "seed": "sodium,4dad5e15d28d970361c3aefd27fb5e46"}], "teams_full": [{"Volbeat": {"name": "Volbeat", "species": "Volbeat", "speciesId": "volbeat", "gender": "M", "shiny": false, "level": 90, "moves": ["roost", "thunderwave", "encore", "uturn"], "ability": "Prankster", "evs": {"hp": 85, "atk": 85, "def": 85, "spa": 85, "spd": 85, "spe": 85}, "ivs": {"hp": 31, "atk": 31, "def": 31, "spa": 31, "spd": 31, "spe": 31}, "item": "Heavy-Duty Boots", "teraType": "Steel", "role": "Bulky Support", "bvs": {"hp": 65, "atk": 73, "def": 75, "spa": 47, "spd": 85, "spe": 85}, "stats": {"hp": 263, "atk": 183, "def": 186, "spa": 136, "spd": 204, "spe": 204}, "types": ["Bug"]}, "Passimian": {"name": "Passimian", "species": "Passimian", "speciesId": "passimian", "gender": "M", "shiny": false, "level": 83, "moves": ["gunkshot", "closecombat", "knockoff", "earthquake"], "ability": "Defiant", "evs": {"hp": 85, "atk": 85, "def": 85, "spa": 85, "spd": 85, "spe": 85}, "ivs": {"hp": 31, "atk": 31, "def": 31, "spa": 31, "spd": 31, "spe": 31}, "item": "Choice Scarf", "teraType": "Dark", "role": "Fast Attacker", "bvs": {"hp": 100, "atk": 120, "def": 90, "spa": 40, "spd": 60, "spe": 80}, "stats": {"hp": 302, "atk": 247, "def": 197, "spa": 114, "spd": 147, "spe": 180}, "types": ["Fighting"]}, "Fezandipiti": {"name": "Fezandipiti", "species": "Fezandipiti", "speciesId": "fezandipiti", "gender": "M", "shiny": false, "level": 82, "moves": ["swordsdance", "terablast", "playrough", "gunkshot"], "ability": "Toxic Chain", "evs": {"hp": 85, "atk": 85, "def": 85, "spa": 85, "spd": 85, "spe": 85}, "ivs": {"hp": 31, "atk": 31, "def": 31, "spa": 31, "spd": 31, "spe": 31}, "item": "Leftovers", "teraType": "Ground", "role": "Tera Blast user", "bvs": {"hp": 88, "atk": 91, "def": 82, "spa": 70, "spd": 125, "spe": 99}, "stats": {"hp": 278, "atk": 196, "def": 182, "spa": 162, "spd": 252, "spe": 210}, "types": ["Poison", "Fairy"]}, "Blissey": {"name": "Blissey", "species": "Blissey", "speciesId": "blissey", "gender": "F", "shiny": false, "level": 85, "moves": ["healbell", "seismictoss", "thunderwave", "softboiled"], "ability": "Natural Cure", "evs": {"hp": 85, "atk": 0, "def": 85, "spa": 85, "spd": 85, "spe": 85}, "ivs": {"hp": 31, "atk": 0, "def": 31, "spa": 31, "spd": 31, "spe": 31}, "item": "Leftovers", "teraType": "Dark", "role": "Bulky Support", "bvs": {"hp": 255, "atk": 10, "def": 10, "spa": 75, "spd": 135, "spe": 55}, "stats": {"hp": 572, "atk": 22, "def": 66, "spa": 176, "spd": 278, "spe": 142}, "types": ["Normal"]}, "Garganacl": {"name": "Garganacl", "species": "Garganacl", "speciesId": "garganacl", "gender": "M", "shiny": false, "level": 80, "moves": ["saltcure", "stealthrock", "bodypress", "recover"], "ability": "Purifying Salt", "evs": {"hp": 85, "atk": 85, "def": 85, "spa": 85, "spd": 85, "spe": 85}, "ivs": {"hp": 31, "atk": 31, "def": 31, "spa": 31, "spd": 31, "spe": 31}, "item": "Leftovers", "teraType": "Dragon", "role": "Bulky Support", "bvs": {"hp": 100, "atk": 100, "def": 130, "spa": 45, "spd": 90, "spe": 35}, "stats": {"hp": 291, "atk": 206, "def": 254, "spa": 118, "spd": 190, "spe": 102}, "types": ["Rock"]}, "Toxtricity": {"name": "Toxtricity", "species": "Toxtricity", "speciesId": "toxtricity", "gender": "F", "shiny": false, "level": 82, "moves": ["sludgewave", "voltswitch", "boomburst", "overdrive"], "ability": "Punk Rock", "evs": {"hp": 85, "atk": 0, "def": 85, "spa": 85, "spd": 85, "spe": 85}, "ivs": {"hp": 31, "atk": 0, "def": 31, "spa": 31, "spd": 31, "spe": 31}, "item": "Choice Specs", "teraType": "Normal", "role": "Fast Attacker", "bvs": {"hp": 75, "atk": 98, "def": 70, "spa": 114, "spd": 70, "spe": 75}, "stats": {"hp": 257, "atk": 165, "def": 162, "spa": 234, "spd": 162, "spe": 170}, "types": ["Electric", "Poison"]}}, {"Meganium": {"name": "Meganium", "species": "Meganium", "speciesId": "meganium", "gender": "F", "shiny": false, "level": 90, "moves": ["synthesis", "knockoff", "encore", "energyball"], "ability": "Overgrow", "evs": {"hp": 85, "atk": 85, "def": 85, "spa": 85, "spd": 85, "spe": 85}, "ivs": {"hp": 31, "atk": 31, "def": 31, "spa": 31, "spd": 31, "spe": 31}, "item": "Leftovers", "teraType": "Water", "role": "Bulky Attacker", "bvs": {"hp": 80, "atk": 82, "def": 100, "spa": 83, "spd": 100, "spe": 80}, "stats": {"hp": 290, "atk": 199, "def": 231, "spa": 201, "spd": 231, "spe": 195}, "types": ["Grass"]}, "Staraptor": {"name": "Staraptor", "species": "Staraptor", "speciesId": "staraptor", "gender": "F", "shiny": false, "level": 79, "moves": ["closecombat", "bravebird", "doubleedge", "uturn"], "ability": "Reckless", "evs": {"hp": 81, "atk": 85, "def": 85, "spa": 85, "spd": 85, "spe": 85}, "ivs": {"hp": 31, "atk": 31, "def": 31, "spa": 31, "spd": 31, "spe": 31}, "item": "Choice Band", "teraType": "Flying", "role": "Fast Attacker", "bvs": {"hp": 85, "atk": 120, "def": 70, "spa": 50, "spd": 60, "spe": 100}, "stats": {"hp": 263, "atk": 235, "def": 156, "spa": 125, "spd": 140, "spe": 204}, "types": ["Normal", "Flying"]}, "Politoed": {"name": "Politoed", "species": "Politoed", "speciesId": "politoed", "gender": "M", "shiny": false, "level": 88, "moves": ["hydropump", "weatherball", "focusblast", "icebeam"], "ability": "Drizzle", "evs": {"hp": 85, "atk": 0, "def": 85, "spa": 85, "spd": 85, "spe": 85}, "ivs": {"hp": 31, "atk": 0, "def": 31, "spa": 31, "spd": 31, "spe": 31}, "item": "Choice Specs", "teraType": "Water", "role": "Fast Attacker", "bvs": {"hp": 90, "atk": 75, "def": 75, "spa": 90, "spd": 100, "spe": 70}, "stats": {"hp": 302, "atk": 137, "def": 182, "spa": 209, "spd": 226, "spe": 173}, "types": ["Water"]}, "Spidops": {"name": "Spidops", "species": "Spidops", "speciesId": "spidops", "gender": "M", "shiny": false, "level": 96, "moves": ["toxicspikes", "spikes", "stickyweb", "circlethrow"], "ability": "Stakeout", "evs": {"hp": 85, "atk": 85, "def": 85, "spa": 85, "spd": 85, "spe": 85}, "ivs": {"hp": 31, "atk": 31, "def": 31, "spa": 31, "spd": 31, "spe": 31}, "item": "Heavy-Duty Boots", "teraType": "Ghost", "role": "Bulky Support", "bvs": {"hp": 60, "atk": 79, "def": 92, "spa": 52, "spd": 86, "spe": 35}, "stats": {"hp": 271, "atk": 206, "def": 231, "spa": 154, "spd": 220, "spe": 122}, "types": ["Bug"]}, "Camerupt": {"name": "Camerupt", "species": "Camerupt", "speciesId": "camerupt", "gender": "M", "shiny": false, "level": 91, "moves": ["roar", "overheat", "earthquake", "stealthrock"], "ability": "Solid Rock", "evs": {"hp": 85, "atk": 85, "def": 85, "spa": 85, "spd": 85, "spe": 85}, "ivs": {"hp": 31, "atk": 31, "def": 31, "spa": 31, "spd": 31, "spe": 31}, "item": "Leftovers", "teraType": "Grass", "role": "Bulky Support", "bvs": {"hp": 70, "atk": 100, "def": 70, "spa": 105, "spd": 75, "spe": 40}, "stats": {"hp": 275, "atk": 234, "def": 179, "spa": 243, "spd": 188, "spe": 125}, "types": ["Fire", "Ground"]}, "Gastrodon": {"name": "Gastrodon", "species": "Gastrodon", "speciesId": "gastrodon", "gender": "F", "shiny": false, "level": 86, "moves": ["earthquake", "recover", "sludgebomb", "surf"], "ability": "Storm Drain", "evs": {"hp": 85, "atk": 85, "def": 85, "spa": 85, "spd": 85, "spe": 85}, "ivs": {"hp": 31, "atk": 31, "def": 31, "spa": 31, "spd": 31, "spe": 31}, "item": "Leftovers", "teraType": "Poison", "role": "Bulky Support", "bvs": {"hp": 111, "atk": 83, "def": 68, "spa": 92, "spd": 82, "spe": 39}, "stats": {"hp": 331, "atk": 192, "def": 166, "spa": 207, "spd": 190, "spe": 116}, "types": ["Water", "Ground"]}}]}