{"id": "gen9randombattle-2641589650", "format": "[Gen 9] Random Battle", "players": ["Zibabu", "Hose7Tango"], "log": "|j|\u2606Zibabu\n|j|\u2606Hose7Tango\n|t:|1782814227\n|gametype|singles\n|player|p1|Zibabu|102|1900\n|player|p2|Hose7Tango|hiker-gen4|1933\n|gen|9\n|tier|[Gen 9] Random Battle\n|rated|\n|rule|Species Clause: Limit one of each Pok\u00e9mon\n|rule|HP Percentage Mod: HP is shown in percentages\n|rule|Sleep Clause Mod: Limit one foe put to sleep\n|rule|Illusion Level Mod: Illusion disguises the Pok\u00e9mon's true level\n|\n|t:|1782814227\n|teamsize|p1|6\n|teamsize|p2|6\n|start\n|switch|p1a: Sylveon|Sylveon, L85, M|300/300\n|switch|p2a: Arboliva|Arboliva, L91, F|288/288\n|turn|1\n|inactive|Battle timer is ON: inactive players will automatically lose when time's up. (requested by Zibabu)\n|\n|t:|1782814233\n|move|p1a: Sylveon|Calm Mind|p1a: Sylveon\n|-boost|p1a: Sylveon|spa|1\n|-boost|p1a: Sylveon|spd|1\n|move|p2a: Arboliva|Leech Seed|p1a: Sylveon\n|-start|p1a: Sylveon|move: Leech Seed\n|\n|-damage|p1a: Sylveon|263/300|[from] Leech Seed|[of] p2a: Arboliva\n|upkeep\n|turn|2\n|\n|t:|1782814238\n|switch|p2a: Illumise|Illumise, L91, F|266/266\n|move|p1a: Sylveon|Hyper Voice|p2a: Illumise\n|-damage|p2a: Illumise|70/266\n|\n|-heal|p1a: Sylveon|281/300|[from] item: Leftovers\n|-damage|p1a: Sylveon|244/300|[from] Leech Seed|[of] p2a: Illumise\n|-heal|p2a: Illumise|107/266|[silent]\n|upkeep\n|turn|3\n|\n|t:|1782814249\n|switch|p2a: Dragalge|Dragalge, L88, F|258/258\n|move|p1a: Sylveon|Hyper Voice|p2a: Dragalge\n|-damage|p2a: Dragalge|165/258\n|\n|-heal|p1a: Sylveon|262/300|[from] item: Leftovers\n|-damage|p1a: Sylveon|225/300|[from] Leech Seed|[of] p2a: Dragalge\n|-heal|p2a: Dragalge|202/258|[silent]\n|upkeep\n|turn|4\n|\n|t:|1782814258\n|switch|p1a: Lucario|Lucario, L84, F|255/255\n|move|p2a: Dragalge|Sludge Wave|p1a: Lucario\n|-immune|p1a: Lucario\n|\n|upkeep\n|turn|5\n|\n|t:|1782814265\n|move|p1a: Lucario|Nasty Plot|p1a: Lucario\n|-boost|p1a: Lucario|spa|2\n|move|p2a: Dragalge|Focus Blast|p1a: Lucario\n|-supereffective|p1a: Lucario\n|-damage|p1a: Lucario|19/255\n|\n|upkeep\n|turn|6\n|\n|t:|1782814274\n|switch|p2a: Illumise|Illumise, L91, F|107/266\n|move|p1a: Lucario|Flash Cannon|p2a: Illumise\n|-damage|p2a: Illumise|0 fnt\n|faint|p2a: Illumise\n|-damage|p1a: Lucario|0 fnt|[from] item: Life Orb\n|faint|p1a: Lucario\n|\n|upkeep\n|\n|t:|1782814280\n|switch|p2a: Dragalge|Dragalge, L88, F|202/258\n|switch|p1a: Chimecho|Chimecho, L93, M|290/290\n|turn|7\n|\n|t:|1782814286\n|move|p1a: Chimecho|Knock Off|p2a: Dragalge\n|-crit|p2a: Dragalge\n|-damage|p2a: Dragalge|132/258\n|-enditem|p2a: Dragalge|Assault Vest|[from] move: Knock Off|[of] p1a: Chimecho\n|move|p2a: Dragalge|Dragon Tail|p1a: Chimecho\n|-damage|p1a: Chimecho|218/290\n|drag|p1a: Plusle|Plusle, L95, M|268/268\n|\n|upkeep\n|turn|8\n|\n|t:|1782814293\n|move|p1a: Plusle|Nasty Plot|p1a: Plusle\n|-boost|p1a: Plusle|spa|2\n|move|p2a: Dragalge|Sludge Wave|p1a: Plusle\n|-damage|p1a: Plusle|126/268\n|\n|upkeep\n|turn|9\n|\n|t:|1782814306\n|move|p1a: Plusle|Alluring Voice|p2a: Dragalge\n|-damage|p2a: Dragalge|12/258\n|-damage|p1a: Plusle|100/268|[from] item: Life Orb\n|move|p2a: Dragalge|Sludge Wave|p1a: Plusle\n|-damage|p1a: Plusle|0 fnt\n|faint|p1a: Plusle\n|\n|upkeep\n|\n|t:|1782814310\n|switch|p1a: Chimecho|Chimecho, L93, M|218/290\n|turn|10\n|\n|t:|1782814320\n|move|p1a: Chimecho|Knock Off|p2a: Dragalge\n|-crit|p2a: Dragalge\n|-damage|p2a: Dragalge|0 fnt\n|faint|p2a: Dragalge\n|\n|-heal|p1a: Chimecho|236/290|[from] item: Leftovers\n|upkeep\n|\n|t:|1782814325\n|switch|p2a: Haxorus|Haxorus, L77, F|244/244\n|-ability|p2a: Haxorus|Mold Breaker\n|turn|11\n|\n|t:|1782814337\n|switch|p1a: Sylveon|Sylveon, L85, M|225/300\n|move|p2a: Haxorus|Dragon Dance|p2a: Haxorus\n|-boost|p2a: Haxorus|atk|1\n|-boost|p2a: Haxorus|spe|1\n|\n|-heal|p1a: Sylveon|243/300|[from] item: Leftovers\n|upkeep\n|turn|12\n|\n|t:|1782814346\n|-terastallize|p2a: Haxorus|Steel\n|move|p1a: Sylveon|Protect|p1a: Sylveon\n|-singleturn|p1a: Sylveon|Protect\n|move|p2a: Haxorus|Iron Head|p1a: Sylveon\n|-activate|p1a: Sylveon|move: Protect\n|\n|-heal|p1a: Sylveon|261/300|[from] item: Leftovers\n|upkeep\n|turn|13\n|\n|t:|1782814358\n|switch|p1a: Electrode|Electrode-Hisui, L87|246/246\n|move|p2a: Haxorus|Dragon Dance|p2a: Haxorus\n|-boost|p2a: Haxorus|atk|1\n|-boost|p2a: Haxorus|spe|1\n|\n|upkeep\n|turn|14\n|\n|t:|1782814368\n|move|p2a: Haxorus|Outrage|p1a: Electrode\n|-damage|p1a: Electrode|0 fnt\n|faint|p1a: Electrode\n|\n|upkeep\n|\n|t:|1782814370\n|switch|p1a: Sylveon|Sylveon, L85, M|261/300\n|turn|15\n|\n|t:|1782814375\n|move|p2a: Haxorus|Outrage|p1a: Sylveon|[from] lockedmove\n|-immune|p1a: Sylveon\n|-start|p2a: Haxorus|confusion|[fatigue]\n|-enditem|p2a: Haxorus|Lum Berry|[eat]\n|-end|p2a: Haxorus|confusion\n|move|p1a: Sylveon|Calm Mind|p1a: Sylveon\n|-boost|p1a: Sylveon|spa|1\n|-boost|p1a: Sylveon|spd|1\n|\n|-heal|p1a: Sylveon|279/300|[from] item: Leftovers\n|upkeep\n|turn|16\n|\n|t:|1782814384\n|-terastallize|p1a: Sylveon|Steel\n|move|p2a: Haxorus|Iron Head|p1a: Sylveon\n|-resisted|p1a: Sylveon\n|-damage|p1a: Sylveon|165/300\n|move|p1a: Sylveon|Hyper Voice|p2a: Haxorus\n|-resisted|p2a: Haxorus\n|-damage|p2a: Haxorus|117/244\n|\n|-heal|p1a: Sylveon|183/300|[from] item: Leftovers\n|upkeep\n|turn|17\n|\n|t:|1782814388\n|move|p1a: Sylveon|Protect|p1a: Sylveon\n|-singleturn|p1a: Sylveon|Protect\n|move|p2a: Haxorus|Close Combat|p1a: Sylveon\n|-activate|p1a: Sylveon|move: Protect\n|\n|-heal|p1a: Sylveon|201/300|[from] item: Leftovers\n|upkeep\n|turn|18\n|\n|t:|1782814393\n|switch|p1a: Chimecho|Chimecho, L93, M|236/290\n|move|p2a: Haxorus|Iron Head|p1a: Chimecho\n|-damage|p1a: Chimecho|52/290\n|\n|-heal|p1a: Chimecho|70/290|[from] item: Leftovers\n|upkeep\n|turn|19\n|\n|t:|1782814396\n|move|p2a: Haxorus|Iron Head|p1a: Chimecho\n|-damage|p1a: Chimecho|0 fnt\n|faint|p1a: Chimecho\n|\n|upkeep\n|\n|t:|1782814399\n|switch|p1a: Exeggutor|Exeggutor-Alola, L89, M|314/314\n|turn|20\n|\n|t:|1782814403\n|move|p2a: Haxorus|Outrage|p1a: Exeggutor\n|-supereffective|p1a: Exeggutor\n|-damage|p1a: Exeggutor|0 fnt\n|faint|p1a: Exeggutor\n|\n|upkeep\n|\n|t:|1782814404\n|switch|p1a: Sylveon|Sylveon, L85, M, tera:Steel|201/300\n|turn|21\n|\n|t:|1782814408\n|move|p2a: Haxorus|Outrage|p1a: Sylveon|[from] lockedmove\n|-resisted|p1a: Sylveon\n|-damage|p1a: Sylveon|28/300\n|-start|p2a: Haxorus|confusion|[fatigue]\n|move|p1a: Sylveon|Calm Mind|p1a: Sylveon\n|-boost|p1a: Sylveon|spa|1\n|-boost|p1a: Sylveon|spd|1\n|\n|-heal|p1a: Sylveon|46/300|[from] item: Leftovers\n|upkeep\n|turn|22\n|\n|t:|1782814413\n|-activate|p2a: Haxorus|confusion\n|-damage|p2a: Haxorus|40/244|[from] confusion\n|move|p1a: Sylveon|Wish|p1a: Sylveon\n|\n|-heal|p1a: Sylveon|64/300|[from] item: Leftovers\n|upkeep\n|turn|23\n|\n|t:|1782814420\n|-activate|p2a: Haxorus|confusion\n|move|p2a: Haxorus|Close Combat|p1a: Sylveon\n|-supereffective|p1a: Sylveon\n|-damage|p1a: Sylveon|0 fnt\n|-unboost|p2a: Haxorus|def|1\n|-unboost|p2a: Haxorus|spd|1\n|faint|p1a: Sylveon\n|\n|win|Hose7Tango\n", "inputlog": ">version f8ac14003a5f27e1bdc8d8c59608a773c1cb96e5\n>start {\"formatid\":\"gen9randombattle\",\"seed\":\"sodium,529627297cb794fff5ea93fcbb411a1c\",\"rated\":\"Rated battle\"}\n>player p1 {\"name\":\"Zibabu\",\"avatar\":\"102\",\"rating\":1900,\"seed\":\"sodium,5a4cb4ccde68bdc054a5749360a44d28\"}\n>player p2 {\"name\":\"Hose7Tango\",\"avatar\":\"hiker-gen4\",\"rating\":1933,\"seed\":\"sodium,53bdd0b4284b577bfd17e34185b83dcf\"}\n>p1 move calmmind\n>p2 move leechseed\n>p1 move hypervoice\n>p2 switch 3\n>p1 move hypervoice\n>p2 switch 5\n>p1 switch 2\n>p2 move sludgewave\n>p1 move nastyplot\n>p2 move focusblast\n>p1 move flashcannon\n>p2 switch 5\n>p1 switch 5\n>p2 switch 5\n>p1 move knockoff\n>p2 move dragontail\n>p1 move nastyplot\n>p2 move sludgewave\n>p1 move alluringvoice\n>p2 move sludgewave\n>p1 switch 6\n>p1 move knockoff\n>p2 move dracometeor\n>p2 switch 6\n>p1 switch 2\n>p2 move dragondance\n>p1 move protect\n>p2 move ironhead terastallize\n>p1 switch 4\n>p2 move dragondance\n>p1 move leechseed\n>p2 move outrage\n>p1 switch 4\n>p1 move calmmind\n>p2 move outrage\n>p1 move hypervoice terastallize\n>p2 move ironhead\n>p1 move protect\n>p2 move closecombat\n>p1 switch 2\n>p2 move ironhead\n>p1 move psychicnoise\n>p2 move ironhead\n>p1 switch 3\n>p1 move flamethrower\n>p2 move outrage\n>p1 switch 2\n>p1 move calmmind\n>p2 move outrage\n>p1 move wish\n>p2 move closecombat\n>p1 move hypervoice\n>p2 move closecombat", "uploadtime": 1782814228, "views": 10, "formatid": "gen9randombattle", "rating": null, "private": 0, "password": null, "player_dets": [{"name": "Zibabu", "avatar": "102", "rating": 1900, "seed": "sodium,5a4cb4ccde68bdc054a5749360a44d28"}, {"name": "Hose7Tango", "avatar": "hiker-gen4", "rating": 1933, "seed": "sodium,53bdd0b4284b577bfd17e34185b83dcf"}], "teams_full": [{"Sylveon": {"name": "Sylveon", "species": "Sylveon", "speciesId": "sylveon", "gender": "M", "shiny": false, "level": 85, "moves": ["wish", "hypervoice", "protect", "calmmind"], "ability": "Pixilate", "evs": {"hp": 85, "atk": 0, "def": 85, "spa": 85, "spd": 85, "spe": 85}, "ivs": {"hp": 31, "atk": 0, "def": 31, "spa": 31, "spd": 31, "spe": 31}, "item": "Leftovers", "teraType": "Steel", "role": "Bulky Setup", "bvs": {"hp": 95, "atk": 65, "def": 65, "spa": 110, "spd": 130, "spe": 60}, "stats": {"hp": 300, "atk": 115, "def": 159, "spa": 236, "spd": 270, "spe": 151}, "types": ["Fairy"]}, "Lucario": {"name": "Lucario", "species": "Lucario", "speciesId": "lucario", "gender": "F", "shiny": false, "level": 84, "moves": ["vacuumwave", "nastyplot", "focusblast", "flashcannon"], "ability": "Inner Focus", "evs": {"hp": 85, "atk": 0, "def": 85, "spa": 85, "spd": 85, "spe": 85}, "ivs": {"hp": 31, "atk": 0, "def": 31, "spa": 31, "spd": 31, "spe": 31}, "item": "Life Orb", "teraType": "Fighting", "role": "Setup Sweeper", "bvs": {"hp": 70, "atk": 110, "def": 70, "spa": 115, "spd": 70, "spe": 90}, "stats": {"hp": 255, "atk": 189, "def": 166, "spa": 241, "spd": 166, "spe": 199}, "types": ["Fighting", "Steel"]}, "Exeggutor": {"name": "Exeggutor", "species": "Exeggutor-Alola", "speciesId": "exeggutoralola", "gender": "M", "shiny": false, "level": 89, "moves": ["dracometeor", "flamethrower", "leafstorm", "gigadrain"], "ability": "Frisk", "evs": {"hp": 85, "atk": 0, "def": 85, "spa": 85, "spd": 85, "spe": 85}, "ivs": {"hp": 31, "atk": 0, "def": 31, "spa": 31, "spd": 31, "spe": 31}, "item": "Choice Specs", "teraType": "Fire", "role": "Wallbreaker", "bvs": {"hp": 95, "atk": 105, "def": 85, "spa": 125, "spd": 75, "spe": 45}, "stats": {"hp": 314, "atk": 191, "def": 202, "spa": 273, "spd": 184, "spe": 131}, "types": ["Grass", "Dragon"]}, "Electrode": {"name": "Electrode", "species": "Electrode-Hisui", "speciesId": "electrodehisui", "gender": "N", "shiny": false, "level": 87, "moves": ["leechseed", "thunderbolt", "substitute", "gigadrain"], "ability": "Soundproof", "evs": {"hp": 85, "atk": 0, "def": 85, "spa": 85, "spd": 85, "spe": 85}, "ivs": {"hp": 31, "atk": 0, "def": 31, "spa": 31, "spd": 31, "spe": 31}, "item": "Leftovers", "teraType": "Poison", "role": "Fast Support", "bvs": {"hp": 60, "atk": 50, "def": 70, "spa": 80, "spd": 80, "spe": 150}, "stats": {"hp": 246, "atk": 92, "def": 172, "spa": 189, "spd": 189, "spe": 311}, "types": ["Electric", "Grass"]}, "Chimecho": {"name": "Chimecho", "species": "Chimecho", "speciesId": "chimecho", "gender": "M", "shiny": false, "level": 93, "moves": ["knockoff", "psychicnoise", "recover", "healbell"], "ability": "Levitate", "evs": {"hp": 85, "atk": 85, "def": 85, "spa": 85, "spd": 85, "spe": 85}, "ivs": {"hp": 31, "atk": 31, "def": 31, "spa": 31, "spd": 31, "spe": 31}, "item": "Leftovers", "teraType": "Steel", "role": "Bulky Support", "bvs": {"hp": 75, "atk": 50, "def": 80, "spa": 95, "spd": 90, "spe": 65}, "stats": {"hp": 290, "atk": 146, "def": 202, "spa": 230, "spd": 220, "spe": 174}, "types": ["Psychic"]}, "Plusle": {"name": "Plusle", "species": "Plusle", "speciesId": "plusle", "gender": "M", "shiny": false, "level": 95, "moves": ["thunderbolt", "alluringvoice", "nastyplot", "grassknot"], "ability": "Lightning Rod", "evs": {"hp": 85, "atk": 0, "def": 85, "spa": 85, "spd": 85, "spe": 85}, "ivs": {"hp": 31, "atk": 0, "def": 31, "spa": 31, "spd": 31, "spe": 31}, "item": "Life Orb", "teraType": "Fairy", "role": "Setup Sweeper", "bvs": {"hp": 60, "atk": 50, "def": 40, "spa": 85, "spd": 75, "spe": 95}, "stats": {"hp": 268, "atk": 100, "def": 130, "spa": 215, "spd": 196, "spe": 234}, "types": ["Electric"]}}, {"Arboliva": {"name": "Arboliva", "species": "Arboliva", "speciesId": "arboliva", "gender": "F", "shiny": false, "level": 91, "moves": ["leechseed", "hypervoice", "substitute", "protect"], "ability": "Harvest", "evs": {"hp": 77, "atk": 0, "def": 85, "spa": 85, "spd": 85, "spe": 85}, "ivs": {"hp": 31, "atk": 0, "def": 31, "spa": 31, "spd": 31, "spe": 31}, "item": "Sitrus Berry", "teraType": "Water", "role": "Bulky Support", "bvs": {"hp": 78, "atk": 69, "def": 90, "spa": 125, "spd": 109, "spe": 39}, "stats": {"hp": 288, "atk": 130, "def": 216, "spa": 279, "spd": 250, "spe": 123}, "types": ["Grass", "Normal"]}, "Eiscue": {"name": "Eiscue", "species": "Eiscue", "speciesId": "eiscue", "gender": "F", "shiny": false, "level": 88, "moves": ["icespinner", "bellydrum", "ironhead", "liquidation"], "ability": "Ice Face", "evs": {"hp": 81, "atk": 85, "def": 85, "spa": 85, "spd": 85, "spe": 85}, "ivs": {"hp": 31, "atk": 31, "def": 31, "spa": 31, "spd": 31, "spe": 31}, "item": "Sitrus Berry", "teraType": "Water", "role": "Setup Sweeper", "bvs": {"hp": 75, "atk": 80, "def": 110, "spa": 65, "spd": 90, "spe": 50}, "stats": {"hp": 274, "atk": 191, "def": 244, "spa": 165, "spd": 209, "spe": 138}, "types": ["Ice"]}, "Illumise": {"name": "Illumise", "species": "Illumise", "speciesId": "illumise", "gender": "F", "shiny": false, "level": 91, "moves": ["roost", "bugbuzz", "thunderwave", "encore"], "ability": "Prankster", "evs": {"hp": 85, "atk": 0, "def": 85, "spa": 85, "spd": 85, "spe": 85}, "ivs": {"hp": 31, "atk": 0, "def": 31, "spa": 31, "spd": 31, "spe": 31}, "item": "Heavy-Duty Boots", "teraType": "Water", "role": "Bulky Support", "bvs": {"hp": 65, "atk": 47, "def": 75, "spa": 73, "spd": 85, "spe": 85}, "stats": {"hp": 266, "atk": 90, "def": 188, "spa": 185, "spd": 207, "spe": 207}, "types": ["Bug"]}, "Mewtwo": {"name": "Mewtwo", "species": "Mewtwo", "speciesId": "mewtwo", "gender": "N", "shiny": false, "level": 72, "moves": ["recover", "darkpulse", "nastyplot", "psystrike"], "ability": "Pressure", "evs": {"hp": 85, "atk": 0, "def": 85, "spa": 85, "spd": 85, "spe": 85}, "ivs": {"hp": 31, "atk": 0, "def": 31, "spa": 31, "spd": 31, "spe": 31}, "item": "Life Orb", "teraType": "Psychic", "role": "Setup Sweeper", "bvs": {"hp": 106, "atk": 110, "def": 90, "spa": 154, "spd": 90, "spe": 130}, "stats": {"hp": 272, "atk": 163, "def": 172, "spa": 264, "spd": 172, "spe": 229}, "types": ["Psychic"]}, "Dragalge": {"name": "Dragalge", "species": "Dragalge", "speciesId": "dragalge", "gender": "F", "shiny": false, "level": 88, "moves": ["focusblast", "sludgewave", "dracometeor", "dragontail"], "ability": "Adaptability", "evs": {"hp": 85, "atk": 85, "def": 85, "spa": 85, "spd": 85, "spe": 85}, "ivs": {"hp": 31, "atk": 31, "def": 31, "spa": 31, "spd": 31, "spe": 31}, "item": "Assault Vest", "teraType": "Fighting", "role": "Bulky Attacker", "bvs": {"hp": 65, "atk": 75, "def": 90, "spa": 97, "spd": 123, "spe": 44}, "stats": {"hp": 258, "atk": 182, "def": 209, "spa": 221, "spd": 267, "spe": 128}, "types": ["Poison", "Dragon"]}, "Haxorus": {"name": "Haxorus", "species": "Haxorus", "speciesId": "haxorus", "gender": "F", "shiny": false, "level": 77, "moves": ["outrage", "closecombat", "ironhead", "dragondance"], "ability": "Mold Breaker", "evs": {"hp": 85, "atk": 85, "def": 85, "spa": 85, "spd": 85, "spe": 85}, "ivs": {"hp": 31, "atk": 31, "def": 31, "spa": 31, "spd": 31, "spe": 31}, "item": "Lum Berry", "teraType": "Steel", "role": "Setup Sweeper", "bvs": {"hp": 76, "atk": 147, "def": 90, "spa": 60, "spd": 70, "spe": 97}, "stats": {"hp": 244, "atk": 271, "def": 183, "spa": 137, "spd": 152, "spe": 194}, "types": ["Dragon"]}}]}