{"id": "gen9randombattle-2641797532", "format": "[Gen 9] Random Battle", "players": ["ghostShark_21", "VeraxVGC"], "log": "|j|\u2606ghostShark_21\n|j|\u2606VeraxVGC\n|t:|1782843081\n|gametype|singles\n|player|p1|ghostShark_21|unknown|\n|player|p2|VeraxVGC|richboy-gen4|\n|gen|9\n|tier|[Gen 9] Random Battle\n|rule|Species Clause: Limit one of each Pok\u00e9mon\n|rule|HP Percentage Mod: HP is shown in percentages\n|rule|Sleep Clause Mod: Limit one foe put to sleep\n|rule|Illusion Level Mod: Illusion disguises the Pok\u00e9mon's true level\n|\n|t:|1782843081\n|teamsize|p1|6\n|teamsize|p2|6\n|start\n|switch|p1a: Ninetales|Ninetales-Alola, L78, M|242/242\n|switch|p2a: Ting-Lu|Ting-Lu, L78|370/370\n|-weather|Snowscape|[from] ability: Snow Warning|[of] p1a: Ninetales\n|-ability|p2a: Ting-Lu|Vessel of Ruin\n|turn|1\n|\n|t:|1782843100\n|move|p1a: Ninetales|Aurora Veil|p1a: Ninetales\n|-sidestart|p1: ghostShark_21|move: Aurora Veil\n|move|p2a: Ting-Lu|Heavy Slam|p1a: Ninetales\n|-supereffective|p1a: Ninetales\n|-damage|p1a: Ninetales|114/242\n|\n|-weather|Snowscape|[upkeep]\n|upkeep\n|turn|2\n|\n|t:|1782843112\n|move|p1a: Ninetales|Blizzard|p2a: Ting-Lu\n|-supereffective|p2a: Ting-Lu\n|-damage|p2a: Ting-Lu|214/370\n|move|p2a: Ting-Lu|Spikes|p1a: Ninetales\n|-sidestart|p1: ghostShark_21|Spikes\n|\n|-weather|Snowscape|[upkeep]\n|-heal|p2a: Ting-Lu|237/370|[from] item: Leftovers\n|upkeep\n|turn|3\n|\n|t:|1782843119\n|move|p1a: Ninetales|Encore|p2a: Ting-Lu\n|-start|p2a: Ting-Lu|Encore\n|move|p2a: Ting-Lu|Spikes|p1a: Ninetales\n|-sidestart|p1: ghostShark_21|Spikes\n|\n|-weather|Snowscape|[upkeep]\n|-heal|p2a: Ting-Lu|260/370|[from] item: Leftovers\n|upkeep\n|turn|4\n|\n|t:|1782843138\n|move|p1a: Ninetales|Blizzard|p2a: Ting-Lu\n|-supereffective|p2a: Ting-Lu\n|-damage|p2a: Ting-Lu|98/370\n|move|p2a: Ting-Lu|Spikes|p1a: Ninetales\n|-sidestart|p1: ghostShark_21|Spikes\n|\n|-weather|Snowscape|[upkeep]\n|-heal|p2a: Ting-Lu|121/370|[from] item: Leftovers\n|upkeep\n|turn|5\n|\n|t:|1782843153\n|move|p1a: Ninetales|Blizzard|p2a: Ting-Lu\n|-supereffective|p2a: Ting-Lu\n|-damage|p2a: Ting-Lu|0 fnt\n|faint|p2a: Ting-Lu\n|\n|-weather|none\n|upkeep\n|\n|t:|1782843165\n|switch|p2a: Volcanion|Volcanion, L79|256/256\n|turn|6\n|\n|t:|1782843175\n|move|p1a: Ninetales|Moonblast|p2a: Volcanion\n|-resisted|p2a: Volcanion\n|-damage|p2a: Volcanion|219/256\n|move|p2a: Volcanion|Flamethrower|p1a: Ninetales\n|-supereffective|p1a: Ninetales\n|-damage|p1a: Ninetales|8/242\n|\n|upkeep\n|turn|7\n|\n|t:|1782843187\n|move|p1a: Ninetales|Moonblast|p2a: Volcanion\n|-resisted|p2a: Volcanion\n|-damage|p2a: Volcanion|176/256\n|move|p2a: Volcanion|Earth Power|p1a: Ninetales\n|-damage|p1a: Ninetales|0 fnt\n|faint|p1a: Ninetales\n|\n|upkeep\n|\n|t:|1782843221\n|switch|p1a: Greninja|Greninja, L80, M|246/246\n|-damage|p1a: Greninja|185/246|[from] Spikes\n|turn|8\n|\n|t:|1782843235\n|move|p1a: Greninja|Gunk Shot|p2a: Volcanion\n|-damage|p2a: Volcanion|89/256\n|-damage|p1a: Greninja|161/246|[from] item: Life Orb\n|move|p2a: Volcanion|Earth Power|p1a: Greninja\n|-damage|p1a: Greninja|115/246\n|\n|-sideend|p1: ghostShark_21|move: Aurora Veil\n|upkeep\n|turn|9\n|\n|t:|1782843246\n|switch|p2a: Overqwil|Overqwil, L82, F|274/274\n|-ability|p2a: Overqwil|Intimidate|boost\n|-unboost|p1a: Greninja|atk|1\n|move|p1a: Greninja|Gunk Shot|p2a: Overqwil\n|-resisted|p2a: Overqwil\n|-damage|p2a: Overqwil|239/274\n|-damage|p1a: Greninja|91/246|[from] item: Life Orb\n|\n|upkeep\n|turn|10\n|\n|t:|1782843256\n|move|p1a: Greninja|Ice Beam|p2a: Overqwil\n|-damage|p2a: Overqwil|142/274\n|-damage|p1a: Greninja|67/246|[from] item: Life Orb\n|move|p2a: Overqwil|Gunk Shot|p1a: Greninja\n|-damage|p1a: Greninja|0 fnt\n|faint|p1a: Greninja\n|\n|upkeep\n|\n|t:|1782843287\n|switch|p1a: Passimian|Passimian, L83, F|302/302\n|-damage|p1a: Passimian|227/302|[from] Spikes\n|turn|11\n|\n|t:|1782843298\n|switch|p2a: Scream Tail|Scream Tail, L84|330/330\n|move|p1a: Passimian|Bulk Up|p1a: Passimian\n|-boost|p1a: Passimian|atk|1\n|-boost|p1a: Passimian|def|1\n|\n|-heal|p1a: Passimian|245/302|[from] item: Leftovers\n|upkeep\n|turn|12\n|\n|t:|1782843318\n|switch|p1a: Rotom|Rotom-Mow, L87|229/229\n|move|p2a: Scream Tail|Wish|p2a: Scream Tail\n|\n|upkeep\n|turn|13\n|\n|t:|1782843323\n|move|p2a: Scream Tail|Dazzling Gleam|p1a: Rotom\n|-damage|p1a: Rotom|171/229\n|move|p1a: Rotom|Nasty Plot|p1a: Rotom\n|-boost|p1a: Rotom|spa|2\n|\n|-heal|p1a: Rotom|185/229|[from] item: Leftovers\n|upkeep\n|turn|14\n|\n|t:|1782843337\n|move|p2a: Scream Tail|Protect|p2a: Scream Tail\n|-singleturn|p2a: Scream Tail|Protect\n|move|p1a: Rotom|Thunderbolt|p2a: Scream Tail\n|-activate|p2a: Scream Tail|move: Protect\n|\n|-heal|p1a: Rotom|199/229|[from] item: Leftovers\n|upkeep\n|turn|15\n|\n|t:|1782843348\n|-end|p2a: Scream Tail|Protosynthesis|[silent]\n|switch|p2a: Sawsbuck|Sawsbuck-Winter, L88, F|284/284\n|move|p1a: Rotom|Will-O-Wisp|p2a: Sawsbuck\n|-status|p2a: Sawsbuck|brn\n|\n|-heal|p1a: Rotom|213/229|[from] item: Leftovers\n|-damage|p2a: Sawsbuck|267/284 brn|[from] brn\n|upkeep\n|turn|16\n|\n|t:|1782843362\n|switch|p1a: Passimian|Passimian, L83, F|245/302\n|-damage|p1a: Passimian|170/302|[from] Spikes\n|move|p2a: Sawsbuck|Double-Edge|p1a: Passimian\n|-damage|p1a: Passimian|73/302\n|-damage|p2a: Sawsbuck|235/284 brn|[from] Recoil\n|-damage|p2a: Sawsbuck|207/284 brn|[from] item: Life Orb\n|\n|-heal|p1a: Passimian|91/302|[from] item: Leftovers\n|-damage|p2a: Sawsbuck|190/284 brn|[from] brn\n|upkeep\n|turn|17\n|\n|t:|1782843374\n|move|p2a: Sawsbuck|Double-Edge|p1a: Passimian\n|-damage|p1a: Passimian|1/302\n|-damage|p2a: Sawsbuck|160/284 brn|[from] Recoil\n|-damage|p2a: Sawsbuck|132/284 brn|[from] item: Life Orb\n|move|p1a: Passimian|Drain Punch|p2a: Sawsbuck\n|-supereffective|p2a: Sawsbuck\n|-damage|p2a: Sawsbuck|0 fnt\n|-heal|p1a: Passimian|67/302|[from] drain|[of] p2a: Sawsbuck\n|faint|p2a: Sawsbuck\n|\n|-heal|p1a: Passimian|85/302|[from] item: Leftovers\n|upkeep\n|\n|t:|1782843385\n|switch|p2a: Overqwil|Overqwil, L82, F|142/274\n|-ability|p2a: Overqwil|Intimidate|boost\n|-unboost|p1a: Passimian|atk|1\n|-ability|p1a: Passimian|Defiant|boost\n|-boost|p1a: Passimian|atk|2\n|turn|18\n|\n|t:|1782843394\n|move|p2a: Overqwil|Liquidation|p1a: Passimian\n|-damage|p1a: Passimian|0 fnt\n|faint|p1a: Passimian\n|\n|upkeep\n|\n|t:|1782843400\n|switch|p1a: Rotom|Rotom-Mow, L87|213/229\n|turn|19\n|\n|t:|1782843415\n|move|p1a: Rotom|Will-O-Wisp|p2a: Overqwil\n|-status|p2a: Overqwil|brn\n|move|p2a: Overqwil|Liquidation|p1a: Rotom\n|-resisted|p1a: Rotom\n|-damage|p1a: Rotom|194/229\n|\n|-heal|p1a: Rotom|208/229|[from] item: Leftovers\n|-damage|p2a: Overqwil|125/274 brn|[from] brn\n|upkeep\n|turn|20\n|\n|t:|1782843425\n|move|p1a: Rotom|Thunderbolt|p2a: Overqwil\n|-damage|p2a: Overqwil|0 fnt\n|faint|p2a: Overqwil\n|\n|-heal|p1a: Rotom|222/229|[from] item: Leftovers\n|upkeep\n|\n|t:|1782843428\n|switch|p2a: Volcanion|Volcanion, L79|89/256\n|turn|21\n|\n|t:|1782843447\n|-terastallize|p2a: Volcanion|Ground\n|move|p1a: Rotom|Thunderbolt|p2a: Volcanion\n|-immune|p2a: Volcanion\n|move|p2a: Volcanion|Flamethrower|p1a: Rotom\n|-supereffective|p1a: Rotom\n|-damage|p1a: Rotom|34/229\n|\n|-heal|p1a: Rotom|48/229|[from] item: Leftovers\n|upkeep\n|turn|22\n|\n|t:|1782843457\n|switch|p2a: Sandslash|Sandslash, L89, M|278/278\n|move|p1a: Rotom|Leaf Storm|p2a: Sandslash\n|-supereffective|p2a: Sandslash\n|-damage|p2a: Sandslash|0 fnt\n|-unboost|p1a: Rotom|spa|2\n|faint|p2a: Sandslash\n|\n|-heal|p1a: Rotom|62/229|[from] item: Leftovers\n|upkeep\n|\n|t:|1782843459\n|switch|p2a: Scream Tail|Scream Tail, L84|330/330\n|turn|23\n|\n|t:|1782843473\n|switch|p1a: Lugia|Lugia, L73|275/275\n|move|p2a: Scream Tail|Dazzling Gleam|p1a: Lugia\n|-damage|p1a: Lugia|251/275\n|\n|upkeep\n|turn|24\n|\n|t:|1782843483\n|move|p2a: Scream Tail|Thunder Wave|p1a: Lugia\n|-status|p1a: Lugia|par\n|move|p1a: Lugia|Calm Mind|p1a: Lugia\n|-boost|p1a: Lugia|spa|1\n|-boost|p1a: Lugia|spd|1\n|\n|upkeep\n|turn|25\n|\n|t:|1782843491\n|move|p2a: Scream Tail|Dazzling Gleam|p1a: Lugia\n|-damage|p1a: Lugia|220/275 par\n|cant|p1a: Lugia|par\n|\n|upkeep\n|turn|26\n|\n|t:|1782843496\n|move|p2a: Scream Tail|Dazzling Gleam|p1a: Lugia\n|-damage|p1a: Lugia|189/275 par\n|move|p1a: Lugia|Earth Power|p2a: Scream Tail\n|-damage|p2a: Scream Tail|269/330\n|\n|-heal|p2a: Scream Tail|289/330|[from] item: Leftovers\n|upkeep\n|turn|27\n|\n|t:|1782843503\n|move|p2a: Scream Tail|Dazzling Gleam|p1a: Lugia\n|-damage|p1a: Lugia|161/275 par\n|move|p1a: Lugia|Aeroblast|p2a: Scream Tail\n|-damage|p2a: Scream Tail|190/330\n|\n|-heal|p2a: Scream Tail|210/330|[from] item: Leftovers\n|upkeep\n|turn|28\n|\n|t:|1782843512\n|move|p2a: Scream Tail|Dazzling Gleam|p1a: Lugia\n|-damage|p1a: Lugia|127/275 par\n|cant|p1a: Lugia|par\n|\n|-heal|p2a: Scream Tail|230/330|[from] item: Leftovers\n|upkeep\n|turn|29\n|\n|t:|1782843518\n|move|p2a: Scream Tail|Dazzling Gleam|p1a: Lugia\n|-damage|p1a: Lugia|99/275 par\n|cant|p1a: Lugia|par\n|\n|-heal|p2a: Scream Tail|250/330|[from] item: Leftovers\n|upkeep\n|turn|30\n|\n|t:|1782843523\n|move|p2a: Scream Tail|Dazzling Gleam|p1a: Lugia\n|-damage|p1a: Lugia|66/275 par\n|cant|p1a: Lugia|par\n|\n|-heal|p2a: Scream Tail|270/330|[from] item: Leftovers\n|upkeep\n|turn|31\n|\n|t:|1782843529\n|move|p2a: Scream Tail|Dazzling Gleam|p1a: Lugia\n|-damage|p1a: Lugia|36/275 par\n|move|p1a: Lugia|Recover|p1a: Lugia\n|-heal|p1a: Lugia|174/275 par\n|\n|-heal|p2a: Scream Tail|290/330|[from] item: Leftovers\n|upkeep\n|turn|32\n|\n|t:|1782843537\n|move|p2a: Scream Tail|Dazzling Gleam|p1a: Lugia\n|-damage|p1a: Lugia|141/275 par\n|cant|p1a: Lugia|par\n|\n|-heal|p2a: Scream Tail|310/330|[from] item: Leftovers\n|upkeep\n|turn|33\n|\n|t:|1782843543\n|switch|p1a: Rotom|Rotom-Mow, L87|62/229\n|move|p2a: Scream Tail|Dazzling Gleam|p1a: Rotom\n|-damage|p1a: Rotom|7/229\n|\n|-heal|p2a: Scream Tail|330/330|[from] item: Leftovers\n|-heal|p1a: Rotom|21/229|[from] item: Leftovers\n|upkeep\n|turn|34\n|\n|t:|1782843558\n|move|p2a: Scream Tail|Dazzling Gleam|p1a: Rotom\n|-damage|p1a: Rotom|0 fnt\n|faint|p1a: Rotom\n|\n|upkeep\n|\n|t:|1782843563\n|switch|p1a: Lugia|Lugia, L73|141/275 par\n|turn|35\n|\n|t:|1782843571\n|move|p2a: Scream Tail|Wish|p2a: Scream Tail\n|cant|p1a: Lugia|par\n|\n|upkeep\n|turn|36\n|\n|t:|1782843582\n|-end|p2a: Scream Tail|Protosynthesis|[silent]\n|switch|p2a: Volcanion|Volcanion, L79, tera:Ground|89/256\n|move|p1a: Lugia|Aeroblast|p2a: Volcanion\n|-damage|p2a: Volcanion|14/256\n|\n|-heal|p2a: Volcanion|179/256|[from] move: Wish|[wisher] Scream Tail\n|upkeep\n|turn|37\n|\n|t:|1782843593\n|move|p2a: Volcanion|Steam Eruption|p1a: Lugia\n|-damage|p1a: Lugia|42/275 par\n|move|p1a: Lugia|Recover|p1a: Lugia\n|-heal|p1a: Lugia|180/275 par\n|\n|upkeep\n|turn|38\n|\n|t:|1782843599\n|switch|p1a: Darkrai|Darkrai, L77|234/234\n|-damage|p1a: Darkrai|176/234|[from] Spikes\n|move|p2a: Volcanion|Steam Eruption|p1a: Darkrai\n|-damage|p1a: Darkrai|49/234\n|\n|-heal|p1a: Darkrai|63/234|[from] item: Leftovers\n|upkeep\n|turn|39\n|\n|t:|1782843614\n|move|p1a: Darkrai|Dark Pulse|p2a: Volcanion\n|-crit|p2a: Volcanion\n|-damage|p2a: Volcanion|34/256\n|cant|p2a: Volcanion|flinch\n|\n|-heal|p1a: Darkrai|77/234|[from] item: Leftovers\n|upkeep\n|turn|40\n|\n|t:|1782843626\n|move|p1a: Darkrai|Dark Pulse|p2a: Volcanion\n|-damage|p2a: Volcanion|0 fnt\n|faint|p2a: Volcanion\n|\n|-heal|p1a: Darkrai|91/234|[from] item: Leftovers\n|upkeep\n|\n|t:|1782843628\n|switch|p2a: Scream Tail|Scream Tail, L84|330/330\n|turn|41\n|\n|t:|1782843634\n|move|p1a: Darkrai|Sludge Bomb|p2a: Scream Tail\n|-supereffective|p2a: Scream Tail\n|-damage|p2a: Scream Tail|216/330\n|move|p2a: Scream Tail|Dazzling Gleam|p1a: Darkrai\n|-supereffective|p1a: Darkrai\n|-damage|p1a: Darkrai|0 fnt\n|faint|p1a: Darkrai\n|\n|-heal|p2a: Scream Tail|236/330|[from] item: Leftovers\n|upkeep\n|\n|t:|1782843643\n|switch|p1a: Lugia|Lugia, L73|180/275 par\n|turn|42\n|\n|t:|1782843647\n|move|p2a: Scream Tail|Thunder Wave|p1a: Lugia\n|-fail|p1a: Lugia|par\n|cant|p1a: Lugia|par\n|\n|-heal|p2a: Scream Tail|256/330|[from] item: Leftovers\n|upkeep\n|turn|43\n|\n|t:|1782843652\n|move|p2a: Scream Tail|Thunder Wave|p1a: Lugia\n|-fail|p1a: Lugia|par\n|cant|p1a: Lugia|par\n|\n|-heal|p2a: Scream Tail|276/330|[from] item: Leftovers\n|upkeep\n|turn|44\n|\n|t:|1782843659\n|move|p2a: Scream Tail|Thunder Wave|p1a: Lugia\n|-fail|p1a: Lugia|par\n|move|p1a: Lugia|Calm Mind|p1a: Lugia\n|-boost|p1a: Lugia|spa|1\n|-boost|p1a: Lugia|spd|1\n|\n|-heal|p2a: Scream Tail|296/330|[from] item: Leftovers\n|upkeep\n|turn|45\n|\n|t:|1782843668\n|move|p2a: Scream Tail|Dazzling Gleam|p1a: Lugia\n|-damage|p1a: Lugia|149/275 par\n|cant|p1a: Lugia|par\n|\n|-heal|p2a: Scream Tail|316/330|[from] item: Leftovers\n|upkeep\n|turn|46\n|-message|VeraxVGC forfeited.\n|\n|win|ghostShark_21\n|l|\u2606VeraxVGC\n|player|p2|\n", "inputlog": ">version f8ac14003a5f27e1bdc8d8c59608a773c1cb96e5\n>start {\"formatid\":\"gen9randombattle\",\"seed\":\"sodium,b26f162d8e8cb0136a3d17ff462efe9c\"}\n>player p1 {\"name\":\"ghostShark_21\",\"avatar\":\"unknown\",\"rating\":0,\"seed\":\"sodium,e9240eb6026f7b4abb2539496da375c6\"}\n>player p2 {\"name\":\"VeraxVGC\",\"avatar\":\"richboy-gen4\",\"rating\":0,\"seed\":\"sodium,5ffa17b045586a01bbae035004ffd9ef\"}\n>p1 move auroraveil\n>p2 move heavyslam\n>p1 move blizzard\n>p2 move spikes\n>p1 move encore\n>p2 move heavyslam\n>p1 move blizzard\n>p2 move spikes\n>p1 move blizzard\n>p2 move spikes\n>p2 switch 3\n>p1 move moonblast\n>p2 move flamethrower\n>p1 move moonblast\n>p2 move earthpower\n>p1 switch 4\n>p1 move gunkshot\n>p2 move earthpower\n>p1 move gunkshot\n>p2 switch 6\n>p1 move icebeam\n>p2 move gunkshot\n>p1 switch 5\n>p1 move bulkup\n>p2 switch 5\n>p1 switch 2\n>p2 move wish\n>p1 move nastyplot\n>p2 move dazzlinggleam\n>p1 move thunderbolt\n>p2 move protect\n>p1 move willowisp\n>p2 switch 2\n>p1 switch 2\n>p2 move doubleedge\n>p1 move drainpunch\n>p2 move doubleedge\n>p2 switch 5\n>p1 move drainpunch\n>p2 move liquidation\n>p1 switch 2\n>p1 move willowisp\n>p2 move liquidation\n>p1 move thunderbolt\n>p2 move liquidation\n>p2 switch 6\n>p1 move thunderbolt\n>p2 move flamethrower terastallize\n>p1 move leafstorm\n>p2 switch 4\n>p2 switch 2\n>p1 switch 6\n>p2 move dazzlinggleam\n>p1 move calmmind\n>p2 move thunderwave\n>p1 move aeroblast\n>p2 move dazzlinggleam\n>p1 move earthpower\n>p2 move dazzlinggleam\n>p1 move aeroblast\n>p2 move dazzlinggleam\n>p1 move recover\n>p2 move dazzlinggleam\n>p1 move recover\n>p2 move dazzlinggleam\n>p1 move recover\n>p2 move dazzlinggleam\n>p1 move recover\n>p2 move dazzlinggleam\n>p1 move recover\n>p2 move dazzlinggleam\n>p1 switch 6\n>p2 move dazzlinggleam\n>p1 move willowisp\n>p2 move dazzlinggleam\n>p1 switch 6\n>p1 move aeroblast\n>p2 move wish\n>p1 move aeroblast\n>p2 switch 4\n>p1 move recover\n>p2 move steameruption\n>p1 switch 3\n>p2 move steameruption\n>p1 move darkpulse\n>p2 move flamethrower\n>p1 move darkpulse\n>p2 move steameruption\n>p2 switch 4\n>p1 move sludgebomb\n>p2 move dazzlinggleam\n>p1 switch 3\n>p1 move calmmind\n>p2 move thunderwave\n>p1 move calmmind\n>p2 move thunderwave\n>p1 move calmmind\n>p2 move thunderwave\n>p1 move calmmind\n>p2 move dazzlinggleam\n>forcelose p2", "uploadtime": 1782843675, "views": 5, "formatid": "gen9randombattle", "rating": null, "private": 0, "password": null, "player_dets": [{"name": "ghostShark_21", "avatar": "unknown", "rating": 0, "seed": "sodium,e9240eb6026f7b4abb2539496da375c6"}, {"name": "VeraxVGC", "avatar": "richboy-gen4", "rating": 0, "seed": "sodium,5ffa17b045586a01bbae035004ffd9ef"}], "teams_full": [{"Ninetales": {"name": "Ninetales", "species": "Ninetales-Alola", "speciesId": "ninetalesalola", "gender": "M", "shiny": false, "level": 78, "moves": ["auroraveil", "encore", "blizzard", "moonblast"], "ability": "Snow Warning", "evs": {"hp": 85, "atk": 0, "def": 85, "spa": 85, "spd": 85, "spe": 85}, "ivs": {"hp": 31, "atk": 0, "def": 31, "spa": 31, "spd": 31, "spe": 31}, "item": "Light Clay", "teraType": "Water", "role": "Fast Support", "bvs": {"hp": 73, "atk": 67, "def": 75, "spa": 81, "spd": 100, "spe": 109}, "stats": {"hp": 242, "atk": 109, "def": 162, "spa": 171, "spd": 201, "spe": 215}, "types": ["Ice", "Fairy"]}, "Rotom": {"name": "Rotom", "species": "Rotom-Mow", "speciesId": "rotommow", "gender": "N", "shiny": false, "level": 87, "moves": ["leafstorm", "nastyplot", "thunderbolt", "willowisp"], "ability": "Levitate", "evs": {"hp": 85, "atk": 0, "def": 85, "spa": 85, "spd": 85, "spe": 85}, "ivs": {"hp": 31, "atk": 0, "def": 31, "spa": 31, "spd": 31, "spe": 31}, "item": "Leftovers", "teraType": "Grass", "role": "Bulky Attacker", "bvs": {"hp": 50, "atk": 65, "def": 107, "spa": 105, "spd": 107, "spe": 86}, "stats": {"hp": 229, "atk": 118, "def": 236, "spa": 232, "spd": 236, "spe": 199}, "types": ["Electric", "Grass"]}, "Darkrai": {"name": "Darkrai", "species": "Darkrai", "speciesId": "darkrai", "gender": "N", "shiny": false, "level": 77, "moves": ["substitute", "darkpulse", "nastyplot", "sludgebomb"], "ability": "Bad Dreams", "evs": {"hp": 85, "atk": 0, "def": 85, "spa": 85, "spd": 85, "spe": 85}, "ivs": {"hp": 31, "atk": 0, "def": 31, "spa": 31, "spd": 31, "spe": 31}, "item": "Leftovers", "teraType": "Poison", "role": "Setup Sweeper", "bvs": {"hp": 70, "atk": 90, "def": 90, "spa": 135, "spd": 90, "spe": 125}, "stats": {"hp": 234, "atk": 143, "def": 183, "spa": 252, "spd": 183, "spe": 237}, "types": ["Dark"]}, "Greninja": {"name": "Greninja", "species": "Greninja-Bond", "speciesId": "greninjabond", "gender": "M", "shiny": false, "level": 80, "moves": ["gunkshot", "hydropump", "darkpulse", "icebeam"], "ability": "Battle Bond", "evs": {"hp": 85, "atk": 85, "def": 85, "spa": 85, "spd": 85, "spe": 85}, "ivs": {"hp": 31, "atk": 31, "def": 31, "spa": 31, "spd": 31, "spe": 31}, "item": "Life Orb", "teraType": "Poison", "role": "Fast Attacker", "bvs": {"hp": 72, "atk": 95, "def": 67, "spa": 103, "spd": 71, "spe": 122}, "stats": {"hp": 246, "atk": 198, "def": 153, "spa": 211, "spd": 160, "spe": 241}, "types": ["Water", "Dark"]}, "Passimian": {"name": "Passimian", "species": "Passimian", "speciesId": "passimian", "gender": "F", "shiny": false, "level": 83, "moves": ["gunkshot", "knockoff", "bulkup", "drainpunch"], "ability": "Defiant", "evs": {"hp": 85, "atk": 85, "def": 85, "spa": 85, "spd": 85, "spe": 85}, "ivs": {"hp": 31, "atk": 31, "def": 31, "spa": 31, "spd": 31, "spe": 31}, "item": "Leftovers", "teraType": "Poison", "role": "Bulky Setup", "bvs": {"hp": 100, "atk": 120, "def": 90, "spa": 40, "spd": 60, "spe": 80}, "stats": {"hp": 302, "atk": 247, "def": 197, "spa": 114, "spd": 147, "spe": 180}, "types": ["Fighting"]}, "Lugia": {"name": "Lugia", "species": "Lugia", "speciesId": "lugia", "gender": "N", "shiny": false, "level": 73, "moves": ["recover", "earthpower", "aeroblast", "calmmind"], "ability": "Multiscale", "evs": {"hp": 85, "atk": 0, "def": 85, "spa": 85, "spd": 85, "spe": 85}, "ivs": {"hp": 31, "atk": 0, "def": 31, "spa": 31, "spd": 31, "spe": 31}, "item": "Heavy-Duty Boots", "teraType": "Steel", "role": "Bulky Setup", "bvs": {"hp": 106, "atk": 90, "def": 130, "spa": 90, "spd": 154, "spe": 110}, "stats": {"hp": 275, "atk": 136, "def": 232, "spa": 174, "spd": 267, "spe": 203}, "types": ["Psychic", "Flying"]}}, {"Ting-Lu": {"name": "Ting-Lu", "species": "Ting-Lu", "speciesId": "tinglu", "gender": "N", "shiny": false, "level": 78, "moves": ["earthquake", "heavyslam", "spikes", "payback"], "ability": "Vessel of Ruin", "evs": {"hp": 85, "atk": 85, "def": 85, "spa": 85, "spd": 85, "spe": 85}, "ivs": {"hp": 31, "atk": 31, "def": 31, "spa": 31, "spd": 31, "spe": 31}, "item": "Leftovers", "teraType": "Ghost", "role": "Bulky Attacker", "bvs": {"hp": 155, "atk": 110, "def": 125, "spa": 55, "spd": 80, "spe": 45}, "stats": {"hp": 370, "atk": 217, "def": 240, "spa": 131, "spd": 170, "spe": 115}, "types": ["Dark", "Ground"]}, "Sawsbuck": {"name": "Sawsbuck", "species": "Sawsbuck-Winter", "speciesId": "sawsbuck", "gender": "F", "shiny": false, "level": 88, "moves": ["hornleech", "doubleedge", "swordsdance", "highhorsepower"], "ability": "Sap Sipper", "evs": {"hp": 85, "atk": 85, "def": 85, "spa": 85, "spd": 85, "spe": 85}, "ivs": {"hp": 31, "atk": 31, "def": 31, "spa": 31, "spd": 31, "spe": 31}, "item": "Life Orb", "teraType": "Ground", "role": "Setup Sweeper", "bvs": {"hp": 80, "atk": 100, "def": 70, "spa": 60, "spd": 70, "spe": 95}, "stats": {"hp": 284, "atk": 226, "def": 173, "spa": 156, "spd": 173, "spe": 217}, "types": ["Normal", "Grass"]}, "Volcanion": {"name": "Volcanion", "species": "Volcanion", "speciesId": "volcanion", "gender": "N", "shiny": false, "level": 79, "moves": ["steameruption", "haze", "flamethrower", "earthpower"], "ability": "Water Absorb", "evs": {"hp": 85, "atk": 0, "def": 85, "spa": 85, "spd": 85, "spe": 85}, "ivs": {"hp": 31, "atk": 0, "def": 31, "spa": 31, "spd": 31, "spe": 31}, "item": "Heavy-Duty Boots", "teraType": "Ground", "role": "Bulky Attacker", "bvs": {"hp": 80, "atk": 110, "def": 120, "spa": 130, "spd": 90, "spe": 70}, "stats": {"hp": 256, "atk": 178, "def": 235, "spa": 251, "spd": 188, "spe": 156}, "types": ["Fire", "Water"]}, "Sandslash": {"name": "Sandslash", "species": "Sandslash", "speciesId": "sandslash", "gender": "M", "shiny": false, "level": 89, "moves": ["swordsdance", "knockoff", "earthquake", "rapidspin"], "ability": "Sand Rush", "evs": {"hp": 85, "atk": 85, "def": 85, "spa": 85, "spd": 85, "spe": 85}, "ivs": {"hp": 31, "atk": 31, "def": 31, "spa": 31, "spd": 31, "spe": 31}, "item": "Leftovers", "teraType": "Water", "role": "Bulky Support", "bvs": {"hp": 75, "atk": 100, "def": 110, "spa": 45, "spd": 55, "spe": 65}, "stats": {"hp": 278, "atk": 229, "def": 247, "spa": 131, "spd": 149, "spe": 166}, "types": ["Ground"]}, "Scream Tail": {"name": "Scream Tail", "species": "Scream Tail", "speciesId": "screamtail", "gender": "N", "shiny": false, "level": 84, "moves": ["wish", "thunderwave", "protect", "dazzlinggleam"], "ability": "Protosynthesis", "evs": {"hp": 85, "atk": 0, "def": 85, "spa": 85, "spd": 85, "spe": 85}, "ivs": {"hp": 31, "atk": 0, "def": 31, "spa": 31, "spd": 31, "spe": 31}, "item": "Leftovers", "teraType": "Steel", "role": "Bulky Attacker", "bvs": {"hp": 115, "atk": 65, "def": 99, "spa": 65, "spd": 115, "spe": 111}, "stats": {"hp": 330, "atk": 114, "def": 215, "spa": 157, "spd": 241, "spe": 235}, "types": ["Fairy", "Psychic"]}, "Overqwil": {"name": "Overqwil", "species": "Overqwil", "speciesId": "overqwil", "gender": "F", "shiny": false, "level": 82, "moves": ["liquidation", "gunkshot", "aquajet", "crunch"], "ability": "Intimidate", "evs": {"hp": 85, "atk": 85, "def": 85, "spa": 85, "spd": 85, "spe": 85}, "ivs": {"hp": 31, "atk": 31, "def": 31, "spa": 31, "spd": 31, "spe": 31}, "item": "Choice Band", "teraType": "Water", "role": "Fast Attacker", "bvs": {"hp": 85, "atk": 115, "def": 95, "spa": 65, "spd": 65, "spe": 85}, "stats": {"hp": 274, "atk": 236, "def": 203, "spa": 154, "spd": 154, "spe": 187}, "types": ["Dark", "Poison"]}}]}