{"id": "gen9randombattle-2641909189", "format": "[Gen 9] Random Battle", "players": ["Victor kstle", "olly1305"], "log": "|j|\u2606Victor kstle\n|j|\u2606olly1305\n|t:|1782857066\n|gametype|singles\n|player|p1|Victor kstle|lucas|1576\n|player|p2|olly1305|dancer|1621\n|gen|9\n|tier|[Gen 9] Random Battle\n|rated|\n|rule|Species Clause: Limit one of each Pok\u00e9mon\n|rule|HP Percentage Mod: HP is shown in percentages\n|rule|Sleep Clause Mod: Limit one foe put to sleep\n|rule|Illusion Level Mod: Illusion disguises the Pok\u00e9mon's true level\n|\n|t:|1782857066\n|teamsize|p1|6\n|teamsize|p2|6\n|start\n|switch|p1a: Zebstrika|Zebstrika, L87, M|272/272\n|switch|p2a: Glastrier|Glastrier, L86|312/312\n|turn|1\n|inactive|Battle timer is ON: inactive players will automatically lose when time's up. (requested by olly1305)\n|l|\u2606olly1305\n|inactive|olly1305 disconnected and has a minute to reconnect!\n|player|p2|\n|j|\u2606olly1305\n|inactive|olly1305 reconnected and has 135 seconds left.\n|player|p2|olly1305|dancer|\n|inactive|olly1305 has 120 seconds left.\n|\n|t:|1782857112\n|move|p1a: Zebstrika|Volt Switch|p2a: Glastrier\n|-damage|p2a: Glastrier|237/312\n|-damage|p1a: Zebstrika|245/272|[from] item: Life Orb\n|\n|t:|1782857132\n|switch|p1a: Flutter Mane|Flutter Mane, L74|203/203|[from] Volt Switch\n|move|p2a: Glastrier|Icicle Crash|p1a: Flutter Mane\n|-damage|p1a: Flutter Mane|0 fnt\n|faint|p1a: Flutter Mane\n|-end|p1a: Flutter Mane|Protosynthesis|[silent]\n|-ability|p2a: Glastrier|Chilling Neigh|boost\n|-boost|p2a: Glastrier|atk|1\n|\n|upkeep\n|\n|t:|1782857139\n|switch|p1a: Smeargle|Smeargle, L95, M|258/258\n|turn|2\n|\n|t:|1782857150\n|switch|p2a: Tsareena|Tsareena, L87, F|267/267\n|move|p1a: Smeargle|Spore|p2a: Tsareena\n|-immune|p2a: Tsareena\n|\n|upkeep\n|turn|3\n|\n|t:|1782857155\n|switch|p1a: Zebstrika|Zebstrika, L87, M|245/272\n|move|p2a: Tsareena|High Jump Kick|p1a: Zebstrika|[miss]\n|-miss|p2a: Tsareena|p1a: Zebstrika\n|-damage|p2a: Tsareena|134/267|[from] highjumpkick\n|\n|upkeep\n|turn|4\n|\n|t:|1782857165\n|move|p1a: Zebstrika|Overheat|p2a: Tsareena\n|-supereffective|p2a: Tsareena\n|-damage|p2a: Tsareena|0 fnt\n|-unboost|p1a: Zebstrika|spa|2\n|faint|p2a: Tsareena\n|-damage|p1a: Zebstrika|218/272|[from] item: Life Orb\n|\n|upkeep\n|\n|t:|1782857180\n|switch|p2a: Gliscor|Gliscor, L76, M|239/239\n|turn|5\n|\n|t:|1782857201\n|switch|p1a: Cyclizar|Cyclizar, L83, M|252/252\n|move|p2a: Gliscor|Protect||[still]\n|-fail|p2a: Gliscor\n|\n|-status|p2a: Gliscor|tox|[from] item: Toxic Orb\n|upkeep\n|turn|6\n|\n|t:|1782857207\n|move|p1a: Cyclizar|Taunt|p2a: Gliscor\n|-start|p2a: Gliscor|move: Taunt\n|cant|p2a: Gliscor|move: Taunt|Toxic Spikes\n|\n|upkeep\n|turn|7\n|\n|t:|1782857216\n|move|p1a: Cyclizar|Shed Tail|p1a: Cyclizar\n|-start|p1a: Cyclizar|Substitute|[from] move: Shed Tail\n|-damage|p1a: Cyclizar|126/252\n|inactive|Victor kstle has 120 seconds left.\n|\n|t:|1782857249\n|switch|p1a: Gengar|Gengar, L81, F|230/230|[from] Shed Tail\n|move|p2a: Gliscor|Knock Off|p1a: Gengar\n|-supereffective|p1a: Gengar\n|-end|p1a: Gengar|Substitute\n|\n|upkeep\n|turn|8\n|inactive|Victor kstle has 120 seconds left.\n|\n|t:|1782857259\n|move|p1a: Gengar|Shadow Ball|p2a: Gliscor\n|-damage|p2a: Gliscor|78/239 tox\n|-damage|p1a: Gengar|207/230|[from] item: Life Orb\n|move|p2a: Gliscor|Knock Off|p1a: Gengar\n|-supereffective|p1a: Gengar\n|-damage|p1a: Gengar|45/230\n|-start|p2a: Gliscor|Disable|Knock Off|[from] ability: Cursed Body|[of] p1a: Gengar\n|-enditem|p1a: Gengar|Life Orb|[from] move: Knock Off|[of] p2a: Gliscor\n|\n|-heal|p2a: Gliscor|107/239 tox|[from] ability: Poison Heal\n|-end|p2a: Gliscor|move: Taunt\n|upkeep\n|turn|9\n|\n|t:|1782857279\n|move|p2a: Gliscor|Protect|p2a: Gliscor\n|-singleturn|p2a: Gliscor|Protect\n|move|p1a: Gengar|Shadow Ball|p2a: Gliscor\n|-activate|p2a: Gliscor|move: Protect\n|\n|-heal|p2a: Gliscor|136/239 tox|[from] ability: Poison Heal\n|upkeep\n|turn|10\n|\n|t:|1782857291\n|switch|p2a: Toxapex|Toxapex, L82, M|216/216\n|move|p1a: Gengar|Shadow Ball|p2a: Toxapex\n|-damage|p2a: Toxapex|149/216\n|\n|upkeep\n|turn|11\n|\n|t:|1782857306\n|move|p1a: Gengar|Shadow Ball|p2a: Toxapex\n|-damage|p2a: Toxapex|85/216\n|move|p2a: Toxapex|Liquidation|p1a: Gengar\n|-damage|p1a: Gengar|0 fnt\n|-start|p2a: Toxapex|Disable|Liquidation|[from] ability: Cursed Body|[of] p1a: Gengar\n|faint|p1a: Gengar\n|\n|upkeep\n|\n|t:|1782857311\n|switch|p1a: Smeargle|Smeargle, L95, M|258/258\n|turn|12\n|\n|t:|1782857326\n|move|p1a: Smeargle|Shell Smash|p1a: Smeargle\n|-unboost|p1a: Smeargle|def|1\n|-unboost|p1a: Smeargle|spd|1\n|-boost|p1a: Smeargle|atk|2\n|-boost|p1a: Smeargle|spa|2\n|-boost|p1a: Smeargle|spe|2\n|move|p2a: Toxapex|Haze|p2a: Toxapex\n|-clearallboost\n|\n|upkeep\n|turn|13\n|\n|t:|1782857334\n|move|p1a: Smeargle|Spore|p2a: Toxapex\n|-status|p2a: Toxapex|slp|[from] move: Spore\n|cant|p2a: Toxapex|slp\n|\n|upkeep\n|turn|14\n|inactive|olly1305 has 120 seconds left.\n|\n|t:|1782857367\n|switch|p2a: Mew|Mew, L82|298/298\n|move|p1a: Smeargle|Shell Smash|p1a: Smeargle\n|-unboost|p1a: Smeargle|def|1\n|-unboost|p1a: Smeargle|spd|1\n|-boost|p1a: Smeargle|atk|2\n|-boost|p1a: Smeargle|spa|2\n|-boost|p1a: Smeargle|spe|2\n|\n|upkeep\n|turn|15\n|inactive|olly1305 has 120 seconds left.\n|\n|t:|1782857396\n|switch|p2a: Toxapex|Toxapex, L82, M|157/216 slp\n|-terastallize|p1a: Smeargle|Normal\n|move|p1a: Smeargle|Population Bomb|p2a: Toxapex\n|-damage|p2a: Toxapex|127/216 slp\n|-damage|p1a: Smeargle|215/258|[from] item: Rocky Helmet|[of] p2a: Toxapex\n|-damage|p2a: Toxapex|99/216 slp\n|-damage|p1a: Smeargle|172/258|[from] item: Rocky Helmet|[of] p2a: Toxapex\n|-damage|p2a: Toxapex|69/216 slp\n|-damage|p1a: Smeargle|129/258|[from] item: Rocky Helmet|[of] p2a: Toxapex\n|-damage|p2a: Toxapex|39/216 slp\n|-damage|p1a: Smeargle|86/258|[from] item: Rocky Helmet|[of] p2a: Toxapex\n|-damage|p2a: Toxapex|13/216 slp\n|-damage|p1a: Smeargle|43/258|[from] item: Rocky Helmet|[of] p2a: Toxapex\n|-damage|p2a: Toxapex|0 fnt\n|-damage|p1a: Smeargle|0 fnt|[from] item: Rocky Helmet|[of] p2a: Toxapex\n|faint|p2a: Toxapex\n|faint|p1a: Smeargle\n|-hitcount|p2: Toxapex|6\n|\n|upkeep\n|inactive|olly1305 has 120 seconds left.\n|inactive|Victor kstle has 120 seconds left.\n|\n|t:|1782857427\n|switch|p1a: Cyclizar|Cyclizar, L83, M|210/252\n|switch|p2a: Oricorio|Oricorio, L84, M|263/263\n|turn|16\n|\n|t:|1782857433\n|move|p1a: Cyclizar|Taunt|p2a: Oricorio\n|-start|p2a: Oricorio|move: Taunt\n|move|p2a: Oricorio|Hurricane|p1a: Cyclizar\n|-damage|p1a: Cyclizar|66/252\n|-start|p1a: Cyclizar|confusion\n|\n|upkeep\n|turn|17\n|\n|t:|1782857441\n|switch|p1a: Zebstrika|Zebstrika, L87, M|218/272\n|switch|p2a: Gliscor|Gliscor, L76, M|136/239 tox\n|\n|-heal|p2a: Gliscor|165/239 tox|[from] ability: Poison Heal\n|upkeep\n|turn|18\n|\n|t:|1782857449\n|move|p1a: Zebstrika|Overheat|p2a: Gliscor\n|-damage|p2a: Gliscor|21/239 tox\n|-unboost|p1a: Zebstrika|spa|2\n|-damage|p1a: Zebstrika|191/272|[from] item: Life Orb\n|move|p2a: Gliscor|Earthquake|p1a: Zebstrika\n|-supereffective|p1a: Zebstrika\n|-damage|p1a: Zebstrika|0 fnt\n|faint|p1a: Zebstrika\n|\n|-heal|p2a: Gliscor|50/239 tox|[from] ability: Poison Heal\n|upkeep\n|\n|t:|1782857455\n|switch|p1a: Cyclizar|Cyclizar, L83, M|150/252\n|turn|19\n|inactive|olly1305 has 120 seconds left.\n|\n|t:|1782857467\n|move|p2a: Gliscor|Protect|p2a: Gliscor\n|-singleturn|p2a: Gliscor|Protect\n|move|p1a: Cyclizar|Draco Meteor|p2a: Gliscor\n|-activate|p2a: Gliscor|move: Protect\n|\n|-heal|p2a: Gliscor|79/239 tox|[from] ability: Poison Heal\n|upkeep\n|turn|20\n|inactive|olly1305 has 120 seconds left.\n|\n|t:|1782857485\n|switch|p2a: Mew|Mew, L82|298/298\n|move|p1a: Cyclizar|Shed Tail|p1a: Cyclizar\n|-start|p1a: Cyclizar|Substitute|[from] move: Shed Tail\n|-damage|p1a: Cyclizar|24/252\n|\n|t:|1782857491\n|switch|p1a: Zekrom|Zekrom, L71|259/259|[from] Shed Tail\n|-ability|p1a: Zekrom|Teravolt\n|\n|upkeep\n|turn|21\n|\n|t:|1782857495\n|move|p2a: Mew|Psychic|p1a: Zekrom\n|-end|p1a: Zekrom|Substitute\n|move|p1a: Zekrom|Dragon Dance|p1a: Zekrom\n|-boost|p1a: Zekrom|atk|1\n|-boost|p1a: Zekrom|spe|1\n|\n|upkeep\n|turn|22\n|\n|t:|1782857507\n|move|p1a: Zekrom|Bolt Strike|p2a: Mew\n|-damage|p2a: Mew|114/298\n|move|p2a: Mew|Will-O-Wisp|p1a: Zekrom\n|-status|p1a: Zekrom|brn\n|\n|-heal|p2a: Mew|132/298|[from] item: Leftovers\n|-damage|p1a: Zekrom|243/259 brn|[from] brn\n|upkeep\n|turn|23\n|-message|Victor kstle forfeited.\n|\n|win|olly1305\n|raw|Victor kstle's rating: 1576 &rarr; <strong>1559</strong><br />(-17 for losing)\n|raw|olly1305's rating: 1621 &rarr; <strong>1638</strong><br />(+17 for winning)\n|l|\u2606Victor kstle\n|player|p1|\n", "inputlog": ">version f8ac14003a5f27e1bdc8d8c59608a773c1cb96e5\n>start {\"formatid\":\"gen9randombattle\",\"seed\":\"sodium,afd227f7dc3d02e5336a7e8503bc5e74\",\"rated\":\"Rated battle\"}\n>player p1 {\"name\":\"Victor kstle\",\"avatar\":\"lucas\",\"rating\":1576,\"seed\":\"sodium,d1668b656b539e16f50fdc4163390896\"}\n>player p2 {\"name\":\"olly1305\",\"avatar\":\"dancer\",\"rating\":1621,\"seed\":\"sodium,af39504ef14fc8c9c6321c2332cd8f9d\"}\n>p1 move voltswitch\n>p2 move iciclecrash\n>p1 switch 6\n>p1 switch 3\n>p1 move spore\n>p2 switch 5\n>p1 switch 6\n>p2 move highjumpkick\n>p1 move overheat\n>p2 move powerwhip\n>p2 switch 2\n>p1 switch 5\n>p2 move protect\n>p1 move taunt\n>p2 move toxicspikes\n>p1 move shedtail\n>p2 move knockoff\n>p1 switch 2\n>p1 move shadowball\n>p2 move knockoff\n>p1 move shadowball\n>p2 move protect\n>p1 move shadowball\n>p2 switch 4\n>p1 move shadowball\n>p2 move liquidation\n>p1 switch 6\n>p1 move shellsmash\n>p2 move haze\n>p1 move spore\n>p2 move toxic\n>p1 move shellsmash\n>p2 switch 3\n>p1 move populationbomb terastallize\n>p2 switch 3\n>p1 switch 2\n>p2 switch 6\n>p1 move taunt\n>p2 move hurricane\n>p1 switch 5\n>p2 switch 4\n>p1 move overheat\n>p2 move earthquake\n>p1 switch 5\n>p1 move dracometeor\n>p2 move protect\n>p1 move shedtail\n>p2 switch 3\n>p1 switch 4\n>p1 move dragondance\n>p2 move psychic\n>p1 move boltstrike\n>p2 move willowisp\n>forcelose p1", "uploadtime": 1782857530, "views": 7, "formatid": "gen9randombattle", "rating": 1559, "private": 0, "password": null, "player_dets": [{"name": "Victor kstle", "avatar": "lucas", "rating": 1576, "seed": "sodium,d1668b656b539e16f50fdc4163390896"}, {"name": "olly1305", "avatar": "dancer", "rating": 1621, "seed": "sodium,af39504ef14fc8c9c6321c2332cd8f9d"}], "teams_full": [{"Zebstrika": {"name": "Zebstrika", "species": "Zebstrika", "speciesId": "zebstrika", "gender": "M", "shiny": false, "level": 87, "moves": ["supercellslam", "highhorsepower", "overheat", "voltswitch"], "ability": "Sap Sipper", "evs": {"hp": 85, "atk": 85, "def": 85, "spa": 85, "spd": 85, "spe": 85}, "ivs": {"hp": 31, "atk": 31, "def": 31, "spa": 31, "spd": 31, "spe": 31}, "item": "Life Orb", "teraType": "Ground", "role": "Fast Attacker", "bvs": {"hp": 75, "atk": 100, "def": 63, "spa": 80, "spd": 63, "spe": 116}, "stats": {"hp": 272, "atk": 224, "def": 159, "spa": 189, "spd": 159, "spe": 252}, "types": ["Electric"]}, "Gengar": {"name": "Gengar", "species": "Gengar", "speciesId": "gengar", "gender": "F", "shiny": false, "level": 81, "moves": ["sludgewave", "shadowball", "encore", "focusblast"], "ability": "Cursed Body", "evs": {"hp": 85, "atk": 0, "def": 85, "spa": 85, "spd": 85, "spe": 85}, "ivs": {"hp": 31, "atk": 0, "def": 31, "spa": 31, "spd": 31, "spe": 31}, "item": "Life Orb", "teraType": "Dark", "role": "Fast Attacker", "bvs": {"hp": 60, "atk": 65, "def": 60, "spa": 130, "spd": 75, "spe": 110}, "stats": {"hp": 230, "atk": 110, "def": 144, "spa": 257, "spd": 168, "spe": 225}, "types": ["Ghost", "Poison"]}, "Smeargle": {"name": "Smeargle", "species": "Smeargle", "speciesId": "smeargle", "gender": "M", "shiny": false, "level": 95, "moves": ["shellsmash", "powertrip", "populationbomb", "spore"], "ability": "Technician", "evs": {"hp": 85, "atk": 85, "def": 85, "spa": 85, "spd": 85, "spe": 85}, "ivs": {"hp": 31, "atk": 31, "def": 31, "spa": 31, "spd": 31, "spe": 31}, "item": "Wide Lens", "teraType": "Normal", "role": "Setup Sweeper", "bvs": {"hp": 55, "atk": 20, "def": 35, "spa": 20, "spd": 45, "spe": 75}, "stats": {"hp": 258, "atk": 92, "def": 120, "spa": 92, "spd": 139, "spe": 196}, "types": ["Normal"]}, "Zekrom": {"name": "Zekrom", "species": "Zekrom", "speciesId": "zekrom", "gender": "N", "shiny": false, "level": 71, "moves": ["boltstrike", "outrage", "substitute", "dragondance"], "ability": "Teravolt", "evs": {"hp": 85, "atk": 85, "def": 85, "spa": 85, "spd": 85, "spe": 85}, "ivs": {"hp": 31, "atk": 31, "def": 31, "spa": 31, "spd": 31, "spe": 31}, "item": "Leftovers", "teraType": "Steel", "role": "Setup Sweeper", "bvs": {"hp": 100, "atk": 150, "def": 120, "spa": 120, "spd": 100, "spe": 90}, "stats": {"hp": 259, "atk": 254, "def": 212, "spa": 212, "spd": 183, "spe": 169}, "types": ["Dragon", "Electric"]}, "Cyclizar": {"name": "Cyclizar", "species": "Cyclizar", "speciesId": "cyclizar", "gender": "M", "shiny": false, "level": 83, "moves": ["dracometeor", "taunt", "rapidspin", "shedtail"], "ability": "Regenerator", "evs": {"hp": 85, "atk": 85, "def": 85, "spa": 85, "spd": 85, "spe": 85}, "ivs": {"hp": 31, "atk": 31, "def": 31, "spa": 31, "spd": 31, "spe": 31}, "item": "Heavy-Duty Boots", "teraType": "Ghost", "role": "Fast Support", "bvs": {"hp": 70, "atk": 95, "def": 65, "spa": 85, "spd": 65, "spe": 121}, "stats": {"hp": 252, "atk": 205, "def": 156, "spa": 189, "spd": 156, "spe": 249}, "types": ["Dragon", "Normal"]}, "Flutter Mane": {"name": "Flutter Mane", "species": "Flutter Mane", "speciesId": "fluttermane", "gender": "N", "shiny": false, "level": 74, "moves": ["moonblast", "shadowball", "calmmind", "thunderbolt"], "ability": "Protosynthesis", "evs": {"hp": 85, "atk": 0, "def": 85, "spa": 85, "spd": 85, "spe": 85}, "ivs": {"hp": 31, "atk": 0, "def": 31, "spa": 31, "spd": 31, "spe": 31}, "item": "Life Orb", "teraType": "Electric", "role": "Setup Sweeper", "bvs": {"hp": 55, "atk": 55, "def": 55, "spa": 135, "spd": 135, "spe": 135}, "stats": {"hp": 203, "atk": 86, "def": 124, "spa": 243, "spd": 243, "spe": 243}, "types": ["Ghost", "Fairy"]}}, {"Glastrier": {"name": "Glastrier", "species": "Glastrier", "speciesId": "glastrier", "gender": "N", "shiny": false, "level": 86, "moves": ["heavyslam", "closecombat", "swordsdance", "iciclecrash"], "ability": "Chilling Neigh", "evs": {"hp": 85, "atk": 85, "def": 85, "spa": 85, "spd": 85, "spe": 85}, "ivs": {"hp": 31, "atk": 31, "def": 31, "spa": 31, "spd": 31, "spe": 31}, "item": "Heavy-Duty Boots", "teraType": "Fighting", "role": "Bulky Attacker", "bvs": {"hp": 100, "atk": 145, "def": 130, "spa": 65, "spd": 110, "spe": 30}, "stats": {"hp": 312, "atk": 299, "def": 273, "spa": 161, "spd": 238, "spe": 101}, "types": ["Ice"]}, "Gliscor": {"name": "Gliscor", "species": "Gliscor", "speciesId": "gliscor", "gender": "M", "shiny": false, "level": 76, "moves": ["knockoff", "earthquake", "toxicspikes", "protect"], "ability": "Poison Heal", "evs": {"hp": 85, "atk": 85, "def": 85, "spa": 85, "spd": 85, "spe": 85}, "ivs": {"hp": 31, "atk": 31, "def": 31, "spa": 31, "spd": 31, "spe": 31}, "item": "Toxic Orb", "teraType": "Water", "role": "Bulky Support", "bvs": {"hp": 75, "atk": 95, "def": 125, "spa": 45, "spd": 75, "spe": 95}, "stats": {"hp": 239, "atk": 188, "def": 234, "spa": 112, "spd": 158, "spe": 188}, "types": ["Ground", "Flying"]}, "Mew": {"name": "Mew", "species": "Mew", "speciesId": "mew", "gender": "N", "shiny": false, "level": 82, "moves": ["psychic", "stealthrock", "willowisp", "uturn"], "ability": "Synchronize", "evs": {"hp": 85, "atk": 85, "def": 85, "spa": 85, "spd": 85, "spe": 85}, "ivs": {"hp": 31, "atk": 31, "def": 31, "spa": 31, "spd": 31, "spe": 31}, "item": "Leftovers", "teraType": "Dark", "role": "Bulky Support", "bvs": {"hp": 100, "atk": 100, "def": 100, "spa": 100, "spd": 100, "spe": 100}, "stats": {"hp": 298, "atk": 211, "def": 211, "spa": 211, "spd": 211, "spe": 211}, "types": ["Psychic"]}, "Toxapex": {"name": "Toxapex", "species": "Toxapex", "speciesId": "toxapex", "gender": "M", "shiny": false, "level": 82, "moves": ["liquidation", "haze", "recover", "toxic"], "ability": "Regenerator", "evs": {"hp": 85, "atk": 85, "def": 85, "spa": 85, "spd": 85, "spe": 85}, "ivs": {"hp": 31, "atk": 31, "def": 31, "spa": 31, "spd": 31, "spe": 31}, "item": "Rocky Helmet", "teraType": "Fairy", "role": "Bulky Support", "bvs": {"hp": 50, "atk": 63, "def": 152, "spa": 53, "spd": 142, "spe": 35}, "stats": {"hp": 216, "atk": 150, "def": 296, "spa": 134, "spd": 280, "spe": 105}, "types": ["Poison", "Water"]}, "Tsareena": {"name": "Tsareena", "species": "Tsareena", "speciesId": "tsareena", "gender": "F", "shiny": false, "level": 87, "moves": ["synthesis", "highjumpkick", "knockoff", "powerwhip"], "ability": "Queenly Majesty", "evs": {"hp": 85, "atk": 85, "def": 85, "spa": 85, "spd": 85, "spe": 85}, "ivs": {"hp": 31, "atk": 31, "def": 31, "spa": 31, "spd": 31, "spe": 31}, "item": "Life Orb", "teraType": "Fighting", "role": "Fast Support", "bvs": {"hp": 72, "atk": 120, "def": 98, "spa": 50, "spd": 98, "spe": 72}, "stats": {"hp": 267, "atk": 259, "def": 220, "spa": 137, "spd": 220, "spe": 175}, "types": ["Grass"]}, "Oricorio": {"name": "Oricorio", "species": "Oricorio", "speciesId": "oricorio", "gender": "M", "shiny": false, "level": 84, "moves": ["hurricane", "quiverdance", "roost", "revelationdance"], "ability": "Dancer", "evs": {"hp": 85, "atk": 0, "def": 85, "spa": 85, "spd": 85, "spe": 85}, "ivs": {"hp": 31, "atk": 0, "def": 31, "spa": 31, "spd": 31, "spe": 31}, "item": "Heavy-Duty Boots", "teraType": "Ground", "role": "Setup Sweeper", "bvs": {"hp": 75, "atk": 70, "def": 70, "spa": 98, "spd": 70, "spe": 93}, "stats": {"hp": 263, "atk": 122, "def": 166, "spa": 213, "spd": 166, "spe": 204}, "types": ["Fire", "Flying"]}}]}