{"id": "gen9randombattle-2642061271", "format": "[Gen 9] Random Battle", "players": ["jnpr010334", "u$hi the gamer"], "log": "|j|\u2606jnpr010334\n|j|\u2606u$hi the gamer\n|t:|1782881630\n|gametype|singles\n|player|p1|jnpr010334|265|1676\n|player|p2|u$hi the gamer|silver-masters|1658\n|gen|9\n|tier|[Gen 9] Random Battle\n|rated|\n|rule|Species Clause: Limit one of each Pok\u00e9mon\n|rule|HP Percentage Mod: HP is shown in percentages\n|rule|Sleep Clause Mod: Limit one foe put to sleep\n|rule|Illusion Level Mod: Illusion disguises the Pok\u00e9mon's true level\n|\n|t:|1782881630\n|teamsize|p1|6\n|teamsize|p2|6\n|start\n|switch|p1a: Reshiram|Reshiram, L76|277/277\n|switch|p2a: Basculegion|Basculegion, L80, M|323/323\n|-ability|p1a: Reshiram|Turboblaze\n|turn|1\n|inactive|Battle timer is ON: inactive players will automatically lose when time's up. (requested by u$hi the gamer)\n|inactive|jnpr010334 also wants the timer to be on.\n|\n|t:|1782881644\n|move|p1a: Reshiram|Draco Meteor|p2a: Basculegion\n|-damage|p2a: Basculegion|197/323\n|-unboost|p1a: Reshiram|spa|2\n|move|p2a: Basculegion|Wave Crash|p1a: Reshiram\n|-damage|p1a: Reshiram|101/277\n|-damage|p2a: Basculegion|139/323|[from] Recoil\n|\n|upkeep\n|turn|2\n|\n|t:|1782881654\n|move|p1a: Reshiram|Draco Meteor|p2a: Basculegion\n|-damage|p2a: Basculegion|73/323\n|-unboost|p1a: Reshiram|spa|2\n|move|p2a: Basculegion|Flip Turn|p1a: Reshiram\n|-damage|p1a: Reshiram|7/277\n|\n|t:|1782881663\n|switch|p2a: Arceus|Arceus-Electric, L70|284/284|[from] Flip Turn\n|\n|upkeep\n|turn|3\n|\n|t:|1782881666\n|move|p2a: Arceus|Judgment|p1a: Reshiram\n|-resisted|p1a: Reshiram\n|-damage|p1a: Reshiram|0 fnt\n|faint|p1a: Reshiram\n|\n|upkeep\n|\n|t:|1782881668\n|switch|p1a: Hoopa|Hoopa-Unbound, L80|259/259\n|turn|4\n|\n|t:|1782881675\n|switch|p2a: Basculegion|Basculegion, L80, M|73/323\n|move|p1a: Hoopa|Psychic|p2a: Basculegion\n|-damage|p2a: Basculegion|0 fnt\n|faint|p2a: Basculegion\n|\n|upkeep\n|\n|t:|1782881679\n|switch|p2a: Roaring Moon|Roaring Moon, L72|270/270\n|-enditem|p2a: Roaring Moon|Booster Energy\n|-activate|p2a: Roaring Moon|ability: Protosynthesis|[fromitem]\n|-start|p2a: Roaring Moon|protosynthesisatk\n|turn|5\n|\n|t:|1782881685\n|switch|p1a: Kricketune|Kricketune, L99, F|312/312\n|move|p2a: Roaring Moon|Knock Off|p1a: Kricketune\n|-damage|p1a: Kricketune|144/312\n|-enditem|p1a: Kricketune|Heavy-Duty Boots|[from] move: Knock Off|[of] p2a: Roaring Moon\n|\n|upkeep\n|turn|6\n|\n|t:|1782881691\n|move|p2a: Roaring Moon|Dragon Dance|p2a: Roaring Moon\n|-boost|p2a: Roaring Moon|atk|1\n|-boost|p2a: Roaring Moon|spe|1\n|move|p1a: Kricketune|Sticky Web|p2a: Roaring Moon\n|-sidestart|p2: u$hi the gamer|move: Sticky Web\n|\n|upkeep\n|turn|7\n|\n|t:|1782881694\n|move|p2a: Roaring Moon|Outrage|p1a: Kricketune\n|-damage|p1a: Kricketune|0 fnt\n|faint|p1a: Kricketune\n|\n|upkeep\n|\n|t:|1782881696\n|switch|p1a: Excadrill|Excadrill, L79, F|303/303\n|-ability|p1a: Excadrill|Mold Breaker\n|turn|8\n|\n|t:|1782881698\n|-terastallize|p1a: Excadrill|Ground\n|move|p2a: Roaring Moon|Outrage|p1a: Excadrill|[from] lockedmove\n|-damage|p1a: Excadrill|0 fnt\n|faint|p1a: Excadrill\n|\n|upkeep\n|\n|t:|1782881700\n|switch|p1a: Ursaring|Ursaring, L84, F|288/288\n|turn|9\n|\n|t:|1782881704\n|move|p2a: Roaring Moon|Outrage|p1a: Ursaring|[from] lockedmove\n|-damage|p1a: Ursaring|17/288\n|-start|p2a: Roaring Moon|confusion|[fatigue]\n|move|p1a: Ursaring|Close Combat|p2a: Roaring Moon\n|-supereffective|p2a: Roaring Moon\n|-damage|p2a: Roaring Moon|0 fnt\n|-unboost|p1a: Ursaring|def|1\n|-unboost|p1a: Ursaring|spd|1\n|faint|p2a: Roaring Moon\n|-end|p2a: Roaring Moon|Protosynthesis|[silent]\n|\n|-status|p1a: Ursaring|tox|[from] item: Toxic Orb\n|upkeep\n|\n|t:|1782881711\n|switch|p2a: Chesnaught|Chesnaught, L84, F|285/285\n|-activate|p2a: Chesnaught|move: Sticky Web\n|-unboost|p2a: Chesnaught|spe|1\n|turn|10\n|\n|t:|1782881716\n|move|p1a: Ursaring|Facade|p2a: Chesnaught\n|-damage|p2a: Chesnaught|135/285\n|move|p2a: Chesnaught|Synthesis|p2a: Chesnaught\n|-heal|p2a: Chesnaught|277/285\n|\n|-heal|p2a: Chesnaught|285/285|[from] item: Leftovers\n|-damage|p1a: Ursaring|0 fnt|[from] psn\n|faint|p1a: Ursaring\n|upkeep\n|\n|t:|1782881717\n|switch|p1a: Hoopa|Hoopa-Unbound, L80|259/259\n|turn|11\n|\n|t:|1782881723\n|switch|p2a: Ampharos|Ampharos, L88, M|302/302\n|-activate|p2a: Ampharos|move: Sticky Web\n|-unboost|p2a: Ampharos|spe|1\n|move|p1a: Hoopa|Psychic|p2a: Ampharos\n|-damage|p2a: Ampharos|169/302\n|\n|upkeep\n|turn|12\n|\n|t:|1782881728\n|switch|p1a: Sandy Shocks|Sandy Shocks, L80|267/267\n|move|p2a: Ampharos|Agility|p2a: Ampharos\n|-boost|p2a: Ampharos|spe|2\n|\n|upkeep\n|turn|13\n|\n|t:|1782881732\n|switch|p2a: Chesnaught|Chesnaught, L84, F|285/285\n|-activate|p2a: Chesnaught|move: Sticky Web\n|-unboost|p2a: Chesnaught|spe|1\n|move|p1a: Sandy Shocks|Earth Power|p2a: Chesnaught\n|-resisted|p2a: Chesnaught\n|-damage|p2a: Chesnaught|226/285\n|\n|-heal|p2a: Chesnaught|243/285|[from] item: Leftovers\n|upkeep\n|turn|14\n|\n|t:|1782881737\n|move|p1a: Sandy Shocks|Volt Switch|p2a: Chesnaught\n|-resisted|p2a: Chesnaught\n|-damage|p2a: Chesnaught|195/285\n|\n|t:|1782881743\n|-end|p1a: Sandy Shocks|Protosynthesis|[silent]\n|switch|p1a: Hoopa|Hoopa-Unbound, L80|259/259|[from] Volt Switch\n|move|p2a: Chesnaught|Body Press|p1a: Hoopa\n|-damage|p1a: Hoopa|117/259\n|\n|-heal|p2a: Chesnaught|212/285|[from] item: Leftovers\n|upkeep\n|turn|15\n|\n|t:|1782881750\n|-terastallize|p2a: Chesnaught|Steel\n|move|p1a: Hoopa|Psychic|p2a: Chesnaught\n|-resisted|p2a: Chesnaught\n|-damage|p2a: Chesnaught|133/285\n|move|p2a: Chesnaught|Body Press|p1a: Hoopa\n|-damage|p1a: Hoopa|0 fnt\n|faint|p1a: Hoopa\n|\n|-heal|p2a: Chesnaught|150/285|[from] item: Leftovers\n|upkeep\n|\n|t:|1782881752\n|switch|p1a: Sandy Shocks|Sandy Shocks, L80|267/267\n|turn|16\n|\n|t:|1782881755\n|move|p1a: Sandy Shocks|Earth Power|p2a: Chesnaught\n|-supereffective|p2a: Chesnaught\n|-damage|p2a: Chesnaught|0 fnt\n|faint|p2a: Chesnaught\n|\n|upkeep\n|\n|t:|1782881758\n|switch|p2a: Zamazenta|Zamazenta, L71|248/248\n|-activate|p2a: Zamazenta|move: Sticky Web\n|-unboost|p2a: Zamazenta|spe|1\n|-ability|p2a: Zamazenta|Dauntless Shield|boost\n|-boost|p2a: Zamazenta|def|1\n|turn|17\n|\n|t:|1782881761\n|move|p1a: Sandy Shocks|Thunderbolt|p2a: Zamazenta\n|-damage|p2a: Zamazenta|140/248\n|move|p2a: Zamazenta|Body Press|p1a: Sandy Shocks\n|-damage|p1a: Sandy Shocks|164/267\n|\n|-heal|p2a: Zamazenta|155/248|[from] item: Leftovers\n|upkeep\n|turn|18\n|\n|t:|1782881767\n|move|p1a: Sandy Shocks|Thunderbolt|p2a: Zamazenta\n|-damage|p2a: Zamazenta|50/248\n|move|p2a: Zamazenta|Body Press|p1a: Sandy Shocks\n|-damage|p1a: Sandy Shocks|64/267\n|\n|-heal|p2a: Zamazenta|65/248|[from] item: Leftovers\n|upkeep\n|turn|19\n|\n|t:|1782881771\n|move|p1a: Sandy Shocks|Thunderbolt|p2a: Zamazenta\n|-damage|p2a: Zamazenta|0 fnt\n|faint|p2a: Zamazenta\n|\n|upkeep\n|\n|t:|1782881773\n|switch|p2a: Ampharos|Ampharos, L88, M|169/302\n|-activate|p2a: Ampharos|move: Sticky Web\n|-unboost|p2a: Ampharos|spe|1\n|turn|20\n|\n|t:|1782881778\n|move|p1a: Sandy Shocks|Earth Power|p2a: Ampharos\n|-supereffective|p2a: Ampharos\n|-damage|p2a: Ampharos|0 fnt\n|faint|p2a: Ampharos\n|\n|upkeep\n|\n|t:|1782881781\n|switch|p2a: Arceus|Arceus-Electric, L70|284/284\n|-activate|p2a: Arceus|move: Sticky Web\n|-unboost|p2a: Arceus|spe|1\n|turn|21\n|\n|t:|1782881783\n|move|p1a: Sandy Shocks|Thunderbolt|p2a: Arceus\n|-resisted|p2a: Arceus\n|-damage|p2a: Arceus|232/284\n|move|p2a: Arceus|Ice Beam|p1a: Sandy Shocks\n|-supereffective|p1a: Sandy Shocks\n|-damage|p1a: Sandy Shocks|0 fnt\n|faint|p1a: Sandy Shocks\n|-end|p1a: Sandy Shocks|Protosynthesis|[silent]\n|\n|win|u$hi the gamer\n|raw|jnpr010334's rating: 1730 &rarr; <strong>1706</strong><br />(-24 for losing)\n|raw|u$hi the gamer's rating: 1658 &rarr; <strong>1682</strong><br />(+24 for winning)\n", "inputlog": ">version f8ac14003a5f27e1bdc8d8c59608a773c1cb96e5\n>start {\"formatid\":\"gen9randombattle\",\"seed\":\"sodium,63b3b0423288eb28e1f062fc4ca43dc4\",\"rated\":\"Rated battle\"}\n>player p1 {\"name\":\"jnpr010334\",\"avatar\":\"265\",\"rating\":1676,\"seed\":\"sodium,bb00030b525376c9697cec6f15903c6c\"}\n>player p2 {\"name\":\"u$hi the gamer\",\"avatar\":\"silver-masters\",\"rating\":1658,\"seed\":\"sodium,d0a605c9bda8499948b080e804e03fbb\"}\n>p1 move dracometeor\n>p2 move wavecrash\n>p1 move dracometeor\n>p2 move flipturn\n>p2 switch 5\n>p1 move willowisp\n>p2 move judgment\n>p1 switch 5\n>p1 move psychic\n>p2 switch 5\n>p2 switch 4\n>p1 switch 3\n>p2 move knockoff\n>p1 move stickyweb\n>p2 move dragondance\n>p1 move pounce\n>p2 move outrage\n>p1 switch 4\n>p1 move earthquake terastallize\n>p2 move outrage\n>p1 switch 6\n>p1 move closecombat\n>p2 move outrage\n>p2 switch 3\n>p1 move facade\n>p2 move synthesis\n>p1 switch 3\n>p1 move psychic\n>p2 switch 6\n>p1 switch 2\n>p2 move agility\n>p1 move earthpower\n>p2 switch 6\n>p1 move voltswitch\n>p2 move bodypress\n>p1 switch 2\n>p1 move psychic\n>p2 move bodypress terastallize\n>p1 switch 2\n>p1 move earthpower\n>p2 move trailblaze\n>p2 switch 2\n>p1 move thunderbolt\n>p2 move bodypress\n>p1 move thunderbolt\n>p2 move bodypress\n>p1 move thunderbolt\n>p2 move bodypress\n>p2 switch 6\n>p1 move earthpower\n>p2 move dazzlinggleam\n>p2 switch 5\n>p1 move thunderbolt\n>p2 move icebeam", "uploadtime": 1782881784, "views": 2, "formatid": "gen9randombattle", "rating": 1682, "private": 0, "password": null, "player_dets": [{"name": "jnpr010334", "avatar": "265", "rating": 1676, "seed": "sodium,bb00030b525376c9697cec6f15903c6c"}, {"name": "u$hi the gamer", "avatar": "silver-masters", "rating": 1658, "seed": "sodium,d0a605c9bda8499948b080e804e03fbb"}], "teams_full": [{"Reshiram": {"name": "Reshiram", "species": "Reshiram", "speciesId": "reshiram", "gender": "N", "shiny": false, "level": 76, "moves": ["blueflare", "earthpower", "willowisp", "dracometeor"], "ability": "Turboblaze", "evs": {"hp": 85, "atk": 0, "def": 85, "spa": 85, "spd": 85, "spe": 85}, "ivs": {"hp": 31, "atk": 0, "def": 31, "spa": 31, "spd": 31, "spe": 31}, "item": "Heavy-Duty Boots", "teraType": "Ground", "role": "Fast Attacker", "bvs": {"hp": 100, "atk": 120, "def": 100, "spa": 150, "spd": 120, "spe": 90}, "stats": {"hp": 277, "atk": 187, "def": 196, "spa": 272, "spd": 226, "spe": 181}, "types": ["Dragon", "Fire"]}, "Sandy Shocks": {"name": "Sandy Shocks", "species": "Sandy Shocks", "speciesId": "sandyshocks", "gender": "N", "shiny": false, "level": 80, "moves": ["voltswitch", "thunderbolt", "stealthrock", "earthpower"], "ability": "Protosynthesis", "evs": {"hp": 85, "atk": 0, "def": 85, "spa": 85, "spd": 85, "spe": 85}, "ivs": {"hp": 31, "atk": 0, "def": 31, "spa": 31, "spd": 31, "spe": 31}, "item": "Heavy-Duty Boots", "teraType": "Electric", "role": "Fast Support", "bvs": {"hp": 85, "atk": 81, "def": 97, "spa": 121, "spd": 85, "spe": 101}, "stats": {"hp": 267, "atk": 134, "def": 201, "spa": 240, "spd": 182, "spe": 208}, "types": ["Electric", "Ground"]}, "Kricketune": {"name": "Kricketune", "species": "Kricketune", "speciesId": "kricketune", "gender": "F", "shiny": false, "level": 99, "moves": ["knockoff", "stickyweb", "pounce", "taunt"], "ability": "Technician", "evs": {"hp": 85, "atk": 85, "def": 85, "spa": 85, "spd": 85, "spe": 85}, "ivs": {"hp": 31, "atk": 31, "def": 31, "spa": 31, "spd": 31, "spe": 31}, "item": "Heavy-Duty Boots", "teraType": "Ghost", "role": "Fast Support", "bvs": {"hp": 77, "atk": 85, "def": 51, "spa": 55, "spd": 51, "spe": 65}, "stats": {"hp": 312, "atk": 224, "def": 157, "spa": 165, "spd": 157, "spe": 185}, "types": ["Bug"]}, "Excadrill": {"name": "Excadrill", "species": "Excadrill", "speciesId": "excadrill", "gender": "F", "shiny": false, "level": 79, "moves": ["swordsdance", "rapidspin", "earthquake", "ironhead"], "ability": "Mold Breaker", "evs": {"hp": 85, "atk": 85, "def": 85, "spa": 85, "spd": 85, "spe": 85}, "ivs": {"hp": 31, "atk": 31, "def": 31, "spa": 31, "spd": 31, "spe": 31}, "item": "Leftovers", "teraType": "Ground", "role": "Bulky Setup", "bvs": {"hp": 110, "atk": 135, "def": 60, "spa": 50, "spd": 65, "spe": 88}, "stats": {"hp": 303, "atk": 259, "def": 140, "spa": 125, "spd": 148, "spe": 185}, "types": ["Ground", "Steel"]}, "Hoopa": {"name": "Hoopa", "species": "Hoopa-Unbound", "speciesId": "hoopaunbound", "gender": "N", "shiny": false, "level": 80, "moves": ["gunkshot", "psychic", "focusblast", "hyperspacefury"], "ability": "Magician", "evs": {"hp": 85, "atk": 85, "def": 85, "spa": 85, "spd": 85, "spe": 85}, "ivs": {"hp": 31, "atk": 31, "def": 31, "spa": 31, "spd": 31, "spe": 31}, "item": "Assault Vest", "teraType": "Fighting", "role": "Bulky Attacker", "bvs": {"hp": 80, "atk": 160, "def": 60, "spa": 170, "spd": 130, "spe": 80}, "stats": {"hp": 259, "atk": 302, "def": 142, "spa": 318, "spd": 254, "spe": 174}, "types": ["Psychic", "Dark"]}, "Ursaring": {"name": "Ursaring", "species": "Ursaring", "speciesId": "ursaring", "gender": "F", "shiny": false, "level": 84, "moves": ["closecombat", "swordsdance", "facade", "throatchop"], "ability": "Quick Feet", "evs": {"hp": 85, "atk": 85, "def": 85, "spa": 85, "spd": 85, "spe": 85}, "ivs": {"hp": 31, "atk": 31, "def": 31, "spa": 31, "spd": 31, "spe": 31}, "item": "Toxic Orb", "teraType": "Normal", "role": "Setup Sweeper", "bvs": {"hp": 90, "atk": 130, "def": 75, "spa": 75, "spd": 75, "spe": 55}, "stats": {"hp": 288, "atk": 267, "def": 174, "spa": 174, "spd": 174, "spe": 141}, "types": ["Normal"]}}, {"Basculegion": {"name": "Basculegion", "species": "Basculegion", "speciesId": "basculegion", "gender": "M", "shiny": false, "level": 80, "moves": ["wavecrash", "flipturn", "aquajet", "shadowball"], "ability": "Adaptability", "evs": {"hp": 85, "atk": 85, "def": 85, "spa": 85, "spd": 85, "spe": 85}, "ivs": {"hp": 31, "atk": 31, "def": 31, "spa": 31, "spd": 31, "spe": 31}, "item": "Assault Vest", "teraType": "Water", "role": "AV Pivot", "bvs": {"hp": 120, "atk": 112, "def": 65, "spa": 80, "spd": 75, "spe": 78}, "stats": {"hp": 323, "atk": 225, "def": 150, "spa": 174, "spd": 166, "spe": 171}, "types": ["Water", "Ghost"]}, "Zamazenta": {"name": "Zamazenta", "species": "Zamazenta", "speciesId": "zamazenta", "gender": "N", "shiny": false, "level": 71, "moves": ["ironhead", "irondefense", "bodypress", "stoneedge"], "ability": "Dauntless Shield", "evs": {"hp": 85, "atk": 85, "def": 85, "spa": 85, "spd": 85, "spe": 85}, "ivs": {"hp": 31, "atk": 31, "def": 31, "spa": 31, "spd": 31, "spe": 31}, "item": "Leftovers", "teraType": "Steel", "role": "Bulky Setup", "bvs": {"hp": 92, "atk": 120, "def": 115, "spa": 80, "spd": 115, "spe": 138}, "stats": {"hp": 248, "atk": 212, "def": 205, "spa": 155, "spd": 205, "spe": 237}, "types": ["Fighting"]}, "Chesnaught": {"name": "Chesnaught", "species": "Chesnaught", "speciesId": "chesnaught", "gender": "F", "shiny": false, "level": 84, "moves": ["trailblaze", "synthesis", "irondefense", "bodypress"], "ability": "Bulletproof", "evs": {"hp": 85, "atk": 85, "def": 85, "spa": 85, "spd": 85, "spe": 85}, "ivs": {"hp": 31, "atk": 31, "def": 31, "spa": 31, "spd": 31, "spe": 31}, "item": "Leftovers", "teraType": "Steel", "role": "Fast Bulky Setup", "bvs": {"hp": 88, "atk": 107, "def": 122, "spa": 74, "spd": 75, "spe": 64}, "stats": {"hp": 285, "atk": 228, "def": 253, "spa": 173, "spd": 174, "spe": 156}, "types": ["Grass", "Fighting"]}, "Roaring Moon": {"name": "Roaring Moon", "species": "Roaring Moon", "speciesId": "roaringmoon", "gender": "N", "shiny": false, "level": 72, "moves": ["knockoff", "dragondance", "ironhead", "outrage"], "ability": "Protosynthesis", "evs": {"hp": 85, "atk": 85, "def": 85, "spa": 85, "spd": 85, "spe": 85}, "ivs": {"hp": 31, "atk": 31, "def": 31, "spa": 31, "spd": 31, "spe": 31}, "item": "Booster Energy", "teraType": "Steel", "role": "Fast Bulky Setup", "bvs": {"hp": 105, "atk": 139, "def": 71, "spa": 55, "spd": 101, "spe": 119}, "stats": {"hp": 270, "atk": 242, "def": 144, "spa": 121, "spd": 187, "spe": 213}, "types": ["Dragon", "Dark"]}, "Arceus": {"name": "Arceus", "species": "Arceus-Electric", "speciesId": "arceuselectric", "gender": "N", "shiny": false, "level": 70, "moves": ["judgment", "icebeam", "calmmind", "recover"], "ability": "Multitype", "evs": {"hp": 85, "atk": 0, "def": 85, "spa": 85, "spd": 85, "spe": 85}, "ivs": {"hp": 31, "atk": 0, "def": 31, "spa": 31, "spd": 31, "spe": 31}, "item": "Zap Plate", "teraType": "Ice", "role": "Bulky Setup", "bvs": {"hp": 120, "atk": 120, "def": 120, "spa": 120, "spd": 120, "spe": 120}, "stats": {"hp": 284, "atk": 173, "def": 209, "spa": 209, "spd": 209, "spe": 209}, "types": ["Electric"]}, "Ampharos": {"name": "Ampharos", "species": "Ampharos", "speciesId": "ampharos", "gender": "M", "shiny": false, "level": 88, "moves": ["thunderbolt", "focusblast", "dazzlinggleam", "agility"], "ability": "Static", "evs": {"hp": 85, "atk": 0, "def": 85, "spa": 85, "spd": 85, "spe": 85}, "ivs": {"hp": 31, "atk": 0, "def": 31, "spa": 31, "spd": 31, "spe": 31}, "item": "Life Orb", "teraType": "Electric", "role": "Wallbreaker", "bvs": {"hp": 90, "atk": 75, "def": 85, "spa": 115, "spd": 90, "spe": 55}, "stats": {"hp": 302, "atk": 137, "def": 200, "spa": 253, "spd": 209, "spe": 147}, "types": ["Electric"]}}]}