{"id": "gen9randombattle-2642098464", "format": "[Gen 9] Random Battle", "players": ["eldevereux", "testbotcif"], "log": "|j|\u2606eldevereux\n|j|\u2606testbotcif\n|t:|1782889545\n|gametype|singles\n|player|p1|eldevereux|wattson|1405\n|player|p2|testbotcif|1|1391\n|gen|9\n|tier|[Gen 9] Random Battle\n|rated|\n|rule|Species Clause: Limit one of each Pok\u00e9mon\n|rule|HP Percentage Mod: HP is shown in percentages\n|rule|Sleep Clause Mod: Limit one foe put to sleep\n|rule|Illusion Level Mod: Illusion disguises the Pok\u00e9mon's true level\n|\n|t:|1782889545\n|teamsize|p1|6\n|teamsize|p2|6\n|start\n|switch|p1a: Electrode|Electrode-Hisui, L87|246/246\n|switch|p2a: Torkoal|Torkoal, L88, M|266/266\n|-weather|SunnyDay|[from] ability: Drought|[of] p2a: Torkoal\n|turn|1\n|c|\u2606testbotcif|rlhf\n|inactive|Battle timer is ON: inactive players will automatically lose when time's up. (requested by testbotcif)\n|\n|t:|1782889560\n|move|p1a: Electrode|Leech Seed|p2a: Torkoal\n|-start|p2a: Torkoal|move: Leech Seed\n|move|p2a: Torkoal|Lava Plume|p1a: Electrode\n|-supereffective|p1a: Electrode\n|-damage|p1a: Electrode|0 fnt\n|faint|p1a: Electrode\n|\n|-weather|SunnyDay|[upkeep]\n|upkeep\n|\n|t:|1782889571\n|switch|p1a: Donphan|Donphan, L84, F|288/288\n|turn|2\n|\n|t:|1782889575\n|switch|p2a: Gogoat|Gogoat, L88, M|360/360\n|move|p1a: Donphan|Earthquake|p2a: Gogoat\n|-resisted|p2a: Gogoat\n|-damage|p2a: Gogoat|289/360\n|\n|-weather|SunnyDay|[upkeep]\n|-heal|p2a: Gogoat|311/360|[from] item: Leftovers\n|upkeep\n|turn|3\n|\n|t:|1782889585\n|switch|p1a: Oricorio|Oricorio, L84, M|263/263\n|move|p2a: Gogoat|Bulk Up|p2a: Gogoat\n|-boost|p2a: Gogoat|atk|1\n|-boost|p2a: Gogoat|def|1\n|\n|-weather|SunnyDay|[upkeep]\n|-heal|p2a: Gogoat|333/360|[from] item: Leftovers\n|upkeep\n|turn|4\n|\n|t:|1782889594\n|-terastallize|p2a: Gogoat|Water\n|move|p1a: Oricorio|Quiver Dance|p1a: Oricorio\n|-boost|p1a: Oricorio|spa|1\n|-boost|p1a: Oricorio|spd|1\n|-boost|p1a: Oricorio|spe|1\n|move|p2a: Gogoat|Rock Slide|p1a: Oricorio\n|-supereffective|p1a: Oricorio\n|-damage|p1a: Oricorio|0 fnt\n|faint|p1a: Oricorio\n|\n|-weather|SunnyDay|[upkeep]\n|-heal|p2a: Gogoat|355/360|[from] item: Leftovers\n|upkeep\n|-message|eldevereux forfeited.\n|\n|win|testbotcif\n|raw|eldevereux's rating: 1405 &rarr; <strong>1384</strong><br />(-21 for losing)\n|raw|testbotcif's rating: 1391 &rarr; <strong>1412</strong><br />(+21 for winning)\n", "inputlog": ">version f8ac14003a5f27e1bdc8d8c59608a773c1cb96e5\n>start {\"formatid\":\"gen9randombattle\",\"seed\":\"sodium,37ac81ea21d4423ea879253a3faa911e\",\"rated\":\"Rated battle\"}\n>player p1 {\"name\":\"eldevereux\",\"avatar\":\"wattson\",\"rating\":1405,\"seed\":\"sodium,2d57f31cd4b0fc0654d91bfb19d85634\"}\n>player p2 {\"name\":\"testbotcif\",\"avatar\":\"1\",\"rating\":1391,\"seed\":\"sodium,213079bb539fdc35fbffe93f47cde7e2\"}\n>chat \u2606testbotcif|rlhf\n>p1 move leechseed\n>p2 move lavaplume\n>p1 switch 4\n>p1 move earthquake\n>p2 switch 2\n>p1 switch 2\n>p2 move bulkup\n>p1 move quiverdance\n>p2 move rockslide terastallize\n>forcelose p1", "uploadtime": 1782889604, "views": 7, "formatid": "gen9randombattle", "rating": 1384, "private": 0, "password": null, "player_dets": [{"name": "eldevereux", "avatar": "wattson", "rating": 1405, "seed": "sodium,2d57f31cd4b0fc0654d91bfb19d85634"}, {"name": "testbotcif", "avatar": "1", "rating": 1391, "seed": "sodium,213079bb539fdc35fbffe93f47cde7e2"}], "teams_full": [{"Electrode": {"name": "Electrode", "species": "Electrode-Hisui", "speciesId": "electrodehisui", "gender": "N", "shiny": false, "level": 87, "moves": ["leechseed", "gigadrain", "thunderbolt", "substitute"], "ability": "Soundproof", "evs": {"hp": 85, "atk": 0, "def": 85, "spa": 85, "spd": 85, "spe": 85}, "ivs": {"hp": 31, "atk": 0, "def": 31, "spa": 31, "spd": 31, "spe": 31}, "item": "Leftovers", "teraType": "Poison", "role": "Fast Support", "bvs": {"hp": 60, "atk": 50, "def": 70, "spa": 80, "spd": 80, "spe": 150}, "stats": {"hp": 246, "atk": 92, "def": 172, "spa": 189, "spd": 189, "spe": 311}, "types": ["Electric", "Grass"]}, "Oricorio": {"name": "Oricorio", "species": "Oricorio", "speciesId": "oricorio", "gender": "M", "shiny": false, "level": 84, "moves": ["roost", "revelationdance", "hurricane", "quiverdance"], "ability": "Dancer", "evs": {"hp": 85, "atk": 0, "def": 85, "spa": 85, "spd": 85, "spe": 85}, "ivs": {"hp": 31, "atk": 0, "def": 31, "spa": 31, "spd": 31, "spe": 31}, "item": "Heavy-Duty Boots", "teraType": "Ground", "role": "Setup Sweeper", "bvs": {"hp": 75, "atk": 70, "def": 70, "spa": 98, "spd": 70, "spe": 93}, "stats": {"hp": 263, "atk": 122, "def": 166, "spa": 213, "spd": 166, "spe": 204}, "types": ["Fire", "Flying"]}, "Crawdaunt": {"name": "Crawdaunt", "species": "Crawdaunt", "speciesId": "crawdaunt", "gender": "M", "shiny": false, "level": 84, "moves": ["knockoff", "crabhammer", "dragondance", "closecombat"], "ability": "Adaptability", "evs": {"hp": 85, "atk": 85, "def": 85, "spa": 85, "spd": 85, "spe": 85}, "ivs": {"hp": 31, "atk": 31, "def": 31, "spa": 31, "spd": 31, "spe": 31}, "item": "Life Orb", "teraType": "Fighting", "role": "Fast Attacker", "bvs": {"hp": 63, "atk": 120, "def": 85, "spa": 90, "spd": 55, "spe": 55}, "stats": {"hp": 243, "atk": 250, "def": 191, "spa": 199, "spd": 141, "spe": 141}, "types": ["Water", "Dark"]}, "Donphan": {"name": "Donphan", "species": "Donphan", "speciesId": "donphan", "gender": "F", "shiny": false, "level": 84, "moves": ["rapidspin", "earthquake", "icespinner", "stealthrock"], "ability": "Sturdy", "evs": {"hp": 85, "atk": 85, "def": 85, "spa": 85, "spd": 85, "spe": 85}, "ivs": {"hp": 31, "atk": 31, "def": 31, "spa": 31, "spd": 31, "spe": 31}, "item": "Leftovers", "teraType": "Steel", "role": "Bulky Support", "bvs": {"hp": 90, "atk": 120, "def": 120, "spa": 60, "spd": 60, "spe": 50}, "stats": {"hp": 288, "atk": 250, "def": 250, "spa": 149, "spd": 149, "spe": 132}, "types": ["Ground"]}, "Brute Bonnet": {"name": "Brute Bonnet", "species": "Brute Bonnet", "speciesId": "brutebonnet", "gender": "N", "shiny": false, "level": 80, "moves": ["crunch", "seedbomb", "spore", "suckerpunch"], "ability": "Protosynthesis", "evs": {"hp": 85, "atk": 85, "def": 85, "spa": 85, "spd": 85, "spe": 85}, "ivs": {"hp": 31, "atk": 31, "def": 31, "spa": 31, "spd": 31, "spe": 31}, "item": "Leftovers", "teraType": "Dark", "role": "Bulky Support", "bvs": {"hp": 111, "atk": 127, "def": 99, "spa": 79, "spd": 99, "spe": 55}, "stats": {"hp": 309, "atk": 249, "def": 205, "spa": 173, "spd": 205, "spe": 134}, "types": ["Grass", "Dark"]}, "Regieleki": {"name": "Regieleki", "species": "Regieleki", "speciesId": "regieleki", "gender": "N", "shiny": false, "level": 79, "moves": ["voltswitch", "rapidspin", "terablast", "thunderbolt"], "ability": "Transistor", "evs": {"hp": 85, "atk": 85, "def": 85, "spa": 85, "spd": 85, "spe": 85}, "ivs": {"hp": 31, "atk": 31, "def": 31, "spa": 31, "spd": 31, "spe": 31}, "item": "Magnet", "teraType": "Ice", "role": "Tera Blast user", "bvs": {"hp": 80, "atk": 100, "def": 50, "spa": 100, "spd": 50, "spe": 200}, "stats": {"hp": 256, "atk": 204, "def": 125, "spa": 204, "spd": 125, "spe": 362}, "types": ["Electric"]}}, {"Torkoal": {"name": "Torkoal", "species": "Torkoal", "speciesId": "torkoal", "gender": "M", "shiny": false, "level": 88, "moves": ["rapidspin", "yawn", "lavaplume", "solarbeam"], "ability": "Drought", "evs": {"hp": 85, "atk": 85, "def": 85, "spa": 85, "spd": 85, "spe": 85}, "ivs": {"hp": 31, "atk": 31, "def": 31, "spa": 31, "spd": 31, "spe": 31}, "item": "Heavy-Duty Boots", "teraType": "Dragon", "role": "Bulky Support", "bvs": {"hp": 70, "atk": 85, "def": 140, "spa": 85, "spd": 70, "spe": 20}, "stats": {"hp": 266, "atk": 200, "def": 297, "spa": 200, "spd": 173, "spe": 85}, "types": ["Fire"]}, "Gogoat": {"name": "Gogoat", "species": "Gogoat", "speciesId": "gogoat", "gender": "M", "shiny": false, "level": 88, "moves": ["hornleech", "rockslide", "bulkup", "milkdrink"], "ability": "Sap Sipper", "evs": {"hp": 85, "atk": 85, "def": 85, "spa": 85, "spd": 85, "spe": 85}, "ivs": {"hp": 31, "atk": 31, "def": 31, "spa": 31, "spd": 31, "spe": 31}, "item": "Leftovers", "teraType": "Water", "role": "Bulky Setup", "bvs": {"hp": 123, "atk": 100, "def": 62, "spa": 97, "spd": 81, "spe": 68}, "stats": {"hp": 360, "atk": 226, "def": 159, "spa": 221, "spd": 193, "spe": 170}, "types": ["Grass"]}, "Noivern": {"name": "Noivern", "species": "Noivern", "speciesId": "noivern", "gender": "F", "shiny": false, "level": 82, "moves": ["boomburst", "dracometeor", "flamethrower", "hurricane"], "ability": "Infiltrator", "evs": {"hp": 85, "atk": 0, "def": 85, "spa": 85, "spd": 85, "spe": 85}, "ivs": {"hp": 31, "atk": 0, "def": 31, "spa": 31, "spd": 31, "spe": 31}, "item": "Choice Specs", "teraType": "Normal", "role": "Fast Attacker", "bvs": {"hp": 85, "atk": 70, "def": 80, "spa": 97, "spd": 80, "spe": 123}, "stats": {"hp": 274, "atk": 119, "def": 178, "spa": 206, "spd": 178, "spe": 249}, "types": ["Flying", "Dragon"]}, "Ariados": {"name": "Ariados", "species": "Ariados", "speciesId": "ariados", "gender": "F", "shiny": false, "level": 95, "moves": ["megahorn", "stickyweb", "suckerpunch", "poisonjab"], "ability": "Insomnia", "evs": {"hp": 85, "atk": 85, "def": 85, "spa": 85, "spd": 85, "spe": 85}, "ivs": {"hp": 31, "atk": 31, "def": 31, "spa": 31, "spd": 31, "spe": 31}, "item": "Heavy-Duty Boots", "teraType": "Ghost", "role": "Fast Support", "bvs": {"hp": 70, "atk": 90, "def": 70, "spa": 60, "spd": 70, "spe": 40}, "stats": {"hp": 287, "atk": 225, "def": 187, "spa": 168, "spd": 187, "spe": 130}, "types": ["Bug", "Poison"]}, "Slaking": {"name": "Slaking", "species": "Slaking", "speciesId": "slaking", "gender": "F", "shiny": false, "level": 84, "moves": ["gigaimpact", "knockoff", "doubleedge", "earthquake"], "ability": "Truant", "evs": {"hp": 85, "atk": 85, "def": 85, "spa": 85, "spd": 85, "spe": 85}, "ivs": {"hp": 31, "atk": 31, "def": 31, "spa": 31, "spd": 31, "spe": 31}, "item": "Choice Scarf", "teraType": "Normal", "role": "Fast Attacker", "bvs": {"hp": 150, "atk": 160, "def": 100, "spa": 95, "spd": 65, "spe": 100}, "stats": {"hp": 389, "atk": 317, "def": 216, "spa": 208, "spd": 157, "spe": 216}, "types": ["Normal"]}, "Lunala": {"name": "Lunala", "species": "Lunala", "speciesId": "lunala", "gender": "N", "shiny": false, "level": 70, "moves": ["calmmind", "moongeistbeam", "moonlight", "focusblast"], "ability": "Shadow Shield", "evs": {"hp": 85, "atk": 0, "def": 85, "spa": 85, "spd": 85, "spe": 85}, "ivs": {"hp": 31, "atk": 0, "def": 31, "spa": 31, "spd": 31, "spe": 31}, "item": "Leftovers", "teraType": "Fighting", "role": "Bulky Setup", "bvs": {"hp": 137, "atk": 113, "def": 89, "spa": 137, "spd": 107, "spe": 97}, "stats": {"hp": 308, "atk": 163, "def": 166, "spa": 233, "spd": 191, "spe": 177}, "types": ["Psychic", "Ghost"]}}]}