{"id": "gen9randombattle-2642168441", "format": "[Gen 9] Random Battle", "players": ["DIRTYSPRITE07", "forcemajor14"], "log": "|j|\u2606DIRTYSPRITE07\n|j|\u2606forcemajor14\n|t:|1782904339\n|gametype|singles\n|player|p1|DIRTYSPRITE07|volkner|2180\n|player|p2|forcemajor14|266|2158\n|gen|9\n|tier|[Gen 9] Random Battle\n|rated|\n|rule|Species Clause: Limit one of each Pok\u00e9mon\n|rule|HP Percentage Mod: HP is shown in percentages\n|rule|Sleep Clause Mod: Limit one foe put to sleep\n|rule|Illusion Level Mod: Illusion disguises the Pok\u00e9mon's true level\n|\n|t:|1782904339\n|teamsize|p1|6\n|teamsize|p2|6\n|start\n|switch|p1a: Girafarig|Girafarig, L89, M|269/269\n|switch|p2a: Mightyena|Mightyena, L96, F|290/290\n|-ability|p2a: Mightyena|Intimidate|boost\n|-unboost|p1a: Girafarig|atk|1\n|turn|1\n|inactive|Battle timer is ON: inactive players will automatically lose when time's up. (requested by forcemajor14)\n|inactive|DIRTYSPRITE07 has 120 seconds left.\n|\n|t:|1782904380\n|switch|p1a: Clefable|Clefable, L83, M|293/293\n|move|p2a: Mightyena|Crunch|p1a: Clefable\n|-resisted|p1a: Clefable\n|-damage|p1a: Clefable|232/293\n|\n|-heal|p1a: Clefable|250/293|[from] item: Leftovers\n|upkeep\n|turn|2\n|\n|t:|1782904403\n|-terastallize|p2a: Mightyena|Poison\n|move|p2a: Mightyena|Poison Fang|p1a: Clefable\n|-supereffective|p1a: Clefable\n|-damage|p1a: Clefable|74/293\n|move|p1a: Clefable|Moonblast|p2a: Mightyena\n|-resisted|p2a: Mightyena\n|-damage|p2a: Mightyena|254/290\n|\n|-heal|p1a: Clefable|92/293|[from] item: Leftovers\n|upkeep\n|turn|3\n|\n|t:|1782904411\n|switch|p1a: Magnezone|Magnezone, L85|258/258\n|move|p2a: Mightyena|Poison Fang|p1a: Magnezone\n|-immune|p1a: Magnezone\n|\n|upkeep\n|turn|4\n|\n|t:|1782904419\n|move|p2a: Mightyena|Super Fang|p1a: Magnezone\n|-damage|p1a: Magnezone|129/258\n|move|p1a: Magnezone|Thunderbolt|p2a: Mightyena\n|-damage|p2a: Mightyena|166/290\n|\n|-heal|p1a: Magnezone|145/258|[from] item: Leftovers\n|upkeep\n|turn|5\n|\n|t:|1782904428\n|switch|p2a: Spidops|Spidops, L96, M|271/271\n|move|p1a: Magnezone|Thunderbolt|p2a: Spidops\n|-damage|p2a: Spidops|162/271\n|\n|-heal|p1a: Magnezone|161/258|[from] item: Leftovers\n|upkeep\n|turn|6\n|inactive|DIRTYSPRITE07 has 120 seconds left.\n|\n|t:|1782904461\n|move|p1a: Magnezone|Thunderbolt|p2a: Spidops\n|-damage|p2a: Spidops|48/271\n|move|p2a: Spidops|Sticky Web|p1a: Magnezone\n|-sidestart|p1: DIRTYSPRITE07|move: Sticky Web\n|\n|-heal|p1a: Magnezone|177/258|[from] item: Leftovers\n|upkeep\n|turn|7\n|\n|t:|1782904467\n|switch|p2a: Bellibolt|Bellibolt, L84, F|320/320\n|move|p1a: Magnezone|Thunderbolt|p2a: Bellibolt\n|-resisted|p2a: Bellibolt\n|-damage|p2a: Bellibolt|258/320\n|-start|p2a: Bellibolt|Charge|Thunderbolt|[from] ability: Electromorphosis\n|\n|-heal|p1a: Magnezone|193/258|[from] item: Leftovers\n|-heal|p2a: Bellibolt|278/320|[from] item: Leftovers\n|upkeep\n|turn|8\n|\n|t:|1782904481\n|move|p1a: Magnezone|Iron Defense|p1a: Magnezone\n|-boost|p1a: Magnezone|def|2\n|move|p2a: Bellibolt|Thunderbolt|p1a: Magnezone\n|-resisted|p1a: Magnezone\n|-damage|p1a: Magnezone|94/258\n|-end|p2a: Bellibolt|Charge|[silent]\n|\n|-heal|p1a: Magnezone|110/258|[from] item: Leftovers\n|-heal|p2a: Bellibolt|298/320|[from] item: Leftovers\n|upkeep\n|turn|9\n|\n|t:|1782904487\n|move|p1a: Magnezone|Body Press|p2a: Bellibolt\n|-damage|p2a: Bellibolt|157/320\n|-start|p2a: Bellibolt|Charge|Body Press|[from] ability: Electromorphosis\n|move|p2a: Bellibolt|Thunderbolt|p1a: Magnezone\n|-resisted|p1a: Magnezone\n|-damage|p1a: Magnezone|10/258\n|-end|p2a: Bellibolt|Charge|[silent]\n|\n|-heal|p1a: Magnezone|26/258|[from] item: Leftovers\n|-heal|p2a: Bellibolt|177/320|[from] item: Leftovers\n|upkeep\n|turn|10\n|\n|t:|1782904493\n|move|p1a: Magnezone|Body Press|p2a: Bellibolt\n|-damage|p2a: Bellibolt|53/320\n|-start|p2a: Bellibolt|Charge|Body Press|[from] ability: Electromorphosis\n|move|p2a: Bellibolt|Slack Off|p2a: Bellibolt\n|-heal|p2a: Bellibolt|213/320\n|\n|-heal|p1a: Magnezone|42/258|[from] item: Leftovers\n|-heal|p2a: Bellibolt|233/320|[from] item: Leftovers\n|upkeep\n|turn|11\n|\n|t:|1782904497\n|move|p1a: Magnezone|Body Press|p2a: Bellibolt\n|-damage|p2a: Bellibolt|95/320\n|-start|p2a: Bellibolt|Charge|Body Press|[from] ability: Electromorphosis\n|move|p2a: Bellibolt|Slack Off|p2a: Bellibolt\n|-heal|p2a: Bellibolt|255/320\n|\n|-heal|p1a: Magnezone|58/258|[from] item: Leftovers\n|-heal|p2a: Bellibolt|275/320|[from] item: Leftovers\n|upkeep\n|turn|12\n|\n|t:|1782904508\n|move|p1a: Magnezone|Iron Defense|p1a: Magnezone\n|-boost|p1a: Magnezone|def|2\n|move|p2a: Bellibolt|Thunderbolt|p1a: Magnezone\n|-resisted|p1a: Magnezone\n|-damage|p1a: Magnezone|0 fnt\n|faint|p1a: Magnezone\n|-end|p2a: Bellibolt|Charge|[silent]\n|\n|-heal|p2a: Bellibolt|295/320|[from] item: Leftovers\n|upkeep\n|\n|t:|1782904517\n|switch|p1a: Gastrodon|Gastrodon-East, L86, F|331/331\n|-activate|p1a: Gastrodon|move: Sticky Web\n|-unboost|p1a: Gastrodon|spe|1\n|turn|13\n|\n|t:|1782904520\n|move|p2a: Bellibolt|Toxic|p1a: Gastrodon\n|-status|p1a: Gastrodon|tox\n|move|p1a: Gastrodon|Stealth Rock|p2a: Bellibolt\n|-sidestart|p2: forcemajor14|move: Stealth Rock\n|\n|-heal|p2a: Bellibolt|315/320|[from] item: Leftovers\n|-damage|p1a: Gastrodon|311/331 tox|[from] psn\n|upkeep\n|turn|14\n|\n|t:|1782904525\n|switch|p2a: Dudunsparce|Dudunsparce, L83, M|343/343\n|-damage|p2a: Dudunsparce|301/343|[from] Stealth Rock\n|move|p1a: Gastrodon|Earthquake|p2a: Dudunsparce\n|-damage|p2a: Dudunsparce|201/343\n|\n|-heal|p2a: Dudunsparce|222/343|[from] item: Leftovers\n|-heal|p1a: Gastrodon|331/331 tox|[from] item: Leftovers\n|-damage|p1a: Gastrodon|291/331 tox|[from] psn\n|upkeep\n|turn|15\n|\n|t:|1782904548\n|switch|p1a: Bronzong|Bronzong, L88|261/261\n|move|p2a: Dudunsparce|Boomburst|p1a: Bronzong\n|-resisted|p1a: Bronzong\n|-damage|p1a: Bronzong|208/261\n|\n|-heal|p2a: Dudunsparce|243/343|[from] item: Leftovers\n|upkeep\n|turn|16\n|\n|t:|1782904558\n|switch|p2a: Spidops|Spidops, L96, M|48/271\n|move|p1a: Bronzong|Iron Defense|p1a: Bronzong\n|-boost|p1a: Bronzong|def|2\n|\n|upkeep\n|turn|17\n|\n|t:|1782904568\n|move|p2a: Spidops|Toxic Spikes|p1a: Bronzong\n|-sidestart|p1: DIRTYSPRITE07|move: Toxic Spikes\n|move|p1a: Bronzong|Iron Head|p2a: Spidops\n|-damage|p2a: Spidops|0 fnt\n|faint|p2a: Spidops\n|\n|upkeep\n|\n|t:|1782904569\n|switch|p2a: Noctowl|Noctowl, L95, M|344/344\n|turn|18\n|\n|t:|1782904577\n|move|p2a: Noctowl|Nasty Plot|p2a: Noctowl\n|-boost|p2a: Noctowl|spa|2\n|move|p1a: Bronzong|Body Press|p2a: Noctowl\n|-damage|p2a: Noctowl|158/344\n|\n|upkeep\n|turn|19\n|\n|t:|1782904583\n|move|p2a: Noctowl|Hurricane|p1a: Bronzong\n|-resisted|p1a: Bronzong\n|-damage|p1a: Bronzong|0 fnt\n|faint|p1a: Bronzong\n|\n|upkeep\n|\n|t:|1782904592\n|switch|p1a: Tentacruel|Tentacruel, L84, F|272/272\n|-activate|p1a: Tentacruel|move: Sticky Web\n|-unboost|p1a: Tentacruel|spe|1\n|-sideend|p1: DIRTYSPRITE07|move: Toxic Spikes|[of] p1a: Tentacruel\n|turn|20\n|\n|t:|1782904595\n|move|p2a: Noctowl|Hurricane|p1a: Tentacruel\n|-damage|p1a: Tentacruel|140/272\n|move|p1a: Tentacruel|Rapid Spin|p2a: Noctowl\n|-damage|p2a: Noctowl|120/344\n|-boost|p1a: Tentacruel|spe|1\n|-sideend|p1: DIRTYSPRITE07|Sticky Web|[from] move: Rapid Spin|[of] p1a: Tentacruel\n|\n|upkeep\n|turn|21\n|\n|t:|1782904606\n|switch|p2a: Regice|Regice, L88|284/284\n|move|p1a: Tentacruel|Knock Off|p2a: Regice\n|-damage|p2a: Regice|235/284\n|-enditem|p2a: Regice|Heavy-Duty Boots|[from] move: Knock Off|[of] p1a: Tentacruel\n|\n|upkeep\n|turn|22\n|l|\u2606forcemajor14\n|inactive|forcemajor14 disconnected and has a minute to reconnect!\n|player|p2|\n|j|\u2606forcemajor14\n|inactive|forcemajor14 reconnected.\n|player|p2|forcemajor14|266|\n|inactive|DIRTYSPRITE07 has 120 seconds left.\n|\n|t:|1782904644\n|move|p1a: Tentacruel|Sludge Bomb|p2a: Regice\n|-damage|p2a: Regice|195/284\n|-status|p2a: Regice|psn\n|move|p2a: Regice|Thunderbolt|p1a: Tentacruel\n|-supereffective|p1a: Tentacruel\n|-damage|p1a: Tentacruel|66/272\n|\n|-damage|p2a: Regice|160/284 psn|[from] psn\n|upkeep\n|turn|23\n|inactive|DIRTYSPRITE07 has 120 seconds left.\n|\n|t:|1782904659\n|move|p1a: Tentacruel|Sludge Bomb|p2a: Regice\n|-damage|p2a: Regice|121/284 psn\n|move|p2a: Regice|Thunderbolt|p1a: Tentacruel\n|-supereffective|p1a: Tentacruel\n|-damage|p1a: Tentacruel|0 fnt\n|faint|p1a: Tentacruel\n|\n|-damage|p2a: Regice|86/284 psn|[from] psn\n|upkeep\n|\n|t:|1782904670\n|switch|p1a: Clefable|Clefable, L83, M|92/293\n|turn|24\n|\n|t:|1782904676\n|move|p1a: Clefable|Moonlight|p1a: Clefable\n|-heal|p1a: Clefable|238/293\n|move|p2a: Regice|Ice Beam|p1a: Clefable\n|-damage|p1a: Clefable|133/293\n|\n|-heal|p1a: Clefable|151/293|[from] item: Leftovers\n|-damage|p2a: Regice|51/284 psn|[from] psn\n|upkeep\n|turn|25\n|inactive|DIRTYSPRITE07 has 120 seconds left.\n|\n|t:|1782904683\n|move|p1a: Clefable|Calm Mind|p1a: Clefable\n|-boost|p1a: Clefable|spa|1\n|-boost|p1a: Clefable|spd|1\n|move|p2a: Regice|Thunder Wave|p1a: Clefable\n|-status|p1a: Clefable|par\n|\n|-heal|p1a: Clefable|169/293 par|[from] item: Leftovers\n|-damage|p2a: Regice|16/284 psn|[from] psn\n|upkeep\n|turn|26\n|\n|t:|1782904687\n|move|p2a: Regice|Ice Beam|p1a: Clefable\n|-damage|p1a: Clefable|96/293 par\n|cant|p1a: Clefable|par\n|\n|-heal|p1a: Clefable|114/293 par|[from] item: Leftovers\n|-damage|p2a: Regice|0 fnt|[from] psn\n|faint|p2a: Regice\n|upkeep\n|\n|t:|1782904690\n|switch|p2a: Mightyena|Mightyena, L96, F, tera:Poison|166/290\n|-damage|p2a: Mightyena|130/290|[from] Stealth Rock\n|-ability|p2a: Mightyena|Intimidate|boost\n|-unboost|p1a: Clefable|atk|1\n|turn|27\n|\n|t:|1782904705\n|move|p2a: Mightyena|Poison Fang|p1a: Clefable\n|-supereffective|p1a: Clefable\n|-damage|p1a: Clefable|0 fnt\n|faint|p1a: Clefable\n|\n|upkeep\n|\n|t:|1782904707\n|switch|p1a: Girafarig|Girafarig, L89, M|269/269\n|turn|28\n|\n|t:|1782904713\n|-terastallize|p1a: Girafarig|Normal\n|move|p1a: Girafarig|Nasty Plot|p1a: Girafarig\n|-boost|p1a: Girafarig|spa|2\n|move|p2a: Mightyena|Play Rough|p1a: Girafarig|[miss]\n|-miss|p2a: Mightyena|p1a: Girafarig\n|\n|upkeep\n|turn|29\n|\n|t:|1782904721\n|move|p1a: Girafarig|Hyper Voice|p2a: Mightyena\n|-damage|p2a: Mightyena|0 fnt\n|faint|p2a: Mightyena\n|\n|upkeep\n|\n|t:|1782904724\n|switch|p2a: Dudunsparce|Dudunsparce, L83, M|243/343\n|-damage|p2a: Dudunsparce|201/343|[from] Stealth Rock\n|turn|30\n|\n|t:|1782904734\n|move|p1a: Girafarig|Psyshock|p2a: Dudunsparce\n|-damage|p2a: Dudunsparce|6/343\n|move|p2a: Dudunsparce|Roost|p2a: Dudunsparce\n|-heal|p2a: Dudunsparce|178/343\n|-singleturn|p2a: Dudunsparce|move: Roost\n|\n|-heal|p2a: Dudunsparce|199/343|[from] item: Leftovers\n|upkeep\n|turn|31\n|\n|t:|1782904738\n|move|p1a: Girafarig|Hyper Voice|p2a: Dudunsparce\n|-damage|p2a: Dudunsparce|0 fnt\n|faint|p2a: Dudunsparce\n|\n|upkeep\n|\n|t:|1782904741\n|switch|p2a: Bellibolt|Bellibolt, L84, F|315/320\n|-damage|p2a: Bellibolt|275/320|[from] Stealth Rock\n|turn|32\n|\n|t:|1782904746\n|move|p1a: Girafarig|Hyper Voice|p2a: Bellibolt\n|-crit|p2a: Bellibolt\n|-damage|p2a: Bellibolt|0 fnt\n|faint|p2a: Bellibolt\n|\n|upkeep\n|\n|t:|1782904747\n|switch|p2a: Noctowl|Noctowl, L95, M|120/344\n|turn|33\n|\n|t:|1782904755\n|move|p1a: Girafarig|Hyper Voice|p2a: Noctowl\n|-damage|p2a: Noctowl|0 fnt\n|faint|p2a: Noctowl\n|\n|win|DIRTYSPRITE07\n|raw|DIRTYSPRITE07's rating: 2180 &rarr; <strong>2197</strong><br />(+17 for winning)\n|raw|forcemajor14's rating: 2125 &rarr; <strong>2108</strong><br />(-17 for losing)\n", "inputlog": ">version f8ac14003a5f27e1bdc8d8c59608a773c1cb96e5\n>start {\"formatid\":\"gen9randombattle\",\"seed\":\"sodium,1b0a3868efad64a7d3befe219148493b\",\"rated\":\"Rated battle\"}\n>player p1 {\"name\":\"DIRTYSPRITE07\",\"avatar\":\"volkner\",\"rating\":2180,\"seed\":\"sodium,821f66dd846ad11c4dc0b76fe55296f0\"}\n>player p2 {\"name\":\"forcemajor14\",\"avatar\":\"266\",\"rating\":2158,\"seed\":\"sodium,cefb8ef54d66b3a3a95aa76122b2ee5a\"}\n>p1 switch 5\n>p2 move crunch\n>p1 move moonblast\n>p2 move poisonfang terastallize\n>p1 switch 2\n>p2 move poisonfang\n>p1 move thunderbolt\n>p2 move superfang\n>p1 move thunderbolt\n>p2 switch 4\n>p1 move thunderbolt\n>p2 move stickyweb\n>p1 move thunderbolt\n>p2 switch 5\n>p1 move irondefense\n>p2 move thunderbolt\n>p1 move bodypress\n>p2 move thunderbolt\n>p1 move bodypress\n>p2 move slackoff\n>p1 move bodypress\n>p2 move slackoff\n>p1 move irondefense\n>p2 move thunderbolt\n>p1 switch 6\n>p1 move stealthrock\n>p2 move toxic\n>p1 move earthquake\n>p2 switch 3\n>p1 switch 4\n>p2 move boomburst\n>p1 move irondefense\n>p2 switch 5\n>p1 move ironhead\n>p2 move toxicspikes\n>p2 switch 6\n>p1 move bodypress\n>p2 move nastyplot\n>p1 move bodypress\n>p2 move hurricane\n>p1 switch 3\n>p1 move rapidspin\n>p2 move hurricane\n>p1 move knockoff\n>p2 switch 2\n>p1 move sludgebomb\n>p2 move thunderbolt\n>p1 move sludgebomb\n>p2 move thunderbolt\n>p1 switch 2\n>p1 move moonlight\n>p2 move icebeam\n>p1 move calmmind\n>p2 move thunderwave\n>p1 move moonlight\n>p2 move icebeam\n>p2 switch 4\n>p1 move fireblast\n>p2 move poisonfang\n>p1 switch 5\n>p1 move nastyplot terastallize\n>p2 move playrough\n>p1 move hypervoice\n>p2 move playrough\n>p2 switch 5\n>p1 move psyshock\n>p2 move roost\n>p1 move hypervoice\n>p2 move roost\n>p2 switch 3\n>p1 move hypervoice\n>p2 move thunderbolt\n>p2 switch 2\n>p1 move hypervoice\n>p2 move hurricane", "uploadtime": 1782904755, "views": 6, "formatid": "gen9randombattle", "rating": 2108, "private": 0, "password": null, "player_dets": [{"name": "DIRTYSPRITE07", "avatar": "volkner", "rating": 2180, "seed": "sodium,821f66dd846ad11c4dc0b76fe55296f0"}, {"name": "forcemajor14", "avatar": "266", "rating": 2158, "seed": "sodium,cefb8ef54d66b3a3a95aa76122b2ee5a"}], "teams_full": [{"Girafarig": {"name": "Girafarig", "species": "Girafarig", "speciesId": "girafarig", "gender": "M", "shiny": false, "level": 89, "moves": ["hypervoice", "nastyplot", "psyshock", "thunderbolt"], "ability": "Sap Sipper", "evs": {"hp": 85, "atk": 0, "def": 85, "spa": 85, "spd": 85, "spe": 85}, "ivs": {"hp": 31, "atk": 0, "def": 31, "spa": 31, "spd": 31, "spe": 31}, "item": "Eviolite", "teraType": "Normal", "role": "Fast Bulky Setup", "bvs": {"hp": 70, "atk": 80, "def": 65, "spa": 90, "spd": 65, "spe": 85}, "stats": {"hp": 269, "atk": 147, "def": 166, "spa": 211, "spd": 166, "spe": 202}, "types": ["Normal", "Psychic"]}, "Magnezone": {"name": "Magnezone", "species": "Magnezone", "speciesId": "magnezone", "gender": "N", "shiny": false, "level": 85, "moves": ["flashcannon", "irondefense", "thunderbolt", "bodypress"], "ability": "Magnet Pull", "evs": {"hp": 85, "atk": 0, "def": 85, "spa": 85, "spd": 85, "spe": 85}, "ivs": {"hp": 31, "atk": 0, "def": 31, "spa": 31, "spd": 31, "spe": 31}, "item": "Leftovers", "teraType": "Fighting", "role": "Bulky Setup", "bvs": {"hp": 70, "atk": 70, "def": 115, "spa": 130, "spd": 90, "spe": 60}, "stats": {"hp": 258, "atk": 124, "def": 244, "spa": 270, "spd": 202, "spe": 151}, "types": ["Electric", "Steel"]}, "Tentacruel": {"name": "Tentacruel", "species": "Tentacruel", "speciesId": "tentacruel", "gender": "F", "shiny": false, "level": 84, "moves": ["sludgebomb", "surf", "rapidspin", "knockoff"], "ability": "Liquid Ooze", "evs": {"hp": 85, "atk": 85, "def": 85, "spa": 85, "spd": 85, "spe": 85}, "ivs": {"hp": 31, "atk": 31, "def": 31, "spa": 31, "spd": 31, "spe": 31}, "item": "Assault Vest", "teraType": "Flying", "role": "Bulky Support", "bvs": {"hp": 80, "atk": 70, "def": 65, "spa": 80, "spd": 120, "spe": 100}, "stats": {"hp": 272, "atk": 166, "def": 157, "spa": 183, "spd": 250, "spe": 216}, "types": ["Water", "Poison"]}, "Bronzong": {"name": "Bronzong", "species": "Bronzong", "speciesId": "bronzong", "gender": "N", "shiny": false, "level": 88, "moves": ["bodypress", "rest", "irondefense", "ironhead"], "ability": "Levitate", "evs": {"hp": 85, "atk": 85, "def": 85, "spa": 85, "spd": 85, "spe": 85}, "ivs": {"hp": 31, "atk": 31, "def": 31, "spa": 31, "spd": 31, "spe": 31}, "item": "Chesto Berry", "teraType": "Fighting", "role": "Bulky Setup", "bvs": {"hp": 67, "atk": 89, "def": 116, "spa": 79, "spd": 116, "spe": 33}, "stats": {"hp": 261, "atk": 207, "def": 254, "spa": 189, "spd": 254, "spe": 108}, "types": ["Steel", "Psychic"]}, "Clefable": {"name": "Clefable", "species": "Clefable", "speciesId": "clefable", "gender": "M", "shiny": false, "level": 83, "moves": ["moonblast", "calmmind", "moonlight", "fireblast"], "ability": "Unaware", "evs": {"hp": 85, "atk": 0, "def": 85, "spa": 85, "spd": 85, "spe": 85}, "ivs": {"hp": 31, "atk": 0, "def": 31, "spa": 31, "spd": 31, "spe": 31}, "item": "Leftovers", "teraType": "Steel", "role": "Bulky Setup", "bvs": {"hp": 95, "atk": 70, "def": 73, "spa": 95, "spd": 90, "spe": 60}, "stats": {"hp": 293, "atk": 121, "def": 169, "spa": 205, "spd": 197, "spe": 147}, "types": ["Fairy"]}, "Gastrodon": {"name": "Gastrodon", "species": "Gastrodon-East", "speciesId": "gastrodon", "gender": "F", "shiny": false, "level": 86, "moves": ["recover", "stealthrock", "earthquake", "surf"], "ability": "Storm Drain", "evs": {"hp": 85, "atk": 85, "def": 85, "spa": 85, "spd": 85, "spe": 85}, "ivs": {"hp": 31, "atk": 31, "def": 31, "spa": 31, "spd": 31, "spe": 31}, "item": "Leftovers", "teraType": "Steel", "role": "Bulky Attacker", "bvs": {"hp": 111, "atk": 83, "def": 68, "spa": 92, "spd": 82, "spe": 39}, "stats": {"hp": 331, "atk": 192, "def": 166, "spa": 207, "spd": 190, "spe": 116}, "types": ["Water", "Ground"]}}, {"Mightyena": {"name": "Mightyena", "species": "Mightyena", "speciesId": "mightyena", "gender": "F", "shiny": false, "level": 96, "moves": ["poisonfang", "playrough", "crunch", "superfang"], "ability": "Intimidate", "evs": {"hp": 85, "atk": 85, "def": 85, "spa": 85, "spd": 85, "spe": 85}, "ivs": {"hp": 31, "atk": 31, "def": 31, "spa": 31, "spd": 31, "spe": 31}, "item": "Assault Vest", "teraType": "Poison", "role": "AV Pivot", "bvs": {"hp": 70, "atk": 90, "def": 70, "spa": 60, "spd": 60, "spe": 70}, "stats": {"hp": 290, "atk": 227, "def": 189, "spa": 170, "spd": 170, "spe": 189}, "types": ["Dark"]}, "Regice": {"name": "Regice", "species": "Regice", "speciesId": "regice", "gender": "N", "shiny": false, "level": 88, "moves": ["icebeam", "thunderwave", "bodypress", "thunderbolt"], "ability": "Clear Body", "evs": {"hp": 85, "atk": 0, "def": 85, "spa": 85, "spd": 85, "spe": 85}, "ivs": {"hp": 31, "atk": 0, "def": 31, "spa": 31, "spd": 31, "spe": 31}, "item": "Heavy-Duty Boots", "teraType": "Electric", "role": "Bulky Attacker", "bvs": {"hp": 80, "atk": 50, "def": 100, "spa": 100, "spd": 200, "spe": 50}, "stats": {"hp": 284, "atk": 93, "def": 226, "spa": 226, "spd": 402, "spe": 138}, "types": ["Ice"]}, "Dudunsparce": {"name": "Dudunsparce", "species": "Dudunsparce", "speciesId": "dudunsparce", "gender": "M", "shiny": false, "level": 83, "moves": ["earthquake", "roost", "toxic", "boomburst"], "ability": "Rattled", "evs": {"hp": 85, "atk": 85, "def": 85, "spa": 85, "spd": 85, "spe": 85}, "ivs": {"hp": 31, "atk": 31, "def": 31, "spa": 31, "spd": 31, "spe": 31}, "item": "Leftovers", "teraType": "Poison", "role": "Bulky Attacker", "bvs": {"hp": 125, "atk": 100, "def": 80, "spa": 85, "spd": 75, "spe": 55}, "stats": {"hp": 343, "atk": 214, "def": 180, "spa": 189, "spd": 172, "spe": 139}, "types": ["Normal"]}, "Spidops": {"name": "Spidops", "species": "Spidops", "speciesId": "spidops", "gender": "M", "shiny": false, "level": 96, "moves": ["stickyweb", "spikes", "circlethrow", "toxicspikes"], "ability": "Stakeout", "evs": {"hp": 85, "atk": 85, "def": 85, "spa": 85, "spd": 85, "spe": 85}, "ivs": {"hp": 31, "atk": 31, "def": 31, "spa": 31, "spd": 31, "spe": 31}, "item": "Heavy-Duty Boots", "teraType": "Ghost", "role": "Bulky Support", "bvs": {"hp": 60, "atk": 79, "def": 92, "spa": 52, "spd": 86, "spe": 35}, "stats": {"hp": 271, "atk": 206, "def": 231, "spa": 154, "spd": 220, "spe": 122}, "types": ["Bug"]}, "Bellibolt": {"name": "Bellibolt", "species": "Bellibolt", "speciesId": "bellibolt", "gender": "F", "shiny": false, "level": 84, "moves": ["toxic", "thunderbolt", "muddywater", "slackoff"], "ability": "Electromorphosis", "evs": {"hp": 85, "atk": 0, "def": 85, "spa": 85, "spd": 85, "spe": 85}, "ivs": {"hp": 31, "atk": 0, "def": 31, "spa": 31, "spd": 31, "spe": 31}, "item": "Leftovers", "teraType": "Electric", "role": "Bulky Attacker", "bvs": {"hp": 109, "atk": 64, "def": 91, "spa": 103, "spd": 83, "spe": 45}, "stats": {"hp": 320, "atk": 112, "def": 201, "spa": 221, "spd": 188, "spe": 124}, "types": ["Electric"]}, "Noctowl": {"name": "Noctowl", "species": "Noctowl", "speciesId": "noctowl", "gender": "M", "shiny": false, "level": 95, "moves": ["roost", "hurricane", "nastyplot", "hypervoice"], "ability": "Tinted Lens", "evs": {"hp": 85, "atk": 0, "def": 85, "spa": 85, "spd": 85, "spe": 85}, "ivs": {"hp": 31, "atk": 0, "def": 31, "spa": 31, "spd": 31, "spe": 31}, "item": "Heavy-Duty Boots", "teraType": "Normal", "role": "Bulky Attacker", "bvs": {"hp": 100, "atk": 50, "def": 50, "spa": 86, "spd": 96, "spe": 70}, "stats": {"hp": 344, "atk": 100, "def": 149, "spa": 217, "spd": 236, "spe": 187}, "types": ["Normal", "Flying"]}}]}