{"id": "gen9randombattle-2642094330", "format": "[Gen 9] Random Battle", "players": ["the man245", "jnpr010334"], "log": "|j|\u2606the man245\n|j|\u2606jnpr010334\n|t:|1782888628\n|gametype|singles\n|player|p1|the man245|volkner|1931\n|player|p2|jnpr010334|265|1951\n|gen|9\n|tier|[Gen 9] Random Battle\n|rated|\n|rule|Species Clause: Limit one of each Pok\u00e9mon\n|rule|HP Percentage Mod: HP is shown in percentages\n|rule|Sleep Clause Mod: Limit one foe put to sleep\n|rule|Illusion Level Mod: Illusion disguises the Pok\u00e9mon's true level\n|\n|t:|1782888628\n|teamsize|p1|6\n|teamsize|p2|6\n|start\n|switch|p1a: Tatsugiri|Tatsugiri, L87, F|260/260\n|switch|p2a: Donphan|Donphan, L84, F|288/288\n|turn|1\n|inactive|Battle timer is ON: inactive players will automatically lose when time's up. (requested by jnpr010334)\n|\n|t:|1782888636\n|switch|p2a: Iron Crown|Iron Crown, L78|268/268\n|move|p1a: Tatsugiri|Hydro Pump|p2a: Iron Crown\n|-damage|p2a: Iron Crown|145/268\n|\n|upkeep\n|turn|2\n|\n|t:|1782888652\n|move|p2a: Iron Crown|Psyshock|p1a: Tatsugiri\n|-damage|p1a: Tatsugiri|101/260\n|move|p1a: Tatsugiri|Rapid Spin|p2a: Iron Crown\n|-resisted|p2a: Iron Crown\n|-crit|p2a: Iron Crown\n|-damage|p2a: Iron Crown|129/268\n|-boost|p1a: Tatsugiri|spe|1\n|\n|upkeep\n|turn|3\n|\n|t:|1782888659\n|move|p1a: Tatsugiri|Hydro Pump|p2a: Iron Crown\n|-damage|p2a: Iron Crown|0 fnt\n|faint|p2a: Iron Crown\n|-end|p2a: Iron Crown|Quark Drive|[silent]\n|\n|upkeep\n|\n|t:|1782888660\n|switch|p2a: Arceus|Arceus-Fairy, L69|280/280\n|turn|4\n|\n|t:|1782888666\n|switch|p1a: Pecharunt|Pecharunt, L77|262/262\n|move|p2a: Arceus|Calm Mind|p2a: Arceus\n|-boost|p2a: Arceus|spa|1\n|-boost|p2a: Arceus|spd|1\n|\n|upkeep\n|turn|5\n|\n|t:|1782888672\n|move|p2a: Arceus|Earth Power|p1a: Pecharunt\n|-supereffective|p1a: Pecharunt\n|-damage|p1a: Pecharunt|108/262\n|move|p1a: Pecharunt|Malignant Chain|p2a: Arceus\n|-supereffective|p2a: Arceus\n|-damage|p2a: Arceus|170/280\n|\n|-heal|p1a: Pecharunt|124/262|[from] item: Leftovers\n|upkeep\n|turn|6\n|\n|t:|1782888686\n|switch|p1a: Regice|Regice, L88|284/284\n|move|p2a: Arceus|Earth Power|p1a: Regice\n|-damage|p1a: Regice|248/284\n|\n|upkeep\n|turn|7\n|\n|t:|1782888691\n|move|p2a: Arceus|Recover|p2a: Arceus\n|-heal|p2a: Arceus|280/280\n|move|p1a: Regice|Ice Beam|p2a: Arceus\n|-damage|p2a: Arceus|207/280\n|\n|upkeep\n|turn|8\n|\n|t:|1782888695\n|switch|p1a: Volcarona|Volcarona, L77, F|257/257\n|move|p2a: Arceus|Calm Mind|p2a: Arceus\n|-boost|p2a: Arceus|spa|1\n|-boost|p2a: Arceus|spd|1\n|\n|upkeep\n|turn|9\n|\n|t:|1782888699\n|move|p2a: Arceus|Calm Mind|p2a: Arceus\n|-boost|p2a: Arceus|spa|1\n|-boost|p2a: Arceus|spd|1\n|move|p1a: Volcarona|Quiver Dance|p1a: Volcarona\n|-boost|p1a: Volcarona|spa|1\n|-boost|p1a: Volcarona|spd|1\n|-boost|p1a: Volcarona|spe|1\n|\n|upkeep\n|turn|10\n|\n|t:|1782888703\n|move|p1a: Volcarona|Quiver Dance|p1a: Volcarona\n|-boost|p1a: Volcarona|spa|1\n|-boost|p1a: Volcarona|spd|1\n|-boost|p1a: Volcarona|spe|1\n|move|p2a: Arceus|Calm Mind|p2a: Arceus\n|-boost|p2a: Arceus|spa|1\n|-boost|p2a: Arceus|spd|1\n|\n|upkeep\n|turn|11\n|\n|t:|1782888706\n|move|p1a: Volcarona|Quiver Dance|p1a: Volcarona\n|-boost|p1a: Volcarona|spa|1\n|-boost|p1a: Volcarona|spd|1\n|-boost|p1a: Volcarona|spe|1\n|move|p2a: Arceus|Recover|p2a: Arceus\n|-heal|p2a: Arceus|280/280\n|\n|upkeep\n|turn|12\n|\n|t:|1782888711\n|move|p1a: Volcarona|Fire Blast|p2a: Arceus\n|-damage|p2a: Arceus|187/280\n|move|p2a: Arceus|Calm Mind|p2a: Arceus\n|-boost|p2a: Arceus|spa|1\n|-boost|p2a: Arceus|spd|1\n|\n|upkeep\n|turn|13\n|\n|t:|1782888715\n|move|p1a: Volcarona|Quiver Dance|p1a: Volcarona\n|-boost|p1a: Volcarona|spa|1\n|-boost|p1a: Volcarona|spd|1\n|-boost|p1a: Volcarona|spe|1\n|move|p2a: Arceus|Recover|p2a: Arceus\n|-heal|p2a: Arceus|280/280\n|\n|upkeep\n|turn|14\n|\n|t:|1782888721\n|move|p1a: Volcarona|Quiver Dance|p1a: Volcarona\n|-boost|p1a: Volcarona|spa|1\n|-boost|p1a: Volcarona|spd|1\n|-boost|p1a: Volcarona|spe|1\n|move|p2a: Arceus|Judgment|p1a: Volcarona\n|-resisted|p1a: Volcarona\n|-damage|p1a: Volcarona|210/257\n|\n|upkeep\n|turn|15\n|\n|t:|1782888725\n|move|p1a: Volcarona|Quiver Dance|p1a: Volcarona\n|-boost|p1a: Volcarona|spa|1\n|-boost|p1a: Volcarona|spd|1\n|-boost|p1a: Volcarona|spe|1\n|move|p2a: Arceus|Judgment|p1a: Volcarona\n|-resisted|p1a: Volcarona\n|-damage|p1a: Volcarona|168/257\n|\n|upkeep\n|turn|16\n|\n|t:|1782888732\n|move|p1a: Volcarona|Fire Blast|p2a: Arceus\n|-damage|p2a: Arceus|136/280\n|-status|p2a: Arceus|brn\n|move|p2a: Arceus|Judgment|p1a: Volcarona\n|-resisted|p1a: Volcarona\n|-damage|p1a: Volcarona|127/257\n|\n|-damage|p2a: Arceus|119/280 brn|[from] brn\n|upkeep\n|turn|17\n|\n|t:|1782888738\n|move|p1a: Volcarona|Fire Blast|p2a: Arceus\n|-damage|p2a: Arceus|0 fnt\n|faint|p2a: Arceus\n|\n|upkeep\n|\n|t:|1782888741\n|switch|p2a: Donphan|Donphan, L84, F|288/288\n|turn|18\n|\n|t:|1782888745\n|move|p1a: Volcarona|Giga Drain|p2a: Donphan\n|-supereffective|p2a: Donphan\n|-ability|p2a: Donphan|Sturdy\n|-damage|p2a: Donphan|1/288\n|-heal|p1a: Volcarona|257/257|[from] drain|[of] p2a: Donphan\n|move|p2a: Donphan|Earthquake|p1a: Volcarona\n|-damage|p1a: Volcarona|97/257\n|\n|upkeep\n|turn|19\n|\n|t:|1782888753\n|move|p2a: Donphan|Ice Shard|p1a: Volcarona\n|-resisted|p1a: Volcarona\n|-damage|p1a: Volcarona|73/257\n|move|p1a: Volcarona|Giga Drain|p2a: Donphan\n|-supereffective|p2a: Donphan\n|-damage|p2a: Donphan|0 fnt\n|-heal|p1a: Volcarona|74/257|[from] drain|[of] p2a: Donphan\n|faint|p2a: Donphan\n|\n|upkeep\n|\n|t:|1782888755\n|switch|p2a: Skuntank|Skuntank, L84, M|310/310\n|turn|20\n|\n|t:|1782888765\n|move|p2a: Skuntank|Sucker Punch|p1a: Volcarona\n|-damage|p1a: Volcarona|0 fnt\n|faint|p1a: Volcarona\n|-damage|p2a: Skuntank|279/310|[from] item: Life Orb\n|\n|upkeep\n|\n|t:|1782888775\n|switch|p1a: Golem|Golem-Alola, L93, F|300/300\n|turn|21\n|\n|t:|1782888779\n|switch|p2a: Great Tusk|Great Tusk, L77|304/304\n|-enditem|p2a: Great Tusk|Booster Energy\n|-activate|p2a: Great Tusk|ability: Protosynthesis|[fromitem]\n|-start|p2a: Great Tusk|protosynthesisatk\n|move|p1a: Golem|Rock Polish|p1a: Golem\n|-boost|p1a: Golem|spe|2\n|\n|upkeep\n|turn|22\n|\n|t:|1782888789\n|switch|p1a: Regice|Regice, L88|248/284\n|move|p2a: Great Tusk|Bulk Up|p2a: Great Tusk\n|-boost|p2a: Great Tusk|atk|1\n|-boost|p2a: Great Tusk|def|1\n|\n|upkeep\n|turn|23\n|\n|t:|1782888793\n|-terastallize|p2a: Great Tusk|Steel\n|move|p2a: Great Tusk|Close Combat|p1a: Regice\n|-supereffective|p1a: Regice\n|-damage|p1a: Regice|0 fnt\n|-unboost|p2a: Great Tusk|def|1\n|-unboost|p2a: Great Tusk|spd|1\n|faint|p1a: Regice\n|\n|upkeep\n|\n|t:|1782888799\n|switch|p1a: Tatsugiri|Tatsugiri, L87, F|101/260\n|turn|24\n|\n|t:|1782888803\n|-end|p2a: Great Tusk|Protosynthesis|[silent]\n|switch|p2a: Corviknight|Corviknight, L80, M|288/288\n|move|p1a: Tatsugiri|Hydro Pump|p2a: Corviknight|[miss]\n|-miss|p1a: Tatsugiri|p2a: Corviknight\n|\n|upkeep\n|turn|25\n|\n|t:|1782888810\n|move|p1a: Tatsugiri|Hydro Pump|p2a: Corviknight\n|-damage|p2a: Corviknight|141/288\n|move|p2a: Corviknight|Brave Bird|p1a: Tatsugiri\n|-damage|p1a: Tatsugiri|0 fnt\n|faint|p1a: Tatsugiri\n|-damage|p2a: Corviknight|108/288|[from] Recoil\n|\n|-heal|p2a: Corviknight|126/288|[from] item: Leftovers\n|upkeep\n|\n|t:|1782888818\n|switch|p1a: Rampardos|Rampardos, L90, F|321/321\n|turn|26\n|\n|t:|1782888822\n|move|p1a: Rampardos|Fire Punch|p2a: Corviknight\n|-supereffective|p2a: Corviknight\n|-damage|p2a: Corviknight|0 fnt\n|faint|p2a: Corviknight\n|\n|upkeep\n|\n|t:|1782888824\n|switch|p2a: Great Tusk|Great Tusk, L77, tera:Steel|304/304\n|turn|27\n|\n|t:|1782888829\n|move|p2a: Great Tusk|Bulk Up|p2a: Great Tusk\n|-boost|p2a: Great Tusk|atk|1\n|-boost|p2a: Great Tusk|def|1\n|move|p1a: Rampardos|Earthquake|p2a: Great Tusk\n|-supereffective|p2a: Great Tusk\n|-damage|p2a: Great Tusk|125/304\n|-damage|p1a: Rampardos|289/321|[from] item: Life Orb\n|\n|upkeep\n|turn|28\n|\n|t:|1782888833\n|move|p2a: Great Tusk|Earthquake|p1a: Rampardos\n|-supereffective|p1a: Rampardos\n|-damage|p1a: Rampardos|0 fnt\n|faint|p1a: Rampardos\n|\n|upkeep\n|\n|t:|1782888837\n|switch|p1a: Pecharunt|Pecharunt, L77|124/262\n|turn|29\n|\n|t:|1782888842\n|move|p1a: Pecharunt|Shadow Ball|p2a: Great Tusk\n|-damage|p2a: Great Tusk|31/304\n|move|p2a: Great Tusk|Earthquake|p1a: Pecharunt\n|-supereffective|p1a: Pecharunt\n|-damage|p1a: Pecharunt|0 fnt\n|faint|p1a: Pecharunt\n|\n|upkeep\n|\n|t:|1782888846\n|switch|p1a: Golem|Golem-Alola, L93, F|300/300\n|turn|30\n|\n|t:|1782888852\n|-terastallize|p1a: Golem|Flying\n|move|p2a: Great Tusk|Close Combat|p1a: Golem\n|-resisted|p1a: Golem\n|-damage|p1a: Golem|228/300\n|-unboost|p2a: Great Tusk|def|1\n|-unboost|p2a: Great Tusk|spd|1\n|move|p1a: Golem|Rock Polish|p1a: Golem\n|-boost|p1a: Golem|spe|2\n|\n|upkeep\n|turn|31\n|\n|t:|1782888869\n|move|p1a: Golem|Earthquake|p2a: Great Tusk\n|-supereffective|p2a: Great Tusk\n|-damage|p2a: Great Tusk|0 fnt\n|faint|p2a: Great Tusk\n|-end|p2a: Great Tusk|Protosynthesis|[silent]\n|-damage|p1a: Golem|198/300|[from] item: Life Orb\n|\n|upkeep\n|\n|t:|1782888871\n|switch|p2a: Skuntank|Skuntank, L84, M|279/310\n|turn|32\n|\n|t:|1782888878\n|move|p1a: Golem|Earthquake|p2a: Skuntank\n|-supereffective|p2a: Skuntank\n|-damage|p2a: Skuntank|0 fnt\n|faint|p2a: Skuntank\n|-damage|p1a: Golem|168/300|[from] item: Life Orb\n|\n|win|the man245\n|raw|the man245's rating: 1931 &rarr; <strong>1952</strong><br />(+21 for winning)\n|raw|jnpr010334's rating: 1949 &rarr; <strong>1928</strong><br />(-21 for losing)\n", "inputlog": ">version f8ac14003a5f27e1bdc8d8c59608a773c1cb96e5\n>start {\"formatid\":\"gen9randombattle\",\"seed\":\"sodium,dcfe4325d8e1921d758748186f8cd99a\",\"rated\":\"Rated battle\"}\n>player p1 {\"name\":\"the man245\",\"avatar\":\"volkner\",\"rating\":1931,\"seed\":\"sodium,a90a90f9df1385164a82d602eeba480a\"}\n>player p2 {\"name\":\"jnpr010334\",\"avatar\":\"265\",\"rating\":1951,\"seed\":\"sodium,f1c30e2db15fb43bcc3edbb9dbefcfb0\"}\n>p1 move hydropump\n>p2 switch 4\n>p1 move rapidspin\n>p2 move psyshock\n>p1 move hydropump\n>p2 move psyshock\n>p2 switch 2\n>p1 switch 5\n>p2 move calmmind\n>p1 move malignantchain\n>p2 move earthpower\n>p1 switch 4\n>p2 move earthpower\n>p1 move icebeam\n>p2 move recover\n>p1 switch 3\n>p2 move calmmind\n>p1 move quiverdance\n>p2 move calmmind\n>p1 move quiverdance\n>p2 move calmmind\n>p1 move quiverdance\n>p2 move recover\n>p1 move fireblast\n>p2 move calmmind\n>p1 move quiverdance\n>p2 move recover\n>p1 move quiverdance\n>p2 move judgment\n>p1 move quiverdance\n>p2 move judgment\n>p1 move fireblast\n>p2 move judgment\n>p1 move fireblast\n>p2 move recover\n>p2 switch 4\n>p1 move gigadrain\n>p2 move earthquake\n>p1 move gigadrain\n>p2 move iceshard\n>p2 switch 5\n>p1 move fireblast\n>p2 move suckerpunch\n>p1 switch 6\n>p1 move rockpolish\n>p2 switch 3\n>p1 switch 3\n>p2 move bulkup\n>p1 move icebeam\n>p2 move closecombat terastallize\n>p1 switch 5\n>p1 move hydropump\n>p2 switch 6\n>p1 move hydropump\n>p2 move bravebird\n>p1 switch 2\n>p1 move firepunch\n>p2 move bodypress\n>p2 switch 6\n>p1 move earthquake\n>p2 move bulkup\n>p1 move earthquake\n>p2 move earthquake\n>p1 switch 4\n>p1 move shadowball\n>p2 move earthquake\n>p1 switch 3\n>p1 move rockpolish terastallize\n>p2 move closecombat\n>p1 move earthquake\n>p2 move stoneedge\n>p2 switch 3\n>p1 move earthquake\n>p2 move gunkshot", "uploadtime": 1782888879, "views": 2, "formatid": "gen9randombattle", "rating": 1928, "private": 0, "password": null, "player_dets": [{"name": "the man245", "avatar": "volkner", "rating": 1931, "seed": "sodium,a90a90f9df1385164a82d602eeba480a"}, {"name": "jnpr010334", "avatar": "265", "rating": 1951, "seed": "sodium,f1c30e2db15fb43bcc3edbb9dbefcfb0"}], "teams_full": [{"Tatsugiri": {"name": "Tatsugiri", "species": "Tatsugiri", "speciesId": "tatsugiri", "gender": "F", "shiny": false, "level": 87, "moves": ["hydropump", "nastyplot", "rapidspin", "dracometeor"], "ability": "Storm Drain", "evs": {"hp": 85, "atk": 85, "def": 85, "spa": 85, "spd": 85, "spe": 85}, "ivs": {"hp": 31, "atk": 31, "def": 31, "spa": 31, "spd": 31, "spe": 31}, "item": "Heavy-Duty Boots", "teraType": "Steel", "role": "Fast Support", "bvs": {"hp": 68, "atk": 50, "def": 60, "spa": 120, "spd": 95, "spe": 82}, "stats": {"hp": 260, "atk": 137, "def": 154, "spa": 259, "spd": 215, "spe": 192}, "types": ["Dragon", "Water"]}, "Rampardos": {"name": "Rampardos", "species": "Rampardos", "speciesId": "rampardos", "gender": "F", "shiny": false, "level": 90, "moves": ["zenheadbutt", "firepunch", "earthquake", "rockslide"], "ability": "Sheer Force", "evs": {"hp": 85, "atk": 85, "def": 85, "spa": 85, "spd": 85, "spe": 85}, "ivs": {"hp": 31, "atk": 31, "def": 31, "spa": 31, "spd": 31, "spe": 31}, "item": "Life Orb", "teraType": "Rock", "role": "Wallbreaker", "bvs": {"hp": 97, "atk": 165, "def": 60, "spa": 65, "spd": 50, "spe": 58}, "stats": {"hp": 321, "atk": 348, "def": 159, "spa": 168, "spd": 141, "spe": 156}, "types": ["Rock"]}, "Volcarona": {"name": "Volcarona", "species": "Volcarona", "speciesId": "volcarona", "gender": "F", "shiny": false, "level": 77, "moves": ["gigadrain", "quiverdance", "terablast", "fireblast"], "ability": "Flame Body", "evs": {"hp": 85, "atk": 0, "def": 85, "spa": 85, "spd": 85, "spe": 85}, "ivs": {"hp": 31, "atk": 0, "def": 31, "spa": 31, "spd": 31, "spe": 31}, "item": "Heavy-Duty Boots", "teraType": "Ground", "role": "Tera Blast user", "bvs": {"hp": 85, "atk": 60, "def": 65, "spa": 135, "spd": 105, "spe": 100}, "stats": {"hp": 257, "atk": 97, "def": 145, "spa": 252, "spd": 206, "spe": 199}, "types": ["Bug", "Fire"]}, "Regice": {"name": "Regice", "species": "Regice", "speciesId": "regice", "gender": "N", "shiny": false, "level": 88, "moves": ["icebeam", "rest", "thunderbolt", "sleeptalk"], "ability": "Clear Body", "evs": {"hp": 85, "atk": 0, "def": 85, "spa": 85, "spd": 85, "spe": 85}, "ivs": {"hp": 31, "atk": 0, "def": 31, "spa": 31, "spd": 31, "spe": 31}, "item": "Heavy-Duty Boots", "teraType": "Electric", "role": "Bulky Attacker", "bvs": {"hp": 80, "atk": 50, "def": 100, "spa": 100, "spd": 200, "spe": 50}, "stats": {"hp": 284, "atk": 93, "def": 226, "spa": 226, "spd": 402, "spe": 138}, "types": ["Ice"]}, "Pecharunt": {"name": "Pecharunt", "species": "Pecharunt", "speciesId": "pecharunt", "gender": "N", "shiny": false, "level": 77, "moves": ["malignantchain", "nastyplot", "shadowball", "recover"], "ability": "Poison Puppeteer", "evs": {"hp": 85, "atk": 0, "def": 85, "spa": 85, "spd": 85, "spe": 85}, "ivs": {"hp": 31, "atk": 0, "def": 31, "spa": 31, "spd": 31, "spe": 31}, "item": "Leftovers", "teraType": "Dark", "role": "Bulky Attacker", "bvs": {"hp": 88, "atk": 88, "def": 160, "spa": 88, "spd": 88, "spe": 88}, "stats": {"hp": 262, "atk": 140, "def": 291, "spa": 180, "spd": 180, "spe": 180}, "types": ["Poison", "Ghost"]}, "Golem": {"name": "Golem", "species": "Golem-Alola", "speciesId": "golemalola", "gender": "F", "shiny": false, "level": 93, "moves": ["stoneedge", "rockpolish", "doubleedge", "earthquake"], "ability": "Galvanize", "evs": {"hp": 85, "atk": 85, "def": 85, "spa": 85, "spd": 85, "spe": 85}, "ivs": {"hp": 31, "atk": 31, "def": 31, "spa": 31, "spd": 31, "spe": 31}, "item": "Life Orb", "teraType": "Flying", "role": "Setup Sweeper", "bvs": {"hp": 80, "atk": 120, "def": 130, "spa": 55, "spd": 65, "spe": 45}, "stats": {"hp": 300, "atk": 276, "def": 295, "spa": 155, "spd": 174, "spe": 137}, "types": ["Rock", "Electric"]}}, {"Donphan": {"name": "Donphan", "species": "Donphan", "speciesId": "donphan", "gender": "F", "shiny": false, "level": 84, "moves": ["iceshard", "earthquake", "rapidspin", "icespinner"], "ability": "Sturdy", "evs": {"hp": 85, "atk": 85, "def": 85, "spa": 85, "spd": 85, "spe": 85}, "ivs": {"hp": 31, "atk": 31, "def": 31, "spa": 31, "spd": 31, "spe": 31}, "item": "Assault Vest", "teraType": "Dragon", "role": "Bulky Support", "bvs": {"hp": 90, "atk": 120, "def": 120, "spa": 60, "spd": 60, "spe": 50}, "stats": {"hp": 288, "atk": 250, "def": 250, "spa": 149, "spd": 149, "spe": 132}, "types": ["Ground"]}, "Arceus": {"name": "Arceus", "species": "Arceus-Fairy", "speciesId": "arceusfairy", "gender": "N", "shiny": false, "level": 69, "moves": ["earthpower", "judgment", "recover", "calmmind"], "ability": "Multitype", "evs": {"hp": 85, "atk": 0, "def": 85, "spa": 85, "spd": 85, "spe": 85}, "ivs": {"hp": 31, "atk": 0, "def": 31, "spa": 31, "spd": 31, "spe": 31}, "item": "Pixie Plate", "teraType": "Steel", "role": "Bulky Setup", "bvs": {"hp": 120, "atk": 120, "def": 120, "spa": 120, "spd": 120, "spe": 120}, "stats": {"hp": 280, "atk": 170, "def": 206, "spa": 206, "spd": 206, "spe": 206}, "types": ["Fairy"]}, "Great Tusk": {"name": "Great Tusk", "species": "Great Tusk", "speciesId": "greattusk", "gender": "N", "shiny": false, "level": 77, "moves": ["closecombat", "stoneedge", "earthquake", "bulkup"], "ability": "Protosynthesis", "evs": {"hp": 85, "atk": 85, "def": 85, "spa": 85, "spd": 85, "spe": 85}, "ivs": {"hp": 31, "atk": 31, "def": 31, "spa": 31, "spd": 31, "spe": 31}, "item": "Booster Energy", "teraType": "Steel", "role": "Fast Bulky Setup", "bvs": {"hp": 115, "atk": 131, "def": 131, "spa": 53, "spd": 53, "spe": 87}, "stats": {"hp": 304, "atk": 246, "def": 246, "spa": 126, "spd": 126, "spe": 179}, "types": ["Ground", "Fighting"]}, "Iron Crown": {"name": "Iron Crown", "species": "Iron Crown", "speciesId": "ironcrown", "gender": "N", "shiny": false, "level": 78, "moves": ["psyshock", "tachyoncutter", "voltswitch", "focusblast"], "ability": "Quark Drive", "evs": {"hp": 85, "atk": 0, "def": 85, "spa": 85, "spd": 85, "spe": 85}, "ivs": {"hp": 31, "atk": 0, "def": 31, "spa": 31, "spd": 31, "spe": 31}, "item": "Choice Specs", "teraType": "Fighting", "role": "Wallbreaker", "bvs": {"hp": 90, "atk": 72, "def": 100, "spa": 122, "spd": 108, "spe": 98}, "stats": {"hp": 268, "atk": 117, "def": 201, "spa": 235, "spd": 214, "spe": 198}, "types": ["Steel", "Psychic"]}, "Skuntank": {"name": "Skuntank", "species": "Skuntank", "speciesId": "skuntank", "gender": "M", "shiny": false, "level": 84, "moves": ["toxicspikes", "knockoff", "gunkshot", "suckerpunch"], "ability": "Aftermath", "evs": {"hp": 85, "atk": 85, "def": 85, "spa": 85, "spd": 85, "spe": 85}, "ivs": {"hp": 31, "atk": 31, "def": 31, "spa": 31, "spd": 31, "spe": 31}, "item": "Life Orb", "teraType": "Poison", "role": "Fast Support", "bvs": {"hp": 103, "atk": 93, "def": 67, "spa": 71, "spd": 61, "spe": 84}, "stats": {"hp": 310, "atk": 204, "def": 161, "spa": 167, "spd": 151, "spe": 189}, "types": ["Poison", "Dark"]}, "Corviknight": {"name": "Corviknight", "species": "Corviknight", "speciesId": "corviknight", "gender": "M", "shiny": false, "level": 80, "moves": ["roost", "uturn", "bodypress", "bravebird"], "ability": "Mirror Armor", "evs": {"hp": 85, "atk": 85, "def": 85, "spa": 85, "spd": 85, "spe": 85}, "ivs": {"hp": 31, "atk": 31, "def": 31, "spa": 31, "spd": 31, "spe": 31}, "item": "Leftovers", "teraType": "Dragon", "role": "Bulky Support", "bvs": {"hp": 98, "atk": 87, "def": 105, "spa": 53, "spd": 85, "spe": 67}, "stats": {"hp": 288, "atk": 185, "def": 214, "spa": 131, "spd": 182, "spe": 153}, "types": ["Flying", "Steel"]}}]}