{"id": "gen9randombattle-2641892872", "format": "[Gen 9] Random Battle", "players": ["Jenome", "texangumbo"], "log": "|j|\u2606Jenome\n|j|\u2606texangumbo\n|t:|1782854722\n|gametype|singles\n|player|p1|Jenome|gentleman-gen4|1634\n|player|p2|texangumbo|266|1612\n|gen|9\n|tier|[Gen 9] Random Battle\n|rated|\n|rule|Species Clause: Limit one of each Pok\u00e9mon\n|rule|HP Percentage Mod: HP is shown in percentages\n|rule|Sleep Clause Mod: Limit one foe put to sleep\n|rule|Illusion Level Mod: Illusion disguises the Pok\u00e9mon's true level\n|\n|t:|1782854722\n|teamsize|p1|6\n|teamsize|p2|6\n|start\n|switch|p1a: Raichu|Raichu, L88, F|219/219\n|switch|p2a: Darkrai|Darkrai, L77|234/234\n|turn|1\n|inactive|Battle timer is ON: inactive players will automatically lose when time's up. (requested by texangumbo)\n|inactive|Jenome has 120 seconds left.\n|\n|t:|1782854755\n|switch|p2a: Bronzong|Bronzong, L88|261/261\n|move|p1a: Raichu|Hyper Voice|p2a: Bronzong\n|-resisted|p2a: Bronzong\n|-damage|p2a: Bronzong|209/261\n|-damage|p1a: Raichu|198/219|[from] item: Life Orb\n|\n|-heal|p2a: Bronzong|225/261|[from] item: Leftovers\n|upkeep\n|turn|2\n|\n|t:|1782854767\n|move|p1a: Raichu|Poltergeist|p2a: Bronzong\n|-activate|p2a: Bronzong|move: Poltergeist|Leftovers\n|-supereffective|p2a: Bronzong\n|-damage|p2a: Bronzong|14/261\n|-damage|p1a: Raichu|177/219|[from] item: Life Orb\n|move|p2a: Bronzong|Iron Defense|p2a: Bronzong\n|-boost|p2a: Bronzong|def|2\n|\n|-heal|p2a: Bronzong|30/261|[from] item: Leftovers\n|upkeep\n|turn|3\n|\n|t:|1782854781\n|move|p1a: Raichu|Hyper Voice|p2a: Bronzong\n|-resisted|p2a: Bronzong\n|-damage|p2a: Bronzong|0 fnt\n|faint|p2a: Bronzong\n|-damage|p1a: Raichu|156/219|[from] item: Life Orb\n|\n|upkeep\n|\n|t:|1782854784\n|switch|p2a: Darkrai|Darkrai, L77|234/234\n|turn|4\n|inactive|Jenome has 120 seconds left.\n|\n|t:|1782854826\n|move|p2a: Darkrai|Nasty Plot|p2a: Darkrai\n|-boost|p2a: Darkrai|spa|2\n|move|p1a: Raichu|Hyper Voice|p2a: Darkrai\n|-damage|p2a: Darkrai|70/234\n|-damage|p1a: Raichu|135/219|[from] item: Life Orb\n|\n|-heal|p2a: Darkrai|84/234|[from] item: Leftovers\n|upkeep\n|turn|5\n|\n|t:|1782854841\n|move|p2a: Darkrai|Dark Pulse|p1a: Raichu\n|-supereffective|p1a: Raichu\n|-damage|p1a: Raichu|0 fnt\n|replace|p1a: Zoroark|Zoroark-Hisui, L80, F\n|-end|p1a: Zoroark|Illusion\n|-hint|Illusion Level Mod is active, so this Pok\u00e9mon's true level was hidden.\n|faint|p1a: Zoroark\n|\n|-heal|p2a: Darkrai|98/234|[from] item: Leftovers\n|upkeep\n|inactive|Jenome has 120 seconds left.\n|\n|t:|1782854847\n|switch|p1a: Raichu|Raichu, L88, F|249/249\n|turn|6\n|\n|t:|1782854853\n|move|p1a: Raichu|Thunderbolt|p2a: Darkrai\n|-damage|p2a: Darkrai|0 fnt\n|faint|p2a: Darkrai\n|-damage|p1a: Raichu|225/249|[from] item: Life Orb\n|\n|upkeep\n|\n|t:|1782854869\n|switch|p2a: Spidops|Spidops, L96, M|271/271\n|turn|7\n|\n|t:|1782854892\n|move|p1a: Raichu|Nasty Plot|p1a: Raichu\n|-boost|p1a: Raichu|spa|2\n|move|p2a: Spidops|Sticky Web|p1a: Raichu\n|-sidestart|p1: Jenome|move: Sticky Web\n|\n|upkeep\n|turn|8\n|\n|t:|1782854898\n|move|p1a: Raichu|Thunderbolt|p2a: Spidops\n|-damage|p2a: Spidops|40/271\n|-damage|p1a: Raichu|201/249|[from] item: Life Orb\n|move|p2a: Spidops|Circle Throw|p1a: Raichu\n|-damage|p1a: Raichu|135/249\n|drag|p1a: Leavanny|Leavanny, L86, F|269/269\n|-activate|p1a: Leavanny|move: Sticky Web\n|-unboost|p1a: Leavanny|spe|1\n|\n|upkeep\n|turn|9\n|\n|t:|1782854917\n|move|p1a: Leavanny|Sticky Web|p2a: Spidops\n|-sidestart|p2: texangumbo|move: Sticky Web\n|move|p2a: Spidops|U-turn|p1a: Leavanny\n|-supereffective|p1a: Leavanny\n|-damage|p1a: Leavanny|81/269\n|\n|t:|1782854927\n|switch|p2a: Regigigas|Regigigas, L84|322/322|[from] U-turn\n|-activate|p2a: Regigigas|move: Sticky Web\n|-unboost|p2a: Regigigas|spe|1\n|-start|p2a: Regigigas|ability: Slow Start\n|\n|upkeep\n|turn|10\n|\n|t:|1782854930\n|move|p1a: Leavanny|Knock Off|p2a: Regigigas\n|-damage|p2a: Regigigas|263/322\n|-enditem|p2a: Regigigas|Leftovers|[from] move: Knock Off|[of] p1a: Leavanny\n|move|p2a: Regigigas|Knock Off|p1a: Leavanny\n|-damage|p1a: Leavanny|26/269\n|-enditem|p1a: Leavanny|Loaded Dice|[from] move: Knock Off|[of] p2a: Regigigas\n|\n|upkeep\n|turn|11\n|\n|t:|1782854940\n|move|p1a: Leavanny|Bullet Seed|p2a: Regigigas\n|-damage|p2a: Regigigas|235/322\n|-damage|p2a: Regigigas|210/322\n|-damage|p2a: Regigigas|185/322\n|-damage|p2a: Regigigas|161/322\n|-damage|p2a: Regigigas|137/322\n|-hitcount|p2a: Regigigas|5\n|move|p2a: Regigigas|Knock Off|p1a: Leavanny\n|-damage|p1a: Leavanny|0 fnt\n|faint|p1a: Leavanny\n|\n|upkeep\n|inactive|Jenome has 120 seconds left.\n|inactive|Jenome has 90 seconds left.\n|\n|t:|1782855018\n|switch|p1a: Raichu|Raichu, L88, F|135/249\n|-activate|p1a: Raichu|move: Sticky Web\n|-unboost|p1a: Raichu|spe|1\n|turn|12\n|\n|t:|1782855029\n|move|p1a: Raichu|Thunderbolt|p2a: Regigigas\n|-damage|p2a: Regigigas|20/322\n|-damage|p1a: Raichu|111/249|[from] item: Life Orb\n|move|p2a: Regigigas|Rest|p2a: Regigigas\n|-status|p2a: Regigigas|slp|[from] move: Rest\n|-heal|p2a: Regigigas|322/322 slp|[silent]\n|\n|upkeep\n|turn|13\n|inactive|Jenome has 90 seconds left.\n|\n|t:|1782855047\n|move|p1a: Raichu|Nasty Plot|p1a: Raichu\n|-boost|p1a: Raichu|spa|2\n|cant|p2a: Regigigas|slp\n|move|p2a: Regigigas|Sleep Talk|p2a: Regigigas\n|move|p2a: Regigigas|Knock Off|p1a: Raichu|[from] move: Sleep Talk\n|-damage|p1a: Raichu|41/249\n|-enditem|p1a: Raichu|Life Orb|[from] move: Knock Off|[of] p2a: Regigigas\n|\n|upkeep\n|turn|14\n|\n|t:|1782855057\n|move|p1a: Raichu|Focus Blast|p2a: Regigigas\n|-supereffective|p2a: Regigigas\n|-damage|p2a: Regigigas|4/322 slp\n|cant|p2a: Regigigas|slp\n|move|p2a: Regigigas|Sleep Talk|p2a: Regigigas\n|move|p2a: Regigigas|Rest||[from] move: Sleep Talk|[still]\n|-fail|p2a: Regigigas\n|\n|-end|p2a: Regigigas|Slow Start\n|upkeep\n|turn|15\n|\n|t:|1782855067\n|move|p1a: Raichu|Thunderbolt|p2a: Regigigas\n|-damage|p2a: Regigigas|0 fnt\n|faint|p2a: Regigigas\n|-end|p2a: Regigigas|Slow Start|[silent]\n|\n|upkeep\n|\n|t:|1782855079\n|switch|p2a: Barraskewda|Barraskewda, L81, M|231/231\n|-activate|p2a: Barraskewda|move: Sticky Web\n|-unboost|p2a: Barraskewda|spe|1\n|turn|16\n|\n|t:|1782855084\n|move|p2a: Barraskewda|Flip Turn|p1a: Raichu\n|-damage|p1a: Raichu|0 fnt\n|faint|p1a: Raichu\n|\n|t:|1782855107\n|switch|p2a: Spidops|Spidops, L96, M|40/271|[from] Flip Turn\n|\n|upkeep\n|inactive|Jenome has 120 seconds left.\n|\n|t:|1782855120\n|switch|p1a: Zangoose|Zangoose, L85, F|263/263\n|-activate|p1a: Zangoose|move: Sticky Web\n|-unboost|p1a: Zangoose|spe|1\n|turn|17\n|l|\u2606Jenome\n|inactive|Jenome disconnected and has a minute to reconnect!\n|player|p1|\n|\n|t:|1782855144\n|move|p1a: Zangoose|Facade|p2a: Spidops\n|-damage|p2a: Spidops|0 fnt\n|faint|p2a: Spidops\n|\n|-status|p1a: Zangoose|tox|[from] item: Toxic Orb\n|upkeep\n|\n|t:|1782855148\n|switch|p2a: Articuno|Articuno, L86|295/295\n|-ability|p2a: Articuno|Pressure\n|turn|18\n|inactive|Jenome has 30 seconds to reconnect!\n|j|\u2606Jenome\n|inactive|Jenome reconnected and has 110 seconds left.\n|player|p1|Jenome|gentleman-gen4|\n|\n|t:|1782855186\n|move|p2a: Articuno|Freeze-Dry|p1a: Zangoose\n|-damage|p1a: Zangoose|170/263 tox\n|move|p1a: Zangoose|Facade|p2a: Articuno\n|-damage|p2a: Articuno|61/295\n|\n|-damage|p1a: Zangoose|154/263 tox|[from] psn\n|upkeep\n|turn|19\n|\n|t:|1782855204\n|move|p1a: Zangoose|Quick Attack|p2a: Articuno\n|-damage|p2a: Articuno|0 fnt\n|faint|p2a: Articuno\n|\n|-damage|p1a: Zangoose|122/263 tox|[from] psn\n|upkeep\n|\n|t:|1782855206\n|switch|p2a: Barraskewda|Barraskewda, L81, M|231/231\n|-activate|p2a: Barraskewda|move: Sticky Web\n|-unboost|p2a: Barraskewda|spe|1\n|turn|20\n|\n|t:|1782855213\n|-terastallize|p2a: Barraskewda|Water\n|move|p1a: Zangoose|Quick Attack|p2a: Barraskewda\n|-crit|p2a: Barraskewda\n|-damage|p2a: Barraskewda|71/231\n|move|p2a: Barraskewda|Waterfall|p1a: Zangoose\n|-damage|p1a: Zangoose|0 fnt\n|faint|p1a: Zangoose\n|\n|upkeep\n|inactive|Jenome has 120 seconds left.\n|l|\u2606Jenome\n|inactive|Jenome disconnected and has a minute to reconnect!\n|player|p1|\n|inactive|Jenome has 30 seconds to reconnect!\n|j|\u2606Jenome\n|inactive|Jenome reconnected and has 85 seconds left.\n|player|p1|Jenome|gentleman-gen4|\n|\n|t:|1782855262\n|switch|p1a: Latias|Latias, L79, F|256/256\n|turn|21\n|\n|t:|1782855266\n|move|p1a: Latias|Psyshock|p2a: Barraskewda\n|-damage|p2a: Barraskewda|0 fnt\n|faint|p2a: Barraskewda\n|\n|win|Jenome\n|raw|Jenome's rating: 1634 &rarr; <strong>1653</strong><br />(+19 for winning)\n|raw|texangumbo's rating: 1612 &rarr; <strong>1593</strong><br />(-19 for losing)\n", "inputlog": ">version f8ac14003a5f27e1bdc8d8c59608a773c1cb96e5\n>start {\"formatid\":\"gen9randombattle\",\"seed\":\"sodium,183f595513bada5de0216780d0aac25e\",\"rated\":\"Rated battle\"}\n>player p1 {\"name\":\"Jenome\",\"avatar\":\"gentleman-gen4\",\"rating\":1634,\"seed\":\"sodium,d942cc0632a2ba69c510c944403e2101\"}\n>player p2 {\"name\":\"texangumbo\",\"avatar\":\"266\",\"rating\":1612,\"seed\":\"sodium,1891c0c06f3a486a99bdc01d0cabe726\"}\n>p1 move hypervoice\n>p2 switch 4\n>p1 move poltergeist\n>p2 move irondefense\n>p1 move hypervoice\n>p2 move bodypress\n>p2 switch 4\n>p1 move hypervoice\n>p2 move nastyplot\n>p1 move hypervoice\n>p2 move darkpulse\n>p1 switch 6\n>p1 move thunderbolt\n>p2 move darkpulse\n>p2 switch 6\n>p1 move nastyplot\n>p2 move stickyweb\n>p1 move thunderbolt\n>p2 move circlethrow\n>p1 move stickyweb\n>p2 move uturn\n>p2 switch 2\n>p1 move knockoff\n>p2 move knockoff\n>p1 move bulletseed\n>p2 move knockoff\n>p1 switch 3\n>p1 move thunderbolt\n>p2 move rest\n>p1 move nastyplot\n>p2 move sleeptalk\n>p1 move focusblast\n>p2 move sleeptalk\n>p1 move thunderbolt\n>p2 move rest\n>p2 switch 3\n>p1 move thunderbolt\n>p2 move flipturn\n>p2 switch 2\n>p1 switch 4\n>p1 move facade\n>p2 move circlethrow\n>p2 switch 5\n>p1 move facade\n>p2 move freezedry\n>p1 move quickattack\n>p2 move bravebird\n>p2 switch 2\n>p1 move quickattack\n>p2 move waterfall terastallize\n>p1 switch 2\n>p1 move psyshock\n>p2 move waterfall", "uploadtime": 1782855268, "views": 5, "formatid": "gen9randombattle", "rating": 1593, "private": 0, "password": null, "player_dets": [{"name": "Jenome", "avatar": "gentleman-gen4", "rating": 1634, "seed": "sodium,d942cc0632a2ba69c510c944403e2101"}, {"name": "texangumbo", "avatar": "266", "rating": 1612, "seed": "sodium,1891c0c06f3a486a99bdc01d0cabe726"}], "teams_full": [{"Zoroark": {"name": "Zoroark", "species": "Zoroark-Hisui", "speciesId": "zoroarkhisui", "gender": "F", "shiny": false, "level": 80, "moves": ["willowisp", "hypervoice", "focusblast", "poltergeist"], "ability": "Illusion", "evs": {"hp": 85, "atk": 85, "def": 85, "spa": 85, "spd": 85, "spe": 85}, "ivs": {"hp": 31, "atk": 31, "def": 31, "spa": 31, "spd": 31, "spe": 31}, "item": "Life Orb", "teraType": "Normal", "role": "Fast Attacker", "bvs": {"hp": 55, "atk": 100, "def": 60, "spa": 125, "spd": 60, "spe": 110}, "stats": {"hp": 219, "atk": 206, "def": 142, "spa": 246, "spd": 142, "spe": 222}, "types": ["Normal", "Ghost"]}, "Latias": {"name": "Latias", "species": "Latias", "speciesId": "latias", "gender": "F", "shiny": false, "level": 79, "moves": ["psyshock", "calmmind", "recover", "dracometeor"], "ability": "Levitate", "evs": {"hp": 85, "atk": 0, "def": 85, "spa": 85, "spd": 85, "spe": 85}, "ivs": {"hp": 31, "atk": 0, "def": 31, "spa": 31, "spd": 31, "spe": 31}, "item": "Soul Dew", "teraType": "Steel", "role": "Fast Bulky Setup", "bvs": {"hp": 80, "atk": 80, "def": 90, "spa": 110, "spd": 130, "spe": 110}, "stats": {"hp": 256, "atk": 131, "def": 188, "spa": 219, "spd": 251, "spe": 219}, "types": ["Dragon", "Psychic"]}, "Leavanny": {"name": "Leavanny", "species": "Leavanny", "speciesId": "leavanny", "gender": "F", "shiny": false, "level": 86, "moves": ["tripleaxel", "stickyweb", "knockoff", "bulletseed"], "ability": "Chlorophyll", "evs": {"hp": 85, "atk": 85, "def": 85, "spa": 85, "spd": 85, "spe": 85}, "ivs": {"hp": 31, "atk": 31, "def": 31, "spa": 31, "spd": 31, "spe": 31}, "item": "Loaded Dice", "teraType": "Ghost", "role": "Fast Attacker", "bvs": {"hp": 75, "atk": 103, "def": 80, "spa": 70, "spd": 80, "spe": 92}, "stats": {"hp": 269, "atk": 226, "def": 187, "spa": 170, "spd": 187, "spe": 207}, "types": ["Bug", "Grass"]}, "Zangoose": {"name": "Zangoose", "species": "Zangoose", "speciesId": "zangoose", "gender": "F", "shiny": false, "level": 85, "moves": ["knockoff", "quickattack", "facade", "closecombat"], "ability": "Toxic Boost", "evs": {"hp": 85, "atk": 85, "def": 85, "spa": 85, "spd": 85, "spe": 85}, "ivs": {"hp": 31, "atk": 31, "def": 31, "spa": 31, "spd": 31, "spe": 31}, "item": "Toxic Orb", "teraType": "Normal", "role": "Fast Attacker", "bvs": {"hp": 73, "atk": 115, "def": 60, "spa": 60, "spd": 60, "spe": 90}, "stats": {"hp": 263, "atk": 244, "def": 151, "spa": 151, "spd": 151, "spe": 202}, "types": ["Normal"]}, "Tornadus": {"name": "Tornadus", "species": "Tornadus-Therian", "speciesId": "tornadustherian", "gender": "M", "shiny": false, "level": 79, "moves": ["bleakwindstorm", "focusblast", "grassknot", "nastyplot"], "ability": "Regenerator", "evs": {"hp": 85, "atk": 0, "def": 85, "spa": 85, "spd": 85, "spe": 85}, "ivs": {"hp": 31, "atk": 0, "def": 31, "spa": 31, "spd": 31, "spe": 31}, "item": "Heavy-Duty Boots", "teraType": "Fighting", "role": "Fast Attacker", "bvs": {"hp": 79, "atk": 100, "def": 80, "spa": 110, "spd": 90, "spe": 121}, "stats": {"hp": 254, "atk": 163, "def": 172, "spa": 219, "spd": 188, "spe": 237}, "types": ["Flying"]}, "Raichu": {"name": "Raichu", "species": "Raichu", "speciesId": "raichu", "gender": "F", "shiny": false, "level": 88, "moves": ["thunderbolt", "terablast", "nastyplot", "focusblast"], "ability": "Lightning Rod", "evs": {"hp": 85, "atk": 0, "def": 85, "spa": 85, "spd": 85, "spe": 85}, "ivs": {"hp": 31, "atk": 0, "def": 31, "spa": 31, "spd": 31, "spe": 31}, "item": "Life Orb", "teraType": "Ice", "role": "Tera Blast user", "bvs": {"hp": 60, "atk": 90, "def": 55, "spa": 90, "spd": 80, "spe": 110}, "stats": {"hp": 249, "atk": 163, "def": 147, "spa": 209, "spd": 191, "spe": 244}, "types": ["Electric"]}}, {"Darkrai": {"name": "Darkrai", "species": "Darkrai", "speciesId": "darkrai", "gender": "N", "shiny": false, "level": 77, "moves": ["nastyplot", "substitute", "sludgebomb", "darkpulse"], "ability": "Bad Dreams", "evs": {"hp": 85, "atk": 0, "def": 85, "spa": 85, "spd": 85, "spe": 85}, "ivs": {"hp": 31, "atk": 0, "def": 31, "spa": 31, "spd": 31, "spe": 31}, "item": "Leftovers", "teraType": "Poison", "role": "Setup Sweeper", "bvs": {"hp": 70, "atk": 90, "def": 90, "spa": 135, "spd": 90, "spe": 125}, "stats": {"hp": 234, "atk": 143, "def": 183, "spa": 252, "spd": 183, "spe": 237}, "types": ["Dark"]}, "Regigigas": {"name": "Regigigas", "species": "Regigigas", "speciesId": "regigigas", "gender": "N", "shiny": false, "level": 84, "moves": ["sleeptalk", "bodyslam", "rest", "knockoff"], "ability": "Slow Start", "evs": {"hp": 85, "atk": 85, "def": 85, "spa": 85, "spd": 85, "spe": 85}, "ivs": {"hp": 31, "atk": 31, "def": 31, "spa": 31, "spd": 31, "spe": 31}, "item": "Leftovers", "teraType": "Ghost", "role": "Bulky Support", "bvs": {"hp": 110, "atk": 160, "def": 110, "spa": 80, "spd": 110, "spe": 100}, "stats": {"hp": 322, "atk": 317, "def": 233, "spa": 183, "spd": 233, "spe": 216}, "types": ["Normal"]}, "Barraskewda": {"name": "Barraskewda", "species": "Barraskewda", "speciesId": "barraskewda", "gender": "M", "shiny": false, "level": 81, "moves": ["waterfall", "psychicfangs", "closecombat", "flipturn"], "ability": "Swift Swim", "evs": {"hp": 85, "atk": 85, "def": 85, "spa": 85, "spd": 85, "spe": 85}, "ivs": {"hp": 31, "atk": 31, "def": 31, "spa": 31, "spd": 31, "spe": 31}, "item": "Choice Band", "teraType": "Water", "role": "Wallbreaker", "bvs": {"hp": 61, "atk": 123, "def": 60, "spa": 60, "spd": 50, "spe": 136}, "stats": {"hp": 231, "atk": 246, "def": 144, "spa": 144, "spd": 128, "spe": 267}, "types": ["Water"]}, "Bronzong": {"name": "Bronzong", "species": "Bronzong", "speciesId": "bronzong", "gender": "N", "shiny": false, "level": 88, "moves": ["irondefense", "psychicnoise", "ironhead", "bodypress"], "ability": "Levitate", "evs": {"hp": 85, "atk": 85, "def": 85, "spa": 85, "spd": 85, "spe": 85}, "ivs": {"hp": 31, "atk": 31, "def": 31, "spa": 31, "spd": 31, "spe": 31}, "item": "Leftovers", "teraType": "Fighting", "role": "Bulky Setup", "bvs": {"hp": 67, "atk": 89, "def": 116, "spa": 79, "spd": 116, "spe": 33}, "stats": {"hp": 261, "atk": 207, "def": 254, "spa": 189, "spd": 254, "spe": 108}, "types": ["Steel", "Psychic"]}, "Articuno": {"name": "Articuno", "species": "Articuno", "speciesId": "articuno", "gender": "N", "shiny": false, "level": 86, "moves": ["uturn", "bravebird", "freezedry", "roost"], "ability": "Pressure", "evs": {"hp": 85, "atk": 85, "def": 85, "spa": 85, "spd": 85, "spe": 85}, "ivs": {"hp": 31, "atk": 31, "def": 31, "spa": 31, "spd": 31, "spe": 31}, "item": "Heavy-Duty Boots", "teraType": "Steel", "role": "Bulky Support", "bvs": {"hp": 90, "atk": 85, "def": 100, "spa": 95, "spd": 125, "spe": 85}, "stats": {"hp": 295, "atk": 195, "def": 221, "spa": 213, "spd": 264, "spe": 195}, "types": ["Ice", "Flying"]}, "Spidops": {"name": "Spidops", "species": "Spidops", "speciesId": "spidops", "gender": "M", "shiny": false, "level": 96, "moves": ["circlethrow", "stickyweb", "toxicspikes", "uturn"], "ability": "Stakeout", "evs": {"hp": 85, "atk": 85, "def": 85, "spa": 85, "spd": 85, "spe": 85}, "ivs": {"hp": 31, "atk": 31, "def": 31, "spa": 31, "spd": 31, "spe": 31}, "item": "Heavy-Duty Boots", "teraType": "Ghost", "role": "Bulky Support", "bvs": {"hp": 60, "atk": 79, "def": 92, "spa": 52, "spd": 86, "spe": 35}, "stats": {"hp": 271, "atk": 206, "def": 231, "spa": 154, "spd": 220, "spe": 122}, "types": ["Bug"]}}]}