{"id": "gen9randombattle-2642156585", "format": "[Gen 9] Random Battle", "players": ["bbmauro", "jnpr010334"], "log": "|j|\u2606bbmauro\n|j|\u2606jnpr010334\n|t:|1782901989\n|gametype|singles\n|player|p1|bbmauro|bruno|1577\n|player|p2|jnpr010334|265|1631\n|gen|9\n|tier|[Gen 9] Random Battle\n|rated|\n|rule|Species Clause: Limit one of each Pok\u00e9mon\n|rule|HP Percentage Mod: HP is shown in percentages\n|rule|Sleep Clause Mod: Limit one foe put to sleep\n|rule|Illusion Level Mod: Illusion disguises the Pok\u00e9mon's true level\n|\n|t:|1782901989\n|teamsize|p1|6\n|teamsize|p2|6\n|start\n|switch|p1a: Chimecho|Chimecho, L93, F|290/290\n|switch|p2a: Squawkabilly|Squawkabilly-Blue, L85, F|278/278\n|turn|1\n|inactive|Battle timer is ON: inactive players will automatically lose when time's up. (requested by jnpr010334)\n|\n|t:|1782902021\n|move|p2a: Squawkabilly|Facade|p1a: Chimecho\n|-damage|p1a: Chimecho|212/290\n|move|p1a: Chimecho|Knock Off|p2a: Squawkabilly\n|-damage|p2a: Squawkabilly|207/278\n|-enditem|p2a: Squawkabilly|Flame Orb|[from] move: Knock Off|[of] p1a: Chimecho\n|\n|-heal|p1a: Chimecho|230/290|[from] item: Leftovers\n|upkeep\n|turn|2\n|\n|t:|1782902033\n|move|p2a: Squawkabilly|Brave Bird|p1a: Chimecho\n|-damage|p1a: Chimecho|92/290\n|-damage|p2a: Squawkabilly|161/278|[from] Recoil\n|move|p1a: Chimecho|Psychic Noise|p2a: Squawkabilly\n|-damage|p2a: Squawkabilly|29/278\n|-start|p2a: Squawkabilly|move: Heal Block\n|\n|-heal|p1a: Chimecho|110/290|[from] item: Leftovers\n|upkeep\n|turn|3\n|\n|t:|1782902044\n|switch|p1a: Sudowoodo|Sudowoodo, L94, F|284/284\n|move|p2a: Squawkabilly|Brave Bird|p1a: Sudowoodo\n|-resisted|p1a: Sudowoodo\n|-damage|p1a: Sudowoodo|238/284\n|-damage|p2a: Squawkabilly|14/278|[from] Recoil\n|\n|-end|p2a: Squawkabilly|move: Heal Block\n|upkeep\n|turn|4\n|\n|t:|1782902057\n|move|p2a: Squawkabilly|Protect|p2a: Squawkabilly\n|-singleturn|p2a: Squawkabilly|Protect\n|move|p1a: Sudowoodo|Wood Hammer|p2a: Squawkabilly\n|-activate|p2a: Squawkabilly|move: Protect\n|\n|upkeep\n|turn|5\n|\n|t:|1782902068\n|switch|p2a: Solgaleo|Solgaleo, L74|325/325\n|switch|p1a: Chimecho|Chimecho, L93, F|110/290\n|\n|-heal|p1a: Chimecho|128/290|[from] item: Leftovers\n|upkeep\n|turn|6\n|\n|t:|1782902075\n|switch|p2a: Zangoose|Zangoose, L85, F|263/263\n|move|p1a: Chimecho|Recover|p1a: Chimecho\n|-heal|p1a: Chimecho|273/290\n|\n|-heal|p1a: Chimecho|290/290|[from] item: Leftovers\n|-status|p2a: Zangoose|tox|[from] item: Toxic Orb\n|upkeep\n|turn|7\n|\n|t:|1782902096\n|switch|p1a: Luxray|Luxray, L88, M|284/284\n|-ability|p1a: Luxray|Intimidate|boost\n|-unboost|p2a: Zangoose|atk|1\n|move|p2a: Zangoose|Swords Dance|p2a: Zangoose\n|-boost|p2a: Zangoose|atk|2\n|\n|-damage|p2a: Zangoose|247/263 tox|[from] psn\n|upkeep\n|turn|8\n|\n|t:|1782902106\n|switch|p1a: Sudowoodo|Sudowoodo, L94, F|238/284\n|move|p2a: Zangoose|Facade|p1a: Sudowoodo\n|-resisted|p1a: Sudowoodo\n|-crit|p1a: Sudowoodo\n|-damage|p1a: Sudowoodo|30/284\n|\n|-damage|p2a: Zangoose|215/263 tox|[from] psn\n|upkeep\n|turn|9\n|\n|t:|1782902114\n|move|p1a: Sudowoodo|Sucker Punch|p2a: Zangoose\n|-damage|p2a: Zangoose|93/263 tox\n|move|p2a: Zangoose|Facade|p1a: Sudowoodo\n|-resisted|p1a: Sudowoodo\n|-damage|p1a: Sudowoodo|0 fnt\n|faint|p1a: Sudowoodo\n|\n|-damage|p2a: Zangoose|45/263 tox|[from] psn\n|upkeep\n|\n|t:|1782902134\n|switch|p1a: Honchkrow|Honchkrow, L86, F|312/312\n|turn|10\n|\n|t:|1782902139\n|move|p1a: Honchkrow|Sucker Punch|p2a: Zangoose\n|-damage|p2a: Zangoose|0 fnt\n|faint|p2a: Zangoose\n|-ability|p1a: Honchkrow|Moxie|boost\n|-boost|p1a: Honchkrow|atk|1\n|\n|upkeep\n|\n|t:|1782902141\n|switch|p2a: Volcanion|Volcanion, L79|255/255\n|turn|11\n|\n|t:|1782902150\n|move|p2a: Volcanion|Steam Eruption|p1a: Honchkrow\n|-damage|p1a: Honchkrow|125/312\n|move|p1a: Honchkrow|Brave Bird|p2a: Volcanion\n|-damage|p2a: Volcanion|56/255\n|-damage|p1a: Honchkrow|59/312|[from] Recoil\n|\n|upkeep\n|turn|12\n|\n|t:|1782902157\n|move|p1a: Honchkrow|Sucker Punch|p2a: Volcanion\n|-damage|p2a: Volcanion|0 fnt\n|faint|p2a: Volcanion\n|-ability|p1a: Honchkrow|Moxie|boost\n|-boost|p1a: Honchkrow|atk|1\n|\n|upkeep\n|\n|t:|1782902159\n|switch|p2a: Solgaleo|Solgaleo, L74|325/325\n|turn|13\n|\n|t:|1782902173\n|-terastallize|p2a: Solgaleo|Water\n|move|p2a: Solgaleo|Sunsteel Strike|p1a: Honchkrow\n|-damage|p1a: Honchkrow|0 fnt\n|faint|p1a: Honchkrow\n|\n|upkeep\n|\n|t:|1782902182\n|switch|p1a: Luxray|Luxray, L88, M|284/284\n|-ability|p1a: Luxray|Intimidate|boost\n|-fail|p2a: Solgaleo|unboost|[from] ability: Full Metal Body|[of] p2a: Solgaleo\n|turn|14\n|\n|t:|1782902187\n|move|p2a: Solgaleo|Earthquake|p1a: Luxray\n|-supereffective|p1a: Luxray\n|-damage|p1a: Luxray|124/284\n|move|p1a: Luxray|Volt Switch|p2a: Solgaleo\n|-supereffective|p2a: Solgaleo\n|-damage|p2a: Solgaleo|137/325\n|\n|t:|1782902195\n|switch|p1a: Chimecho|Chimecho, L93, F|290/290|[from] Volt Switch\n|\n|-heal|p2a: Solgaleo|157/325|[from] item: Leftovers\n|upkeep\n|turn|15\n|\n|t:|1782902201\n|switch|p2a: Banette|Banette, L93, M|270/270\n|move|p1a: Chimecho|Knock Off|p2a: Banette\n|-supereffective|p2a: Banette\n|-damage|p2a: Banette|140/270\n|-enditem|p2a: Banette|Life Orb|[from] move: Knock Off|[of] p1a: Chimecho\n|\n|upkeep\n|turn|16\n|\n|t:|1782902209\n|switch|p1a: Luxray|Luxray, L88, M|124/284\n|-ability|p1a: Luxray|Intimidate|boost\n|-unboost|p2a: Banette|atk|1\n|move|p2a: Banette|Thunder Wave|p1a: Luxray\n|-immune|p1a: Luxray\n|\n|upkeep\n|turn|17\n|\n|t:|1782902217\n|switch|p2a: Solgaleo|Solgaleo, L74, tera:Water|157/325\n|move|p1a: Luxray|Wild Charge|p2a: Solgaleo\n|-supereffective|p2a: Solgaleo\n|-damage|p2a: Solgaleo|0 fnt\n|faint|p2a: Solgaleo\n|-damage|p1a: Luxray|85/284|[from] Recoil\n|\n|upkeep\n|\n|t:|1782902221\n|switch|p2a: Serperior|Serperior, L79, M|248/248\n|turn|18\n|\n|t:|1782902227\n|move|p2a: Serperior|Substitute|p2a: Serperior\n|-start|p2a: Serperior|Substitute\n|-damage|p2a: Serperior|186/248\n|move|p1a: Luxray|Ice Fang|p2a: Serperior\n|-supereffective|p2a: Serperior\n|-end|p2a: Serperior|Substitute\n|\n|-heal|p2a: Serperior|201/248|[from] item: Leftovers\n|upkeep\n|turn|19\n|\n|t:|1782902236\n|switch|p1a: Chansey|Chansey, L85, F|564/564\n|move|p2a: Serperior|Substitute|p2a: Serperior\n|-start|p2a: Serperior|Substitute\n|-damage|p2a: Serperior|139/248\n|\n|-heal|p2a: Serperior|154/248|[from] item: Leftovers\n|upkeep\n|turn|20\n|\n|t:|1782902246\n|move|p2a: Serperior|Leech Seed|p1a: Chansey|[miss]\n|-miss|p2a: Serperior|p1a: Chansey\n|move|p1a: Chansey|Seismic Toss|p2a: Serperior\n|-end|p2a: Serperior|Substitute\n|\n|-heal|p2a: Serperior|169/248|[from] item: Leftovers\n|upkeep\n|turn|21\n|\n|t:|1782902254\n|move|p2a: Serperior|Substitute|p2a: Serperior\n|-start|p2a: Serperior|Substitute\n|-damage|p2a: Serperior|107/248\n|move|p1a: Chansey|Thunder Wave||[still]\n|-fail|p1a: Chansey\n|\n|-heal|p2a: Serperior|122/248|[from] item: Leftovers\n|upkeep\n|turn|22\n|\n|t:|1782902266\n|move|p2a: Serperior|Leech Seed|p1a: Chansey\n|-start|p1a: Chansey|move: Leech Seed\n|move|p1a: Chansey|Seismic Toss|p2a: Serperior\n|-end|p2a: Serperior|Substitute\n|\n|-heal|p2a: Serperior|137/248|[from] item: Leftovers\n|-damage|p1a: Chansey|494/564|[from] Leech Seed|[of] p2a: Serperior\n|-heal|p2a: Serperior|207/248|[silent]\n|upkeep\n|turn|23\n|\n|t:|1782902275\n|switch|p1a: Chimecho|Chimecho, L93, F|290/290\n|move|p2a: Serperior|Substitute|p2a: Serperior\n|-start|p2a: Serperior|Substitute\n|-damage|p2a: Serperior|145/248\n|\n|-heal|p2a: Serperior|160/248|[from] item: Leftovers\n|upkeep\n|turn|24\n|\n|t:|1782902284\n|move|p2a: Serperior|Leech Seed|p1a: Chimecho\n|-start|p1a: Chimecho|move: Leech Seed\n|move|p1a: Chimecho|Psychic Noise|p2a: Serperior\n|-damage|p2a: Serperior|60/248\n|-start|p2a: Serperior|move: Heal Block\n|\n|-damage|p1a: Chimecho|254/290|[from] Leech Seed|[of] p2a: Serperior\n|upkeep\n|turn|25\n|\n|t:|1782902293\n|move|p2a: Serperior|Leaf Storm|p1a: Chimecho\n|-damage|p1a: Chimecho|160/290\n|-boost|p2a: Serperior|spa|2\n|move|p1a: Chimecho|Psychic Noise|p2a: Serperior\n|-damage|p2a: Serperior|0 fnt\n|faint|p2a: Serperior\n|\n|-heal|p1a: Chimecho|178/290|[from] item: Leftovers\n|upkeep\n|\n|t:|1782902295\n|switch|p2a: Banette|Banette, L93, M|140/270\n|turn|26\n|\n|t:|1782902306\n|switch|p1a: Luxray|Luxray, L88, M|85/284\n|-ability|p1a: Luxray|Intimidate|boost\n|-unboost|p2a: Banette|atk|1\n|move|p2a: Banette|Poltergeist|p1a: Luxray\n|-activate|p1a: Luxray|move: Poltergeist|Assault Vest\n|-damage|p1a: Luxray|0 fnt\n|faint|p1a: Luxray\n|\n|upkeep\n|\n|t:|1782902318\n|switch|p1a: Regigigas|Regigigas, L84|322/322\n|-start|p1a: Regigigas|ability: Slow Start\n|turn|27\n|\n|t:|1782902324\n|move|p2a: Banette|Thunder Wave|p1a: Regigigas\n|-status|p1a: Regigigas|par\n|move|p1a: Regigigas|Substitute|p1a: Regigigas\n|-start|p1a: Regigigas|Substitute\n|-damage|p1a: Regigigas|242/322 par\n|\n|-heal|p1a: Regigigas|262/322 par|[from] item: Leftovers\n|upkeep\n|turn|28\n|\n|t:|1782902333\n|move|p2a: Banette|Gunk Shot|p1a: Regigigas\n|-activate|p1a: Regigigas|move: Substitute|[damage]\n|move|p1a: Regigigas|Knock Off|p2a: Banette\n|-supereffective|p2a: Banette\n|-damage|p2a: Banette|64/270\n|\n|-heal|p1a: Regigigas|282/322 par|[from] item: Leftovers\n|upkeep\n|turn|29\n|\n|t:|1782902343\n|move|p1a: Regigigas|Protect|p1a: Regigigas\n|-singleturn|p1a: Regigigas|Protect\n|move|p2a: Banette|Gunk Shot|p1a: Regigigas\n|-activate|p1a: Regigigas|move: Protect\n|\n|-heal|p1a: Regigigas|302/322 par|[from] item: Leftovers\n|upkeep\n|turn|30\n|\n|t:|1782902351\n|move|p2a: Banette|Gunk Shot|p1a: Regigigas\n|-end|p1a: Regigigas|Substitute\n|move|p1a: Regigigas|Substitute|p1a: Regigigas\n|-start|p1a: Regigigas|Substitute\n|-damage|p1a: Regigigas|222/322 par\n|\n|-heal|p1a: Regigigas|242/322 par|[from] item: Leftovers\n|upkeep\n|turn|31\n|\n|t:|1782902358\n|move|p2a: Banette|Gunk Shot|p1a: Regigigas\n|-activate|p1a: Regigigas|move: Substitute|[damage]\n|move|p1a: Regigigas|Knock Off|p2a: Banette\n|-supereffective|p2a: Banette\n|-damage|p2a: Banette|0 fnt\n|faint|p2a: Banette\n|\n|-heal|p1a: Regigigas|262/322 par|[from] item: Leftovers\n|-end|p1a: Regigigas|Slow Start\n|upkeep\n|\n|t:|1782902361\n|switch|p2a: Squawkabilly|Squawkabilly-Blue, L85, F|14/278\n|turn|32\n|\n|t:|1782902371\n|move|p2a: Squawkabilly|Facade|p1a: Regigigas\n|-end|p1a: Regigigas|Substitute\n|move|p1a: Regigigas|Body Slam|p2a: Squawkabilly\n|-damage|p2a: Squawkabilly|0 fnt\n|faint|p2a: Squawkabilly\n|\n|win|bbmauro\n|raw|bbmauro's rating: 1577 &rarr; <strong>1603</strong><br />(+26 for winning)\n|raw|jnpr010334's rating: 1677 &rarr; <strong>1651</strong><br />(-26 for losing)\n", "inputlog": ">version f8ac14003a5f27e1bdc8d8c59608a773c1cb96e5\n>start {\"formatid\":\"gen9randombattle\",\"seed\":\"sodium,dc5d85445a3d26bdd91afa1c90c04f4b\",\"rated\":\"Rated battle\"}\n>player p1 {\"name\":\"bbmauro\",\"avatar\":\"bruno\",\"rating\":1577,\"seed\":\"sodium,d589776b83ef2c41eb093f068f13a595\"}\n>player p2 {\"name\":\"jnpr010334\",\"avatar\":\"265\",\"rating\":1631,\"seed\":\"sodium,b55f850c9fe41bf1b0682301d67d4be6\"}\n>p1 move knockoff\n>p2 move facade\n>p1 move psychicnoise\n>p2 move bravebird\n>p1 switch 3\n>p2 move bravebird\n>p1 move woodhammer\n>p2 move protect\n>p1 switch 3\n>p2 switch 4\n>p1 move recover\n>p2 switch 6\n>p1 switch 5\n>p2 move swordsdance\n>p1 switch 3\n>p2 move facade\n>p1 move suckerpunch\n>p2 move facade\n>p1 switch 6\n>p1 move suckerpunch\n>p2 move facade\n>p2 switch 2\n>p1 move bravebird\n>p2 move steameruption\n>p1 move suckerpunch\n>p2 move steameruption\n>p2 switch 6\n>p1 move heatwave\n>p2 move sunsteelstrike terastallize\n>p1 switch 3\n>p1 move voltswitch\n>p2 move earthquake\n>p1 switch 5\n>p1 move knockoff\n>p2 switch 3\n>p1 switch 5\n>p2 move thunderwave\n>p1 move wildcharge\n>p2 switch 3\n>p2 switch 5\n>p1 move icefang\n>p2 move substitute\n>p1 switch 2\n>p2 move substitute\n>p1 move seismictoss\n>p2 move leechseed\n>p1 move thunderwave\n>p2 move substitute\n>p1 move seismictoss\n>p2 move leechseed\n>p1 switch 5\n>p2 move substitute\n>p1 move psychicnoise\n>p2 move leechseed\n>p1 move psychicnoise\n>p2 move leafstorm\n>p2 switch 3\n>p1 switch 2\n>p2 move poltergeist\n>p1 switch 4\n>p1 move substitute\n>p2 move thunderwave\n>p1 move knockoff\n>p2 move gunkshot\n>p1 move protect\n>p2 move gunkshot\n>p1 move substitute\n>p2 move gunkshot\n>p1 move knockoff\n>p2 move gunkshot\n>p2 switch 4\n>p1 move bodyslam\n>p2 move facade", "uploadtime": 1782902371, "views": 7, "formatid": "gen9randombattle", "rating": 1603, "private": 0, "password": null, "player_dets": [{"name": "bbmauro", "avatar": "bruno", "rating": 1577, "seed": "sodium,d589776b83ef2c41eb093f068f13a595"}, {"name": "jnpr010334", "avatar": "265", "rating": 1631, "seed": "sodium,b55f850c9fe41bf1b0682301d67d4be6"}], "teams_full": [{"Chimecho": {"name": "Chimecho", "species": "Chimecho", "speciesId": "chimecho", "gender": "F", "shiny": false, "level": 93, "moves": ["knockoff", "recover", "encore", "psychicnoise"], "ability": "Levitate", "evs": {"hp": 85, "atk": 85, "def": 85, "spa": 85, "spd": 85, "spe": 85}, "ivs": {"hp": 31, "atk": 31, "def": 31, "spa": 31, "spd": 31, "spe": 31}, "item": "Leftovers", "teraType": "Dark", "role": "Bulky Support", "bvs": {"hp": 75, "atk": 50, "def": 80, "spa": 95, "spd": 90, "spe": 65}, "stats": {"hp": 290, "atk": 146, "def": 202, "spa": 230, "spd": 220, "spe": 174}, "types": ["Psychic"]}, "Chansey": {"name": "Chansey", "species": "Chansey", "speciesId": "chansey", "gender": "F", "shiny": false, "level": 85, "moves": ["stealthrock", "thunderwave", "softboiled", "seismictoss"], "ability": "Natural Cure", "evs": {"hp": 85, "atk": 0, "def": 85, "spa": 85, "spd": 85, "spe": 85}, "ivs": {"hp": 31, "atk": 0, "def": 31, "spa": 31, "spd": 31, "spe": 31}, "item": "Eviolite", "teraType": "Poison", "role": "Bulky Support", "bvs": {"hp": 250, "atk": 5, "def": 5, "spa": 35, "spd": 105, "spe": 50}, "stats": {"hp": 564, "atk": 13, "def": 57, "spa": 108, "spd": 227, "spe": 134}, "types": ["Normal"]}, "Sudowoodo": {"name": "Sudowoodo", "species": "Sudowoodo", "speciesId": "sudowoodo", "gender": "F", "shiny": false, "level": 94, "moves": ["woodhammer", "earthquake", "headsmash", "suckerpunch"], "ability": "Rock Head", "evs": {"hp": 85, "atk": 85, "def": 85, "spa": 85, "spd": 85, "spe": 85}, "ivs": {"hp": 31, "atk": 31, "def": 31, "spa": 31, "spd": 31, "spe": 31}, "item": "Choice Band", "teraType": "Grass", "role": "Bulky Attacker", "bvs": {"hp": 70, "atk": 100, "def": 115, "spa": 30, "spd": 65, "spe": 30}, "stats": {"hp": 284, "atk": 241, "def": 270, "spa": 110, "spd": 176, "spe": 110}, "types": ["Rock"]}, "Regigigas": {"name": "Regigigas", "species": "Regigigas", "speciesId": "regigigas", "gender": "N", "shiny": false, "level": 84, "moves": ["substitute", "bodyslam", "knockoff", "protect"], "ability": "Slow Start", "evs": {"hp": 85, "atk": 85, "def": 85, "spa": 85, "spd": 85, "spe": 85}, "ivs": {"hp": 31, "atk": 31, "def": 31, "spa": 31, "spd": 31, "spe": 31}, "item": "Leftovers", "teraType": "Poison", "role": "Bulky Attacker", "bvs": {"hp": 110, "atk": 160, "def": 110, "spa": 80, "spd": 110, "spe": 100}, "stats": {"hp": 322, "atk": 317, "def": 233, "spa": 183, "spd": 233, "spe": 216}, "types": ["Normal"]}, "Luxray": {"name": "Luxray", "species": "Luxray", "speciesId": "luxray", "gender": "M", "shiny": false, "level": 88, "moves": ["icefang", "playrough", "wildcharge", "voltswitch"], "ability": "Intimidate", "evs": {"hp": 85, "atk": 85, "def": 85, "spa": 85, "spd": 85, "spe": 85}, "ivs": {"hp": 31, "atk": 31, "def": 31, "spa": 31, "spd": 31, "spe": 31}, "item": "Assault Vest", "teraType": "Fairy", "role": "AV Pivot", "bvs": {"hp": 80, "atk": 120, "def": 79, "spa": 95, "spd": 79, "spe": 70}, "stats": {"hp": 284, "atk": 261, "def": 189, "spa": 217, "spd": 189, "spe": 173}, "types": ["Electric"]}, "Honchkrow": {"name": "Honchkrow", "species": "Honchkrow", "speciesId": "honchkrow", "gender": "F", "shiny": false, "level": 86, "moves": ["heatwave", "uturn", "suckerpunch", "bravebird"], "ability": "Moxie", "evs": {"hp": 85, "atk": 85, "def": 85, "spa": 85, "spd": 85, "spe": 85}, "ivs": {"hp": 31, "atk": 31, "def": 31, "spa": 31, "spd": 31, "spe": 31}, "item": "Heavy-Duty Boots", "teraType": "Dark", "role": "Fast Attacker", "bvs": {"hp": 100, "atk": 125, "def": 52, "spa": 105, "spd": 52, "spe": 71}, "stats": {"hp": 312, "atk": 264, "def": 139, "spa": 230, "spd": 139, "spe": 171}, "types": ["Dark", "Flying"]}}, {"Squawkabilly": {"name": "Squawkabilly", "species": "Squawkabilly-Blue", "speciesId": "squawkabillyblue", "gender": "F", "shiny": false, "level": 85, "moves": ["facade", "bravebird", "quickattack", "protect"], "ability": "Guts", "evs": {"hp": 85, "atk": 85, "def": 85, "spa": 85, "spd": 85, "spe": 85}, "ivs": {"hp": 31, "atk": 31, "def": 31, "spa": 31, "spd": 31, "spe": 31}, "item": "Flame Orb", "teraType": "Normal", "role": "Wallbreaker", "bvs": {"hp": 82, "atk": 96, "def": 51, "spa": 45, "spd": 51, "spe": 92}, "stats": {"hp": 278, "atk": 212, "def": 135, "spa": 125, "spd": 135, "spe": 205}, "types": ["Normal", "Flying"]}, "Volcanion": {"name": "Volcanion", "species": "Volcanion", "speciesId": "volcanion", "gender": "N", "shiny": false, "level": 79, "moves": ["flamethrower", "sludgebomb", "steameruption", "earthpower"], "ability": "Water Absorb", "evs": {"hp": 81, "atk": 0, "def": 85, "spa": 85, "spd": 85, "spe": 85}, "ivs": {"hp": 31, "atk": 0, "def": 31, "spa": 31, "spd": 31, "spe": 31}, "item": "Choice Scarf", "teraType": "Fire", "role": "Bulky Attacker", "bvs": {"hp": 80, "atk": 110, "def": 120, "spa": 130, "spd": 90, "spe": 70}, "stats": {"hp": 255, "atk": 178, "def": 235, "spa": 251, "spd": 188, "spe": 156}, "types": ["Fire", "Water"]}, "Banette": {"name": "Banette", "species": "Banette", "speciesId": "banette", "gender": "M", "shiny": false, "level": 93, "moves": ["poltergeist", "shadowsneak", "gunkshot", "thunderwave"], "ability": "Insomnia", "evs": {"hp": 85, "atk": 85, "def": 85, "spa": 85, "spd": 85, "spe": 85}, "ivs": {"hp": 31, "atk": 31, "def": 31, "spa": 31, "spd": 31, "spe": 31}, "item": "Life Orb", "teraType": "Poison", "role": "Wallbreaker", "bvs": {"hp": 64, "atk": 115, "def": 65, "spa": 83, "spd": 63, "spe": 65}, "stats": {"hp": 270, "atk": 267, "def": 174, "spa": 207, "spd": 170, "spe": 174}, "types": ["Ghost"]}, "Solgaleo": {"name": "Solgaleo", "species": "Solgaleo", "speciesId": "solgaleo", "gender": "N", "shiny": false, "level": 74, "moves": ["sunsteelstrike", "teleport", "morningsun", "earthquake"], "ability": "Full Metal Body", "evs": {"hp": 85, "atk": 85, "def": 85, "spa": 85, "spd": 85, "spe": 85}, "ivs": {"hp": 31, "atk": 31, "def": 31, "spa": 31, "spd": 31, "spe": 31}, "item": "Leftovers", "teraType": "Water", "role": "Bulky Attacker", "bvs": {"hp": 137, "atk": 137, "def": 107, "spa": 113, "spd": 89, "spe": 97}, "stats": {"hp": 325, "atk": 246, "def": 201, "spa": 210, "spd": 175, "spe": 187}, "types": ["Psychic", "Steel"]}, "Serperior": {"name": "Serperior", "species": "Serperior", "speciesId": "serperior", "gender": "M", "shiny": false, "level": 79, "moves": ["leechseed", "terablast", "leafstorm", "substitute"], "ability": "Contrary", "evs": {"hp": 85, "atk": 85, "def": 85, "spa": 85, "spd": 85, "spe": 85}, "ivs": {"hp": 31, "atk": 31, "def": 31, "spa": 31, "spd": 31, "spe": 31}, "item": "Leftovers", "teraType": "Fire", "role": "Tera Blast user", "bvs": {"hp": 75, "atk": 75, "def": 95, "spa": 75, "spd": 95, "spe": 113}, "stats": {"hp": 248, "atk": 164, "def": 196, "spa": 164, "spd": 196, "spe": 224}, "types": ["Grass"]}, "Zangoose": {"name": "Zangoose", "species": "Zangoose", "speciesId": "zangoose", "gender": "F", "shiny": false, "level": 85, "moves": ["knockoff", "closecombat", "swordsdance", "facade"], "ability": "Toxic Boost", "evs": {"hp": 85, "atk": 85, "def": 85, "spa": 85, "spd": 85, "spe": 85}, "ivs": {"hp": 31, "atk": 31, "def": 31, "spa": 31, "spd": 31, "spe": 31}, "item": "Toxic Orb", "teraType": "Normal", "role": "Fast Attacker", "bvs": {"hp": 73, "atk": 115, "def": 60, "spa": 60, "spd": 60, "spe": 90}, "stats": {"hp": 263, "atk": 244, "def": 151, "spa": 151, "spd": 151, "spe": 202}, "types": ["Normal"]}}]}