{"id": "gen9randombattle-2642083038", "format": "[Gen 9] Random Battle", "players": ["dmsa", "jnpr010334"], "log": "|j|\u2606dmsa\n|j|\u2606jnpr010334\n|t:|1782886163\n|gametype|singles\n|player|p1|dmsa|birdkeeper|1835\n|player|p2|jnpr010334|265|1836\n|gen|9\n|tier|[Gen 9] Random Battle\n|rated|\n|rule|Species Clause: Limit one of each Pok\u00e9mon\n|rule|HP Percentage Mod: HP is shown in percentages\n|rule|Sleep Clause Mod: Limit one foe put to sleep\n|rule|Illusion Level Mod: Illusion disguises the Pok\u00e9mon's true level\n|\n|t:|1782886163\n|teamsize|p1|6\n|teamsize|p2|6\n|start\n|switch|p1a: Revavroom|Revavroom, L79, F|256/256\n|switch|p2a: Decidueye|Decidueye-Hisui, L87, M|295/295\n|turn|1\n|\n|t:|1782886171\n|move|p1a: Revavroom|Shift Gear|p1a: Revavroom\n|-boost|p1a: Revavroom|spe|2\n|-boost|p1a: Revavroom|atk|1\n|move|p2a: Decidueye|Triple Arrows|p1a: Revavroom\n|-damage|p1a: Revavroom|127/256\n|-unboost|p1a: Revavroom|def|1\n|\n|upkeep\n|turn|2\n|inactive|Battle timer is ON: inactive players will automatically lose when time's up. (requested by jnpr010334)\n|\n|t:|1782886175\n|-terastallize|p2a: Decidueye|Steel\n|move|p1a: Revavroom|Gunk Shot|p2a: Decidueye\n|-immune|p2a: Decidueye\n|move|p2a: Decidueye|Triple Arrows|p1a: Revavroom\n|-damage|p1a: Revavroom|0 fnt\n|faint|p1a: Revavroom\n|\n|upkeep\n|\n|t:|1782886183\n|switch|p1a: Decidueye|Decidueye-Hisui, L87, M|295/295\n|turn|3\n|\n|t:|1782886187\n|move|p2a: Decidueye|Triple Arrows|p1a: Decidueye\n|-damage|p1a: Decidueye|166/295\n|-unboost|p1a: Decidueye|def|1\n|move|p1a: Decidueye|Triple Arrows|p2a: Decidueye\n|-supereffective|p2a: Decidueye\n|-crit|p2a: Decidueye\n|-damage|p2a: Decidueye|0 fnt\n|faint|p2a: Decidueye\n|\n|-heal|p1a: Decidueye|184/295|[from] item: Leftovers\n|upkeep\n|\n|t:|1782886189\n|switch|p2a: Lapras|Lapras, L87, M|235/235\n|turn|4\n|\n|t:|1782886195\n|switch|p1a: Iron Hands|Iron Hands, L79|373/373\n|move|p2a: Lapras|Dark Pulse|p1a: Iron Hands\n|-resisted|p1a: Iron Hands\n|-damage|p1a: Iron Hands|306/373\n|\n|upkeep\n|turn|5\n|\n|t:|1782886199\n|move|p1a: Iron Hands|Fake Out|p2a: Lapras\n|-damage|p2a: Lapras|189/235\n|replace|p2a: Zoroark|Zoroark, L83, M\n|-end|p2a: Zoroark|Illusion\n|-hint|Illusion Level Mod is active, so this Pok\u00e9mon's true level was hidden.\n|cant|p2a: Zoroark|flinch\n|\n|upkeep\n|turn|6\n|\n|t:|1782886208\n|switch|p2a: Sudowoodo|Sudowoodo, L94, M|284/284\n|move|p1a: Iron Hands|Drain Punch|p2a: Sudowoodo\n|-supereffective|p2a: Sudowoodo\n|-damage|p2a: Sudowoodo|156/284\n|-heal|p1a: Iron Hands|370/373|[from] drain|[of] p2a: Sudowoodo\n|\n|-heal|p2a: Sudowoodo|173/284|[from] item: Leftovers\n|upkeep\n|turn|7\n|\n|t:|1782886217\n|move|p1a: Iron Hands|Drain Punch|p2a: Sudowoodo\n|-supereffective|p2a: Sudowoodo\n|-crit|p2a: Sudowoodo\n|-damage|p2a: Sudowoodo|0 fnt\n|-heal|p1a: Iron Hands|373/373|[from] drain|[of] p2a: Sudowoodo\n|faint|p2a: Sudowoodo\n|\n|upkeep\n|\n|t:|1782886218\n|switch|p2a: Lapras|Lapras, L87, M|189/235\n|turn|8\n|\n|t:|1782886221\n|move|p2a: Lapras|Dark Pulse|p1a: Iron Hands\n|-resisted|p1a: Iron Hands\n|-damage|p1a: Iron Hands|306/373\n|move|p1a: Iron Hands|Drain Punch|p2a: Lapras\n|-supereffective|p2a: Lapras\n|-damage|p2a: Lapras|0 fnt\n|-heal|p1a: Iron Hands|373/373|[from] drain|[of] p2a: Lapras\n|replace|p2a: Zoroark|Zoroark, L83, M\n|-end|p2a: Zoroark|Illusion\n|faint|p2a: Zoroark\n|\n|upkeep\n|\n|t:|1782886224\n|switch|p2a: Passimian|Passimian, L83, M|302/302\n|turn|9\n|\n|t:|1782886226\n|move|p2a: Passimian|Gunk Shot|p1a: Iron Hands\n|-damage|p1a: Iron Hands|275/373\n|-status|p1a: Iron Hands|psn\n|move|p1a: Iron Hands|Volt Switch|p2a: Passimian\n|-damage|p2a: Passimian|251/302\n|\n|t:|1782886233\n|-end|p1a: Iron Hands|Quark Drive|[silent]\n|switch|p1a: Oranguru|Oranguru, L92, M|315/315|[from] Volt Switch\n|\n|upkeep\n|turn|10\n|\n|t:|1782886235\n|switch|p2a: Solgaleo|Solgaleo, L74|325/325\n|move|p1a: Oranguru|Psyshock|p2a: Solgaleo\n|-resisted|p2a: Solgaleo\n|-damage|p2a: Solgaleo|303/325\n|\n|-heal|p2a: Solgaleo|323/325|[from] item: Leftovers\n|upkeep\n|turn|11\n|\n|t:|1782886239\n|switch|p1a: Lumineon|Lumineon, L93, M|279/279\n|move|p2a: Solgaleo|Knock Off|p1a: Lumineon\n|-damage|p1a: Lumineon|210/279\n|-enditem|p1a: Lumineon|Life Orb|[from] move: Knock Off|[of] p2a: Solgaleo\n|\n|-heal|p2a: Solgaleo|325/325|[from] item: Leftovers\n|upkeep\n|turn|12\n|\n|t:|1782886243\n|switch|p2a: Lapras|Lapras, L87, M|368/368\n|move|p1a: Lumineon|Hydro Pump|p2a: Lapras\n|-immune|p2a: Lapras|[from] ability: Water Absorb\n|\n|upkeep\n|turn|13\n|\n|t:|1782886248\n|switch|p1a: Oranguru|Oranguru, L92, M|315/315\n|move|p2a: Lapras|Freeze-Dry|p1a: Oranguru\n|-damage|p1a: Oranguru|257/315\n|\n|-heal|p1a: Oranguru|276/315|[from] item: Leftovers\n|upkeep\n|turn|14\n|\n|t:|1782886250\n|switch|p2a: Solgaleo|Solgaleo, L74|325/325\n|move|p1a: Oranguru|Nasty Plot|p1a: Oranguru\n|-boost|p1a: Oranguru|spa|2\n|\n|-heal|p1a: Oranguru|295/315|[from] item: Leftovers\n|upkeep\n|turn|15\n|\n|t:|1782886254\n|move|p2a: Solgaleo|Knock Off|p1a: Oranguru\n|-supereffective|p1a: Oranguru\n|-damage|p1a: Oranguru|153/315\n|-enditem|p1a: Oranguru|Leftovers|[from] move: Knock Off|[of] p2a: Solgaleo\n|move|p1a: Oranguru|Nasty Plot|p1a: Oranguru\n|-boost|p1a: Oranguru|spa|2\n|\n|upkeep\n|turn|16\n|\n|t:|1782886260\n|move|p2a: Solgaleo|Sunsteel Strike|p1a: Oranguru\n|-damage|p1a: Oranguru|54/315\n|move|p1a: Oranguru|Thunderbolt|p2a: Solgaleo\n|-damage|p2a: Solgaleo|99/325\n|\n|-heal|p2a: Solgaleo|119/325|[from] item: Leftovers\n|upkeep\n|turn|17\n|\n|t:|1782886268\n|move|p2a: Solgaleo|Sunsteel Strike|p1a: Oranguru\n|-crit|p1a: Oranguru\n|-damage|p1a: Oranguru|0 fnt\n|faint|p1a: Oranguru\n|\n|-heal|p2a: Solgaleo|139/325|[from] item: Leftovers\n|upkeep\n|\n|t:|1782886277\n|switch|p1a: Lumineon|Lumineon, L93, M|210/279\n|turn|18\n|\n|t:|1782886279\n|switch|p2a: Lapras|Lapras, L87, M|368/368\n|move|p1a: Lumineon|Alluring Voice|p2a: Lapras\n|-damage|p2a: Lapras|321/368\n|\n|upkeep\n|turn|19\n|\n|t:|1782886284\n|switch|p1a: Iron Hands|Iron Hands, L79|275/373 psn\n|move|p2a: Lapras|Freeze-Dry|p1a: Iron Hands\n|-damage|p1a: Iron Hands|211/373 psn\n|\n|-damage|p1a: Iron Hands|165/373 psn|[from] psn\n|upkeep\n|turn|20\n|\n|t:|1782886289\n|switch|p2a: Solgaleo|Solgaleo, L74|139/325\n|move|p1a: Iron Hands|Drain Punch|p2a: Solgaleo\n|-damage|p2a: Solgaleo|40/325\n|-heal|p1a: Iron Hands|215/373 psn|[from] drain|[of] p2a: Solgaleo\n|\n|-heal|p2a: Solgaleo|60/325|[from] item: Leftovers\n|-damage|p1a: Iron Hands|169/373 psn|[from] psn\n|upkeep\n|turn|21\n|\n|t:|1782886294\n|move|p2a: Solgaleo|Morning Sun|p2a: Solgaleo\n|-heal|p2a: Solgaleo|222/325\n|move|p1a: Iron Hands|Drain Punch|p2a: Solgaleo\n|-damage|p2a: Solgaleo|137/325\n|-heal|p1a: Iron Hands|212/373 psn|[from] drain|[of] p2a: Solgaleo\n|\n|-heal|p2a: Solgaleo|157/325|[from] item: Leftovers\n|-damage|p1a: Iron Hands|166/373 psn|[from] psn\n|upkeep\n|turn|22\n|\n|t:|1782886299\n|move|p2a: Solgaleo|Morning Sun|p2a: Solgaleo\n|-heal|p2a: Solgaleo|319/325\n|move|p1a: Iron Hands|Volt Switch|p2a: Solgaleo\n|-damage|p2a: Solgaleo|273/325\n|\n|t:|1782886303\n|-end|p1a: Iron Hands|Quark Drive|[silent]\n|switch|p1a: Lumineon|Lumineon, L93, M|210/279|[from] Volt Switch\n|\n|-heal|p2a: Solgaleo|293/325|[from] item: Leftovers\n|upkeep\n|turn|23\n|\n|t:|1782886308\n|switch|p2a: Lapras|Lapras, L87, M|321/368\n|move|p1a: Lumineon|Encore||[still]\n|-fail|p1a: Lumineon\n|\n|upkeep\n|turn|24\n|\n|t:|1782886315\n|move|p1a: Lumineon|Alluring Voice|p2a: Lapras\n|-damage|p2a: Lapras|276/368\n|move|p2a: Lapras|Freeze-Dry|p1a: Lumineon\n|-supereffective|p1a: Lumineon\n|-damage|p1a: Lumineon|90/279\n|\n|upkeep\n|turn|25\n|\n|t:|1782886317\n|move|p1a: Lumineon|Encore|p2a: Lapras\n|-start|p2a: Lapras|Encore\n|move|p2a: Lapras|Freeze-Dry|p1a: Lumineon\n|-supereffective|p1a: Lumineon\n|-damage|p1a: Lumineon|0 fnt\n|faint|p1a: Lumineon\n|\n|upkeep\n|\n|t:|1782886320\n|switch|p1a: Iron Hands|Iron Hands, L79|166/373 psn\n|turn|26\n|\n|t:|1782886323\n|switch|p2a: Solgaleo|Solgaleo, L74|293/325\n|move|p1a: Iron Hands|Drain Punch|p2a: Solgaleo\n|-damage|p2a: Solgaleo|205/325\n|-heal|p1a: Iron Hands|210/373 psn|[from] drain|[of] p2a: Solgaleo\n|\n|-heal|p2a: Solgaleo|225/325|[from] item: Leftovers\n|-damage|p1a: Iron Hands|164/373 psn|[from] psn\n|upkeep\n|turn|27\n|\n|t:|1782886328\n|move|p2a: Solgaleo|Morning Sun|p2a: Solgaleo\n|-heal|p2a: Solgaleo|325/325\n|move|p1a: Iron Hands|Drain Punch|p2a: Solgaleo\n|-damage|p2a: Solgaleo|231/325\n|-heal|p1a: Iron Hands|211/373 psn|[from] drain|[of] p2a: Solgaleo\n|\n|-heal|p2a: Solgaleo|251/325|[from] item: Leftovers\n|-damage|p1a: Iron Hands|165/373 psn|[from] psn\n|upkeep\n|turn|28\n|\n|t:|1782886330\n|move|p2a: Solgaleo|Sunsteel Strike|p1a: Iron Hands\n|-resisted|p1a: Iron Hands\n|-damage|p1a: Iron Hands|119/373 psn\n|move|p1a: Iron Hands|Drain Punch|p2a: Solgaleo\n|-damage|p2a: Solgaleo|155/325\n|-heal|p1a: Iron Hands|167/373 psn|[from] drain|[of] p2a: Solgaleo\n|\n|-heal|p2a: Solgaleo|175/325|[from] item: Leftovers\n|-damage|p1a: Iron Hands|121/373 psn|[from] psn\n|upkeep\n|turn|29\n|\n|t:|1782886332\n|move|p2a: Solgaleo|Morning Sun|p2a: Solgaleo\n|-heal|p2a: Solgaleo|325/325\n|move|p1a: Iron Hands|Drain Punch|p2a: Solgaleo\n|-damage|p2a: Solgaleo|231/325\n|-heal|p1a: Iron Hands|168/373 psn|[from] drain|[of] p2a: Solgaleo\n|\n|-heal|p2a: Solgaleo|251/325|[from] item: Leftovers\n|-damage|p1a: Iron Hands|122/373 psn|[from] psn\n|upkeep\n|turn|30\n|\n|t:|1782886335\n|move|p2a: Solgaleo|Sunsteel Strike|p1a: Iron Hands\n|-resisted|p1a: Iron Hands\n|-damage|p1a: Iron Hands|74/373 psn\n|move|p1a: Iron Hands|Drain Punch|p2a: Solgaleo\n|-damage|p2a: Solgaleo|161/325\n|-heal|p1a: Iron Hands|119/373 psn|[from] drain|[of] p2a: Solgaleo\n|\n|-heal|p2a: Solgaleo|181/325|[from] item: Leftovers\n|-damage|p1a: Iron Hands|73/373 psn|[from] psn\n|upkeep\n|turn|31\n|\n|t:|1782886336\n|move|p2a: Solgaleo|Morning Sun|p2a: Solgaleo\n|-heal|p2a: Solgaleo|325/325\n|move|p1a: Iron Hands|Drain Punch|p2a: Solgaleo\n|-damage|p2a: Solgaleo|228/325\n|-heal|p1a: Iron Hands|122/373 psn|[from] drain|[of] p2a: Solgaleo\n|\n|-heal|p2a: Solgaleo|248/325|[from] item: Leftovers\n|-damage|p1a: Iron Hands|76/373 psn|[from] psn\n|upkeep\n|turn|32\n|\n|t:|1782886341\n|move|p2a: Solgaleo|Sunsteel Strike|p1a: Iron Hands\n|-resisted|p1a: Iron Hands\n|-damage|p1a: Iron Hands|30/373 psn\n|move|p1a: Iron Hands|Drain Punch|p2a: Solgaleo\n|-damage|p2a: Solgaleo|160/325\n|-heal|p1a: Iron Hands|74/373 psn|[from] drain|[of] p2a: Solgaleo\n|\n|-heal|p2a: Solgaleo|180/325|[from] item: Leftovers\n|-damage|p1a: Iron Hands|28/373 psn|[from] psn\n|upkeep\n|turn|33\n|\n|t:|1782886348\n|move|p2a: Solgaleo|Morning Sun|p2a: Solgaleo\n|-heal|p2a: Solgaleo|325/325\n|move|p1a: Iron Hands|Drain Punch|p2a: Solgaleo\n|-damage|p2a: Solgaleo|228/325\n|-heal|p1a: Iron Hands|77/373 psn|[from] drain|[of] p2a: Solgaleo\n|\n|-heal|p2a: Solgaleo|248/325|[from] item: Leftovers\n|-damage|p1a: Iron Hands|31/373 psn|[from] psn\n|upkeep\n|turn|34\n|\n|t:|1782886353\n|move|p2a: Solgaleo|Sunsteel Strike|p1a: Iron Hands\n|-resisted|p1a: Iron Hands\n|-damage|p1a: Iron Hands|0 fnt\n|faint|p1a: Iron Hands\n|-end|p1a: Iron Hands|Quark Drive|[silent]\n|\n|-heal|p2a: Solgaleo|268/325|[from] item: Leftovers\n|upkeep\n|\n|t:|1782886375\n|switch|p1a: Regidrago|Regidrago, L77|435/435\n|turn|35\n|\n|t:|1782886376\n|move|p1a: Regidrago|Earthquake|p2a: Solgaleo\n|-supereffective|p2a: Solgaleo\n|-damage|p2a: Solgaleo|142/325\n|move|p2a: Solgaleo|Sunsteel Strike|p1a: Regidrago\n|-damage|p1a: Regidrago|257/435\n|\n|-heal|p2a: Solgaleo|162/325|[from] item: Leftovers\n|upkeep\n|turn|36\n|-message|dmsa forfeited.\n|\n|win|jnpr010334\n|raw|dmsa's rating: 1835 &rarr; <strong>1816</strong><br />(-19 for losing)\n|raw|jnpr010334's rating: 1855 &rarr; <strong>1874</strong><br />(+19 for winning)\n|l|\u2606dmsa\n|player|p1|\n", "inputlog": ">version f8ac14003a5f27e1bdc8d8c59608a773c1cb96e5\n>start {\"formatid\":\"gen9randombattle\",\"seed\":\"sodium,bae31277dfa69cad7720a1702fec9182\",\"rated\":\"Rated battle\"}\n>player p1 {\"name\":\"dmsa\",\"avatar\":\"birdkeeper\",\"rating\":1835,\"seed\":\"sodium,17322b9fdf744aaaf57d3c0d1b93b70a\"}\n>player p2 {\"name\":\"jnpr010334\",\"avatar\":\"265\",\"rating\":1836,\"seed\":\"sodium,e2cef5d12fe94f0fcc80f566505a870e\"}\n>p1 move shiftgear\n>p2 move triplearrows\n>p1 move gunkshot\n>p2 move triplearrows terastallize\n>p1 switch 2\n>p1 move triplearrows\n>p2 move triplearrows\n>p2 switch 4\n>p1 switch 5\n>p2 move darkpulse\n>p1 move fakeout\n>p2 move darkpulse\n>p1 move drainpunch\n>p2 switch 2\n>p1 move drainpunch\n>p2 move stealthrock\n>p2 switch 2\n>p1 move drainpunch\n>p2 move darkpulse\n>p2 switch 3\n>p1 move voltswitch\n>p2 move gunkshot\n>p1 switch 3\n>p1 move psyshock\n>p2 switch 5\n>p1 switch 6\n>p2 move knockoff\n>p1 move hydropump\n>p2 switch 6\n>p1 switch 6\n>p2 move freezedry\n>p1 move nastyplot\n>p2 switch 6\n>p1 move nastyplot\n>p2 move knockoff\n>p1 move thunderbolt\n>p2 move sunsteelstrike\n>p1 move thunderbolt\n>p2 move sunsteelstrike\n>p1 switch 6\n>p1 move alluringvoice\n>p2 switch 6\n>p1 switch 3\n>p2 move freezedry\n>p1 move drainpunch\n>p2 switch 6\n>p1 move drainpunch\n>p2 move morningsun\n>p1 move voltswitch\n>p2 move morningsun\n>p1 switch 3\n>p1 move encore\n>p2 switch 6\n>p1 move alluringvoice\n>p2 move freezedry\n>p1 move encore\n>p2 move freezedry\n>p1 switch 3\n>p1 move drainpunch\n>p2 switch 6\n>p1 move drainpunch\n>p2 move morningsun\n>p1 move drainpunch\n>p2 move sunsteelstrike\n>p1 move drainpunch\n>p2 move morningsun\n>p1 move drainpunch\n>p2 move sunsteelstrike\n>p1 move drainpunch\n>p2 move morningsun\n>p1 move drainpunch\n>p2 move sunsteelstrike\n>p1 move drainpunch\n>p2 move morningsun\n>p1 move drainpunch\n>p2 move sunsteelstrike\n>p1 switch 4\n>p1 move earthquake\n>p2 move sunsteelstrike\n>forcelose p1", "uploadtime": 1782886379, "views": 7, "formatid": "gen9randombattle", "rating": 1816, "private": 0, "password": null, "player_dets": [{"name": "dmsa", "avatar": "birdkeeper", "rating": 1835, "seed": "sodium,17322b9fdf744aaaf57d3c0d1b93b70a"}, {"name": "jnpr010334", "avatar": "265", "rating": 1836, "seed": "sodium,e2cef5d12fe94f0fcc80f566505a870e"}], "teams_full": [{"Revavroom": {"name": "Revavroom", "species": "Revavroom", "speciesId": "revavroom", "gender": "F", "shiny": false, "level": 79, "moves": ["shiftgear", "ironhead", "gunkshot", "highhorsepower"], "ability": "Filter", "evs": {"hp": 85, "atk": 85, "def": 85, "spa": 85, "spd": 85, "spe": 85}, "ivs": {"hp": 31, "atk": 31, "def": 31, "spa": 31, "spd": 31, "spe": 31}, "item": "Life Orb", "teraType": "Ground", "role": "Fast Attacker", "bvs": {"hp": 80, "atk": 119, "def": 90, "spa": 54, "spd": 67, "spe": 90}, "stats": {"hp": 256, "atk": 234, "def": 188, "spa": 131, "spd": 151, "spe": 188}, "types": ["Steel", "Poison"]}, "Decidueye": {"name": "Decidueye", "species": "Decidueye-Hisui", "speciesId": "decidueyehisui", "gender": "M", "shiny": false, "level": 87, "moves": ["uturn", "leafblade", "roost", "triplearrows"], "ability": "Scrappy", "evs": {"hp": 85, "atk": 85, "def": 85, "spa": 85, "spd": 85, "spe": 85}, "ivs": {"hp": 31, "atk": 31, "def": 31, "spa": 31, "spd": 31, "spe": 31}, "item": "Leftovers", "teraType": "Steel", "role": "Bulky Attacker", "bvs": {"hp": 88, "atk": 112, "def": 80, "spa": 95, "spd": 95, "spe": 60}, "stats": {"hp": 295, "atk": 245, "def": 189, "spa": 215, "spd": 215, "spe": 154}, "types": ["Grass", "Fighting"]}, "Oranguru": {"name": "Oranguru", "species": "Oranguru", "speciesId": "oranguru", "gender": "M", "shiny": false, "level": 92, "moves": ["nastyplot", "focusblast", "thunderbolt", "psyshock"], "ability": "Inner Focus", "evs": {"hp": 85, "atk": 0, "def": 85, "spa": 85, "spd": 85, "spe": 85}, "ivs": {"hp": 31, "atk": 0, "def": 31, "spa": 31, "spd": 31, "spe": 31}, "item": "Leftovers", "teraType": "Fighting", "role": "Bulky Attacker", "bvs": {"hp": 90, "atk": 60, "def": 80, "spa": 90, "spd": 110, "spe": 60}, "stats": {"hp": 315, "atk": 115, "def": 200, "spa": 218, "spd": 255, "spe": 163}, "types": ["Normal", "Psychic"]}, "Regidrago": {"name": "Regidrago", "species": "Regidrago", "speciesId": "regidrago", "gender": "N", "shiny": false, "level": 77, "moves": ["dragonenergy", "earthquake", "dracometeor", "outrage"], "ability": "Dragon's Maw", "evs": {"hp": 85, "atk": 85, "def": 85, "spa": 85, "spd": 85, "spe": 85}, "ivs": {"hp": 31, "atk": 31, "def": 31, "spa": 31, "spd": 31, "spe": 31}, "item": "Choice Scarf", "teraType": "Dragon", "role": "Fast Attacker", "bvs": {"hp": 200, "atk": 100, "def": 50, "spa": 100, "spd": 50, "spe": 80}, "stats": {"hp": 435, "atk": 199, "def": 122, "spa": 199, "spd": 122, "spe": 168}, "types": ["Dragon"]}, "Iron Hands": {"name": "Iron Hands", "species": "Iron Hands", "speciesId": "ironhands", "gender": "N", "shiny": false, "level": 79, "moves": ["voltswitch", "drainpunch", "thunderpunch", "fakeout"], "ability": "Quark Drive", "evs": {"hp": 85, "atk": 85, "def": 85, "spa": 85, "spd": 85, "spe": 85}, "ivs": {"hp": 31, "atk": 31, "def": 31, "spa": 31, "spd": 31, "spe": 31}, "item": "Assault Vest", "teraType": "Electric", "role": "AV Pivot", "bvs": {"hp": 154, "atk": 140, "def": 108, "spa": 50, "spd": 68, "spe": 50}, "stats": {"hp": 373, "atk": 267, "def": 216, "spa": 125, "spd": 153, "spe": 125}, "types": ["Fighting", "Electric"]}, "Lumineon": {"name": "Lumineon", "species": "Lumineon", "speciesId": "lumineon", "gender": "M", "shiny": false, "level": 93, "moves": ["encore", "hydropump", "alluringvoice", "icebeam"], "ability": "Storm Drain", "evs": {"hp": 85, "atk": 0, "def": 85, "spa": 85, "spd": 85, "spe": 85}, "ivs": {"hp": 31, "atk": 0, "def": 31, "spa": 31, "spd": 31, "spe": 31}, "item": "Life Orb", "teraType": "Water", "role": "Fast Attacker", "bvs": {"hp": 69, "atk": 69, "def": 76, "spa": 69, "spd": 86, "spe": 91}, "stats": {"hp": 279, "atk": 133, "def": 194, "spa": 181, "spd": 213, "spe": 222}, "types": ["Water"]}}, {"Decidueye": {"name": "Decidueye", "species": "Decidueye-Hisui", "speciesId": "decidueyehisui", "gender": "M", "shiny": false, "level": 87, "moves": ["roost", "triplearrows", "defog", "leafblade"], "ability": "Scrappy", "evs": {"hp": 85, "atk": 85, "def": 85, "spa": 85, "spd": 85, "spe": 85}, "ivs": {"hp": 31, "atk": 31, "def": 31, "spa": 31, "spd": 31, "spe": 31}, "item": "Leftovers", "teraType": "Steel", "role": "Bulky Attacker", "bvs": {"hp": 88, "atk": 112, "def": 80, "spa": 95, "spd": 95, "spe": 60}, "stats": {"hp": 295, "atk": 245, "def": 189, "spa": 215, "spd": 215, "spe": 154}, "types": ["Grass", "Fighting"]}, "Sudowoodo": {"name": "Sudowoodo", "species": "Sudowoodo", "speciesId": "sudowoodo", "gender": "M", "shiny": false, "level": 94, "moves": ["stealthrock", "earthquake", "headsmash", "woodhammer"], "ability": "Rock Head", "evs": {"hp": 85, "atk": 85, "def": 85, "spa": 85, "spd": 85, "spe": 85}, "ivs": {"hp": 31, "atk": 31, "def": 31, "spa": 31, "spd": 31, "spe": 31}, "item": "Leftovers", "teraType": "Rock", "role": "Bulky Attacker", "bvs": {"hp": 70, "atk": 100, "def": 115, "spa": 30, "spd": 65, "spe": 30}, "stats": {"hp": 284, "atk": 241, "def": 270, "spa": 110, "spd": 176, "spe": 110}, "types": ["Rock"]}, "Passimian": {"name": "Passimian", "species": "Passimian", "speciesId": "passimian", "gender": "M", "shiny": false, "level": 83, "moves": ["knockoff", "rockslide", "closecombat", "gunkshot"], "ability": "Defiant", "evs": {"hp": 85, "atk": 85, "def": 85, "spa": 85, "spd": 85, "spe": 85}, "ivs": {"hp": 31, "atk": 31, "def": 31, "spa": 31, "spd": 31, "spe": 31}, "item": "Choice Scarf", "teraType": "Dark", "role": "Fast Attacker", "bvs": {"hp": 100, "atk": 120, "def": 90, "spa": 40, "spd": 60, "spe": 80}, "stats": {"hp": 302, "atk": 247, "def": 197, "spa": 114, "spd": 147, "spe": 180}, "types": ["Fighting"]}, "Zoroark": {"name": "Zoroark", "species": "Zoroark", "speciesId": "zoroark", "gender": "M", "shiny": false, "level": 83, "moves": ["flamethrower", "darkpulse", "focusblast", "sludgebomb"], "ability": "Illusion", "evs": {"hp": 85, "atk": 0, "def": 85, "spa": 85, "spd": 85, "spe": 85}, "ivs": {"hp": 31, "atk": 0, "def": 31, "spa": 31, "spd": 31, "spe": 31}, "item": "Choice Specs", "teraType": "Poison", "role": "Wallbreaker", "bvs": {"hp": 60, "atk": 105, "def": 60, "spa": 120, "spd": 60, "spe": 105}, "stats": {"hp": 235, "atk": 179, "def": 147, "spa": 247, "spd": 147, "spe": 222}, "types": ["Dark"]}, "Solgaleo": {"name": "Solgaleo", "species": "Solgaleo", "speciesId": "solgaleo", "gender": "N", "shiny": false, "level": 74, "moves": ["closecombat", "knockoff", "sunsteelstrike", "morningsun"], "ability": "Full Metal Body", "evs": {"hp": 85, "atk": 85, "def": 85, "spa": 85, "spd": 85, "spe": 85}, "ivs": {"hp": 31, "atk": 31, "def": 31, "spa": 31, "spd": 31, "spe": 31}, "item": "Leftovers", "teraType": "Water", "role": "Bulky Attacker", "bvs": {"hp": 137, "atk": 137, "def": 107, "spa": 113, "spd": 89, "spe": 97}, "stats": {"hp": 325, "atk": 246, "def": 201, "spa": 210, "spd": 175, "spe": 187}, "types": ["Psychic", "Steel"]}, "Lapras": {"name": "Lapras", "species": "Lapras", "speciesId": "lapras", "gender": "M", "shiny": false, "level": 87, "moves": ["sparklingaria", "sleeptalk", "rest", "freezedry"], "ability": "Water Absorb", "evs": {"hp": 85, "atk": 0, "def": 85, "spa": 85, "spd": 85, "spe": 85}, "ivs": {"hp": 31, "atk": 0, "def": 31, "spa": 31, "spd": 31, "spe": 31}, "item": "Heavy-Duty Boots", "teraType": "Dragon", "role": "Bulky Attacker", "bvs": {"hp": 130, "atk": 85, "def": 80, "spa": 85, "spd": 95, "spe": 60}, "stats": {"hp": 368, "atk": 152, "def": 189, "spa": 198, "spd": 215, "spe": 154}, "types": ["Water", "Ice"]}}]}