{"id": "gen9randombattle-2641835355", "format": "[Gen 9] Random Battle", "players": ["bisharp to c4", "WeldZmen"], "log": "|j|\u2606bisharp to c4\n|j|\u2606WeldZmen\n|t:|1782847640\n|gametype|singles\n|player|p1|bisharp to c4|102|1208\n|player|p2|WeldZmen|169|1220\n|gen|9\n|tier|[Gen 9] Random Battle\n|rated|\n|rule|Species Clause: Limit one of each Pok\u00e9mon\n|rule|HP Percentage Mod: HP is shown in percentages\n|rule|Sleep Clause Mod: Limit one foe put to sleep\n|rule|Illusion Level Mod: Illusion disguises the Pok\u00e9mon's true level\n|\n|t:|1782847640\n|teamsize|p1|6\n|teamsize|p2|6\n|start\n|switch|p1a: Regidrago|Regidrago, L77|435/435\n|switch|p2a: Zebstrika|Zebstrika, L87, F|272/272\n|turn|1\n|inactive|Battle timer is ON: inactive players will automatically lose when time's up. (requested by WeldZmen)\n|\n|t:|1782847666\n|move|p1a: Regidrago|Earthquake|p2a: Zebstrika\n|-supereffective|p2a: Zebstrika\n|-damage|p2a: Zebstrika|134/272\n|move|p2a: Zebstrika|Volt Switch|p1a: Regidrago\n|-resisted|p1a: Regidrago\n|-damage|p1a: Regidrago|361/435\n|-damage|p2a: Zebstrika|107/272|[from] item: Life Orb\n|\n|t:|1782847681\n|switch|p2a: Vespiquen|Vespiquen, L99, F|299/299|[from] Volt Switch\n|-ability|p2a: Vespiquen|Pressure\n|\n|upkeep\n|turn|2\n|inactive|bisharp to c4 has 120 seconds left.\n|\n|t:|1782847719\n|switch|p1a: Dugtrio|Dugtrio-Alola, L84, F|196/196\n|move|p2a: Vespiquen|Toxic|p1a: Dugtrio\n|-immune|p1a: Dugtrio\n|\n|upkeep\n|turn|3\n|inactive|bisharp to c4 has 120 seconds left.\n|\n|t:|1782847730\n|move|p1a: Dugtrio|Stealth Rock|p2a: Vespiquen\n|-sidestart|p2: WeldZmen|move: Stealth Rock\n|move|p2a: Vespiquen|Spikes|p1a: Dugtrio\n|-sidestart|p1: bisharp to c4|Spikes\n|\n|upkeep\n|turn|4\n|inactive|bisharp to c4 has 120 seconds left.\n|inactive|bisharp to c4 has 90 seconds left.\n|\n|t:|1782847776\n|move|p1a: Dugtrio|Iron Head|p2a: Vespiquen\n|-damage|p2a: Vespiquen|217/299\n|-damage|p1a: Dugtrio|177/196|[from] item: Life Orb\n|move|p2a: Vespiquen|Spikes|p1a: Dugtrio\n|-sidestart|p1: bisharp to c4|Spikes\n|\n|upkeep\n|turn|5\n|inactive|bisharp to c4 has 90 seconds left.\n|\n|t:|1782847783\n|move|p1a: Dugtrio|Iron Head|p2a: Vespiquen\n|-damage|p2a: Vespiquen|127/299\n|-damage|p1a: Dugtrio|158/196|[from] item: Life Orb\n|cant|p2a: Vespiquen|flinch\n|\n|upkeep\n|turn|6\n|inactive|bisharp to c4 has 90 seconds left.\n|\n|t:|1782847812\n|move|p1a: Dugtrio|Iron Head|p2a: Vespiquen\n|-damage|p2a: Vespiquen|48/299\n|-damage|p1a: Dugtrio|139/196|[from] item: Life Orb\n|move|p2a: Vespiquen|Roost|p2a: Vespiquen\n|-heal|p2a: Vespiquen|198/299\n|-singleturn|p2a: Vespiquen|move: Roost\n|\n|upkeep\n|turn|7\n|\n|t:|1782847824\n|switch|p2a: Krookodile|Krookodile, L79, F|280/280\n|-damage|p2a: Krookodile|263/280|[from] Stealth Rock\n|-ability|p2a: Krookodile|Intimidate|boost\n|-unboost|p1a: Dugtrio|atk|1\n|move|p1a: Dugtrio|Iron Head|p2a: Krookodile\n|-damage|p2a: Krookodile|184/280\n|-damage|p1a: Dugtrio|120/196|[from] item: Life Orb\n|\n|upkeep\n|turn|8\n|inactive|bisharp to c4 has 60 seconds left.\n|\n|t:|1782847870\n|switch|p1a: Swanna|Swanna, L89, M|278/278\n|move|p2a: Krookodile|Stealth Rock|p1a: Swanna\n|-sidestart|p1: bisharp to c4|move: Stealth Rock\n|\n|upkeep\n|turn|9\n|\n|t:|1782847887\n|move|p1a: Swanna|Hydro Pump|p2a: Krookodile|[miss]\n|-miss|p1a: Swanna|p2a: Krookodile\n|move|p2a: Krookodile|Knock Off|p1a: Swanna\n|-damage|p1a: Swanna|114/278\n|-enditem|p1a: Swanna|Heavy-Duty Boots|[from] move: Knock Off|[of] p2a: Krookodile\n|-damage|p2a: Krookodile|156/280|[from] item: Life Orb\n|\n|upkeep\n|turn|10\n|\n|t:|1782847896\n|move|p1a: Swanna|Hydro Pump|p2a: Krookodile\n|-supereffective|p2a: Krookodile\n|-crit|p2a: Krookodile\n|-damage|p2a: Krookodile|0 fnt\n|faint|p2a: Krookodile\n|\n|upkeep\n|\n|t:|1782847900\n|switch|p2a: Zebstrika|Zebstrika, L87, F|107/272\n|-damage|p2a: Zebstrika|73/272|[from] Stealth Rock\n|turn|11\n|\n|t:|1782847914\n|-terastallize|p1a: Swanna|Ground\n|move|p2a: Zebstrika|Volt Switch|p1a: Swanna\n|-immune|p1a: Swanna\n|move|p1a: Swanna|Brave Bird|p2a: Zebstrika\n|-resisted|p2a: Zebstrika\n|-crit|p2a: Zebstrika\n|-damage|p2a: Zebstrika|0 fnt\n|faint|p2a: Zebstrika\n|-damage|p1a: Swanna|90/278|[from] Recoil\n|\n|upkeep\n|\n|t:|1782847927\n|switch|p2a: Vespiquen|Vespiquen, L99, F|198/299\n|-ability|p2a: Vespiquen|Pressure\n|turn|12\n|inactive|bisharp to c4 has 60 seconds left.\n|\n|t:|1782847936\n|move|p1a: Swanna|Roost|p1a: Swanna\n|-heal|p1a: Swanna|229/278\n|move|p2a: Vespiquen|Roost|p2a: Vespiquen\n|-heal|p2a: Vespiquen|299/299\n|-singleturn|p2a: Vespiquen|move: Roost\n|\n|upkeep\n|turn|13\n|inactive|bisharp to c4 has 60 seconds left.\n|\n|t:|1782847950\n|move|p1a: Swanna|Brave Bird|p2a: Vespiquen\n|-supereffective|p2a: Vespiquen\n|-damage|p2a: Vespiquen|111/299\n|-damage|p1a: Swanna|167/278|[from] Recoil\n|move|p2a: Vespiquen|Toxic|p1a: Swanna\n|-status|p1a: Swanna|tox\n|\n|-damage|p1a: Swanna|150/278 tox|[from] psn\n|upkeep\n|turn|14\n|inactive|bisharp to c4 has 60 seconds left.\n|\n|t:|1782847963\n|move|p1a: Swanna|Roost|p1a: Swanna\n|-heal|p1a: Swanna|278/278 tox\n|move|p2a: Vespiquen|Air Slash|p1a: Swanna\n|-damage|p1a: Swanna|163/278 tox\n|\n|-damage|p1a: Swanna|129/278 tox|[from] psn\n|upkeep\n|turn|15\n|\n|t:|1782847970\n|move|p1a: Swanna|Brave Bird|p2a: Vespiquen\n|-supereffective|p2a: Vespiquen\n|-damage|p2a: Vespiquen|0 fnt\n|faint|p2a: Vespiquen\n|-damage|p1a: Swanna|92/278 tox|[from] Recoil\n|\n|-damage|p1a: Swanna|41/278 tox|[from] psn\n|upkeep\n|\n|t:|1782847979\n|switch|p2a: Magearna|Magearna-Original, L77|250/250\n|-damage|p2a: Magearna|235/250|[from] Stealth Rock\n|turn|16\n|inactive|bisharp to c4 has 60 seconds left.\n|\n|t:|1782848012\n|move|p1a: Swanna|Hydro Pump|p2a: Magearna\n|-damage|p2a: Magearna|126/250\n|move|p2a: Magearna|Shift Gear|p2a: Magearna\n|-boost|p2a: Magearna|spe|2\n|-boost|p2a: Magearna|atk|1\n|\n|-heal|p2a: Magearna|141/250|[from] item: Leftovers\n|-damage|p1a: Swanna|0 fnt|[from] psn\n|faint|p1a: Swanna\n|-ability|p2a: Magearna|Soul-Heart|boost\n|-boost|p2a: Magearna|spa|1\n|upkeep\n|\n|t:|1782848037\n|switch|p1a: Dugtrio|Dugtrio-Alola, L84, F|120/196\n|-damage|p1a: Dugtrio|88/196|[from] Spikes\n|-damage|p1a: Dugtrio|82/196|[from] Stealth Rock\n|turn|17\n|\n|t:|1782848043\n|move|p2a: Magearna|Fleur Cannon|p1a: Dugtrio\n|-resisted|p1a: Dugtrio\n|-damage|p1a: Dugtrio|0 fnt\n|-unboost|p2a: Magearna|spa|2\n|faint|p1a: Dugtrio\n|-ability|p2a: Magearna|Soul-Heart|boost\n|-boost|p2a: Magearna|spa|1\n|\n|-heal|p2a: Magearna|156/250|[from] item: Leftovers\n|upkeep\n|\n|t:|1782848055\n|switch|p1a: Regidrago|Regidrago, L77|361/435\n|-damage|p1a: Regidrago|289/435|[from] Spikes\n|-damage|p1a: Regidrago|235/435|[from] Stealth Rock\n|turn|18\n|\n|t:|1782848062\n|switch|p2a: Rayquaza|Rayquaza, L72|270/270\n|-ability|p2a: Rayquaza|Air Lock\n|move|p1a: Regidrago|Earthquake|p2a: Rayquaza\n|-immune|p2a: Rayquaza\n|\n|upkeep\n|turn|19\n|\n|t:|1782848077\n|switch|p1a: Gardevoir|Gardevoir, L83, M|249/249\n|-damage|p1a: Gardevoir|208/249|[from] Spikes\n|-damage|p1a: Gardevoir|177/249|[from] Stealth Rock\n|-ability|p1a: Gardevoir|Air Lock|Trace|[from] ability: Trace|[of] p2a: Rayquaza\n|move|p2a: Rayquaza|Dragon Dance|p2a: Rayquaza\n|-boost|p2a: Rayquaza|atk|1\n|-boost|p2a: Rayquaza|spe|1\n|\n|upkeep\n|turn|20\n|\n|t:|1782848095\n|-terastallize|p2a: Rayquaza|Steel\n|move|p1a: Gardevoir|Moonblast|p2a: Rayquaza\n|-resisted|p2a: Rayquaza\n|-damage|p2a: Rayquaza|207/270\n|move|p2a: Rayquaza|Dragon Dance|p2a: Rayquaza\n|-boost|p2a: Rayquaza|atk|1\n|-boost|p2a: Rayquaza|spe|1\n|\n|upkeep\n|turn|21\n|\n|t:|1782848108\n|move|p2a: Rayquaza|Dragon Dance|p2a: Rayquaza\n|-boost|p2a: Rayquaza|atk|1\n|-boost|p2a: Rayquaza|spe|1\n|move|p1a: Gardevoir|Moonblast|p2a: Rayquaza\n|-resisted|p2a: Rayquaza\n|-damage|p2a: Rayquaza|144/270\n|\n|upkeep\n|turn|22\n|-message|bisharp to c4 forfeited.\n|\n|win|WeldZmen\n|raw|bisharp to c4's rating: 1208 &rarr; <strong>1184</strong><br />(-24 for losing)\n|raw|WeldZmen's rating: 1220 &rarr; <strong>1244</strong><br />(+24 for winning)\n|l|\u2606bisharp to c4\n|player|p1|\n", "inputlog": ">version f8ac14003a5f27e1bdc8d8c59608a773c1cb96e5\n>start {\"formatid\":\"gen9randombattle\",\"seed\":\"sodium,e07b1766358c534b8b226a40cff2717d\",\"rated\":\"Rated battle\"}\n>player p1 {\"name\":\"bisharp to c4\",\"avatar\":\"102\",\"rating\":1208,\"seed\":\"sodium,1a28fb42f58443de46ac9e220ce8fc82\"}\n>player p2 {\"name\":\"WeldZmen\",\"avatar\":\"169\",\"rating\":1220,\"seed\":\"sodium,974f48949e0867b071f09da6c3beb81e\"}\n>p1 move earthquake\n>p2 move voltswitch\n>p2 switch 3\n>p1 switch 4\n>p2 move toxic\n>p1 move stealthrock\n>p2 move spikes\n>p1 move ironhead\n>p2 move spikes\n>p1 move ironhead\n>p2 move roost\n>p1 move ironhead\n>p2 move roost\n>p1 move ironhead\n>p2 switch 4\n>p1 switch 6\n>p2 move stealthrock\n>p1 move hydropump\n>p2 move knockoff\n>p1 move hydropump\n>p2 move earthquake\n>p2 switch 3\n>p1 move bravebird terastallize\n>p2 move voltswitch\n>p2 switch 4\n>p1 move roost\n>p2 move roost\n>p1 move bravebird\n>p2 move toxic\n>p1 move roost\n>p2 move airslash\n>p1 move bravebird\n>p2 move spikes\n>p2 switch 6\n>p1 move hydropump\n>p2 move shiftgear\n>p1 switch 6\n>p1 move earthquake\n>p2 move fleurcannon\n>p1 switch 4\n>p1 move earthquake\n>p2 switch 5\n>p1 switch 2\n>p2 move dragondance\n>p1 move moonblast\n>p2 move dragondance terastallize\n>p1 move moonblast\n>p2 move dragondance\n>forcelose p1", "uploadtime": 1782848113, "views": 6, "formatid": "gen9randombattle", "rating": 1184, "private": 0, "password": null, "player_dets": [{"name": "bisharp to c4", "avatar": "102", "rating": 1208, "seed": "sodium,1a28fb42f58443de46ac9e220ce8fc82"}, {"name": "WeldZmen", "avatar": "169", "rating": 1220, "seed": "sodium,974f48949e0867b071f09da6c3beb81e"}], "teams_full": [{"Regidrago": {"name": "Regidrago", "species": "Regidrago", "speciesId": "regidrago", "gender": "N", "shiny": false, "level": 77, "moves": ["dragonenergy", "dracometeor", "earthquake", "outrage"], "ability": "Dragon's Maw", "evs": {"hp": 85, "atk": 85, "def": 85, "spa": 85, "spd": 85, "spe": 85}, "ivs": {"hp": 31, "atk": 31, "def": 31, "spa": 31, "spd": 31, "spe": 31}, "item": "Choice Scarf", "teraType": "Dragon", "role": "Fast Attacker", "bvs": {"hp": 200, "atk": 100, "def": 50, "spa": 100, "spd": 50, "spe": 80}, "stats": {"hp": 435, "atk": 199, "def": 122, "spa": 199, "spd": 122, "spe": 168}, "types": ["Dragon"]}, "Gardevoir": {"name": "Gardevoir", "species": "Gardevoir", "speciesId": "gardevoir", "gender": "M", "shiny": false, "level": 83, "moves": ["moonblast", "trick", "psyshock", "focusblast"], "ability": "Trace", "evs": {"hp": 85, "atk": 0, "def": 85, "spa": 85, "spd": 85, "spe": 85}, "ivs": {"hp": 31, "atk": 0, "def": 31, "spa": 31, "spd": 31, "spe": 31}, "item": "Choice Scarf", "teraType": "Fighting", "role": "Fast Attacker", "bvs": {"hp": 68, "atk": 65, "def": 65, "spa": 125, "spd": 115, "spe": 80}, "stats": {"hp": 249, "atk": 112, "def": 156, "spa": 255, "spd": 239, "spe": 180}, "types": ["Psychic", "Fairy"]}, "Tatsugiri": {"name": "Tatsugiri", "species": "Tatsugiri", "speciesId": "tatsugiri", "gender": "M", "shiny": false, "level": 87, "moves": ["rapidspin", "nastyplot", "hydropump", "dracometeor"], "ability": "Storm Drain", "evs": {"hp": 85, "atk": 85, "def": 85, "spa": 85, "spd": 85, "spe": 85}, "ivs": {"hp": 31, "atk": 31, "def": 31, "spa": 31, "spd": 31, "spe": 31}, "item": "Heavy-Duty Boots", "teraType": "Water", "role": "Fast Support", "bvs": {"hp": 68, "atk": 50, "def": 60, "spa": 120, "spd": 95, "spe": 82}, "stats": {"hp": 260, "atk": 137, "def": 154, "spa": 259, "spd": 215, "spe": 192}, "types": ["Dragon", "Water"]}, "Dugtrio": {"name": "Dugtrio", "species": "Dugtrio-Alola", "speciesId": "dugtrioalola", "gender": "F", "shiny": false, "level": 84, "moves": ["earthquake", "suckerpunch", "ironhead", "stealthrock"], "ability": "Tangling Hair", "evs": {"hp": 85, "atk": 85, "def": 85, "spa": 85, "spd": 85, "spe": 85}, "ivs": {"hp": 31, "atk": 31, "def": 31, "spa": 31, "spd": 31, "spe": 31}, "item": "Life Orb", "teraType": "Steel", "role": "Fast Attacker", "bvs": {"hp": 35, "atk": 100, "def": 60, "spa": 50, "spd": 70, "spe": 110}, "stats": {"hp": 196, "atk": 216, "def": 149, "spa": 132, "spd": 166, "spe": 233}, "types": ["Ground", "Steel"]}, "Gothitelle": {"name": "Gothitelle", "species": "Gothitelle", "speciesId": "gothitelle", "gender": "F", "shiny": false, "level": 90, "moves": ["calmmind", "thunderbolt", "psychicnoise", "focusblast"], "ability": "Shadow Tag", "evs": {"hp": 85, "atk": 0, "def": 85, "spa": 85, "spd": 85, "spe": 85}, "ivs": {"hp": 31, "atk": 0, "def": 31, "spa": 31, "spd": 31, "spe": 31}, "item": "Leftovers", "teraType": "Fairy", "role": "Bulky Setup", "bvs": {"hp": 70, "atk": 55, "def": 95, "spa": 95, "spd": 110, "spe": 65}, "stats": {"hp": 272, "atk": 104, "def": 222, "spa": 222, "spd": 249, "spe": 168}, "types": ["Psychic"]}, "Swanna": {"name": "Swanna", "species": "Swanna", "speciesId": "swanna", "gender": "M", "shiny": false, "level": 89, "moves": ["hydropump", "roost", "flipturn", "bravebird"], "ability": "Hydration", "evs": {"hp": 85, "atk": 85, "def": 85, "spa": 85, "spd": 85, "spe": 85}, "ivs": {"hp": 31, "atk": 31, "def": 31, "spa": 31, "spd": 31, "spe": 31}, "item": "Heavy-Duty Boots", "teraType": "Ground", "role": "Bulky Support", "bvs": {"hp": 75, "atk": 87, "def": 63, "spa": 87, "spd": 63, "spe": 98}, "stats": {"hp": 278, "atk": 206, "def": 163, "spa": 206, "spd": 163, "spe": 225}, "types": ["Water", "Flying"]}}, {"Zebstrika": {"name": "Zebstrika", "species": "Zebstrika", "speciesId": "zebstrika", "gender": "F", "shiny": false, "level": 87, "moves": ["voltswitch", "overheat", "highhorsepower", "supercellslam"], "ability": "Sap Sipper", "evs": {"hp": 85, "atk": 85, "def": 85, "spa": 85, "spd": 85, "spe": 85}, "ivs": {"hp": 31, "atk": 31, "def": 31, "spa": 31, "spd": 31, "spe": 31}, "item": "Life Orb", "teraType": "Ground", "role": "Fast Attacker", "bvs": {"hp": 75, "atk": 100, "def": 63, "spa": 80, "spd": 63, "spe": 116}, "stats": {"hp": 272, "atk": 224, "def": 159, "spa": 189, "spd": 159, "spe": 252}, "types": ["Electric"]}, "Revavroom": {"name": "Revavroom", "species": "Revavroom", "speciesId": "revavroom", "gender": "M", "shiny": false, "level": 79, "moves": ["highhorsepower", "shiftgear", "gunkshot", "ironhead"], "ability": "Filter", "evs": {"hp": 85, "atk": 85, "def": 85, "spa": 85, "spd": 85, "spe": 85}, "ivs": {"hp": 31, "atk": 31, "def": 31, "spa": 31, "spd": 31, "spe": 31}, "item": "Life Orb", "teraType": "Ground", "role": "Fast Attacker", "bvs": {"hp": 80, "atk": 119, "def": 90, "spa": 54, "spd": 67, "spe": 90}, "stats": {"hp": 256, "atk": 234, "def": 188, "spa": 131, "spd": 151, "spe": 188}, "types": ["Steel", "Poison"]}, "Vespiquen": {"name": "Vespiquen", "species": "Vespiquen", "speciesId": "vespiquen", "gender": "F", "shiny": false, "level": 99, "moves": ["roost", "toxic", "spikes", "airslash"], "ability": "Pressure", "evs": {"hp": 85, "atk": 0, "def": 85, "spa": 85, "spd": 85, "spe": 85}, "ivs": {"hp": 31, "atk": 0, "def": 31, "spa": 31, "spd": 31, "spe": 31}, "item": "Heavy-Duty Boots", "teraType": "Steel", "role": "Bulky Support", "bvs": {"hp": 70, "atk": 80, "def": 102, "spa": 80, "spd": 102, "spe": 40}, "stats": {"hp": 299, "atk": 163, "def": 258, "spa": 214, "spd": 258, "spe": 135}, "types": ["Bug", "Flying"]}, "Krookodile": {"name": "Krookodile", "species": "Krookodile", "speciesId": "krookodile", "gender": "F", "shiny": false, "level": 79, "moves": ["earthquake", "stealthrock", "knockoff", "gunkshot"], "ability": "Intimidate", "evs": {"hp": 85, "atk": 85, "def": 85, "spa": 85, "spd": 85, "spe": 85}, "ivs": {"hp": 31, "atk": 31, "def": 31, "spa": 31, "spd": 31, "spe": 31}, "item": "Life Orb", "teraType": "Poison", "role": "Fast Attacker", "bvs": {"hp": 95, "atk": 117, "def": 80, "spa": 65, "spd": 70, "spe": 92}, "stats": {"hp": 280, "atk": 230, "def": 172, "spa": 148, "spd": 156, "spe": 191}, "types": ["Ground", "Dark"]}, "Rayquaza": {"name": "Rayquaza", "species": "Rayquaza", "speciesId": "rayquaza", "gender": "N", "shiny": false, "level": 72, "moves": ["dragondance", "dragonascent", "outrage", "earthquake"], "ability": "Air Lock", "evs": {"hp": 85, "atk": 85, "def": 85, "spa": 85, "spd": 85, "spe": 85}, "ivs": {"hp": 31, "atk": 31, "def": 31, "spa": 31, "spd": 31, "spe": 31}, "item": "Heavy-Duty Boots", "teraType": "Steel", "role": "Setup Sweeper", "bvs": {"hp": 105, "atk": 150, "def": 90, "spa": 150, "spd": 90, "spe": 95}, "stats": {"hp": 270, "atk": 258, "def": 172, "spa": 258, "spd": 172, "spe": 179}, "types": ["Dragon", "Flying"]}, "Magearna": {"name": "Magearna", "species": "Magearna-Original", "speciesId": "magearna", "gender": "N", "shiny": false, "level": 77, "moves": ["flashcannon", "fleurcannon", "shiftgear", "calmmind"], "ability": "Soul-Heart", "evs": {"hp": 85, "atk": 0, "def": 85, "spa": 85, "spd": 85, "spe": 85}, "ivs": {"hp": 31, "atk": 0, "def": 31, "spa": 31, "spd": 31, "spe": 31}, "item": "Leftovers", "teraType": "Fairy", "role": "Bulky Setup", "bvs": {"hp": 80, "atk": 95, "def": 115, "spa": 130, "spd": 115, "spe": 65}, "stats": {"hp": 250, "atk": 151, "def": 222, "spa": 245, "spd": 222, "spe": 145}, "types": ["Steel", "Fairy"]}}]}