{"id": "gen9randombattle-2642237758", "format": "[Gen 9] Random Battle", "players": ["FantasyWind", "lexam22"], "log": "|j|\u203dFantasyWind\n|j|\u203dlexam22\n|t:|1782915111\n|gametype|singles\n|player|p1|FantasyWind|rosa|2156\n|player|p2|lexam22|clair|2250\n|gen|9\n|tier|[Gen 9] Random Battle\n|rated|\n|rule|Species Clause: Limit one of each Pok\u00e9mon\n|rule|HP Percentage Mod: HP is shown in percentages\n|rule|Sleep Clause Mod: Limit one foe put to sleep\n|rule|Illusion Level Mod: Illusion disguises the Pok\u00e9mon's true level\n|\n|t:|1782915111\n|teamsize|p1|6\n|teamsize|p2|6\n|start\n|switch|p1a: Regigigas|Regigigas, L84|322/322\n|switch|p2a: Sableye|Sableye, L88, F|231/231\n|-start|p1a: Regigigas|ability: Slow Start\n|turn|1\n|inactive|Battle timer is ON: inactive players will automatically lose when time's up. (requested by FantasyWind)\n|\n|t:|1782915122\n|switch|p1a: Grimmsnarl|Grimmsnarl, L83, M|293/293\n|move|p2a: Sableye|Knock Off|p1a: Grimmsnarl\n|-resisted|p1a: Grimmsnarl\n|-damage|p1a: Grimmsnarl|264/293\n|-enditem|p1a: Grimmsnarl|Light Clay|[from] move: Knock Off|[of] p2a: Sableye\n|\n|upkeep\n|turn|2\n|\n|t:|1782915136\n|switch|p2a: Delibird|Delibird, F|252/252\n|move|p1a: Grimmsnarl|Reflect|p1a: Grimmsnarl\n|-sidestart|p1: FantasyWind|Reflect\n|\n|upkeep\n|turn|3\n|\n|t:|1782915141\n|move|p1a: Grimmsnarl|Parting Shot|p2a: Delibird\n|-unboost|p2a: Delibird|atk|1\n|-unboost|p2a: Delibird|spa|1\n|\n|t:|1782915144\n|switch|p1a: Orthworm|Orthworm, L88, F|266/266|[from] Parting Shot\n|move|p2a: Delibird|Spikes|p1a: Orthworm\n|-sidestart|p1: FantasyWind|Spikes\n|\n|upkeep\n|turn|4\n|\n|t:|1782915154\n|switch|p2a: Sableye|Sableye, L88, F|231/231\n|move|p1a: Orthworm|Coil|p1a: Orthworm\n|-boost|p1a: Orthworm|atk|1\n|-boost|p1a: Orthworm|def|1\n|-boost|p1a: Orthworm|accuracy|1\n|\n|upkeep\n|turn|5\n|\n|t:|1782915162\n|switch|p1a: Grimmsnarl|Grimmsnarl, L83, M|264/293\n|-damage|p1a: Grimmsnarl|228/293|[from] Spikes\n|move|p2a: Sableye|Encore|p1a: Grimmsnarl\n|-hint|Since gen 7, Dark is immune to Prankster moves.\n|-immune|p1a: Grimmsnarl\n|\n|upkeep\n|turn|6\n|\n|t:|1782915169\n|switch|p2a: Delibird|Delibird, F|252/252\n|move|p1a: Grimmsnarl|Spirit Break|p2a: Delibird\n|-damage|p2a: Delibird|135/252\n|-unboost|p2a: Delibird|spa|1\n|\n|-sideend|p1: FantasyWind|Reflect\n|upkeep\n|turn|7\n|\n|t:|1782915178\n|move|p1a: Grimmsnarl|Parting Shot|p2a: Delibird\n|-unboost|p2a: Delibird|atk|1\n|-unboost|p2a: Delibird|spa|1\n|\n|t:|1782915180\n|switch|p1a: Orthworm|Orthworm, L88, F|266/266|[from] Parting Shot\n|-damage|p1a: Orthworm|233/266|[from] Spikes\n|move|p2a: Delibird|Spikes|p1a: Orthworm\n|-sidestart|p1: FantasyWind|Spikes\n|\n|upkeep\n|turn|8\n|\n|t:|1782915192\n|switch|p2a: Appletun|Appletun, L92, F|352/352\n|move|p1a: Orthworm|Coil|p1a: Orthworm\n|-boost|p1a: Orthworm|atk|1\n|-boost|p1a: Orthworm|def|1\n|-boost|p1a: Orthworm|accuracy|1\n|\n|upkeep\n|turn|9\n|\n|t:|1782915199\n|move|p1a: Orthworm|Iron Tail|p2a: Appletun\n|-damage|p2a: Appletun|201/352\n|move|p2a: Appletun|Dragon Tail|p1a: Orthworm\n|-resisted|p1a: Orthworm\n|-damage|p1a: Orthworm|220/266\n|drag|p1a: Probopass|Probopass, L91, M|257/257\n|-damage|p1a: Probopass|215/257|[from] Spikes\n|\n|-heal|p1a: Probopass|231/257|[from] item: Leftovers\n|-heal|p2a: Appletun|223/352|[from] item: Leftovers\n|upkeep\n|turn|10\n|\n|t:|1782915215\n|move|p1a: Probopass|Thunder Wave|p2a: Appletun\n|-status|p2a: Appletun|par\n|move|p2a: Appletun|Recover|p2a: Appletun\n|-heal|p2a: Appletun|352/352 par\n|\n|-heal|p1a: Probopass|247/257|[from] item: Leftovers\n|upkeep\n|turn|11\n|\n|t:|1782915226\n|move|p1a: Probopass|Flash Cannon|p2a: Appletun\n|-damage|p2a: Appletun|273/352 par\n|move|p2a: Appletun|Apple Acid|p1a: Probopass\n|-damage|p1a: Probopass|186/257\n|-unboost|p1a: Probopass|spd|1\n|\n|-heal|p1a: Probopass|202/257|[from] item: Leftovers\n|-heal|p2a: Appletun|295/352 par|[from] item: Leftovers\n|upkeep\n|turn|12\n|\n|t:|1782915234\n|switch|p1a: Grimmsnarl|Grimmsnarl, L83, M|228/293\n|-damage|p1a: Grimmsnarl|180/293|[from] Spikes\n|cant|p2a: Appletun|par\n|\n|-heal|p2a: Appletun|317/352 par|[from] item: Leftovers\n|upkeep\n|turn|13\n|\n|t:|1782915242\n|switch|p2a: Delibird|Delibird, F|135/252\n|move|p1a: Grimmsnarl|Light Screen|p1a: Grimmsnarl\n|-sidestart|p1: FantasyWind|move: Light Screen\n|\n|upkeep\n|turn|14\n|\n|t:|1782915247\n|move|p1a: Grimmsnarl|Parting Shot|p2a: Delibird\n|-unboost|p2a: Delibird|atk|1\n|-unboost|p2a: Delibird|spa|1\n|\n|t:|1782915250\n|switch|p1a: Orthworm|Orthworm, L88, F|220/266|[from] Parting Shot\n|-damage|p1a: Orthworm|176/266|[from] Spikes\n|move|p2a: Delibird|Spikes|p1a: Orthworm\n|-sidestart|p1: FantasyWind|Spikes\n|\n|upkeep\n|turn|15\n|\n|t:|1782915258\n|switch|p2a: Sableye|Sableye, L88, F|231/231\n|move|p1a: Orthworm|Coil|p1a: Orthworm\n|-boost|p1a: Orthworm|atk|1\n|-boost|p1a: Orthworm|def|1\n|-boost|p1a: Orthworm|accuracy|1\n|\n|upkeep\n|turn|16\n|\n|t:|1782915264\n|move|p2a: Sableye|Encore|p1a: Orthworm\n|-start|p1a: Orthworm|Encore\n|move|p1a: Orthworm|Coil|p1a: Orthworm\n|-boost|p1a: Orthworm|atk|1\n|-boost|p1a: Orthworm|def|1\n|-boost|p1a: Orthworm|accuracy|1\n|\n|upkeep\n|turn|17\n|\n|t:|1782915272\n|switch|p1a: Grimmsnarl|Grimmsnarl, L83, M|180/293\n|-damage|p1a: Grimmsnarl|107/293|[from] Spikes\n|move|p2a: Sableye|Knock Off|p1a: Grimmsnarl\n|-resisted|p1a: Grimmsnarl\n|-damage|p1a: Grimmsnarl|89/293\n|\n|-sideend|p1: FantasyWind|move: Light Screen\n|upkeep\n|turn|18\n|\n|t:|1782915280\n|switch|p2a: Delibird|Delibird, F|135/252\n|move|p1a: Grimmsnarl|Spirit Break|p2a: Delibird\n|-damage|p2a: Delibird|8/252\n|-unboost|p2a: Delibird|spa|1\n|\n|upkeep\n|turn|19\n|\n|t:|1782915290\n|move|p1a: Grimmsnarl|Parting Shot|p2a: Delibird\n|-unboost|p2a: Delibird|atk|1\n|-unboost|p2a: Delibird|spa|1\n|\n|t:|1782915293\n|switch|p1a: Orthworm|Orthworm, L88, F|176/266|[from] Parting Shot\n|-damage|p1a: Orthworm|110/266|[from] Spikes\n|move|p2a: Delibird|Brave Bird|p1a: Orthworm|[miss]\n|-miss|p2a: Delibird|p1a: Orthworm\n|\n|upkeep\n|turn|20\n|\n|t:|1782915315\n|move|p2a: Delibird|Brave Bird|p1a: Orthworm\n|-resisted|p1a: Orthworm\n|-damage|p1a: Orthworm|73/266\n|-damage|p2a: Delibird|0 fnt|[from] Recoil\n|faint|p2a: Delibird\n|move|p1a: Orthworm|Iron Tail|p2: Delibird|[notarget]\n|-fail|p1a: Orthworm\n|\n|upkeep\n|\n|t:|1782915324\n|switch|p2a: Jolteon|Jolteon, L84, F|246/246\n|turn|21\n|\n|t:|1782915334\n|switch|p1a: Regigigas|Regigigas, L84|322/322\n|-damage|p1a: Regigigas|242/322|[from] Spikes\n|-start|p1a: Regigigas|ability: Slow Start\n|move|p2a: Jolteon|Thunderbolt|p1a: Regigigas\n|-crit|p1a: Regigigas\n|-damage|p1a: Regigigas|73/322\n|-damage|p2a: Jolteon|222/246|[from] item: Life Orb\n|\n|-heal|p1a: Regigigas|93/322|[from] item: Leftovers\n|upkeep\n|turn|22\n|\n|t:|1782915346\n|move|p2a: Jolteon|Calm Mind|p2a: Jolteon\n|-boost|p2a: Jolteon|spa|1\n|-boost|p2a: Jolteon|spd|1\n|move|p1a: Regigigas|Body Slam|p2a: Jolteon\n|-damage|p2a: Jolteon|132/246\n|\n|-heal|p1a: Regigigas|113/322|[from] item: Leftovers\n|upkeep\n|turn|23\n|\n|t:|1782915353\n|move|p2a: Jolteon|Thunderbolt|p1a: Regigigas\n|-damage|p1a: Regigigas|0 fnt\n|faint|p1a: Regigigas\n|-end|p1a: Regigigas|Slow Start|[silent]\n|-damage|p2a: Jolteon|108/246|[from] item: Life Orb\n|\n|upkeep\n|\n|t:|1782915358\n|switch|p1a: Grimmsnarl|Grimmsnarl, L83, M|89/293\n|-damage|p1a: Grimmsnarl|16/293|[from] Spikes\n|turn|24\n|\n|t:|1782915362\n|move|p1a: Grimmsnarl|Light Screen|p1a: Grimmsnarl\n|-sidestart|p1: FantasyWind|move: Light Screen\n|move|p2a: Jolteon|Thunderbolt|p1a: Grimmsnarl\n|-damage|p1a: Grimmsnarl|0 fnt\n|faint|p1a: Grimmsnarl\n|-damage|p2a: Jolteon|84/246|[from] item: Life Orb\n|\n|upkeep\n|\n|t:|1782915371\n|switch|p1a: Probopass|Probopass, L91, M|202/257\n|-damage|p1a: Probopass|138/257|[from] Spikes\n|turn|25\n|\n|t:|1782915390\n|move|p2a: Jolteon|Thunderbolt|p1a: Probopass\n|-damage|p1a: Probopass|77/257\n|-damage|p2a: Jolteon|60/246|[from] item: Life Orb\n|move|p1a: Probopass|Body Press|p2a: Jolteon\n|-damage|p2a: Jolteon|0 fnt\n|faint|p2a: Jolteon\n|\n|-heal|p1a: Probopass|93/257|[from] item: Leftovers\n|upkeep\n|\n|t:|1782915399\n|switch|p2a: Beartic|Beartic, L91, M|321/321\n|turn|26\n|inactive|FantasyWind has 120 seconds left.\n|\n|t:|1782915445\n|switch|p1a: Cramorant|Cramorant, L86, M|261/261\n|move|p2a: Beartic|Earthquake|p1a: Cramorant\n|-immune|p1a: Cramorant\n|\n|upkeep\n|turn|27\n|\n|t:|1782915458\n|move|p1a: Cramorant|Defog|p2a: Beartic\n|-unboost|p2a: Beartic|evasion|1\n|-sideend|p1: FantasyWind|Spikes|[from] move: Defog|[of] p1a: Cramorant\n|move|p2a: Beartic|Swords Dance|p2a: Beartic\n|-boost|p2a: Beartic|atk|2\n|\n|upkeep\n|turn|28\n|inactive|FantasyWind has 120 seconds left.\n|\n|t:|1782915480\n|move|p1a: Cramorant|Surf|p2a: Beartic\n|-formechange|p1a: Cramorant|Cramorant-Gulping|\n|-damage|p2a: Beartic|227/321\n|move|p2a: Beartic|Icicle Crash|p1a: Cramorant\n|-damage|p1a: Cramorant|0 fnt\n|-damage|p2a: Beartic|147/321|[from] ability: Gulp Missile|[of] p1a: Cramorant\n|-unboost|p2a: Beartic|def|1\n|-formechange|p1a: Cramorant|Cramorant|\n|faint|p1a: Cramorant\n|\n|-sideend|p1: FantasyWind|move: Light Screen\n|upkeep\n|\n|t:|1782915486\n|switch|p1a: Meloetta|Meloetta, L82|298/298\n|turn|29\n|j| lolebruh\n|\n|t:|1782915506\n|switch|p1a: Probopass|Probopass, L91, M|93/257\n|switch|p2a: Sableye|Sableye, L88, F|231/231\n|\n|-heal|p1a: Probopass|109/257|[from] item: Leftovers\n|upkeep\n|turn|30\n|\n|t:|1782915514\n|move|p2a: Sableye|Knock Off|p1a: Probopass\n|-damage|p1a: Probopass|51/257\n|-enditem|p1a: Probopass|Leftovers|[from] move: Knock Off|[of] p2a: Sableye\n|move|p1a: Probopass|Thunder Wave|p2a: Sableye\n|-status|p2a: Sableye|par\n|\n|upkeep\n|turn|31\n|\n|t:|1782915530\n|switch|p2a: Appletun|Appletun, L92, F|317/352 par\n|move|p1a: Probopass|Flash Cannon|p2a: Appletun\n|-damage|p2a: Appletun|238/352 par\n|\n|-heal|p2a: Appletun|260/352 par|[from] item: Leftovers\n|upkeep\n|turn|32\n|inactive|FantasyWind has 120 seconds left.\n|\n|t:|1782915567\n|move|p1a: Probopass|Body Press|p2a: Appletun\n|-damage|p2a: Appletun|163/352 par\n|cant|p2a: Appletun|par\n|\n|-heal|p2a: Appletun|185/352 par|[from] item: Leftovers\n|upkeep\n|turn|33\n|\n|t:|1782915577\n|move|p1a: Probopass|Iron Defense|p1a: Probopass\n|-boost|p1a: Probopass|def|2\n|move|p2a: Appletun|Recover|p2a: Appletun\n|-heal|p2a: Appletun|352/352 par\n|\n|upkeep\n|turn|34\n|\n|t:|1782915586\n|switch|p2a: Sableye|Sableye, L88, F|231/231 par\n|move|p1a: Probopass|Body Press|p2a: Sableye\n|-immune|p2a: Sableye\n|\n|upkeep\n|turn|35\n|\n|t:|1782915596\n|cant|p2a: Sableye|par\n|move|p1a: Probopass|Flash Cannon|p2a: Sableye\n|-damage|p2a: Sableye|137/231 par\n|\n|-heal|p2a: Sableye|151/231 par|[from] item: Leftovers\n|upkeep\n|turn|36\n|\n|t:|1782915602\n|move|p2a: Sableye|Thunder Wave|p1a: Probopass\n|-status|p1a: Probopass|par\n|cant|p1a: Probopass|par\n|\n|-heal|p2a: Sableye|165/231 par|[from] item: Leftovers\n|upkeep\n|turn|37\n|\n|t:|1782915615\n|switch|p2a: Appletun|Appletun, L92, F|352/352 par\n|move|p1a: Probopass|Flash Cannon|p2a: Appletun\n|-damage|p2a: Appletun|276/352 par\n|\n|-heal|p2a: Appletun|298/352 par|[from] item: Leftovers\n|upkeep\n|turn|38\n|\n|t:|1782915624\n|cant|p1a: Probopass|par\n|cant|p2a: Appletun|par\n|\n|-heal|p2a: Appletun|320/352 par|[from] item: Leftovers\n|upkeep\n|turn|39\n|\n|t:|1782915629\n|move|p1a: Probopass|Body Press|p2a: Appletun\n|-damage|p2a: Appletun|148/352 par\n|move|p2a: Appletun|Apple Acid|p1a: Probopass\n|-damage|p1a: Probopass|0 fnt\n|faint|p1a: Probopass\n|\n|-heal|p2a: Appletun|170/352 par|[from] item: Leftovers\n|upkeep\n|\n|t:|1782915633\n|switch|p1a: Meloetta|Meloetta, L82|298/298\n|turn|40\n|\n|t:|1782915643\n|switch|p2a: Sableye|Sableye, L88, F|165/231 par\n|move|p1a: Meloetta|Relic Song|p2a: Sableye\n|-immune|p2a: Sableye\n|\n|-heal|p2a: Sableye|179/231 par|[from] item: Leftovers\n|upkeep\n|turn|41\n|\n|t:|1782915651\n|switch|p1a: Orthworm|Orthworm, L88, F|73/266\n|cant|p2a: Sableye|par\n|\n|-heal|p2a: Sableye|193/231 par|[from] item: Leftovers\n|upkeep\n|turn|42\n|\n|t:|1782915665\n|switch|p2a: Haxorus|Haxorus, L77, M|244/244\n|-ability|p2a: Haxorus|Mold Breaker\n|move|p1a: Orthworm|Rest|p1a: Orthworm\n|-status|p1a: Orthworm|slp|[from] move: Rest\n|-heal|p1a: Orthworm|266/266 slp|[silent]\n|-enditem|p1a: Orthworm|Chesto Berry|[eat]\n|-curestatus|p1a: Orthworm|slp|[msg]\n|\n|upkeep\n|turn|43\n|\n|t:|1782915677\n|switch|p2a: Sableye|Sableye, L88, F|193/231 par\n|move|p1a: Orthworm|Coil|p1a: Orthworm\n|-boost|p1a: Orthworm|atk|1\n|-boost|p1a: Orthworm|def|1\n|-boost|p1a: Orthworm|accuracy|1\n|\n|-heal|p2a: Sableye|207/231 par|[from] item: Leftovers\n|upkeep\n|turn|44\n|\n|t:|1782915685\n|cant|p2a: Sableye|par\n|move|p1a: Orthworm|Iron Tail|p2a: Sableye\n|-damage|p2a: Sableye|38/231 par\n|\n|-heal|p2a: Sableye|52/231 par|[from] item: Leftovers\n|upkeep\n|turn|45\n|\n|t:|1782915699\n|move|p2a: Sableye|Thunder Wave|p1a: Orthworm\n|-status|p1a: Orthworm|par\n|move|p1a: Orthworm|Iron Tail|p2a: Sableye\n|-damage|p2a: Sableye|0 fnt\n|faint|p2a: Sableye\n|\n|upkeep\n|\n|t:|1782915706\n|switch|p2a: Appletun|Appletun, L92, F|170/352 par\n|turn|46\n|\n|t:|1782915712\n|move|p1a: Orthworm|Iron Tail|p2a: Appletun\n|-damage|p2a: Appletun|7/352 par\n|cant|p2a: Appletun|par\n|\n|-heal|p2a: Appletun|29/352 par|[from] item: Leftovers\n|upkeep\n|turn|47\n|inactive|lexam22 has 120 seconds left.\n|n|\u2606lexam22|lexam22\n|c|\u2606lexam22|incredibly lucky\n|inactive|lexam22 has 90 seconds left.\n|\n|t:|1782915781\n|move|p1a: Orthworm|Iron Tail|p2a: Appletun\n|-damage|p2a: Appletun|0 fnt\n|faint|p2a: Appletun\n|\n|upkeep\n|\n|t:|1782915788\n|switch|p2a: Beartic|Beartic, L91, M|147/321\n|turn|48\n|\n|t:|1782915792\n|-terastallize|p2a: Beartic|Ground\n|move|p2a: Beartic|Swords Dance|p2a: Beartic\n|-boost|p2a: Beartic|atk|2\n|cant|p1a: Orthworm|par\n|\n|upkeep\n|turn|49\n|\n|t:|1782915802\n|-terastallize|p1a: Orthworm|Electric\n|move|p2a: Beartic|Icicle Crash|p1a: Orthworm\n|-damage|p1a: Orthworm|157/266 par\n|move|p1a: Orthworm|Body Press|p2a: Beartic\n|-damage|p2a: Beartic|10/321\n|\n|upkeep\n|turn|50\n|\n|t:|1782915812\n|move|p2a: Beartic|Icicle Crash|p1a: Orthworm\n|-damage|p1a: Orthworm|40/266 par\n|cant|p1a: Orthworm|par\n|\n|upkeep\n|turn|51\n|\n|t:|1782915817\n|move|p2a: Beartic|Icicle Crash|p1a: Orthworm\n|-damage|p1a: Orthworm|0 fnt\n|faint|p1a: Orthworm\n|\n|upkeep\n|\n|t:|1782915819\n|switch|p1a: Meloetta|Meloetta, L82|298/298\n|turn|52\n|l|\u2606lexam22\n|inactive|lexam22 disconnected and has a minute to reconnect!\n|player|p2|\n|j|\u2606lexam22\n|inactive|lexam22 reconnected and has 120 seconds left.\n|player|p2|lexam22|clair|\n|\n|t:|1782915832\n|move|p2a: Beartic|Aqua Jet|p1a: Meloetta\n|-damage|p1a: Meloetta|203/298\n|move|p1a: Meloetta|Relic Song|p2a: Beartic\n|-damage|p2a: Beartic|0 fnt\n|faint|p2a: Beartic\n|-formechange|p1a: Meloetta|Meloetta-Pirouette|[msg]\n|-damage|p1a: Meloetta|174/298|[from] item: Life Orb\n|\n|upkeep\n|inactive|lexam22 has 120 seconds left.\n|l|\u2606lexam22\n|inactive|lexam22 disconnected and has a minute to reconnect!\n|player|p2|\n|j|\u2606lexam22\n|inactive|lexam22 reconnected and has 115 seconds left.\n|player|p2|lexam22|clair|\n|l|\u2606lexam22\n|inactive|lexam22 disconnected and has a minute to reconnect!\n|player|p2|\n|j|\u2606lexam22\n|inactive|lexam22 reconnected and has 85 seconds left.\n|player|p2|lexam22|clair|\n|\n|t:|1782915882\n|switch|p2a: Haxorus|Haxorus, L77, M|244/244\n|-ability|p2a: Haxorus|Mold Breaker\n|turn|53\n|\n|t:|1782915888\n|move|p1a: Meloetta|Triple Axel|p2a: Haxorus\n|-supereffective|p2a: Haxorus\n|-damage|p2a: Haxorus|197/244\n|-supereffective|p2a: Haxorus\n|-damage|p2a: Haxorus|96/244\n|-supereffective|p2a: Haxorus\n|-damage|p2a: Haxorus|0 fnt\n|faint|p2a: Haxorus\n|-hitcount|p2: Haxorus|3\n|-damage|p1a: Meloetta|145/298|[from] item: Life Orb\n|\n|win|FantasyWind\n|raw|FantasyWind's rating: 2156 &rarr; <strong>2181</strong><br />(+25 for winning)\n|raw|lexam22's rating: 2250 &rarr; <strong>2225</strong><br />(-25 for losing)\n", "inputlog": ">version f8ac14003a5f27e1bdc8d8c59608a773c1cb96e5\n>start {\"formatid\":\"gen9randombattle\",\"seed\":\"sodium,4a8760ebdc453b204027dc5ef6994a8f\",\"rated\":\"Rated battle\"}\n>player p1 {\"name\":\"FantasyWind\",\"avatar\":\"rosa\",\"rating\":2156,\"seed\":\"sodium,cb8b0a6713b92a113e7053e4ca8561ef\"}\n>player p2 {\"name\":\"lexam22\",\"avatar\":\"clair\",\"rating\":2250,\"seed\":\"sodium,619673a0bc93c4ea187abac838cab270\"}\n>p1 switch 4\n>p2 move knockoff\n>p1 move reflect\n>p2 switch 6\n>p1 move partingshot\n>p2 move spikes\n>p1 switch 2\n>p1 move coil\n>p2 switch 6\n>p1 switch 2\n>p2 move encore\n>p1 move spiritbreak\n>p2 switch 6\n>p1 move partingshot\n>p2 move spikes\n>p1 switch 2\n>p1 move coil\n>p2 switch 3\n>p1 move irontail\n>p2 move dragontail\n>p1 move thunderwave\n>p2 move recover\n>p1 move flashcannon\n>p2 move appleacid\n>p1 switch 2\n>p2 move appleacid\n>p1 move lightscreen\n>p2 switch 3\n>p1 move partingshot\n>p2 move spikes\n>p1 switch 6\n>p1 move coil\n>p2 switch 6\n>p1 move irontail\n>p2 move encore\n>p1 switch 6\n>p2 move knockoff\n>p1 move spiritbreak\n>p2 switch 6\n>p1 move partingshot\n>p2 move bravebird\n>p1 switch 6\n>p1 move irontail\n>p2 move bravebird\n>p2 switch 5\n>p1 switch 4\n>p2 move thunderbolt\n>p1 move bodyslam\n>p2 move calmmind\n>p1 move bodyslam\n>p2 move thunderbolt\n>p1 switch 6\n>p1 move lightscreen\n>p2 move thunderbolt\n>p1 switch 2\n>p1 move bodypress\n>p2 move thunderbolt\n>p2 switch 2\n>p1 switch 5\n>p2 move earthquake\n>p1 move defog\n>p2 move swordsdance\n>p1 move surf\n>p2 move iciclecrash\n>p1 switch 3\n>p1 switch 5\n>p2 switch 6\n>p1 move thunderwave\n>p2 move knockoff\n>p1 move flashcannon\n>p2 switch 3\n>p1 move bodypress\n>p2 move appleacid\n>p1 move irondefense\n>p2 move recover\n>p1 move bodypress\n>p2 switch 3\n>p1 move flashcannon\n>p2 move thunderwave\n>p1 move flashcannon\n>p2 move thunderwave\n>p1 move flashcannon\n>p2 switch 3\n>p1 move bodypress\n>p2 move appleacid\n>p1 move bodypress\n>p2 move appleacid\n>p1 switch 5\n>p1 move relicsong\n>p2 switch 3\n>p1 switch 4\n>p2 move thunderwave\n>p1 move rest\n>p2 switch 4\n>p1 move coil\n>p2 switch 4\n>p1 move irontail\n>p2 move encore\n>p1 move irontail\n>p2 move thunderwave\n>p2 switch 3\n>p1 move irontail\n>p2 move recover\n>chat \u2606lexam22|incredibly lucky\n>p1 move irontail\n>p2 move dragontail\n>p2 switch 6\n>p1 move irontail\n>p2 move swordsdance terastallize\n>p1 move bodypress terastallize\n>p2 move iciclecrash\n>p1 move rest\n>p2 move iciclecrash\n>p1 move bodypress\n>p2 move iciclecrash\n>p1 switch 4\n>p1 move relicsong\n>p2 move aquajet\n>p2 switch 4\n>p1 move tripleaxel\n>p2 move dragondance", "uploadtime": 1782915893, "views": 3, "formatid": "gen9randombattle", "rating": 2181, "private": 0, "password": null, "player_dets": [{"name": "FantasyWind", "avatar": "rosa", "rating": 2156, "seed": "sodium,cb8b0a6713b92a113e7053e4ca8561ef"}, {"name": "lexam22", "avatar": "clair", "rating": 2250, "seed": "sodium,619673a0bc93c4ea187abac838cab270"}], "teams_full": [{"Regigigas": {"name": "Regigigas", "species": "Regigigas", "speciesId": "regigigas", "gender": "N", "shiny": false, "level": 84, "moves": ["rest", "bodyslam", "knockoff", "sleeptalk"], "ability": "Slow Start", "evs": {"hp": 85, "atk": 85, "def": 85, "spa": 85, "spd": 85, "spe": 85}, "ivs": {"hp": 31, "atk": 31, "def": 31, "spa": 31, "spd": 31, "spe": 31}, "item": "Leftovers", "teraType": "Ghost", "role": "Bulky Support", "bvs": {"hp": 110, "atk": 160, "def": 110, "spa": 80, "spd": 110, "spe": 100}, "stats": {"hp": 322, "atk": 317, "def": 233, "spa": 183, "spd": 233, "spe": 216}, "types": ["Normal"]}, "Orthworm": {"name": "Orthworm", "species": "Orthworm", "speciesId": "orthworm", "gender": "F", "shiny": false, "level": 88, "moves": ["rest", "irontail", "coil", "bodypress"], "ability": "Earth Eater", "evs": {"hp": 85, "atk": 85, "def": 85, "spa": 85, "spd": 85, "spe": 85}, "ivs": {"hp": 31, "atk": 31, "def": 31, "spa": 31, "spd": 31, "spe": 31}, "item": "Chesto Berry", "teraType": "Electric", "role": "Bulky Setup", "bvs": {"hp": 70, "atk": 85, "def": 145, "spa": 60, "spd": 55, "spe": 65}, "stats": {"hp": 266, "atk": 200, "def": 305, "spa": 156, "spd": 147, "spe": 165}, "types": ["Steel"]}, "Meloetta": {"name": "Meloetta", "species": "Meloetta", "speciesId": "meloetta", "gender": "N", "shiny": false, "level": 82, "moves": ["knockoff", "relicsong", "closecombat", "tripleaxel"], "ability": "Serene Grace", "evs": {"hp": 85, "atk": 85, "def": 85, "spa": 85, "spd": 85, "spe": 85}, "ivs": {"hp": 31, "atk": 31, "def": 31, "spa": 31, "spd": 31, "spe": 31}, "item": "Life Orb", "teraType": "Dark", "role": "Wallbreaker", "bvs": {"hp": 100, "atk": 77, "def": 77, "spa": 128, "spd": 128, "spe": 90}, "stats": {"hp": 298, "atk": 173, "def": 173, "spa": 257, "spd": 257, "spe": 195}, "types": ["Normal", "Psychic"]}, "Grimmsnarl": {"name": "Grimmsnarl", "species": "Grimmsnarl", "speciesId": "grimmsnarl", "gender": "M", "shiny": false, "level": 83, "moves": ["spiritbreak", "lightscreen", "partingshot", "reflect"], "ability": "Prankster", "evs": {"hp": 85, "atk": 85, "def": 85, "spa": 85, "spd": 85, "spe": 85}, "ivs": {"hp": 31, "atk": 31, "def": 31, "spa": 31, "spd": 31, "spe": 31}, "item": "Light Clay", "teraType": "Poison", "role": "Bulky Support", "bvs": {"hp": 95, "atk": 120, "def": 65, "spa": 95, "spd": 75, "spe": 60}, "stats": {"hp": 293, "atk": 247, "def": 156, "spa": 205, "spd": 172, "spe": 147}, "types": ["Dark", "Fairy"]}, "Cramorant": {"name": "Cramorant", "species": "Cramorant", "speciesId": "cramorant", "gender": "M", "shiny": false, "level": 86, "moves": ["defog", "bravebird", "roost", "surf"], "ability": "Gulp Missile", "evs": {"hp": 85, "atk": 85, "def": 85, "spa": 85, "spd": 85, "spe": 85}, "ivs": {"hp": 31, "atk": 31, "def": 31, "spa": 31, "spd": 31, "spe": 31}, "item": "Heavy-Duty Boots", "teraType": "Ground", "role": "Bulky Support", "bvs": {"hp": 70, "atk": 85, "def": 55, "spa": 85, "spd": 95, "spe": 85}, "stats": {"hp": 261, "atk": 195, "def": 144, "spa": 195, "spd": 213, "spe": 195}, "types": ["Flying", "Water"]}, "Probopass": {"name": "Probopass", "species": "Probopass", "speciesId": "probopass", "gender": "M", "shiny": false, "level": 91, "moves": ["irondefense", "bodypress", "flashcannon", "thunderwave"], "ability": "Magnet Pull", "evs": {"hp": 85, "atk": 0, "def": 85, "spa": 85, "spd": 85, "spe": 85}, "ivs": {"hp": 31, "atk": 0, "def": 31, "spa": 31, "spd": 31, "spe": 31}, "item": "Leftovers", "teraType": "Fighting", "role": "Bulky Setup", "bvs": {"hp": 60, "atk": 55, "def": 145, "spa": 75, "spd": 150, "spe": 40}, "stats": {"hp": 257, "atk": 105, "def": 316, "spa": 188, "spd": 325, "spe": 125}, "types": ["Rock", "Steel"]}}, {"Sableye": {"name": "Sableye", "species": "Sableye", "speciesId": "sableye", "gender": "F", "shiny": false, "level": 88, "moves": ["encore", "knockoff", "recover", "thunderwave"], "ability": "Prankster", "evs": {"hp": 85, "atk": 85, "def": 85, "spa": 85, "spd": 85, "spe": 85}, "ivs": {"hp": 31, "atk": 31, "def": 31, "spa": 31, "spd": 31, "spe": 31}, "item": "Leftovers", "teraType": "Poison", "role": "Bulky Support", "bvs": {"hp": 50, "atk": 75, "def": 75, "spa": 65, "spd": 65, "spe": 50}, "stats": {"hp": 231, "atk": 182, "def": 182, "spa": 165, "spd": 165, "spe": 138}, "types": ["Dark", "Ghost"]}, "Beartic": {"name": "Beartic", "species": "Beartic", "speciesId": "beartic", "gender": "M", "shiny": false, "level": 91, "moves": ["aquajet", "iciclecrash", "swordsdance", "earthquake"], "ability": "Slush Rush", "evs": {"hp": 85, "atk": 85, "def": 85, "spa": 85, "spd": 85, "spe": 85}, "ivs": {"hp": 31, "atk": 31, "def": 31, "spa": 31, "spd": 31, "spe": 31}, "item": "Heavy-Duty Boots", "teraType": "Ground", "role": "Wallbreaker", "bvs": {"hp": 95, "atk": 130, "def": 80, "spa": 70, "spd": 80, "spe": 50}, "stats": {"hp": 321, "atk": 288, "def": 197, "spa": 179, "spd": 197, "spe": 143}, "types": ["Ice"]}, "Appletun": {"name": "Appletun", "species": "Appletun", "speciesId": "appletun", "gender": "F", "shiny": false, "level": 92, "moves": ["dragonpulse", "dragontail", "appleacid", "recover"], "ability": "Thick Fat", "evs": {"hp": 85, "atk": 85, "def": 85, "spa": 85, "spd": 85, "spe": 85}, "ivs": {"hp": 31, "atk": 31, "def": 31, "spa": 31, "spd": 31, "spe": 31}, "item": "Leftovers", "teraType": "Steel", "role": "Bulky Attacker", "bvs": {"hp": 110, "atk": 85, "def": 80, "spa": 100, "spd": 80, "spe": 30}, "stats": {"hp": 352, "atk": 209, "def": 200, "spa": 236, "spd": 200, "spe": 108}, "types": ["Grass", "Dragon"]}, "Haxorus": {"name": "Haxorus", "species": "Haxorus", "speciesId": "haxorus", "gender": "M", "shiny": false, "level": 77, "moves": ["outrage", "ironhead", "dragondance", "earthquake"], "ability": "Mold Breaker", "evs": {"hp": 85, "atk": 85, "def": 85, "spa": 85, "spd": 85, "spe": 85}, "ivs": {"hp": 31, "atk": 31, "def": 31, "spa": 31, "spd": 31, "spe": 31}, "item": "Lum Berry", "teraType": "Steel", "role": "Setup Sweeper", "bvs": {"hp": 76, "atk": 147, "def": 90, "spa": 60, "spd": 70, "spe": 97}, "stats": {"hp": 244, "atk": 271, "def": 183, "spa": 137, "spd": 152, "spe": 194}, "types": ["Dragon"]}, "Jolteon": {"name": "Jolteon", "species": "Jolteon", "speciesId": "jolteon", "gender": "F", "shiny": false, "level": 84, "moves": ["thunderbolt", "calmmind", "alluringvoice", "shadowball"], "ability": "Volt Absorb", "evs": {"hp": 85, "atk": 0, "def": 85, "spa": 85, "spd": 85, "spe": 85}, "ivs": {"hp": 31, "atk": 0, "def": 31, "spa": 31, "spd": 31, "spe": 31}, "item": "Life Orb", "teraType": "Fairy", "role": "Fast Attacker", "bvs": {"hp": 65, "atk": 65, "def": 60, "spa": 110, "spd": 95, "spe": 130}, "stats": {"hp": 246, "atk": 114, "def": 149, "spa": 233, "spd": 208, "spe": 267}, "types": ["Electric"]}, "Delibird": {"name": "Delibird", "species": "Delibird", "speciesId": "delibird", "gender": "F", "shiny": false, "level": 100, "moves": ["spikes", "bravebird", "icespinner", "drillrun"], "ability": "Hustle", "evs": {"hp": 85, "atk": 85, "def": 85, "spa": 85, "spd": 85, "spe": 85}, "ivs": {"hp": 31, "atk": 31, "def": 31, "spa": 31, "spd": 31, "spe": 31}, "item": "Heavy-Duty Boots", "teraType": "Ice", "role": "Fast Attacker", "bvs": {"hp": 45, "atk": 55, "def": 45, "spa": 65, "spd": 45, "spe": 75}, "stats": {"hp": 252, "atk": 167, "def": 147, "spa": 187, "spd": 147, "spe": 207}, "types": ["Ice", "Flying"]}}]}