{"id": "gen9randombattle-2642154317", "format": "[Gen 9] Random Battle", "players": ["Dravay8611", "IceColdAcer"], "log": "|j|\u2606Dravay8611\n|j|\u2606IceColdAcer\n|t:|1782901522\n|gametype|singles\n|player|p1|Dravay8611|101|2143\n|player|p2|IceColdAcer|acetrainer|2168\n|gen|9\n|tier|[Gen 9] Random Battle\n|rated|\n|rule|Species Clause: Limit one of each Pok\u00e9mon\n|rule|HP Percentage Mod: HP is shown in percentages\n|rule|Sleep Clause Mod: Limit one foe put to sleep\n|rule|Illusion Level Mod: Illusion disguises the Pok\u00e9mon's true level\n|\n|t:|1782901522\n|teamsize|p1|6\n|teamsize|p2|6\n|start\n|switch|p1a: Dudunsparce|Dudunsparce-Three-Segment, L83, F|343/343\n|switch|p2a: Kricketune|Kricketune, L99, M|311/311\n|turn|1\n|\n|t:|1782901529\n|move|p2a: Kricketune|Pounce|p1a: Dudunsparce\n|-damage|p1a: Dudunsparce|237/343\n|-unboost|p1a: Dudunsparce|spe|1\n|move|p1a: Dudunsparce|Glare|p2a: Kricketune\n|-status|p2a: Kricketune|par\n|\n|-heal|p1a: Dudunsparce|258/343|[from] item: Leftovers\n|upkeep\n|turn|2\n|\n|t:|1782901545\n|switch|p1a: Rayquaza|Rayquaza, L72|270/270\n|-ability|p1a: Rayquaza|Air Lock\n|move|p2a: Kricketune|Sticky Web|p1a: Rayquaza\n|-sidestart|p1: Dravay8611|move: Sticky Web\n|\n|upkeep\n|turn|3\n|\n|t:|1782901555\n|switch|p2a: Mamoswine|Mamoswine, L81, M|311/311\n|move|p1a: Rayquaza|Dragon Dance|p1a: Rayquaza\n|-boost|p1a: Rayquaza|atk|1\n|-boost|p1a: Rayquaza|spe|1\n|\n|upkeep\n|turn|4\n|\n|t:|1782901560\n|switch|p1a: Phione|Phione, L91|293/293\n|-activate|p1a: Phione|move: Sticky Web\n|-unboost|p1a: Phione|spe|1\n|move|p2a: Mamoswine|Icicle Crash|p1a: Phione\n|-resisted|p1a: Phione\n|-damage|p1a: Phione|208/293\n|\n|-heal|p1a: Phione|226/293|[from] item: Leftovers\n|upkeep\n|turn|5\n|\n|t:|1782901567\n|switch|p2a: Lumineon|Lumineon, L93, M|279/279\n|move|p1a: Phione|Scald|p2a: Lumineon\n|-ability|p2a: Lumineon|Storm Drain|boost\n|-boost|p2a: Lumineon|spa|1\n|\n|-heal|p1a: Phione|244/293|[from] item: Leftovers\n|upkeep\n|turn|6\n|\n|t:|1782901574\n|switch|p1a: Yanmega|Yanmega, L82, M|275/275\n|move|p2a: Lumineon|Hydro Pump|p1a: Yanmega\n|-damage|p1a: Yanmega|28/275\n|\n|upkeep\n|turn|7\n|\n|t:|1782901611\n|move|p1a: Yanmega|Protect|p1a: Yanmega\n|-singleturn|p1a: Yanmega|Protect\n|move|p2a: Lumineon|Ice Beam|p1a: Yanmega\n|-activate|p1a: Yanmega|move: Protect\n|\n|-ability|p1a: Yanmega|Speed Boost|boost\n|-boost|p1a: Yanmega|spe|1\n|upkeep\n|turn|8\n|\n|t:|1782901617\n|move|p1a: Yanmega|Air Slash|p2a: Lumineon\n|-damage|p2a: Lumineon|201/279\n|move|p2a: Lumineon|Ice Beam|p1a: Yanmega\n|-supereffective|p1a: Yanmega\n|-damage|p1a: Yanmega|0 fnt\n|faint|p1a: Yanmega\n|\n|upkeep\n|\n|t:|1782901624\n|switch|p1a: Persian|Persian, L92, M|269/269\n|-activate|p1a: Persian|move: Sticky Web\n|-unboost|p1a: Persian|spe|1\n|turn|9\n|\n|t:|1782901633\n|switch|p2a: Kricketune|Kricketune, L99, M|311/311 par\n|move|p1a: Persian|Switcheroo|p2a: Kricketune\n|-activate|p1a: Persian|move: Trick|[of] p2a: Kricketune\n|-item|p2a: Kricketune|Choice Band|[from] move: Switcheroo\n|-item|p1a: Persian|Focus Sash|[from] move: Switcheroo\n|\n|upkeep\n|turn|10\n|\n|t:|1782901644\n|move|p1a: Persian|U-turn|p2a: Kricketune\n|-damage|p2a: Kricketune|257/311 par\n|\n|t:|1782901645\n|switch|p1a: Phione|Phione, L91|244/293|[from] U-turn\n|-activate|p1a: Phione|move: Sticky Web\n|-unboost|p1a: Phione|spe|1\n|cant|p2a: Kricketune|par\n|\n|-heal|p1a: Phione|262/293|[from] item: Leftovers\n|upkeep\n|turn|11\n|\n|t:|1782901657\n|move|p1a: Phione|Take Heart|p1a: Phione\n|-boost|p1a: Phione|spa|1\n|-boost|p1a: Phione|spd|1\n|move|p2a: Kricketune|Pounce|p1a: Phione\n|-damage|p1a: Phione|127/293\n|-unboost|p1a: Phione|spe|1\n|\n|-heal|p1a: Phione|145/293|[from] item: Leftovers\n|upkeep\n|turn|12\n|\n|t:|1782901663\n|move|p1a: Phione|Scald|p2a: Kricketune\n|-damage|p2a: Kricketune|94/311 par\n|cant|p2a: Kricketune|par\n|\n|-heal|p1a: Phione|163/293|[from] item: Leftovers\n|upkeep\n|turn|13\n|\n|t:|1782901670\n|move|p1a: Phione|Ice Beam|p2a: Kricketune\n|-damage|p2a: Kricketune|0 fnt\n|faint|p2a: Kricketune\n|\n|-heal|p1a: Phione|181/293|[from] item: Leftovers\n|upkeep\n|\n|t:|1782901678\n|switch|p2a: Exeggutor|Exeggutor-Alola, L89, F|314/314\n|turn|14\n|\n|t:|1782901690\n|switch|p2a: Lumineon|Lumineon, L93, M|201/279\n|switch|p1a: Lurantis|Lurantis, L87, F|264/264\n|-activate|p1a: Lurantis|move: Sticky Web\n|-boost|p1a: Lurantis|spe|1\n|\n|upkeep\n|turn|15\n|\n|t:|1782901696\n|move|p2a: Lumineon|U-turn|p1a: Lurantis\n|-supereffective|p1a: Lurantis\n|-damage|p1a: Lurantis|170/264\n|\n|t:|1782901700\n|switch|p2a: Exeggutor|Exeggutor-Alola, L89, F|314/314|[from] U-turn\n|move|p1a: Lurantis|Leaf Storm|p2a: Exeggutor\n|-resisted|p2a: Exeggutor\n|-damage|p2a: Exeggutor|283/314\n|-boost|p1a: Lurantis|spa|2\n|\n|-heal|p1a: Lurantis|186/264|[from] item: Leftovers\n|upkeep\n|turn|16\n|\n|t:|1782901706\n|move|p1a: Lurantis|Synthesis|p1a: Lurantis\n|-heal|p1a: Lurantis|264/264\n|move|p2a: Exeggutor|Flamethrower|p1a: Lurantis\n|-supereffective|p1a: Lurantis\n|-damage|p1a: Lurantis|94/264\n|\n|-heal|p1a: Lurantis|110/264|[from] item: Leftovers\n|upkeep\n|turn|17\n|\n|t:|1782901722\n|-terastallize|p1a: Lurantis|Fighting\n|move|p1a: Lurantis|Synthesis|p1a: Lurantis\n|-heal|p1a: Lurantis|242/264\n|move|p2a: Exeggutor|Flamethrower|p1a: Lurantis\n|-damage|p1a: Lurantis|161/264\n|\n|-heal|p1a: Lurantis|177/264|[from] item: Leftovers\n|upkeep\n|turn|18\n|\n|t:|1782901730\n|move|p1a: Lurantis|Superpower|p2a: Exeggutor\n|-damage|p2a: Exeggutor|156/314\n|-boost|p1a: Lurantis|atk|1\n|-boost|p1a: Lurantis|def|1\n|-enditem|p2a: Exeggutor|Sitrus Berry|[eat]\n|-heal|p2a: Exeggutor|234/314|[from] item: Sitrus Berry\n|move|p2a: Exeggutor|Draco Meteor|p1a: Lurantis\n|-damage|p1a: Lurantis|9/264\n|-unboost|p2a: Exeggutor|spa|2\n|\n|-heal|p1a: Lurantis|25/264|[from] item: Leftovers\n|upkeep\n|turn|19\n|\n|t:|1782901736\n|switch|p2a: Lumineon|Lumineon, L93, M|201/279\n|move|p1a: Lurantis|Synthesis|p1a: Lurantis\n|-heal|p1a: Lurantis|157/264\n|\n|-heal|p1a: Lurantis|173/264|[from] item: Leftovers\n|upkeep\n|turn|20\n|\n|t:|1782901743\n|switch|p1a: Persian|Persian, L92, M|269/269\n|-activate|p1a: Persian|move: Sticky Web\n|-unboost|p1a: Persian|spe|1\n|move|p2a: Lumineon|Encore||[still]\n|-fail|p2a: Lumineon\n|\n|upkeep\n|turn|21\n|\n|t:|1782901749\n|move|p2a: Lumineon|Hydro Pump|p1a: Persian\n|-damage|p1a: Persian|133/269\n|move|p1a: Persian|Double-Edge|p2a: Lumineon\n|-damage|p2a: Lumineon|78/279\n|-damage|p1a: Persian|92/269|[from] Recoil\n|\n|upkeep\n|turn|22\n|\n|t:|1782901758\n|switch|p1a: Phione|Phione, L91|181/293\n|-activate|p1a: Phione|move: Sticky Web\n|-unboost|p1a: Phione|spe|1\n|move|p2a: Lumineon|Hydro Pump|p1a: Phione\n|-resisted|p1a: Phione\n|-crit|p1a: Phione\n|-damage|p1a: Phione|93/293\n|\n|-heal|p1a: Phione|111/293|[from] item: Leftovers\n|upkeep\n|turn|23\n|\n|t:|1782901763\n|move|p2a: Lumineon|U-turn|p1a: Phione\n|-damage|p1a: Phione|62/293\n|\n|t:|1782901769\n|switch|p2a: Reuniclus|Reuniclus, L88, F|337/337|[from] U-turn\n|move|p1a: Phione|Ice Beam|p2a: Reuniclus\n|-damage|p2a: Reuniclus|274/337\n|\n|-heal|p1a: Phione|80/293|[from] item: Leftovers\n|upkeep\n|turn|24\n|\n|t:|1782901777\n|switch|p1a: Dudunsparce|Dudunsparce-Three-Segment, L83, F|258/343\n|-activate|p1a: Dudunsparce|move: Sticky Web\n|-unboost|p1a: Dudunsparce|spe|1\n|move|p2a: Reuniclus|Psychic|p1a: Dudunsparce\n|-damage|p1a: Dudunsparce|73/343\n|\n|-heal|p1a: Dudunsparce|94/343|[from] item: Leftovers\n|upkeep\n|turn|25\n|\n|t:|1782901781\n|move|p2a: Reuniclus|Psychic|p1a: Dudunsparce\n|-damage|p1a: Dudunsparce|0 fnt\n|faint|p1a: Dudunsparce\n|\n|upkeep\n|\n|t:|1782901784\n|switch|p1a: Persian|Persian, L92, M|92/269\n|-activate|p1a: Persian|move: Sticky Web\n|-unboost|p1a: Persian|spe|1\n|turn|26\n|\n|t:|1782901792\n|switch|p2a: Lumineon|Lumineon, L93, M|78/279\n|move|p1a: Persian|Knock Off|p2a: Lumineon\n|-damage|p2a: Lumineon|13/279\n|-enditem|p2a: Lumineon|Heavy-Duty Boots|[from] move: Knock Off|[of] p1a: Persian\n|\n|upkeep\n|turn|27\n|\n|t:|1782901804\n|move|p2a: Lumineon|Hydro Pump|p1a: Persian|[miss]\n|-miss|p2a: Lumineon|p1a: Persian\n|move|p1a: Persian|Double-Edge|p2a: Lumineon\n|-damage|p2a: Lumineon|0 fnt\n|faint|p2a: Lumineon\n|-damage|p1a: Persian|88/269|[from] Recoil\n|\n|upkeep\n|\n|t:|1782901814\n|switch|p2a: Mamoswine|Mamoswine, L81, M|311/311\n|turn|28\n|\n|t:|1782901819\n|move|p1a: Persian|Double-Edge|p2a: Mamoswine\n|-damage|p2a: Mamoswine|173/311\n|-damage|p1a: Persian|42/269|[from] Recoil\n|move|p2a: Mamoswine|Knock Off|p1a: Persian\n|-damage|p1a: Persian|0 fnt\n|-enditem|p1a: Persian|Focus Sash|[from] move: Knock Off|[of] p2a: Mamoswine\n|faint|p1a: Persian\n|\n|upkeep\n|\n|t:|1782901823\n|switch|p1a: Lurantis|Lurantis, L87, F, tera:Fighting|173/264\n|-activate|p1a: Lurantis|move: Sticky Web\n|-boost|p1a: Lurantis|spe|1\n|turn|29\n|\n|t:|1782901835\n|switch|p2a: Exeggutor|Exeggutor-Alola, L89, F|234/314\n|move|p1a: Lurantis|Leaf Storm|p2a: Exeggutor\n|-resisted|p2a: Exeggutor\n|-damage|p2a: Exeggutor|201/314\n|-boost|p1a: Lurantis|spa|2\n|\n|-heal|p1a: Lurantis|189/264|[from] item: Leftovers\n|-item|p2a: Exeggutor|Sitrus Berry|[from] ability: Harvest\n|upkeep\n|turn|30\n|\n|t:|1782901840\n|move|p1a: Lurantis|Superpower|p2a: Exeggutor\n|-damage|p2a: Exeggutor|57/314\n|-boost|p1a: Lurantis|atk|1\n|-boost|p1a: Lurantis|def|1\n|-enditem|p2a: Exeggutor|Sitrus Berry|[eat]\n|-heal|p2a: Exeggutor|135/314|[from] item: Sitrus Berry\n|move|p2a: Exeggutor|Draco Meteor|p1a: Lurantis\n|-damage|p1a: Lurantis|0 fnt\n|-unboost|p2a: Exeggutor|spa|2\n|faint|p1a: Lurantis\n|\n|upkeep\n|\n|t:|1782901844\n|switch|p1a: Rayquaza|Rayquaza, L72|270/270\n|-ability|p1a: Rayquaza|Air Lock\n|turn|31\n|\n|t:|1782901850\n|move|p1a: Rayquaza|Dragon Dance|p1a: Rayquaza\n|-boost|p1a: Rayquaza|atk|1\n|-boost|p1a: Rayquaza|spe|1\n|move|p2a: Exeggutor|Draco Meteor|p1a: Rayquaza\n|-supereffective|p1a: Rayquaza\n|-damage|p1a: Rayquaza|42/270\n|-unboost|p2a: Exeggutor|spa|2\n|\n|upkeep\n|turn|32\n|\n|t:|1782901855\n|move|p1a: Rayquaza|Dragon Ascent|p2a: Exeggutor\n|-supereffective|p2a: Exeggutor\n|-damage|p2a: Exeggutor|0 fnt\n|-unboost|p1a: Rayquaza|def|1\n|-unboost|p1a: Rayquaza|spd|1\n|faint|p2a: Exeggutor\n|\n|upkeep\n|\n|t:|1782901857\n|switch|p2a: Mamoswine|Mamoswine, L81, M|173/311\n|turn|33\n|\n|t:|1782901862\n|switch|p1a: Phione|Phione, L91|80/293\n|-activate|p1a: Phione|move: Sticky Web\n|-unboost|p1a: Phione|spe|1\n|move|p2a: Mamoswine|Ice Shard|p1a: Phione\n|-resisted|p1a: Phione\n|-crit|p1a: Phione\n|-damage|p1a: Phione|23/293\n|\n|-heal|p1a: Phione|41/293|[from] item: Leftovers\n|upkeep\n|turn|34\n|\n|t:|1782901865\n|-terastallize|p2a: Mamoswine|Ice\n|move|p2a: Mamoswine|Ice Shard|p1a: Phione\n|-resisted|p1a: Phione\n|-damage|p1a: Phione|0 fnt\n|faint|p1a: Phione\n|\n|upkeep\n|-message|Dravay8611 forfeited.\n|\n|win|IceColdAcer\n|raw|Dravay8611's rating: 2143 &rarr; <strong>2124</strong><br />(-19 for losing)\n|raw|IceColdAcer's rating: 2168 &rarr; <strong>2187</strong><br />(+19 for winning)\n", "inputlog": ">version f8ac14003a5f27e1bdc8d8c59608a773c1cb96e5\n>start {\"formatid\":\"gen9randombattle\",\"seed\":\"sodium,59bda5bb94413880271f8a3e33cc74d0\",\"rated\":\"Rated battle\"}\n>player p1 {\"name\":\"Dravay8611\",\"avatar\":\"101\",\"rating\":2143,\"seed\":\"sodium,a74458034d2c5f941a2c2700aa2e0e71\"}\n>player p2 {\"name\":\"IceColdAcer\",\"avatar\":\"acetrainer\",\"rating\":2168,\"seed\":\"sodium,7021772cb0955f8a3a0fed46e90527cd\"}\n>p1 move glare\n>p2 move pounce\n>p1 switch 2\n>p2 move stickyweb\n>p1 move dragondance\n>p2 switch 6\n>p1 switch 4\n>p2 move iciclecrash\n>p1 move scald\n>p2 switch 5\n>p1 switch 6\n>p2 move hydropump\n>p1 move protect\n>p2 move icebeam\n>p1 move airslash\n>p2 move icebeam\n>p1 switch 3\n>p1 move switcheroo\n>p2 switch 6\n>p1 move uturn\n>p2 move pounce\n>p1 switch 6\n>p1 move takeheart\n>p2 move pounce\n>p1 move scald\n>p2 move pounce\n>p1 move icebeam\n>p2 move pounce\n>p2 switch 3\n>p1 switch 5\n>p2 switch 6\n>p1 move leafstorm\n>p2 move uturn\n>p2 switch 6\n>p1 move synthesis\n>p2 move flamethrower\n>p1 move synthesis terastallize\n>p2 move flamethrower\n>p1 move superpower\n>p2 move dracometeor\n>p1 move synthesis\n>p2 switch 6\n>p1 switch 6\n>p2 move encore\n>p1 move doubleedge\n>p2 move hydropump\n>p1 switch 5\n>p2 move hydropump\n>p1 move icebeam\n>p2 move uturn\n>p2 switch 4\n>p1 switch 2\n>p2 move psychic\n>p1 move glare\n>p2 move psychic\n>p1 switch 5\n>p1 move knockoff\n>p2 switch 4\n>p1 move doubleedge\n>p2 move hydropump\n>p2 switch 5\n>p1 move doubleedge\n>p2 move knockoff\n>p1 switch 6\n>p1 move leafstorm\n>p2 switch 6\n>p1 move superpower\n>p2 move dracometeor\n>p1 switch 4\n>p1 move dragondance\n>p2 move dracometeor\n>p1 move dragonascent\n>p2 move dracometeor\n>p2 switch 6\n>p1 switch 2\n>p2 move iceshard\n>p1 move scald\n>p2 move iceshard terastallize\n>forcelose p1", "uploadtime": 1782901867, "views": 2, "formatid": "gen9randombattle", "rating": 2124, "private": 0, "password": null, "player_dets": [{"name": "Dravay8611", "avatar": "101", "rating": 2143, "seed": "sodium,a74458034d2c5f941a2c2700aa2e0e71"}, {"name": "IceColdAcer", "avatar": "acetrainer", "rating": 2168, "seed": "sodium,7021772cb0955f8a3a0fed46e90527cd"}], "teams_full": [{"Dudunsparce": {"name": "Dudunsparce", "species": "Dudunsparce-Three-Segment", "speciesId": "dudunsparce", "gender": "F", "shiny": false, "level": 83, "moves": ["earthquake", "glare", "roost", "headbutt"], "ability": "Serene Grace", "evs": {"hp": 85, "atk": 85, "def": 85, "spa": 85, "spd": 85, "spe": 85}, "ivs": {"hp": 31, "atk": 31, "def": 31, "spa": 31, "spd": 31, "spe": 31}, "item": "Leftovers", "teraType": "Ground", "role": "Bulky Support", "bvs": {"hp": 125, "atk": 100, "def": 80, "spa": 85, "spd": 75, "spe": 55}, "stats": {"hp": 343, "atk": 214, "def": 180, "spa": 189, "spd": 172, "spe": 139}, "types": ["Normal"]}, "Rayquaza": {"name": "Rayquaza", "species": "Rayquaza", "speciesId": "rayquaza", "gender": "N", "shiny": false, "level": 72, "moves": ["dragondance", "dragonascent", "earthquake", "outrage"], "ability": "Air Lock", "evs": {"hp": 85, "atk": 85, "def": 85, "spa": 85, "spd": 85, "spe": 85}, "ivs": {"hp": 31, "atk": 31, "def": 31, "spa": 31, "spd": 31, "spe": 31}, "item": "Heavy-Duty Boots", "teraType": "Steel", "role": "Setup Sweeper", "bvs": {"hp": 105, "atk": 150, "def": 90, "spa": 150, "spd": 90, "spe": 95}, "stats": {"hp": 270, "atk": 258, "def": 172, "spa": 258, "spd": 172, "spe": 179}, "types": ["Dragon", "Flying"]}, "Persian": {"name": "Persian", "species": "Persian", "speciesId": "persian", "gender": "M", "shiny": false, "level": 92, "moves": ["uturn", "switcheroo", "knockoff", "doubleedge"], "ability": "Limber", "evs": {"hp": 85, "atk": 85, "def": 85, "spa": 85, "spd": 85, "spe": 85}, "ivs": {"hp": 31, "atk": 31, "def": 31, "spa": 31, "spd": 31, "spe": 31}, "item": "Choice Band", "teraType": "Normal", "role": "Wallbreaker", "bvs": {"hp": 65, "atk": 70, "def": 60, "spa": 65, "spd": 65, "spe": 115}, "stats": {"hp": 269, "atk": 181, "def": 163, "spa": 172, "spd": 172, "spe": 264}, "types": ["Normal"]}, "Phione": {"name": "Phione", "species": "Phione", "speciesId": "phione", "gender": "N", "shiny": false, "level": 91, "moves": ["icebeam", "takeheart", "grassknot", "scald"], "ability": "Hydration", "evs": {"hp": 85, "atk": 0, "def": 85, "spa": 85, "spd": 85, "spe": 85}, "ivs": {"hp": 31, "atk": 0, "def": 31, "spa": 31, "spd": 31, "spe": 31}, "item": "Leftovers", "teraType": "Grass", "role": "Bulky Attacker", "bvs": {"hp": 80, "atk": 80, "def": 80, "spa": 80, "spd": 80, "spe": 80}, "stats": {"hp": 293, "atk": 150, "def": 197, "spa": 197, "spd": 197, "spe": 197}, "types": ["Water"]}, "Lurantis": {"name": "Lurantis", "species": "Lurantis", "speciesId": "lurantis", "gender": "F", "shiny": false, "level": 87, "moves": ["superpower", "synthesis", "defog", "leafstorm"], "ability": "Contrary", "evs": {"hp": 85, "atk": 85, "def": 85, "spa": 85, "spd": 85, "spe": 85}, "ivs": {"hp": 31, "atk": 31, "def": 31, "spa": 31, "spd": 31, "spe": 31}, "item": "Leftovers", "teraType": "Fighting", "role": "Bulky Attacker", "bvs": {"hp": 70, "atk": 105, "def": 90, "spa": 80, "spd": 90, "spe": 45}, "stats": {"hp": 264, "atk": 232, "def": 206, "spa": 189, "spd": 206, "spe": 128}, "types": ["Grass"]}, "Yanmega": {"name": "Yanmega", "species": "Yanmega", "speciesId": "yanmega", "gender": "M", "shiny": false, "level": 82, "moves": ["bugbuzz", "airslash", "terablast", "protect"], "ability": "Speed Boost", "evs": {"hp": 85, "atk": 0, "def": 85, "spa": 85, "spd": 85, "spe": 85}, "ivs": {"hp": 31, "atk": 0, "def": 31, "spa": 31, "spd": 31, "spe": 31}, "item": "Heavy-Duty Boots", "teraType": "Ground", "role": "Tera Blast user", "bvs": {"hp": 86, "atk": 76, "def": 86, "spa": 116, "spd": 56, "spe": 95}, "stats": {"hp": 275, "atk": 129, "def": 188, "spa": 237, "spd": 139, "spe": 203}, "types": ["Bug", "Flying"]}}, {"Kricketune": {"name": "Kricketune", "species": "Kricketune", "speciesId": "kricketune", "gender": "M", "shiny": false, "level": 99, "moves": ["pounce", "taunt", "knockoff", "stickyweb"], "ability": "Technician", "evs": {"hp": 81, "atk": 85, "def": 85, "spa": 85, "spd": 85, "spe": 85}, "ivs": {"hp": 31, "atk": 31, "def": 31, "spa": 31, "spd": 31, "spe": 31}, "item": "Focus Sash", "teraType": "Ghost", "role": "Fast Support", "bvs": {"hp": 77, "atk": 85, "def": 51, "spa": 55, "spd": 51, "spe": 65}, "stats": {"hp": 311, "atk": 224, "def": 157, "spa": 165, "spd": 157, "spe": 185}, "types": ["Bug"]}, "Sceptile": {"name": "Sceptile", "species": "Sceptile", "speciesId": "sceptile", "gender": "M", "shiny": false, "level": 87, "moves": ["rockslide", "earthquake", "focusblast", "leafstorm"], "ability": "Overgrow", "evs": {"hp": 85, "atk": 85, "def": 85, "spa": 85, "spd": 85, "spe": 85}, "ivs": {"hp": 31, "atk": 31, "def": 31, "spa": 31, "spd": 31, "spe": 31}, "item": "Life Orb", "teraType": "Ground", "role": "Fast Attacker", "bvs": {"hp": 70, "atk": 85, "def": 65, "spa": 105, "spd": 85, "spe": 120}, "stats": {"hp": 264, "atk": 198, "def": 163, "spa": 232, "spd": 198, "spe": 259}, "types": ["Grass"]}, "Exeggutor": {"name": "Exeggutor", "species": "Exeggutor-Alola", "speciesId": "exeggutoralola", "gender": "F", "shiny": false, "level": 89, "moves": ["flamethrower", "dracometeor", "moonlight", "woodhammer"], "ability": "Harvest", "evs": {"hp": 85, "atk": 85, "def": 85, "spa": 85, "spd": 85, "spe": 85}, "ivs": {"hp": 31, "atk": 31, "def": 31, "spa": 31, "spd": 31, "spe": 31}, "item": "Sitrus Berry", "teraType": "Fire", "role": "Fast Attacker", "bvs": {"hp": 95, "atk": 105, "def": 85, "spa": 125, "spd": 75, "spe": 45}, "stats": {"hp": 314, "atk": 238, "def": 202, "spa": 273, "spd": 184, "spe": 131}, "types": ["Grass", "Dragon"]}, "Reuniclus": {"name": "Reuniclus", "species": "Reuniclus", "speciesId": "reuniclus", "gender": "F", "shiny": false, "level": 88, "moves": ["recover", "focusblast", "calmmind", "psychic"], "ability": "Magic Guard", "evs": {"hp": 85, "atk": 0, "def": 85, "spa": 85, "spd": 85, "spe": 85}, "ivs": {"hp": 31, "atk": 0, "def": 31, "spa": 31, "spd": 31, "spe": 31}, "item": "Life Orb", "teraType": "Steel", "role": "Bulky Setup", "bvs": {"hp": 110, "atk": 65, "def": 75, "spa": 125, "spd": 85, "spe": 30}, "stats": {"hp": 337, "atk": 119, "def": 182, "spa": 270, "spd": 200, "spe": 103}, "types": ["Psychic"]}, "Lumineon": {"name": "Lumineon", "species": "Lumineon", "speciesId": "lumineon", "gender": "M", "shiny": false, "level": 93, "moves": ["encore", "hydropump", "uturn", "icebeam"], "ability": "Storm Drain", "evs": {"hp": 85, "atk": 85, "def": 85, "spa": 85, "spd": 85, "spe": 85}, "ivs": {"hp": 31, "atk": 31, "def": 31, "spa": 31, "spd": 31, "spe": 31}, "item": "Heavy-Duty Boots", "teraType": "Dragon", "role": "Fast Support", "bvs": {"hp": 69, "atk": 69, "def": 76, "spa": 69, "spd": 86, "spe": 91}, "stats": {"hp": 279, "atk": 181, "def": 194, "spa": 181, "spd": 213, "spe": 222}, "types": ["Water"]}, "Mamoswine": {"name": "Mamoswine", "species": "Mamoswine", "speciesId": "mamoswine", "gender": "M", "shiny": false, "level": 81, "moves": ["iciclecrash", "knockoff", "earthquake", "iceshard"], "ability": "Thick Fat", "evs": {"hp": 85, "atk": 85, "def": 85, "spa": 85, "spd": 85, "spe": 85}, "ivs": {"hp": 31, "atk": 31, "def": 31, "spa": 31, "spd": 31, "spe": 31}, "item": "Choice Band", "teraType": "Ice", "role": "Wallbreaker", "bvs": {"hp": 110, "atk": 130, "def": 80, "spa": 70, "spd": 60, "spe": 80}, "stats": {"hp": 311, "atk": 257, "def": 176, "spa": 160, "spd": 144, "spe": 176}, "types": ["Ice", "Ground"]}}]}