{"id": "gen9randombattle-2642185379", "format": "[Gen 9] Random Battle", "players": ["oranchix", "jnpr010334"], "log": "|j|\u2606oranchix\n|j|\u2606jnpr010334\n|t:|1782907391\n|gametype|singles\n|player|p1|oranchix|265|1720\n|player|p2|jnpr010334|265|1745\n|gen|9\n|tier|[Gen 9] Random Battle\n|rated|\n|rule|Species Clause: Limit one of each Pok\u00e9mon\n|rule|HP Percentage Mod: HP is shown in percentages\n|rule|Sleep Clause Mod: Limit one foe put to sleep\n|rule|Illusion Level Mod: Illusion disguises the Pok\u00e9mon's true level\n|\n|t:|1782907391\n|teamsize|p1|6\n|teamsize|p2|6\n|start\n|switch|p1a: Enamorus|Enamorus, L79, F|247/247\n|switch|p2a: Plusle|Plusle, L95, F|268/268\n|turn|1\n|inactive|Battle timer is ON: inactive players will automatically lose when time's up. (requested by oranchix)\n|inactive|jnpr010334 also wants the timer to be on.\n|\n|t:|1782907409\n|switch|p1a: Slowbro|Slowbro-Galar, L87, M|307/307\n|move|p2a: Plusle|Nasty Plot|p2a: Plusle\n|-boost|p2a: Plusle|spa|2\n|\n|upkeep\n|turn|2\n|\n|t:|1782907417\n|move|p2a: Plusle|Thunderbolt|p1a: Slowbro\n|-damage|p1a: Slowbro|0 fnt\n|faint|p1a: Slowbro\n|-damage|p2a: Plusle|242/268|[from] item: Life Orb\n|\n|upkeep\n|\n|t:|1782907426\n|switch|p1a: Iron Boulder|Iron Boulder, L77|265/265\n|turn|3\n|\n|t:|1782907430\n|move|p1a: Iron Boulder|Close Combat|p2a: Plusle\n|-damage|p2a: Plusle|87/268\n|-unboost|p1a: Iron Boulder|def|1\n|-unboost|p1a: Iron Boulder|spd|1\n|-damage|p1a: Iron Boulder|239/265|[from] item: Life Orb\n|move|p2a: Plusle|Grass Knot|p1a: Iron Boulder\n|-supereffective|p1a: Iron Boulder\n|-damage|p1a: Iron Boulder|0 fnt\n|faint|p1a: Iron Boulder\n|-end|p1a: Iron Boulder|Quark Drive|[silent]\n|-damage|p2a: Plusle|61/268|[from] item: Life Orb\n|\n|upkeep\n|\n|t:|1782907434\n|switch|p1a: Honchkrow|Honchkrow, L86, M|312/312\n|turn|4\n|\n|t:|1782907437\n|move|p1a: Honchkrow|Sucker Punch|p2a: Plusle\n|-damage|p2a: Plusle|0 fnt\n|faint|p2a: Plusle\n|-ability|p1a: Honchkrow|Moxie|boost\n|-boost|p1a: Honchkrow|atk|1\n|\n|upkeep\n|\n|t:|1782907440\n|switch|p2a: Golduck|Golduck, L90, M|290/290\n|turn|5\n|\n|t:|1782907446\n|-terastallize|p1a: Honchkrow|Dark\n|move|p1a: Honchkrow|Sucker Punch|p2a: Golduck\n|-damage|p2a: Golduck|92/290\n|move|p2a: Golduck|Ice Beam|p1a: Honchkrow\n|-damage|p1a: Honchkrow|171/312\n|\n|upkeep\n|turn|6\n|\n|t:|1782907449\n|switch|p2a: Hydreigon|Hydreigon, L79, M|275/275\n|move|p1a: Honchkrow|Sucker Punch||[still]\n|-fail|p1a: Honchkrow\n|\n|upkeep\n|turn|7\n|\n|t:|1782907452\n|move|p2a: Hydreigon|Draco Meteor|p1a: Honchkrow\n|-damage|p1a: Honchkrow|0 fnt\n|-unboost|p2a: Hydreigon|spa|2\n|faint|p1a: Honchkrow\n|-damage|p2a: Hydreigon|248/275|[from] item: Life Orb\n|\n|upkeep\n|\n|t:|1782907455\n|switch|p1a: Enamorus|Enamorus, L79, F|247/247\n|turn|8\n|\n|t:|1782907460\n|switch|p2a: Typhlosion|Typhlosion, L84, F|267/267\n|move|p1a: Enamorus|Superpower|p2a: Typhlosion\n|-damage|p2a: Typhlosion|168/267\n|-boost|p1a: Enamorus|atk|1\n|-boost|p1a: Enamorus|def|1\n|\n|upkeep\n|turn|9\n|\n|t:|1782907464\n|-terastallize|p2a: Typhlosion|Fire\n|move|p2a: Typhlosion|Eruption|p1a: Enamorus\n|-damage|p1a: Enamorus|15/247\n|move|p1a: Enamorus|Superpower|p2a: Typhlosion\n|-damage|p2a: Typhlosion|16/267\n|-boost|p1a: Enamorus|atk|1\n|-boost|p1a: Enamorus|def|1\n|\n|-heal|p1a: Enamorus|30/247|[from] item: Leftovers\n|upkeep\n|turn|10\n|\n|t:|1782907471\n|move|p2a: Typhlosion|Eruption|p1a: Enamorus\n|-damage|p1a: Enamorus|0 fnt\n|faint|p1a: Enamorus\n|\n|upkeep\n|\n|t:|1782907477\n|switch|p1a: Clawitzer|Clawitzer, L87, M|265/265\n|turn|11\n|\n|t:|1782907481\n|move|p2a: Typhlosion|Eruption|p1a: Clawitzer\n|-resisted|p1a: Clawitzer\n|-damage|p1a: Clawitzer|255/265\n|move|p1a: Clawitzer|Water Pulse|p2a: Typhlosion\n|-supereffective|p2a: Typhlosion\n|-crit|p2a: Typhlosion\n|-damage|p2a: Typhlosion|0 fnt\n|faint|p2a: Typhlosion\n|\n|upkeep\n|\n|t:|1782907483\n|switch|p2a: Golduck|Golduck, L90, M|92/290\n|turn|12\n|\n|t:|1782907487\n|move|p2a: Golduck|Grass Knot|p1a: Clawitzer\n|-supereffective|p1a: Clawitzer\n|-damage|p1a: Clawitzer|159/265\n|move|p1a: Clawitzer|Dragon Pulse|p2a: Golduck\n|-damage|p2a: Golduck|0 fnt\n|faint|p2a: Golduck\n|\n|upkeep\n|\n|t:|1782907490\n|switch|p2a: Hydreigon|Hydreigon, L79, M|248/275\n|turn|13\n|\n|t:|1782907497\n|move|p2a: Hydreigon|Draco Meteor|p1a: Clawitzer\n|-damage|p1a: Clawitzer|29/265\n|-unboost|p2a: Hydreigon|spa|2\n|-damage|p2a: Hydreigon|221/275|[from] item: Life Orb\n|move|p1a: Clawitzer|Dragon Pulse|p2a: Hydreigon\n|-supereffective|p2a: Hydreigon\n|-damage|p2a: Hydreigon|0 fnt\n|faint|p2a: Hydreigon\n|\n|upkeep\n|\n|t:|1782907500\n|switch|p2a: Pelipper|Pelipper, L86, F|243/243\n|-weather|RainDance|[from] ability: Drizzle|[of] p2a: Pelipper\n|turn|14\n|\n|t:|1782907504\n|move|p2a: Pelipper|Weather Ball|p1a: Clawitzer\n|-resisted|p1a: Clawitzer\n|-damage|p1a: Clawitzer|0 fnt\n|faint|p1a: Clawitzer\n|\n|-weather|RainDance|[upkeep]\n|upkeep\n|\n|t:|1782907507\n|switch|p1a: Klawf|Klawf, L90, F|272/272\n|turn|15\n|\n|t:|1782907512\n|move|p1a: Klawf|Stone Edge|p2a: Pelipper\n|-supereffective|p2a: Pelipper\n|-damage|p2a: Pelipper|0 fnt\n|faint|p2a: Pelipper\n|\n|-weather|RainDance|[upkeep]\n|upkeep\n|\n|t:|1782907513\n|switch|p2a: Sableye|Sableye, L88, F|231/231\n|turn|16\n|\n|t:|1782907516\n|move|p2a: Sableye|Thunder Wave|p1a: Klawf\n|-status|p1a: Klawf|par\n|cant|p1a: Klawf|par\n|\n|-weather|RainDance|[upkeep]\n|upkeep\n|turn|17\n|\n|t:|1782907520\n|move|p2a: Sableye|Knock Off|p1a: Klawf\n|-damage|p1a: Klawf|199/272 par\n|-enditem|p1a: Klawf|Expert Belt|[from] move: Knock Off|[of] p2a: Sableye\n|move|p1a: Klawf|Swords Dance|p1a: Klawf\n|-boost|p1a: Klawf|atk|2\n|\n|-weather|RainDance|[upkeep]\n|upkeep\n|turn|18\n|\n|t:|1782907525\n|move|p2a: Sableye|Encore|p1a: Klawf\n|-start|p1a: Klawf|Encore\n|move|p1a: Klawf|Swords Dance|p1a: Klawf\n|-boost|p1a: Klawf|atk|2\n|\n|-weather|none\n|upkeep\n|turn|19\n|\n|t:|1782907528\n|move|p2a: Sableye|Knock Off|p1a: Klawf\n|-damage|p1a: Klawf|153/272 par\n|move|p1a: Klawf|Swords Dance|p1a: Klawf\n|-boost|p1a: Klawf|atk|2\n|\n|upkeep\n|turn|20\n|\n|t:|1782907532\n|move|p2a: Sableye|Knock Off|p1a: Klawf\n|-damage|p1a: Klawf|107/272 par\n|-ability|p1a: Klawf|Anger Shell|boost\n|-boost|p1a: Klawf|spa|1\n|-boost|p1a: Klawf|spe|1\n|-unboost|p1a: Klawf|def|1\n|-unboost|p1a: Klawf|spd|1\n|move|p1a: Klawf|Swords Dance|p1a: Klawf\n|-boost|p1a: Klawf|atk|0\n|\n|-end|p1a: Klawf|Encore\n|upkeep\n|turn|21\n|\n|t:|1782907535\n|move|p2a: Sableye|Encore|p1a: Klawf\n|-start|p1a: Klawf|Encore\n|move|p1a: Klawf|Swords Dance|p1a: Klawf\n|-boost|p1a: Klawf|atk|0\n|\n|upkeep\n|turn|22\n|\n|t:|1782907538\n|move|p1a: Klawf|Swords Dance|p1a: Klawf\n|-boost|p1a: Klawf|atk|0\n|move|p2a: Sableye|Knock Off|p1a: Klawf\n|-damage|p1a: Klawf|35/272 par\n|\n|upkeep\n|turn|23\n|\n|t:|1782907541\n|move|p1a: Klawf|Swords Dance|p1a: Klawf\n|-boost|p1a: Klawf|atk|0\n|move|p2a: Sableye|Knock Off|p1a: Klawf\n|-damage|p1a: Klawf|0 fnt\n|faint|p1a: Klawf\n|\n|win|jnpr010334\n|raw|oranchix's rating: 1720 &rarr; <strong>1698</strong><br />(-22 for losing)\n|raw|jnpr010334's rating: 1693 &rarr; <strong>1715</strong><br />(+22 for winning)\n", "inputlog": ">version f8ac14003a5f27e1bdc8d8c59608a773c1cb96e5\n>start {\"formatid\":\"gen9randombattle\",\"seed\":\"sodium,40abffa10c3d1816f3b4eab0977f2a2a\",\"rated\":\"Rated battle\"}\n>player p1 {\"name\":\"oranchix\",\"avatar\":\"265\",\"rating\":1720,\"seed\":\"sodium,a6498b140a06159758972b499feb3671\"}\n>player p2 {\"name\":\"jnpr010334\",\"avatar\":\"265\",\"rating\":1745,\"seed\":\"sodium,9d1ad3a9d3bb9bd7e137b90daf2ae2ad\"}\n>p1 switch 4\n>p2 move nastyplot\n>p1 move shellsidearm\n>p2 move thunderbolt\n>p1 switch 5\n>p1 move closecombat\n>p2 move grassknot\n>p1 switch 3\n>p1 move suckerpunch\n>p2 move thunderbolt\n>p2 switch 5\n>p1 move suckerpunch terastallize\n>p2 move icebeam\n>p1 move suckerpunch\n>p2 switch 2\n>p1 move uturn\n>p2 move dracometeor\n>p1 switch 4\n>p1 move superpower\n>p2 switch 4\n>p1 move superpower\n>p2 move eruption terastallize\n>p1 move superpower\n>p2 move eruption\n>p1 switch 2\n>p1 move waterpulse\n>p2 move eruption\n>p2 switch 2\n>p1 move dragonpulse\n>p2 move grassknot\n>p2 switch 4\n>p1 move dragonpulse\n>p2 move dracometeor\n>p2 switch 3\n>p1 move dragonpulse\n>p2 move weatherball\n>p1 switch 6\n>p1 move stoneedge\n>p2 move weatherball\n>p2 switch 6\n>p1 move swordsdance\n>p2 move thunderwave\n>p1 move swordsdance\n>p2 move knockoff\n>p1 move crabhammer\n>p2 move encore\n>p1 move swordsdance\n>p2 move knockoff\n>p1 move swordsdance\n>p2 move knockoff\n>p1 move crabhammer\n>p2 move encore\n>p1 move swordsdance\n>p2 move knockoff\n>p1 move swordsdance\n>p2 move knockoff", "uploadtime": 1782907542, "views": 2, "formatid": "gen9randombattle", "rating": 1698, "private": 0, "password": null, "player_dets": [{"name": "oranchix", "avatar": "265", "rating": 1720, "seed": "sodium,a6498b140a06159758972b499feb3671"}, {"name": "jnpr010334", "avatar": "265", "rating": 1745, "seed": "sodium,9d1ad3a9d3bb9bd7e137b90daf2ae2ad"}], "teams_full": [{"Enamorus": {"name": "Enamorus", "species": "Enamorus", "speciesId": "enamorus", "gender": "F", "shiny": false, "level": 79, "moves": ["taunt", "playrough", "substitute", "superpower"], "ability": "Contrary", "evs": {"hp": 85, "atk": 85, "def": 85, "spa": 85, "spd": 85, "spe": 85}, "ivs": {"hp": 31, "atk": 31, "def": 31, "spa": 31, "spd": 31, "spe": 31}, "item": "Leftovers", "teraType": "Fighting", "role": "Setup Sweeper", "bvs": {"hp": 74, "atk": 115, "def": 70, "spa": 135, "spd": 80, "spe": 106}, "stats": {"hp": 247, "atk": 227, "def": 156, "spa": 259, "spd": 172, "spe": 213}, "types": ["Fairy", "Flying"]}, "Clawitzer": {"name": "Clawitzer", "species": "Clawitzer", "speciesId": "clawitzer", "gender": "M", "shiny": false, "level": 87, "moves": ["uturn", "dragonpulse", "waterpulse", "aurasphere"], "ability": "Mega Launcher", "evs": {"hp": 85, "atk": 85, "def": 85, "spa": 85, "spd": 85, "spe": 85}, "ivs": {"hp": 31, "atk": 31, "def": 31, "spa": 31, "spd": 31, "spe": 31}, "item": "Assault Vest", "teraType": "Dragon", "role": "AV Pivot", "bvs": {"hp": 71, "atk": 73, "def": 88, "spa": 120, "spd": 89, "spe": 59}, "stats": {"hp": 265, "atk": 177, "def": 203, "spa": 259, "spd": 205, "spe": 152}, "types": ["Water"]}, "Honchkrow": {"name": "Honchkrow", "species": "Honchkrow", "speciesId": "honchkrow", "gender": "M", "shiny": false, "level": 86, "moves": ["suckerpunch", "uturn", "heatwave", "bravebird"], "ability": "Moxie", "evs": {"hp": 85, "atk": 85, "def": 85, "spa": 85, "spd": 85, "spe": 85}, "ivs": {"hp": 31, "atk": 31, "def": 31, "spa": 31, "spd": 31, "spe": 31}, "item": "Heavy-Duty Boots", "teraType": "Dark", "role": "Fast Attacker", "bvs": {"hp": 100, "atk": 125, "def": 52, "spa": 105, "spd": 52, "spe": 71}, "stats": {"hp": 312, "atk": 264, "def": 139, "spa": 230, "spd": 139, "spe": 171}, "types": ["Dark", "Flying"]}, "Slowbro": {"name": "Slowbro", "species": "Slowbro-Galar", "speciesId": "slowbrogalar", "gender": "M", "shiny": false, "level": 87, "moves": ["thunderwave", "slackoff", "shellsidearm", "psychic"], "ability": "Regenerator", "evs": {"hp": 85, "atk": 85, "def": 85, "spa": 85, "spd": 85, "spe": 85}, "ivs": {"hp": 31, "atk": 31, "def": 31, "spa": 31, "spd": 31, "spe": 31}, "item": "Rocky Helmet", "teraType": "Poison", "role": "Bulky Attacker", "bvs": {"hp": 95, "atk": 100, "def": 95, "spa": 100, "spd": 70, "spe": 30}, "stats": {"hp": 307, "atk": 224, "def": 215, "spa": 224, "spd": 172, "spe": 102}, "types": ["Poison", "Psychic"]}, "Iron Boulder": {"name": "Iron Boulder", "species": "Iron Boulder", "speciesId": "ironboulder", "gender": "N", "shiny": false, "level": 77, "moves": ["zenheadbutt", "swordsdance", "mightycleave", "closecombat"], "ability": "Quark Drive", "evs": {"hp": 85, "atk": 85, "def": 85, "spa": 85, "spd": 85, "spe": 85}, "ivs": {"hp": 31, "atk": 31, "def": 31, "spa": 31, "spd": 31, "spe": 31}, "item": "Life Orb", "teraType": "Fighting", "role": "Setup Sweeper", "bvs": {"hp": 90, "atk": 120, "def": 80, "spa": 68, "spd": 108, "spe": 124}, "stats": {"hp": 265, "atk": 229, "def": 168, "spa": 149, "spd": 211, "spe": 236}, "types": ["Rock", "Psychic"]}, "Klawf": {"name": "Klawf", "species": "Klawf", "speciesId": "klawf", "gender": "F", "shiny": false, "level": 90, "moves": ["stoneedge", "highhorsepower", "crabhammer", "swordsdance"], "ability": "Anger Shell", "evs": {"hp": 85, "atk": 85, "def": 85, "spa": 85, "spd": 85, "spe": 85}, "ivs": {"hp": 31, "atk": 31, "def": 31, "spa": 31, "spd": 31, "spe": 31}, "item": "Expert Belt", "teraType": "Ground", "role": "Setup Sweeper", "bvs": {"hp": 70, "atk": 100, "def": 115, "spa": 35, "spd": 55, "spe": 75}, "stats": {"hp": 272, "atk": 231, "def": 258, "spa": 114, "spd": 150, "spe": 186}, "types": ["Rock"]}}, {"Plusle": {"name": "Plusle", "species": "Plusle", "speciesId": "plusle", "gender": "F", "shiny": false, "level": 95, "moves": ["grassknot", "nastyplot", "thunderbolt", "alluringvoice"], "ability": "Lightning Rod", "evs": {"hp": 85, "atk": 0, "def": 85, "spa": 85, "spd": 85, "spe": 85}, "ivs": {"hp": 31, "atk": 0, "def": 31, "spa": 31, "spd": 31, "spe": 31}, "item": "Life Orb", "teraType": "Electric", "role": "Setup Sweeper", "bvs": {"hp": 60, "atk": 50, "def": 40, "spa": 85, "spd": 75, "spe": 95}, "stats": {"hp": 268, "atk": 100, "def": 130, "spa": 215, "spd": 196, "spe": 234}, "types": ["Electric"]}, "Hydreigon": {"name": "Hydreigon", "species": "Hydreigon", "speciesId": "hydreigon", "gender": "M", "shiny": false, "level": 79, "moves": ["flashcannon", "dracometeor", "nastyplot", "darkpulse"], "ability": "Levitate", "evs": {"hp": 85, "atk": 0, "def": 85, "spa": 85, "spd": 85, "spe": 85}, "ivs": {"hp": 31, "atk": 0, "def": 31, "spa": 31, "spd": 31, "spe": 31}, "item": "Life Orb", "teraType": "Dragon", "role": "Fast Attacker", "bvs": {"hp": 92, "atk": 105, "def": 90, "spa": 125, "spd": 90, "spe": 98}, "stats": {"hp": 275, "atk": 170, "def": 188, "spa": 243, "spd": 188, "spe": 200}, "types": ["Dark", "Dragon"]}, "Pelipper": {"name": "Pelipper", "species": "Pelipper", "speciesId": "pelipper", "gender": "F", "shiny": false, "level": 86, "moves": ["hydropump", "hurricane", "weatherball", "uturn"], "ability": "Drizzle", "evs": {"hp": 85, "atk": 85, "def": 85, "spa": 85, "spd": 85, "spe": 85}, "ivs": {"hp": 31, "atk": 31, "def": 31, "spa": 31, "spd": 31, "spe": 31}, "item": "Choice Specs", "teraType": "Flying", "role": "Wallbreaker", "bvs": {"hp": 60, "atk": 50, "def": 100, "spa": 95, "spd": 70, "spe": 65}, "stats": {"hp": 243, "atk": 135, "def": 221, "spa": 213, "spd": 170, "spe": 161}, "types": ["Water", "Flying"]}, "Typhlosion": {"name": "Typhlosion", "species": "Typhlosion", "speciesId": "typhlosion", "gender": "F", "shiny": false, "level": 84, "moves": ["focusblast", "fireblast", "eruption", "scorchingsands"], "ability": "Blaze", "evs": {"hp": 81, "atk": 0, "def": 85, "spa": 85, "spd": 85, "spe": 85}, "ivs": {"hp": 31, "atk": 0, "def": 31, "spa": 31, "spd": 31, "spe": 31}, "item": "Choice Specs", "teraType": "Fire", "role": "Fast Attacker", "bvs": {"hp": 78, "atk": 84, "def": 78, "spa": 109, "spd": 85, "spe": 100}, "stats": {"hp": 267, "atk": 146, "def": 179, "spa": 231, "spd": 191, "spe": 216}, "types": ["Fire"]}, "Golduck": {"name": "Golduck", "species": "Golduck", "speciesId": "golduck", "gender": "M", "shiny": false, "level": 90, "moves": ["grassknot", "hydropump", "flipturn", "icebeam"], "ability": "Swift Swim", "evs": {"hp": 85, "atk": 85, "def": 85, "spa": 85, "spd": 85, "spe": 85}, "ivs": {"hp": 31, "atk": 31, "def": 31, "spa": 31, "spd": 31, "spe": 31}, "item": "Choice Specs", "teraType": "Water", "role": "Fast Attacker", "bvs": {"hp": 80, "atk": 82, "def": 78, "spa": 95, "spd": 80, "spe": 85}, "stats": {"hp": 290, "atk": 199, "def": 192, "spa": 222, "spd": 195, "spe": 204}, "types": ["Water"]}, "Sableye": {"name": "Sableye", "species": "Sableye", "speciesId": "sableye", "gender": "F", "shiny": false, "level": 88, "moves": ["encore", "thunderwave", "recover", "knockoff"], "ability": "Prankster", "evs": {"hp": 85, "atk": 85, "def": 85, "spa": 85, "spd": 85, "spe": 85}, "ivs": {"hp": 31, "atk": 31, "def": 31, "spa": 31, "spd": 31, "spe": 31}, "item": "Leftovers", "teraType": "Steel", "role": "Bulky Support", "bvs": {"hp": 50, "atk": 75, "def": 75, "spa": 65, "spd": 65, "spe": 50}, "stats": {"hp": 231, "atk": 182, "def": 182, "spa": 165, "spd": 165, "spe": 138}, "types": ["Dark", "Ghost"]}}]}