{"id": "gen9randombattle-2641915283", "format": "[Gen 9] Random Battle", "players": ["howd0ichangename", "Lourge"], "log": "|j|\u2606howd0ichangename\n|j|\u2606Lourge\n|t:|1782858046\n|gametype|singles\n|player|p1|howd0ichangename|265|1120\n|player|p2|Lourge|170|1087\n|gen|9\n|tier|[Gen 9] Random Battle\n|rated|\n|rule|Species Clause: Limit one of each Pok\u00e9mon\n|rule|HP Percentage Mod: HP is shown in percentages\n|rule|Sleep Clause Mod: Limit one foe put to sleep\n|rule|Illusion Level Mod: Illusion disguises the Pok\u00e9mon's true level\n|\n|t:|1782858046\n|teamsize|p1|6\n|teamsize|p2|6\n|start\n|switch|p1a: Registeel|Registeel, L81|262/262\n|switch|p2a: Mesprit|Mesprit, L85|275/275\n|turn|1\n|\n|t:|1782858083\n|switch|p2a: Gurdurr|Gurdurr, L85, F|283/283\n|move|p1a: Registeel|Iron Head|p2a: Gurdurr\n|-damage|p2a: Gurdurr|234/283\n|\n|upkeep\n|turn|2\n|\n|t:|1782858103\n|switch|p1a: Grumpig|Grumpig, L92, F|297/297\n|move|p2a: Gurdurr|Drain Punch|p1a: Grumpig\n|-resisted|p1a: Grumpig\n|-damage|p1a: Grumpig|243/297\n|-heal|p2a: Gurdurr|261/283|[from] drain|[of] p1a: Grumpig\n|\n|-heal|p1a: Grumpig|261/297|[from] item: Leftovers\n|upkeep\n|turn|3\n|\n|t:|1782858114\n|move|p1a: Grumpig|Nasty Plot|p1a: Grumpig\n|-boost|p1a: Grumpig|spa|2\n|move|p2a: Gurdurr|Knock Off|p1a: Grumpig\n|-supereffective|p1a: Grumpig\n|-crit|p1a: Grumpig\n|-damage|p1a: Grumpig|5/297\n|-enditem|p1a: Grumpig|Leftovers|[from] move: Knock Off|[of] p2a: Gurdurr\n|\n|upkeep\n|turn|4\n|\n|t:|1782858125\n|move|p1a: Grumpig|Psyshock|p2a: Gurdurr\n|-supereffective|p2a: Gurdurr\n|-crit|p2a: Gurdurr\n|-damage|p2a: Gurdurr|0 fnt\n|faint|p2a: Gurdurr\n|\n|upkeep\n|\n|t:|1782858138\n|switch|p2a: Mesprit|Mesprit, L85|275/275\n|turn|5\n|\n|t:|1782858151\n|move|p1a: Grumpig|Shadow Ball|p2a: Mesprit\n|-supereffective|p2a: Mesprit\n|-damage|p2a: Mesprit|55/275\n|move|p2a: Mesprit|Shadow Ball|p1a: Grumpig\n|-supereffective|p1a: Grumpig\n|-damage|p1a: Grumpig|0 fnt\n|faint|p1a: Grumpig\n|-damage|p2a: Mesprit|28/275|[from] item: Life Orb\n|\n|upkeep\n|\n|t:|1782858158\n|switch|p1a: Registeel|Registeel, L81|262/262\n|turn|6\n|\n|t:|1782858175\n|move|p2a: Mesprit|Thunderbolt|p1a: Registeel\n|-damage|p1a: Registeel|201/262\n|-damage|p2a: Mesprit|1/275|[from] item: Life Orb\n|move|p1a: Registeel|Iron Defense|p1a: Registeel\n|-boost|p1a: Registeel|def|2\n|\n|upkeep\n|turn|7\n|\n|t:|1782858197\n|switch|p2a: Dragonite|Dragonite, L74, F|257/257\n|move|p1a: Registeel|Iron Defense|p1a: Registeel\n|-boost|p1a: Registeel|def|2\n|\n|upkeep\n|turn|8\n|\n|t:|1782858206\n|move|p2a: Dragonite|Earthquake|p1a: Registeel\n|-supereffective|p1a: Registeel\n|-damage|p1a: Registeel|167/262\n|move|p1a: Registeel|Iron Head|p2a: Dragonite\n|-damage|p2a: Dragonite|223/257\n|\n|upkeep\n|turn|9\n|\n|t:|1782858218\n|move|p2a: Dragonite|Dragon Dance|p2a: Dragonite\n|-boost|p2a: Dragonite|atk|1\n|-boost|p2a: Dragonite|spe|1\n|move|p1a: Registeel|Body Press|p2a: Dragonite\n|-resisted|p2a: Dragonite\n|-crit|p2a: Dragonite\n|-damage|p2a: Dragonite|29/257\n|\n|upkeep\n|turn|10\n|\n|t:|1782858228\n|move|p2a: Dragonite|Earthquake|p1a: Registeel\n|-supereffective|p1a: Registeel\n|-damage|p1a: Registeel|121/262\n|move|p1a: Registeel|Body Press|p2a: Dragonite\n|-resisted|p2a: Dragonite\n|-damage|p2a: Dragonite|0 fnt\n|faint|p2a: Dragonite\n|\n|upkeep\n|\n|t:|1782858245\n|switch|p2a: Walking Wake|Walking Wake, L79|286/286\n|turn|11\n|\n|t:|1782858273\n|move|p2a: Walking Wake|Flamethrower|p1a: Registeel\n|-supereffective|p1a: Registeel\n|-damage|p1a: Registeel|0 fnt\n|faint|p1a: Registeel\n|-damage|p2a: Walking Wake|258/286|[from] item: Life Orb\n|\n|upkeep\n|\n|t:|1782858287\n|switch|p1a: Arboliva|Arboliva, L91, M|288/288\n|turn|12\n|\n|t:|1782858298\n|-terastallize|p2a: Walking Wake|Fire\n|move|p2a: Walking Wake|Sunny Day|p2a: Walking Wake\n|-weather|SunnyDay\n|-activate|p2a: Walking Wake|ability: Protosynthesis\n|-start|p2a: Walking Wake|protosynthesisspa\n|move|p1a: Arboliva|Leech Seed|p2a: Walking Wake\n|-start|p2a: Walking Wake|move: Leech Seed\n|\n|-weather|SunnyDay|[upkeep]\n|-damage|p2a: Walking Wake|223/286|[from] Leech Seed|[of] p1a: Arboliva\n|upkeep\n|turn|13\n|\n|t:|1782858327\n|move|p1a: Arboliva|Protect|p1a: Arboliva\n|-singleturn|p1a: Arboliva|Protect\n|move|p2a: Walking Wake|Flamethrower|p1a: Arboliva\n|-activate|p1a: Arboliva|move: Protect\n|\n|-weather|SunnyDay|[upkeep]\n|-damage|p2a: Walking Wake|188/286|[from] Leech Seed|[of] p1a: Arboliva\n|upkeep\n|turn|14\n|\n|t:|1782858343\n|switch|p1a: Primarina|Primarina, L83, M|268/268\n|move|p2a: Walking Wake|Flamethrower|p1a: Primarina\n|-resisted|p1a: Primarina\n|-damage|p1a: Primarina|154/268\n|-status|p1a: Primarina|brn\n|-damage|p2a: Walking Wake|160/286|[from] item: Life Orb\n|\n|-weather|SunnyDay|[upkeep]\n|-heal|p1a: Primarina|170/268 brn|[from] item: Leftovers\n|-damage|p2a: Walking Wake|125/286|[from] Leech Seed|[of] p1a: Primarina\n|-heal|p1a: Primarina|205/268 brn|[silent]\n|-damage|p1a: Primarina|189/268 brn|[from] brn\n|upkeep\n|turn|15\n|\n|t:|1782858383\n|-end|p2a: Walking Wake|Protosynthesis|[silent]\n|switch|p2a: Dachsbun|Dachsbun, L92, F|254/254\n|switch|p1a: Arboliva|Arboliva, L91, M|288/288\n|\n|-weather|SunnyDay|[upkeep]\n|upkeep\n|turn|16\n|\n|t:|1782858395\n|move|p2a: Dachsbun|Wish|p2a: Dachsbun\n|move|p1a: Arboliva|Substitute|p1a: Arboliva\n|-start|p1a: Arboliva|Substitute\n|-damage|p1a: Arboliva|216/288\n|\n|-weather|none\n|upkeep\n|turn|17\n|\n|t:|1782858402\n|switch|p2a: Walking Wake|Walking Wake, L79, tera:Fire|125/286\n|move|p1a: Arboliva|Leech Seed|p2a: Walking Wake\n|-start|p2a: Walking Wake|move: Leech Seed\n|\n|-heal|p2a: Walking Wake|252/286|[from] move: Wish|[wisher] Dachsbun\n|-damage|p2a: Walking Wake|217/286|[from] Leech Seed|[of] p1a: Arboliva\n|-heal|p1a: Arboliva|251/288|[silent]\n|upkeep\n|turn|18\n|\n|t:|1782858421\n|move|p1a: Arboliva|Protect|p1a: Arboliva\n|-singleturn|p1a: Arboliva|Protect\n|move|p2a: Walking Wake|Flamethrower|p1a: Arboliva\n|-activate|p1a: Arboliva|move: Protect\n|\n|-damage|p2a: Walking Wake|182/286|[from] Leech Seed|[of] p1a: Arboliva\n|-heal|p1a: Arboliva|286/288|[silent]\n|upkeep\n|turn|19\n|\n|t:|1782858453\n|move|p2a: Walking Wake|Sunny Day|p2a: Walking Wake\n|-weather|SunnyDay\n|-activate|p2a: Walking Wake|ability: Protosynthesis\n|-start|p2a: Walking Wake|protosynthesisspa\n|move|p1a: Arboliva|Hyper Voice|p2a: Walking Wake\n|-damage|p2a: Walking Wake|40/286\n|\n|-weather|SunnyDay|[upkeep]\n|-damage|p2a: Walking Wake|5/286|[from] Leech Seed|[of] p1a: Arboliva\n|-heal|p1a: Arboliva|288/288|[silent]\n|upkeep\n|turn|20\n|\n|t:|1782858476\n|-end|p2a: Walking Wake|Protosynthesis|[silent]\n|switch|p2a: Dachsbun|Dachsbun, L92, F|254/254\n|move|p1a: Arboliva|Hyper Voice|p2a: Dachsbun\n|-damage|p2a: Dachsbun|115/254\n|\n|-weather|SunnyDay|[upkeep]\n|-heal|p2a: Dachsbun|130/254|[from] item: Leftovers\n|upkeep\n|turn|21\n|\n|t:|1782858508\n|move|p2a: Dachsbun|Body Press|p1a: Arboliva\n|-supereffective|p1a: Arboliva\n|-end|p1a: Arboliva|Substitute\n|move|p1a: Arboliva|Hyper Voice|p2a: Dachsbun\n|-damage|p2a: Dachsbun|0 fnt\n|faint|p2a: Dachsbun\n|\n|-weather|SunnyDay|[upkeep]\n|upkeep\n|\n|t:|1782858518\n|switch|p2a: Masquerain|Masquerain, L87, F|264/264\n|-ability|p2a: Masquerain|Intimidate|boost\n|-unboost|p1a: Arboliva|atk|1\n|turn|22\n|\n|t:|1782858553\n|move|p2a: Masquerain|Bug Buzz|p1a: Arboliva\n|-supereffective|p1a: Arboliva\n|-damage|p1a: Arboliva|126/288\n|-enditem|p1a: Arboliva|Sitrus Berry|[eat]\n|-heal|p1a: Arboliva|198/288|[from] item: Sitrus Berry\n|move|p1a: Arboliva|Leech Seed|p2a: Masquerain\n|-start|p2a: Masquerain|move: Leech Seed\n|\n|-weather|SunnyDay|[upkeep]\n|-damage|p2a: Masquerain|231/264|[from] Leech Seed|[of] p1a: Arboliva\n|-heal|p1a: Arboliva|231/288|[silent]\n|-item|p1a: Arboliva|Sitrus Berry|[from] ability: Harvest\n|upkeep\n|turn|23\n|\n|t:|1782858566\n|move|p2a: Masquerain|Quiver Dance|p2a: Masquerain\n|-boost|p2a: Masquerain|spa|1\n|-boost|p2a: Masquerain|spd|1\n|-boost|p2a: Masquerain|spe|1\n|move|p1a: Arboliva|Substitute|p1a: Arboliva\n|-start|p1a: Arboliva|Substitute\n|-damage|p1a: Arboliva|159/288\n|\n|-weather|none\n|-damage|p2a: Masquerain|198/264|[from] Leech Seed|[of] p1a: Arboliva\n|-heal|p1a: Arboliva|192/288|[silent]\n|upkeep\n|turn|24\n|\n|t:|1782858578\n|move|p1a: Arboliva|Protect|p1a: Arboliva\n|-singleturn|p1a: Arboliva|Protect\n|move|p2a: Masquerain|Hurricane|p1a: Arboliva\n|-activate|p1a: Arboliva|move: Protect\n|\n|-damage|p2a: Masquerain|165/264|[from] Leech Seed|[of] p1a: Arboliva\n|-heal|p1a: Arboliva|225/288|[silent]\n|upkeep\n|turn|25\n|\n|t:|1782858588\n|move|p2a: Masquerain|Hurricane|p1a: Arboliva\n|-supereffective|p1a: Arboliva\n|-end|p1a: Arboliva|Substitute\n|move|p1a: Arboliva|Hyper Voice|p2a: Masquerain\n|-damage|p2a: Masquerain|78/264\n|\n|-damage|p2a: Masquerain|45/264|[from] Leech Seed|[of] p1a: Arboliva\n|-heal|p1a: Arboliva|258/288|[silent]\n|upkeep\n|turn|26\n|\n|t:|1782858600\n|move|p2a: Masquerain|Bug Buzz|p1a: Arboliva\n|-supereffective|p1a: Arboliva\n|-damage|p1a: Arboliva|18/288\n|-enditem|p1a: Arboliva|Sitrus Berry|[eat]\n|-heal|p1a: Arboliva|90/288|[from] item: Sitrus Berry\n|move|p1a: Arboliva|Hyper Voice|p2a: Masquerain\n|-damage|p2a: Masquerain|0 fnt\n|faint|p2a: Masquerain\n|\n|-item|p1a: Arboliva|Sitrus Berry|[from] ability: Harvest\n|upkeep\n|-enditem|p1a: Arboliva|Sitrus Berry|[eat]\n|-heal|p1a: Arboliva|162/288|[from] item: Sitrus Berry\n|\n|t:|1782858614\n|switch|p2a: Mesprit|Mesprit, L85|1/275\n|turn|27\n|\n|t:|1782858631\n|move|p1a: Arboliva|Protect|p1a: Arboliva\n|-singleturn|p1a: Arboliva|Protect\n|move|p2a: Mesprit|Psychic|p1a: Arboliva\n|-activate|p1a: Arboliva|move: Protect\n|\n|-item|p1a: Arboliva|Sitrus Berry|[from] ability: Harvest\n|upkeep\n|turn|28\n|l|\u2606Lourge\n|player|p2|\n|j|\u2606Lourge\n|player|p2|Lourge|170|\n|l|\u2606Lourge\n|player|p2|\n|inactive|Battle timer is ON: inactive players will automatically lose when time's up. (requested by howd0ichangename)\n|inactive|Lourge has 30 seconds to reconnect!\n|inactive|Lourge has 20 seconds to reconnect!\n|inactive|Lourge has 15 seconds to reconnect!\n|inactive|Lourge has 10 seconds to reconnect!\n|inactive|Lourge has 5 seconds to reconnect!\n|-message|Lourge lost due to inactivity.\n|\n|win|howd0ichangename\n|raw|howd0ichangename's rating: 1120 &rarr; <strong>1143</strong><br />(+23 for winning)\n|raw|Lourge's rating: 1087 &rarr; <strong>1066</strong><br />(-21 for losing)\n", "inputlog": ">version f8ac14003a5f27e1bdc8d8c59608a773c1cb96e5\n>start {\"formatid\":\"gen9randombattle\",\"seed\":\"sodium,2fbf18db2acc3c033b228fe50ff852fb\",\"rated\":\"Rated battle\"}\n>player p1 {\"name\":\"howd0ichangename\",\"avatar\":\"265\",\"rating\":1120,\"seed\":\"sodium,ad8251ccfefbf3299822debd91fcdac1\"}\n>player p2 {\"name\":\"Lourge\",\"avatar\":\"170\",\"rating\":1087,\"seed\":\"sodium,c3ea7444dced34b00334befe2b217b26\"}\n>p1 move ironhead\n>p2 switch 5\n>p1 switch 5\n>p2 move drainpunch\n>p1 move nastyplot\n>p2 move knockoff\n>p1 move psyshock\n>p2 move knockoff\n>p2 switch 5\n>p1 move shadowball\n>p2 move shadowball\n>p1 switch 5\n>p1 move irondefense\n>p2 move thunderbolt\n>p1 move irondefense\n>p2 switch 3\n>p1 move ironhead\n>p2 move earthquake\n>p1 move bodypress\n>p2 move dragondance\n>p1 move bodypress\n>p2 move earthquake\n>p2 switch 6\n>p1 move rest\n>p2 move flamethrower\n>p1 switch 6\n>p1 move leechseed\n>p2 move sunnyday terastallize\n>p1 move protect\n>p2 move flamethrower\n>p1 switch 3\n>p2 move flamethrower\n>p1 switch 3\n>p2 switch 2\n>p1 move substitute\n>p2 move wish\n>p1 move leechseed\n>p2 switch 2\n>p1 move protect\n>p2 move flamethrower\n>p1 move hypervoice\n>p2 move sunnyday\n>p1 move hypervoice\n>p2 switch 2\n>p1 move hypervoice\n>p2 move bodypress\n>p2 switch 4\n>p1 move leechseed\n>p2 move bugbuzz\n>p1 move substitute\n>p2 move quiverdance\n>p1 move protect\n>p2 move hurricane\n>p1 move hypervoice\n>p2 move hurricane\n>p1 move hypervoice\n>p2 move bugbuzz\n>p2 switch 3\n>p1 move protect\n>p2 move psychic\n>forcelose p2", "uploadtime": 1782858852, "views": 10, "formatid": "gen9randombattle", "rating": 1066, "private": 0, "password": null, "player_dets": [{"name": "howd0ichangename", "avatar": "265", "rating": 1120, "seed": "sodium,ad8251ccfefbf3299822debd91fcdac1"}, {"name": "Lourge", "avatar": "170", "rating": 1087, "seed": "sodium,c3ea7444dced34b00334befe2b217b26"}], "teams_full": [{"Registeel": {"name": "Registeel", "species": "Registeel", "speciesId": "registeel", "gender": "N", "shiny": false, "level": 81, "moves": ["rest", "ironhead", "bodypress", "irondefense"], "ability": "Clear Body", "evs": {"hp": 85, "atk": 85, "def": 85, "spa": 85, "spd": 85, "spe": 85}, "ivs": {"hp": 31, "atk": 31, "def": 31, "spa": 31, "spd": 31, "spe": 31}, "item": "Chesto Berry", "teraType": "Fighting", "role": "Bulky Setup", "bvs": {"hp": 80, "atk": 75, "def": 150, "spa": 75, "spd": 150, "spe": 50}, "stats": {"hp": 262, "atk": 168, "def": 290, "spa": 168, "spd": 290, "spe": 128}, "types": ["Steel"]}, "Miraidon": {"name": "Miraidon", "species": "Miraidon", "speciesId": "miraidon", "gender": "N", "shiny": false, "level": 65, "moves": ["dracometeor", "electrodrift", "overheat", "voltswitch"], "ability": "Hadron Engine", "evs": {"hp": 85, "atk": 0, "def": 85, "spa": 85, "spd": 85, "spe": 85}, "ivs": {"hp": 31, "atk": 0, "def": 31, "spa": 31, "spd": 31, "spe": 31}, "item": "Choice Specs", "teraType": "Electric", "role": "Fast Attacker", "bvs": {"hp": 100, "atk": 85, "def": 100, "spa": 135, "spd": 115, "spe": 135}, "stats": {"hp": 238, "atk": 115, "def": 168, "spa": 214, "spd": 188, "spe": 214}, "types": ["Electric", "Dragon"]}, "Primarina": {"name": "Primarina", "species": "Primarina", "speciesId": "primarina", "gender": "M", "shiny": false, "level": 83, "moves": ["sparklingaria", "psychic", "calmmind", "drainingkiss"], "ability": "Torrent", "evs": {"hp": 85, "atk": 0, "def": 85, "spa": 85, "spd": 85, "spe": 85}, "ivs": {"hp": 31, "atk": 0, "def": 31, "spa": 31, "spd": 31, "spe": 31}, "item": "Leftovers", "teraType": "Steel", "role": "Bulky Attacker", "bvs": {"hp": 80, "atk": 74, "def": 74, "spa": 126, "spd": 116, "spe": 60}, "stats": {"hp": 268, "atk": 127, "def": 171, "spa": 257, "spd": 240, "spe": 147}, "types": ["Water", "Fairy"]}, "Forretress": {"name": "Forretress", "species": "Forretress", "speciesId": "forretress", "gender": "F", "shiny": false, "level": 84, "moves": ["spikes", "bodypress", "stealthrock", "ironhead"], "ability": "Sturdy", "evs": {"hp": 85, "atk": 85, "def": 85, "spa": 85, "spd": 85, "spe": 85}, "ivs": {"hp": 31, "atk": 31, "def": 31, "spa": 31, "spd": 31, "spe": 31}, "item": "Leftovers", "teraType": "Water", "role": "Bulky Attacker", "bvs": {"hp": 75, "atk": 90, "def": 140, "spa": 60, "spd": 60, "spe": 40}, "stats": {"hp": 263, "atk": 199, "def": 283, "spa": 149, "spd": 149, "spe": 115}, "types": ["Bug", "Steel"]}, "Grumpig": {"name": "Grumpig", "species": "Grumpig", "speciesId": "grumpig", "gender": "F", "shiny": false, "level": 92, "moves": ["shadowball", "psyshock", "focusblast", "nastyplot"], "ability": "Thick Fat", "evs": {"hp": 85, "atk": 0, "def": 85, "spa": 85, "spd": 85, "spe": 85}, "ivs": {"hp": 31, "atk": 0, "def": 31, "spa": 31, "spd": 31, "spe": 31}, "item": "Leftovers", "teraType": "Fighting", "role": "Bulky Setup", "bvs": {"hp": 80, "atk": 45, "def": 65, "spa": 90, "spd": 110, "spe": 80}, "stats": {"hp": 297, "atk": 87, "def": 172, "spa": 218, "spd": 255, "spe": 200}, "types": ["Psychic"]}, "Arboliva": {"name": "Arboliva", "species": "Arboliva", "speciesId": "arboliva", "gender": "M", "shiny": false, "level": 91, "moves": ["substitute", "hypervoice", "protect", "leechseed"], "ability": "Harvest", "evs": {"hp": 77, "atk": 0, "def": 85, "spa": 85, "spd": 85, "spe": 85}, "ivs": {"hp": 31, "atk": 0, "def": 31, "spa": 31, "spd": 31, "spe": 31}, "item": "Sitrus Berry", "teraType": "Poison", "role": "Bulky Support", "bvs": {"hp": 78, "atk": 69, "def": 90, "spa": 125, "spd": 109, "spe": 39}, "stats": {"hp": 288, "atk": 130, "def": 216, "spa": 279, "spd": 250, "spe": 123}, "types": ["Grass", "Normal"]}}, {"Mesprit": {"name": "Mesprit", "species": "Mesprit", "speciesId": "mesprit", "gender": "N", "shiny": false, "level": 85, "moves": ["thunderbolt", "psychic", "shadowball", "nastyplot"], "ability": "Levitate", "evs": {"hp": 85, "atk": 0, "def": 85, "spa": 85, "spd": 85, "spe": 85}, "ivs": {"hp": 31, "atk": 0, "def": 31, "spa": 31, "spd": 31, "spe": 31}, "item": "Life Orb", "teraType": "Electric", "role": "Fast Attacker", "bvs": {"hp": 80, "atk": 105, "def": 105, "spa": 105, "spd": 105, "spe": 80}, "stats": {"hp": 275, "atk": 183, "def": 227, "spa": 227, "spd": 227, "spe": 185}, "types": ["Psychic"]}, "Dachsbun": {"name": "Dachsbun", "species": "Dachsbun", "speciesId": "dachsbun", "gender": "F", "shiny": false, "level": 92, "moves": ["protect", "playrough", "wish", "bodypress"], "ability": "Well-Baked Body", "evs": {"hp": 85, "atk": 85, "def": 85, "spa": 85, "spd": 85, "spe": 85}, "ivs": {"hp": 31, "atk": 31, "def": 31, "spa": 31, "spd": 31, "spe": 31}, "item": "Leftovers", "teraType": "Steel", "role": "Bulky Support", "bvs": {"hp": 57, "atk": 80, "def": 115, "spa": 50, "spd": 80, "spe": 95}, "stats": {"hp": 254, "atk": 200, "def": 264, "spa": 144, "spd": 200, "spe": 227}, "types": ["Fairy"]}, "Dragonite": {"name": "Dragonite", "species": "Dragonite", "speciesId": "dragonite", "gender": "F", "shiny": false, "level": 74, "moves": ["dragondance", "outrage", "earthquake", "ironhead"], "ability": "Multiscale", "evs": {"hp": 85, "atk": 85, "def": 85, "spa": 85, "spd": 85, "spe": 85}, "ivs": {"hp": 31, "atk": 31, "def": 31, "spa": 31, "spd": 31, "spe": 31}, "item": "Heavy-Duty Boots", "teraType": "Steel", "role": "Setup Sweeper", "bvs": {"hp": 91, "atk": 134, "def": 95, "spa": 100, "spd": 100, "spe": 80}, "stats": {"hp": 257, "atk": 241, "def": 184, "spa": 191, "spd": 191, "spe": 161}, "types": ["Dragon", "Flying"]}, "Masquerain": {"name": "Masquerain", "species": "Masquerain", "speciesId": "masquerain", "gender": "F", "shiny": false, "level": 87, "moves": ["hurricane", "hydropump", "quiverdance", "bugbuzz"], "ability": "Intimidate", "evs": {"hp": 85, "atk": 0, "def": 85, "spa": 85, "spd": 85, "spe": 85}, "ivs": {"hp": 31, "atk": 0, "def": 31, "spa": 31, "spd": 31, "spe": 31}, "item": "Heavy-Duty Boots", "teraType": "Water", "role": "Setup Sweeper", "bvs": {"hp": 70, "atk": 60, "def": 62, "spa": 100, "spd": 82, "spe": 80}, "stats": {"hp": 264, "atk": 109, "def": 158, "spa": 224, "spd": 192, "spe": 189}, "types": ["Bug", "Flying"]}, "Gurdurr": {"name": "Gurdurr", "species": "Gurdurr", "speciesId": "gurdurr", "gender": "F", "shiny": false, "level": 85, "moves": ["knockoff", "defog", "drainpunch", "machpunch"], "ability": "Guts", "evs": {"hp": 85, "atk": 85, "def": 85, "spa": 85, "spd": 85, "spe": 85}, "ivs": {"hp": 31, "atk": 31, "def": 31, "spa": 31, "spd": 31, "spe": 31}, "item": "Eviolite", "teraType": "Steel", "role": "Bulky Attacker", "bvs": {"hp": 85, "atk": 105, "def": 85, "spa": 40, "spd": 50, "spe": 40}, "stats": {"hp": 283, "atk": 227, "def": 193, "spa": 117, "spd": 134, "spe": 117}, "types": ["Fighting"]}, "Walking Wake": {"name": "Walking Wake", "species": "Walking Wake", "speciesId": "walkingwake", "gender": "N", "shiny": false, "level": 79, "moves": ["sunnyday", "flamethrower", "dracometeor", "hydrosteam"], "ability": "Protosynthesis", "evs": {"hp": 85, "atk": 0, "def": 85, "spa": 85, "spd": 85, "spe": 85}, "ivs": {"hp": 31, "atk": 0, "def": 31, "spa": 31, "spd": 31, "spe": 31}, "item": "Life Orb", "teraType": "Fire", "role": "Fast Attacker", "bvs": {"hp": 99, "atk": 83, "def": 91, "spa": 125, "spd": 83, "spe": 109}, "stats": {"hp": 286, "atk": 136, "def": 189, "spa": 243, "spd": 177, "spe": 218}, "types": ["Water", "Dragon"]}}]}