{"id": "gen9randombattle-2641823697", "format": "[Gen 9] Random Battle", "players": ["inversify", "milkreo"], "log": "|badge|p1|bronze|gen9randombattle|100-9\n|html|<div class=\"broadcast-red\"><strong>This battle is required to be public due to one or more player having a season medal.</strong><br />During the public phase, you can discuss the state of the ladder <a href=\"/seasondiscussion\">in a special chatroom.</a></div>\n|uhtml|medal-msg|<div class=\"broadcast-blue\">Curious what those medals under the avatar are? PS now has Ladder Seasons! For more information, check out the <a href=\"https://www.smogon.com/forums/threads/3740067/\">thread on Smogon.</a></div>\n|badge|p2|silver|gen9randombattle|30-9\n|uhtml|medal-msg|<div class=\"broadcast-blue\">Curious what those medals under the avatar are? PS now has Ladder Seasons! For more information, check out the <a href=\"https://www.smogon.com/forums/threads/3740067/\">thread on Smogon.</a></div>\n|j|\u2606inversify\n|j|\u2606milkreo\n|t:|1782846262\n|gametype|singles\n|player|p1|inversify|lana|2296\n|player|p2|milkreo|101|2373\n|gen|9\n|tier|[Gen 9] Random Battle\n|rated|\n|rule|Species Clause: Limit one of each Pok\u00e9mon\n|rule|HP Percentage Mod: HP is shown in percentages\n|rule|Sleep Clause Mod: Limit one foe put to sleep\n|rule|Illusion Level Mod: Illusion disguises the Pok\u00e9mon's true level\n|\n|t:|1782846262\n|teamsize|p1|6\n|teamsize|p2|6\n|start\n|switch|p1a: Tornadus|Tornadus, L82, M|263/263\n|switch|p2a: Sandy Shocks|Sandy Shocks, L80|267/267\n|turn|1\n|\n|t:|1782846273\n|switch|p1a: Shaymin|Shaymin, L82|298/298\n|move|p2a: Sandy Shocks|Thunderbolt|p1a: Shaymin\n|-resisted|p1a: Shaymin\n|-damage|p1a: Shaymin|253/298\n|\n|-heal|p1a: Shaymin|271/298|[from] item: Leftovers\n|upkeep\n|turn|2\n|j| Kyoshi3\n|\n|t:|1782846279\n|-end|p2a: Sandy Shocks|Protosynthesis|[silent]\n|switch|p2a: Jumpluff|Jumpluff, L87, F|271/271\n|move|p1a: Shaymin|Seed Flare|p2a: Jumpluff|[miss]\n|-miss|p1a: Shaymin|p2a: Jumpluff\n|\n|-heal|p1a: Shaymin|289/298|[from] item: Leftovers\n|upkeep\n|turn|3\n|\n|t:|1782846285\n|move|p2a: Jumpluff|U-turn|p1a: Shaymin\n|-supereffective|p1a: Shaymin\n|-damage|p1a: Shaymin|221/298\n|\n|t:|1782846288\n|switch|p2a: Dudunsparce|Dudunsparce, L83, M|343/343|[from] U-turn\n|move|p1a: Shaymin|Air Slash|p2a: Dudunsparce\n|-damage|p2a: Dudunsparce|281/343\n|\n|-heal|p1a: Shaymin|239/298|[from] item: Leftovers\n|-heal|p2a: Dudunsparce|302/343|[from] item: Leftovers\n|upkeep\n|turn|4\n|\n|t:|1782846299\n|switch|p1a: Samurott|Samurott, L88, F|310/310\n|move|p2a: Dudunsparce|Glare|p1a: Samurott\n|-status|p1a: Samurott|par\n|\n|-heal|p2a: Dudunsparce|323/343|[from] item: Leftovers\n|upkeep\n|turn|5\n|\n|t:|1782846304\n|move|p2a: Dudunsparce|Headbutt|p1a: Samurott\n|-damage|p1a: Samurott|234/310 par\n|cant|p1a: Samurott|flinch\n|\n|-heal|p2a: Dudunsparce|343/343|[from] item: Leftovers\n|upkeep\n|turn|6\n|\n|t:|1782846309\n|move|p2a: Dudunsparce|Headbutt|p1a: Samurott\n|-damage|p1a: Samurott|165/310 par\n|cant|p1a: Samurott|flinch\n|\n|upkeep\n|turn|7\n|\n|t:|1782846313\n|move|p2a: Dudunsparce|Headbutt|p1a: Samurott\n|-damage|p1a: Samurott|84/310 par\n|move|p1a: Samurott|Sacred Sword|p2a: Dudunsparce\n|-supereffective|p2a: Dudunsparce\n|-damage|p2a: Dudunsparce|191/343\n|\n|-heal|p2a: Dudunsparce|212/343|[from] item: Leftovers\n|upkeep\n|turn|8\n|\n|t:|1782846319\n|move|p2a: Dudunsparce|Headbutt|p1a: Samurott\n|-damage|p1a: Samurott|9/310 par\n|cant|p1a: Samurott|par\n|\n|-heal|p2a: Dudunsparce|233/343|[from] item: Leftovers\n|upkeep\n|turn|9\n|\n|t:|1782846325\n|move|p2a: Dudunsparce|Headbutt|p1a: Samurott\n|-damage|p1a: Samurott|0 fnt\n|faint|p1a: Samurott\n|\n|-heal|p2a: Dudunsparce|254/343|[from] item: Leftovers\n|upkeep\n|\n|t:|1782846327\n|switch|p1a: Electivire|Electivire, L84, F|263/263\n|turn|10\n|\n|t:|1782846335\n|switch|p2a: Jumpluff|Jumpluff, L87, F|271/271\n|move|p1a: Electivire|Ice Punch|p2a: Jumpluff\n|-supereffective|p2a: Jumpluff\n|-damage|p2a: Jumpluff|0 fnt\n|faint|p2a: Jumpluff\n|-damage|p1a: Electivire|237/263|[from] item: Life Orb\n|\n|upkeep\n|\n|t:|1782846341\n|switch|p2a: Dragapult|Dragapult, L77, F|262/262\n|turn|11\n|\n|t:|1782846345\n|move|p2a: Dragapult|Will-O-Wisp|p1a: Electivire|[miss]\n|-miss|p2a: Dragapult|p1a: Electivire\n|move|p1a: Electivire|Ice Punch|p2a: Dragapult\n|-supereffective|p2a: Dragapult\n|-damage|p2a: Dragapult|54/262\n|-status|p2a: Dragapult|frz\n|-damage|p1a: Electivire|211/263|[from] item: Life Orb\n|\n|upkeep\n|turn|12\n|\n|t:|1782846355\n|cant|p2a: Dragapult|frz\n|move|p1a: Electivire|Ice Punch|p2a: Dragapult\n|-supereffective|p2a: Dragapult\n|-damage|p2a: Dragapult|0 fnt\n|faint|p2a: Dragapult\n|-damage|p1a: Electivire|185/263|[from] item: Life Orb\n|\n|upkeep\n|\n|t:|1782846359\n|switch|p2a: Sandy Shocks|Sandy Shocks, L80|267/267\n|turn|13\n|\n|t:|1782846362\n|switch|p1a: Shaymin|Shaymin, L82|239/298\n|move|p2a: Sandy Shocks|Stealth Rock|p1a: Shaymin\n|-sidestart|p1: inversify|move: Stealth Rock\n|\n|-heal|p1a: Shaymin|257/298|[from] item: Leftovers\n|upkeep\n|turn|14\n|\n|t:|1782846371\n|-end|p2a: Sandy Shocks|Protosynthesis|[silent]\n|switch|p2a: Dudunsparce|Dudunsparce, L83, M|254/343\n|move|p1a: Shaymin|Seed Flare|p2a: Dudunsparce\n|-damage|p2a: Dudunsparce|115/343\n|\n|-heal|p1a: Shaymin|275/298|[from] item: Leftovers\n|-heal|p2a: Dudunsparce|136/343|[from] item: Leftovers\n|upkeep\n|turn|15\n|\n|t:|1782846376\n|move|p1a: Shaymin|Seed Flare|p2a: Dudunsparce|[miss]\n|-miss|p1a: Shaymin|p2a: Dudunsparce\n|move|p2a: Dudunsparce|Roost|p2a: Dudunsparce\n|-heal|p2a: Dudunsparce|308/343\n|-singleturn|p2a: Dudunsparce|move: Roost\n|\n|-heal|p1a: Shaymin|293/298|[from] item: Leftovers\n|-heal|p2a: Dudunsparce|329/343|[from] item: Leftovers\n|upkeep\n|turn|16\n|\n|t:|1782846380\n|move|p1a: Shaymin|Seed Flare|p2a: Dudunsparce\n|-damage|p2a: Dudunsparce|194/343\n|move|p2a: Dudunsparce|Glare|p1a: Shaymin\n|-status|p1a: Shaymin|par\n|\n|-heal|p2a: Dudunsparce|215/343|[from] item: Leftovers\n|-heal|p1a: Shaymin|298/298 par|[from] item: Leftovers\n|upkeep\n|turn|17\n|\n|t:|1782846391\n|-curestatus|p1a: Shaymin|par|[from] ability: Natural Cure|[silent]\n|switch|p1a: Tornadus|Tornadus, L82, M|263/263\n|-damage|p1a: Tornadus|198/263|[from] Stealth Rock\n|move|p2a: Dudunsparce|Roost|p2a: Dudunsparce\n|-heal|p2a: Dudunsparce|343/343\n|-singleturn|p2a: Dudunsparce|move: Roost\n|\n|upkeep\n|turn|18\n|\n|t:|1782846395\n|move|p1a: Tornadus|Focus Blast|p2a: Dudunsparce|[miss]\n|-miss|p1a: Tornadus|p2a: Dudunsparce\n|move|p2a: Dudunsparce|Glare|p1a: Tornadus\n|-status|p1a: Tornadus|par\n|\n|upkeep\n|turn|19\n|\n|t:|1782846397\n|move|p2a: Dudunsparce|Headbutt|p1a: Tornadus\n|-damage|p1a: Tornadus|108/263 par\n|cant|p1a: Tornadus|flinch\n|\n|upkeep\n|turn|20\n|\n|t:|1782846400\n|move|p2a: Dudunsparce|Headbutt|p1a: Tornadus\n|-damage|p1a: Tornadus|23/263 par\n|cant|p1a: Tornadus|flinch\n|\n|upkeep\n|turn|21\n|\n|t:|1782846403\n|switch|p1a: Shaymin|Shaymin, L82|298/298\n|-damage|p1a: Shaymin|261/298|[from] Stealth Rock\n|move|p2a: Dudunsparce|Headbutt|p1a: Shaymin\n|-damage|p1a: Shaymin|189/298\n|\n|-heal|p1a: Shaymin|207/298|[from] item: Leftovers\n|upkeep\n|turn|22\n|\n|t:|1782846410\n|move|p1a: Shaymin|Seed Flare|p2a: Dudunsparce\n|-crit|p2a: Dudunsparce\n|-damage|p2a: Dudunsparce|121/343\n|move|p2a: Dudunsparce|Glare|p1a: Shaymin\n|-status|p1a: Shaymin|par\n|\n|-heal|p2a: Dudunsparce|142/343|[from] item: Leftovers\n|-heal|p1a: Shaymin|225/298 par|[from] item: Leftovers\n|upkeep\n|turn|23\n|\n|t:|1782846421\n|-curestatus|p1a: Shaymin|par|[from] ability: Natural Cure|[silent]\n|switch|p1a: Cetitan|Cetitan, L82, M|412/412\n|-damage|p1a: Cetitan|309/412|[from] Stealth Rock\n|move|p2a: Dudunsparce|Roost|p2a: Dudunsparce\n|-heal|p2a: Dudunsparce|314/343\n|-singleturn|p2a: Dudunsparce|move: Roost\n|\n|-heal|p2a: Dudunsparce|335/343|[from] item: Leftovers\n|upkeep\n|turn|24\n|\n|t:|1782846426\n|move|p1a: Cetitan|Belly Drum|p1a: Cetitan\n|-damage|p1a: Cetitan|103/412\n|-setboost|p1a: Cetitan|atk|6|[from] move: Belly Drum\n|-enditem|p1a: Cetitan|Sitrus Berry|[eat]\n|-heal|p1a: Cetitan|206/412|[from] item: Sitrus Berry\n|move|p2a: Dudunsparce|Glare|p1a: Cetitan\n|-status|p1a: Cetitan|par\n|\n|-heal|p2a: Dudunsparce|343/343|[from] item: Leftovers\n|upkeep\n|turn|25\n|\n|t:|1782846441\n|switch|p2a: Emboar|Emboar, L84, M|322/322\n|move|p1a: Cetitan|Ice Shard|p2a: Emboar\n|-resisted|p2a: Emboar\n|-damage|p2a: Emboar|220/322\n|\n|-heal|p2a: Emboar|240/322|[from] item: Leftovers\n|upkeep\n|turn|26\n|\n|t:|1782846447\n|move|p1a: Cetitan|Ice Shard|p2a: Emboar\n|-resisted|p2a: Emboar\n|-damage|p2a: Emboar|126/322\n|move|p2a: Emboar|Drain Punch|p1a: Cetitan\n|-supereffective|p1a: Cetitan\n|-damage|p1a: Cetitan|0 fnt\n|-heal|p2a: Emboar|229/322|[from] drain|[of] p1a: Cetitan\n|faint|p1a: Cetitan\n|\n|-heal|p2a: Emboar|249/322|[from] item: Leftovers\n|upkeep\n|\n|t:|1782846452\n|switch|p1a: Electivire|Electivire, L84, F|185/263\n|-damage|p1a: Electivire|153/263|[from] Stealth Rock\n|turn|27\n|\n|t:|1782846467\n|-terastallize|p2a: Emboar|Fighting\n|move|p1a: Electivire|Earthquake|p2a: Emboar\n|-damage|p2a: Emboar|109/322\n|-damage|p1a: Electivire|127/263|[from] item: Life Orb\n|move|p2a: Emboar|Trailblaze|p1a: Electivire\n|-damage|p1a: Electivire|70/263\n|-boost|p2a: Emboar|spe|1\n|\n|-heal|p2a: Emboar|129/322|[from] item: Leftovers\n|upkeep\n|turn|28\n|\n|t:|1782846473\n|move|p2a: Emboar|Drain Punch|p1a: Electivire\n|-damage|p1a: Electivire|0 fnt\n|-heal|p2a: Emboar|164/322|[from] drain|[of] p1a: Electivire\n|faint|p1a: Electivire\n|\n|-heal|p2a: Emboar|184/322|[from] item: Leftovers\n|upkeep\n|\n|t:|1782846479\n|switch|p1a: Venomoth|Venomoth, L84, F|255/255\n|turn|29\n|j| rly hate this game\n|\n|t:|1782846483\n|-terastallize|p1a: Venomoth|Poison\n|move|p2a: Emboar|Flare Blitz|p1a: Venomoth\n|-damage|p1a: Venomoth|15/255\n|-damage|p2a: Emboar|105/322|[from] Recoil\n|move|p1a: Venomoth|Quiver Dance|p1a: Venomoth\n|-boost|p1a: Venomoth|spa|1\n|-boost|p1a: Venomoth|spd|1\n|-boost|p1a: Venomoth|spe|1\n|\n|-heal|p2a: Emboar|125/322|[from] item: Leftovers\n|upkeep\n|turn|30\n|\n|t:|1782846498\n|move|p1a: Venomoth|Sludge Wave|p2a: Emboar\n|-damage|p2a: Emboar|0 fnt\n|faint|p2a: Emboar\n|\n|upkeep\n|\n|t:|1782846512\n|switch|p2a: Dudunsparce|Dudunsparce, L83, M|343/343\n|turn|31\n|\n|t:|1782846519\n|move|p1a: Venomoth|Sleep Powder|p2a: Dudunsparce\n|-status|p2a: Dudunsparce|slp|[from] move: Sleep Powder\n|cant|p2a: Dudunsparce|slp\n|\n|upkeep\n|turn|32\n|j| Chakraisgae\n|\n|t:|1782846532\n|switch|p2a: Excadrill|Excadrill, L79, M|303/303\n|-ability|p2a: Excadrill|Mold Breaker\n|move|p1a: Venomoth|Sludge Wave|p2a: Excadrill\n|-immune|p2a: Excadrill\n|\n|upkeep\n|turn|33\n|c| Chakraisgae|ez ez ez ez ez ez ez ez ez ez ez\n|\n|t:|1782846548\n|move|p1a: Venomoth|Bug Buzz|p2a: Excadrill\n|-resisted|p2a: Excadrill\n|-damage|p2a: Excadrill|131/303\n|move|p2a: Excadrill|Rapid Spin|p1a: Venomoth\n|-damage|p1a: Venomoth|0 fnt\n|-boost|p2a: Excadrill|spe|1\n|faint|p1a: Venomoth\n|\n|-heal|p2a: Excadrill|149/303|[from] item: Leftovers\n|upkeep\n|\n|t:|1782846552\n|switch|p1a: Shaymin|Shaymin, L82|225/298\n|-damage|p1a: Shaymin|188/298|[from] Stealth Rock\n|turn|34\n|\n|t:|1782846555\n|move|p2a: Excadrill|Iron Head|p1a: Shaymin\n|-damage|p1a: Shaymin|92/298\n|cant|p1a: Shaymin|flinch\n|\n|-heal|p2a: Excadrill|167/303|[from] item: Leftovers\n|-heal|p1a: Shaymin|110/298|[from] item: Leftovers\n|upkeep\n|turn|35\n|\n|t:|1782846558\n|move|p2a: Excadrill|Iron Head|p1a: Shaymin\n|-damage|p1a: Shaymin|22/298\n|cant|p1a: Shaymin|flinch\n|\n|-heal|p2a: Excadrill|185/303|[from] item: Leftovers\n|-heal|p1a: Shaymin|40/298|[from] item: Leftovers\n|upkeep\n|turn|36\n|\n|t:|1782846560\n|move|p2a: Excadrill|Iron Head|p1a: Shaymin\n|-damage|p1a: Shaymin|0 fnt\n|faint|p1a: Shaymin\n|\n|-heal|p2a: Excadrill|203/303|[from] item: Leftovers\n|upkeep\n|\n|t:|1782846563\n|switch|p1a: Tornadus|Tornadus, L82, M|23/263 par\n|-damage|p1a: Tornadus|0 fnt|[from] Stealth Rock\n|faint|p1a: Tornadus\n|\n|win|milkreo\n|raw|inversify's rating: 2296 &rarr; <strong>2280</strong><br />(-16 for losing)\n|raw|milkreo's rating: 2373 &rarr; <strong>2389</strong><br />(+16 for winning)\n|l|\u2606inversify\n|player|p1|\n|l| Chakraisgae\n|l| rly hate this game\n|l| Kyoshi3\n", "inputlog": ">version f8ac14003a5f27e1bdc8d8c59608a773c1cb96e5\n>start {\"formatid\":\"gen9randombattle\",\"seed\":\"sodium,b92b0386fa00757a950e35299a3edcce\",\"rated\":\"Rated battle\"}\n>player p1 {\"name\":\"inversify\",\"avatar\":\"lana\",\"rating\":2296,\"seed\":\"sodium,992a9881635a05cadfa1d799a3f36d65\"}\n>player p2 {\"name\":\"milkreo\",\"avatar\":\"101\",\"rating\":2373,\"seed\":\"sodium,c706ffdc832604de6fcbe69f0b5bcec3\"}\n>p1 switch 5\n>p2 move thunderbolt\n>p1 move seedflare\n>p2 switch 5\n>p1 move airslash\n>p2 move uturn\n>p2 switch 2\n>p1 switch 2\n>p2 move glare\n>p1 move sacredsword\n>p2 move headbutt\n>p1 move sacredsword\n>p2 move headbutt\n>p1 move sacredsword\n>p2 move headbutt\n>p1 move sacredsword\n>p2 move headbutt\n>p1 move sacredsword\n>p2 move headbutt\n>p1 switch 4\n>p1 move icepunch\n>p2 switch 2\n>p2 switch 4\n>p1 move icepunch\n>p2 move willowisp\n>p1 move icepunch\n>p2 move willowisp\n>p2 switch 5\n>p1 switch 2\n>p2 move stealthrock\n>p1 move seedflare\n>p2 switch 2\n>p1 move seedflare\n>p2 move roost\n>p1 move seedflare\n>p2 move glare\n>p1 switch 5\n>p2 move roost\n>p1 move focusblast\n>p2 move glare\n>p1 move focusblast\n>p2 move headbutt\n>p1 move focusblast\n>p2 move headbutt\n>p1 switch 5\n>p2 move headbutt\n>p1 move seedflare\n>p2 move glare\n>p1 switch 3\n>p2 move roost\n>p1 move bellydrum\n>p2 move glare\n>p1 move iceshard\n>p2 switch 6\n>p1 move iceshard\n>p2 move drainpunch\n>p1 switch 2\n>p1 move earthquake\n>p2 move trailblaze terastallize\n>p1 move supercellslam\n>p2 move drainpunch\n>p1 switch 6\n>p1 move quiverdance terastallize\n>p2 move flareblitz\n>p1 move sludgewave\n>p2 move flareblitz\n>p2 switch 6\n>p1 move sleeppowder\n>p2 move headbutt\n>p1 move sludgewave\n>p2 switch 3\n>chat  Chakraisgae|ez ez ez ez ez ez ez ez ez ez ez\n>p1 move bugbuzz\n>p2 move rapidspin\n>p1 switch 3\n>p1 move synthesis\n>p2 move ironhead\n>p1 move synthesis\n>p2 move ironhead\n>p1 move synthesis\n>p2 move ironhead\n>p1 switch 5", "uploadtime": 1782846563, "views": 10, "formatid": "gen9randombattle", "rating": 2280, "private": 0, "password": null, "player_dets": [{"name": "inversify", "avatar": "lana", "rating": 2296, "seed": "sodium,992a9881635a05cadfa1d799a3f36d65"}, {"name": "milkreo", "avatar": "101", "rating": 2373, "seed": "sodium,c706ffdc832604de6fcbe69f0b5bcec3"}], "teams_full": [{"Tornadus": {"name": "Tornadus", "species": "Tornadus", "speciesId": "tornadus", "gender": "M", "shiny": false, "level": 82, "moves": ["heatwave", "focusblast", "grassknot", "bleakwindstorm"], "ability": "Prankster", "evs": {"hp": 81, "atk": 0, "def": 85, "spa": 85, "spd": 85, "spe": 85}, "ivs": {"hp": 31, "atk": 0, "def": 31, "spa": 31, "spd": 31, "spe": 31}, "item": "Choice Specs", "teraType": "Fire", "role": "Fast Attacker", "bvs": {"hp": 79, "atk": 115, "def": 70, "spa": 125, "spd": 80, "spe": 111}, "stats": {"hp": 263, "atk": 193, "def": 162, "spa": 252, "spd": 178, "spe": 229}, "types": ["Flying"]}, "Samurott": {"name": "Samurott", "species": "Samurott", "speciesId": "samurott", "gender": "F", "shiny": false, "level": 88, "moves": ["grassknot", "sacredsword", "icebeam", "hydropump"], "ability": "Torrent", "evs": {"hp": 85, "atk": 85, "def": 85, "spa": 85, "spd": 85, "spe": 85}, "ivs": {"hp": 31, "atk": 31, "def": 31, "spa": 31, "spd": 31, "spe": 31}, "item": "Assault Vest", "teraType": "Grass", "role": "AV Pivot", "bvs": {"hp": 95, "atk": 100, "def": 85, "spa": 108, "spd": 70, "spe": 70}, "stats": {"hp": 310, "atk": 226, "def": 200, "spa": 240, "spd": 173, "spe": 173}, "types": ["Water"]}, "Cetitan": {"name": "Cetitan", "species": "Cetitan", "speciesId": "cetitan", "gender": "M", "shiny": false, "level": 82, "moves": ["earthquake", "icespinner", "iceshard", "bellydrum"], "ability": "Thick Fat", "evs": {"hp": 81, "atk": 85, "def": 85, "spa": 85, "spd": 85, "spe": 85}, "ivs": {"hp": 31, "atk": 31, "def": 31, "spa": 31, "spd": 31, "spe": 31}, "item": "Sitrus Berry", "teraType": "Ice", "role": "Bulky Setup", "bvs": {"hp": 170, "atk": 113, "def": 65, "spa": 45, "spd": 55, "spe": 73}, "stats": {"hp": 412, "atk": 232, "def": 154, "spa": 121, "spd": 137, "spe": 167}, "types": ["Ice"]}, "Electivire": {"name": "Electivire", "species": "Electivire", "speciesId": "electivire", "gender": "F", "shiny": false, "level": 84, "moves": ["flamethrower", "earthquake", "supercellslam", "icepunch"], "ability": "Motor Drive", "evs": {"hp": 85, "atk": 85, "def": 85, "spa": 85, "spd": 85, "spe": 85}, "ivs": {"hp": 31, "atk": 31, "def": 31, "spa": 31, "spd": 31, "spe": 31}, "item": "Life Orb", "teraType": "Ice", "role": "Fast Attacker", "bvs": {"hp": 75, "atk": 123, "def": 67, "spa": 95, "spd": 85, "spe": 95}, "stats": {"hp": 263, "atk": 255, "def": 161, "spa": 208, "spd": 191, "spe": 208}, "types": ["Electric"]}, "Shaymin": {"name": "Shaymin", "species": "Shaymin", "speciesId": "shaymin", "gender": "N", "shiny": false, "level": 82, "moves": ["earthpower", "synthesis", "airslash", "seedflare"], "ability": "Natural Cure", "evs": {"hp": 85, "atk": 0, "def": 85, "spa": 85, "spd": 85, "spe": 85}, "ivs": {"hp": 31, "atk": 0, "def": 31, "spa": 31, "spd": 31, "spe": 31}, "item": "Leftovers", "teraType": "Steel", "role": "Bulky Attacker", "bvs": {"hp": 100, "atk": 100, "def": 100, "spa": 100, "spd": 100, "spe": 100}, "stats": {"hp": 298, "atk": 169, "def": 211, "spa": 211, "spd": 211, "spe": 211}, "types": ["Grass"]}, "Venomoth": {"name": "Venomoth", "species": "Venomoth", "speciesId": "venomoth", "gender": "F", "shiny": false, "level": 84, "moves": ["sleeppowder", "quiverdance", "bugbuzz", "sludgewave"], "ability": "Tinted Lens", "evs": {"hp": 85, "atk": 0, "def": 85, "spa": 85, "spd": 85, "spe": 85}, "ivs": {"hp": 31, "atk": 0, "def": 31, "spa": 31, "spd": 31, "spe": 31}, "item": "Heavy-Duty Boots", "teraType": "Poison", "role": "Setup Sweeper", "bvs": {"hp": 70, "atk": 65, "def": 60, "spa": 90, "spd": 75, "spe": 90}, "stats": {"hp": 255, "atk": 114, "def": 149, "spa": 199, "spd": 174, "spe": 199}, "types": ["Bug", "Poison"]}}, {"Sandy Shocks": {"name": "Sandy Shocks", "species": "Sandy Shocks", "speciesId": "sandyshocks", "gender": "N", "shiny": false, "level": 80, "moves": ["thunderbolt", "thunderwave", "stealthrock", "earthpower"], "ability": "Protosynthesis", "evs": {"hp": 85, "atk": 0, "def": 85, "spa": 85, "spd": 85, "spe": 85}, "ivs": {"hp": 31, "atk": 0, "def": 31, "spa": 31, "spd": 31, "spe": 31}, "item": "Leftovers", "teraType": "Ground", "role": "Fast Support", "bvs": {"hp": 85, "atk": 81, "def": 97, "spa": 121, "spd": 85, "spe": 101}, "stats": {"hp": 267, "atk": 134, "def": 201, "spa": 240, "spd": 182, "spe": 208}, "types": ["Electric", "Ground"]}, "Dudunsparce": {"name": "Dudunsparce", "species": "Dudunsparce", "speciesId": "dudunsparce", "gender": "M", "shiny": false, "level": 83, "moves": ["roost", "headbutt", "earthquake", "glare"], "ability": "Serene Grace", "evs": {"hp": 85, "atk": 85, "def": 85, "spa": 85, "spd": 85, "spe": 85}, "ivs": {"hp": 31, "atk": 31, "def": 31, "spa": 31, "spd": 31, "spe": 31}, "item": "Leftovers", "teraType": "Ground", "role": "Bulky Support", "bvs": {"hp": 125, "atk": 100, "def": 80, "spa": 85, "spd": 75, "spe": 55}, "stats": {"hp": 343, "atk": 214, "def": 180, "spa": 189, "spd": 172, "spe": 139}, "types": ["Normal"]}, "Excadrill": {"name": "Excadrill", "species": "Excadrill", "speciesId": "excadrill", "gender": "M", "shiny": false, "level": 79, "moves": ["earthquake", "ironhead", "rapidspin", "swordsdance"], "ability": "Mold Breaker", "evs": {"hp": 85, "atk": 85, "def": 85, "spa": 85, "spd": 85, "spe": 85}, "ivs": {"hp": 31, "atk": 31, "def": 31, "spa": 31, "spd": 31, "spe": 31}, "item": "Leftovers", "teraType": "Ground", "role": "Bulky Setup", "bvs": {"hp": 110, "atk": 135, "def": 60, "spa": 50, "spd": 65, "spe": 88}, "stats": {"hp": 303, "atk": 259, "def": 140, "spa": 125, "spd": 148, "spe": 185}, "types": ["Ground", "Steel"]}, "Dragapult": {"name": "Dragapult", "species": "Dragapult", "speciesId": "dragapult", "gender": "F", "shiny": false, "level": 77, "moves": ["dragondarts", "uturn", "hex", "willowisp"], "ability": "Infiltrator", "evs": {"hp": 85, "atk": 85, "def": 85, "spa": 85, "spd": 85, "spe": 85}, "ivs": {"hp": 31, "atk": 31, "def": 31, "spa": 31, "spd": 31, "spe": 31}, "item": "Heavy-Duty Boots", "teraType": "Dragon", "role": "Fast Support", "bvs": {"hp": 88, "atk": 120, "def": 75, "spa": 100, "spd": 75, "spe": 142}, "stats": {"hp": 262, "atk": 229, "def": 160, "spa": 199, "spd": 160, "spe": 263}, "types": ["Dragon", "Ghost"]}, "Jumpluff": {"name": "Jumpluff", "species": "Jumpluff", "speciesId": "jumpluff", "gender": "F", "shiny": false, "level": 87, "moves": ["encore", "strengthsap", "uturn", "acrobatics"], "ability": "Infiltrator", "evs": {"hp": 81, "atk": 85, "def": 85, "spa": 85, "spd": 85, "spe": 85}, "ivs": {"hp": 31, "atk": 31, "def": 31, "spa": 31, "spd": 31, "spe": 31}, "item": "", "teraType": "Steel", "role": "Bulky Attacker", "bvs": {"hp": 75, "atk": 55, "def": 70, "spa": 55, "spd": 95, "spe": 110}, "stats": {"hp": 271, "atk": 145, "def": 172, "spa": 145, "spd": 215, "spe": 241}, "types": ["Grass", "Flying"]}, "Emboar": {"name": "Emboar", "species": "Emboar", "speciesId": "emboar", "gender": "M", "shiny": false, "level": 84, "moves": ["trailblaze", "drainpunch", "bulkup", "flareblitz"], "ability": "Reckless", "evs": {"hp": 85, "atk": 85, "def": 85, "spa": 85, "spd": 85, "spe": 85}, "ivs": {"hp": 31, "atk": 31, "def": 31, "spa": 31, "spd": 31, "spe": 31}, "item": "Leftovers", "teraType": "Fighting", "role": "Bulky Setup", "bvs": {"hp": 110, "atk": 123, "def": 65, "spa": 100, "spd": 65, "spe": 65}, "stats": {"hp": 322, "atk": 255, "def": 157, "spa": 216, "spd": 157, "spe": 157}, "types": ["Fire", "Fighting"]}}]}