{"id": "gen9randombattle-2642191585", "format": "[Gen 9] Random Battle", "players": ["jnpr010334", "imadeoutwithagirl"], "log": "|j|\u2606jnpr010334\n|j|\u2606imadeoutwithagirl\n|t:|1782908415\n|gametype|singles\n|player|p1|jnpr010334|265|1798\n|player|p2|imadeoutwithagirl|youngster-gen4dp|1845\n|gen|9\n|tier|[Gen 9] Random Battle\n|rated|\n|rule|Species Clause: Limit one of each Pok\u00e9mon\n|rule|HP Percentage Mod: HP is shown in percentages\n|rule|Sleep Clause Mod: Limit one foe put to sleep\n|rule|Illusion Level Mod: Illusion disguises the Pok\u00e9mon's true level\n|\n|t:|1782908415\n|teamsize|p1|6\n|teamsize|p2|6\n|start\n|switch|p1a: Zekrom|Zekrom, L71|259/259\n|switch|p2a: Breloom|Breloom, L83, M|235/235\n|-ability|p1a: Zekrom|Teravolt\n|turn|1\n|inactive|Battle timer is ON: inactive players will automatically lose when time's up. (requested by jnpr010334)\n|inactive|imadeoutwithagirl has 120 seconds left.\n|\n|t:|1782908454\n|move|p1a: Zekrom|Dragon Dance|p1a: Zekrom\n|-boost|p1a: Zekrom|atk|1\n|-boost|p1a: Zekrom|spe|1\n|move|p2a: Breloom|Rock Tomb|p1a: Zekrom\n|-damage|p1a: Zekrom|158/259\n|-unboost|p1a: Zekrom|spe|1\n|-damage|p2a: Breloom|212/235|[from] item: Life Orb\n|\n|-heal|p1a: Zekrom|174/259|[from] item: Leftovers\n|upkeep\n|turn|2\n|\n|t:|1782908484\n|switch|p2a: Carbink|Carbink, L90|236/236\n|move|p1a: Zekrom|Outrage|p2a: Carbink\n|-immune|p2a: Carbink\n|\n|-heal|p1a: Zekrom|190/259|[from] item: Leftovers\n|upkeep\n|turn|3\n|\n|t:|1782908488\n|switch|p2a: Torterra|Torterra, L78, F|276/276\n|move|p1a: Zekrom|Bolt Strike|p2a: Torterra\n|-immune|p2a: Torterra\n|\n|-heal|p1a: Zekrom|206/259|[from] item: Leftovers\n|upkeep\n|turn|4\n|\n|t:|1782908493\n|move|p1a: Zekrom|Outrage|p2a: Torterra\n|-damage|p2a: Torterra|98/276\n|move|p2a: Torterra|Shell Smash|p2a: Torterra\n|-unboost|p2a: Torterra|def|1\n|-unboost|p2a: Torterra|spd|1\n|-boost|p2a: Torterra|atk|2\n|-boost|p2a: Torterra|spa|2\n|-boost|p2a: Torterra|spe|2\n|\n|-heal|p1a: Zekrom|222/259|[from] item: Leftovers\n|upkeep\n|turn|5\n|\n|t:|1782908498\n|move|p2a: Torterra|Headlong Rush|p1a: Zekrom\n|-supereffective|p1a: Zekrom\n|-damage|p1a: Zekrom|0 fnt\n|-unboost|p2a: Torterra|def|1\n|-unboost|p2a: Torterra|spd|1\n|faint|p1a: Zekrom\n|\n|upkeep\n|\n|t:|1782908499\n|switch|p1a: Slaking|Slaking, L84, M|389/389\n|turn|6\n|\n|t:|1782908503\n|move|p1a: Slaking|Double-Edge|p2a: Torterra\n|-damage|p2a: Torterra|0 fnt\n|faint|p2a: Torterra\n|-damage|p1a: Slaking|357/389|[from] Recoil\n|\n|upkeep\n|\n|t:|1782908514\n|switch|p2a: Duraludon|Duraludon, L82, M|249/249\n|turn|7\n|\n|t:|1782908518\n|switch|p1a: Flamigo|Flamigo, L82, M|269/269\n|move|p2a: Duraludon|Stealth Rock|p1a: Flamigo\n|-sidestart|p1: jnpr010334|move: Stealth Rock\n|\n|upkeep\n|turn|8\n|\n|t:|1782908526\n|move|p1a: Flamigo|Close Combat|p2a: Duraludon\n|-supereffective|p2a: Duraludon\n|-damage|p2a: Duraludon|7/249\n|-unboost|p1a: Flamigo|def|1\n|-unboost|p1a: Flamigo|spd|1\n|move|p2a: Duraludon|Flash Cannon|p1a: Flamigo\n|-damage|p1a: Flamigo|91/269\n|\n|upkeep\n|turn|9\n|\n|t:|1782908536\n|switch|p2a: Qwilfish|Qwilfish, L86, F|252/252\n|-ability|p2a: Qwilfish|Intimidate|boost\n|-fail|p1a: Flamigo|unboost|Attack|[from] ability: Scrappy|[of] p1a: Flamigo\n|move|p1a: Flamigo|Close Combat|p2a: Qwilfish\n|-resisted|p2a: Qwilfish\n|-damage|p2a: Qwilfish|142/252\n|-unboost|p1a: Flamigo|def|1\n|-unboost|p1a: Flamigo|spd|1\n|\n|-heal|p2a: Qwilfish|157/252|[from] item: Leftovers\n|upkeep\n|turn|10\n|\n|t:|1782908541\n|move|p1a: Flamigo|Close Combat|p2a: Qwilfish\n|-resisted|p2a: Qwilfish\n|-damage|p2a: Qwilfish|51/252\n|-unboost|p1a: Flamigo|def|1\n|-unboost|p1a: Flamigo|spd|1\n|move|p2a: Qwilfish|Waterfall|p1a: Flamigo\n|-damage|p1a: Flamigo|0 fnt\n|faint|p1a: Flamigo\n|\n|-heal|p2a: Qwilfish|66/252|[from] item: Leftovers\n|upkeep\n|\n|t:|1782908543\n|switch|p1a: Arceus|Arceus, L68|276/276\n|-damage|p1a: Arceus|242/276|[from] Stealth Rock\n|turn|11\n|\n|t:|1782908551\n|move|p1a: Arceus|Swords Dance|p1a: Arceus\n|-boost|p1a: Arceus|atk|2\n|move|p2a: Qwilfish|Destiny Bond|p2a: Qwilfish\n|-singlemove|p2a: Qwilfish|Destiny Bond\n|\n|-heal|p2a: Qwilfish|81/252|[from] item: Leftovers\n|upkeep\n|turn|12\n|\n|t:|1782908552\n|move|p1a: Arceus|Swords Dance|p1a: Arceus\n|-boost|p1a: Arceus|atk|2\n|move|p2a: Qwilfish|Thunder Wave|p1a: Arceus\n|-status|p1a: Arceus|par\n|\n|-heal|p2a: Qwilfish|96/252|[from] item: Leftovers\n|upkeep\n|turn|13\n|\n|t:|1782908563\n|cant|p1a: Arceus|par\n|move|p2a: Qwilfish|Destiny Bond|p2a: Qwilfish\n|-singlemove|p2a: Qwilfish|Destiny Bond\n|\n|-heal|p2a: Qwilfish|111/252|[from] item: Leftovers\n|upkeep\n|turn|14\n|\n|t:|1782908566\n|cant|p1a: Arceus|par\n|move|p2a: Qwilfish|Waterfall|p1a: Arceus\n|-damage|p1a: Arceus|151/276 par\n|\n|-heal|p2a: Qwilfish|126/252|[from] item: Leftovers\n|upkeep\n|turn|15\n|\n|t:|1782908569\n|cant|p1a: Arceus|par\n|move|p2a: Qwilfish|Waterfall|p1a: Arceus\n|-damage|p1a: Arceus|64/276 par\n|\n|-heal|p2a: Qwilfish|141/252|[from] item: Leftovers\n|upkeep\n|turn|16\n|\n|t:|1782908572\n|move|p1a: Arceus|Extreme Speed|p2a: Qwilfish\n|-damage|p2a: Qwilfish|0 fnt\n|faint|p2a: Qwilfish\n|-damage|p1a: Arceus|37/276 par|[from] item: Life Orb\n|\n|upkeep\n|\n|t:|1782908574\n|switch|p2a: Carbink|Carbink, L90|236/236\n|turn|17\n|\n|t:|1782908578\n|move|p2a: Carbink|Iron Defense|p2a: Carbink\n|-boost|p2a: Carbink|def|2\n|move|p1a: Arceus|Earthquake|p2a: Carbink\n|-supereffective|p2a: Carbink\n|-damage|p2a: Carbink|98/236\n|-damage|p1a: Arceus|10/276 par|[from] item: Life Orb\n|\n|upkeep\n|turn|18\n|\n|t:|1782908582\n|move|p2a: Carbink|Rest|p2a: Carbink\n|-status|p2a: Carbink|slp|[from] move: Rest\n|-heal|p2a: Carbink|236/236 slp|[silent]\n|-enditem|p2a: Carbink|Chesto Berry|[eat]\n|-curestatus|p2a: Carbink|slp|[msg]\n|move|p1a: Arceus|Earthquake|p2a: Carbink\n|-supereffective|p2a: Carbink\n|-damage|p2a: Carbink|96/236\n|-damage|p1a: Arceus|0 fnt|[from] item: Life Orb\n|faint|p1a: Arceus\n|\n|upkeep\n|\n|t:|1782908584\n|switch|p1a: Regieleki|Regieleki, L79|256/256\n|-damage|p1a: Regieleki|224/256|[from] Stealth Rock\n|turn|19\n|\n|t:|1782908588\n|move|p1a: Regieleki|Thunderbolt|p2a: Carbink\n|-damage|p2a: Carbink|14/236\n|move|p2a: Carbink|Body Press|p1a: Regieleki\n|-damage|p1a: Regieleki|0 fnt\n|faint|p1a: Regieleki\n|\n|upkeep\n|\n|t:|1782908590\n|switch|p1a: Slaking|Slaking, L84, M|357/389\n|-damage|p1a: Slaking|309/389|[from] Stealth Rock\n|turn|20\n|\n|t:|1782908594\n|move|p1a: Slaking|Earthquake|p2a: Carbink\n|-supereffective|p2a: Carbink\n|-damage|p2a: Carbink|0 fnt\n|faint|p2a: Carbink\n|\n|upkeep\n|\n|t:|1782908601\n|switch|p2a: Scrafty|Scrafty, L83, F|244/244\n|-ability|p2a: Scrafty|Intimidate|boost\n|-unboost|p1a: Slaking|atk|1\n|turn|21\n|\n|t:|1782908603\n|switch|p1a: Tyranitar|Tyranitar, L78, F|284/284\n|-damage|p1a: Tyranitar|249/284|[from] Stealth Rock\n|-weather|Sandstorm|[from] ability: Sand Stream|[of] p1a: Tyranitar\n|move|p2a: Scrafty|Dragon Dance|p2a: Scrafty\n|-boost|p2a: Scrafty|atk|1\n|-boost|p2a: Scrafty|spe|1\n|\n|-weather|Sandstorm|[upkeep]\n|-damage|p2a: Scrafty|229/244|[from] Sandstorm\n|-heal|p2a: Scrafty|244/244|[from] item: Leftovers\n|upkeep\n|turn|22\n|\n|t:|1782908608\n|-terastallize|p1a: Tyranitar|Rock\n|move|p2a: Scrafty|Dragon Dance|p2a: Scrafty\n|-boost|p2a: Scrafty|atk|1\n|-boost|p2a: Scrafty|spe|1\n|move|p1a: Tyranitar|Dragon Dance|p1a: Tyranitar\n|-boost|p1a: Tyranitar|atk|1\n|-boost|p1a: Tyranitar|spe|1\n|\n|-weather|Sandstorm|[upkeep]\n|-damage|p2a: Scrafty|229/244|[from] Sandstorm\n|-heal|p2a: Scrafty|244/244|[from] item: Leftovers\n|upkeep\n|turn|23\n|\n|t:|1782908624\n|move|p2a: Scrafty|Knock Off|p1a: Tyranitar\n|-damage|p1a: Tyranitar|84/284\n|-enditem|p1a: Tyranitar|Weakness Policy|[from] move: Knock Off|[of] p2a: Scrafty\n|move|p1a: Tyranitar|Dragon Dance|p1a: Tyranitar\n|-boost|p1a: Tyranitar|atk|1\n|-boost|p1a: Tyranitar|spe|1\n|\n|-weather|Sandstorm|[upkeep]\n|-damage|p2a: Scrafty|229/244|[from] Sandstorm\n|-heal|p2a: Scrafty|244/244|[from] item: Leftovers\n|upkeep\n|turn|24\n|\n|t:|1782908629\n|move|p2a: Scrafty|Drain Punch|p1a: Tyranitar\n|-supereffective|p1a: Tyranitar\n|-damage|p1a: Tyranitar|0 fnt\n|faint|p1a: Tyranitar\n|\n|-weather|Sandstorm|[upkeep]\n|-damage|p2a: Scrafty|229/244|[from] Sandstorm\n|-heal|p2a: Scrafty|244/244|[from] item: Leftovers\n|upkeep\n|\n|t:|1782908630\n|switch|p1a: Slaking|Slaking, L84, M|309/389\n|-damage|p1a: Slaking|261/389|[from] Stealth Rock\n|turn|25\n|c|\u2606imadeoutwithagirl|gg wp\n|\n|t:|1782908637\n|move|p1a: Slaking|Giga Impact|p2a: Scrafty\n|-damage|p2a: Scrafty|63/244\n|-mustrecharge|p1a: Slaking\n|move|p2a: Scrafty|Drain Punch|p1a: Slaking\n|-supereffective|p1a: Slaking\n|-damage|p1a: Slaking|13/389\n|-heal|p2a: Scrafty|187/244|[from] drain|[of] p1a: Slaking\n|\n|-weather|none\n|-heal|p2a: Scrafty|202/244|[from] item: Leftovers\n|upkeep\n|turn|26\n|\n|t:|1782908644\n|cant|p1a: Slaking|recharge\n|move|p2a: Scrafty|Drain Punch|p1a: Slaking\n|-supereffective|p1a: Slaking\n|-crit|p1a: Slaking\n|-damage|p1a: Slaking|0 fnt\n|-heal|p2a: Scrafty|209/244|[from] drain|[of] p1a: Slaking\n|faint|p1a: Slaking\n|\n|win|imadeoutwithagirl\n|raw|jnpr010334's rating: 1798 &rarr; <strong>1781</strong><br />(-17 for losing)\n|raw|imadeoutwithagirl's rating: 1845 &rarr; <strong>1862</strong><br />(+17 for winning)\n", "inputlog": ">version f8ac14003a5f27e1bdc8d8c59608a773c1cb96e5\n>start {\"formatid\":\"gen9randombattle\",\"seed\":\"sodium,58c0c9257af2902fbe930a6442c3f84e\",\"rated\":\"Rated battle\"}\n>player p1 {\"name\":\"jnpr010334\",\"avatar\":\"265\",\"rating\":1798,\"seed\":\"sodium,7492eac4709b0aa81a98da0d53ef14fb\"}\n>player p2 {\"name\":\"imadeoutwithagirl\",\"avatar\":\"youngster-gen4dp\",\"rating\":1845,\"seed\":\"sodium,41e526559716d1bac7cbc55b5b35779a\"}\n>p1 move dragondance\n>p2 move rocktomb\n>p1 move outrage\n>p2 switch 5\n>p1 move boltstrike\n>p2 switch 2\n>p1 move outrage\n>p2 move shellsmash\n>p1 move outrage\n>p2 move headlongrush\n>p1 switch 3\n>p1 move doubleedge\n>p2 move bulletseed\n>p2 switch 4\n>p1 switch 2\n>p2 move stealthrock\n>p1 move closecombat\n>p2 move flashcannon\n>p1 move closecombat\n>p2 switch 6\n>p1 move closecombat\n>p2 move waterfall\n>p1 switch 5\n>p1 move swordsdance\n>p2 move destinybond\n>p1 move swordsdance\n>p2 move thunderwave\n>p1 move extremespeed\n>p2 move destinybond\n>p1 move extremespeed\n>p2 move waterfall\n>p1 move extremespeed\n>p2 move waterfall\n>p1 move extremespeed\n>p2 move waterfall\n>p2 switch 2\n>p1 move earthquake\n>p2 move irondefense\n>p1 move earthquake\n>p2 move rest\n>p1 switch 6\n>p1 move thunderbolt\n>p2 move bodypress\n>p1 switch 2\n>p1 move earthquake\n>p2 move bodypress\n>p2 switch 3\n>p1 switch 4\n>p2 move dragondance\n>p1 move dragondance terastallize\n>p2 move dragondance\n>p1 move dragondance\n>p2 move knockoff\n>p1 move earthquake\n>p2 move drainpunch\n>p1 switch 4\n>chat \u2606imadeoutwithagirl|gg wp\n>p1 move gigaimpact\n>p2 move drainpunch\n>p1 move recharge\n>p2 move drainpunch", "uploadtime": 1782908644, "views": 4, "formatid": "gen9randombattle", "rating": 1781, "private": 0, "password": null, "player_dets": [{"name": "jnpr010334", "avatar": "265", "rating": 1798, "seed": "sodium,7492eac4709b0aa81a98da0d53ef14fb"}, {"name": "imadeoutwithagirl", "avatar": "youngster-gen4dp", "rating": 1845, "seed": "sodium,41e526559716d1bac7cbc55b5b35779a"}], "teams_full": [{"Zekrom": {"name": "Zekrom", "species": "Zekrom", "speciesId": "zekrom", "gender": "N", "shiny": false, "level": 71, "moves": ["dragondance", "outrage", "substitute", "boltstrike"], "ability": "Teravolt", "evs": {"hp": 85, "atk": 85, "def": 85, "spa": 85, "spd": 85, "spe": 85}, "ivs": {"hp": 31, "atk": 31, "def": 31, "spa": 31, "spd": 31, "spe": 31}, "item": "Leftovers", "teraType": "Fairy", "role": "Setup Sweeper", "bvs": {"hp": 100, "atk": 150, "def": 120, "spa": 120, "spd": 100, "spe": 90}, "stats": {"hp": 259, "atk": 254, "def": 212, "spa": 212, "spd": 183, "spe": 169}, "types": ["Dragon", "Electric"]}, "Flamigo": {"name": "Flamigo", "species": "Flamigo", "speciesId": "flamigo", "gender": "M", "shiny": false, "level": 82, "moves": ["bravebird", "uturn", "throatchop", "closecombat"], "ability": "Scrappy", "evs": {"hp": 85, "atk": 85, "def": 85, "spa": 85, "spd": 85, "spe": 85}, "ivs": {"hp": 31, "atk": 31, "def": 31, "spa": 31, "spd": 31, "spe": 31}, "item": "Choice Band", "teraType": "Fighting", "role": "Fast Attacker", "bvs": {"hp": 82, "atk": 115, "def": 74, "spa": 75, "spd": 64, "spe": 90}, "stats": {"hp": 269, "atk": 236, "def": 169, "spa": 170, "spd": 152, "spe": 195}, "types": ["Flying", "Fighting"]}, "Slaking": {"name": "Slaking", "species": "Slaking", "speciesId": "slaking", "gender": "M", "shiny": false, "level": 84, "moves": ["gigaimpact", "knockoff", "earthquake", "doubleedge"], "ability": "Truant", "evs": {"hp": 85, "atk": 85, "def": 85, "spa": 85, "spd": 85, "spe": 85}, "ivs": {"hp": 31, "atk": 31, "def": 31, "spa": 31, "spd": 31, "spe": 31}, "item": "Choice Scarf", "teraType": "Normal", "role": "Fast Attacker", "bvs": {"hp": 150, "atk": 160, "def": 100, "spa": 95, "spd": 65, "spe": 100}, "stats": {"hp": 389, "atk": 317, "def": 216, "spa": 208, "spd": 157, "spe": 216}, "types": ["Normal"]}, "Tyranitar": {"name": "Tyranitar", "species": "Tyranitar", "speciesId": "tyranitar", "gender": "F", "shiny": false, "level": 78, "moves": ["knockoff", "dragondance", "earthquake", "stoneedge"], "ability": "Sand Stream", "evs": {"hp": 85, "atk": 85, "def": 85, "spa": 85, "spd": 85, "spe": 85}, "ivs": {"hp": 31, "atk": 31, "def": 31, "spa": 31, "spd": 31, "spe": 31}, "item": "Weakness Policy", "teraType": "Rock", "role": "Bulky Setup", "bvs": {"hp": 100, "atk": 134, "def": 110, "spa": 95, "spd": 100, "spe": 61}, "stats": {"hp": 284, "atk": 254, "def": 217, "spa": 193, "spd": 201, "spe": 140}, "types": ["Rock", "Dark"]}, "Arceus": {"name": "Arceus", "species": "Arceus", "speciesId": "arceus", "gender": "N", "shiny": false, "level": 68, "moves": ["shadowclaw", "extremespeed", "swordsdance", "earthquake"], "ability": "Multitype", "evs": {"hp": 85, "atk": 85, "def": 85, "spa": 85, "spd": 85, "spe": 85}, "ivs": {"hp": 31, "atk": 31, "def": 31, "spa": 31, "spd": 31, "spe": 31}, "item": "Life Orb", "teraType": "Ghost", "role": "Fast Bulky Setup", "bvs": {"hp": 120, "atk": 120, "def": 120, "spa": 120, "spd": 120, "spe": 120}, "stats": {"hp": 276, "atk": 203, "def": 203, "spa": 203, "spd": 203, "spe": 203}, "types": ["Normal"]}, "Regieleki": {"name": "Regieleki", "species": "Regieleki", "speciesId": "regieleki", "gender": "N", "shiny": false, "level": 79, "moves": ["thunderbolt", "rapidspin", "terablast", "voltswitch"], "ability": "Transistor", "evs": {"hp": 85, "atk": 85, "def": 85, "spa": 85, "spd": 85, "spe": 85}, "ivs": {"hp": 31, "atk": 31, "def": 31, "spa": 31, "spd": 31, "spe": 31}, "item": "Magnet", "teraType": "Ice", "role": "Tera Blast user", "bvs": {"hp": 80, "atk": 100, "def": 50, "spa": 100, "spd": 50, "spe": 200}, "stats": {"hp": 256, "atk": 204, "def": 125, "spa": 204, "spd": 125, "spe": 362}, "types": ["Electric"]}}, {"Breloom": {"name": "Breloom", "species": "Breloom", "speciesId": "breloom", "gender": "M", "shiny": false, "level": 83, "moves": ["rocktomb", "bulletseed", "machpunch", "swordsdance"], "ability": "Technician", "evs": {"hp": 85, "atk": 85, "def": 85, "spa": 85, "spd": 85, "spe": 85}, "ivs": {"hp": 31, "atk": 31, "def": 31, "spa": 31, "spd": 31, "spe": 31}, "item": "Life Orb", "teraType": "Fighting", "role": "Fast Attacker", "bvs": {"hp": 60, "atk": 130, "def": 80, "spa": 60, "spd": 60, "spe": 70}, "stats": {"hp": 235, "atk": 263, "def": 180, "spa": 147, "spd": 147, "spe": 164}, "types": ["Grass", "Fighting"]}, "Torterra": {"name": "Torterra", "species": "Torterra", "speciesId": "torterra", "gender": "F", "shiny": false, "level": 78, "moves": ["bulletseed", "rockblast", "shellsmash", "headlongrush"], "ability": "Overgrow", "evs": {"hp": 85, "atk": 85, "def": 85, "spa": 85, "spd": 85, "spe": 85}, "ivs": {"hp": 31, "atk": 31, "def": 31, "spa": 31, "spd": 31, "spe": 31}, "item": "Loaded Dice", "teraType": "Ground", "role": "Setup Sweeper", "bvs": {"hp": 95, "atk": 109, "def": 105, "spa": 75, "spd": 85, "spe": 56}, "stats": {"hp": 276, "atk": 215, "def": 209, "spa": 162, "spd": 178, "spe": 132}, "types": ["Grass", "Ground"]}, "Scrafty": {"name": "Scrafty", "species": "Scrafty", "speciesId": "scrafty", "gender": "F", "shiny": false, "level": 83, "moves": ["dragondance", "drainpunch", "poisonjab", "knockoff"], "ability": "Intimidate", "evs": {"hp": 85, "atk": 85, "def": 85, "spa": 85, "spd": 85, "spe": 85}, "ivs": {"hp": 31, "atk": 31, "def": 31, "spa": 31, "spd": 31, "spe": 31}, "item": "Leftovers", "teraType": "Poison", "role": "Bulky Attacker", "bvs": {"hp": 65, "atk": 90, "def": 115, "spa": 45, "spd": 115, "spe": 58}, "stats": {"hp": 244, "atk": 197, "def": 239, "spa": 122, "spd": 239, "spe": 144}, "types": ["Dark", "Fighting"]}, "Duraludon": {"name": "Duraludon", "species": "Duraludon", "speciesId": "duraludon", "gender": "M", "shiny": false, "level": 82, "moves": ["dracometeor", "bodypress", "flashcannon", "stealthrock"], "ability": "Light Metal", "evs": {"hp": 85, "atk": 0, "def": 85, "spa": 85, "spd": 85, "spe": 85}, "ivs": {"hp": 31, "atk": 0, "def": 31, "spa": 31, "spd": 31, "spe": 31}, "item": "Eviolite", "teraType": "Fighting", "role": "Bulky Attacker", "bvs": {"hp": 70, "atk": 95, "def": 115, "spa": 120, "spd": 50, "spe": 85}, "stats": {"hp": 249, "atk": 160, "def": 236, "spa": 244, "spd": 129, "spe": 187}, "types": ["Steel", "Dragon"]}, "Carbink": {"name": "Carbink", "species": "Carbink", "speciesId": "carbink", "gender": "N", "shiny": false, "level": 90, "moves": ["moonblast", "irondefense", "bodypress", "rest"], "ability": "Clear Body", "evs": {"hp": 85, "atk": 0, "def": 85, "spa": 85, "spd": 85, "spe": 85}, "ivs": {"hp": 31, "atk": 0, "def": 31, "spa": 31, "spd": 31, "spe": 31}, "item": "Chesto Berry", "teraType": "Fighting", "role": "Fast Bulky Setup", "bvs": {"hp": 50, "atk": 50, "def": 150, "spa": 50, "spd": 150, "spe": 50}, "stats": {"hp": 236, "atk": 95, "def": 321, "spa": 141, "spd": 321, "spe": 141}, "types": ["Rock", "Fairy"]}, "Qwilfish": {"name": "Qwilfish", "species": "Qwilfish", "speciesId": "qwilfish", "gender": "F", "shiny": false, "level": 86, "moves": ["destinybond", "waterfall", "thunderwave", "gunkshot"], "ability": "Intimidate", "evs": {"hp": 85, "atk": 85, "def": 85, "spa": 85, "spd": 85, "spe": 85}, "ivs": {"hp": 31, "atk": 31, "def": 31, "spa": 31, "spd": 31, "spe": 31}, "item": "Leftovers", "teraType": "Dark", "role": "Bulky Support", "bvs": {"hp": 65, "atk": 95, "def": 85, "spa": 55, "spd": 55, "spe": 85}, "stats": {"hp": 252, "atk": 213, "def": 195, "spa": 144, "spd": 144, "spe": 195}, "types": ["Water", "Poison"]}}]}