{"id": "gen9randombattle-2642187145", "format": "[Gen 9] Random Battle", "players": ["rvigno", "yunhaiyue"], "log": "|j|\u2606rvigno\n|j|\u2606yunhaiyue\n|t:|1782907689\n|gametype|singles\n|player|p1|rvigno|brawly|1461\n|player|p2|yunhaiyue|ghetsis-gen5bw|1507\n|gen|9\n|tier|[Gen 9] Random Battle\n|rated|\n|rule|Species Clause: Limit one of each Pok\u00e9mon\n|rule|HP Percentage Mod: HP is shown in percentages\n|rule|Sleep Clause Mod: Limit one foe put to sleep\n|rule|Illusion Level Mod: Illusion disguises the Pok\u00e9mon's true level\n|\n|t:|1782907689\n|teamsize|p1|6\n|teamsize|p2|6\n|start\n|switch|p1a: Basculin|Basculin, L86, M|261/261\n|switch|p2a: Squawkabilly|Squawkabilly-Yellow, L89, F|291/291\n|turn|1\n|inactive|Battle timer is ON: inactive players will automatically lose when time's up. (requested by yunhaiyue)\n|\n|t:|1782907701\n|move|p1a: Basculin|Wave Crash|p2a: Squawkabilly\n|-crit|p2a: Squawkabilly\n|-damage|p2a: Squawkabilly|0 fnt\n|faint|p2a: Squawkabilly\n|-damage|p1a: Basculin|165/261|[from] Recoil\n|\n|upkeep\n|\n|t:|1782907709\n|switch|p2a: Wigglytuff|Wigglytuff, L96, M|424/424\n|turn|2\n|\n|t:|1782907713\n|switch|p2a: Tatsugiri|Tatsugiri, L87, M|260/260\n|move|p1a: Basculin|Wave Crash|p2a: Tatsugiri\n|-ability|p2a: Tatsugiri|Storm Drain|boost\n|-boost|p2a: Tatsugiri|spa|1\n|\n|upkeep\n|turn|3\n|\n|t:|1782907729\n|switch|p1a: Reuniclus|Reuniclus, L88, M|337/337\n|move|p2a: Tatsugiri|Rapid Spin|p1a: Reuniclus\n|-damage|p1a: Reuniclus|310/337\n|-boost|p2a: Tatsugiri|spe|1\n|\n|upkeep\n|turn|4\n|\n|t:|1782907735\n|move|p2a: Tatsugiri|Draco Meteor|p1a: Reuniclus\n|-damage|p1a: Reuniclus|78/337\n|-unboost|p2a: Tatsugiri|spa|2\n|move|p1a: Reuniclus|Calm Mind|p1a: Reuniclus\n|-boost|p1a: Reuniclus|spa|1\n|-boost|p1a: Reuniclus|spd|1\n|\n|upkeep\n|turn|5\n|\n|t:|1782907743\n|move|p2a: Tatsugiri|Draco Meteor|p1a: Reuniclus\n|-damage|p1a: Reuniclus|6/337\n|-unboost|p2a: Tatsugiri|spa|2\n|move|p1a: Reuniclus|Recover|p1a: Reuniclus\n|-heal|p1a: Reuniclus|175/337\n|\n|upkeep\n|turn|6\n|\n|t:|1782907749\n|switch|p2a: Azumarill|Azumarill, L82, M|298/298\n|move|p1a: Reuniclus|Recover|p1a: Reuniclus\n|-heal|p1a: Reuniclus|337/337\n|\n|upkeep\n|turn|7\n|\n|t:|1782907758\n|move|p2a: Azumarill|Liquidation|p1a: Reuniclus\n|-damage|p1a: Reuniclus|166/337\n|move|p1a: Reuniclus|Psychic|p2a: Azumarill\n|-damage|p2a: Azumarill|43/298\n|\n|upkeep\n|turn|8\n|\n|t:|1782907769\n|switch|p1a: Greninja|Greninja, L80, M|246/246\n|move|p2a: Azumarill|Liquidation|p1a: Greninja\n|-resisted|p1a: Greninja\n|-damage|p1a: Greninja|142/246\n|\n|upkeep\n|turn|9\n|\n|t:|1782907779\n|switch|p2a: Tatsugiri|Tatsugiri, L87, M|260/260\n|move|p1a: Greninja|Dark Pulse|p2a: Tatsugiri\n|-start|p1a: Greninja|typechange|Dark|[from] ability: Protean\n|-damage|p2a: Tatsugiri|149/260\n|\n|upkeep\n|turn|10\n|\n|t:|1782907789\n|move|p1a: Greninja|Dark Pulse|p2a: Tatsugiri\n|-damage|p2a: Tatsugiri|35/260\n|cant|p2a: Tatsugiri|flinch\n|\n|upkeep\n|turn|11\n|\n|t:|1782907797\n|switch|p2a: Wigglytuff|Wigglytuff, L96, M|424/424\n|move|p1a: Greninja|Dark Pulse|p2a: Wigglytuff\n|-resisted|p2a: Wigglytuff\n|-damage|p2a: Wigglytuff|342/424\n|\n|-heal|p2a: Wigglytuff|368/424|[from] item: Leftovers\n|upkeep\n|turn|12\n|\n|t:|1782907802\n|switch|p1a: Reuniclus|Reuniclus, L88, M|166/337\n|move|p2a: Wigglytuff|Alluring Voice|p1a: Reuniclus\n|-damage|p1a: Reuniclus|64/337\n|\n|-heal|p2a: Wigglytuff|394/424|[from] item: Leftovers\n|upkeep\n|turn|13\n|\n|t:|1782907806\n|move|p2a: Wigglytuff|Knock Off|p1a: Reuniclus\n|-supereffective|p1a: Reuniclus\n|-damage|p1a: Reuniclus|0 fnt\n|-enditem|p1a: Reuniclus|Life Orb|[from] move: Knock Off|[of] p2a: Wigglytuff\n|faint|p1a: Reuniclus\n|\n|-heal|p2a: Wigglytuff|420/424|[from] item: Leftovers\n|upkeep\n|\n|t:|1782907815\n|switch|p1a: Necrozma|Necrozma-Dusk-Mane, L69|248/248\n|turn|14\n|\n|t:|1782907821\n|move|p1a: Necrozma|Dragon Dance|p1a: Necrozma\n|-boost|p1a: Necrozma|atk|1\n|-boost|p1a: Necrozma|spe|1\n|move|p2a: Wigglytuff|Thunder Wave|p1a: Necrozma\n|-status|p1a: Necrozma|par\n|\n|-heal|p2a: Wigglytuff|424/424|[from] item: Leftovers\n|upkeep\n|turn|15\n|\n|t:|1782907832\n|switch|p2a: Azumarill|Azumarill, L82, M|43/298\n|cant|p1a: Necrozma|par\n|\n|upkeep\n|turn|16\n|\n|t:|1782907841\n|move|p2a: Azumarill|Liquidation|p1a: Necrozma\n|-damage|p1a: Necrozma|100/248 par\n|cant|p1a: Necrozma|par\n|\n|upkeep\n|turn|17\n|n|!rvigno|rvigno\n|-message|rvigno forfeited.\n|\n|win|yunhaiyue\n", "inputlog": ">version f8ac14003a5f27e1bdc8d8c59608a773c1cb96e5\n>start {\"formatid\":\"gen9randombattle\",\"seed\":\"sodium,67d3420e343f4f15f863d188885861dd\",\"rated\":\"Rated battle\"}\n>player p1 {\"name\":\"rvigno\",\"avatar\":\"brawly\",\"rating\":1461,\"seed\":\"sodium,d231edb18ccb47591fa749856916d52a\"}\n>player p2 {\"name\":\"yunhaiyue\",\"avatar\":\"ghetsis-gen5bw\",\"rating\":1507,\"seed\":\"sodium,da95348af5b9dda8c589179f2e6a895e\"}\n>p1 move wavecrash\n>p2 move bravebird\n>p2 switch 2\n>p1 move wavecrash\n>p2 switch 4\n>p1 switch 4\n>p2 move rapidspin\n>p1 move calmmind\n>p2 move dracometeor\n>p1 move recover\n>p2 move dracometeor\n>p1 move recover\n>p2 switch 3\n>p1 move psychic\n>p2 move liquidation\n>p1 switch 2\n>p2 move liquidation\n>p1 move darkpulse\n>p2 switch 3\n>p1 move darkpulse\n>p2 move rapidspin\n>p1 move darkpulse\n>p2 switch 4\n>p1 switch 2\n>p2 move alluringvoice\n>p1 move recover\n>p2 move knockoff\n>p1 switch 5\n>p1 move dragondance\n>p2 move thunderwave\n>p1 move dragondance\n>p2 switch 3\n>p1 move dragondance\n>p2 move liquidation\n>chat \u2606rvigno|Fuck you fuck this game fuck who made it\n>forcelose p1", "uploadtime": 1782907858, "views": 3, "formatid": "gen9randombattle", "rating": null, "private": 0, "password": null, "player_dets": [{"name": "rvigno", "avatar": "brawly", "rating": 1461, "seed": "sodium,d231edb18ccb47591fa749856916d52a"}, {"name": "yunhaiyue", "avatar": "ghetsis-gen5bw", "rating": 1507, "seed": "sodium,da95348af5b9dda8c589179f2e6a895e"}], "teams_full": [{"Basculin": {"name": "Basculin", "species": "Basculin", "speciesId": "basculin", "gender": "M", "shiny": false, "level": 86, "moves": ["flipturn", "wavecrash", "aquajet", "doubleedge"], "ability": "Adaptability", "evs": {"hp": 85, "atk": 85, "def": 85, "spa": 85, "spd": 85, "spe": 85}, "ivs": {"hp": 31, "atk": 31, "def": 31, "spa": 31, "spd": 31, "spe": 31}, "item": "Choice Band", "teraType": "Water", "role": "Wallbreaker", "bvs": {"hp": 70, "atk": 92, "def": 65, "spa": 80, "spd": 55, "spe": 98}, "stats": {"hp": 261, "atk": 207, "def": 161, "spa": 187, "spd": 144, "spe": 218}, "types": ["Water"]}, "Greninja": {"name": "Greninja", "species": "Greninja", "speciesId": "greninja", "gender": "M", "shiny": false, "level": 80, "moves": ["hydropump", "icebeam", "darkpulse", "uturn"], "ability": "Protean", "evs": {"hp": 85, "atk": 85, "def": 85, "spa": 85, "spd": 85, "spe": 85}, "ivs": {"hp": 31, "atk": 31, "def": 31, "spa": 31, "spd": 31, "spe": 31}, "item": "Choice Specs", "teraType": "Water", "role": "Fast Attacker", "bvs": {"hp": 72, "atk": 95, "def": 67, "spa": 103, "spd": 71, "spe": 122}, "stats": {"hp": 246, "atk": 198, "def": 153, "spa": 211, "spd": 160, "spe": 241}, "types": ["Water", "Dark"]}, "Iron Jugulis": {"name": "Iron Jugulis", "species": "Iron Jugulis", "speciesId": "ironjugulis", "gender": "N", "shiny": false, "level": 77, "moves": ["meteorbeam", "hurricane", "darkpulse", "earthpower"], "ability": "Quark Drive", "evs": {"hp": 85, "atk": 0, "def": 85, "spa": 85, "spd": 85, "spe": 85}, "ivs": {"hp": 31, "atk": 0, "def": 31, "spa": 31, "spd": 31, "spe": 31}, "item": "Power Herb", "teraType": "Ground", "role": "Setup Sweeper", "bvs": {"hp": 94, "atk": 80, "def": 86, "spa": 122, "spd": 80, "spe": 108}, "stats": {"hp": 271, "atk": 128, "def": 177, "spa": 232, "spd": 168, "spe": 211}, "types": ["Dark", "Flying"]}, "Reuniclus": {"name": "Reuniclus", "species": "Reuniclus", "speciesId": "reuniclus", "gender": "M", "shiny": false, "level": 88, "moves": ["recover", "focusblast", "psychic", "calmmind"], "ability": "Magic Guard", "evs": {"hp": 85, "atk": 0, "def": 85, "spa": 85, "spd": 85, "spe": 85}, "ivs": {"hp": 31, "atk": 0, "def": 31, "spa": 31, "spd": 31, "spe": 31}, "item": "Life Orb", "teraType": "Fighting", "role": "Bulky Setup", "bvs": {"hp": 110, "atk": 65, "def": 75, "spa": 125, "spd": 85, "spe": 30}, "stats": {"hp": 337, "atk": 119, "def": 182, "spa": 270, "spd": 200, "spe": 103}, "types": ["Psychic"]}, "Necrozma": {"name": "Necrozma", "species": "Necrozma-Dusk-Mane", "speciesId": "necrozmaduskmane", "gender": "N", "shiny": false, "level": 69, "moves": ["dragondance", "morningsun", "earthquake", "sunsteelstrike"], "ability": "Prism Armor", "evs": {"hp": 85, "atk": 85, "def": 85, "spa": 85, "spd": 85, "spe": 85}, "ivs": {"hp": 31, "atk": 31, "def": 31, "spa": 31, "spd": 31, "spe": 31}, "item": "Weakness Policy", "teraType": "Steel", "role": "Bulky Setup", "bvs": {"hp": 97, "atk": 157, "def": 127, "spa": 113, "spd": 109, "spe": 77}, "stats": {"hp": 248, "atk": 257, "def": 216, "spa": 196, "spd": 191, "spe": 147}, "types": ["Psychic", "Steel"]}, "Regieleki": {"name": "Regieleki", "species": "Regieleki", "speciesId": "regieleki", "gender": "N", "shiny": false, "level": 79, "moves": ["voltswitch", "thunderbolt", "rapidspin", "explosion"], "ability": "Transistor", "evs": {"hp": 85, "atk": 85, "def": 85, "spa": 85, "spd": 85, "spe": 85}, "ivs": {"hp": 31, "atk": 31, "def": 31, "spa": 31, "spd": 31, "spe": 31}, "item": "Magnet", "teraType": "Electric", "role": "Fast Support", "bvs": {"hp": 80, "atk": 100, "def": 50, "spa": 100, "spd": 50, "spe": 200}, "stats": {"hp": 256, "atk": 204, "def": 125, "spa": 204, "spd": 125, "spe": 362}, "types": ["Electric"]}}, {"Squawkabilly": {"name": "Squawkabilly", "species": "Squawkabilly-Yellow", "speciesId": "squawkabillyyellow", "gender": "F", "shiny": false, "level": 89, "moves": ["quickattack", "bravebird", "doubleedge", "foulplay"], "ability": "Hustle", "evs": {"hp": 85, "atk": 85, "def": 85, "spa": 85, "spd": 85, "spe": 85}, "ivs": {"hp": 31, "atk": 31, "def": 31, "spa": 31, "spd": 31, "spe": 31}, "item": "Choice Band", "teraType": "Flying", "role": "Wallbreaker", "bvs": {"hp": 82, "atk": 96, "def": 51, "spa": 45, "spd": 51, "spe": 92}, "stats": {"hp": 291, "atk": 222, "def": 142, "spa": 131, "spd": 142, "spe": 215}, "types": ["Normal", "Flying"]}, "Wigglytuff": {"name": "Wigglytuff", "species": "Wigglytuff", "speciesId": "wigglytuff", "gender": "M", "shiny": false, "level": 96, "moves": ["knockoff", "fireblast", "thunderwave", "alluringvoice"], "ability": "Competitive", "evs": {"hp": 85, "atk": 85, "def": 85, "spa": 85, "spd": 85, "spe": 85}, "ivs": {"hp": 31, "atk": 31, "def": 31, "spa": 31, "spd": 31, "spe": 31}, "item": "Leftovers", "teraType": "Steel", "role": "Bulky Support", "bvs": {"hp": 140, "atk": 70, "def": 45, "spa": 85, "spd": 50, "spe": 45}, "stats": {"hp": 424, "atk": 189, "def": 141, "spa": 218, "spd": 150, "spe": 141}, "types": ["Normal", "Fairy"]}, "Azumarill": {"name": "Azumarill", "species": "Azumarill", "speciesId": "azumarill", "gender": "M", "shiny": false, "level": 82, "moves": ["playrough", "icespinner", "aquajet", "liquidation"], "ability": "Huge Power", "evs": {"hp": 85, "atk": 85, "def": 85, "spa": 85, "spd": 85, "spe": 85}, "ivs": {"hp": 31, "atk": 31, "def": 31, "spa": 31, "spd": 31, "spe": 31}, "item": "Choice Band", "teraType": "Water", "role": "Bulky Attacker", "bvs": {"hp": 100, "atk": 50, "def": 80, "spa": 60, "spd": 80, "spe": 50}, "stats": {"hp": 298, "atk": 129, "def": 178, "spa": 146, "spd": 178, "spe": 129}, "types": ["Water", "Fairy"]}, "Tatsugiri": {"name": "Tatsugiri", "species": "Tatsugiri", "speciesId": "tatsugiri", "gender": "M", "shiny": false, "level": 87, "moves": ["nastyplot", "surf", "rapidspin", "dracometeor"], "ability": "Storm Drain", "evs": {"hp": 85, "atk": 85, "def": 85, "spa": 85, "spd": 85, "spe": 85}, "ivs": {"hp": 31, "atk": 31, "def": 31, "spa": 31, "spd": 31, "spe": 31}, "item": "Heavy-Duty Boots", "teraType": "Steel", "role": "Fast Support", "bvs": {"hp": 68, "atk": 50, "def": 60, "spa": 120, "spd": 95, "spe": 82}, "stats": {"hp": 260, "atk": 137, "def": 154, "spa": 259, "spd": 215, "spe": 192}, "types": ["Dragon", "Water"]}, "Arceus": {"name": "Arceus", "species": "Arceus-Psychic", "speciesId": "arceuspsychic", "gender": "N", "shiny": false, "level": 69, "moves": ["storedpower", "recover", "cosmicpower", "bodypress"], "ability": "Multitype", "evs": {"hp": 85, "atk": 0, "def": 85, "spa": 85, "spd": 85, "spe": 85}, "ivs": {"hp": 31, "atk": 0, "def": 31, "spa": 31, "spd": 31, "spe": 31}, "item": "Mind Plate", "teraType": "Steel", "role": "Bulky Setup", "bvs": {"hp": 120, "atk": 120, "def": 120, "spa": 120, "spd": 120, "spe": 120}, "stats": {"hp": 280, "atk": 170, "def": 206, "spa": 206, "spd": 206, "spe": 206}, "types": ["Psychic"]}, "Arcanine": {"name": "Arcanine", "species": "Arcanine-Hisui", "speciesId": "arcaninehisui", "gender": "M", "shiny": false, "level": 79, "moves": ["morningsun", "headsmash", "extremespeed", "flareblitz"], "ability": "Rock Head", "evs": {"hp": 85, "atk": 85, "def": 85, "spa": 85, "spd": 85, "spe": 85}, "ivs": {"hp": 31, "atk": 31, "def": 31, "spa": 31, "spd": 31, "spe": 31}, "item": "Heavy-Duty Boots", "teraType": "Fire", "role": "Bulky Attacker", "bvs": {"hp": 95, "atk": 115, "def": 80, "spa": 95, "spd": 80, "spe": 90}, "stats": {"hp": 280, "atk": 227, "def": 172, "spa": 196, "spd": 172, "spe": 188}, "types": ["Fire", "Rock"]}}]}