{"id": "gen9randombattle-2641887351", "format": "[Gen 9] Random Battle", "players": ["testbotcif", "joenathan123"], "log": "|j|\u2606testbotcif\n|j|\u2606joenathan123\n|t:|1782853988\n|gametype|singles\n|player|p1|testbotcif|266|1276\n|player|p2|joenathan123|169|1265\n|gen|9\n|tier|[Gen 9] Random Battle\n|rated|\n|rule|Species Clause: Limit one of each Pok\u00e9mon\n|rule|HP Percentage Mod: HP is shown in percentages\n|rule|Sleep Clause Mod: Limit one foe put to sleep\n|rule|Illusion Level Mod: Illusion disguises the Pok\u00e9mon's true level\n|\n|t:|1782853988\n|teamsize|p1|6\n|teamsize|p2|6\n|start\n|switch|p1a: Arboliva|Arboliva, L91, M|290/290\n|switch|p2a: Lokix|Lokix, L82, F|251/251\n|turn|1\n|inactive|Battle timer is ON: inactive players will automatically lose when time's up. (requested by testbotcif)\n|c|\u2606testbotcif|rlhf\n|\n|t:|1782853998\n|-terastallize|p1a: Arboliva|Poison\n|move|p2a: Lokix|First Impression|p1a: Arboliva\n|-resisted|p1a: Arboliva\n|-damage|p1a: Arboliva|194/290\n|-fieldstart|move: Grassy Terrain|[from] ability: Seed Sower|[of] p1a: Arboliva\n|move|p1a: Arboliva|Hyper Voice|p2a: Lokix\n|-damage|p2a: Lokix|70/251\n|\n|-heal|p2a: Lokix|85/251|[from] Grassy Terrain\n|-heal|p1a: Arboliva|212/290|[from] Grassy Terrain\n|-heal|p1a: Arboliva|230/290|[from] item: Leftovers\n|upkeep\n|turn|2\n|\n|t:|1782854013\n|move|p2a: Lokix|Knock Off|p1a: Arboliva\n|-damage|p1a: Arboliva|143/290\n|-enditem|p1a: Arboliva|Leftovers|[from] move: Knock Off|[of] p2a: Lokix\n|move|p1a: Arboliva|Hyper Voice|p2a: Lokix\n|-damage|p2a: Lokix|0 fnt\n|faint|p2a: Lokix\n|\n|-heal|p1a: Arboliva|161/290|[from] Grassy Terrain\n|upkeep\n|\n|t:|1782854030\n|switch|p2a: Toedscruel|Toedscruel, L87, M|281/281\n|turn|3\n|\n|t:|1782854034\n|move|p1a: Arboliva|Energy Ball|p2a: Toedscruel\n|-damage|p2a: Toedscruel|146/281\n|move|p2a: Toedscruel|Toxic|p1a: Arboliva\n|-immune|p1a: Arboliva\n|\n|-heal|p2a: Toedscruel|163/281|[from] Grassy Terrain\n|-heal|p2a: Toedscruel|180/281|[from] item: Leftovers\n|-heal|p1a: Arboliva|179/290|[from] Grassy Terrain\n|upkeep\n|turn|4\n|\n|t:|1782854046\n|move|p2a: Toedscruel|Earth Power|p1a: Arboliva\n|-supereffective|p1a: Arboliva\n|-damage|p1a: Arboliva|51/290\n|move|p1a: Arboliva|Energy Ball|p2a: Toedscruel\n|-damage|p2a: Toedscruel|50/281\n|\n|-heal|p2a: Toedscruel|67/281|[from] Grassy Terrain\n|-heal|p2a: Toedscruel|84/281|[from] item: Leftovers\n|-heal|p1a: Arboliva|69/290|[from] Grassy Terrain\n|upkeep\n|turn|5\n|\n|t:|1782854055\n|move|p2a: Toedscruel|Earth Power|p1a: Arboliva\n|-supereffective|p1a: Arboliva\n|-damage|p1a: Arboliva|0 fnt\n|faint|p1a: Arboliva\n|\n|-heal|p2a: Toedscruel|101/281|[from] Grassy Terrain\n|-heal|p2a: Toedscruel|118/281|[from] item: Leftovers\n|-fieldend|move: Grassy Terrain\n|upkeep\n|\n|t:|1782854055\n|switch|p1a: Heracross|Heracross, L80, F|259/259\n|turn|6\n|\n|t:|1782854068\n|switch|p2a: Salazzle|Salazzle, L83, F|249/249\n|move|p1a: Heracross|Megahorn|p2a: Salazzle\n|-resisted|p2a: Salazzle\n|-damage|p2a: Salazzle|198/249\n|\n|-heal|p2a: Salazzle|213/249|[from] item: Leftovers\n|upkeep\n|turn|7\n|\n|t:|1782854077\n|switch|p1a: Bastiodon|Bastiodon, L89, F|252/252\n|move|p2a: Salazzle|Toxic|p1a: Bastiodon\n|-status|p1a: Bastiodon|tox\n|\n|-heal|p2a: Salazzle|228/249|[from] item: Leftovers\n|-damage|p1a: Bastiodon|237/252 tox|[from] psn\n|upkeep\n|turn|8\n|\n|t:|1782854088\n|move|p2a: Salazzle|Substitute|p2a: Salazzle\n|-start|p2a: Salazzle|Substitute\n|-damage|p2a: Salazzle|166/249\n|move|p1a: Bastiodon|Iron Defense|p1a: Bastiodon\n|-boost|p1a: Bastiodon|def|2\n|\n|-heal|p2a: Salazzle|181/249|[from] item: Leftovers\n|-damage|p1a: Bastiodon|207/252 tox|[from] psn\n|upkeep\n|turn|9\n|\n|t:|1782854096\n|move|p2a: Salazzle|Flamethrower|p1a: Bastiodon\n|-damage|p1a: Bastiodon|141/252 tox\n|move|p1a: Bastiodon|Body Press|p2a: Salazzle\n|-resisted|p2a: Salazzle\n|-end|p2a: Salazzle|Substitute\n|\n|-heal|p2a: Salazzle|196/249|[from] item: Leftovers\n|-damage|p1a: Bastiodon|96/252 tox|[from] psn\n|upkeep\n|turn|10\n|\n|t:|1782854106\n|move|p2a: Salazzle|Protect|p2a: Salazzle\n|-singleturn|p2a: Salazzle|Protect\n|move|p1a: Bastiodon|Rest|p1a: Bastiodon\n|-status|p1a: Bastiodon|slp|[from] move: Rest\n|-heal|p1a: Bastiodon|252/252 slp|[silent]\n|-enditem|p1a: Bastiodon|Chesto Berry|[eat]\n|-curestatus|p1a: Bastiodon|slp|[msg]\n|\n|-heal|p2a: Salazzle|211/249|[from] item: Leftovers\n|upkeep\n|turn|11\n|\n|t:|1782854128\n|move|p2a: Salazzle|Flamethrower|p1a: Bastiodon\n|-damage|p1a: Bastiodon|186/252\n|move|p1a: Bastiodon|Body Press|p2a: Salazzle\n|-resisted|p2a: Salazzle\n|-damage|p2a: Salazzle|73/249\n|\n|-heal|p2a: Salazzle|88/249|[from] item: Leftovers\n|upkeep\n|turn|12\n|\n|t:|1782854138\n|move|p2a: Salazzle|Flamethrower|p1a: Bastiodon\n|-damage|p1a: Bastiodon|114/252\n|move|p1a: Bastiodon|Body Press|p2a: Salazzle\n|-resisted|p2a: Salazzle\n|-damage|p2a: Salazzle|0 fnt\n|faint|p2a: Salazzle\n|\n|upkeep\n|\n|t:|1782854147\n|switch|p2a: Falinks|Falinks, L84|246/246\n|turn|13\n|\n|t:|1782854151\n|move|p2a: Falinks|No Retreat|p2a: Falinks\n|-boost|p2a: Falinks|atk|1\n|-boost|p2a: Falinks|def|1\n|-boost|p2a: Falinks|spa|1\n|-boost|p2a: Falinks|spd|1\n|-boost|p2a: Falinks|spe|1\n|-start|p2a: Falinks|move: No Retreat\n|move|p1a: Bastiodon|Body Press|p2a: Falinks\n|-damage|p2a: Falinks|136/246\n|\n|upkeep\n|turn|14\n|\n|t:|1782854166\n|move|p2a: Falinks|Iron Head|p1a: Bastiodon\n|-damage|p1a: Bastiodon|85/252\n|-damage|p2a: Falinks|112/246|[from] item: Life Orb\n|move|p1a: Bastiodon|Body Press|p2a: Falinks\n|-damage|p2a: Falinks|3/246\n|\n|upkeep\n|turn|15\n|\n|t:|1782854175\n|move|p2a: Falinks|Close Combat|p1a: Bastiodon\n|-supereffective|p1a: Bastiodon\n|-crit|p1a: Bastiodon\n|-damage|p1a: Bastiodon|0 fnt\n|-unboost|p2a: Falinks|def|1\n|-unboost|p2a: Falinks|spd|1\n|faint|p1a: Bastiodon\n|-damage|p2a: Falinks|0 fnt|[from] item: Life Orb\n|faint|p2a: Falinks\n|\n|upkeep\n|\n|t:|1782854187\n|switch|p2a: Empoleon|Empoleon, L84, M|278/278\n|switch|p1a: Corviknight|Corviknight, L80, M|288/288\n|turn|16\n|\n|t:|1782854195\n|move|p1a: Corviknight|Body Press|p2a: Empoleon\n|-supereffective|p2a: Empoleon\n|-damage|p2a: Empoleon|170/278\n|move|p2a: Empoleon|Flip Turn|p1a: Corviknight\n|-damage|p1a: Corviknight|237/288\n|\n|t:|1782854200\n|switch|p2a: Plusle|Plusle, L95, M|268/268|[from] Flip Turn\n|\n|-heal|p1a: Corviknight|255/288|[from] item: Leftovers\n|upkeep\n|turn|17\n|\n|t:|1782854208\n|switch|p1a: Gengar|Gengar, L81, F|230/230\n|move|p2a: Plusle|Nasty Plot|p2a: Plusle\n|-boost|p2a: Plusle|spa|2\n|\n|upkeep\n|turn|18\n|\n|t:|1782854216\n|-terastallize|p2a: Plusle|Electric\n|move|p2a: Plusle|Thunderbolt|p1a: Gengar\n|-damage|p1a: Gengar|0 fnt\n|faint|p1a: Gengar\n|-damage|p2a: Plusle|242/268|[from] item: Life Orb\n|\n|upkeep\n|\n|t:|1782854217\n|switch|p1a: Heracross|Heracross, L80, F|259/259\n|turn|19\n|\n|t:|1782854224\n|move|p1a: Heracross|Earthquake|p2a: Plusle\n|-supereffective|p2a: Plusle\n|-damage|p2a: Plusle|12/268\n|move|p2a: Plusle|Thunderbolt|p1a: Heracross\n|-damage|p1a: Heracross|0 fnt\n|faint|p1a: Heracross\n|-damage|p2a: Plusle|0 fnt|[from] item: Life Orb\n|faint|p2a: Plusle\n|\n|upkeep\n|\n|t:|1782854238\n|switch|p2a: Empoleon|Empoleon, L84, M|170/278\n|switch|p1a: Corviknight|Corviknight, L80, M|255/288\n|turn|20\n|\n|t:|1782854247\n|move|p1a: Corviknight|Body Press|p2a: Empoleon\n|-supereffective|p2a: Empoleon\n|-damage|p2a: Empoleon|62/278\n|move|p2a: Empoleon|Roost|p2a: Empoleon\n|-heal|p2a: Empoleon|201/278\n|-singleturn|p2a: Empoleon|move: Roost\n|\n|-heal|p1a: Corviknight|273/288|[from] item: Leftovers\n|-heal|p2a: Empoleon|218/278|[from] item: Leftovers\n|upkeep\n|turn|21\n|\n|t:|1782854254\n|move|p1a: Corviknight|Body Press|p2a: Empoleon\n|-supereffective|p2a: Empoleon\n|-damage|p2a: Empoleon|116/278\n|move|p2a: Empoleon|Ice Beam|p1a: Corviknight\n|-damage|p1a: Corviknight|190/288\n|\n|-heal|p1a: Corviknight|208/288|[from] item: Leftovers\n|-heal|p2a: Empoleon|133/278|[from] item: Leftovers\n|upkeep\n|turn|22\n|\n|t:|1782854262\n|move|p1a: Corviknight|Body Press|p2a: Empoleon\n|-supereffective|p2a: Empoleon\n|-damage|p2a: Empoleon|29/278\n|move|p2a: Empoleon|Roost|p2a: Empoleon\n|-heal|p2a: Empoleon|168/278\n|-singleturn|p2a: Empoleon|move: Roost\n|\n|-heal|p1a: Corviknight|226/288|[from] item: Leftovers\n|-heal|p2a: Empoleon|185/278|[from] item: Leftovers\n|upkeep\n|turn|23\n|\n|t:|1782854271\n|move|p1a: Corviknight|Body Press|p2a: Empoleon\n|-supereffective|p2a: Empoleon\n|-damage|p2a: Empoleon|69/278\n|move|p2a: Empoleon|Surf|p1a: Corviknight\n|-damage|p1a: Corviknight|121/288\n|\n|-heal|p1a: Corviknight|139/288|[from] item: Leftovers\n|-heal|p2a: Empoleon|86/278|[from] item: Leftovers\n|upkeep\n|turn|24\n|\n|t:|1782854278\n|move|p1a: Corviknight|Body Press|p2a: Empoleon\n|-supereffective|p2a: Empoleon\n|-damage|p2a: Empoleon|0 fnt\n|faint|p2a: Empoleon\n|\n|-heal|p1a: Corviknight|157/288|[from] item: Leftovers\n|upkeep\n|\n|t:|1782854284\n|switch|p2a: Toedscruel|Toedscruel, L87, M|118/281\n|turn|25\n|\n|t:|1782854291\n|move|p2a: Toedscruel|Rapid Spin|p1a: Corviknight\n|-resisted|p1a: Corviknight\n|-damage|p1a: Corviknight|145/288\n|-boost|p2a: Toedscruel|spe|1\n|move|p1a: Corviknight|Brave Bird|p2a: Toedscruel\n|-supereffective|p2a: Toedscruel\n|-damage|p2a: Toedscruel|0 fnt\n|faint|p2a: Toedscruel\n|-damage|p1a: Corviknight|106/288|[from] Recoil\n|\n|win|testbotcif\n|raw|testbotcif's rating: 1276 &rarr; <strong>1300</strong><br />(+24 for winning)\n|raw|joenathan123's rating: 1265 &rarr; <strong>1241</strong><br />(-24 for losing)\n", "inputlog": ">version f8ac14003a5f27e1bdc8d8c59608a773c1cb96e5\n>start {\"formatid\":\"gen9randombattle\",\"seed\":\"sodium,3f9eaae43f04208cbd15399383c78020\",\"rated\":\"Rated battle\"}\n>player p1 {\"name\":\"testbotcif\",\"avatar\":\"266\",\"rating\":1276,\"seed\":\"sodium,7cc22337b2814c62a11381f888098551\"}\n>player p2 {\"name\":\"joenathan123\",\"avatar\":\"169\",\"rating\":1265,\"seed\":\"sodium,f7e02bf6971c86ffdc98c9c3df46e62e\"}\n>chat \u2606testbotcif|rlhf\n>p1 move hypervoice terastallize\n>p2 move firstimpression\n>p1 move hypervoice\n>p2 move knockoff\n>p2 switch 5\n>p1 move energyball\n>p2 move toxic\n>p1 move energyball\n>p2 move earthpower\n>p1 move strengthsap\n>p2 move earthpower\n>p1 switch 3\n>p1 move megahorn\n>p2 switch 6\n>p1 switch 5\n>p2 move toxic\n>p1 move irondefense\n>p2 move substitute\n>p1 move bodypress\n>p2 move flamethrower\n>p1 move rest\n>p2 move protect\n>p1 move bodypress\n>p2 move flamethrower\n>p1 move bodypress\n>p2 move flamethrower\n>p2 switch 2\n>p1 move bodypress\n>p2 move noretreat\n>p1 move bodypress\n>p2 move ironhead\n>p1 move bodypress\n>p2 move closecombat\n>p1 switch 2\n>p2 switch 3\n>p1 move bodypress\n>p2 move flipturn\n>p2 switch 4\n>p1 switch 6\n>p2 move nastyplot\n>p1 move sludgewave\n>p2 move thunderbolt terastallize\n>p1 switch 5\n>p1 move earthquake\n>p2 move thunderbolt\n>p1 switch 6\n>p2 switch 4\n>p1 move bodypress\n>p2 move roost\n>p1 move bodypress\n>p2 move icebeam\n>p1 move bodypress\n>p2 move roost\n>p1 move bodypress\n>p2 move surf\n>p1 move bodypress\n>p2 move roost\n>p2 switch 6\n>p1 move bravebird\n>p2 move rapidspin", "uploadtime": 1782854292, "views": 6, "formatid": "gen9randombattle", "rating": 1241, "private": 0, "password": null, "player_dets": [{"name": "testbotcif", "avatar": "266", "rating": 1276, "seed": "sodium,7cc22337b2814c62a11381f888098551"}, {"name": "joenathan123", "avatar": "169", "rating": 1265, "seed": "sodium,f7e02bf6971c86ffdc98c9c3df46e62e"}], "teams_full": [{"Arboliva": {"name": "Arboliva", "species": "Arboliva", "speciesId": "arboliva", "gender": "M", "shiny": false, "level": 91, "moves": ["energyball", "hypervoice", "earthpower", "strengthsap"], "ability": "Seed Sower", "evs": {"hp": 85, "atk": 0, "def": 85, "spa": 85, "spd": 85, "spe": 85}, "ivs": {"hp": 31, "atk": 0, "def": 31, "spa": 31, "spd": 31, "spe": 31}, "item": "Leftovers", "teraType": "Poison", "role": "Bulky Attacker", "bvs": {"hp": 78, "atk": 69, "def": 90, "spa": 125, "spd": 109, "spe": 39}, "stats": {"hp": 290, "atk": 130, "def": 216, "spa": 279, "spd": 250, "spe": 123}, "types": ["Grass", "Normal"]}, "Corviknight": {"name": "Corviknight", "species": "Corviknight", "speciesId": "corviknight", "gender": "M", "shiny": false, "level": 80, "moves": ["bravebird", "bodypress", "roost", "defog"], "ability": "Mirror Armor", "evs": {"hp": 85, "atk": 85, "def": 85, "spa": 85, "spd": 85, "spe": 85}, "ivs": {"hp": 31, "atk": 31, "def": 31, "spa": 31, "spd": 31, "spe": 31}, "item": "Leftovers", "teraType": "Dragon", "role": "Bulky Support", "bvs": {"hp": 98, "atk": 87, "def": 105, "spa": 53, "spd": 85, "spe": 67}, "stats": {"hp": 288, "atk": 185, "def": 214, "spa": 131, "spd": 182, "spe": 153}, "types": ["Flying", "Steel"]}, "Heracross": {"name": "Heracross", "species": "Heracross", "speciesId": "heracross", "gender": "F", "shiny": false, "level": 80, "moves": ["megahorn", "earthquake", "stoneedge", "closecombat"], "ability": "Moxie", "evs": {"hp": 85, "atk": 85, "def": 85, "spa": 85, "spd": 85, "spe": 85}, "ivs": {"hp": 31, "atk": 31, "def": 31, "spa": 31, "spd": 31, "spe": 31}, "item": "Choice Scarf", "teraType": "Bug", "role": "Fast Attacker", "bvs": {"hp": 80, "atk": 125, "def": 75, "spa": 40, "spd": 95, "spe": 85}, "stats": {"hp": 259, "atk": 246, "def": 166, "spa": 110, "spd": 198, "spe": 182}, "types": ["Bug", "Fighting"]}, "Altaria": {"name": "Altaria", "species": "Altaria", "speciesId": "altaria", "gender": "M", "shiny": false, "level": 89, "moves": ["haze", "willowisp", "bravebird", "roost"], "ability": "Natural Cure", "evs": {"hp": 85, "atk": 85, "def": 85, "spa": 85, "spd": 85, "spe": 85}, "ivs": {"hp": 31, "atk": 31, "def": 31, "spa": 31, "spd": 31, "spe": 31}, "item": "Heavy-Duty Boots", "teraType": "Steel", "role": "Bulky Support", "bvs": {"hp": 75, "atk": 70, "def": 90, "spa": 70, "spd": 105, "spe": 80}, "stats": {"hp": 278, "atk": 175, "def": 211, "spa": 175, "spd": 238, "spe": 193}, "types": ["Dragon", "Flying"]}, "Bastiodon": {"name": "Bastiodon", "species": "Bastiodon", "speciesId": "bastiodon", "gender": "F", "shiny": false, "level": 89, "moves": ["bodypress", "foulplay", "rest", "irondefense"], "ability": "Soundproof", "evs": {"hp": 85, "atk": 0, "def": 85, "spa": 85, "spd": 85, "spe": 85}, "ivs": {"hp": 31, "atk": 0, "def": 31, "spa": 31, "spd": 31, "spe": 31}, "item": "Chesto Berry", "teraType": "Fighting", "role": "Bulky Setup", "bvs": {"hp": 60, "atk": 52, "def": 168, "spa": 47, "spd": 138, "spe": 30}, "stats": {"hp": 252, "atk": 97, "def": 350, "spa": 134, "spd": 296, "spe": 104}, "types": ["Rock", "Steel"]}, "Gengar": {"name": "Gengar", "species": "Gengar", "speciesId": "gengar", "gender": "F", "shiny": false, "level": 81, "moves": ["shadowball", "sludgewave", "focusblast", "encore"], "ability": "Cursed Body", "evs": {"hp": 85, "atk": 0, "def": 85, "spa": 85, "spd": 85, "spe": 85}, "ivs": {"hp": 31, "atk": 0, "def": 31, "spa": 31, "spd": 31, "spe": 31}, "item": "Life Orb", "teraType": "Fighting", "role": "Fast Attacker", "bvs": {"hp": 60, "atk": 65, "def": 60, "spa": 130, "spd": 75, "spe": 110}, "stats": {"hp": 230, "atk": 110, "def": 144, "spa": 257, "spd": 168, "spe": 225}, "types": ["Ghost", "Poison"]}}, {"Lokix": {"name": "Lokix", "species": "Lokix", "speciesId": "lokix", "gender": "F", "shiny": false, "level": 82, "moves": ["suckerpunch", "uturn", "knockoff", "firstimpression"], "ability": "Tinted Lens", "evs": {"hp": 85, "atk": 85, "def": 85, "spa": 85, "spd": 85, "spe": 85}, "ivs": {"hp": 31, "atk": 31, "def": 31, "spa": 31, "spd": 31, "spe": 31}, "item": "Silver Powder", "teraType": "Bug", "role": "Fast Attacker", "bvs": {"hp": 71, "atk": 102, "def": 78, "spa": 52, "spd": 55, "spe": 92}, "stats": {"hp": 251, "atk": 214, "def": 175, "spa": 132, "spd": 137, "spe": 198}, "types": ["Bug", "Dark"]}, "Falinks": {"name": "Falinks", "species": "Falinks", "speciesId": "falinks", "gender": "N", "shiny": false, "level": 84, "moves": ["noretreat", "knockoff", "ironhead", "closecombat"], "ability": "Defiant", "evs": {"hp": 85, "atk": 85, "def": 85, "spa": 85, "spd": 85, "spe": 85}, "ivs": {"hp": 31, "atk": 31, "def": 31, "spa": 31, "spd": 31, "spe": 31}, "item": "Life Orb", "teraType": "Steel", "role": "Setup Sweeper", "bvs": {"hp": 65, "atk": 100, "def": 100, "spa": 70, "spd": 60, "spe": 75}, "stats": {"hp": 246, "atk": 216, "def": 216, "spa": 166, "spd": 149, "spe": 174}, "types": ["Fighting"]}, "Empoleon": {"name": "Empoleon", "species": "Empoleon", "speciesId": "empoleon", "gender": "M", "shiny": false, "level": 84, "moves": ["surf", "flipturn", "icebeam", "roost"], "ability": "Competitive", "evs": {"hp": 85, "atk": 85, "def": 85, "spa": 85, "spd": 85, "spe": 85}, "ivs": {"hp": 31, "atk": 31, "def": 31, "spa": 31, "spd": 31, "spe": 31}, "item": "Leftovers", "teraType": "Flying", "role": "Bulky Support", "bvs": {"hp": 84, "atk": 86, "def": 88, "spa": 111, "spd": 101, "spe": 60}, "stats": {"hp": 278, "atk": 193, "def": 196, "spa": 235, "spd": 218, "spe": 149}, "types": ["Water", "Steel"]}, "Plusle": {"name": "Plusle", "species": "Plusle", "speciesId": "plusle", "gender": "M", "shiny": false, "level": 95, "moves": ["nastyplot", "alluringvoice", "grassknot", "thunderbolt"], "ability": "Lightning Rod", "evs": {"hp": 85, "atk": 0, "def": 85, "spa": 85, "spd": 85, "spe": 85}, "ivs": {"hp": 31, "atk": 0, "def": 31, "spa": 31, "spd": 31, "spe": 31}, "item": "Life Orb", "teraType": "Electric", "role": "Setup Sweeper", "bvs": {"hp": 60, "atk": 50, "def": 40, "spa": 85, "spd": 75, "spe": 95}, "stats": {"hp": 268, "atk": 100, "def": 130, "spa": 215, "spd": 196, "spe": 234}, "types": ["Electric"]}, "Toedscruel": {"name": "Toedscruel", "species": "Toedscruel", "speciesId": "toedscruel", "gender": "M", "shiny": false, "level": 87, "moves": ["rapidspin", "toxic", "earthpower", "leafstorm"], "ability": "Mycelium Might", "evs": {"hp": 85, "atk": 85, "def": 85, "spa": 85, "spd": 85, "spe": 85}, "ivs": {"hp": 31, "atk": 31, "def": 31, "spa": 31, "spd": 31, "spe": 31}, "item": "Leftovers", "teraType": "Water", "role": "Bulky Support", "bvs": {"hp": 80, "atk": 70, "def": 65, "spa": 80, "spd": 120, "spe": 100}, "stats": {"hp": 281, "atk": 172, "def": 163, "spa": 189, "spd": 259, "spe": 224}, "types": ["Ground", "Grass"]}, "Salazzle": {"name": "Salazzle", "species": "Salazzle", "speciesId": "salazzle", "gender": "F", "shiny": false, "level": 83, "moves": ["protect", "substitute", "flamethrower", "toxic"], "ability": "Corrosion", "evs": {"hp": 85, "atk": 0, "def": 85, "spa": 85, "spd": 85, "spe": 85}, "ivs": {"hp": 31, "atk": 0, "def": 31, "spa": 31, "spd": 31, "spe": 31}, "item": "Leftovers", "teraType": "Flying", "role": "Fast Support", "bvs": {"hp": 68, "atk": 64, "def": 60, "spa": 111, "spd": 60, "spe": 117}, "stats": {"hp": 249, "atk": 111, "def": 147, "spa": 232, "spd": 147, "spe": 242}, "types": ["Poison", "Fire"]}}]}