{"id": "gen9randombattle-2641748317", "format": "[Gen 9] Random Battle", "players": ["stonerdeathdoom", "Amooora"], "log": "|j|\u2606stonerdeathdoom\n|j|\u2606Amooora\n|t:|1782837244\n|gametype|singles\n|player|p1|stonerdeathdoom|will|1288\n|player|p2|Amooora|bruno|1238\n|gen|9\n|tier|[Gen 9] Random Battle\n|rated|\n|rule|Species Clause: Limit one of each Pok\u00e9mon\n|rule|HP Percentage Mod: HP is shown in percentages\n|rule|Sleep Clause Mod: Limit one foe put to sleep\n|rule|Illusion Level Mod: Illusion disguises the Pok\u00e9mon's true level\n|\n|t:|1782837244\n|teamsize|p1|6\n|teamsize|p2|6\n|start\n|switch|p1a: Sinistcha|Sinistcha-Masterpiece, L83|254/254\n|switch|p2a: Cinderace|Cinderace, L77, F|250/250\n|turn|1\n|inactive|Battle timer is ON: inactive players will automatically lose when time's up. (requested by stonerdeathdoom)\n|\n|t:|1782837254\n|switch|p1a: Hippowdon|Hippowdon, L82, M|311/311\n|-weather|Sandstorm|[from] ability: Sand Stream|[of] p1a: Hippowdon\n|move|p2a: Cinderace|Pyro Ball|p1a: Hippowdon\n|-damage|p1a: Hippowdon|218/311\n|\n|-weather|Sandstorm|[upkeep]\n|-damage|p2a: Cinderace|235/250|[from] Sandstorm\n|upkeep\n|turn|2\n|\n|t:|1782837266\n|move|p2a: Cinderace|U-turn|p1a: Hippowdon\n|-start|p2a: Cinderace|typechange|Bug|[from] ability: Libero\n|-damage|p1a: Hippowdon|164/311\n|-damage|p2a: Cinderace|194/250|[from] item: Rocky Helmet|[of] p1a: Hippowdon\n|\n|t:|1782837291\n|switch|p2a: Hydreigon|Hydreigon, L79, M|275/275|[from] U-turn\n|move|p1a: Hippowdon|Earthquake|p2a: Hydreigon\n|-immune|p2a: Hydreigon|[from] ability: Levitate\n|\n|-weather|Sandstorm|[upkeep]\n|-damage|p2a: Hydreigon|258/275|[from] Sandstorm\n|upkeep\n|turn|3\n|\n|t:|1782837302\n|move|p2a: Hydreigon|Draco Meteor|p1a: Hippowdon\n|-damage|p1a: Hippowdon|0 fnt\n|-unboost|p2a: Hydreigon|spa|2\n|faint|p1a: Hippowdon\n|-damage|p2a: Hydreigon|231/275|[from] item: Life Orb\n|\n|-weather|Sandstorm|[upkeep]\n|-damage|p2a: Hydreigon|214/275|[from] Sandstorm\n|upkeep\n|\n|t:|1782837307\n|switch|p1a: Donphan|Donphan, L84, F|288/288\n|turn|4\n|\n|t:|1782837323\n|switch|p2a: Quagsire|Quagsire, L84, F|297/297\n|move|p1a: Donphan|Ice Shard|p2a: Quagsire\n|-damage|p2a: Quagsire|261/297\n|\n|-weather|Sandstorm|[upkeep]\n|-heal|p2a: Quagsire|279/297|[from] item: Leftovers\n|upkeep\n|turn|5\n|c|\u2606stonerdeathdoom|do you play the game at all?\n|inactive|stonerdeathdoom has 120 seconds left.\n|c|\u2606stonerdeathdoom|if you wanna see ur entire team build one\n|\n|t:|1782837357\n|move|p1a: Donphan|Rapid Spin|p2a: Quagsire\n|-damage|p2a: Quagsire|237/297\n|-boost|p1a: Donphan|spe|1\n|move|p2a: Quagsire|Toxic|p1a: Donphan\n|-status|p1a: Donphan|tox\n|\n|-weather|none\n|-heal|p2a: Quagsire|255/297|[from] item: Leftovers\n|-damage|p1a: Donphan|270/288 tox|[from] psn\n|upkeep\n|turn|6\n|\n|t:|1782837372\n|move|p1a: Donphan|Rapid Spin|p2a: Quagsire\n|-damage|p2a: Quagsire|213/297\n|-boost|p1a: Donphan|spe|1\n|move|p2a: Quagsire|Recover|p2a: Quagsire\n|-heal|p2a: Quagsire|297/297\n|\n|-heal|p1a: Donphan|288/288 tox|[from] item: Leftovers\n|-damage|p1a: Donphan|252/288 tox|[from] psn\n|upkeep\n|turn|7\n|c|\u2606stonerdeathdoom|ok\n|c|\u2606stonerdeathdoom|ur not serious\n|c|\u2606stonerdeathdoom|go touch a woman you foul troll\n|-message|stonerdeathdoom forfeited.\n|\n|win|Amooora\n|raw|stonerdeathdoom's rating: 1288 &rarr; <strong>1259</strong><br />(-29 for losing)\n|raw|Amooora's rating: 1238 &rarr; <strong>1267</strong><br />(+29 for winning)\n|l|\u2606stonerdeathdoom\n|player|p1|\n", "inputlog": ">version f8ac14003a5f27e1bdc8d8c59608a773c1cb96e5\n>start {\"formatid\":\"gen9randombattle\",\"seed\":\"sodium,e18e24c0fa7a54f2b49c7a1409fb80d3\",\"rated\":\"Rated battle\"}\n>player p1 {\"name\":\"stonerdeathdoom\",\"avatar\":\"will\",\"rating\":1288,\"seed\":\"sodium,f3216cb6308fa32bacec78d2c9fa3b47\"}\n>player p2 {\"name\":\"Amooora\",\"avatar\":\"bruno\",\"rating\":1238,\"seed\":\"sodium,72f010291b34d7f3325dafae0ecf41e8\"}\n>p1 switch 2\n>p2 move pyroball\n>p1 move earthquake\n>p2 move uturn\n>p2 switch 3\n>p1 move stoneedge\n>p2 move dracometeor\n>p1 switch 3\n>p1 move iceshard\n>p2 switch 6\n>chat \u2606stonerdeathdoom|do you play the game at all?\n>chat \u2606stonerdeathdoom|if you wanna see ur entire team build one\n>p1 move rapidspin\n>p2 move toxic\n>p1 move rapidspin\n>p2 move recover\n>chat \u2606stonerdeathdoom|ok\n>chat \u2606stonerdeathdoom|ur not serious\n>chat \u2606stonerdeathdoom|go touch a woman you foul troll\n>forcelose p1", "uploadtime": 1782837424, "views": 7, "formatid": "gen9randombattle", "rating": 1259, "private": 0, "password": null, "player_dets": [{"name": "stonerdeathdoom", "avatar": "will", "rating": 1288, "seed": "sodium,f3216cb6308fa32bacec78d2c9fa3b47"}, {"name": "Amooora", "avatar": "bruno", "rating": 1238, "seed": "sodium,72f010291b34d7f3325dafae0ecf41e8"}], "teams_full": [{"Sinistcha": {"name": "Sinistcha", "species": "Sinistcha-Masterpiece", "speciesId": "sinistcha", "gender": "N", "shiny": false, "level": 83, "moves": ["strengthsap", "matchagotcha", "calmmind", "shadowball"], "ability": "Heatproof", "evs": {"hp": 85, "atk": 0, "def": 85, "spa": 85, "spd": 85, "spe": 85}, "ivs": {"hp": 31, "atk": 0, "def": 31, "spa": 31, "spd": 31, "spe": 31}, "item": "Leftovers", "teraType": "Steel", "role": "Bulky Setup", "bvs": {"hp": 71, "atk": 60, "def": 106, "spa": 121, "spd": 80, "spe": 70}, "stats": {"hp": 254, "atk": 104, "def": 224, "spa": 249, "spd": 180, "spe": 164}, "types": ["Grass", "Ghost"]}, "Hippowdon": {"name": "Hippowdon", "species": "Hippowdon", "speciesId": "hippowdon", "gender": "M", "shiny": false, "level": 82, "moves": ["whirlwind", "stoneedge", "earthquake", "slackoff"], "ability": "Sand Stream", "evs": {"hp": 85, "atk": 85, "def": 85, "spa": 85, "spd": 85, "spe": 85}, "ivs": {"hp": 31, "atk": 31, "def": 31, "spa": 31, "spd": 31, "spe": 31}, "item": "Rocky Helmet", "teraType": "Steel", "role": "Bulky Support", "bvs": {"hp": 108, "atk": 112, "def": 118, "spa": 68, "spd": 72, "spe": 47}, "stats": {"hp": 311, "atk": 231, "def": 241, "spa": 159, "spd": 165, "spe": 124}, "types": ["Ground"]}, "Donphan": {"name": "Donphan", "species": "Donphan", "speciesId": "donphan", "gender": "F", "shiny": false, "level": 84, "moves": ["rapidspin", "stealthrock", "earthquake", "iceshard"], "ability": "Sturdy", "evs": {"hp": 85, "atk": 85, "def": 85, "spa": 85, "spd": 85, "spe": 85}, "ivs": {"hp": 31, "atk": 31, "def": 31, "spa": 31, "spd": 31, "spe": 31}, "item": "Leftovers", "teraType": "Water", "role": "Bulky Support", "bvs": {"hp": 90, "atk": 120, "def": 120, "spa": 60, "spd": 60, "spe": 50}, "stats": {"hp": 288, "atk": 250, "def": 250, "spa": 149, "spd": 149, "spe": 132}, "types": ["Ground"]}, "Feraligatr": {"name": "Feraligatr", "species": "Feraligatr", "speciesId": "feraligatr", "gender": "M", "shiny": false, "level": 79, "moves": ["icepunch", "dragondance", "trailblaze", "liquidation"], "ability": "Sheer Force", "evs": {"hp": 85, "atk": 85, "def": 85, "spa": 85, "spd": 85, "spe": 85}, "ivs": {"hp": 31, "atk": 31, "def": 31, "spa": 31, "spd": 31, "spe": 31}, "item": "Life Orb", "teraType": "Water", "role": "Setup Sweeper", "bvs": {"hp": 85, "atk": 105, "def": 100, "spa": 79, "spd": 83, "spe": 78}, "stats": {"hp": 264, "atk": 211, "def": 204, "spa": 170, "spd": 177, "spe": 169}, "types": ["Water"]}, "Ariados": {"name": "Ariados", "species": "Ariados", "speciesId": "ariados", "gender": "F", "shiny": false, "level": 95, "moves": ["megahorn", "knockoff", "poisonjab", "stickyweb"], "ability": "Insomnia", "evs": {"hp": 85, "atk": 85, "def": 85, "spa": 85, "spd": 85, "spe": 85}, "ivs": {"hp": 31, "atk": 31, "def": 31, "spa": 31, "spd": 31, "spe": 31}, "item": "Heavy-Duty Boots", "teraType": "Ghost", "role": "Fast Support", "bvs": {"hp": 70, "atk": 90, "def": 70, "spa": 60, "spd": 70, "spe": 40}, "stats": {"hp": 287, "atk": 225, "def": 187, "spa": 168, "spd": 187, "spe": 130}, "types": ["Bug", "Poison"]}, "Slaking": {"name": "Slaking", "species": "Slaking", "speciesId": "slaking", "gender": "M", "shiny": false, "level": 84, "moves": ["knockoff", "doubleedge", "gigaimpact", "earthquake"], "ability": "Truant", "evs": {"hp": 85, "atk": 85, "def": 85, "spa": 85, "spd": 85, "spe": 85}, "ivs": {"hp": 31, "atk": 31, "def": 31, "spa": 31, "spd": 31, "spe": 31}, "item": "Choice Scarf", "teraType": "Normal", "role": "Fast Attacker", "bvs": {"hp": 150, "atk": 160, "def": 100, "spa": 95, "spd": 65, "spe": 100}, "stats": {"hp": 389, "atk": 317, "def": 216, "spa": 208, "spd": 157, "spe": 216}, "types": ["Normal"]}}, {"Cinderace": {"name": "Cinderace", "species": "Cinderace", "speciesId": "cinderace", "gender": "F", "shiny": false, "level": 77, "moves": ["courtchange", "uturn", "willowisp", "pyroball"], "ability": "Libero", "evs": {"hp": 85, "atk": 85, "def": 85, "spa": 85, "spd": 85, "spe": 85}, "ivs": {"hp": 31, "atk": 31, "def": 31, "spa": 31, "spd": 31, "spe": 31}, "item": "Heavy-Duty Boots", "teraType": "Grass", "role": "Fast Support", "bvs": {"hp": 80, "atk": 116, "def": 75, "spa": 65, "spd": 75, "spe": 119}, "stats": {"hp": 250, "atk": 223, "def": 160, "spa": 145, "spd": 160, "spe": 228}, "types": ["Fire"]}, "Arceus": {"name": "Arceus", "species": "Arceus-Flying", "speciesId": "arceusflying", "gender": "N", "shiny": false, "level": 69, "moves": ["calmmind", "earthpower", "judgment", "recover"], "ability": "Multitype", "evs": {"hp": 81, "atk": 0, "def": 85, "spa": 85, "spd": 85, "spe": 85}, "ivs": {"hp": 31, "atk": 0, "def": 31, "spa": 31, "spd": 31, "spe": 31}, "item": "Sky Plate", "teraType": "Steel", "role": "Bulky Setup", "bvs": {"hp": 120, "atk": 120, "def": 120, "spa": 120, "spd": 120, "spe": 120}, "stats": {"hp": 279, "atk": 170, "def": 206, "spa": 206, "spd": 206, "spe": 206}, "types": ["Flying"]}, "Hydreigon": {"name": "Hydreigon", "species": "Hydreigon", "speciesId": "hydreigon", "gender": "M", "shiny": false, "level": 79, "moves": ["darkpulse", "fireblast", "dracometeor", "nastyplot"], "ability": "Levitate", "evs": {"hp": 85, "atk": 0, "def": 85, "spa": 85, "spd": 85, "spe": 85}, "ivs": {"hp": 31, "atk": 0, "def": 31, "spa": 31, "spd": 31, "spe": 31}, "item": "Life Orb", "teraType": "Dark", "role": "Fast Attacker", "bvs": {"hp": 92, "atk": 105, "def": 90, "spa": 125, "spd": 90, "spe": 98}, "stats": {"hp": 275, "atk": 170, "def": 188, "spa": 243, "spd": 188, "spe": 200}, "types": ["Dark", "Dragon"]}, "Sudowoodo": {"name": "Sudowoodo", "species": "Sudowoodo", "speciesId": "sudowoodo", "gender": "M", "shiny": false, "level": 94, "moves": ["earthquake", "headsmash", "woodhammer", "stealthrock"], "ability": "Rock Head", "evs": {"hp": 85, "atk": 85, "def": 85, "spa": 85, "spd": 85, "spe": 85}, "ivs": {"hp": 31, "atk": 31, "def": 31, "spa": 31, "spd": 31, "spe": 31}, "item": "Leftovers", "teraType": "Rock", "role": "Bulky Attacker", "bvs": {"hp": 70, "atk": 100, "def": 115, "spa": 30, "spd": 65, "spe": 30}, "stats": {"hp": 284, "atk": 241, "def": 270, "spa": 110, "spd": 176, "spe": 110}, "types": ["Rock"]}, "Hawlucha": {"name": "Hawlucha", "species": "Hawlucha", "speciesId": "hawlucha", "gender": "M", "shiny": false, "level": 80, "moves": ["closecombat", "swordsdance", "throatchop", "bravebird"], "ability": "Unburden", "evs": {"hp": 85, "atk": 85, "def": 85, "spa": 85, "spd": 85, "spe": 85}, "ivs": {"hp": 31, "atk": 31, "def": 31, "spa": 31, "spd": 31, "spe": 31}, "item": "White Herb", "teraType": "Fighting", "role": "Setup Sweeper", "bvs": {"hp": 78, "atk": 92, "def": 75, "spa": 74, "spd": 63, "spe": 118}, "stats": {"hp": 256, "atk": 193, "def": 166, "spa": 165, "spd": 147, "spe": 235}, "types": ["Fighting", "Flying"]}, "Quagsire": {"name": "Quagsire", "species": "Quagsire", "speciesId": "quagsire", "gender": "F", "shiny": false, "level": 84, "moves": ["recover", "earthquake", "toxic", "spikes"], "ability": "Unaware", "evs": {"hp": 85, "atk": 85, "def": 85, "spa": 85, "spd": 85, "spe": 85}, "ivs": {"hp": 31, "atk": 31, "def": 31, "spa": 31, "spd": 31, "spe": 31}, "item": "Leftovers", "teraType": "Steel", "role": "Bulky Support", "bvs": {"hp": 95, "atk": 85, "def": 85, "spa": 65, "spd": 65, "spe": 35}, "stats": {"hp": 297, "atk": 191, "def": 191, "spa": 157, "spd": 157, "spe": 107}, "types": ["Water", "Ground"]}}]}