{"id": "gen9randombattle-2642115992", "format": "[Gen 9] Random Battle", "players": ["forcemajor14", "RC-DA"], "log": "|j|\u2606forcemajor14\n|j|\u2606RC-DA\n|t:|1782893390\n|gametype|singles\n|player|p1|forcemajor14|266|2140\n|player|p2|RC-DA|wallace|2054\n|gen|9\n|tier|[Gen 9] Random Battle\n|rated|\n|rule|Species Clause: Limit one of each Pok\u00e9mon\n|rule|HP Percentage Mod: HP is shown in percentages\n|rule|Sleep Clause Mod: Limit one foe put to sleep\n|rule|Illusion Level Mod: Illusion disguises the Pok\u00e9mon's true level\n|\n|t:|1782893390\n|teamsize|p1|6\n|teamsize|p2|6\n|start\n|switch|p1a: Decidueye|Decidueye-Hisui, L87, M|295/295\n|switch|p2a: Alomomola|Alomomola, L87, F|429/429\n|turn|1\n|inactive|Battle timer is ON: inactive players will automatically lose when time's up. (requested by forcemajor14)\n|l|\u2606forcemajor14\n|inactive|forcemajor14 disconnected and has a minute to reconnect!\n|player|p1|\n|j|\u2606forcemajor14\n|inactive|forcemajor14 reconnected.\n|player|p1|forcemajor14|266|\n|inactive|RC-DA has 120 seconds left.\n|\n|t:|1782893431\n|switch|p2a: Ampharos|Ampharos, L88, M|302/302\n|move|p1a: Decidueye|Triple Arrows|p2a: Ampharos\n|-damage|p2a: Ampharos|194/302\n|\n|upkeep\n|turn|2\n|\n|t:|1782893433\n|move|p1a: Decidueye|Triple Arrows|p2a: Ampharos\n|-damage|p2a: Ampharos|86/302\n|cant|p2a: Ampharos|flinch\n|\n|upkeep\n|turn|3\n|\n|t:|1782893437\n|switch|p2a: Azelf|Azelf, L82|257/257\n|move|p1a: Decidueye|Triple Arrows|p2a: Azelf\n|-resisted|p2a: Azelf\n|-damage|p2a: Azelf|193/257\n|-unboost|p2a: Azelf|def|1\n|\n|upkeep\n|turn|4\n|\n|t:|1782893441\n|switch|p1a: Slowking|Slowking-Galar, L85, M|300/300\n|move|p2a: Azelf|U-turn|p1a: Slowking\n|-damage|p1a: Slowking|235/300\n|\n|t:|1782893449\n|switch|p2a: Oranguru|Oranguru, L92, M|315/315|[from] U-turn\n|\n|upkeep\n|turn|5\n|\n|t:|1782893451\n|move|p2a: Oranguru|Psyshock|p1a: Slowking\n|-damage|p1a: Slowking|72/300\n|move|p1a: Slowking|Sludge Bomb|p2a: Oranguru\n|-damage|p2a: Oranguru|237/315\n|\n|upkeep\n|turn|6\n|\n|t:|1782893462\n|switch|p1a: Ogerpon|Ogerpon, L80, F|259/259\n|move|p2a: Oranguru|Psyshock|p1a: Ogerpon\n|-damage|p1a: Ogerpon|97/259\n|\n|upkeep\n|turn|7\n|\n|t:|1782893464\n|move|p1a: Ogerpon|Knock Off|p2a: Oranguru\n|-supereffective|p2a: Oranguru\n|-damage|p2a: Oranguru|39/315\n|-enditem|p2a: Oranguru|Choice Specs|[from] move: Knock Off|[of] p1a: Ogerpon\n|-damage|p1a: Ogerpon|72/259|[from] item: Life Orb\n|move|p2a: Oranguru|Psyshock|p1a: Ogerpon\n|-damage|p1a: Ogerpon|0 fnt\n|faint|p1a: Ogerpon\n|\n|upkeep\n|\n|t:|1782893466\n|switch|p1a: Slowking|Slowking-Galar, L85, M|172/300\n|turn|8\n|\n|t:|1782893474\n|switch|p1a: Heatran|Heatran, L79, F|273/273\n|-item|p1a: Heatran|Air Balloon\n|move|p2a: Oranguru|Psyshock|p1a: Heatran\n|-resisted|p1a: Heatran\n|-damage|p1a: Heatran|230/273\n|-enditem|p1a: Heatran|Air Balloon\n|\n|upkeep\n|turn|9\n|\n|t:|1782893479\n|move|p1a: Heatran|Stealth Rock|p2a: Oranguru\n|-sidestart|p2: RC-DA|move: Stealth Rock\n|move|p2a: Oranguru|Thunderbolt|p1a: Heatran\n|-damage|p1a: Heatran|161/273\n|\n|upkeep\n|turn|10\n|\n|t:|1782893486\n|move|p1a: Heatran|Heavy Slam|p2a: Oranguru\n|-damage|p2a: Oranguru|0 fnt\n|faint|p2a: Oranguru\n|\n|upkeep\n|\n|t:|1782893492\n|switch|p2a: Alomomola|Alomomola, L87, F|429/429\n|turn|11\n|\n|t:|1782893496\n|switch|p1a: Lumineon|Lumineon, L93, F|279/279\n|move|p2a: Alomomola|Flip Turn|p1a: Lumineon\n|-ability|p1a: Lumineon|Storm Drain|boost\n|-boost|p1a: Lumineon|spa|1\n|\n|upkeep\n|turn|12\n|\n|t:|1782893504\n|switch|p2a: Ampharos|Ampharos, L88, M|86/302\n|-damage|p2a: Ampharos|49/302|[from] Stealth Rock\n|move|p1a: Lumineon|Hydro Pump|p2a: Ampharos\n|-damage|p2a: Ampharos|0 fnt\n|faint|p2a: Ampharos\n|\n|upkeep\n|\n|t:|1782893507\n|switch|p2a: Azelf|Azelf, L82|193/257\n|-damage|p2a: Azelf|161/257|[from] Stealth Rock\n|turn|13\n|\n|t:|1782893511\n|move|p2a: Azelf|Psyshock|p1a: Lumineon\n|-crit|p1a: Lumineon\n|-damage|p1a: Lumineon|54/279\n|move|p1a: Lumineon|Hydro Pump|p2a: Azelf\n|-damage|p2a: Azelf|0 fnt\n|faint|p2a: Azelf\n|\n|upkeep\n|\n|t:|1782893520\n|switch|p2a: Duraludon|Duraludon, L82, M|249/249\n|-damage|p2a: Duraludon|234/249|[from] Stealth Rock\n|turn|14\n|\n|t:|1782893523\n|switch|p1a: Slowking|Slowking-Galar, L85, M|272/300\n|move|p2a: Duraludon|Body Press|p1a: Slowking\n|-resisted|p1a: Slowking\n|-damage|p1a: Slowking|256/300\n|\n|upkeep\n|turn|15\n|\n|t:|1782893525\n|move|p2a: Duraludon|Flash Cannon|p1a: Slowking\n|-damage|p1a: Slowking|201/300\n|move|p1a: Slowking|Fire Blast|p2a: Duraludon|[miss]\n|-miss|p1a: Slowking|p2a: Duraludon\n|\n|upkeep\n|turn|16\n|\n|t:|1782893530\n|move|p2a: Duraludon|Flash Cannon|p1a: Slowking\n|-damage|p1a: Slowking|146/300\n|move|p1a: Slowking|Fire Blast|p2a: Duraludon\n|-damage|p2a: Duraludon|144/249\n|\n|upkeep\n|turn|17\n|\n|t:|1782893532\n|switch|p1a: Decidueye|Decidueye-Hisui, L87, M|295/295\n|move|p2a: Duraludon|Flash Cannon|p1a: Decidueye\n|-damage|p1a: Decidueye|210/295\n|\n|-heal|p1a: Decidueye|228/295|[from] item: Leftovers\n|upkeep\n|turn|18\n|\n|t:|1782893537\n|move|p2a: Duraludon|Draco Meteor|p1a: Decidueye\n|-damage|p1a: Decidueye|81/295\n|-unboost|p2a: Duraludon|spa|2\n|move|p1a: Decidueye|Triple Arrows|p2a: Duraludon\n|-supereffective|p2a: Duraludon\n|-damage|p2a: Duraludon|16/249\n|\n|-heal|p1a: Decidueye|99/295|[from] item: Leftovers\n|upkeep\n|turn|19\n|\n|t:|1782893541\n|move|p2a: Duraludon|Body Press|p1a: Decidueye\n|-damage|p1a: Decidueye|39/295\n|move|p1a: Decidueye|Roost|p1a: Decidueye\n|-heal|p1a: Decidueye|187/295\n|-singleturn|p1a: Decidueye|move: Roost\n|\n|-heal|p1a: Decidueye|205/295|[from] item: Leftovers\n|upkeep\n|turn|20\n|\n|t:|1782893550\n|move|p1a: Decidueye|Roost|p1a: Decidueye\n|-heal|p1a: Decidueye|295/295\n|-singleturn|p1a: Decidueye|move: Roost\n|move|p2a: Duraludon|Dragon Tail|p1a: Decidueye\n|-damage|p1a: Decidueye|229/295\n|drag|p1a: Gyarados|Gyarados, L79, M|280/280\n|-ability|p1a: Gyarados|Intimidate|boost\n|-unboost|p2a: Duraludon|atk|1\n|\n|upkeep\n|turn|21\n|\n|t:|1782893554\n|switch|p1a: Slowking|Slowking-Galar, L85, M|246/300\n|move|p2a: Duraludon|Dragon Tail|p1a: Slowking\n|-damage|p1a: Slowking|206/300\n|drag|p1a: Heatran|Heatran, L79, F|161/273\n|\n|upkeep\n|turn|22\n|\n|t:|1782893558\n|switch|p1a: Decidueye|Decidueye-Hisui, L87, M|229/295\n|move|p2a: Duraludon|Body Press|p1a: Decidueye\n|-damage|p1a: Decidueye|166/295\n|\n|-heal|p1a: Decidueye|184/295|[from] item: Leftovers\n|upkeep\n|turn|23\n|\n|t:|1782893561\n|move|p1a: Decidueye|Roost|p1a: Decidueye\n|-heal|p1a: Decidueye|295/295\n|-singleturn|p1a: Decidueye|move: Roost\n|move|p2a: Duraludon|Dragon Tail|p1a: Decidueye\n|-damage|p1a: Decidueye|252/295\n|drag|p1a: Slowking|Slowking-Galar, L85, M|300/300\n|\n|upkeep\n|turn|24\n|-message|RC-DA forfeited.\n|\n|win|forcemajor14\n|raw|forcemajor14's rating: 2128 &rarr; <strong>2143</strong><br />(+15 for winning)\n|raw|RC-DA's rating: 2043 &rarr; <strong>2028</strong><br />(-15 for losing)\n|l|\u2606RC-DA\n|player|p2|\n", "inputlog": ">version f8ac14003a5f27e1bdc8d8c59608a773c1cb96e5\n>start {\"formatid\":\"gen9randombattle\",\"seed\":\"sodium,5e72557640ed438042daedbc34c4b0a2\",\"rated\":\"Rated battle\"}\n>player p1 {\"name\":\"forcemajor14\",\"avatar\":\"266\",\"rating\":2140,\"seed\":\"sodium,2c02f1b264de0d2576183acaf494eb40\"}\n>player p2 {\"name\":\"RC-DA\",\"avatar\":\"wallace\",\"rating\":2054,\"seed\":\"sodium,066292d0825fdd508ab93419b1c6a703\"}\n>p1 move triplearrows\n>p2 switch 4\n>p1 move triplearrows\n>p2 move voltswitch\n>p1 move triplearrows\n>p2 switch 3\n>p1 switch 6\n>p2 move uturn\n>p2 switch 2\n>p1 move sludgebomb\n>p2 move psyshock\n>p1 switch 4\n>p2 move psyshock\n>p1 move knockoff\n>p2 move psyshock\n>p1 switch 4\n>p1 switch 5\n>p2 move psyshock\n>p1 move stealthrock\n>p2 move thunderbolt\n>p1 move heavyslam\n>p2 move thunderbolt\n>p2 switch 4\n>p1 switch 3\n>p2 move flipturn\n>p1 move hydropump\n>p2 switch 3\n>p2 switch 2\n>p1 move hydropump\n>p2 move psyshock\n>p2 switch 6\n>p1 switch 5\n>p2 move bodypress\n>p1 move fireblast\n>p2 move flashcannon\n>p1 move fireblast\n>p2 move flashcannon\n>p1 switch 6\n>p2 move flashcannon\n>p1 move triplearrows\n>p2 move dracometeor\n>p1 move roost\n>p2 move bodypress\n>p1 move roost\n>p2 move dragontail\n>p1 switch 6\n>p2 move dragontail\n>p1 switch 2\n>p2 move bodypress\n>p1 move roost\n>p2 move dragontail\n>forcelose p2", "uploadtime": 1782893566, "views": 2, "formatid": "gen9randombattle", "rating": 2028, "private": 0, "password": null, "player_dets": [{"name": "forcemajor14", "avatar": "266", "rating": 2140, "seed": "sodium,2c02f1b264de0d2576183acaf494eb40"}, {"name": "RC-DA", "avatar": "wallace", "rating": 2054, "seed": "sodium,066292d0825fdd508ab93419b1c6a703"}], "teams_full": [{"Decidueye": {"name": "Decidueye", "species": "Decidueye-Hisui", "speciesId": "decidueyehisui", "gender": "M", "shiny": false, "level": 87, "moves": ["triplearrows", "suckerpunch", "roost", "leafblade"], "ability": "Scrappy", "evs": {"hp": 85, "atk": 85, "def": 85, "spa": 85, "spd": 85, "spe": 85}, "ivs": {"hp": 31, "atk": 31, "def": 31, "spa": 31, "spd": 31, "spe": 31}, "item": "Leftovers", "teraType": "Water", "role": "Bulky Attacker", "bvs": {"hp": 88, "atk": 112, "def": 80, "spa": 95, "spd": 95, "spe": 60}, "stats": {"hp": 295, "atk": 245, "def": 189, "spa": 215, "spd": 215, "spe": 154}, "types": ["Grass", "Fighting"]}, "Gyarados": {"name": "Gyarados", "species": "Gyarados", "speciesId": "gyarados", "gender": "M", "shiny": false, "level": 79, "moves": ["temperflare", "earthquake", "dragondance", "waterfall"], "ability": "Intimidate", "evs": {"hp": 85, "atk": 85, "def": 85, "spa": 85, "spd": 85, "spe": 85}, "ivs": {"hp": 31, "atk": 31, "def": 31, "spa": 31, "spd": 31, "spe": 31}, "item": "Heavy-Duty Boots", "teraType": "Ground", "role": "Setup Sweeper", "bvs": {"hp": 95, "atk": 125, "def": 79, "spa": 60, "spd": 100, "spe": 81}, "stats": {"hp": 280, "atk": 243, "def": 170, "spa": 140, "spd": 204, "spe": 174}, "types": ["Water", "Flying"]}, "Lumineon": {"name": "Lumineon", "species": "Lumineon", "speciesId": "lumineon", "gender": "F", "shiny": false, "level": 93, "moves": ["uturn", "encore", "icebeam", "hydropump"], "ability": "Storm Drain", "evs": {"hp": 85, "atk": 85, "def": 85, "spa": 85, "spd": 85, "spe": 85}, "ivs": {"hp": 31, "atk": 31, "def": 31, "spa": 31, "spd": 31, "spe": 31}, "item": "Heavy-Duty Boots", "teraType": "Ground", "role": "Fast Support", "bvs": {"hp": 69, "atk": 69, "def": 76, "spa": 69, "spd": 86, "spe": 91}, "stats": {"hp": 279, "atk": 181, "def": 194, "spa": 181, "spd": 213, "spe": 222}, "types": ["Water"]}, "Ogerpon": {"name": "Ogerpon", "species": "Ogerpon", "speciesId": "ogerpon", "gender": "F", "shiny": false, "level": 80, "moves": ["superpower", "knockoff", "ivycudgel", "swordsdance"], "ability": "Defiant", "evs": {"hp": 85, "atk": 85, "def": 85, "spa": 85, "spd": 85, "spe": 85}, "ivs": {"hp": 31, "atk": 31, "def": 31, "spa": 31, "spd": 31, "spe": 31}, "item": "Life Orb", "teraType": "Grass", "role": "Setup Sweeper", "bvs": {"hp": 80, "atk": 120, "def": 84, "spa": 60, "spd": 96, "spe": 110}, "stats": {"hp": 259, "atk": 238, "def": 181, "spa": 142, "spd": 200, "spe": 222}, "types": ["Grass"]}, "Heatran": {"name": "Heatran", "species": "Heatran", "speciesId": "heatran", "gender": "F", "shiny": false, "level": 79, "moves": ["earthpower", "stealthrock", "magmastorm", "heavyslam"], "ability": "Flash Fire", "evs": {"hp": 85, "atk": 85, "def": 85, "spa": 85, "spd": 85, "spe": 85}, "ivs": {"hp": 31, "atk": 31, "def": 31, "spa": 31, "spd": 31, "spe": 31}, "item": "Air Balloon", "teraType": "Flying", "role": "Bulky Support", "bvs": {"hp": 91, "atk": 90, "def": 106, "spa": 130, "spd": 106, "spe": 77}, "stats": {"hp": 273, "atk": 188, "def": 213, "spa": 251, "spd": 213, "spe": 167}, "types": ["Fire", "Steel"]}, "Slowking": {"name": "Slowking", "species": "Slowking-Galar", "speciesId": "slowkinggalar", "gender": "M", "shiny": false, "level": 85, "moves": ["psychicnoise", "futuresight", "fireblast", "sludgebomb"], "ability": "Regenerator", "evs": {"hp": 85, "atk": 0, "def": 85, "spa": 85, "spd": 85, "spe": 85}, "ivs": {"hp": 31, "atk": 0, "def": 31, "spa": 31, "spd": 31, "spe": 31}, "item": "Assault Vest", "teraType": "Dark", "role": "AV Pivot", "bvs": {"hp": 95, "atk": 65, "def": 80, "spa": 110, "spd": 110, "spe": 30}, "stats": {"hp": 300, "atk": 115, "def": 185, "spa": 236, "spd": 236, "spe": 100}, "types": ["Poison", "Psychic"]}}, {"Alomomola": {"name": "Alomomola", "species": "Alomomola", "speciesId": "alomomola", "gender": "F", "shiny": false, "level": 87, "moves": ["protect", "scald", "flipturn", "wish"], "ability": "Regenerator", "evs": {"hp": 85, "atk": 85, "def": 85, "spa": 85, "spd": 85, "spe": 85}, "ivs": {"hp": 31, "atk": 31, "def": 31, "spa": 31, "spd": 31, "spe": 31}, "item": "Heavy-Duty Boots", "teraType": "Steel", "role": "Fast Support", "bvs": {"hp": 165, "atk": 75, "def": 80, "spa": 40, "spd": 45, "spe": 65}, "stats": {"hp": 429, "atk": 180, "def": 189, "spa": 119, "spd": 128, "spe": 163}, "types": ["Water"]}, "Oranguru": {"name": "Oranguru", "species": "Oranguru", "speciesId": "oranguru", "gender": "M", "shiny": false, "level": 92, "moves": ["psyshock", "hypervoice", "trick", "thunderbolt"], "ability": "Inner Focus", "evs": {"hp": 85, "atk": 0, "def": 85, "spa": 85, "spd": 85, "spe": 85}, "ivs": {"hp": 31, "atk": 0, "def": 31, "spa": 31, "spd": 31, "spe": 31}, "item": "Choice Specs", "teraType": "Normal", "role": "Wallbreaker", "bvs": {"hp": 90, "atk": 60, "def": 80, "spa": 90, "spd": 110, "spe": 60}, "stats": {"hp": 315, "atk": 115, "def": 200, "spa": 218, "spd": 255, "spe": 163}, "types": ["Normal", "Psychic"]}, "Azelf": {"name": "Azelf", "species": "Azelf", "speciesId": "azelf", "gender": "N", "shiny": false, "level": 82, "moves": ["fireblast", "psyshock", "uturn", "dazzlinggleam"], "ability": "Levitate", "evs": {"hp": 85, "atk": 85, "def": 85, "spa": 85, "spd": 85, "spe": 85}, "ivs": {"hp": 31, "atk": 31, "def": 31, "spa": 31, "spd": 31, "spe": 31}, "item": "Choice Specs", "teraType": "Fire", "role": "Fast Attacker", "bvs": {"hp": 75, "atk": 125, "def": 70, "spa": 125, "spd": 70, "spe": 115}, "stats": {"hp": 257, "atk": 252, "def": 162, "spa": 252, "spd": 162, "spe": 236}, "types": ["Psychic"]}, "Ampharos": {"name": "Ampharos", "species": "Ampharos", "speciesId": "ampharos", "gender": "M", "shiny": false, "level": 88, "moves": ["focusblast", "thunderbolt", "voltswitch", "dazzlinggleam"], "ability": "Static", "evs": {"hp": 85, "atk": 0, "def": 85, "spa": 85, "spd": 85, "spe": 85}, "ivs": {"hp": 31, "atk": 0, "def": 31, "spa": 31, "spd": 31, "spe": 31}, "item": "Choice Specs", "teraType": "Fairy", "role": "Wallbreaker", "bvs": {"hp": 90, "atk": 75, "def": 85, "spa": 115, "spd": 90, "spe": 55}, "stats": {"hp": 302, "atk": 137, "def": 200, "spa": 253, "spd": 209, "spe": 147}, "types": ["Electric"]}, "Palkia": {"name": "Palkia", "species": "Palkia-Origin", "speciesId": "palkiaorigin", "gender": "N", "shiny": false, "level": 72, "moves": ["dracometeor", "fireblast", "thunderwave", "hydropump"], "ability": "Pressure", "evs": {"hp": 85, "atk": 0, "def": 85, "spa": 85, "spd": 85, "spe": 85}, "ivs": {"hp": 31, "atk": 0, "def": 31, "spa": 31, "spd": 31, "spe": 31}, "item": "Lustrous Globe", "teraType": "Water", "role": "Bulky Attacker", "bvs": {"hp": 90, "atk": 100, "def": 100, "spa": 150, "spd": 120, "spe": 120}, "stats": {"hp": 249, "atk": 149, "def": 186, "spa": 258, "spd": 215, "spe": 215}, "types": ["Water", "Dragon"]}, "Duraludon": {"name": "Duraludon", "species": "Duraludon", "speciesId": "duraludon", "gender": "M", "shiny": false, "level": 82, "moves": ["bodypress", "dracometeor", "flashcannon", "dragontail"], "ability": "Light Metal", "evs": {"hp": 85, "atk": 85, "def": 85, "spa": 85, "spd": 85, "spe": 85}, "ivs": {"hp": 31, "atk": 31, "def": 31, "spa": 31, "spd": 31, "spe": 31}, "item": "Eviolite", "teraType": "Fighting", "role": "Bulky Attacker", "bvs": {"hp": 70, "atk": 95, "def": 115, "spa": 120, "spd": 50, "spe": 85}, "stats": {"hp": 249, "atk": 203, "def": 236, "spa": 244, "spd": 129, "spe": 187}, "types": ["Steel", "Dragon"]}}]}