{"id": "gen9randombattle-2642104660", "format": "[Gen 9] Random Battle", "players": ["jordanbruno.mkr", "jnpr010334"], "log": "|j|\u2606jordanbruno.mkr\n|j|\u2606jnpr010334\n|t:|1782890900\n|gametype|singles\n|player|p1|jordanbruno.mkr|1|1869\n|player|p2|jnpr010334|265|1831\n|gen|9\n|tier|[Gen 9] Random Battle\n|rated|\n|rule|Species Clause: Limit one of each Pok\u00e9mon\n|rule|HP Percentage Mod: HP is shown in percentages\n|rule|Sleep Clause Mod: Limit one foe put to sleep\n|rule|Illusion Level Mod: Illusion disguises the Pok\u00e9mon's true level\n|\n|t:|1782890900\n|teamsize|p1|6\n|teamsize|p2|6\n|start\n|switch|p1a: Komala|Komala, L88, F|258/258\n|switch|p2a: Rotom|Rotom, L88|231/231\n|-ability|p1a: Komala|Comatose\n|turn|1\n|inactive|Battle timer is ON: inactive players will automatically lose when time's up. (requested by jnpr010334)\n|\n|t:|1782890910\n|move|p2a: Rotom|Volt Switch|p1a: Komala\n|-damage|p1a: Komala|207/258\n|\n|t:|1782890912\n|switch|p2a: Donphan|Donphan, L84, M|288/288|[from] Volt Switch\n|move|p1a: Komala|Knock Off|p2a: Donphan\n|-damage|p2a: Donphan|217/288\n|-enditem|p2a: Donphan|Assault Vest|[from] move: Knock Off|[of] p1a: Komala\n|\n|upkeep\n|turn|2\n|\n|t:|1782890932\n|switch|p1a: Uxie|Uxie, L83|260/260\n|move|p2a: Donphan|Knock Off|p1a: Uxie\n|-supereffective|p1a: Uxie\n|-damage|p1a: Uxie|142/260\n|-enditem|p1a: Uxie|Leftovers|[from] move: Knock Off|[of] p2a: Donphan\n|\n|upkeep\n|turn|3\n|\n|t:|1782890941\n|switch|p2a: Mesprit|Mesprit, L85|275/275\n|move|p1a: Uxie|Psychic Noise|p2a: Mesprit\n|-resisted|p2a: Mesprit\n|-damage|p2a: Mesprit|248/275\n|-start|p2a: Mesprit|move: Heal Block\n|\n|upkeep\n|turn|4\n|\n|t:|1782890949\n|move|p1a: Uxie|Knock Off|p2a: Mesprit\n|-supereffective|p2a: Mesprit\n|-damage|p2a: Mesprit|144/275\n|-enditem|p2a: Mesprit|Leftovers|[from] move: Knock Off|[of] p1a: Uxie\n|move|p2a: Mesprit|Stealth Rock|p1a: Uxie\n|-sidestart|p1: jordanbruno.mkr|move: Stealth Rock\n|\n|-end|p2a: Mesprit|move: Heal Block\n|upkeep\n|turn|5\n|\n|t:|1782890959\n|move|p1a: Uxie|Encore|p2a: Mesprit\n|-start|p2a: Mesprit|Encore\n|move|p2a: Mesprit|Stealth Rock||[still]\n|-fail|p2a: Mesprit\n|\n|upkeep\n|turn|6\n|\n|t:|1782890965\n|switch|p2a: Hypno|Hypno, L95, M|315/315\n|move|p1a: Uxie|Psychic Noise|p2a: Hypno\n|-resisted|p2a: Hypno\n|-damage|p2a: Hypno|290/315\n|-start|p2a: Hypno|move: Heal Block\n|\n|upkeep\n|turn|7\n|\n|t:|1782890974\n|move|p1a: Uxie|Knock Off|p2a: Hypno\n|-supereffective|p2a: Hypno\n|-damage|p2a: Hypno|172/315\n|-enditem|p2a: Hypno|Leftovers|[from] move: Knock Off|[of] p1a: Uxie\n|move|p2a: Hypno|Toxic|p1a: Uxie\n|-status|p1a: Uxie|tox\n|\n|-damage|p1a: Uxie|126/260 tox|[from] psn\n|-end|p2a: Hypno|move: Heal Block\n|upkeep\n|turn|8\n|\n|t:|1782890984\n|move|p2a: Hypno|Protect|p2a: Hypno\n|-singleturn|p2a: Hypno|Protect\n|move|p1a: Uxie|Knock Off|p2a: Hypno\n|-activate|p2a: Hypno|move: Protect\n|\n|-damage|p1a: Uxie|94/260 tox|[from] psn\n|upkeep\n|turn|9\n|\n|t:|1782890992\n|switch|p2a: Mesprit|Mesprit, L85|144/275\n|move|p1a: Uxie|Psychic Noise|p2a: Mesprit\n|-resisted|p2a: Mesprit\n|-damage|p2a: Mesprit|117/275\n|-start|p2a: Mesprit|move: Heal Block\n|\n|-damage|p1a: Uxie|46/260 tox|[from] psn\n|upkeep\n|turn|10\n|\n|t:|1782891001\n|move|p1a: Uxie|Knock Off|p2a: Mesprit\n|-supereffective|p2a: Mesprit\n|-damage|p2a: Mesprit|51/275\n|move|p2a: Mesprit|U-turn|p1a: Uxie\n|-supereffective|p1a: Uxie\n|-damage|p1a: Uxie|0 fnt\n|faint|p1a: Uxie\n|\n|t:|1782891005\n|switch|p2a: Reshiram|Reshiram, L76|277/277|[from] U-turn\n|-ability|p2a: Reshiram|Turboblaze\n|\n|upkeep\n|\n|t:|1782891027\n|switch|p1a: Whiscash|Whiscash, L88, M|337/337\n|-damage|p1a: Whiscash|316/337|[from] Stealth Rock\n|turn|11\n|\n|t:|1782891032\n|switch|p2a: Ogerpon|Ogerpon-Hearthflame, L74, F|239/239\n|-ability|p2a: Ogerpon|Mold Breaker\n|move|p1a: Whiscash|Dragon Dance|p1a: Whiscash\n|-boost|p1a: Whiscash|atk|1\n|-boost|p1a: Whiscash|spe|1\n|\n|upkeep\n|turn|12\n|\n|t:|1782891049\n|-terastallize|p2a: Ogerpon|Fire\n|detailschange|p2a: Ogerpon|Ogerpon-Hearthflame-Tera, L74, F, tera:Fire\n|-ability|p2a: Ogerpon|Embody Aspect (Hearthflame)|boost\n|-boost|p2a: Ogerpon|atk|1\n|move|p1a: Whiscash|Stone Edge|p2a: Ogerpon\n|-supereffective|p2a: Ogerpon\n|-crit|p2a: Ogerpon\n|-damage|p2a: Ogerpon|0 fnt\n|faint|p2a: Ogerpon\n|detailschange|p2: Ogerpon|Ogerpon-Hearthflame, L74, F|[silent]\n|-damage|p1a: Whiscash|283/337|[from] item: Life Orb\n|\n|upkeep\n|\n|t:|1782891051\n|switch|p2a: Rotom|Rotom, L88|231/231\n|turn|13\n|\n|t:|1782891063\n|move|p2a: Rotom|Shadow Ball|p1a: Whiscash\n|-damage|p1a: Whiscash|180/337\n|move|p1a: Whiscash|Liquidation|p2a: Rotom\n|-damage|p2a: Rotom|67/231\n|-unboost|p2a: Rotom|def|1\n|-damage|p1a: Whiscash|147/337|[from] item: Life Orb\n|\n|upkeep\n|turn|14\n|\n|t:|1782891072\n|move|p2a: Rotom|Shadow Ball|p1a: Whiscash\n|-damage|p1a: Whiscash|45/337\n|move|p1a: Whiscash|Liquidation|p2a: Rotom\n|-damage|p2a: Rotom|0 fnt\n|faint|p2a: Rotom\n|-damage|p1a: Whiscash|12/337|[from] item: Life Orb\n|\n|upkeep\n|\n|t:|1782891073\n|switch|p2a: Mesprit|Mesprit, L85|51/275\n|turn|15\n|\n|t:|1782891082\n|switch|p2a: Hypno|Hypno, L95, M|172/315\n|move|p1a: Whiscash|Liquidation|p2a: Hypno\n|-damage|p2a: Hypno|0 fnt\n|faint|p2a: Hypno\n|-damage|p1a: Whiscash|0 fnt|[from] item: Life Orb\n|faint|p1a: Whiscash\n|\n|upkeep\n|\n|t:|1782891093\n|switch|p2a: Reshiram|Reshiram, L76|277/277\n|switch|p1a: Inteleon|Inteleon, L81, M|246/246\n|-damage|p1a: Inteleon|216/246|[from] Stealth Rock\n|-ability|p2a: Reshiram|Turboblaze\n|turn|16\n|\n|t:|1782891101\n|move|p1a: Inteleon|Scald|p2a: Reshiram\n|-crit|p2a: Reshiram\n|-damage|p2a: Reshiram|103/277\n|move|p2a: Reshiram|Dragon Dance|p2a: Reshiram\n|-boost|p2a: Reshiram|atk|1\n|-boost|p2a: Reshiram|spe|1\n|\n|upkeep\n|turn|17\n|\n|t:|1782891109\n|switch|p1a: Bisharp|Bisharp, L79, F|232/232\n|-damage|p1a: Bisharp|218/232|[from] Stealth Rock\n|move|p2a: Reshiram|Outrage|p1a: Bisharp\n|-resisted|p1a: Bisharp\n|-damage|p1a: Bisharp|156/232\n|\n|upkeep\n|turn|18\n|\n|t:|1782891118\n|move|p2a: Reshiram|Outrage|p1a: Bisharp|[from] lockedmove\n|-resisted|p1a: Bisharp\n|-damage|p1a: Bisharp|99/232\n|move|p1a: Bisharp|Throat Chop|p2a: Reshiram\n|-damage|p2a: Reshiram|7/277\n|-start|p2a: Reshiram|Throat Chop|[silent]\n|\n|upkeep\n|turn|19\n|\n|t:|1782891126\n|move|p2a: Reshiram|Outrage|p1a: Bisharp|[from] lockedmove\n|-resisted|p1a: Bisharp\n|-damage|p1a: Bisharp|40/232\n|-start|p2a: Reshiram|confusion|[fatigue]\n|move|p1a: Bisharp|Throat Chop|p2a: Reshiram\n|-damage|p2a: Reshiram|0 fnt\n|faint|p2a: Reshiram\n|\n|upkeep\n|\n|t:|1782891129\n|switch|p2a: Donphan|Donphan, L84, M|217/288\n|turn|20\n|\n|t:|1782891138\n|move|p1a: Bisharp|Sucker Punch|p2a: Donphan\n|-damage|p2a: Donphan|154/288\n|move|p2a: Donphan|Rapid Spin|p1a: Bisharp\n|-resisted|p1a: Bisharp\n|-damage|p1a: Bisharp|26/232\n|-boost|p2a: Donphan|spe|1\n|\n|upkeep\n|turn|21\n|\n|t:|1782891145\n|move|p1a: Bisharp|Sucker Punch|p2a: Donphan\n|-damage|p2a: Donphan|94/288\n|move|p2a: Donphan|Rapid Spin|p1a: Bisharp\n|-resisted|p1a: Bisharp\n|-damage|p1a: Bisharp|13/232\n|-boost|p2a: Donphan|spe|1\n|\n|upkeep\n|turn|22\n|\n|t:|1782891151\n|move|p2a: Donphan|Ice Shard|p1a: Bisharp\n|-resisted|p1a: Bisharp\n|-damage|p1a: Bisharp|1/232\n|move|p1a: Bisharp|Sucker Punch||[still]\n|-fail|p1a: Bisharp\n|\n|upkeep\n|turn|23\n|\n|t:|1782891157\n|move|p2a: Donphan|Ice Shard|p1a: Bisharp\n|-resisted|p1a: Bisharp\n|-damage|p1a: Bisharp|0 fnt\n|faint|p1a: Bisharp\n|\n|upkeep\n|\n|t:|1782891162\n|switch|p1a: Reuniclus|Reuniclus, L88, F|337/337\n|turn|24\n|\n|t:|1782891165\n|move|p2a: Donphan|Knock Off|p1a: Reuniclus\n|-supereffective|p1a: Reuniclus\n|-damage|p1a: Reuniclus|155/337\n|-enditem|p1a: Reuniclus|Life Orb|[from] move: Knock Off|[of] p2a: Donphan\n|move|p1a: Reuniclus|Psyshock|p2a: Donphan\n|-damage|p2a: Donphan|4/288\n|\n|upkeep\n|turn|25\n|\n|t:|1782891174\n|move|p2a: Donphan|Earthquake|p1a: Reuniclus\n|-damage|p1a: Reuniclus|11/337\n|move|p1a: Reuniclus|Psyshock|p2a: Donphan\n|-crit|p2a: Donphan\n|-damage|p2a: Donphan|0 fnt\n|faint|p2a: Donphan\n|\n|upkeep\n|\n|t:|1782891175\n|switch|p2a: Mesprit|Mesprit, L85|51/275\n|turn|26\n|\n|t:|1782891182\n|move|p2a: Mesprit|Knock Off|p1a: Reuniclus\n|-supereffective|p1a: Reuniclus\n|-damage|p1a: Reuniclus|0 fnt\n|faint|p1a: Reuniclus\n|\n|upkeep\n|\n|t:|1782891187\n|switch|p1a: Inteleon|Inteleon, L81, M|216/246\n|-damage|p1a: Inteleon|186/246|[from] Stealth Rock\n|turn|27\n|\n|t:|1782891191\n|move|p1a: Inteleon|Scald|p2a: Mesprit\n|-crit|p2a: Mesprit\n|-damage|p2a: Mesprit|0 fnt\n|faint|p2a: Mesprit\n|\n|win|jordanbruno.mkr\n|raw|jordanbruno.mkr's rating: 1869 &rarr; <strong>1885</strong><br />(+16 for winning)\n|raw|jnpr010334's rating: 1798 &rarr; <strong>1782</strong><br />(-16 for losing)\n", "inputlog": ">version f8ac14003a5f27e1bdc8d8c59608a773c1cb96e5\n>start {\"formatid\":\"gen9randombattle\",\"seed\":\"sodium,f042795b7271001c10e9d6017238a236\",\"rated\":\"Rated battle\"}\n>player p1 {\"name\":\"jordanbruno.mkr\",\"avatar\":\"1\",\"rating\":1869,\"seed\":\"sodium,190740b02bd1d7642e8e4a5424da18b1\"}\n>player p2 {\"name\":\"jnpr010334\",\"avatar\":\"265\",\"rating\":1831,\"seed\":\"sodium,c3d40db4ae22dd5c2a1e91320b5029c0\"}\n>p1 move knockoff\n>p2 move voltswitch\n>p2 switch 6\n>p1 switch 3\n>p2 move knockoff\n>p1 move psychicnoise\n>p2 switch 3\n>p1 move knockoff\n>p2 move stealthrock\n>p1 move encore\n>p2 move uturn\n>p1 move psychicnoise\n>p2 switch 2\n>p1 move knockoff\n>p2 move toxic\n>p1 move knockoff\n>p2 move protect\n>p1 move psychicnoise\n>p2 switch 2\n>p1 move knockoff\n>p2 move uturn\n>p2 switch 4\n>p1 switch 4\n>p1 move dragondance\n>p2 switch 5\n>p1 move stoneedge\n>p2 move trailblaze terastallize\n>p2 switch 6\n>p1 move liquidation\n>p2 move shadowball\n>p1 move liquidation\n>p2 move shadowball\n>p2 switch 4\n>p1 move liquidation\n>p2 switch 2\n>p1 switch 2\n>p2 switch 5\n>p1 move scald\n>p2 move dragondance\n>p1 switch 5\n>p2 move outrage\n>p1 move throatchop\n>p2 move outrage\n>p1 move throatchop\n>p2 move outrage\n>p2 switch 3\n>p1 move suckerpunch\n>p2 move rapidspin\n>p1 move suckerpunch\n>p2 move rapidspin\n>p1 move suckerpunch\n>p2 move iceshard\n>p1 move suckerpunch\n>p2 move iceshard\n>p1 switch 6\n>p1 move psyshock\n>p2 move knockoff\n>p1 move psyshock\n>p2 move earthquake\n>p2 switch 2\n>p1 move psyshock\n>p2 move knockoff\n>p1 switch 5\n>p1 move scald\n>p2 move psychicnoise", "uploadtime": 1782891191, "views": 5, "formatid": "gen9randombattle", "rating": 1782, "private": 0, "password": null, "player_dets": [{"name": "jordanbruno.mkr", "avatar": "1", "rating": 1869, "seed": "sodium,190740b02bd1d7642e8e4a5424da18b1"}, {"name": "jnpr010334", "avatar": "265", "rating": 1831, "seed": "sodium,c3d40db4ae22dd5c2a1e91320b5029c0"}], "teams_full": [{"Komala": {"name": "Komala", "species": "Komala", "speciesId": "komala", "gender": "F", "shiny": false, "level": 88, "moves": ["rapidspin", "earthquake", "knockoff", "bodyslam"], "ability": "Comatose", "evs": {"hp": 85, "atk": 85, "def": 85, "spa": 85, "spd": 85, "spe": 85}, "ivs": {"hp": 31, "atk": 31, "def": 31, "spa": 31, "spd": 31, "spe": 31}, "item": "Assault Vest", "teraType": "Ghost", "role": "Bulky Support", "bvs": {"hp": 65, "atk": 115, "def": 65, "spa": 75, "spd": 95, "spe": 65}, "stats": {"hp": 258, "atk": 253, "def": 165, "spa": 182, "spd": 217, "spe": 165}, "types": ["Normal"]}, "Inteleon": {"name": "Inteleon", "species": "Inteleon", "speciesId": "inteleon", "gender": "M", "shiny": false, "level": 81, "moves": ["scald", "uturn", "hydropump", "icebeam"], "ability": "Torrent", "evs": {"hp": 85, "atk": 85, "def": 85, "spa": 85, "spd": 85, "spe": 85}, "ivs": {"hp": 31, "atk": 31, "def": 31, "spa": 31, "spd": 31, "spe": 31}, "item": "Choice Specs", "teraType": "Water", "role": "Wallbreaker", "bvs": {"hp": 70, "atk": 85, "def": 65, "spa": 125, "spd": 65, "spe": 120}, "stats": {"hp": 246, "atk": 184, "def": 152, "spa": 249, "spd": 152, "spe": 241}, "types": ["Water"]}, "Uxie": {"name": "Uxie", "species": "Uxie", "speciesId": "uxie", "gender": "N", "shiny": false, "level": 83, "moves": ["yawn", "psychicnoise", "encore", "knockoff"], "ability": "Levitate", "evs": {"hp": 85, "atk": 85, "def": 85, "spa": 85, "spd": 85, "spe": 85}, "ivs": {"hp": 31, "atk": 31, "def": 31, "spa": 31, "spd": 31, "spe": 31}, "item": "Leftovers", "teraType": "Steel", "role": "Bulky Support", "bvs": {"hp": 75, "atk": 75, "def": 130, "spa": 75, "spd": 130, "spe": 95}, "stats": {"hp": 260, "atk": 172, "def": 263, "spa": 172, "spd": 263, "spe": 205}, "types": ["Psychic"]}, "Whiscash": {"name": "Whiscash", "species": "Whiscash", "speciesId": "whiscash", "gender": "M", "shiny": false, "level": 88, "moves": ["stoneedge", "liquidation", "dragondance", "earthquake"], "ability": "Oblivious", "evs": {"hp": 85, "atk": 85, "def": 85, "spa": 85, "spd": 85, "spe": 85}, "ivs": {"hp": 31, "atk": 31, "def": 31, "spa": 31, "spd": 31, "spe": 31}, "item": "Life Orb", "teraType": "Ground", "role": "Setup Sweeper", "bvs": {"hp": 110, "atk": 78, "def": 73, "spa": 76, "spd": 71, "spe": 60}, "stats": {"hp": 337, "atk": 188, "def": 179, "spa": 184, "spd": 175, "spe": 156}, "types": ["Water", "Ground"]}, "Bisharp": {"name": "Bisharp", "species": "Bisharp", "speciesId": "bisharp", "gender": "F", "shiny": false, "level": 79, "moves": ["suckerpunch", "stealthrock", "throatchop", "ironhead"], "ability": "Defiant", "evs": {"hp": 85, "atk": 85, "def": 85, "spa": 85, "spd": 85, "spe": 85}, "ivs": {"hp": 31, "atk": 31, "def": 31, "spa": 31, "spd": 31, "spe": 31}, "item": "Eviolite", "teraType": "Ghost", "role": "Bulky Attacker", "bvs": {"hp": 65, "atk": 125, "def": 100, "spa": 60, "spd": 70, "spe": 70}, "stats": {"hp": 232, "atk": 243, "def": 204, "spa": 140, "spd": 156, "spe": 156}, "types": ["Dark", "Steel"]}, "Reuniclus": {"name": "Reuniclus", "species": "Reuniclus", "speciesId": "reuniclus", "gender": "F", "shiny": false, "level": 88, "moves": ["recover", "focusblast", "calmmind", "psyshock"], "ability": "Magic Guard", "evs": {"hp": 85, "atk": 0, "def": 85, "spa": 85, "spd": 85, "spe": 85}, "ivs": {"hp": 31, "atk": 0, "def": 31, "spa": 31, "spd": 31, "spe": 31}, "item": "Life Orb", "teraType": "Fighting", "role": "Bulky Setup", "bvs": {"hp": 110, "atk": 65, "def": 75, "spa": 125, "spd": 85, "spe": 30}, "stats": {"hp": 337, "atk": 119, "def": 182, "spa": 270, "spd": 200, "spe": 103}, "types": ["Psychic"]}}, {"Rotom": {"name": "Rotom", "species": "Rotom", "speciesId": "rotom", "gender": "N", "shiny": false, "level": 88, "moves": ["thunderbolt", "voltswitch", "shadowball", "trick"], "ability": "Levitate", "evs": {"hp": 85, "atk": 0, "def": 85, "spa": 85, "spd": 85, "spe": 85}, "ivs": {"hp": 31, "atk": 0, "def": 31, "spa": 31, "spd": 31, "spe": 31}, "item": "Choice Scarf", "teraType": "Electric", "role": "Fast Attacker", "bvs": {"hp": 50, "atk": 50, "def": 77, "spa": 95, "spd": 77, "spe": 91}, "stats": {"hp": 231, "atk": 93, "def": 186, "spa": 217, "spd": 186, "spe": 210}, "types": ["Electric", "Ghost"]}, "Hypno": {"name": "Hypno", "species": "Hypno", "speciesId": "hypno", "gender": "M", "shiny": false, "level": 95, "moves": ["toxic", "psychicnoise", "focusblast", "protect"], "ability": "Insomnia", "evs": {"hp": 85, "atk": 0, "def": 85, "spa": 85, "spd": 85, "spe": 85}, "ivs": {"hp": 31, "atk": 0, "def": 31, "spa": 31, "spd": 31, "spe": 31}, "item": "Leftovers", "teraType": "Dark", "role": "Bulky Attacker", "bvs": {"hp": 85, "atk": 73, "def": 70, "spa": 73, "spd": 115, "spe": 67}, "stats": {"hp": 315, "atk": 143, "def": 187, "spa": 193, "spd": 272, "spe": 181}, "types": ["Psychic"]}, "Mesprit": {"name": "Mesprit", "species": "Mesprit", "speciesId": "mesprit", "gender": "N", "shiny": false, "level": 85, "moves": ["uturn", "stealthrock", "psychicnoise", "knockoff"], "ability": "Levitate", "evs": {"hp": 85, "atk": 85, "def": 85, "spa": 85, "spd": 85, "spe": 85}, "ivs": {"hp": 31, "atk": 31, "def": 31, "spa": 31, "spd": 31, "spe": 31}, "item": "Leftovers", "teraType": "Steel", "role": "Bulky Support", "bvs": {"hp": 80, "atk": 105, "def": 105, "spa": 105, "spd": 105, "spe": 80}, "stats": {"hp": 275, "atk": 227, "def": 227, "spa": 227, "spd": 227, "spe": 185}, "types": ["Psychic"]}, "Reshiram": {"name": "Reshiram", "species": "Reshiram", "speciesId": "reshiram", "gender": "N", "shiny": false, "level": 76, "moves": ["stoneedge", "outrage", "dragondance", "flareblitz"], "ability": "Turboblaze", "evs": {"hp": 85, "atk": 85, "def": 85, "spa": 85, "spd": 85, "spe": 85}, "ivs": {"hp": 31, "atk": 31, "def": 31, "spa": 31, "spd": 31, "spe": 31}, "item": "Heavy-Duty Boots", "teraType": "Dragon", "role": "Setup Sweeper", "bvs": {"hp": 100, "atk": 120, "def": 100, "spa": 150, "spd": 120, "spe": 90}, "stats": {"hp": 277, "atk": 226, "def": 196, "spa": 272, "spd": 226, "spe": 181}, "types": ["Dragon", "Fire"]}, "Ogerpon": {"name": "Ogerpon", "species": "Ogerpon-Hearthflame", "speciesId": "ogerponhearthflame", "gender": "F", "shiny": false, "level": 74, "moves": ["swordsdance", "hornleech", "ivycudgel", "trailblaze"], "ability": "Mold Breaker", "evs": {"hp": 77, "atk": 85, "def": 85, "spa": 85, "spd": 85, "spe": 85}, "ivs": {"hp": 31, "atk": 31, "def": 31, "spa": 31, "spd": 31, "spe": 31}, "item": "Hearthflame Mask", "teraType": "Fire", "role": "Setup Sweeper", "bvs": {"hp": 80, "atk": 120, "def": 84, "spa": 60, "spd": 96, "spe": 110}, "stats": {"hp": 239, "atk": 221, "def": 167, "spa": 132, "spd": 185, "spe": 206}, "types": ["Grass", "Fire"]}, "Donphan": {"name": "Donphan", "species": "Donphan", "speciesId": "donphan", "gender": "M", "shiny": false, "level": 84, "moves": ["rapidspin", "earthquake", "iceshard", "knockoff"], "ability": "Sturdy", "evs": {"hp": 85, "atk": 85, "def": 85, "spa": 85, "spd": 85, "spe": 85}, "ivs": {"hp": 31, "atk": 31, "def": 31, "spa": 31, "spd": 31, "spe": 31}, "item": "Assault Vest", "teraType": "Steel", "role": "Bulky Support", "bvs": {"hp": 90, "atk": 120, "def": 120, "spa": 60, "spd": 60, "spe": 50}, "stats": {"hp": 288, "atk": 250, "def": 250, "spa": 149, "spd": 149, "spe": 132}, "types": ["Ground"]}}]}