{"id": "gen9randombattle-2642011334", "format": "[Gen 9] Random Battle", "players": ["tubbatub", "LevM.1"], "log": "|j|\u2606tubbatub\n|j|\u2606LevM.1\n|t:|1782872930\n|gametype|singles\n|player|p1|tubbatub|fantina|1401\n|player|p2|LevM.1|170|1432\n|gen|9\n|tier|[Gen 9] Random Battle\n|rated|\n|rule|Species Clause: Limit one of each Pok\u00e9mon\n|rule|HP Percentage Mod: HP is shown in percentages\n|rule|Sleep Clause Mod: Limit one foe put to sleep\n|rule|Illusion Level Mod: Illusion disguises the Pok\u00e9mon's true level\n|\n|t:|1782872930\n|teamsize|p1|6\n|teamsize|p2|6\n|start\n|switch|p1a: Toedscruel|Toedscruel, L87, M|281/281\n|switch|p2a: Tyranitar|Tyranitar, L78, F|284/284\n|-weather|Sandstorm|[from] ability: Sand Stream|[of] p2a: Tyranitar\n|turn|1\n|inactive|Battle timer is ON: inactive players will automatically lose when time's up. (requested by tubbatub)\n|\n|t:|1782872943\n|switch|p2a: Breloom|Breloom, L83, M|235/235\n|move|p1a: Toedscruel|Toxic|p2a: Breloom\n|-status|p2a: Breloom|tox\n|\n|-weather|Sandstorm|[upkeep]\n|-damage|p2a: Breloom|221/235 tox|[from] Sandstorm\n|-damage|p2a: Breloom|207/235 tox|[from] psn\n|upkeep\n|turn|2\n|\n|t:|1782872962\n|switch|p1a: Chesnaught|Chesnaught, L84, F|285/285\n|move|p2a: Breloom|Swords Dance|p2a: Breloom\n|-boost|p2a: Breloom|atk|2\n|\n|-weather|Sandstorm|[upkeep]\n|-damage|p2a: Breloom|193/235 tox|[from] Sandstorm\n|-damage|p1a: Chesnaught|268/285|[from] Sandstorm\n|-heal|p1a: Chesnaught|285/285|[from] item: Leftovers\n|-damage|p2a: Breloom|165/235 tox|[from] psn\n|upkeep\n|turn|3\n|\n|t:|1782872977\n|switch|p2a: Delibird|Delibird, F|252/252\n|move|p1a: Chesnaught|Spikes|p2a: Delibird\n|-sidestart|p2: LevM.1|Spikes\n|\n|-weather|Sandstorm|[upkeep]\n|-damage|p2a: Delibird|237/252|[from] Sandstorm\n|-damage|p1a: Chesnaught|268/285|[from] Sandstorm\n|-heal|p1a: Chesnaught|285/285|[from] item: Leftovers\n|upkeep\n|turn|4\n|\n|t:|1782872984\n|switch|p1a: Raikou|Raikou, L81|278/278\n|-ability|p1a: Raikou|Pressure\n|move|p2a: Delibird|Brave Bird|p1a: Raikou\n|-resisted|p1a: Raikou\n|-damage|p1a: Raikou|206/278\n|-damage|p2a: Delibird|213/252|[from] Recoil\n|\n|-weather|Sandstorm|[upkeep]\n|-damage|p1a: Raikou|189/278|[from] Sandstorm\n|-damage|p2a: Delibird|198/252|[from] Sandstorm\n|-heal|p1a: Raikou|206/278|[from] item: Leftovers\n|upkeep\n|turn|5\n|\n|t:|1782872997\n|switch|p2a: Mamoswine|Mamoswine, L81, F|311/311\n|-damage|p2a: Mamoswine|273/311|[from] Spikes\n|move|p1a: Raikou|Calm Mind|p1a: Raikou\n|-boost|p1a: Raikou|spa|1\n|-boost|p1a: Raikou|spd|1\n|\n|-weather|none\n|-heal|p1a: Raikou|223/278|[from] item: Leftovers\n|upkeep\n|turn|6\n|\n|t:|1782873002\n|-terastallize|p1a: Raikou|Water\n|move|p1a: Raikou|Calm Mind|p1a: Raikou\n|-boost|p1a: Raikou|spa|1\n|-boost|p1a: Raikou|spd|1\n|move|p2a: Mamoswine|Earthquake|p1a: Raikou\n|-damage|p1a: Raikou|23/278\n|-damage|p2a: Mamoswine|242/311|[from] item: Life Orb\n|\n|-heal|p1a: Raikou|40/278|[from] item: Leftovers\n|upkeep\n|turn|7\n|\n|t:|1782873007\n|move|p2a: Mamoswine|Ice Shard|p1a: Raikou\n|-resisted|p1a: Raikou\n|-damage|p1a: Raikou|2/278\n|-damage|p2a: Mamoswine|211/311|[from] item: Life Orb\n|move|p1a: Raikou|Scald|p2a: Mamoswine\n|-supereffective|p2a: Mamoswine\n|-damage|p2a: Mamoswine|0 fnt\n|faint|p2a: Mamoswine\n|\n|-heal|p1a: Raikou|19/278|[from] item: Leftovers\n|upkeep\n|\n|t:|1782873021\n|switch|p2a: Breloom|Breloom, L83, M|165/235 tox\n|-damage|p2a: Breloom|136/235 tox|[from] Spikes\n|turn|8\n|\n|t:|1782873048\n|move|p2a: Breloom|Mach Punch|p1a: Raikou\n|-damage|p1a: Raikou|0 fnt\n|faint|p1a: Raikou\n|-damage|p2a: Breloom|113/235 tox|[from] item: Life Orb\n|\n|-damage|p2a: Breloom|99/235 tox|[from] psn\n|upkeep\n|inactive|tubbatub has 120 seconds left.\n|\n|t:|1782873059\n|switch|p1a: Chesnaught|Chesnaught, L84, F|285/285\n|turn|9\n|\n|t:|1782873070\n|switch|p2a: Zamazenta|Zamazenta, L71|248/248\n|-damage|p2a: Zamazenta|217/248|[from] Spikes\n|-ability|p2a: Zamazenta|Dauntless Shield|boost\n|-boost|p2a: Zamazenta|def|1\n|move|p1a: Chesnaught|Spikes|p2a: Zamazenta\n|-sidestart|p2: LevM.1|Spikes\n|\n|upkeep\n|turn|10\n|\n|t:|1782873082\n|move|p2a: Zamazenta|Psychic Fangs|p1a: Chesnaught\n|-supereffective|p1a: Chesnaught\n|-damage|p1a: Chesnaught|169/285\n|move|p1a: Chesnaught|Wood Hammer|p2a: Zamazenta\n|-damage|p2a: Zamazenta|136/248\n|-damage|p1a: Chesnaught|142/285|[from] Recoil\n|\n|-heal|p1a: Chesnaught|159/285|[from] item: Leftovers\n|upkeep\n|turn|11\n|\n|t:|1782873090\n|switch|p2a: Delibird|Delibird, F|198/252\n|move|p1a: Chesnaught|Synthesis|p1a: Chesnaught\n|-heal|p1a: Chesnaught|285/285\n|\n|upkeep\n|turn|12\n|\n|t:|1782873101\n|switch|p1a: Diancie|Diancie, L82|216/216\n|move|p2a: Delibird|Rapid Spin|p1a: Diancie\n|-resisted|p1a: Diancie\n|-damage|p1a: Diancie|205/216\n|-boost|p2a: Delibird|spe|1\n|-sideend|p2: LevM.1|Spikes|[from] move: Rapid Spin|[of] p2a: Delibird\n|\n|-heal|p1a: Diancie|216/216|[from] item: Leftovers\n|upkeep\n|turn|13\n|\n|t:|1782873122\n|switch|p2a: Breloom|Breloom, L83, M|99/235 tox\n|move|p1a: Diancie|Calm Mind|p1a: Diancie\n|-boost|p1a: Diancie|spa|1\n|-boost|p1a: Diancie|spd|1\n|\n|-damage|p2a: Breloom|85/235 tox|[from] psn\n|upkeep\n|turn|14\n|\n|t:|1782873130\n|move|p2a: Breloom|Bullet Seed|p1a: Diancie\n|-supereffective|p1a: Diancie\n|-damage|p1a: Diancie|135/216\n|-supereffective|p1a: Diancie\n|-damage|p1a: Diancie|54/216\n|-hitcount|p1a: Diancie|2\n|-damage|p2a: Breloom|62/235 tox|[from] item: Life Orb\n|move|p1a: Diancie|Draining Kiss|p2a: Breloom\n|-supereffective|p2a: Breloom\n|-damage|p2a: Breloom|0 fnt\n|-heal|p1a: Diancie|101/216|[from] drain|[of] p2a: Breloom\n|faint|p2a: Breloom\n|\n|-heal|p1a: Diancie|114/216|[from] item: Leftovers\n|upkeep\n|inactive|LevM.1 has 120 seconds left.\n|\n|t:|1782873150\n|switch|p2a: Tyranitar|Tyranitar, L78, F|284/284\n|-weather|Sandstorm|[from] ability: Sand Stream|[of] p2a: Tyranitar\n|turn|15\n|\n|t:|1782873156\n|move|p2a: Tyranitar|Earthquake|p1a: Diancie\n|-supereffective|p1a: Diancie\n|-damage|p1a: Diancie|0 fnt\n|faint|p1a: Diancie\n|\n|-weather|Sandstorm|[upkeep]\n|upkeep\n|\n|t:|1782873159\n|switch|p1a: Toedscruel|Toedscruel, L87, M|281/281\n|turn|16\n|\n|t:|1782873170\n|switch|p2a: Delibird|Delibird, F|198/252\n|move|p1a: Toedscruel|Toxic|p2a: Delibird\n|-status|p2a: Delibird|tox\n|\n|-weather|Sandstorm|[upkeep]\n|-damage|p2a: Delibird|183/252 tox|[from] Sandstorm\n|-damage|p2a: Delibird|168/252 tox|[from] psn\n|upkeep\n|turn|17\n|\n|t:|1782873179\n|switch|p1a: Ditto|Ditto, L87|225/225\n|-transform|p1a: Ditto|p2a: Delibird|[from] ability: Imposter\n|move|p2a: Delibird|Brave Bird|p1a: Ditto\n|-damage|p1a: Ditto|56/225\n|-damage|p2a: Delibird|112/252 tox|[from] Recoil\n|\n|-weather|Sandstorm|[upkeep]\n|-damage|p1a: Ditto|42/225|[from] Sandstorm\n|-damage|p2a: Delibird|97/252 tox|[from] Sandstorm\n|-damage|p2a: Delibird|67/252 tox|[from] psn\n|upkeep\n|turn|18\n|\n|t:|1782873196\n|switch|p2a: Tyranitar|Tyranitar, L78, F|284/284\n|move|p1a: Ditto|Freeze-Dry|p2a: Tyranitar\n|-damage|p2a: Tyranitar|238/284\n|\n|-weather|Sandstorm|[upkeep]\n|-damage|p1a: Ditto|28/225|[from] Sandstorm\n|upkeep\n|turn|19\n|\n|t:|1782873206\n|move|p1a: Ditto|Freeze-Dry|p2a: Tyranitar\n|-damage|p2a: Tyranitar|189/284\n|move|p2a: Tyranitar|Knock Off|p1a: Ditto\n|-damage|p1a: Ditto|0 fnt\n|-enditem|p1a: Ditto|Choice Scarf|[from] move: Knock Off|[of] p2a: Tyranitar\n|faint|p1a: Ditto\n|\n|-weather|none\n|upkeep\n|\n|t:|1782873214\n|switch|p1a: Mabosstiff|Mabosstiff, L86, F|278/278\n|turn|20\n|\n|t:|1782873218\n|switch|p2a: Zamazenta|Zamazenta, L71|136/248\n|move|p1a: Mabosstiff|Play Rough|p2a: Zamazenta\n|-supereffective|p2a: Zamazenta\n|-damage|p2a: Zamazenta|0 fnt\n|faint|p2a: Zamazenta\n|\n|upkeep\n|\n|t:|1782873225\n|switch|p2a: Plusle|Plusle, L95, M|268/268\n|turn|21\n|\n|t:|1782873231\n|move|p2a: Plusle|Alluring Voice|p1a: Mabosstiff\n|-supereffective|p1a: Mabosstiff\n|-damage|p1a: Mabosstiff|93/278\n|-damage|p2a: Plusle|242/268|[from] item: Life Orb\n|move|p1a: Mabosstiff|Play Rough|p2a: Plusle\n|-damage|p2a: Plusle|53/268\n|\n|upkeep\n|turn|22\n|\n|t:|1782873235\n|switch|p1a: Toedscruel|Toedscruel, L87, M|281/281\n|move|p2a: Plusle|Alluring Voice|p1a: Toedscruel\n|-damage|p1a: Toedscruel|220/281\n|-damage|p2a: Plusle|27/268|[from] item: Life Orb\n|\n|-heal|p1a: Toedscruel|237/281|[from] item: Leftovers\n|upkeep\n|turn|23\n|\n|t:|1782873244\n|move|p2a: Plusle|Alluring Voice|p1a: Toedscruel\n|-damage|p1a: Toedscruel|176/281\n|-damage|p2a: Plusle|1/268|[from] item: Life Orb\n|move|p1a: Toedscruel|Giga Drain|p2a: Plusle\n|-crit|p2a: Plusle\n|-damage|p2a: Plusle|0 fnt\n|-heal|p1a: Toedscruel|177/281|[from] drain|[of] p2a: Plusle\n|faint|p2a: Plusle\n|\n|-heal|p1a: Toedscruel|194/281|[from] item: Leftovers\n|upkeep\n|\n|t:|1782873248\n|switch|p2a: Delibird|Delibird, F|67/252 tox\n|turn|24\n|\n|t:|1782873262\n|move|p1a: Toedscruel|Giga Drain|p2a: Delibird\n|-resisted|p2a: Delibird\n|-damage|p2a: Delibird|19/252 tox\n|-heal|p1a: Toedscruel|218/281|[from] drain|[of] p2a: Delibird\n|move|p2a: Delibird|Freeze-Dry|p1a: Toedscruel\n|-supereffective|p1a: Toedscruel\n|-damage|p1a: Toedscruel|0 fnt\n|faint|p1a: Toedscruel\n|\n|-damage|p2a: Delibird|4/252 tox|[from] psn\n|upkeep\n|\n|t:|1782873279\n|switch|p1a: Mabosstiff|Mabosstiff, L86, F|93/278\n|turn|25\n|\n|t:|1782873285\n|move|p2a: Delibird|Brave Bird|p1a: Mabosstiff\n|-damage|p1a: Mabosstiff|0 fnt\n|faint|p1a: Mabosstiff\n|-damage|p2a: Delibird|0 fnt|[from] Recoil\n|faint|p2a: Delibird\n|\n|upkeep\n|\n|t:|1782873288\n|switch|p2a: Tyranitar|Tyranitar, L78, F|189/284\n|switch|p1a: Chesnaught|Chesnaught, L84, F|285/285\n|-weather|Sandstorm|[from] ability: Sand Stream|[of] p2a: Tyranitar\n|turn|26\n|\n|t:|1782873293\n|-terastallize|p2a: Tyranitar|Ghost\n|move|p1a: Chesnaught|Body Press|p2a: Tyranitar\n|-immune|p2a: Tyranitar\n|move|p2a: Tyranitar|Dragon Dance|p2a: Tyranitar\n|-boost|p2a: Tyranitar|atk|1\n|-boost|p2a: Tyranitar|spe|1\n|\n|-weather|Sandstorm|[upkeep]\n|-damage|p2a: Tyranitar|172/284|[from] Sandstorm\n|-damage|p1a: Chesnaught|268/285|[from] Sandstorm\n|-heal|p1a: Chesnaught|285/285|[from] item: Leftovers\n|upkeep\n|turn|27\n|\n|t:|1782873302\n|move|p2a: Tyranitar|Knock Off|p1a: Chesnaught\n|-resisted|p1a: Chesnaught\n|-damage|p1a: Chesnaught|219/285\n|-enditem|p1a: Chesnaught|Leftovers|[from] move: Knock Off|[of] p2a: Tyranitar\n|move|p1a: Chesnaught|Wood Hammer|p2a: Tyranitar\n|-damage|p2a: Tyranitar|55/284\n|-damage|p1a: Chesnaught|180/285|[from] Recoil\n|\n|-weather|Sandstorm|[upkeep]\n|-damage|p2a: Tyranitar|38/284|[from] Sandstorm\n|-damage|p1a: Chesnaught|163/285|[from] Sandstorm\n|upkeep\n|turn|28\n|\n|t:|1782873307\n|move|p2a: Tyranitar|Stone Edge|p1a: Chesnaught\n|-resisted|p1a: Chesnaught\n|-crit|p1a: Chesnaught\n|-damage|p1a: Chesnaught|54/285\n|move|p1a: Chesnaught|Wood Hammer|p2a: Tyranitar\n|-damage|p2a: Tyranitar|0 fnt\n|faint|p2a: Tyranitar\n|-damage|p1a: Chesnaught|41/285|[from] Recoil\n|\n|win|tubbatub\n|raw|tubbatub's rating: 1401 &rarr; <strong>1423</strong><br />(+22 for winning)\n|raw|LevM.1's rating: 1432 &rarr; <strong>1410</strong><br />(-22 for losing)\n", "inputlog": ">version f8ac14003a5f27e1bdc8d8c59608a773c1cb96e5\n>start {\"formatid\":\"gen9randombattle\",\"seed\":\"sodium,84d54d6a4325918d3e7b2284cb2b3495\",\"rated\":\"Rated battle\"}\n>player p1 {\"name\":\"tubbatub\",\"avatar\":\"fantina\",\"rating\":1401,\"seed\":\"sodium,ca7bfd069d8cfe2716e62da5e06282f0\"}\n>player p2 {\"name\":\"LevM.1\",\"avatar\":\"170\",\"rating\":1432,\"seed\":\"sodium,05cc87cdf8f595ceaf1e27724d317448\"}\n>p1 move toxic\n>p2 switch 6\n>p1 switch 4\n>p2 move swordsdance\n>p1 move spikes\n>p2 switch 3\n>p1 switch 2\n>p2 move bravebird\n>p1 move calmmind\n>p2 switch 5\n>p1 move calmmind terastallize\n>p2 move earthquake\n>p1 move scald\n>p2 move iceshard\n>p2 switch 3\n>p1 move thunderbolt\n>p2 move machpunch\n>p1 switch 2\n>p1 move spikes\n>p2 switch 2\n>p1 move woodhammer\n>p2 move psychicfangs\n>p1 move synthesis\n>p2 switch 5\n>p1 switch 6\n>p2 move rapidspin\n>p1 move calmmind\n>p2 switch 2\n>p1 move drainingkiss\n>p2 move bulletseed\n>p2 switch 6\n>p1 move drainingkiss\n>p2 move earthquake\n>p1 switch 4\n>p1 move toxic\n>p2 switch 2\n>p1 switch 5\n>p2 move bravebird\n>p1 move freezedry\n>p2 switch 2\n>p1 move freezedry\n>p2 move knockoff\n>p1 switch 3\n>p1 move playrough\n>p2 switch 5\n>p2 switch 4\n>p1 move playrough\n>p2 move alluringvoice\n>p1 switch 5\n>p2 move alluringvoice\n>p1 move gigadrain\n>p2 move alluringvoice\n>p2 switch 2\n>p1 move gigadrain\n>p2 move freezedry\n>p1 switch 5\n>p1 move playrough\n>p2 move bravebird\n>p1 switch 6\n>p2 switch 5\n>p1 move bodypress\n>p2 move dragondance terastallize\n>p1 move woodhammer\n>p2 move knockoff\n>p1 move woodhammer\n>p2 move stoneedge", "uploadtime": 1782873310, "views": 8, "formatid": "gen9randombattle", "rating": 1410, "private": 0, "password": null, "player_dets": [{"name": "tubbatub", "avatar": "fantina", "rating": 1401, "seed": "sodium,ca7bfd069d8cfe2716e62da5e06282f0"}, {"name": "LevM.1", "avatar": "170", "rating": 1432, "seed": "sodium,05cc87cdf8f595ceaf1e27724d317448"}], "teams_full": [{"Toedscruel": {"name": "Toedscruel", "species": "Toedscruel", "speciesId": "toedscruel", "gender": "M", "shiny": false, "level": 87, "moves": ["gigadrain", "rapidspin", "earthpower", "toxic"], "ability": "Mycelium Might", "evs": {"hp": 85, "atk": 85, "def": 85, "spa": 85, "spd": 85, "spe": 85}, "ivs": {"hp": 31, "atk": 31, "def": 31, "spa": 31, "spd": 31, "spe": 31}, "item": "Leftovers", "teraType": "Water", "role": "Bulky Support", "bvs": {"hp": 80, "atk": 70, "def": 65, "spa": 80, "spd": 120, "spe": 100}, "stats": {"hp": 281, "atk": 172, "def": 163, "spa": 189, "spd": 259, "spe": 224}, "types": ["Ground", "Grass"]}, "Raikou": {"name": "Raikou", "species": "Raikou", "speciesId": "raikou", "gender": "N", "shiny": false, "level": 81, "moves": ["calmmind", "shadowball", "thunderbolt", "scald"], "ability": "Pressure", "evs": {"hp": 85, "atk": 0, "def": 85, "spa": 85, "spd": 85, "spe": 85}, "ivs": {"hp": 31, "atk": 0, "def": 31, "spa": 31, "spd": 31, "spe": 31}, "item": "Leftovers", "teraType": "Water", "role": "Bulky Attacker", "bvs": {"hp": 90, "atk": 85, "def": 75, "spa": 115, "spd": 100, "spe": 115}, "stats": {"hp": 278, "atk": 142, "def": 168, "spa": 233, "spd": 209, "spe": 233}, "types": ["Electric"]}, "Mabosstiff": {"name": "Mabosstiff", "species": "Mabosstiff", "speciesId": "mabosstiff", "gender": "F", "shiny": false, "level": 86, "moves": ["wildcharge", "playrough", "psychicfangs", "crunch"], "ability": "Stakeout", "evs": {"hp": 85, "atk": 85, "def": 85, "spa": 85, "spd": 85, "spe": 85}, "ivs": {"hp": 31, "atk": 31, "def": 31, "spa": 31, "spd": 31, "spe": 31}, "item": "Choice Band", "teraType": "Fairy", "role": "Bulky Attacker", "bvs": {"hp": 80, "atk": 120, "def": 90, "spa": 60, "spd": 70, "spe": 85}, "stats": {"hp": 278, "atk": 256, "def": 204, "spa": 152, "spd": 170, "spe": 195}, "types": ["Dark"]}, "Chesnaught": {"name": "Chesnaught", "species": "Chesnaught", "speciesId": "chesnaught", "gender": "F", "shiny": false, "level": 84, "moves": ["woodhammer", "synthesis", "spikes", "bodypress"], "ability": "Bulletproof", "evs": {"hp": 85, "atk": 85, "def": 85, "spa": 85, "spd": 85, "spe": 85}, "ivs": {"hp": 31, "atk": 31, "def": 31, "spa": 31, "spd": 31, "spe": 31}, "item": "Leftovers", "teraType": "Steel", "role": "Bulky Support", "bvs": {"hp": 88, "atk": 107, "def": 122, "spa": 74, "spd": 75, "spe": 64}, "stats": {"hp": 285, "atk": 228, "def": 253, "spa": 173, "spd": 174, "spe": 156}, "types": ["Grass", "Fighting"]}, "Ditto": {"name": "Ditto", "species": "Ditto", "speciesId": "ditto", "gender": "N", "shiny": false, "level": 87, "moves": ["transform"], "ability": "Imposter", "evs": {"hp": 85, "atk": 85, "def": 85, "spa": 85, "spd": 85, "spe": 85}, "ivs": {"hp": 31, "atk": 31, "def": 31, "spa": 31, "spd": 31, "spe": 31}, "item": "Choice Scarf", "teraType": "Ghost", "role": "Fast Support", "bvs": {"hp": 48, "atk": 48, "def": 48, "spa": 48, "spd": 48, "spe": 48}, "stats": {"hp": 225, "atk": 133, "def": 133, "spa": 133, "spd": 133, "spe": 133}, "types": ["Normal"]}, "Diancie": {"name": "Diancie", "species": "Diancie", "speciesId": "diancie", "gender": "N", "shiny": false, "level": 82, "moves": ["calmmind", "earthpower", "diamondstorm", "drainingkiss"], "ability": "Clear Body", "evs": {"hp": 85, "atk": 85, "def": 85, "spa": 85, "spd": 85, "spe": 85}, "ivs": {"hp": 31, "atk": 31, "def": 31, "spa": 31, "spd": 31, "spe": 31}, "item": "Leftovers", "teraType": "Fairy", "role": "Bulky Setup", "bvs": {"hp": 50, "atk": 100, "def": 150, "spa": 100, "spd": 150, "spe": 50}, "stats": {"hp": 216, "atk": 211, "def": 293, "spa": 211, "spd": 293, "spe": 129}, "types": ["Rock", "Fairy"]}}, {"Tyranitar": {"name": "Tyranitar", "species": "Tyranitar", "speciesId": "tyranitar", "gender": "F", "shiny": false, "level": 78, "moves": ["earthquake", "stoneedge", "knockoff", "dragondance"], "ability": "Sand Stream", "evs": {"hp": 85, "atk": 85, "def": 85, "spa": 85, "spd": 85, "spe": 85}, "ivs": {"hp": 31, "atk": 31, "def": 31, "spa": 31, "spd": 31, "spe": 31}, "item": "Weakness Policy", "teraType": "Ghost", "role": "Bulky Setup", "bvs": {"hp": 100, "atk": 134, "def": 110, "spa": 95, "spd": 100, "spe": 61}, "stats": {"hp": 284, "atk": 254, "def": 217, "spa": 193, "spd": 201, "spe": 140}, "types": ["Rock", "Dark"]}, "Zamazenta": {"name": "Zamazenta", "species": "Zamazenta", "speciesId": "zamazenta", "gender": "N", "shiny": false, "level": 71, "moves": ["stoneedge", "closecombat", "psychicfangs", "crunch"], "ability": "Dauntless Shield", "evs": {"hp": 85, "atk": 85, "def": 85, "spa": 85, "spd": 85, "spe": 85}, "ivs": {"hp": 31, "atk": 31, "def": 31, "spa": 31, "spd": 31, "spe": 31}, "item": "Choice Band", "teraType": "Dark", "role": "Bulky Attacker", "bvs": {"hp": 92, "atk": 120, "def": 115, "spa": 80, "spd": 115, "spe": 138}, "stats": {"hp": 248, "atk": 212, "def": 205, "spa": 155, "spd": 205, "spe": 237}, "types": ["Fighting"]}, "Delibird": {"name": "Delibird", "species": "Delibird", "speciesId": "delibird", "gender": "F", "shiny": false, "level": 100, "moves": ["spikes", "rapidspin", "bravebird", "freezedry"], "ability": "Vital Spirit", "evs": {"hp": 85, "atk": 85, "def": 85, "spa": 85, "spd": 85, "spe": 85}, "ivs": {"hp": 31, "atk": 31, "def": 31, "spa": 31, "spd": 31, "spe": 31}, "item": "Heavy-Duty Boots", "teraType": "Ghost", "role": "Fast Support", "bvs": {"hp": 45, "atk": 55, "def": 45, "spa": 65, "spd": 45, "spe": 75}, "stats": {"hp": 252, "atk": 167, "def": 147, "spa": 187, "spd": 147, "spe": 207}, "types": ["Ice", "Flying"]}, "Plusle": {"name": "Plusle", "species": "Plusle", "speciesId": "plusle", "gender": "M", "shiny": false, "level": 95, "moves": ["thunderbolt", "grassknot", "nastyplot", "alluringvoice"], "ability": "Lightning Rod", "evs": {"hp": 85, "atk": 0, "def": 85, "spa": 85, "spd": 85, "spe": 85}, "ivs": {"hp": 31, "atk": 0, "def": 31, "spa": 31, "spd": 31, "spe": 31}, "item": "Life Orb", "teraType": "Electric", "role": "Setup Sweeper", "bvs": {"hp": 60, "atk": 50, "def": 40, "spa": 85, "spd": 75, "spe": 95}, "stats": {"hp": 268, "atk": 100, "def": 130, "spa": 215, "spd": 196, "spe": 234}, "types": ["Electric"]}, "Mamoswine": {"name": "Mamoswine", "species": "Mamoswine", "speciesId": "mamoswine", "gender": "F", "shiny": false, "level": 81, "moves": ["iciclecrash", "stealthrock", "iceshard", "earthquake"], "ability": "Thick Fat", "evs": {"hp": 85, "atk": 85, "def": 85, "spa": 85, "spd": 85, "spe": 85}, "ivs": {"hp": 31, "atk": 31, "def": 31, "spa": 31, "spd": 31, "spe": 31}, "item": "Life Orb", "teraType": "Ice", "role": "Wallbreaker", "bvs": {"hp": 110, "atk": 130, "def": 80, "spa": 70, "spd": 60, "spe": 80}, "stats": {"hp": 311, "atk": 257, "def": 176, "spa": 160, "spd": 144, "spe": 176}, "types": ["Ice", "Ground"]}, "Breloom": {"name": "Breloom", "species": "Breloom", "speciesId": "breloom", "gender": "M", "shiny": false, "level": 83, "moves": ["bulletseed", "machpunch", "rocktomb", "swordsdance"], "ability": "Technician", "evs": {"hp": 85, "atk": 85, "def": 85, "spa": 85, "spd": 85, "spe": 85}, "ivs": {"hp": 31, "atk": 31, "def": 31, "spa": 31, "spd": 31, "spe": 31}, "item": "Life Orb", "teraType": "Rock", "role": "Fast Attacker", "bvs": {"hp": 60, "atk": 130, "def": 80, "spa": 60, "spd": 60, "spe": 70}, "stats": {"hp": 235, "atk": 263, "def": 180, "spa": 147, "spd": 147, "spe": 164}, "types": ["Grass", "Fighting"]}}]}