{"id": "gen9randombattle-2642047299", "format": "[Gen 9] Random Battle", "players": ["Phrew", "Obaidelphox"], "log": "|j|\u2606Phrew\n|j|\u2606Obaidelphox\n|t:|1782879009\n|gametype|singles\n|player|p1|Phrew|2|1903\n|player|p2|Obaidelphox|2|1888\n|gen|9\n|tier|[Gen 9] Random Battle\n|rated|\n|rule|Species Clause: Limit one of each Pok\u00e9mon\n|rule|HP Percentage Mod: HP is shown in percentages\n|rule|Sleep Clause Mod: Limit one foe put to sleep\n|rule|Illusion Level Mod: Illusion disguises the Pok\u00e9mon's true level\n|\n|t:|1782879009\n|teamsize|p1|6\n|teamsize|p2|6\n|start\n|switch|p1a: Dusknoir|Dusknoir, L89, F|225/225\n|switch|p2a: Ceruledge|Ceruledge, L78, F|245/245\n|-item|p2a: Ceruledge|Heavy-Duty Boots|[from] ability: Frisk|[of] p1a: Dusknoir\n|turn|1\n|inactive|Battle timer is ON: inactive players will automatically lose when time's up. (requested by Phrew)\n|inactive|Phrew has 120 seconds left.\n|\n|t:|1782879068\n|-terastallize|p1a: Dusknoir|Fighting\n|move|p2a: Ceruledge|Poltergeist|p1a: Dusknoir\n|-activate|p1a: Dusknoir|move: Poltergeist|Leftovers\n|-damage|p1a: Dusknoir|138/225\n|move|p1a: Dusknoir|Poltergeist|p2a: Ceruledge\n|-activate|p2a: Ceruledge|move: Poltergeist|Heavy-Duty Boots\n|-supereffective|p2a: Ceruledge\n|-damage|p2a: Ceruledge|0 fnt\n|faint|p2a: Ceruledge\n|\n|-heal|p1a: Dusknoir|152/225|[from] item: Leftovers\n|upkeep\n|inactive|Obaidelphox has 120 seconds left.\n|\n|t:|1782879104\n|switch|p2a: Vileplume|Vileplume, L85, M|266/266\n|turn|2\n|\n|t:|1782879122\n|switch|p1a: Electrode|Electrode, L92|260/260\n|move|p2a: Vileplume|Sleep Powder|p1a: Electrode\n|-status|p1a: Electrode|slp|[from] move: Sleep Powder\n|\n|upkeep\n|turn|3\n|inactive|Obaidelphox has 120 seconds left.\n|inactive|Obaidelphox has 90 seconds left.\n|\n|t:|1782879196\n|switch|p1a: Froslass|Froslass, L87, F|263/263\n|move|p2a: Vileplume|Sludge Bomb|p1a: Froslass\n|-resisted|p1a: Froslass\n|-damage|p1a: Froslass|202/263\n|-start|p2a: Vileplume|Disable|Sludge Bomb|[from] ability: Cursed Body|[of] p1a: Froslass\n|\n|upkeep\n|turn|4\n|inactive|Obaidelphox has 60 seconds left.\n|\n|t:|1782879232\n|switch|p2a: Manaphy|Manaphy, L78|284/284\n|move|p1a: Froslass|Will-O-Wisp|p2a: Manaphy\n|-status|p2a: Manaphy|brn\n|\n|-damage|p2a: Manaphy|267/284 brn|[from] brn\n|upkeep\n|turn|5\n|inactive|Obaidelphox has 60 seconds left.\n|\n|t:|1782879240\n|move|p1a: Froslass|Taunt|p2a: Manaphy\n|-start|p2a: Manaphy|move: Taunt\n|cant|p2a: Manaphy|move: Taunt|Tail Glow\n|\n|-heal|p2a: Manaphy|284/284 brn|[from] item: Leftovers\n|-damage|p2a: Manaphy|267/284 brn|[from] brn\n|upkeep\n|turn|6\n|\n|t:|1782879246\n|move|p1a: Froslass|Poltergeist|p2a: Manaphy\n|-activate|p2a: Manaphy|move: Poltergeist|Leftovers\n|-damage|p2a: Manaphy|162/284 brn\n|move|p2a: Manaphy|Surf|p1a: Froslass\n|-damage|p1a: Froslass|109/263\n|-start|p2a: Manaphy|Disable|Surf|[from] ability: Cursed Body|[of] p1a: Froslass\n|\n|-heal|p2a: Manaphy|179/284 brn|[from] item: Leftovers\n|-damage|p2a: Manaphy|162/284 brn|[from] brn\n|upkeep\n|turn|7\n|inactive|Obaidelphox has 60 seconds left.\n|\n|t:|1782879278\n|move|p1a: Froslass|Poltergeist|p2a: Manaphy\n|-activate|p2a: Manaphy|move: Poltergeist|Leftovers\n|-damage|p2a: Manaphy|62/284 brn\n|move|p2a: Manaphy|Energy Ball|p1a: Froslass\n|-damage|p1a: Froslass|46/263\n|\n|-heal|p2a: Manaphy|79/284 brn|[from] item: Leftovers\n|-damage|p2a: Manaphy|62/284 brn|[from] brn\n|-end|p2a: Manaphy|move: Taunt\n|upkeep\n|turn|8\n|\n|t:|1782879283\n|move|p1a: Froslass|Poltergeist|p2a: Manaphy\n|-activate|p2a: Manaphy|move: Poltergeist|Leftovers\n|-crit|p2a: Manaphy\n|-damage|p2a: Manaphy|0 fnt\n|faint|p2a: Manaphy\n|\n|upkeep\n|inactive|Obaidelphox has 60 seconds left.\n|\n|t:|1782879289\n|switch|p2a: Metagross|Metagross, L79|256/256\n|turn|9\n|\n|t:|1782879299\n|move|p2a: Metagross|Bullet Punch|p1a: Froslass\n|-supereffective|p1a: Froslass\n|-damage|p1a: Froslass|0 fnt\n|faint|p1a: Froslass\n|\n|upkeep\n|\n|t:|1782879304\n|switch|p1a: Sandy Shocks|Sandy Shocks, L80|267/267\n|turn|10\n|\n|t:|1782879318\n|switch|p2a: Vileplume|Vileplume, L85, M|266/266\n|move|p1a: Sandy Shocks|Stealth Rock|p2a: Vileplume\n|-sidestart|p2: Obaidelphox|move: Stealth Rock\n|\n|upkeep\n|turn|11\n|\n|t:|1782879348\n|-end|p1a: Sandy Shocks|Protosynthesis|[silent]\n|switch|p1a: Dusknoir|Dusknoir, L89, F, tera:Fighting|152/225\n|-item|p2a: Vileplume|Leftovers|[from] ability: Frisk|[of] p1a: Dusknoir\n|move|p2a: Vileplume|Giga Drain|p1a: Dusknoir\n|-damage|p1a: Dusknoir|92/225\n|\n|-heal|p1a: Dusknoir|106/225|[from] item: Leftovers\n|upkeep\n|turn|12\n|\n|t:|1782879358\n|move|p2a: Vileplume|Strength Sap|p1a: Dusknoir\n|-unboost|p1a: Dusknoir|atk|1\n|move|p1a: Dusknoir|Pain Split|p2a: Vileplume\n|-sethp|p2a: Vileplume|186/266|[from] move: Pain Split|[silent]\n|-sethp|p1a: Dusknoir|186/225|[from] move: Pain Split\n|\n|-heal|p2a: Vileplume|202/266|[from] item: Leftovers\n|-heal|p1a: Dusknoir|200/225|[from] item: Leftovers\n|upkeep\n|turn|13\n|inactive|Obaidelphox has 90 seconds left.\n|inactive|Phrew has 120 seconds left.\n|\n|t:|1782879381\n|switch|p1a: Electrode|Electrode, L92|260/260 slp\n|move|p2a: Vileplume|Sludge Bomb|p1a: Electrode\n|-damage|p1a: Electrode|151/260 slp\n|\n|-heal|p2a: Vileplume|218/266|[from] item: Leftovers\n|upkeep\n|turn|14\n|inactive|Obaidelphox has 90 seconds left.\n|\n|t:|1782879407\n|cant|p1a: Electrode|slp\n|move|p2a: Vileplume|Giga Drain|p1a: Electrode\n|-damage|p1a: Electrode|57/260 slp\n|-heal|p2a: Vileplume|265/266|[from] drain|[of] p1a: Electrode\n|\n|-heal|p2a: Vileplume|266/266|[from] item: Leftovers\n|upkeep\n|turn|15\n|\n|t:|1782879412\n|cant|p1a: Electrode|slp\n|move|p2a: Vileplume|Sludge Bomb|p1a: Electrode\n|-damage|p1a: Electrode|0 fnt\n|faint|p1a: Electrode\n|\n|upkeep\n|\n|t:|1782879424\n|switch|p1a: Crawdaunt|Crawdaunt, L84, F|243/243\n|turn|16\n|inactive|Obaidelphox has 90 seconds left.\n|\n|t:|1782879454\n|move|p1a: Crawdaunt|Knock Off|p2a: Vileplume\n|-damage|p2a: Vileplume|8/266\n|-enditem|p2a: Vileplume|Leftovers|[from] move: Knock Off|[of] p1a: Crawdaunt\n|move|p2a: Vileplume|Strength Sap|p1a: Crawdaunt\n|-unboost|p1a: Crawdaunt|atk|1\n|-heal|p2a: Vileplume|258/266\n|\n|upkeep\n|turn|17\n|\n|t:|1782879460\n|move|p1a: Crawdaunt|Knock Off|p2a: Vileplume\n|-damage|p2a: Vileplume|142/266\n|move|p2a: Vileplume|Giga Drain|p1a: Crawdaunt\n|-supereffective|p1a: Crawdaunt\n|-damage|p1a: Crawdaunt|0 fnt\n|-heal|p2a: Vileplume|264/266|[from] drain|[of] p1a: Crawdaunt\n|faint|p1a: Crawdaunt\n|\n|upkeep\n|\n|t:|1782879463\n|switch|p1a: Chien-Pao|Chien-Pao, L72|234/234\n|-ability|p1a: Chien-Pao|Sword of Ruin\n|turn|18\n|inactive|Obaidelphox has 90 seconds left.\n|\n|t:|1782879482\n|-terastallize|p2a: Vileplume|Steel\n|move|p1a: Chien-Pao|Icicle Crash|p2a: Vileplume\n|-resisted|p2a: Vileplume\n|-damage|p2a: Vileplume|207/266\n|cant|p2a: Vileplume|flinch\n|\n|upkeep\n|turn|19\n|\n|t:|1782879493\n|switch|p1a: Dusknoir|Dusknoir, L89, F, tera:Fighting|200/225\n|move|p2a: Vileplume|Giga Drain|p1a: Dusknoir\n|-damage|p1a: Dusknoir|142/225\n|-heal|p2a: Vileplume|236/266|[from] drain|[of] p1a: Dusknoir\n|\n|-heal|p1a: Dusknoir|156/225|[from] item: Leftovers\n|upkeep\n|turn|20\n|\n|t:|1782879498\n|move|p2a: Vileplume|Sleep Powder|p1a: Dusknoir|[miss]\n|-miss|p2a: Vileplume|p1a: Dusknoir\n|move|p1a: Dusknoir|Substitute|p1a: Dusknoir\n|-start|p1a: Dusknoir|Substitute\n|-damage|p1a: Dusknoir|100/225\n|\n|-heal|p1a: Dusknoir|114/225|[from] item: Leftovers\n|upkeep\n|turn|21\n|inactive|Obaidelphox has 90 seconds left.\n|\n|t:|1782879506\n|-singleturn|p1a: Dusknoir|move: Focus Punch\n|move|p2a: Vileplume|Giga Drain|p1a: Dusknoir\n|-end|p1a: Dusknoir|Substitute\n|-heal|p2a: Vileplume|264/266|[from] drain|[of] p1a: Dusknoir\n|move|p1a: Dusknoir|Focus Punch|p2a: Vileplume\n|-supereffective|p2a: Vileplume\n|-crit|p2a: Vileplume\n|-damage|p2a: Vileplume|0 fnt\n|faint|p2a: Vileplume\n|\n|-heal|p1a: Dusknoir|128/225|[from] item: Leftovers\n|upkeep\n|\n|t:|1782879509\n|switch|p2a: Metagross|Metagross, L79|256/256\n|-damage|p2a: Metagross|240/256|[from] Stealth Rock\n|turn|22\n|\n|t:|1782879525\n|switch|p1a: Sandy Shocks|Sandy Shocks, L80|267/267\n|move|p2a: Metagross|Heavy Slam|p1a: Sandy Shocks\n|-resisted|p1a: Sandy Shocks\n|-damage|p1a: Sandy Shocks|159/267\n|\n|-heal|p1a: Sandy Shocks|175/267|[from] item: Leftovers\n|upkeep\n|turn|23\n|\n|t:|1782879536\n|move|p1a: Sandy Shocks|Thunder Wave|p2a: Metagross|[miss]\n|-miss|p1a: Sandy Shocks|p2a: Metagross\n|move|p2a: Metagross|Heavy Slam|p1a: Sandy Shocks\n|-resisted|p1a: Sandy Shocks\n|-damage|p1a: Sandy Shocks|74/267\n|\n|-heal|p1a: Sandy Shocks|90/267|[from] item: Leftovers\n|upkeep\n|turn|24\n|\n|t:|1782879540\n|move|p1a: Sandy Shocks|Earth Power|p2a: Metagross\n|-supereffective|p2a: Metagross\n|-damage|p2a: Metagross|34/256\n|move|p2a: Metagross|Heavy Slam|p1a: Sandy Shocks\n|-resisted|p1a: Sandy Shocks\n|-damage|p1a: Sandy Shocks|0 fnt\n|faint|p1a: Sandy Shocks\n|-end|p1a: Sandy Shocks|Protosynthesis|[silent]\n|\n|upkeep\n|\n|t:|1782879544\n|switch|p1a: Chien-Pao|Chien-Pao, L72|234/234\n|-ability|p1a: Chien-Pao|Sword of Ruin\n|turn|25\n|\n|t:|1782879548\n|move|p1a: Chien-Pao|Throat Chop|p2a: Metagross\n|-supereffective|p2a: Metagross\n|-damage|p2a: Metagross|0 fnt\n|faint|p2a: Metagross\n|\n|upkeep\n|\n|t:|1782879555\n|switch|p2a: Frosmoth|Frosmoth, L82, M|249/249\n|turn|26\n|\n|t:|1782879574\n|move|p1a: Chien-Pao|Throat Chop|p2a: Frosmoth\n|-damage|p2a: Frosmoth|120/249\n|-start|p2a: Frosmoth|Throat Chop|[silent]\n|cant|p2a: Frosmoth|move: Throat Chop\n|\n|upkeep\n|turn|27\n|inactive|Obaidelphox has 120 seconds left.\n|\n|t:|1782879610\n|move|p1a: Chien-Pao|Throat Chop|p2a: Frosmoth\n|-damage|p2a: Frosmoth|0 fnt\n|faint|p2a: Frosmoth\n|\n|upkeep\n|\n|t:|1782879614\n|switch|p2a: Spectrier|Spectrier, L75|274/274\n|-damage|p2a: Spectrier|240/274|[from] Stealth Rock\n|turn|28\n|\n|t:|1782879620\n|move|p2a: Spectrier|Draining Kiss|p1a: Chien-Pao\n|-supereffective|p1a: Chien-Pao\n|-damage|p1a: Chien-Pao|70/234\n|-heal|p2a: Spectrier|274/274|[from] drain|[of] p1a: Chien-Pao\n|-damage|p2a: Spectrier|247/274|[from] item: Life Orb\n|move|p1a: Chien-Pao|Throat Chop|p2a: Spectrier\n|-supereffective|p2a: Spectrier\n|-damage|p2a: Spectrier|0 fnt\n|faint|p2a: Spectrier\n|\n|win|Phrew\n|raw|Phrew's rating: 1903 &rarr; <strong>1921</strong><br />(+18 for winning)\n|raw|Obaidelphox's rating: 1869 &rarr; <strong>1851</strong><br />(-18 for losing)\n", "inputlog": ">version f8ac14003a5f27e1bdc8d8c59608a773c1cb96e5\n>start {\"formatid\":\"gen9randombattle\",\"seed\":\"sodium,0ec70aeb274e81e9f2eafd2458930946\",\"rated\":\"Rated battle\"}\n>player p1 {\"name\":\"Phrew\",\"avatar\":\"2\",\"rating\":1903,\"seed\":\"sodium,b4e69169918fd5dcfb6da55e2bf60376\"}\n>player p2 {\"name\":\"Obaidelphox\",\"avatar\":\"2\",\"rating\":1888,\"seed\":\"sodium,7f70c317610580b4ae0babbc7ed47f29\"}\n>p1 move poltergeist terastallize\n>p2 move poltergeist\n>p2 switch 3\n>p1 switch 5\n>p2 move sleeppowder\n>p1 switch 2\n>p2 move sludgebomb\n>p1 move willowisp\n>p2 switch 5\n>p1 move taunt\n>p2 move tailglow\n>p1 move poltergeist\n>p2 move surf\n>p1 move poltergeist\n>p2 move energyball\n>p1 move poltergeist\n>p2 move energyball\n>p2 switch 4\n>p1 move willowisp\n>p2 move bulletpunch\n>p1 switch 3\n>p1 move stealthrock\n>p2 switch 5\n>p1 switch 5\n>p2 move gigadrain\n>p1 move painsplit\n>p2 move strengthsap\n>p1 switch 2\n>p2 move sludgebomb\n>p1 move taunt\n>p2 move gigadrain\n>p1 move taunt\n>p2 move sludgebomb\n>p1 switch 6\n>p1 move knockoff\n>p2 move strengthsap\n>p1 move knockoff\n>p2 move gigadrain\n>p1 switch 4\n>p1 move iciclecrash\n>p2 move sludgebomb terastallize\n>p1 switch 2\n>p2 move gigadrain\n>p1 move substitute\n>p2 move sleeppowder\n>p1 move focuspunch\n>p2 move gigadrain\n>p2 switch 5\n>p1 switch 5\n>p2 move heavyslam\n>p1 move thunderwave\n>p2 move heavyslam\n>p1 move earthpower\n>p2 move heavyslam\n>p1 switch 2\n>p1 move throatchop\n>p2 move heavyslam\n>p2 switch 6\n>p1 move throatchop\n>p2 move bugbuzz\n>p1 move throatchop\n>p2 move icebeam\n>p2 switch 2\n>p1 move throatchop\n>p2 move drainingkiss", "uploadtime": 1782879620, "views": 4, "formatid": "gen9randombattle", "rating": 1851, "private": 0, "password": null, "player_dets": [{"name": "Phrew", "avatar": "2", "rating": 1903, "seed": "sodium,b4e69169918fd5dcfb6da55e2bf60376"}, {"name": "Obaidelphox", "avatar": "2", "rating": 1888, "seed": "sodium,7f70c317610580b4ae0babbc7ed47f29"}], "teams_full": [{"Dusknoir": {"name": "Dusknoir", "species": "Dusknoir", "speciesId": "dusknoir", "gender": "F", "shiny": false, "level": 89, "moves": ["poltergeist", "substitute", "painsplit", "focuspunch"], "ability": "Frisk", "evs": {"hp": 85, "atk": 85, "def": 85, "spa": 85, "spd": 85, "spe": 85}, "ivs": {"hp": 31, "atk": 31, "def": 31, "spa": 31, "spd": 31, "spe": 31}, "item": "Leftovers", "teraType": "Fighting", "role": "Bulky Attacker", "bvs": {"hp": 45, "atk": 100, "def": 135, "spa": 65, "spd": 135, "spe": 45}, "stats": {"hp": 225, "atk": 229, "def": 291, "spa": 166, "spd": 291, "spe": 131}, "types": ["Ghost"]}, "Froslass": {"name": "Froslass", "species": "Froslass", "speciesId": "froslass", "gender": "F", "shiny": false, "level": 87, "moves": ["tripleaxel", "willowisp", "taunt", "poltergeist"], "ability": "Cursed Body", "evs": {"hp": 81, "atk": 85, "def": 85, "spa": 85, "spd": 85, "spe": 85}, "ivs": {"hp": 31, "atk": 31, "def": 31, "spa": 31, "spd": 31, "spe": 31}, "item": "Wide Lens", "teraType": "Ice", "role": "Fast Support", "bvs": {"hp": 70, "atk": 80, "def": 70, "spa": 80, "spd": 70, "spe": 110}, "stats": {"hp": 263, "atk": 189, "def": 172, "spa": 189, "spd": 172, "spe": 241}, "types": ["Ice", "Ghost"]}, "Sandy Shocks": {"name": "Sandy Shocks", "species": "Sandy Shocks", "speciesId": "sandyshocks", "gender": "N", "shiny": false, "level": 80, "moves": ["earthpower", "stealthrock", "thunderbolt", "thunderwave"], "ability": "Protosynthesis", "evs": {"hp": 85, "atk": 0, "def": 85, "spa": 85, "spd": 85, "spe": 85}, "ivs": {"hp": 31, "atk": 0, "def": 31, "spa": 31, "spd": 31, "spe": 31}, "item": "Leftovers", "teraType": "Ground", "role": "Fast Support", "bvs": {"hp": 85, "atk": 81, "def": 97, "spa": 121, "spd": 85, "spe": 101}, "stats": {"hp": 267, "atk": 134, "def": 201, "spa": 240, "spd": 182, "spe": 208}, "types": ["Electric", "Ground"]}, "Chien-Pao": {"name": "Chien-Pao", "species": "Chien-Pao", "speciesId": "chienpao", "gender": "N", "shiny": false, "level": 72, "moves": ["sacredsword", "swordsdance", "throatchop", "iciclecrash"], "ability": "Sword of Ruin", "evs": {"hp": 85, "atk": 85, "def": 85, "spa": 85, "spd": 85, "spe": 85}, "ivs": {"hp": 31, "atk": 31, "def": 31, "spa": 31, "spd": 31, "spe": 31}, "item": "Heavy-Duty Boots", "teraType": "Ice", "role": "Setup Sweeper", "bvs": {"hp": 80, "atk": 120, "def": 80, "spa": 90, "spd": 65, "spe": 135}, "stats": {"hp": 234, "atk": 215, "def": 157, "spa": 172, "spd": 136, "spe": 236}, "types": ["Dark", "Ice"]}, "Electrode": {"name": "Electrode", "species": "Electrode", "speciesId": "electrode", "gender": "N", "shiny": false, "level": 92, "moves": ["voltswitch", "thunderbolt", "taunt", "foulplay"], "ability": "Aftermath", "evs": {"hp": 85, "atk": 0, "def": 85, "spa": 85, "spd": 85, "spe": 85}, "ivs": {"hp": 31, "atk": 0, "def": 31, "spa": 31, "spd": 31, "spe": 31}, "item": "Heavy-Duty Boots", "teraType": "Electric", "role": "Fast Support", "bvs": {"hp": 60, "atk": 50, "def": 70, "spa": 80, "spd": 80, "spe": 150}, "stats": {"hp": 260, "atk": 97, "def": 181, "spa": 200, "spd": 200, "spe": 328}, "types": ["Electric"]}, "Crawdaunt": {"name": "Crawdaunt", "species": "Crawdaunt", "speciesId": "crawdaunt", "gender": "F", "shiny": false, "level": 84, "moves": ["knockoff", "closecombat", "crabhammer", "aquajet"], "ability": "Adaptability", "evs": {"hp": 85, "atk": 85, "def": 85, "spa": 85, "spd": 85, "spe": 85}, "ivs": {"hp": 31, "atk": 31, "def": 31, "spa": 31, "spd": 31, "spe": 31}, "item": "Choice Band", "teraType": "Fighting", "role": "Fast Attacker", "bvs": {"hp": 63, "atk": 120, "def": 85, "spa": 90, "spd": 55, "spe": 55}, "stats": {"hp": 243, "atk": 250, "def": 191, "spa": 199, "spd": 141, "spe": 141}, "types": ["Water", "Dark"]}}, {"Ceruledge": {"name": "Ceruledge", "species": "Ceruledge", "speciesId": "ceruledge", "gender": "F", "shiny": false, "level": 78, "moves": ["closecombat", "bitterblade", "swordsdance", "poltergeist"], "ability": "Weak Armor", "evs": {"hp": 85, "atk": 85, "def": 85, "spa": 85, "spd": 85, "spe": 85}, "ivs": {"hp": 31, "atk": 31, "def": 31, "spa": 31, "spd": 31, "spe": 31}, "item": "Heavy-Duty Boots", "teraType": "Fire", "role": "Setup Sweeper", "bvs": {"hp": 75, "atk": 125, "def": 80, "spa": 60, "spd": 100, "spe": 85}, "stats": {"hp": 245, "atk": 240, "def": 170, "spa": 139, "spd": 201, "spe": 178}, "types": ["Fire", "Ghost"]}, "Spectrier": {"name": "Spectrier", "species": "Spectrier", "speciesId": "spectrier", "gender": "N", "shiny": false, "level": 75, "moves": ["shadowball", "darkpulse", "drainingkiss", "nastyplot"], "ability": "Grim Neigh", "evs": {"hp": 85, "atk": 0, "def": 85, "spa": 85, "spd": 85, "spe": 85}, "ivs": {"hp": 31, "atk": 0, "def": 31, "spa": 31, "spd": 31, "spe": 31}, "item": "Life Orb", "teraType": "Fairy", "role": "Setup Sweeper", "bvs": {"hp": 100, "atk": 65, "def": 60, "spa": 145, "spd": 80, "spe": 130}, "stats": {"hp": 274, "atk": 102, "def": 134, "spa": 261, "spd": 164, "spe": 239}, "types": ["Ghost"]}, "Vileplume": {"name": "Vileplume", "species": "Vileplume", "speciesId": "vileplume", "gender": "M", "shiny": false, "level": 85, "moves": ["gigadrain", "sludgebomb", "strengthsap", "sleeppowder"], "ability": "Effect Spore", "evs": {"hp": 85, "atk": 0, "def": 85, "spa": 85, "spd": 85, "spe": 85}, "ivs": {"hp": 31, "atk": 0, "def": 31, "spa": 31, "spd": 31, "spe": 31}, "item": "Leftovers", "teraType": "Steel", "role": "Bulky Attacker", "bvs": {"hp": 75, "atk": 80, "def": 85, "spa": 110, "spd": 90, "spe": 50}, "stats": {"hp": 266, "atk": 141, "def": 193, "spa": 236, "spd": 202, "spe": 134}, "types": ["Grass", "Poison"]}, "Metagross": {"name": "Metagross", "species": "Metagross", "speciesId": "metagross", "gender": "N", "shiny": false, "level": 79, "moves": ["psychicfangs", "heavyslam", "knockoff", "bulletpunch"], "ability": "Clear Body", "evs": {"hp": 85, "atk": 85, "def": 85, "spa": 85, "spd": 85, "spe": 85}, "ivs": {"hp": 31, "atk": 31, "def": 31, "spa": 31, "spd": 31, "spe": 31}, "item": "Choice Band", "teraType": "Water", "role": "Bulky Support", "bvs": {"hp": 80, "atk": 135, "def": 130, "spa": 95, "spd": 90, "spe": 70}, "stats": {"hp": 256, "atk": 259, "def": 251, "spa": 196, "spd": 188, "spe": 156}, "types": ["Steel", "Psychic"]}, "Manaphy": {"name": "Manaphy", "species": "Manaphy", "speciesId": "manaphy", "gender": "N", "shiny": false, "level": 78, "moves": ["surf", "icebeam", "tailglow", "energyball"], "ability": "Hydration", "evs": {"hp": 85, "atk": 0, "def": 85, "spa": 85, "spd": 85, "spe": 85}, "ivs": {"hp": 31, "atk": 0, "def": 31, "spa": 31, "spd": 31, "spe": 31}, "item": "Leftovers", "teraType": "Grass", "role": "Bulky Setup", "bvs": {"hp": 100, "atk": 100, "def": 100, "spa": 100, "spd": 100, "spe": 100}, "stats": {"hp": 284, "atk": 161, "def": 201, "spa": 201, "spd": 201, "spe": 201}, "types": ["Water"]}, "Frosmoth": {"name": "Frosmoth", "species": "Frosmoth", "speciesId": "frosmoth", "gender": "M", "shiny": false, "level": 82, "moves": ["gigadrain", "bugbuzz", "quiverdance", "icebeam"], "ability": "Ice Scales", "evs": {"hp": 85, "atk": 0, "def": 85, "spa": 85, "spd": 85, "spe": 85}, "ivs": {"hp": 31, "atk": 0, "def": 31, "spa": 31, "spd": 31, "spe": 31}, "item": "Heavy-Duty Boots", "teraType": "Water", "role": "Setup Sweeper", "bvs": {"hp": 70, "atk": 65, "def": 60, "spa": 125, "spd": 90, "spe": 65}, "stats": {"hp": 249, "atk": 111, "def": 146, "spa": 252, "spd": 195, "spe": 154}, "types": ["Ice", "Bug"]}}]}