{"id": "gen9randombattle-2641929026", "format": "[Gen 9] Random Battle", "players": ["daniiiel94", "DannyMelon"], "log": "|j|\u2606daniiiel94\n|j|\u2606DannyMelon\n|t:|1782860340\n|gametype|singles\n|player|p1|daniiiel94|cynthia-gen4|1533\n|player|p2|DannyMelon|266|1529\n|gen|9\n|tier|[Gen 9] Random Battle\n|rated|\n|rule|Species Clause: Limit one of each Pok\u00e9mon\n|rule|HP Percentage Mod: HP is shown in percentages\n|rule|Sleep Clause Mod: Limit one foe put to sleep\n|rule|Illusion Level Mod: Illusion disguises the Pok\u00e9mon's true level\n|\n|t:|1782860340\n|teamsize|p1|6\n|teamsize|p2|6\n|start\n|switch|p1a: Iron Boulder|Iron Boulder, L77|265/265\n|switch|p2a: Meowscarada|Meowscarada, L78, F|247/247\n|turn|1\n|inactive|Battle timer is ON: inactive players will automatically lose when time's up. (requested by DannyMelon)\n|\n|t:|1782860362\n|-end|p1a: Iron Boulder|Quark Drive|[silent]\n|switch|p1a: Roaring Moon|Roaring Moon, L72|270/270\n|move|p2a: Meowscarada|Flower Trick|p1a: Roaring Moon\n|-start|p2a: Meowscarada|typechange|Grass|[from] ability: Protean\n|-resisted|p1a: Roaring Moon\n|-crit|p1a: Roaring Moon\n|-damage|p1a: Roaring Moon|198/270\n|\n|upkeep\n|turn|2\n|\n|t:|1782860374\n|move|p2a: Meowscarada|Triple Axel|p1a: Roaring Moon\n|-supereffective|p1a: Roaring Moon\n|-damage|p1a: Roaring Moon|158/270\n|-supereffective|p1a: Roaring Moon\n|-crit|p1a: Roaring Moon\n|-damage|p1a: Roaring Moon|38/270\n|-supereffective|p1a: Roaring Moon\n|-damage|p1a: Roaring Moon|0 fnt\n|faint|p1a: Roaring Moon\n|-end|p1a: Roaring Moon|Protosynthesis|[silent]\n|-hitcount|p1: Roaring Moon|3\n|\n|upkeep\n|inactive|daniiiel94 has 120 seconds left.\n|c|\u2606DannyMelon|Crit didn\u2019t matter\n|\n|t:|1782860415\n|switch|p1a: Bastiodon|Bastiodon, L89, F|252/252\n|turn|3\n|\n|t:|1782860423\n|switch|p2a: Camerupt|Camerupt, L91, M|275/275\n|move|p1a: Bastiodon|Iron Defense|p1a: Bastiodon\n|-boost|p1a: Bastiodon|def|2\n|\n|upkeep\n|turn|4\n|\n|t:|1782860431\n|move|p2a: Camerupt|Stealth Rock|p1a: Bastiodon\n|-sidestart|p1: daniiiel94|move: Stealth Rock\n|move|p1a: Bastiodon|Body Press|p2a: Camerupt\n|-damage|p2a: Camerupt|68/275\n|\n|-heal|p2a: Camerupt|85/275|[from] item: Leftovers\n|upkeep\n|turn|5\n|\n|t:|1782860436\n|move|p2a: Camerupt|Overheat|p1a: Bastiodon|[miss]\n|-miss|p2a: Camerupt|p1a: Bastiodon\n|move|p1a: Bastiodon|Body Press|p2a: Camerupt\n|-damage|p2a: Camerupt|0 fnt\n|faint|p2a: Camerupt\n|\n|upkeep\n|\n|t:|1782860450\n|switch|p2a: Meowscarada|Meowscarada, L78, F|247/247\n|turn|6\n|\n|t:|1782860456\n|move|p2a: Meowscarada|Flower Trick|p1a: Bastiodon\n|-start|p2a: Meowscarada|typechange|Grass|[from] ability: Protean\n|-crit|p1a: Bastiodon\n|-damage|p1a: Bastiodon|194/252\n|move|p1a: Bastiodon|Body Press|p2a: Meowscarada\n|-damage|p2a: Meowscarada|12/247\n|\n|upkeep\n|turn|7\n|\n|t:|1782860466\n|move|p2a: Meowscarada|Flower Trick|p1a: Bastiodon\n|-crit|p1a: Bastiodon\n|-damage|p1a: Bastiodon|134/252\n|move|p1a: Bastiodon|Body Press|p2a: Meowscarada\n|-crit|p2a: Meowscarada\n|-damage|p2a: Meowscarada|0 fnt\n|faint|p2a: Meowscarada\n|\n|upkeep\n|\n|t:|1782860471\n|switch|p2a: Masquerain|Masquerain, L87, F|264/264\n|-ability|p2a: Masquerain|Intimidate|boost\n|-unboost|p1a: Bastiodon|atk|1\n|turn|8\n|\n|t:|1782860483\n|switch|p1a: Vigoroth|Vigoroth, L85, F|275/275\n|-damage|p1a: Vigoroth|241/275|[from] Stealth Rock\n|move|p2a: Masquerain|Hydro Pump|p1a: Vigoroth\n|-damage|p1a: Vigoroth|165/275\n|\n|upkeep\n|turn|9\n|\n|t:|1782860498\n|switch|p2a: Cobalion|Cobalion, L80|277/277\n|move|p1a: Vigoroth|Body Slam|p2a: Cobalion\n|-resisted|p2a: Cobalion\n|-damage|p2a: Cobalion|243/277\n|\n|upkeep\n|turn|10\n|\n|t:|1782860507\n|move|p2a: Cobalion|Swords Dance|p2a: Cobalion\n|-boost|p2a: Cobalion|atk|2\n|move|p1a: Vigoroth|Body Slam|p2a: Cobalion\n|-resisted|p2a: Cobalion\n|-damage|p2a: Cobalion|214/277\n|\n|upkeep\n|turn|11\n|\n|t:|1782860520\n|-terastallize|p2a: Cobalion|Fighting\n|move|p2a: Cobalion|Close Combat|p1a: Vigoroth\n|-supereffective|p1a: Vigoroth\n|-damage|p1a: Vigoroth|0 fnt\n|-unboost|p2a: Cobalion|def|1\n|-unboost|p2a: Cobalion|spd|1\n|faint|p1a: Vigoroth\n|-damage|p2a: Cobalion|187/277|[from] item: Life Orb\n|\n|upkeep\n|\n|t:|1782860532\n|switch|p1a: Iron Boulder|Iron Boulder, L77|265/265\n|-damage|p1a: Iron Boulder|232/265|[from] Stealth Rock\n|turn|12\n|\n|t:|1782860539\n|switch|p2a: Mabosstiff|Mabosstiff, L86, M|278/278\n|move|p1a: Iron Boulder|Zen Headbutt|p2a: Mabosstiff\n|-immune|p2a: Mabosstiff\n|\n|upkeep\n|turn|13\n|c|\u2606DannyMelon|I\u2019m scarfed\n|\n|t:|1782860557\n|-terastallize|p1a: Iron Boulder|Fighting\n|move|p2a: Mabosstiff|Crunch|p1a: Iron Boulder\n|-resisted|p1a: Iron Boulder\n|-damage|p1a: Iron Boulder|174/265\n|-unboost|p1a: Iron Boulder|def|1\n|move|p1a: Iron Boulder|Swords Dance|p1a: Iron Boulder\n|-boost|p1a: Iron Boulder|atk|2\n|\n|upkeep\n|turn|14\n|\n|t:|1782860566\n|move|p2a: Mabosstiff|Crunch|p1a: Iron Boulder\n|-resisted|p1a: Iron Boulder\n|-damage|p1a: Iron Boulder|89/265\n|move|p1a: Iron Boulder|Close Combat|p2a: Mabosstiff\n|-supereffective|p2a: Mabosstiff\n|-damage|p2a: Mabosstiff|0 fnt\n|-unboost|p1a: Iron Boulder|def|1\n|-unboost|p1a: Iron Boulder|spd|1\n|faint|p2a: Mabosstiff\n|-damage|p1a: Iron Boulder|63/265|[from] item: Life Orb\n|\n|upkeep\n|c|\u2606daniiiel94|i know\n|\n|t:|1782860586\n|switch|p2a: Gouging Fire|Gouging Fire, L74|277/277\n|turn|15\n|\n|t:|1782860599\n|move|p1a: Iron Boulder|Mighty Cleave|p2a: Gouging Fire\n|-supereffective|p2a: Gouging Fire\n|-crit|p2a: Gouging Fire\n|-damage|p2a: Gouging Fire|0 fnt\n|faint|p2a: Gouging Fire\n|-end|p2a: Gouging Fire|Protosynthesis|[silent]\n|-damage|p1a: Iron Boulder|37/265|[from] item: Life Orb\n|\n|upkeep\n|\n|t:|1782860603\n|switch|p2a: Masquerain|Masquerain, L87, F|264/264\n|-ability|p2a: Masquerain|Intimidate|boost\n|-unboost|p1a: Iron Boulder|atk|1\n|turn|16\n|\n|t:|1782860607\n|move|p1a: Iron Boulder|Mighty Cleave|p2a: Masquerain\n|-supereffective|p2a: Masquerain\n|-damage|p2a: Masquerain|0 fnt\n|faint|p2a: Masquerain\n|-damage|p1a: Iron Boulder|11/265|[from] item: Life Orb\n|\n|upkeep\n|\n|t:|1782860609\n|switch|p2a: Cobalion|Cobalion, L80, tera:Fighting|187/277\n|turn|17\n|\n|t:|1782860613\n|move|p1a: Iron Boulder|Zen Headbutt|p2a: Cobalion\n|-supereffective|p2a: Cobalion\n|-damage|p2a: Cobalion|0 fnt\n|faint|p2a: Cobalion\n|-damage|p1a: Iron Boulder|0 fnt|[from] item: Life Orb\n|faint|p1a: Iron Boulder\n|-end|p1a: Iron Boulder|Quark Drive|[silent]\n|\n|win|daniiiel94\n|raw|daniiiel94's rating: 1533 &rarr; <strong>1553</strong><br />(+20 for winning)\n|raw|DannyMelon's rating: 1529 &rarr; <strong>1509</strong><br />(-20 for losing)\n|c|\u2606DannyMelon|Gg\n|c|\u2606daniiiel94|gg\n|c|\u2606DannyMelon|You didn\u2019t know I was scarfed\n|c|\u2606DannyMelon|Until I said it\n|c|\u2606DannyMelon|be honest\n|l|\u2606DannyMelon\n|player|p2|\n|c|\u2606daniiiel94|it'r the standard loadout\n", "inputlog": ">version f8ac14003a5f27e1bdc8d8c59608a773c1cb96e5\n>start {\"formatid\":\"gen9randombattle\",\"seed\":\"sodium,6a6c418f097f667c92b10a45b4d261cf\",\"rated\":\"Rated battle\"}\n>player p1 {\"name\":\"daniiiel94\",\"avatar\":\"cynthia-gen4\",\"rating\":1533,\"seed\":\"sodium,65f0c9dc4cf839248451f6cc0e677691\"}\n>player p2 {\"name\":\"DannyMelon\",\"avatar\":\"266\",\"rating\":1529,\"seed\":\"sodium,98fdb7359d9a326e45c4a57a4cde1d16\"}\n>p1 switch 4\n>p2 move flowertrick\n>p1 move outrage\n>p2 move tripleaxel\n>chat \u2606DannyMelon|Crit didn\u2019t matter\n>p1 switch 5\n>p1 move irondefense\n>p2 switch 4\n>p1 move bodypress\n>p2 move stealthrock\n>p1 move bodypress\n>p2 move overheat\n>p2 switch 4\n>p1 move bodypress\n>p2 move flowertrick\n>p1 move bodypress\n>p2 move flowertrick\n>p2 switch 6\n>p1 switch 3\n>p2 move hydropump\n>p1 move bodyslam\n>p2 switch 3\n>p1 move bodyslam\n>p2 move swordsdance\n>p1 move bodyslam\n>p2 move closecombat terastallize\n>p1 switch 4\n>p1 move zenheadbutt\n>p2 switch 2\n>chat \u2606DannyMelon|I\u2019m scarfed\n>p1 move swordsdance terastallize\n>p2 move crunch\n>p1 move closecombat\n>p2 move crunch\n>chat \u2606daniiiel94|i know\n>p2 switch 5\n>p1 move mightycleave\n>p2 move dragondance\n>p2 switch 3\n>p1 move mightycleave\n>p2 move stickyweb\n>p2 switch 2\n>p1 move zenheadbutt\n>p2 move ironhead", "uploadtime": 1782860700, "views": 10, "formatid": "gen9randombattle", "rating": 1509, "private": 0, "password": null, "player_dets": [{"name": "daniiiel94", "avatar": "cynthia-gen4", "rating": 1533, "seed": "sodium,65f0c9dc4cf839248451f6cc0e677691"}, {"name": "DannyMelon", "avatar": "266", "rating": 1529, "seed": "sodium,98fdb7359d9a326e45c4a57a4cde1d16"}], "teams_full": [{"Iron Boulder": {"name": "Iron Boulder", "species": "Iron Boulder", "speciesId": "ironboulder", "gender": "N", "shiny": false, "level": 77, "moves": ["mightycleave", "closecombat", "swordsdance", "zenheadbutt"], "ability": "Quark Drive", "evs": {"hp": 85, "atk": 85, "def": 85, "spa": 85, "spd": 85, "spe": 85}, "ivs": {"hp": 31, "atk": 31, "def": 31, "spa": 31, "spd": 31, "spe": 31}, "item": "Life Orb", "teraType": "Fighting", "role": "Setup Sweeper", "bvs": {"hp": 90, "atk": 120, "def": 80, "spa": 68, "spd": 108, "spe": 124}, "stats": {"hp": 265, "atk": 229, "def": 168, "spa": 149, "spd": 211, "spe": 236}, "types": ["Rock", "Psychic"]}, "Mudsdale": {"name": "Mudsdale", "species": "Mudsdale", "speciesId": "mudsdale", "gender": "F", "shiny": false, "level": 83, "moves": ["stealthrock", "earthquake", "heavyslam", "roar"], "ability": "Stamina", "evs": {"hp": 85, "atk": 85, "def": 85, "spa": 85, "spd": 85, "spe": 85}, "ivs": {"hp": 31, "atk": 31, "def": 31, "spa": 31, "spd": 31, "spe": 31}, "item": "Leftovers", "teraType": "Steel", "role": "Bulky Attacker", "bvs": {"hp": 100, "atk": 125, "def": 100, "spa": 55, "spd": 85, "spe": 35}, "stats": {"hp": 302, "atk": 255, "def": 214, "spa": 139, "spd": 189, "spe": 106}, "types": ["Ground"]}, "Vigoroth": {"name": "Vigoroth", "species": "Vigoroth", "speciesId": "vigoroth", "gender": "F", "shiny": false, "level": 85, "moves": ["knockoff", "slackoff", "bulkup", "bodyslam"], "ability": "Vital Spirit", "evs": {"hp": 85, "atk": 85, "def": 85, "spa": 85, "spd": 85, "spe": 85}, "ivs": {"hp": 31, "atk": 31, "def": 31, "spa": 31, "spd": 31, "spe": 31}, "item": "Eviolite", "teraType": "Ghost", "role": "Bulky Setup", "bvs": {"hp": 80, "atk": 80, "def": 80, "spa": 55, "spd": 55, "spe": 90}, "stats": {"hp": 275, "atk": 185, "def": 185, "spa": 142, "spd": 142, "spe": 202}, "types": ["Normal"]}, "Roaring Moon": {"name": "Roaring Moon", "species": "Roaring Moon", "speciesId": "roaringmoon", "gender": "N", "shiny": false, "level": 72, "moves": ["knockoff", "uturn", "outrage", "ironhead"], "ability": "Protosynthesis", "evs": {"hp": 85, "atk": 85, "def": 85, "spa": 85, "spd": 85, "spe": 85}, "ivs": {"hp": 31, "atk": 31, "def": 31, "spa": 31, "spd": 31, "spe": 31}, "item": "Choice Band", "teraType": "Steel", "role": "Bulky Attacker", "bvs": {"hp": 105, "atk": 139, "def": 71, "spa": 55, "spd": 101, "spe": 119}, "stats": {"hp": 270, "atk": 242, "def": 144, "spa": 121, "spd": 187, "spe": 213}, "types": ["Dragon", "Dark"]}, "Bastiodon": {"name": "Bastiodon", "species": "Bastiodon", "speciesId": "bastiodon", "gender": "F", "shiny": false, "level": 89, "moves": ["bodypress", "foulplay", "rest", "irondefense"], "ability": "Soundproof", "evs": {"hp": 85, "atk": 0, "def": 85, "spa": 85, "spd": 85, "spe": 85}, "ivs": {"hp": 31, "atk": 0, "def": 31, "spa": 31, "spd": 31, "spe": 31}, "item": "Chesto Berry", "teraType": "Fighting", "role": "Bulky Setup", "bvs": {"hp": 60, "atk": 52, "def": 168, "spa": 47, "spd": 138, "spe": 30}, "stats": {"hp": 252, "atk": 97, "def": 350, "spa": 134, "spd": 296, "spe": 104}, "types": ["Rock", "Steel"]}, "Basculegion": {"name": "Basculegion", "species": "Basculegion", "speciesId": "basculegion", "gender": "M", "shiny": false, "level": 80, "moves": ["shadowball", "aquajet", "flipturn", "wavecrash"], "ability": "Adaptability", "evs": {"hp": 85, "atk": 85, "def": 85, "spa": 85, "spd": 85, "spe": 85}, "ivs": {"hp": 31, "atk": 31, "def": 31, "spa": 31, "spd": 31, "spe": 31}, "item": "Assault Vest", "teraType": "Water", "role": "AV Pivot", "bvs": {"hp": 120, "atk": 112, "def": 65, "spa": 80, "spd": 75, "spe": 78}, "stats": {"hp": 323, "atk": 225, "def": 150, "spa": 174, "spd": 166, "spe": 171}, "types": ["Water", "Ghost"]}}, {"Meowscarada": {"name": "Meowscarada", "species": "Meowscarada", "speciesId": "meowscarada", "gender": "F", "shiny": false, "level": 78, "moves": ["tripleaxel", "toxicspikes", "flowertrick", "knockoff"], "ability": "Protean", "evs": {"hp": 85, "atk": 85, "def": 85, "spa": 85, "spd": 85, "spe": 85}, "ivs": {"hp": 31, "atk": 31, "def": 31, "spa": 31, "spd": 31, "spe": 31}, "item": "Focus Sash", "teraType": "Dark", "role": "Fast Support", "bvs": {"hp": 76, "atk": 110, "def": 70, "spa": 81, "spd": 70, "spe": 123}, "stats": {"hp": 247, "atk": 217, "def": 154, "spa": 171, "spd": 154, "spe": 237}, "types": ["Grass", "Dark"]}, "Mabosstiff": {"name": "Mabosstiff", "species": "Mabosstiff", "speciesId": "mabosstiff", "gender": "M", "shiny": false, "level": 86, "moves": ["psychicfangs", "crunch", "playrough", "wildcharge"], "ability": "Stakeout", "evs": {"hp": 85, "atk": 85, "def": 85, "spa": 85, "spd": 85, "spe": 85}, "ivs": {"hp": 31, "atk": 31, "def": 31, "spa": 31, "spd": 31, "spe": 31}, "item": "Choice Scarf", "teraType": "Fairy", "role": "Bulky Attacker", "bvs": {"hp": 80, "atk": 120, "def": 90, "spa": 60, "spd": 70, "spe": 85}, "stats": {"hp": 278, "atk": 256, "def": 204, "spa": 152, "spd": 170, "spe": 195}, "types": ["Dark"]}, "Cobalion": {"name": "Cobalion", "species": "Cobalion", "speciesId": "cobalion", "gender": "N", "shiny": false, "level": 80, "moves": ["swordsdance", "stoneedge", "closecombat", "ironhead"], "ability": "Justified", "evs": {"hp": 85, "atk": 85, "def": 85, "spa": 85, "spd": 85, "spe": 85}, "ivs": {"hp": 31, "atk": 31, "def": 31, "spa": 31, "spd": 31, "spe": 31}, "item": "Life Orb", "teraType": "Fighting", "role": "Fast Bulky Setup", "bvs": {"hp": 91, "atk": 90, "def": 129, "spa": 90, "spd": 72, "spe": 108}, "stats": {"hp": 277, "atk": 190, "def": 253, "spa": 190, "spd": 161, "spe": 219}, "types": ["Steel", "Fighting"]}, "Camerupt": {"name": "Camerupt", "species": "Camerupt", "speciesId": "camerupt", "gender": "M", "shiny": false, "level": 91, "moves": ["roar", "earthquake", "overheat", "stealthrock"], "ability": "Solid Rock", "evs": {"hp": 85, "atk": 85, "def": 85, "spa": 85, "spd": 85, "spe": 85}, "ivs": {"hp": 31, "atk": 31, "def": 31, "spa": 31, "spd": 31, "spe": 31}, "item": "Leftovers", "teraType": "Water", "role": "Bulky Support", "bvs": {"hp": 70, "atk": 100, "def": 70, "spa": 105, "spd": 75, "spe": 40}, "stats": {"hp": 275, "atk": 234, "def": 179, "spa": 243, "spd": 188, "spe": 125}, "types": ["Fire", "Ground"]}, "Gouging Fire": {"name": "Gouging Fire", "species": "Gouging Fire", "speciesId": "gougingfire", "gender": "N", "shiny": false, "level": 74, "moves": ["dragondance", "outrage", "heatcrash", "morningsun"], "ability": "Protosynthesis", "evs": {"hp": 85, "atk": 85, "def": 85, "spa": 85, "spd": 85, "spe": 85}, "ivs": {"hp": 31, "atk": 31, "def": 31, "spa": 31, "spd": 31, "spe": 31}, "item": "Heavy-Duty Boots", "teraType": "Fairy", "role": "Bulky Setup", "bvs": {"hp": 105, "atk": 115, "def": 121, "spa": 65, "spd": 93, "spe": 91}, "stats": {"hp": 277, "atk": 213, "def": 222, "spa": 139, "spd": 181, "spe": 178}, "types": ["Fire", "Dragon"]}, "Masquerain": {"name": "Masquerain", "species": "Masquerain", "speciesId": "masquerain", "gender": "F", "shiny": false, "level": 87, "moves": ["hurricane", "bugbuzz", "hydropump", "stickyweb"], "ability": "Intimidate", "evs": {"hp": 85, "atk": 0, "def": 85, "spa": 85, "spd": 85, "spe": 85}, "ivs": {"hp": 31, "atk": 0, "def": 31, "spa": 31, "spd": 31, "spe": 31}, "item": "Heavy-Duty Boots", "teraType": "Steel", "role": "Fast Support", "bvs": {"hp": 70, "atk": 60, "def": 62, "spa": 100, "spd": 82, "spe": 80}, "stats": {"hp": 264, "atk": 109, "def": 158, "spa": 224, "spd": 192, "spe": 189}, "types": ["Bug", "Flying"]}}]}