{"id": "gen9randombattle-2642168306", "format": "[Gen 9] Random Battle", "players": ["jnpr010334", "hake_en_el_mar"], "log": "|j|\u2606jnpr010334\n|j|\u2606hake_en_el_mar\n|t:|1782904314\n|gametype|singles\n|player|p1|jnpr010334|265|1649\n|player|p2|hake_en_el_mar|miku-water|1638\n|gen|9\n|tier|[Gen 9] Random Battle\n|rated|\n|rule|Species Clause: Limit one of each Pok\u00e9mon\n|rule|HP Percentage Mod: HP is shown in percentages\n|rule|Sleep Clause Mod: Limit one foe put to sleep\n|rule|Illusion Level Mod: Illusion disguises the Pok\u00e9mon's true level\n|\n|t:|1782904314\n|teamsize|p1|6\n|teamsize|p2|6\n|start\n|switch|p1a: Masquerain|Masquerain, L87, M|264/264\n|switch|p2a: Ting-Lu|Ting-Lu, L78|370/370\n|-ability|p1a: Masquerain|Intimidate|boost\n|-unboost|p2a: Ting-Lu|atk|1\n|-ability|p2a: Ting-Lu|Vessel of Ruin\n|turn|1\n|inactive|Battle timer is ON: inactive players will automatically lose when time's up. (requested by jnpr010334)\n|\n|t:|1782904329\n|switch|p2a: Salazzle|Salazzle, L83, F|249/249\n|move|p1a: Masquerain|Sticky Web|p2a: Salazzle\n|-sidestart|p2: hake_en_el_mar|move: Sticky Web\n|\n|upkeep\n|turn|2\n|\n|t:|1782904335\n|switch|p1a: Archaludon|Archaludon, L78, F|268/268\n|move|p2a: Salazzle|Fire Blast|p1a: Archaludon\n|-damage|p1a: Archaludon|147/268\n|-status|p1a: Archaludon|brn\n|-ability|p1a: Archaludon|Stamina|boost\n|-boost|p1a: Archaludon|def|1\n|\n|-damage|p1a: Archaludon|131/268 brn|[from] brn\n|upkeep\n|turn|3\n|inactive|hake_en_el_mar has 120 seconds left.\n|\n|t:|1782904374\n|switch|p2a: Scream Tail|Scream Tail, L84|330/330\n|-activate|p2a: Scream Tail|move: Sticky Web\n|-unboost|p2a: Scream Tail|spe|1\n|move|p1a: Archaludon|Draco Meteor|p2a: Scream Tail\n|-immune|p2a: Scream Tail\n|\n|-damage|p1a: Archaludon|115/268 brn|[from] brn\n|upkeep\n|turn|4\n|inactive|hake_en_el_mar has 120 seconds left.\n|\n|t:|1782904388\n|move|p2a: Scream Tail|Protect|p2a: Scream Tail\n|-singleturn|p2a: Scream Tail|Protect\n|move|p1a: Archaludon|Flash Cannon|p2a: Scream Tail\n|-activate|p2a: Scream Tail|move: Protect\n|\n|-damage|p1a: Archaludon|99/268 brn|[from] brn\n|upkeep\n|turn|5\n|inactive|hake_en_el_mar has 120 seconds left.\n|\n|t:|1782904411\n|-end|p2a: Scream Tail|Protosynthesis|[silent]\n|switch|p2a: Ting-Lu|Ting-Lu, L78|370/370\n|-activate|p2a: Ting-Lu|move: Sticky Web\n|-unboost|p2a: Ting-Lu|spe|1\n|-ability|p2a: Ting-Lu|Vessel of Ruin\n|move|p1a: Archaludon|Flash Cannon|p2a: Ting-Lu\n|-damage|p2a: Ting-Lu|298/370\n|\n|-heal|p2a: Ting-Lu|321/370|[from] item: Leftovers\n|-damage|p1a: Archaludon|83/268 brn|[from] brn\n|upkeep\n|turn|6\n|\n|t:|1782904415\n|switch|p1a: Falinks|Falinks, L84|246/246\n|move|p2a: Ting-Lu|Stealth Rock|p1a: Falinks\n|-sidestart|p1: jnpr010334|move: Stealth Rock\n|\n|-heal|p2a: Ting-Lu|344/370|[from] item: Leftovers\n|upkeep\n|turn|7\n|inactive|hake_en_el_mar has 120 seconds left.\n|\n|t:|1782904426\n|move|p1a: Falinks|No Retreat|p1a: Falinks\n|-boost|p1a: Falinks|atk|1\n|-boost|p1a: Falinks|def|1\n|-boost|p1a: Falinks|spa|1\n|-boost|p1a: Falinks|spd|1\n|-boost|p1a: Falinks|spe|1\n|-start|p1a: Falinks|move: No Retreat\n|move|p2a: Ting-Lu|Whirlwind|p1a: Falinks\n|drag|p1a: Swanna|Swanna, L89, F|278/278\n|\n|-heal|p2a: Ting-Lu|367/370|[from] item: Leftovers\n|upkeep\n|turn|8\n|inactive|hake_en_el_mar has 120 seconds left.\n|\n|t:|1782904435\n|switch|p2a: Scream Tail|Scream Tail, L84|330/330\n|-activate|p2a: Scream Tail|move: Sticky Web\n|-unboost|p2a: Scream Tail|spe|1\n|move|p1a: Swanna|Hydro Pump|p2a: Scream Tail|[miss]\n|-miss|p1a: Swanna|p2a: Scream Tail\n|\n|upkeep\n|turn|9\n|\n|t:|1782904443\n|switch|p1a: Archaludon|Archaludon, L78, F|83/268 brn\n|-damage|p1a: Archaludon|67/268 brn|[from] Stealth Rock\n|move|p2a: Scream Tail|Play Rough|p1a: Archaludon\n|-damage|p1a: Archaludon|12/268 brn\n|-ability|p1a: Archaludon|Stamina|boost\n|-boost|p1a: Archaludon|def|1\n|\n|-damage|p1a: Archaludon|0 fnt|[from] brn\n|faint|p1a: Archaludon\n|upkeep\n|\n|t:|1782904445\n|switch|p1a: Masquerain|Masquerain, L87, M|264/264\n|-ability|p1a: Masquerain|Intimidate|boost\n|-unboost|p2a: Scream Tail|atk|1\n|turn|10\n|inactive|hake_en_el_mar has 120 seconds left.\n|\n|t:|1782904472\n|-end|p2a: Scream Tail|Protosynthesis|[silent]\n|switch|p2a: Regice|Regice, L88|284/284\n|move|p1a: Masquerain|U-turn|p2a: Regice\n|-damage|p2a: Regice|235/284\n|\n|t:|1782904476\n|switch|p1a: Falinks|Falinks, L84|246/246|[from] U-turn\n|-damage|p1a: Falinks|231/246|[from] Stealth Rock\n|\n|upkeep\n|turn|11\n|\n|t:|1782904486\n|switch|p2a: Gothitelle|Gothitelle, L90, M|272/272\n|-activate|p2a: Gothitelle|move: Sticky Web\n|-unboost|p2a: Gothitelle|spe|1\n|move|p1a: Falinks|No Retreat|p1a: Falinks\n|-boost|p1a: Falinks|atk|1\n|-boost|p1a: Falinks|def|1\n|-boost|p1a: Falinks|spa|1\n|-boost|p1a: Falinks|spd|1\n|-boost|p1a: Falinks|spe|1\n|-start|p1a: Falinks|move: No Retreat\n|\n|upkeep\n|turn|12\n|\n|t:|1782904492\n|move|p1a: Falinks|Knock Off|p2a: Gothitelle\n|-supereffective|p2a: Gothitelle\n|-damage|p2a: Gothitelle|30/272\n|-enditem|p2a: Gothitelle|Choice Scarf|[from] move: Knock Off|[of] p1a: Falinks\n|-damage|p1a: Falinks|207/246|[from] item: Life Orb\n|move|p2a: Gothitelle|Psychic|p1a: Falinks\n|-supereffective|p1a: Falinks\n|-damage|p1a: Falinks|7/246\n|\n|upkeep\n|turn|13\n|\n|t:|1782904507\n|move|p1a: Falinks|Knock Off|p2a: Gothitelle\n|-supereffective|p2a: Gothitelle\n|-damage|p2a: Gothitelle|0 fnt\n|faint|p2a: Gothitelle\n|-damage|p1a: Falinks|0 fnt|[from] item: Life Orb\n|faint|p1a: Falinks\n|\n|upkeep\n|\n|t:|1782904518\n|switch|p1a: Masquerain|Masquerain, L87, M|264/264\n|switch|p2a: Beartic|Beartic, L91, F|321/321\n|-ability|p1a: Masquerain|Intimidate|boost\n|-unboost|p2a: Beartic|atk|1\n|turn|14\n|\n|t:|1782904522\n|move|p1a: Masquerain|U-turn|p2a: Beartic\n|-damage|p2a: Beartic|264/321\n|\n|t:|1782904524\n|switch|p1a: Palafin|Palafin, L77, F|281/281|[from] U-turn\n|-damage|p1a: Palafin|246/281|[from] Stealth Rock\n|move|p2a: Beartic|Icicle Crash|p1a: Palafin\n|-resisted|p1a: Palafin\n|-crit|p1a: Palafin\n|-damage|p1a: Palafin|112/281\n|\n|-heal|p1a: Palafin|129/281|[from] item: Leftovers\n|upkeep\n|turn|15\n|\n|t:|1782904533\n|move|p1a: Palafin|Bulk Up|p1a: Palafin\n|-boost|p1a: Palafin|atk|1\n|-boost|p1a: Palafin|def|1\n|move|p2a: Beartic|Close Combat|p1a: Palafin\n|-crit|p1a: Palafin\n|-damage|p1a: Palafin|0 fnt\n|-unboost|p2a: Beartic|def|1\n|-unboost|p2a: Beartic|spd|1\n|faint|p1a: Palafin\n|\n|upkeep\n|\n|t:|1782904536\n|switch|p1a: Masquerain|Masquerain, L87, M|264/264\n|-ability|p1a: Masquerain|Intimidate|boost\n|-unboost|p2a: Beartic|atk|1\n|turn|16\n|\n|t:|1782904540\n|switch|p2a: Regice|Regice, L88|235/284\n|move|p1a: Masquerain|Hurricane|p2a: Regice\n|-damage|p2a: Regice|168/284\n|\n|upkeep\n|turn|17\n|\n|t:|1782904546\n|move|p1a: Masquerain|U-turn|p2a: Regice\n|-damage|p2a: Regice|123/284\n|\n|t:|1782904548\n|switch|p1a: Swanna|Swanna, L89, F|278/278|[from] U-turn\n|move|p2a: Regice|Thunderbolt|p1a: Swanna\n|-supereffective|p1a: Swanna\n|-damage|p1a: Swanna|0 fnt\n|faint|p1a: Swanna\n|\n|upkeep\n|\n|t:|1782904549\n|switch|p1a: Arceus|Arceus-Psychic, L69|280/280\n|-damage|p1a: Arceus|245/280|[from] Stealth Rock\n|turn|18\n|\n|t:|1782904553\n|move|p1a: Arceus|Cosmic Power|p1a: Arceus\n|-boost|p1a: Arceus|def|1\n|-boost|p1a: Arceus|spd|1\n|move|p2a: Regice|Thunder Wave|p1a: Arceus\n|-status|p1a: Arceus|par\n|\n|upkeep\n|turn|19\n|\n|t:|1782904567\n|move|p2a: Regice|Thunderbolt|p1a: Arceus\n|-damage|p1a: Arceus|196/280 par\n|move|p1a: Arceus|Cosmic Power|p1a: Arceus\n|-boost|p1a: Arceus|def|1\n|-boost|p1a: Arceus|spd|1\n|\n|upkeep\n|turn|20\n|\n|t:|1782904570\n|switch|p2a: Ting-Lu|Ting-Lu, L78|367/370\n|-activate|p2a: Ting-Lu|move: Sticky Web\n|-unboost|p2a: Ting-Lu|spe|1\n|-ability|p2a: Ting-Lu|Vessel of Ruin\n|move|p1a: Arceus|Recover|p1a: Arceus\n|-heal|p1a: Arceus|280/280 par\n|\n|-heal|p2a: Ting-Lu|370/370|[from] item: Leftovers\n|upkeep\n|turn|21\n|\n|t:|1782904573\n|-terastallize|p2a: Ting-Lu|Poison\n|move|p1a: Arceus|Cosmic Power|p1a: Arceus\n|-boost|p1a: Arceus|def|1\n|-boost|p1a: Arceus|spd|1\n|move|p2a: Ting-Lu|Whirlwind|p1a: Arceus\n|drag|p1a: Masquerain|Masquerain, L87, M|264/264\n|-ability|p1a: Masquerain|Intimidate|boost\n|-unboost|p2a: Ting-Lu|atk|1\n|\n|upkeep\n|turn|22\n|\n|t:|1782904585\n|switch|p2a: Regice|Regice, L88|123/284\n|move|p1a: Masquerain|Hurricane|p2a: Regice\n|-damage|p2a: Regice|63/284\n|\n|upkeep\n|turn|23\n|\n|t:|1782904590\n|move|p1a: Masquerain|U-turn|p2a: Regice\n|-damage|p2a: Regice|14/284\n|\n|t:|1782904591\n|switch|p1a: Arceus|Arceus-Psychic, L69|280/280 par|[from] U-turn\n|-damage|p1a: Arceus|245/280 par|[from] Stealth Rock\n|move|p2a: Regice|Thunderbolt|p1a: Arceus\n|-damage|p1a: Arceus|176/280 par\n|\n|upkeep\n|turn|24\n|\n|t:|1782904602\n|switch|p2a: Ting-Lu|Ting-Lu, L78, tera:Poison|370/370\n|-activate|p2a: Ting-Lu|move: Sticky Web\n|-unboost|p2a: Ting-Lu|spe|1\n|-ability|p2a: Ting-Lu|Vessel of Ruin\n|cant|p1a: Arceus|par\n|\n|upkeep\n|turn|25\n|\n|t:|1782904608\n|cant|p1a: Arceus|par\n|move|p2a: Ting-Lu|Whirlwind|p1a: Arceus\n|drag|p1a: Masquerain|Masquerain, L87, M|264/264\n|-ability|p1a: Masquerain|Intimidate|boost\n|-unboost|p2a: Ting-Lu|atk|1\n|\n|upkeep\n|turn|26\n|\n|t:|1782904611\n|move|p1a: Masquerain|Hurricane|p2a: Ting-Lu\n|-damage|p2a: Ting-Lu|250/370\n|move|p2a: Ting-Lu|Throat Chop|p1a: Masquerain\n|-damage|p1a: Masquerain|191/264\n|-start|p1a: Masquerain|Throat Chop|[silent]\n|\n|-heal|p2a: Ting-Lu|273/370|[from] item: Leftovers\n|upkeep\n|turn|27\n|\n|t:|1782904615\n|switch|p2a: Beartic|Beartic, L91, F|264/321\n|move|p1a: Masquerain|Hurricane|p2a: Beartic|[miss]\n|-miss|p1a: Masquerain|p2a: Beartic\n|\n|-end|p1a: Masquerain|Throat Chop|[silent]\n|upkeep\n|turn|28\n|\n|t:|1782904619\n|move|p1a: Masquerain|Hurricane|p2a: Beartic\n|-damage|p2a: Beartic|128/321\n|move|p2a: Beartic|Icicle Crash|p1a: Masquerain\n|-supereffective|p1a: Masquerain\n|-damage|p1a: Masquerain|0 fnt\n|faint|p1a: Masquerain\n|\n|upkeep\n|\n|t:|1782904621\n|switch|p1a: Arceus|Arceus-Psychic, L69|176/280 par\n|-damage|p1a: Arceus|141/280 par|[from] Stealth Rock\n|turn|29\n|\n|t:|1782904625\n|-terastallize|p1a: Arceus|Steel\n|move|p2a: Beartic|Icicle Crash|p1a: Arceus\n|-resisted|p1a: Arceus\n|-damage|p1a: Arceus|77/280 par\n|cant|p1a: Arceus|flinch\n|\n|upkeep\n|turn|30\n|\n|t:|1782904632\n|move|p2a: Beartic|Close Combat|p1a: Arceus\n|-supereffective|p1a: Arceus\n|-damage|p1a: Arceus|0 fnt\n|-unboost|p2a: Beartic|def|1\n|-unboost|p2a: Beartic|spd|1\n|faint|p1a: Arceus\n|\n|win|hake_en_el_mar\n|raw|jnpr010334's rating: 1664 &rarr; <strong>1643</strong><br />(-21 for losing)\n|raw|hake_en_el_mar's rating: 1638 &rarr; <strong>1659</strong><br />(+21 for winning)\n", "inputlog": ">version f8ac14003a5f27e1bdc8d8c59608a773c1cb96e5\n>start {\"formatid\":\"gen9randombattle\",\"seed\":\"sodium,3c6fd0040512b8f1a1b2832e1ee25706\",\"rated\":\"Rated battle\"}\n>player p1 {\"name\":\"jnpr010334\",\"avatar\":\"265\",\"rating\":1649,\"seed\":\"sodium,cd8f8a3bf6d3cea4d76f7ba30bc08595\"}\n>player p2 {\"name\":\"hake_en_el_mar\",\"avatar\":\"miku-water\",\"rating\":1638,\"seed\":\"sodium,76085224c5ff6808343d3be0e0013acd\"}\n>p1 move stickyweb\n>p2 switch 3\n>p1 switch 3\n>p2 move fireblast\n>p1 move dracometeor\n>p2 switch 4\n>p1 move flashcannon\n>p2 move protect\n>p1 move flashcannon\n>p2 switch 3\n>p1 switch 2\n>p2 move stealthrock\n>p1 move noretreat\n>p2 move whirlwind\n>p1 move hydropump\n>p2 switch 3\n>p1 switch 2\n>p2 move playrough\n>p1 switch 3\n>p1 move uturn\n>p2 switch 2\n>p1 switch 5\n>p1 move noretreat\n>p2 switch 6\n>p1 move knockoff\n>p2 move psychic\n>p1 move knockoff\n>p2 move psychic\n>p1 switch 5\n>p2 switch 5\n>p1 move uturn\n>p2 move iciclecrash\n>p1 switch 6\n>p1 move bulkup\n>p2 move closecombat\n>p1 switch 6\n>p1 move hurricane\n>p2 switch 6\n>p1 move uturn\n>p2 move thunderbolt\n>p1 switch 2\n>p1 switch 4\n>p1 move cosmicpower\n>p2 move thunderwave\n>p1 move cosmicpower\n>p2 move thunderbolt\n>p1 move recover\n>p2 switch 3\n>p1 move cosmicpower\n>p2 move whirlwind terastallize\n>p1 move hurricane\n>p2 switch 3\n>p1 move uturn\n>p2 move thunderbolt\n>p1 switch 2\n>p1 move recover\n>p2 switch 3\n>p1 move cosmicpower\n>p2 move whirlwind\n>p1 move hurricane\n>p2 move throatchop\n>p1 move hurricane\n>p2 switch 6\n>p1 move hurricane\n>p2 move iciclecrash\n>p1 switch 2\n>p1 move recover terastallize\n>p2 move iciclecrash\n>p1 move recover\n>p2 move closecombat", "uploadtime": 1782904635, "views": 3, "formatid": "gen9randombattle", "rating": 1643, "private": 0, "password": null, "player_dets": [{"name": "jnpr010334", "avatar": "265", "rating": 1649, "seed": "sodium,cd8f8a3bf6d3cea4d76f7ba30bc08595"}, {"name": "hake_en_el_mar", "avatar": "miku-water", "rating": 1638, "seed": "sodium,76085224c5ff6808343d3be0e0013acd"}], "teams_full": [{"Masquerain": {"name": "Masquerain", "species": "Masquerain", "speciesId": "masquerain", "gender": "M", "shiny": false, "level": 87, "moves": ["stickyweb", "hurricane", "hydropump", "uturn"], "ability": "Intimidate", "evs": {"hp": 85, "atk": 85, "def": 85, "spa": 85, "spd": 85, "spe": 85}, "ivs": {"hp": 31, "atk": 31, "def": 31, "spa": 31, "spd": 31, "spe": 31}, "item": "Heavy-Duty Boots", "teraType": "Steel", "role": "Fast Support", "bvs": {"hp": 70, "atk": 60, "def": 62, "spa": 100, "spd": 82, "spe": 80}, "stats": {"hp": 264, "atk": 154, "def": 158, "spa": 224, "spd": 192, "spe": 189}, "types": ["Bug", "Flying"]}, "Falinks": {"name": "Falinks", "species": "Falinks", "speciesId": "falinks", "gender": "N", "shiny": false, "level": 84, "moves": ["closecombat", "noretreat", "knockoff", "ironhead"], "ability": "Defiant", "evs": {"hp": 85, "atk": 85, "def": 85, "spa": 85, "spd": 85, "spe": 85}, "ivs": {"hp": 31, "atk": 31, "def": 31, "spa": 31, "spd": 31, "spe": 31}, "item": "Life Orb", "teraType": "Steel", "role": "Setup Sweeper", "bvs": {"hp": 65, "atk": 100, "def": 100, "spa": 70, "spd": 60, "spe": 75}, "stats": {"hp": 246, "atk": 216, "def": 216, "spa": 166, "spd": 149, "spe": 174}, "types": ["Fighting"]}, "Archaludon": {"name": "Archaludon", "species": "Archaludon", "speciesId": "archaludon", "gender": "F", "shiny": false, "level": 78, "moves": ["dracometeor", "bodypress", "thunderbolt", "flashcannon"], "ability": "Stamina", "evs": {"hp": 85, "atk": 0, "def": 85, "spa": 85, "spd": 85, "spe": 85}, "ivs": {"hp": 31, "atk": 0, "def": 31, "spa": 31, "spd": 31, "spe": 31}, "item": "Assault Vest", "teraType": "Fighting", "role": "Bulky Attacker", "bvs": {"hp": 90, "atk": 105, "def": 130, "spa": 125, "spd": 65, "spe": 85}, "stats": {"hp": 268, "atk": 168, "def": 248, "spa": 240, "spd": 146, "spe": 178}, "types": ["Steel", "Dragon"]}, "Arceus": {"name": "Arceus", "species": "Arceus-Psychic", "speciesId": "arceuspsychic", "gender": "N", "shiny": false, "level": 69, "moves": ["cosmicpower", "bodypress", "storedpower", "recover"], "ability": "Multitype", "evs": {"hp": 85, "atk": 0, "def": 85, "spa": 85, "spd": 85, "spe": 85}, "ivs": {"hp": 31, "atk": 0, "def": 31, "spa": 31, "spd": 31, "spe": 31}, "item": "Mind Plate", "teraType": "Steel", "role": "Bulky Setup", "bvs": {"hp": 120, "atk": 120, "def": 120, "spa": 120, "spd": 120, "spe": 120}, "stats": {"hp": 280, "atk": 170, "def": 206, "spa": 206, "spd": 206, "spe": 206}, "types": ["Psychic"]}, "Swanna": {"name": "Swanna", "species": "Swanna", "speciesId": "swanna", "gender": "F", "shiny": false, "level": 89, "moves": ["hydropump", "defog", "bravebird", "roost"], "ability": "Hydration", "evs": {"hp": 85, "atk": 85, "def": 85, "spa": 85, "spd": 85, "spe": 85}, "ivs": {"hp": 31, "atk": 31, "def": 31, "spa": 31, "spd": 31, "spe": 31}, "item": "Heavy-Duty Boots", "teraType": "Ground", "role": "Bulky Support", "bvs": {"hp": 75, "atk": 87, "def": 63, "spa": 87, "spd": 63, "spe": 98}, "stats": {"hp": 278, "atk": 206, "def": 163, "spa": 206, "spd": 163, "spe": 225}, "types": ["Water", "Flying"]}, "Palafin": {"name": "Palafin", "species": "Palafin", "speciesId": "palafin", "gender": "F", "shiny": false, "level": 77, "moves": ["wavecrash", "jetpunch", "drainpunch", "bulkup"], "ability": "Zero to Hero", "evs": {"hp": 85, "atk": 85, "def": 85, "spa": 85, "spd": 85, "spe": 85}, "ivs": {"hp": 31, "atk": 31, "def": 31, "spa": 31, "spd": 31, "spe": 31}, "item": "Leftovers", "teraType": "Steel", "role": "Bulky Setup", "bvs": {"hp": 100, "atk": 70, "def": 72, "spa": 53, "spd": 62, "spe": 100}, "stats": {"hp": 281, "atk": 152, "def": 155, "spa": 126, "spd": 140, "spe": 199}, "types": ["Water"]}}, {"Ting-Lu": {"name": "Ting-Lu", "species": "Ting-Lu", "speciesId": "tinglu", "gender": "N", "shiny": false, "level": 78, "moves": ["whirlwind", "throatchop", "stealthrock", "earthquake"], "ability": "Vessel of Ruin", "evs": {"hp": 85, "atk": 85, "def": 85, "spa": 85, "spd": 85, "spe": 85}, "ivs": {"hp": 31, "atk": 31, "def": 31, "spa": 31, "spd": 31, "spe": 31}, "item": "Leftovers", "teraType": "Poison", "role": "Bulky Support", "bvs": {"hp": 155, "atk": 110, "def": 125, "spa": 55, "spd": 80, "spe": 45}, "stats": {"hp": 370, "atk": 217, "def": 240, "spa": 131, "spd": 170, "spe": 115}, "types": ["Dark", "Ground"]}, "Regice": {"name": "Regice", "species": "Regice", "speciesId": "regice", "gender": "N", "shiny": false, "level": 88, "moves": ["bodypress", "thunderbolt", "thunderwave", "icebeam"], "ability": "Clear Body", "evs": {"hp": 85, "atk": 0, "def": 85, "spa": 85, "spd": 85, "spe": 85}, "ivs": {"hp": 31, "atk": 0, "def": 31, "spa": 31, "spd": 31, "spe": 31}, "item": "Heavy-Duty Boots", "teraType": "Electric", "role": "Bulky Attacker", "bvs": {"hp": 80, "atk": 50, "def": 100, "spa": 100, "spd": 200, "spe": 50}, "stats": {"hp": 284, "atk": 93, "def": 226, "spa": 226, "spd": 402, "spe": 138}, "types": ["Ice"]}, "Salazzle": {"name": "Salazzle", "species": "Salazzle", "speciesId": "salazzle", "gender": "F", "shiny": false, "level": 83, "moves": ["fireblast", "sludgewave", "nastyplot", "terablast"], "ability": "Corrosion", "evs": {"hp": 85, "atk": 0, "def": 85, "spa": 85, "spd": 85, "spe": 85}, "ivs": {"hp": 31, "atk": 0, "def": 31, "spa": 31, "spd": 31, "spe": 31}, "item": "Heavy-Duty Boots", "teraType": "Grass", "role": "Tera Blast user", "bvs": {"hp": 68, "atk": 64, "def": 60, "spa": 111, "spd": 60, "spe": 117}, "stats": {"hp": 249, "atk": 111, "def": 147, "spa": 232, "spd": 147, "spe": 242}, "types": ["Poison", "Fire"]}, "Scream Tail": {"name": "Scream Tail", "species": "Scream Tail", "speciesId": "screamtail", "gender": "N", "shiny": false, "level": 84, "moves": ["protect", "encore", "playrough", "wish"], "ability": "Protosynthesis", "evs": {"hp": 85, "atk": 85, "def": 85, "spa": 85, "spd": 85, "spe": 85}, "ivs": {"hp": 31, "atk": 31, "def": 31, "spa": 31, "spd": 31, "spe": 31}, "item": "Leftovers", "teraType": "Steel", "role": "Bulky Support", "bvs": {"hp": 115, "atk": 65, "def": 99, "spa": 65, "spd": 115, "spe": 111}, "stats": {"hp": 330, "atk": 157, "def": 215, "spa": 157, "spd": 241, "spe": 235}, "types": ["Fairy", "Psychic"]}, "Beartic": {"name": "Beartic", "species": "Beartic", "speciesId": "beartic", "gender": "F", "shiny": false, "level": 91, "moves": ["earthquake", "closecombat", "iciclecrash", "swordsdance"], "ability": "Swift Swim", "evs": {"hp": 85, "atk": 85, "def": 85, "spa": 85, "spd": 85, "spe": 85}, "ivs": {"hp": 31, "atk": 31, "def": 31, "spa": 31, "spd": 31, "spe": 31}, "item": "Heavy-Duty Boots", "teraType": "Ground", "role": "Wallbreaker", "bvs": {"hp": 95, "atk": 130, "def": 80, "spa": 70, "spd": 80, "spe": 50}, "stats": {"hp": 321, "atk": 288, "def": 197, "spa": 179, "spd": 197, "spe": 143}, "types": ["Ice"]}, "Gothitelle": {"name": "Gothitelle", "species": "Gothitelle", "speciesId": "gothitelle", "gender": "M", "shiny": false, "level": 90, "moves": ["darkpulse", "trick", "focusblast", "psychic"], "ability": "Shadow Tag", "evs": {"hp": 85, "atk": 0, "def": 85, "spa": 85, "spd": 85, "spe": 85}, "ivs": {"hp": 31, "atk": 0, "def": 31, "spa": 31, "spd": 31, "spe": 31}, "item": "Choice Scarf", "teraType": "Ghost", "role": "Fast Attacker", "bvs": {"hp": 70, "atk": 55, "def": 95, "spa": 95, "spd": 110, "spe": 65}, "stats": {"hp": 272, "atk": 104, "def": 222, "spa": 222, "spd": 249, "spe": 168}, "types": ["Psychic"]}}]}