{"id": "gen9randombattle-2641833783", "format": "[Gen 9] Random Battle", "players": ["Billding23", "Bente"], "log": "|j|\u2606Billding23\n|j|\u2606Bente\n|t:|1782847456\n|gametype|singles\n|player|p1|Billding23|flint|1902\n|player|p2|Bente|cynthia-anime2|1961\n|gen|9\n|tier|[Gen 9] Random Battle\n|rated|\n|rule|Species Clause: Limit one of each Pok\u00e9mon\n|rule|HP Percentage Mod: HP is shown in percentages\n|rule|Sleep Clause Mod: Limit one foe put to sleep\n|rule|Illusion Level Mod: Illusion disguises the Pok\u00e9mon's true level\n|\n|t:|1782847456\n|teamsize|p1|6\n|teamsize|p2|6\n|start\n|switch|p1a: Primarina|Primarina, L83, F|268/268\n|switch|p2a: Slowking|Slowking, L88, F|310/310\n|turn|1\n|inactive|Battle timer is ON: inactive players will automatically lose when time's up. (requested by Billding23)\n|\n|t:|1782847467\n|switch|p1a: Froslass|Froslass, L87, F|263/263\n|move|p2a: Slowking|Psyshock|p1a: Froslass\n|-damage|p1a: Froslass|163/263\n|-start|p2a: Slowking|Disable|Psyshock|[from] ability: Cursed Body|[of] p1a: Froslass\n|\n|upkeep\n|turn|2\n|\n|t:|1782847487\n|switch|p2a: Avalugg|Avalugg-Hisui, L90, M|317/317\n|move|p1a: Froslass|Spikes|p2a: Avalugg\n|-sidestart|p2: Bente|Spikes\n|\n|upkeep\n|turn|3\n|\n|t:|1782847496\n|switch|p1a: Primarina|Primarina, L83, F|268/268\n|move|p2a: Avalugg|Stone Edge|p1a: Primarina\n|-damage|p1a: Primarina|108/268\n|\n|upkeep\n|turn|4\n|\n|t:|1782847505\n|switch|p2a: Slowking|Slowking, L88, F|310/310\n|move|p1a: Primarina|Moonblast|p2a: Slowking\n|-damage|p2a: Slowking|166/310\n|-unboost|p2a: Slowking|spa|1\n|\n|upkeep\n|turn|5\n|\n|t:|1782847514\n|move|p1a: Primarina|Moonblast|p2a: Slowking\n|-damage|p2a: Slowking|15/310\n|-prepare|p2a: Slowking|Chilly Reception|[premajor]\n|move|p2a: Slowking|Chilly Reception|p2a: Slowking\n|-weather|Snowscape\n|\n|t:|1782847540\n|switch|p2a: Ambipom|Ambipom, L84, M|263/263|[from] Chilly Reception\n|-damage|p2a: Ambipom|231/263|[from] Spikes\n|\n|-weather|Snowscape|[upkeep]\n|upkeep\n|turn|6\n|\n|t:|1782847553\n|move|p2a: Ambipom|Double-Edge|p1a: Primarina\n|-damage|p1a: Primarina|0 fnt\n|faint|p1a: Primarina\n|-damage|p2a: Ambipom|195/263|[from] Recoil\n|\n|-weather|Snowscape|[upkeep]\n|upkeep\n|\n|t:|1782847562\n|switch|p1a: Thundurus|Thundurus-Therian, L80, M|258/258\n|turn|7\n|\n|t:|1782847569\n|move|p1a: Thundurus|Thunderbolt|p2a: Ambipom\n|-damage|p2a: Ambipom|47/263\n|move|p2a: Ambipom|Double-Edge|p1a: Thundurus\n|-damage|p1a: Thundurus|17/258\n|-damage|p2a: Ambipom|0 fnt|[from] Recoil\n|faint|p2a: Ambipom\n|\n|-weather|Snowscape|[upkeep]\n|upkeep\n|inactive|Bente has 120 seconds left.\n|\n|t:|1782847590\n|switch|p2a: Klawf|Klawf, L90, F|272/272\n|-damage|p2a: Klawf|238/272|[from] Spikes\n|turn|8\n|\n|t:|1782847599\n|move|p1a: Thundurus|Thunderbolt|p2a: Klawf\n|-damage|p2a: Klawf|91/272\n|move|p2a: Klawf|Knock Off|p1a: Thundurus\n|-damage|p1a: Thundurus|0 fnt\n|-enditem|p1a: Thundurus|Choice Scarf|[from] move: Knock Off|[of] p2a: Klawf\n|faint|p1a: Thundurus\n|-damage|p2a: Klawf|64/272|[from] item: Life Orb\n|\n|-weather|Snowscape|[upkeep]\n|upkeep\n|\n|t:|1782847609\n|switch|p1a: Froslass|Froslass, L87, F|163/263\n|turn|9\n|\n|t:|1782847613\n|switch|p2a: Avalugg|Avalugg-Hisui, L90, M|317/317\n|move|p1a: Froslass|Poltergeist|p2a: Avalugg\n|-activate|p2a: Avalugg|move: Poltergeist|Heavy-Duty Boots\n|-damage|p2a: Avalugg|278/317\n|\n|-weather|none\n|upkeep\n|turn|10\n|\n|t:|1782847628\n|switch|p1a: Gallade|Gallade, L80, M|240/240\n|move|p2a: Avalugg|Rapid Spin|p1a: Gallade\n|-damage|p1a: Gallade|173/240\n|-boost|p2a: Avalugg|spe|1\n|-sideend|p2: Bente|Spikes|[from] move: Rapid Spin|[of] p2a: Avalugg\n|\n|upkeep\n|turn|11\n|\n|t:|1782847646\n|switch|p2a: Enamorus|Enamorus-Therian, L83, F|259/259\n|move|p1a: Gallade|Agility|p1a: Gallade\n|-boost|p1a: Gallade|spe|2\n|\n|upkeep\n|turn|12\n|\n|t:|1782847653\n|switch|p1a: Snorlax|Snorlax, L82, F|397/397\n|move|p2a: Enamorus|Moonblast|p1a: Snorlax\n|-damage|p1a: Snorlax|277/397\n|\n|-heal|p1a: Snorlax|301/397|[from] item: Leftovers\n|upkeep\n|turn|13\n|\n|t:|1782847674\n|move|p2a: Enamorus|Superpower|p1a: Snorlax\n|-supereffective|p1a: Snorlax\n|-damage|p1a: Snorlax|43/397\n|-unboost|p2a: Enamorus|atk|1\n|-unboost|p2a: Enamorus|def|1\n|move|p1a: Snorlax|Body Slam|p2a: Enamorus\n|-damage|p2a: Enamorus|147/259\n|\n|-heal|p1a: Snorlax|67/397|[from] item: Leftovers\n|upkeep\n|turn|14\n|\n|t:|1782847685\n|move|p2a: Enamorus|Moonblast|p1a: Snorlax\n|-crit|p1a: Snorlax\n|-damage|p1a: Snorlax|0 fnt\n|faint|p1a: Snorlax\n|\n|upkeep\n|\n|t:|1782847690\n|switch|p1a: Drednaw|Drednaw, L81, M|278/278\n|turn|15\n|\n|t:|1782847699\n|switch|p2a: Skarmory|Skarmory, L80, F|235/235\n|move|p1a: Drednaw|Shell Smash|p1a: Drednaw\n|-unboost|p1a: Drednaw|def|1\n|-unboost|p1a: Drednaw|spd|1\n|-boost|p1a: Drednaw|atk|2\n|-boost|p1a: Drednaw|spa|2\n|-boost|p1a: Drednaw|spe|2\n|-enditem|p1a: Drednaw|White Herb\n|-clearnegativeboost|p1a: Drednaw|[silent]\n|\n|upkeep\n|turn|16\n|\n|t:|1782847710\n|move|p1a: Drednaw|Stone Edge|p2a: Skarmory\n|-damage|p2a: Skarmory|69/235\n|move|p2a: Skarmory|Whirlwind|p1a: Drednaw\n|drag|p1a: Froslass|Froslass, L87, F|163/263\n|\n|-heal|p2a: Skarmory|83/235|[from] item: Leftovers\n|upkeep\n|turn|17\n|\n|t:|1782847720\n|move|p1a: Froslass|Taunt|p2a: Skarmory\n|-start|p2a: Skarmory|move: Taunt\n|cant|p2a: Skarmory|move: Taunt|Roost\n|\n|-heal|p2a: Skarmory|97/235|[from] item: Leftovers\n|upkeep\n|turn|18\n|\n|t:|1782847733\n|switch|p1a: Drednaw|Drednaw, L81, M|278/278\n|switch|p2a: Avalugg|Avalugg-Hisui, L90, M|278/317\n|\n|upkeep\n|turn|19\n|\n|t:|1782847747\n|move|p1a: Drednaw|Stone Edge|p2a: Avalugg\n|-supereffective|p2a: Avalugg\n|-damage|p2a: Avalugg|156/317\n|move|p2a: Avalugg|Stone Edge|p1a: Drednaw|[miss]\n|-miss|p2a: Avalugg|p1a: Drednaw\n|\n|upkeep\n|turn|20\n|\n|t:|1782847756\n|move|p1a: Drednaw|Liquidation|p2a: Avalugg\n|-supereffective|p2a: Avalugg\n|-damage|p2a: Avalugg|52/317\n|move|p2a: Avalugg|Recover|p2a: Avalugg\n|-heal|p2a: Avalugg|211/317\n|\n|upkeep\n|turn|21\n|\n|t:|1782847763\n|move|p1a: Drednaw|Shell Smash|p1a: Drednaw\n|-unboost|p1a: Drednaw|def|1\n|-unboost|p1a: Drednaw|spd|1\n|-boost|p1a: Drednaw|atk|2\n|-boost|p1a: Drednaw|spa|2\n|-boost|p1a: Drednaw|spe|2\n|move|p2a: Avalugg|Recover|p2a: Avalugg\n|-heal|p2a: Avalugg|317/317\n|\n|upkeep\n|turn|22\n|\n|t:|1782847775\n|-terastallize|p1a: Drednaw|Ground\n|-terastallize|p2a: Avalugg|Poison\n|move|p1a: Drednaw|Earthquake|p2a: Avalugg\n|-supereffective|p2a: Avalugg\n|-damage|p2a: Avalugg|89/317\n|move|p2a: Avalugg|Stone Edge|p1a: Drednaw\n|-resisted|p1a: Drednaw\n|-damage|p1a: Drednaw|172/278\n|\n|upkeep\n|turn|23\n|\n|t:|1782847803\n|switch|p2a: Skarmory|Skarmory, L80, F|97/235\n|move|p1a: Drednaw|Earthquake|p2a: Skarmory\n|-immune|p2a: Skarmory\n|\n|-heal|p2a: Skarmory|111/235|[from] item: Leftovers\n|upkeep\n|turn|24\n|\n|t:|1782847812\n|move|p1a: Drednaw|Stone Edge|p2a: Skarmory\n|-damage|p2a: Skarmory|0 fnt\n|faint|p2a: Skarmory\n|\n|upkeep\n|\n|t:|1782847817\n|switch|p2a: Slowking|Slowking, L88, F|118/310\n|turn|25\n|\n|t:|1782847821\n|switch|p2a: Klawf|Klawf, L90, F|154/272\n|move|p1a: Drednaw|Earthquake|p2a: Klawf\n|-supereffective|p2a: Klawf\n|-damage|p2a: Klawf|0 fnt\n|faint|p2a: Klawf\n|\n|upkeep\n|\n|t:|1782847832\n|switch|p2a: Slowking|Slowking, L88, F|221/310\n|turn|26\n|\n|t:|1782847841\n|move|p1a: Drednaw|Earthquake|p2a: Slowking\n|-damage|p2a: Slowking|0 fnt\n|faint|p2a: Slowking\n|\n|upkeep\n|-message|Bente forfeited.\n|\n|win|Billding23\n|raw|Billding23's rating: 1902 &rarr; <strong>1925</strong><br />(+23 for winning)\n|raw|Bente's rating: 1961 &rarr; <strong>1938</strong><br />(-23 for losing)\n", "inputlog": ">version f8ac14003a5f27e1bdc8d8c59608a773c1cb96e5\n>start {\"formatid\":\"gen9randombattle\",\"seed\":\"sodium,117373a43be5dda5946af8011ae1ef69\",\"rated\":\"Rated battle\"}\n>player p1 {\"name\":\"Billding23\",\"avatar\":\"flint\",\"rating\":1902,\"seed\":\"sodium,7f27177bfb3ee5905dadc766fc7a25d6\"}\n>player p2 {\"name\":\"Bente\",\"avatar\":\"cynthia-anime2\",\"rating\":1961,\"seed\":\"sodium,22445c8fdbd821e3b219ff440c8272a1\"}\n>p1 switch 3\n>p2 move psyshock\n>p1 move spikes\n>p2 switch 3\n>p1 switch 3\n>p2 move stoneedge\n>p1 move moonblast\n>p2 switch 3\n>p1 move moonblast\n>p2 move chillyreception\n>p2 switch 5\n>p1 move moonblast\n>p2 move doubleedge\n>p1 switch 6\n>p1 move thunderbolt\n>p2 move doubleedge\n>p2 switch 2\n>p1 move thunderbolt\n>p2 move knockoff\n>p1 switch 3\n>p1 move poltergeist\n>p2 switch 3\n>p1 switch 5\n>p2 move rapidspin\n>p1 move agility\n>p2 switch 6\n>p1 switch 2\n>p2 move moonblast\n>p1 move bodyslam\n>p2 move superpower\n>p1 move bodyslam\n>p2 move moonblast\n>p1 switch 4\n>p1 move shellsmash\n>p2 switch 4\n>p1 move stoneedge\n>p2 move whirlwind\n>p1 move taunt\n>p2 move roost\n>p1 switch 5\n>p2 switch 6\n>p1 move stoneedge\n>p2 move stoneedge\n>p1 move liquidation\n>p2 move recover\n>p1 move shellsmash\n>p2 move recover\n>p1 move earthquake terastallize\n>p2 move stoneedge terastallize\n>p1 move earthquake\n>p2 switch 6\n>p1 move stoneedge\n>p2 move bravebird\n>p2 switch 5\n>p1 move earthquake\n>p2 switch 3\n>p2 switch 3\n>p1 move earthquake\n>p2 move scald\n>forcelose p2", "uploadtime": 1782847844, "views": 6, "formatid": "gen9randombattle", "rating": 1925, "private": 0, "password": null, "player_dets": [{"name": "Billding23", "avatar": "flint", "rating": 1902, "seed": "sodium,7f27177bfb3ee5905dadc766fc7a25d6"}, {"name": "Bente", "avatar": "cynthia-anime2", "rating": 1961, "seed": "sodium,22445c8fdbd821e3b219ff440c8272a1"}], "teams_full": [{"Primarina": {"name": "Primarina", "species": "Primarina", "speciesId": "primarina", "gender": "F", "shiny": false, "level": 83, "moves": ["psychic", "hydropump", "flipturn", "moonblast"], "ability": "Torrent", "evs": {"hp": 85, "atk": 85, "def": 85, "spa": 85, "spd": 85, "spe": 85}, "ivs": {"hp": 31, "atk": 31, "def": 31, "spa": 31, "spd": 31, "spe": 31}, "item": "Choice Specs", "teraType": "Water", "role": "Wallbreaker", "bvs": {"hp": 80, "atk": 74, "def": 74, "spa": 126, "spd": 116, "spe": 60}, "stats": {"hp": 268, "atk": 171, "def": 171, "spa": 257, "spd": 240, "spe": 147}, "types": ["Water", "Fairy"]}, "Snorlax": {"name": "Snorlax", "species": "Snorlax", "speciesId": "snorlax", "gender": "F", "shiny": false, "level": 82, "moves": ["sleeptalk", "curse", "bodyslam", "rest"], "ability": "Thick Fat", "evs": {"hp": 85, "atk": 85, "def": 85, "spa": 85, "spd": 85, "spe": 85}, "ivs": {"hp": 31, "atk": 31, "def": 31, "spa": 31, "spd": 31, "spe": 31}, "item": "Leftovers", "teraType": "Poison", "role": "Bulky Attacker", "bvs": {"hp": 160, "atk": 110, "def": 65, "spa": 65, "spd": 110, "spe": 30}, "stats": {"hp": 397, "atk": 228, "def": 154, "spa": 154, "spd": 228, "spe": 96}, "types": ["Normal"]}, "Froslass": {"name": "Froslass", "species": "Froslass", "speciesId": "froslass", "gender": "F", "shiny": false, "level": 87, "moves": ["spikes", "tripleaxel", "poltergeist", "taunt"], "ability": "Cursed Body", "evs": {"hp": 81, "atk": 85, "def": 85, "spa": 85, "spd": 85, "spe": 85}, "ivs": {"hp": 31, "atk": 31, "def": 31, "spa": 31, "spd": 31, "spe": 31}, "item": "Wide Lens", "teraType": "Ghost", "role": "Fast Support", "bvs": {"hp": 70, "atk": 80, "def": 70, "spa": 80, "spd": 70, "spe": 110}, "stats": {"hp": 263, "atk": 189, "def": 172, "spa": 189, "spd": 172, "spe": 241}, "types": ["Ice", "Ghost"]}, "Drednaw": {"name": "Drednaw", "species": "Drednaw", "speciesId": "drednaw", "gender": "M", "shiny": false, "level": 81, "moves": ["shellsmash", "stoneedge", "earthquake", "liquidation"], "ability": "Shell Armor", "evs": {"hp": 85, "atk": 85, "def": 85, "spa": 85, "spd": 85, "spe": 85}, "ivs": {"hp": 31, "atk": 31, "def": 31, "spa": 31, "spd": 31, "spe": 31}, "item": "White Herb", "teraType": "Ground", "role": "Fast Bulky Setup", "bvs": {"hp": 90, "atk": 115, "def": 90, "spa": 48, "spd": 68, "spe": 74}, "stats": {"hp": 278, "atk": 233, "def": 192, "spa": 124, "spd": 157, "spe": 167}, "types": ["Water", "Rock"]}, "Gallade": {"name": "Gallade", "species": "Gallade", "speciesId": "gallade", "gender": "M", "shiny": false, "level": 80, "moves": ["agility", "nightslash", "psychocut", "sacredsword"], "ability": "Sharpness", "evs": {"hp": 85, "atk": 85, "def": 85, "spa": 85, "spd": 85, "spe": 85}, "ivs": {"hp": 31, "atk": 31, "def": 31, "spa": 31, "spd": 31, "spe": 31}, "item": "Life Orb", "teraType": "Fighting", "role": "Setup Sweeper", "bvs": {"hp": 68, "atk": 125, "def": 65, "spa": 65, "spd": 115, "spe": 80}, "stats": {"hp": 240, "atk": 246, "def": 150, "spa": 150, "spd": 230, "spe": 174}, "types": ["Psychic", "Fighting"]}, "Thundurus": {"name": "Thundurus", "species": "Thundurus-Therian", "speciesId": "thundurustherian", "gender": "M", "shiny": false, "level": 80, "moves": ["voltswitch", "sludgewave", "thunderbolt", "focusblast"], "ability": "Volt Absorb", "evs": {"hp": 85, "atk": 0, "def": 85, "spa": 85, "spd": 85, "spe": 85}, "ivs": {"hp": 31, "atk": 0, "def": 31, "spa": 31, "spd": 31, "spe": 31}, "item": "Choice Scarf", "teraType": "Poison", "role": "Fast Attacker", "bvs": {"hp": 79, "atk": 105, "def": 70, "spa": 145, "spd": 80, "spe": 101}, "stats": {"hp": 258, "atk": 173, "def": 158, "spa": 278, "spd": 174, "spe": 208}, "types": ["Electric", "Flying"]}}, {"Slowking": {"name": "Slowking", "species": "Slowking", "speciesId": "slowking", "gender": "F", "shiny": false, "level": 88, "moves": ["scald", "psyshock", "chillyreception", "slackoff"], "ability": "Regenerator", "evs": {"hp": 85, "atk": 0, "def": 85, "spa": 85, "spd": 85, "spe": 85}, "ivs": {"hp": 31, "atk": 0, "def": 31, "spa": 31, "spd": 31, "spe": 31}, "item": "Heavy-Duty Boots", "teraType": "Fairy", "role": "Bulky Attacker", "bvs": {"hp": 95, "atk": 75, "def": 80, "spa": 100, "spd": 110, "spe": 30}, "stats": {"hp": 310, "atk": 137, "def": 191, "spa": 226, "spd": 244, "spe": 103}, "types": ["Water", "Psychic"]}, "Klawf": {"name": "Klawf", "species": "Klawf", "speciesId": "klawf", "gender": "F", "shiny": false, "level": 90, "moves": ["crabhammer", "stealthrock", "knockoff", "stoneedge"], "ability": "Regenerator", "evs": {"hp": 85, "atk": 85, "def": 85, "spa": 85, "spd": 85, "spe": 85}, "ivs": {"hp": 31, "atk": 31, "def": 31, "spa": 31, "spd": 31, "spe": 31}, "item": "Life Orb", "teraType": "Rock", "role": "Fast Attacker", "bvs": {"hp": 70, "atk": 100, "def": 115, "spa": 35, "spd": 55, "spe": 75}, "stats": {"hp": 272, "atk": 231, "def": 258, "spa": 114, "spd": 150, "spe": 186}, "types": ["Rock"]}, "Avalugg": {"name": "Avalugg", "species": "Avalugg-Hisui", "speciesId": "avalugghisui", "gender": "M", "shiny": false, "level": 90, "moves": ["rapidspin", "stoneedge", "avalanche", "recover"], "ability": "Sturdy", "evs": {"hp": 85, "atk": 85, "def": 85, "spa": 85, "spd": 85, "spe": 85}, "ivs": {"hp": 31, "atk": 31, "def": 31, "spa": 31, "spd": 31, "spe": 31}, "item": "Heavy-Duty Boots", "teraType": "Poison", "role": "Bulky Attacker", "bvs": {"hp": 95, "atk": 127, "def": 184, "spa": 34, "spd": 36, "spe": 38}, "stats": {"hp": 317, "atk": 280, "def": 383, "spa": 113, "spd": 116, "spe": 120}, "types": ["Ice", "Rock"]}, "Skarmory": {"name": "Skarmory", "species": "Skarmory", "speciesId": "skarmory", "gender": "F", "shiny": false, "level": 80, "moves": ["roost", "bravebird", "whirlwind", "spikes"], "ability": "Sturdy", "evs": {"hp": 85, "atk": 85, "def": 85, "spa": 85, "spd": 85, "spe": 85}, "ivs": {"hp": 31, "atk": 31, "def": 31, "spa": 31, "spd": 31, "spe": 31}, "item": "Leftovers", "teraType": "Dragon", "role": "Bulky Support", "bvs": {"hp": 65, "atk": 80, "def": 140, "spa": 40, "spd": 70, "spe": 70}, "stats": {"hp": 235, "atk": 174, "def": 270, "spa": 110, "spd": 158, "spe": 158}, "types": ["Steel", "Flying"]}, "Ambipom": {"name": "Ambipom", "species": "Ambipom", "speciesId": "ambipom", "gender": "M", "shiny": false, "level": 84, "moves": ["doubleedge", "tripleaxel", "lowkick", "knockoff"], "ability": "Technician", "evs": {"hp": 85, "atk": 85, "def": 85, "spa": 85, "spd": 85, "spe": 85}, "ivs": {"hp": 31, "atk": 31, "def": 31, "spa": 31, "spd": 31, "spe": 31}, "item": "Choice Band", "teraType": "Ice", "role": "Fast Attacker", "bvs": {"hp": 75, "atk": 100, "def": 66, "spa": 60, "spd": 66, "spe": 115}, "stats": {"hp": 263, "atk": 216, "def": 159, "spa": 149, "spd": 159, "spe": 241}, "types": ["Normal"]}, "Enamorus": {"name": "Enamorus", "species": "Enamorus-Therian", "speciesId": "enamorustherian", "gender": "F", "shiny": false, "level": 83, "moves": ["psychic", "mysticalfire", "moonblast", "superpower"], "ability": "Overcoat", "evs": {"hp": 85, "atk": 85, "def": 85, "spa": 85, "spd": 85, "spe": 85}, "ivs": {"hp": 31, "atk": 31, "def": 31, "spa": 31, "spd": 31, "spe": 31}, "item": "Assault Vest", "teraType": "Fairy", "role": "Bulky Attacker", "bvs": {"hp": 74, "atk": 115, "def": 110, "spa": 135, "spd": 100, "spe": 46}, "stats": {"hp": 259, "atk": 239, "def": 230, "spa": 272, "spd": 214, "spe": 124}, "types": ["Fairy", "Flying"]}}]}