{"id": "gen9randombattle-2641806641", "format": "[Gen 9] Random Battle", "players": ["gengis khann", "cansermaro8"], "log": "|j|\u2606gengis khann\n|j|\u2606cansermaro8\n|t:|1782844161\n|gametype|singles\n|player|p1|gengis khann|266|2155\n|player|p2|cansermaro8|170|2141\n|gen|9\n|tier|[Gen 9] Random Battle\n|rated|\n|rule|Species Clause: Limit one of each Pok\u00e9mon\n|rule|HP Percentage Mod: HP is shown in percentages\n|rule|Sleep Clause Mod: Limit one foe put to sleep\n|rule|Illusion Level Mod: Illusion disguises the Pok\u00e9mon's true level\n|\n|t:|1782844161\n|teamsize|p1|6\n|teamsize|p2|6\n|start\n|switch|p1a: Corviknight|Corviknight, L80, F|288/288\n|switch|p2a: Conkeldurr|Conkeldurr, L80, M|299/299\n|turn|1\n|inactive|Battle timer is ON: inactive players will automatically lose when time's up. (requested by gengis khann)\n|\n|t:|1782844190\n|switch|p2a: Kingambit|Kingambit, L74, M|270/270\n|move|p1a: Corviknight|Brave Bird|p2a: Kingambit\n|-resisted|p2a: Kingambit\n|-damage|p2a: Kingambit|222/270\n|-damage|p1a: Corviknight|272/288|[from] Recoil\n|\n|-heal|p1a: Corviknight|288/288|[from] item: Leftovers\n|-heal|p2a: Kingambit|238/270|[from] item: Leftovers\n|upkeep\n|turn|2\n|\n|t:|1782844195\n|-end|p2a: Kingambit|fallenundefined|[silent]\n|switch|p2a: Iron Moth|Iron Moth, L78|253/253\n|move|p1a: Corviknight|Body Press|p2a: Iron Moth\n|-resisted|p2a: Iron Moth\n|-damage|p2a: Iron Moth|212/253\n|\n|upkeep\n|turn|3\n|\n|t:|1782844203\n|switch|p1a: Tyranitar|Tyranitar, L78, F|284/284\n|-weather|Sandstorm|[from] ability: Sand Stream|[of] p1a: Tyranitar\n|move|p2a: Iron Moth|Fiery Dance|p1a: Tyranitar\n|-resisted|p1a: Tyranitar\n|-damage|p1a: Tyranitar|251/284\n|\n|-weather|Sandstorm|[upkeep]\n|-damage|p2a: Iron Moth|197/253|[from] Sandstorm\n|upkeep\n|turn|4\n|\n|t:|1782844221\n|-end|p2a: Iron Moth|Quark Drive|[silent]\n|switch|p2a: Gurdurr|Gurdurr, L85, F|283/283\n|move|p1a: Tyranitar|Knock Off|p2a: Gurdurr\n|-resisted|p2a: Gurdurr\n|-damage|p2a: Gurdurr|240/283\n|-enditem|p2a: Gurdurr|Eviolite|[from] move: Knock Off|[of] p1a: Tyranitar\n|\n|-weather|Sandstorm|[upkeep]\n|-damage|p2a: Gurdurr|223/283|[from] Sandstorm\n|upkeep\n|turn|5\n|\n|t:|1782844231\n|switch|p1a: Corviknight|Corviknight, L80, F|288/288\n|move|p2a: Gurdurr|Knock Off|p1a: Corviknight\n|-damage|p1a: Corviknight|212/288\n|-enditem|p1a: Corviknight|Leftovers|[from] move: Knock Off|[of] p2a: Gurdurr\n|\n|-weather|Sandstorm|[upkeep]\n|-damage|p2a: Gurdurr|206/283|[from] Sandstorm\n|upkeep\n|turn|6\n|\n|t:|1782844241\n|move|p1a: Corviknight|Brave Bird|p2a: Gurdurr\n|-supereffective|p2a: Gurdurr\n|-damage|p2a: Gurdurr|0 fnt\n|faint|p2a: Gurdurr\n|-damage|p1a: Corviknight|144/288|[from] Recoil\n|\n|-weather|Sandstorm|[upkeep]\n|upkeep\n|\n|t:|1782844245\n|switch|p2a: Iron Moth|Iron Moth, L78|197/253\n|turn|7\n|\n|t:|1782844250\n|switch|p1a: Tyranitar|Tyranitar, L78, F|251/284\n|move|p2a: Iron Moth|Fiery Dance|p1a: Tyranitar\n|-resisted|p1a: Tyranitar\n|-damage|p1a: Tyranitar|217/284\n|\n|-weather|none\n|upkeep\n|turn|8\n|\n|t:|1782844255\n|move|p2a: Iron Moth|Energy Ball|p1a: Tyranitar\n|-supereffective|p1a: Tyranitar\n|-damage|p1a: Tyranitar|59/284\n|-enditem|p1a: Tyranitar|Weakness Policy\n|-boost|p1a: Tyranitar|atk|2|[from] item: Weakness Policy\n|-boost|p1a: Tyranitar|spa|2|[from] item: Weakness Policy\n|move|p1a: Tyranitar|Knock Off|p2a: Iron Moth\n|-damage|p2a: Iron Moth|0 fnt\n|-enditem|p2a: Iron Moth|Heavy-Duty Boots|[from] move: Knock Off|[of] p1a: Tyranitar\n|faint|p2a: Iron Moth\n|-end|p2a: Iron Moth|Quark Drive|[silent]\n|\n|upkeep\n|\n|t:|1782844261\n|switch|p2a: Conkeldurr|Conkeldurr, L80, M|299/299\n|turn|9\n|\n|t:|1782844266\n|switch|p1a: Primarina|Primarina, L83, M|268/268\n|move|p2a: Conkeldurr|Mach Punch|p1a: Primarina\n|-resisted|p1a: Primarina\n|-damage|p1a: Primarina|238/268\n|\n|-status|p2a: Conkeldurr|brn|[from] item: Flame Orb\n|upkeep\n|turn|10\n|\n|t:|1782844273\n|-terastallize|p2a: Conkeldurr|Normal\n|move|p1a: Primarina|Hydro Pump|p2a: Conkeldurr|[miss]\n|-miss|p1a: Primarina|p2a: Conkeldurr\n|move|p2a: Conkeldurr|Facade|p1a: Primarina\n|-damage|p1a: Primarina|0 fnt\n|faint|p1a: Primarina\n|\n|-damage|p2a: Conkeldurr|281/299 brn|[from] brn\n|upkeep\n|\n|t:|1782844303\n|switch|p1a: Corviknight|Corviknight, L80, F|144/288\n|turn|11\n|\n|t:|1782844309\n|move|p1a: Corviknight|Body Press|p2a: Conkeldurr\n|-supereffective|p2a: Conkeldurr\n|-damage|p2a: Conkeldurr|179/299 brn\n|move|p2a: Conkeldurr|Close Combat|p1a: Corviknight\n|-damage|p1a: Corviknight|0 fnt\n|-unboost|p2a: Conkeldurr|def|1\n|-unboost|p2a: Conkeldurr|spd|1\n|faint|p1a: Corviknight\n|\n|-damage|p2a: Conkeldurr|161/299 brn|[from] brn\n|upkeep\n|\n|t:|1782844316\n|switch|p1a: Jolteon|Jolteon, L84, M|246/246\n|turn|12\n|\n|t:|1782844335\n|move|p1a: Jolteon|Volt Switch|p2a: Conkeldurr\n|-damage|p2a: Conkeldurr|0 fnt\n|faint|p2a: Conkeldurr\n|\n|t:|1782844340\n|switch|p1a: Tyranitar|Tyranitar, L78, F|59/284|[from] Volt Switch\n|-weather|Sandstorm|[from] ability: Sand Stream|[of] p1a: Tyranitar\n|\n|-weather|Sandstorm|[upkeep]\n|upkeep\n|\n|t:|1782844346\n|switch|p2a: Iron Jugulis|Iron Jugulis, L77|271/271\n|turn|13\n|\n|t:|1782844351\n|move|p2a: Iron Jugulis|Earth Power|p1a: Tyranitar\n|-supereffective|p1a: Tyranitar\n|-damage|p1a: Tyranitar|0 fnt\n|faint|p1a: Tyranitar\n|\n|-weather|Sandstorm|[upkeep]\n|-damage|p2a: Iron Jugulis|255/271|[from] Sandstorm\n|upkeep\n|\n|t:|1782844356\n|switch|p1a: Jolteon|Jolteon, L84, M|246/246\n|turn|14\n|\n|t:|1782844360\n|move|p1a: Jolteon|Thunderbolt|p2a: Iron Jugulis\n|-supereffective|p2a: Iron Jugulis\n|-damage|p2a: Iron Jugulis|0 fnt\n|faint|p2a: Iron Jugulis\n|-end|p2a: Iron Jugulis|Quark Drive|[silent]\n|\n|-weather|Sandstorm|[upkeep]\n|-damage|p1a: Jolteon|231/246|[from] Sandstorm\n|upkeep\n|\n|t:|1782844364\n|switch|p2a: Deoxys|Deoxys, L74|196/196\n|-ability|p2a: Deoxys|Pressure\n|turn|15\n|\n|t:|1782844371\n|move|p1a: Jolteon|Thunderbolt|p2a: Deoxys\n|-damage|p2a: Deoxys|0 fnt\n|faint|p2a: Deoxys\n|\n|-weather|Sandstorm|[upkeep]\n|-damage|p1a: Jolteon|216/246|[from] Sandstorm\n|upkeep\n|\n|t:|1782844373\n|switch|p2a: Kingambit|Kingambit, L74, M|238/270\n|-activate|p2a: Kingambit|ability: Supreme Overlord\n|-start|p2a: Kingambit|fallen5|[silent]\n|turn|16\n|\n|t:|1782844383\n|move|p1a: Jolteon|Thunderbolt|p2a: Kingambit\n|-damage|p2a: Kingambit|55/270\n|move|p2a: Kingambit|Swords Dance|p2a: Kingambit\n|-boost|p2a: Kingambit|atk|2\n|\n|-weather|none\n|-heal|p2a: Kingambit|71/270|[from] item: Leftovers\n|upkeep\n|turn|17\n|\n|t:|1782844387\n|move|p2a: Kingambit|Sucker Punch|p1a: Jolteon\n|-damage|p1a: Jolteon|0 fnt\n|faint|p1a: Jolteon\n|\n|-heal|p2a: Kingambit|87/270|[from] item: Leftovers\n|upkeep\n|\n|t:|1782844393\n|switch|p1a: Meloetta|Meloetta, L82|298/298\n|turn|18\n|\n|t:|1782844399\n|-terastallize|p1a: Meloetta|Fighting\n|move|p2a: Kingambit|Sucker Punch|p1a: Meloetta\n|-resisted|p1a: Meloetta\n|-damage|p1a: Meloetta|170/298\n|move|p1a: Meloetta|Close Combat|p2a: Kingambit\n|-supereffective|p2a: Kingambit\n|-damage|p2a: Kingambit|0 fnt\n|-unboost|p1a: Meloetta|def|1\n|-unboost|p1a: Meloetta|spd|1\n|faint|p2a: Kingambit\n|-end|p2a: Kingambit|fallen5|[silent]\n|-damage|p1a: Meloetta|141/298|[from] item: Life Orb\n|\n|win|gengis khann\n|raw|gengis khann's rating: 2155 &rarr; <strong>2174</strong><br />(+19 for winning)\n|raw|cansermaro8's rating: 2141 &rarr; <strong>2122</strong><br />(-19 for losing)\n", "inputlog": ">version f8ac14003a5f27e1bdc8d8c59608a773c1cb96e5\n>start {\"formatid\":\"gen9randombattle\",\"seed\":\"sodium,ce750d9e77cd4898ce8897083fd8af07\",\"rated\":\"Rated battle\"}\n>player p1 {\"name\":\"gengis khann\",\"avatar\":\"266\",\"rating\":2155,\"seed\":\"sodium,57555b34507a025928bdc0d657c35ded\"}\n>player p2 {\"name\":\"cansermaro8\",\"avatar\":\"170\",\"rating\":2141,\"seed\":\"sodium,ff408e6cafb87fca287c759c7533c940\"}\n>p1 move bravebird\n>p2 switch 4\n>p1 move bodypress\n>p2 switch 5\n>p1 switch 2\n>p2 move fierydance\n>p1 move knockoff\n>p2 switch 2\n>p1 switch 2\n>p2 move knockoff\n>p1 move bravebird\n>p2 move drainpunch\n>p2 switch 2\n>p1 switch 2\n>p2 move fierydance\n>p1 move knockoff\n>p2 move energyball\n>p2 switch 4\n>p1 switch 5\n>p2 move machpunch\n>p1 move hydropump\n>p2 move facade terastallize\n>p1 switch 2\n>p1 move bodypress\n>p2 move closecombat\n>p1 switch 6\n>p1 move voltswitch\n>p2 move facade\n>p1 switch 5\n>p2 switch 3\n>p1 move dragondance\n>p2 move earthpower\n>p1 switch 5\n>p1 move thunderbolt\n>p2 move earthpower\n>p2 switch 6\n>p1 move thunderbolt\n>p2 move psychoboost\n>p2 switch 5\n>p1 move thunderbolt\n>p2 move swordsdance\n>p1 move thunderbolt\n>p2 move suckerpunch\n>p1 switch 4\n>p1 move closecombat terastallize\n>p2 move suckerpunch", "uploadtime": 1782844399, "views": 6, "formatid": "gen9randombattle", "rating": 2122, "private": 0, "password": null, "player_dets": [{"name": "gengis khann", "avatar": "266", "rating": 2155, "seed": "sodium,57555b34507a025928bdc0d657c35ded"}, {"name": "cansermaro8", "avatar": "170", "rating": 2141, "seed": "sodium,ff408e6cafb87fca287c759c7533c940"}], "teams_full": [{"Corviknight": {"name": "Corviknight", "species": "Corviknight", "speciesId": "corviknight", "gender": "F", "shiny": false, "level": 80, "moves": ["bodypress", "bravebird", "defog", "roost"], "ability": "Mirror Armor", "evs": {"hp": 85, "atk": 85, "def": 85, "spa": 85, "spd": 85, "spe": 85}, "ivs": {"hp": 31, "atk": 31, "def": 31, "spa": 31, "spd": 31, "spe": 31}, "item": "Leftovers", "teraType": "Dragon", "role": "Bulky Support", "bvs": {"hp": 98, "atk": 87, "def": 105, "spa": 53, "spd": 85, "spe": 67}, "stats": {"hp": 288, "atk": 185, "def": 214, "spa": 131, "spd": 182, "spe": 153}, "types": ["Flying", "Steel"]}, "Tyranitar": {"name": "Tyranitar", "species": "Tyranitar", "speciesId": "tyranitar", "gender": "F", "shiny": false, "level": 78, "moves": ["earthquake", "dragondance", "knockoff", "stoneedge"], "ability": "Sand Stream", "evs": {"hp": 85, "atk": 85, "def": 85, "spa": 85, "spd": 85, "spe": 85}, "ivs": {"hp": 31, "atk": 31, "def": 31, "spa": 31, "spd": 31, "spe": 31}, "item": "Weakness Policy", "teraType": "Rock", "role": "Bulky Setup", "bvs": {"hp": 100, "atk": 134, "def": 110, "spa": 95, "spd": 100, "spe": 61}, "stats": {"hp": 284, "atk": 254, "def": 217, "spa": 193, "spd": 201, "spe": 140}, "types": ["Rock", "Dark"]}, "Kingdra": {"name": "Kingdra", "species": "Kingdra", "speciesId": "kingdra", "gender": "F", "shiny": false, "level": 84, "moves": ["waterfall", "outrage", "dragondance", "wavecrash"], "ability": "Sniper", "evs": {"hp": 85, "atk": 85, "def": 85, "spa": 85, "spd": 85, "spe": 85}, "ivs": {"hp": 31, "atk": 31, "def": 31, "spa": 31, "spd": 31, "spe": 31}, "item": "Lum Berry", "teraType": "Water", "role": "Setup Sweeper", "bvs": {"hp": 75, "atk": 95, "def": 95, "spa": 95, "spd": 95, "spe": 85}, "stats": {"hp": 263, "atk": 208, "def": 208, "spa": 208, "spd": 208, "spe": 191}, "types": ["Water", "Dragon"]}, "Meloetta": {"name": "Meloetta", "species": "Meloetta", "speciesId": "meloetta", "gender": "N", "shiny": false, "level": 82, "moves": ["tripleaxel", "knockoff", "closecombat", "relicsong"], "ability": "Serene Grace", "evs": {"hp": 85, "atk": 85, "def": 85, "spa": 85, "spd": 85, "spe": 85}, "ivs": {"hp": 31, "atk": 31, "def": 31, "spa": 31, "spd": 31, "spe": 31}, "item": "Life Orb", "teraType": "Fighting", "role": "Wallbreaker", "bvs": {"hp": 100, "atk": 77, "def": 77, "spa": 128, "spd": 128, "spe": 90}, "stats": {"hp": 298, "atk": 173, "def": 173, "spa": 257, "spd": 257, "spe": 195}, "types": ["Normal", "Psychic"]}, "Primarina": {"name": "Primarina", "species": "Primarina", "speciesId": "primarina", "gender": "M", "shiny": false, "level": 83, "moves": ["flipturn", "psychic", "moonblast", "hydropump"], "ability": "Torrent", "evs": {"hp": 85, "atk": 85, "def": 85, "spa": 85, "spd": 85, "spe": 85}, "ivs": {"hp": 31, "atk": 31, "def": 31, "spa": 31, "spd": 31, "spe": 31}, "item": "Choice Specs", "teraType": "Water", "role": "Wallbreaker", "bvs": {"hp": 80, "atk": 74, "def": 74, "spa": 126, "spd": 116, "spe": 60}, "stats": {"hp": 268, "atk": 171, "def": 171, "spa": 257, "spd": 240, "spe": 147}, "types": ["Water", "Fairy"]}, "Jolteon": {"name": "Jolteon", "species": "Jolteon", "speciesId": "jolteon", "gender": "M", "shiny": false, "level": 84, "moves": ["voltswitch", "thunderbolt", "shadowball", "alluringvoice"], "ability": "Volt Absorb", "evs": {"hp": 85, "atk": 0, "def": 85, "spa": 85, "spd": 85, "spe": 85}, "ivs": {"hp": 31, "atk": 0, "def": 31, "spa": 31, "spd": 31, "spe": 31}, "item": "Choice Specs", "teraType": "Fairy", "role": "Fast Attacker", "bvs": {"hp": 65, "atk": 65, "def": 60, "spa": 110, "spd": 95, "spe": 130}, "stats": {"hp": 246, "atk": 114, "def": 149, "spa": 233, "spd": 208, "spe": 267}, "types": ["Electric"]}}, {"Conkeldurr": {"name": "Conkeldurr", "species": "Conkeldurr", "speciesId": "conkeldurr", "gender": "M", "shiny": false, "level": 80, "moves": ["machpunch", "knockoff", "facade", "closecombat"], "ability": "Guts", "evs": {"hp": 85, "atk": 85, "def": 85, "spa": 85, "spd": 85, "spe": 85}, "ivs": {"hp": 31, "atk": 31, "def": 31, "spa": 31, "spd": 31, "spe": 31}, "item": "Flame Orb", "teraType": "Normal", "role": "Wallbreaker", "bvs": {"hp": 105, "atk": 140, "def": 95, "spa": 55, "spd": 65, "spe": 45}, "stats": {"hp": 299, "atk": 270, "def": 198, "spa": 134, "spd": 150, "spe": 118}, "types": ["Fighting"]}, "Gurdurr": {"name": "Gurdurr", "species": "Gurdurr", "speciesId": "gurdurr", "gender": "F", "shiny": false, "level": 85, "moves": ["knockoff", "machpunch", "defog", "drainpunch"], "ability": "Guts", "evs": {"hp": 85, "atk": 85, "def": 85, "spa": 85, "spd": 85, "spe": 85}, "ivs": {"hp": 31, "atk": 31, "def": 31, "spa": 31, "spd": 31, "spe": 31}, "item": "Eviolite", "teraType": "Steel", "role": "Bulky Attacker", "bvs": {"hp": 85, "atk": 105, "def": 85, "spa": 40, "spd": 50, "spe": 40}, "stats": {"hp": 283, "atk": 227, "def": 193, "spa": 117, "spd": 134, "spe": 117}, "types": ["Fighting"]}, "Iron Jugulis": {"name": "Iron Jugulis", "species": "Iron Jugulis", "speciesId": "ironjugulis", "gender": "N", "shiny": false, "level": 77, "moves": ["hurricane", "earthpower", "uturn", "darkpulse"], "ability": "Quark Drive", "evs": {"hp": 85, "atk": 85, "def": 85, "spa": 85, "spd": 85, "spe": 85}, "ivs": {"hp": 31, "atk": 31, "def": 31, "spa": 31, "spd": 31, "spe": 31}, "item": "Choice Specs", "teraType": "Flying", "role": "Wallbreaker", "bvs": {"hp": 94, "atk": 80, "def": 86, "spa": 122, "spd": 80, "spe": 108}, "stats": {"hp": 271, "atk": 168, "def": 177, "spa": 232, "spd": 168, "spe": 211}, "types": ["Dark", "Flying"]}, "Kingambit": {"name": "Kingambit", "species": "Kingambit", "speciesId": "kingambit", "gender": "M", "shiny": false, "level": 74, "moves": ["swordsdance", "suckerpunch", "ironhead", "kowtowcleave"], "ability": "Supreme Overlord", "evs": {"hp": 85, "atk": 85, "def": 85, "spa": 85, "spd": 85, "spe": 85}, "ivs": {"hp": 31, "atk": 31, "def": 31, "spa": 31, "spd": 31, "spe": 31}, "item": "Leftovers", "teraType": "Dark", "role": "Bulky Attacker", "bvs": {"hp": 100, "atk": 135, "def": 120, "spa": 60, "spd": 85, "spe": 50}, "stats": {"hp": 270, "atk": 243, "def": 221, "spa": 132, "spd": 169, "spe": 117}, "types": ["Dark", "Steel"]}, "Iron Moth": {"name": "Iron Moth", "species": "Iron Moth", "speciesId": "ironmoth", "gender": "N", "shiny": false, "level": 78, "moves": ["morningsun", "energyball", "fierydance", "sludgewave"], "ability": "Quark Drive", "evs": {"hp": 85, "atk": 0, "def": 85, "spa": 85, "spd": 85, "spe": 85}, "ivs": {"hp": 31, "atk": 0, "def": 31, "spa": 31, "spd": 31, "spe": 31}, "item": "Heavy-Duty Boots", "teraType": "Fire", "role": "Fast Attacker", "bvs": {"hp": 80, "atk": 70, "def": 60, "spa": 140, "spd": 110, "spe": 110}, "stats": {"hp": 253, "atk": 114, "def": 139, "spa": 263, "spd": 217, "spe": 217}, "types": ["Fire", "Poison"]}, "Deoxys": {"name": "Deoxys", "species": "Deoxys", "speciesId": "deoxys", "gender": "N", "shiny": false, "level": 74, "moves": ["superpower", "psychoboost", "knockoff", "icebeam"], "ability": "Pressure", "evs": {"hp": 85, "atk": 85, "def": 85, "spa": 85, "spd": 85, "spe": 85}, "ivs": {"hp": 31, "atk": 31, "def": 31, "spa": 31, "spd": 31, "spe": 31}, "item": "Life Orb", "teraType": "Psychic", "role": "Wallbreaker", "bvs": {"hp": 50, "atk": 150, "def": 50, "spa": 150, "spd": 50, "spe": 150}, "stats": {"hp": 196, "atk": 265, "def": 117, "spa": 265, "spd": 117, "spe": 265}, "types": ["Psychic"]}}]}