{"id": "gen9randombattle-2642161265", "format": "[Gen 9] Random Battle", "players": ["Foster The Sheeple", "MarksmanGreg"], "log": "|j|\u2606Foster The Sheeple\n|j|\u2606MarksmanGreg\n|t:|1782902944\n|gametype|singles\n|player|p1|Foster The Sheeple|dancer|1939\n|player|p2|MarksmanGreg|ltsurge|1916\n|gen|9\n|tier|[Gen 9] Random Battle\n|rated|\n|rule|Species Clause: Limit one of each Pok\u00e9mon\n|rule|HP Percentage Mod: HP is shown in percentages\n|rule|Sleep Clause Mod: Limit one foe put to sleep\n|rule|Illusion Level Mod: Illusion disguises the Pok\u00e9mon's true level\n|\n|t:|1782902944\n|teamsize|p1|6\n|teamsize|p2|6\n|start\n|switch|p1a: Phione|Phione, L91|293/293\n|switch|p2a: Garganacl|Garganacl, L80, F|291/291\n|turn|1\n|inactive|Battle timer is ON: inactive players will automatically lose when time's up. (requested by Foster The Sheeple)\n|\n|t:|1782902957\n|switch|p2a: Abomasnow|Abomasnow, L84, M|287/287\n|-weather|Snowscape|[from] ability: Snow Warning|[of] p2a: Abomasnow\n|move|p1a: Phione|Scald|p2a: Abomasnow\n|-resisted|p2a: Abomasnow\n|-damage|p2a: Abomasnow|239/287\n|-status|p2a: Abomasnow|brn\n|\n|-weather|Snowscape|[upkeep]\n|-damage|p2a: Abomasnow|222/287 brn|[from] brn\n|upkeep\n|turn|2\n|inactive|Foster The Sheeple has 120 seconds left.\n|\n|t:|1782902988\n|switch|p1a: Iron Crown|Iron Crown, L78|268/268\n|move|p2a: Abomasnow|Aurora Veil|p2a: Abomasnow\n|-sidestart|p2: MarksmanGreg|move: Aurora Veil\n|\n|-weather|Snowscape|[upkeep]\n|-damage|p2a: Abomasnow|205/287 brn|[from] brn\n|upkeep\n|turn|3\n|\n|t:|1782902997\n|switch|p2a: Flygon|Flygon, L82, M|265/265\n|move|p1a: Iron Crown|Calm Mind|p1a: Iron Crown\n|-boost|p1a: Iron Crown|spa|1\n|-boost|p1a: Iron Crown|spd|1\n|\n|-weather|Snowscape|[upkeep]\n|upkeep\n|turn|4\n|\n|t:|1782903007\n|-end|p1a: Iron Crown|Quark Drive|[silent]\n|switch|p1a: Cetitan|Cetitan, L82, F|413/413\n|move|p2a: Flygon|Dragon Dance|p2a: Flygon\n|-boost|p2a: Flygon|atk|1\n|-boost|p2a: Flygon|spe|1\n|\n|-weather|Snowscape|[upkeep]\n|upkeep\n|turn|5\n|\n|t:|1782903011\n|-terastallize|p2a: Flygon|Rock\n|move|p2a: Flygon|Stone Edge|p1a: Cetitan\n|-supereffective|p1a: Cetitan\n|-crit|p1a: Cetitan\n|-damage|p1a: Cetitan|5/413\n|move|p1a: Cetitan|Icicle Crash|p2a: Flygon\n|-damage|p2a: Flygon|169/265\n|\n|-weather|none\n|upkeep\n|turn|6\n|\n|t:|1782903026\n|switch|p1a: Ting-Lu|Ting-Lu, L78|370/370\n|-ability|p1a: Ting-Lu|Vessel of Ruin\n|move|p2a: Flygon|Dragon Dance|p2a: Flygon\n|-boost|p2a: Flygon|atk|1\n|-boost|p2a: Flygon|spe|1\n|\n|upkeep\n|turn|7\n|\n|t:|1782903038\n|move|p2a: Flygon|Earthquake|p1a: Ting-Lu\n|-damage|p1a: Ting-Lu|217/370\n|move|p1a: Ting-Lu|Heavy Slam|p2a: Flygon\n|-supereffective|p2a: Flygon\n|-damage|p2a: Flygon|82/265\n|\n|upkeep\n|turn|8\n|\n|t:|1782903046\n|move|p2a: Flygon|Outrage|p1a: Ting-Lu\n|-damage|p1a: Ting-Lu|31/370\n|move|p1a: Ting-Lu|Heavy Slam|p2a: Flygon\n|-supereffective|p2a: Flygon\n|-damage|p2a: Flygon|0 fnt\n|faint|p2a: Flygon\n|\n|upkeep\n|\n|t:|1782903052\n|switch|p2a: Malamar|Malamar, L82, F|275/275\n|turn|9\n|\n|t:|1782903056\n|switch|p1a: Dondozo|Dondozo, L78, M|362/362\n|move|p2a: Malamar|Superpower|p1a: Dondozo\n|-damage|p1a: Dondozo|300/362\n|-boost|p2a: Malamar|atk|1\n|-boost|p2a: Malamar|def|1\n|\n|-heal|p1a: Dondozo|322/362|[from] item: Leftovers\n|-sideend|p2: MarksmanGreg|move: Aurora Veil\n|upkeep\n|turn|10\n|\n|t:|1782903065\n|switch|p1a: Cetitan|Cetitan, L82, F|5/413\n|move|p2a: Malamar|Knock Off|p1a: Cetitan\n|-damage|p1a: Cetitan|0 fnt\n|-enditem|p1a: Cetitan|Life Orb|[from] move: Knock Off|[of] p2a: Malamar\n|faint|p1a: Cetitan\n|\n|upkeep\n|j| Tidus2812\n|\n|t:|1782903073\n|switch|p1a: Dondozo|Dondozo, L78, M|322/362\n|turn|11\n|\n|t:|1782903078\n|move|p2a: Malamar|Knock Off|p1a: Dondozo\n|-damage|p1a: Dondozo|243/362\n|-enditem|p1a: Dondozo|Leftovers|[from] move: Knock Off|[of] p2a: Malamar\n|move|p1a: Dondozo|Curse|p1a: Dondozo\n|-unboost|p1a: Dondozo|spe|1\n|-boost|p1a: Dondozo|atk|1\n|-boost|p1a: Dondozo|def|1\n|\n|upkeep\n|turn|12\n|l| Tidus2812\n|\n|t:|1782903101\n|switch|p2a: Garganacl|Garganacl, L80, F|291/291\n|move|p1a: Dondozo|Rest|p1a: Dondozo\n|-status|p1a: Dondozo|slp|[from] move: Rest\n|-heal|p1a: Dondozo|362/362 slp|[silent]\n|\n|upkeep\n|turn|13\n|\n|t:|1782903108\n|switch|p1a: Ting-Lu|Ting-Lu, L78|31/370\n|-ability|p1a: Ting-Lu|Vessel of Ruin\n|move|p2a: Garganacl|Salt Cure|p1a: Ting-Lu\n|-resisted|p1a: Ting-Lu\n|-damage|p1a: Ting-Lu|13/370\n|-start|p1a: Ting-Lu|Salt Cure\n|\n|-damage|p1a: Ting-Lu|0 fnt|[from] Salt Cure\n|faint|p1a: Ting-Lu\n|upkeep\n|\n|t:|1782903111\n|switch|p1a: Iron Crown|Iron Crown, L78|268/268\n|turn|14\n|\n|t:|1782903126\n|switch|p2a: Abomasnow|Abomasnow, L84, M|205/287 brn\n|-weather|Snowscape|[from] ability: Snow Warning|[of] p2a: Abomasnow\n|move|p1a: Iron Crown|Tachyon Cutter|p2a: Abomasnow\n|-supereffective|p2a: Abomasnow\n|-damage|p2a: Abomasnow|85/287 brn\n|-supereffective|p2a: Abomasnow\n|-damage|p2a: Abomasnow|0 fnt\n|faint|p2a: Abomasnow\n|-hitcount|p2: Abomasnow|2\n|\n|-weather|Snowscape|[upkeep]\n|upkeep\n|\n|t:|1782903137\n|switch|p2a: Darkrai|Darkrai, L77|234/234\n|turn|15\n|\n|t:|1782903151\n|-terastallize|p1a: Iron Crown|Fighting\n|move|p2a: Darkrai|Nasty Plot|p2a: Darkrai\n|-boost|p2a: Darkrai|spa|2\n|move|p1a: Iron Crown|Tachyon Cutter|p2a: Darkrai\n|-damage|p2a: Darkrai|171/234\n|-damage|p2a: Darkrai|111/234\n|-hitcount|p2a: Darkrai|2\n|\n|-weather|Snowscape|[upkeep]\n|upkeep\n|turn|16\n|\n|t:|1782903162\n|move|p2a: Darkrai|Sludge Bomb|p1a: Iron Crown\n|-damage|p1a: Iron Crown|111/268\n|-damage|p2a: Darkrai|88/234|[from] item: Life Orb\n|move|p1a: Iron Crown|Tachyon Cutter|p2a: Darkrai\n|-damage|p2a: Darkrai|25/234\n|-damage|p2a: Darkrai|0 fnt\n|faint|p2a: Darkrai\n|-hitcount|p2: Darkrai|2\n|\n|-weather|Snowscape|[upkeep]\n|-heal|p1a: Iron Crown|127/268|[from] item: Leftovers\n|upkeep\n|\n|t:|1782903168\n|switch|p2a: Fezandipiti|Fezandipiti, L82, M|278/278\n|turn|17\n|\n|t:|1782903182\n|-end|p1a: Iron Crown|Quark Drive|[silent]\n|switch|p1a: Phione|Phione, L91|293/293\n|move|p2a: Fezandipiti|Moonblast|p1a: Phione\n|-damage|p1a: Phione|224/293\n|-unboost|p1a: Phione|spa|1\n|-status|p1a: Phione|tox|[from] ability: Toxic Chain|[of] p2a: Fezandipiti\n|\n|-weather|Snowscape|[upkeep]\n|-heal|p1a: Phione|242/293 tox|[from] item: Leftovers\n|-damage|p1a: Phione|224/293 tox|[from] psn\n|upkeep\n|turn|18\n|\n|t:|1782903190\n|move|p2a: Fezandipiti|Beat Up|p1a: Phione\n|-damage|p1a: Phione|214/293 tox\n|-damage|p1a: Phione|204/293 tox\n|-damage|p1a: Phione|194/293 tox\n|-hitcount|p1a: Phione|3\n|move|p1a: Phione|Take Heart|p1a: Phione\n|-boost|p1a: Phione|spa|1\n|-boost|p1a: Phione|spd|1\n|-curestatus|p1a: Phione|tox|[msg]\n|\n|-weather|none\n|-heal|p1a: Phione|212/293|[from] item: Leftovers\n|upkeep\n|turn|19\n|\n|t:|1782903199\n|move|p2a: Fezandipiti|Gunk Shot|p1a: Phione\n|-damage|p1a: Phione|95/293\n|move|p1a: Phione|Rest|p1a: Phione\n|-status|p1a: Phione|slp|[from] move: Rest\n|-heal|p1a: Phione|293/293 slp|[silent]\n|\n|upkeep\n|turn|20\n|\n|t:|1782903206\n|switch|p2a: Malamar|Malamar, L82, F|275/275\n|cant|p1a: Phione|slp\n|move|p1a: Phione|Sleep Talk|p1a: Phione\n|move|p1a: Phione|Take Heart|p1a: Phione|[from] move: Sleep Talk\n|-boost|p1a: Phione|spa|1\n|-boost|p1a: Phione|spd|1\n|-curestatus|p1a: Phione|slp|[msg]\n|\n|upkeep\n|turn|21\n|\n|t:|1782903214\n|switch|p1a: Dondozo|Dondozo, L78, M|362/362 slp\n|move|p2a: Malamar|Superpower|p1a: Dondozo\n|-damage|p1a: Dondozo|289/362 slp\n|-boost|p2a: Malamar|atk|1\n|-boost|p2a: Malamar|def|1\n|\n|upkeep\n|turn|22\n|\n|t:|1782903218\n|move|p2a: Malamar|Superpower|p1a: Dondozo\n|-damage|p1a: Dondozo|220/362 slp\n|-boost|p2a: Malamar|atk|1\n|-boost|p2a: Malamar|def|1\n|cant|p1a: Dondozo|slp\n|move|p1a: Dondozo|Sleep Talk|p1a: Dondozo\n|move|p1a: Dondozo|Wave Crash|p2a: Malamar|[from] move: Sleep Talk\n|-damage|p2a: Malamar|157/275\n|-damage|p1a: Dondozo|181/362 slp|[from] Recoil\n|\n|upkeep\n|turn|23\n|\n|t:|1782903229\n|move|p2a: Malamar|Superpower|p1a: Dondozo\n|-damage|p1a: Dondozo|109/362 slp\n|-boost|p2a: Malamar|atk|1\n|-boost|p2a: Malamar|def|1\n|cant|p1a: Dondozo|slp\n|move|p1a: Dondozo|Sleep Talk|p1a: Dondozo\n|move|p1a: Dondozo|Curse|p1a: Dondozo|[from] move: Sleep Talk\n|-unboost|p1a: Dondozo|spe|1\n|-boost|p1a: Dondozo|atk|1\n|-boost|p1a: Dondozo|def|1\n|\n|upkeep\n|turn|24\n|\n|t:|1782903240\n|move|p2a: Malamar|Rest|p2a: Malamar\n|-status|p2a: Malamar|slp|[from] move: Rest\n|-heal|p2a: Malamar|275/275 slp|[silent]\n|-enditem|p2a: Malamar|Chesto Berry|[eat]\n|-curestatus|p2a: Malamar|slp|[msg]\n|-curestatus|p1a: Dondozo|slp|[msg]\n|move|p1a: Dondozo|Rest|p1a: Dondozo\n|-status|p1a: Dondozo|slp|[from] move: Rest\n|-heal|p1a: Dondozo|362/362 slp|[silent]\n|\n|upkeep\n|turn|25\n|\n|t:|1782903251\n|move|p2a: Malamar|Superpower|p1a: Dondozo\n|-damage|p1a: Dondozo|314/362 slp\n|-boost|p2a: Malamar|atk|1\n|-boost|p2a: Malamar|def|1\n|cant|p1a: Dondozo|slp\n|\n|upkeep\n|turn|26\n|\n|t:|1782903261\n|move|p2a: Malamar|Psycho Cut|p1a: Dondozo\n|-damage|p1a: Dondozo|277/362 slp\n|cant|p1a: Dondozo|slp\n|move|p1a: Dondozo|Sleep Talk|p1a: Dondozo\n|move|p1a: Dondozo|Curse|p1a: Dondozo|[from] move: Sleep Talk\n|-unboost|p1a: Dondozo|spe|1\n|-boost|p1a: Dondozo|atk|1\n|-boost|p1a: Dondozo|def|1\n|\n|upkeep\n|turn|27\n|\n|t:|1782903270\n|move|p2a: Malamar|Psycho Cut|p1a: Dondozo\n|-damage|p1a: Dondozo|246/362 slp\n|-curestatus|p1a: Dondozo|slp|[msg]\n|move|p1a: Dondozo|Sleep Talk||[still]\n|-fail|p1a: Dondozo\n|\n|upkeep\n|turn|28\n|\n|t:|1782903275\n|move|p2a: Malamar|Psycho Cut|p1a: Dondozo\n|-damage|p1a: Dondozo|216/362\n|move|p1a: Dondozo|Wave Crash|p2a: Malamar\n|-damage|p2a: Malamar|40/275\n|-damage|p1a: Dondozo|138/362|[from] Recoil\n|\n|upkeep\n|turn|29\n|\n|t:|1782903281\n|move|p2a: Malamar|Psycho Cut|p1a: Dondozo\n|-damage|p1a: Dondozo|105/362\n|move|p1a: Dondozo|Rest|p1a: Dondozo\n|-status|p1a: Dondozo|slp|[from] move: Rest\n|-heal|p1a: Dondozo|362/362 slp|[silent]\n|\n|upkeep\n|turn|30\n|\n|t:|1782903287\n|switch|p2a: Fezandipiti|Fezandipiti, L82, M|278/278\n|cant|p1a: Dondozo|slp\n|move|p1a: Dondozo|Sleep Talk|p1a: Dondozo\n|move|p1a: Dondozo|Curse|p1a: Dondozo|[from] move: Sleep Talk\n|-unboost|p1a: Dondozo|spe|1\n|-boost|p1a: Dondozo|atk|1\n|-boost|p1a: Dondozo|def|1\n|\n|upkeep\n|turn|31\n|\n|t:|1782903295\n|move|p2a: Fezandipiti|Moonblast|p1a: Dondozo\n|-damage|p1a: Dondozo|263/362 slp\n|-unboost|p1a: Dondozo|spa|1\n|cant|p1a: Dondozo|slp\n|move|p1a: Dondozo|Sleep Talk|p1a: Dondozo\n|move|p1a: Dondozo|Curse|p1a: Dondozo|[from] move: Sleep Talk\n|-unboost|p1a: Dondozo|spe|1\n|-boost|p1a: Dondozo|atk|1\n|-boost|p1a: Dondozo|def|1\n|\n|upkeep\n|turn|32\n|\n|t:|1782903305\n|move|p2a: Fezandipiti|Moonblast|p1a: Dondozo\n|-damage|p1a: Dondozo|170/362 slp\n|-curestatus|p1a: Dondozo|slp|[msg]\n|move|p1a: Dondozo|Wave Crash|p2a: Fezandipiti\n|-damage|p2a: Fezandipiti|0 fnt\n|faint|p2a: Fezandipiti\n|-damage|p1a: Dondozo|78/362|[from] Recoil\n|\n|upkeep\n|\n|t:|1782903309\n|switch|p2a: Garganacl|Garganacl, L80, F|291/291\n|turn|33\n|\n|t:|1782903317\n|move|p2a: Garganacl|Salt Cure|p1a: Dondozo\n|-damage|p1a: Dondozo|66/362\n|-start|p1a: Dondozo|Salt Cure\n|move|p1a: Dondozo|Wave Crash|p2a: Garganacl\n|-supereffective|p2a: Garganacl\n|-damage|p2a: Garganacl|0 fnt\n|faint|p2a: Garganacl\n|-damage|p1a: Dondozo|0 fnt|[from] Recoil\n|faint|p1a: Dondozo\n|\n|upkeep\n|\n|t:|1782903324\n|switch|p2a: Malamar|Malamar, L82, F|40/275\n|switch|p1a: Iron Crown|Iron Crown, L78, tera:Fighting|127/268\n|turn|34\n|\n|t:|1782903328\n|move|p1a: Iron Crown|Tachyon Cutter|p2a: Malamar\n|-damage|p2a: Malamar|0 fnt\n|faint|p2a: Malamar\n|-hitcount|p2: Malamar|1\n|\n|win|Foster The Sheeple\n|raw|Foster The Sheeple's rating: 1939 &rarr; <strong>1958</strong><br />(+19 for winning)\n|raw|MarksmanGreg's rating: 1916 &rarr; <strong>1897</strong><br />(-19 for losing)\n|l|\u2606MarksmanGreg\n|player|p2|\n", "inputlog": ">version f8ac14003a5f27e1bdc8d8c59608a773c1cb96e5\n>start {\"formatid\":\"gen9randombattle\",\"seed\":\"sodium,7c80661493a31c322dff31cabd96ea2c\",\"rated\":\"Rated battle\"}\n>player p1 {\"name\":\"Foster The Sheeple\",\"avatar\":\"dancer\",\"rating\":1939,\"seed\":\"sodium,2dc0186fd34e7c116bec579b1523b75b\"}\n>player p2 {\"name\":\"MarksmanGreg\",\"avatar\":\"ltsurge\",\"rating\":1916,\"seed\":\"sodium,24651617a82fd905ce3efe6a32ba5b6f\"}\n>p1 move scald\n>p2 switch 2\n>p1 switch 4\n>p2 move auroraveil\n>p1 move calmmind\n>p2 switch 4\n>p1 switch 6\n>p2 move dragondance\n>p1 move iciclecrash\n>p2 move stoneedge terastallize\n>p1 switch 5\n>p2 move dragondance\n>p1 move heavyslam\n>p2 move earthquake\n>p1 move heavyslam\n>p2 move outrage\n>p2 switch 6\n>p1 switch 3\n>p2 move superpower\n>p1 switch 5\n>p2 move knockoff\n>p1 switch 5\n>p1 move curse\n>p2 move knockoff\n>p1 move rest\n>p2 switch 2\n>p1 switch 3\n>p2 move saltcure\n>p1 switch 6\n>p1 move tachyoncutter\n>p2 switch 4\n>p2 switch 3\n>p1 move tachyoncutter terastallize\n>p2 move nastyplot\n>p1 move tachyoncutter\n>p2 move sludgebomb\n>p2 switch 5\n>p1 switch 4\n>p2 move moonblast\n>p1 move takeheart\n>p2 move beatup\n>p1 move rest\n>p2 move gunkshot\n>p1 move sleeptalk\n>p2 switch 2\n>p1 switch 3\n>p2 move superpower\n>p1 move sleeptalk\n>p2 move superpower\n>p1 move sleeptalk\n>p2 move superpower\n>p1 move rest\n>p2 move rest\n>p1 move curse\n>p2 move superpower\n>p1 move sleeptalk\n>p2 move psychocut\n>p1 move sleeptalk\n>p2 move psychocut\n>p1 move wavecrash\n>p2 move psychocut\n>p1 move rest\n>p2 move psychocut\n>p1 move sleeptalk\n>p2 switch 2\n>p1 move sleeptalk\n>p2 move moonblast\n>p1 move wavecrash\n>p2 move moonblast\n>p2 switch 4\n>p1 move wavecrash\n>p2 move saltcure\n>p1 switch 4\n>p2 switch 2\n>p1 move tachyoncutter\n>p2 move rest", "uploadtime": 1782903328, "views": 2, "formatid": "gen9randombattle", "rating": 1897, "private": 0, "password": null, "player_dets": [{"name": "Foster The Sheeple", "avatar": "dancer", "rating": 1939, "seed": "sodium,2dc0186fd34e7c116bec579b1523b75b"}, {"name": "MarksmanGreg", "avatar": "ltsurge", "rating": 1916, "seed": "sodium,24651617a82fd905ce3efe6a32ba5b6f"}], "teams_full": [{"Phione": {"name": "Phione", "species": "Phione", "speciesId": "phione", "gender": "N", "shiny": false, "level": 91, "moves": ["sleeptalk", "takeheart", "rest", "scald"], "ability": "Hydration", "evs": {"hp": 85, "atk": 0, "def": 85, "spa": 85, "spd": 85, "spe": 85}, "ivs": {"hp": 31, "atk": 0, "def": 31, "spa": 31, "spd": 31, "spe": 31}, "item": "Leftovers", "teraType": "Steel", "role": "Bulky Setup", "bvs": {"hp": 80, "atk": 80, "def": 80, "spa": 80, "spd": 80, "spe": 80}, "stats": {"hp": 293, "atk": 150, "def": 197, "spa": 197, "spd": 197, "spe": 197}, "types": ["Water"]}, "Meloetta": {"name": "Meloetta", "species": "Meloetta", "speciesId": "meloetta", "gender": "N", "shiny": false, "level": 82, "moves": ["relicsong", "closecombat", "tripleaxel", "knockoff"], "ability": "Serene Grace", "evs": {"hp": 85, "atk": 85, "def": 85, "spa": 85, "spd": 85, "spe": 85}, "ivs": {"hp": 31, "atk": 31, "def": 31, "spa": 31, "spd": 31, "spe": 31}, "item": "Life Orb", "teraType": "Dark", "role": "Wallbreaker", "bvs": {"hp": 100, "atk": 77, "def": 77, "spa": 128, "spd": 128, "spe": 90}, "stats": {"hp": 298, "atk": 173, "def": 173, "spa": 257, "spd": 257, "spe": 195}, "types": ["Normal", "Psychic"]}, "Dondozo": {"name": "Dondozo", "species": "Dondozo", "speciesId": "dondozo", "gender": "M", "shiny": false, "level": 78, "moves": ["sleeptalk", "rest", "curse", "wavecrash"], "ability": "Unaware", "evs": {"hp": 85, "atk": 85, "def": 85, "spa": 85, "spd": 85, "spe": 85}, "ivs": {"hp": 31, "atk": 31, "def": 31, "spa": 31, "spd": 31, "spe": 31}, "item": "Leftovers", "teraType": "Dragon", "role": "Bulky Setup", "bvs": {"hp": 150, "atk": 100, "def": 115, "spa": 65, "spd": 65, "spe": 35}, "stats": {"hp": 362, "atk": 201, "def": 224, "spa": 146, "spd": 146, "spe": 100}, "types": ["Water"]}, "Iron Crown": {"name": "Iron Crown", "species": "Iron Crown", "speciesId": "ironcrown", "gender": "N", "shiny": false, "level": 78, "moves": ["calmmind", "focusblast", "psyshock", "tachyoncutter"], "ability": "Quark Drive", "evs": {"hp": 85, "atk": 0, "def": 85, "spa": 85, "spd": 85, "spe": 85}, "ivs": {"hp": 31, "atk": 0, "def": 31, "spa": 31, "spd": 31, "spe": 31}, "item": "Leftovers", "teraType": "Fighting", "role": "Bulky Setup", "bvs": {"hp": 90, "atk": 72, "def": 100, "spa": 122, "spd": 108, "spe": 98}, "stats": {"hp": 268, "atk": 117, "def": 201, "spa": 235, "spd": 214, "spe": 198}, "types": ["Steel", "Psychic"]}, "Ting-Lu": {"name": "Ting-Lu", "species": "Ting-Lu", "speciesId": "tinglu", "gender": "N", "shiny": false, "level": 78, "moves": ["earthquake", "payback", "heavyslam", "ruination"], "ability": "Vessel of Ruin", "evs": {"hp": 85, "atk": 85, "def": 85, "spa": 85, "spd": 85, "spe": 85}, "ivs": {"hp": 31, "atk": 31, "def": 31, "spa": 31, "spd": 31, "spe": 31}, "item": "Assault Vest", "teraType": "Steel", "role": "Bulky Attacker", "bvs": {"hp": 155, "atk": 110, "def": 125, "spa": 55, "spd": 80, "spe": 45}, "stats": {"hp": 370, "atk": 217, "def": 240, "spa": 131, "spd": 170, "spe": 115}, "types": ["Dark", "Ground"]}, "Cetitan": {"name": "Cetitan", "species": "Cetitan", "speciesId": "cetitan", "gender": "F", "shiny": false, "level": 82, "moves": ["liquidation", "earthquake", "iceshard", "iciclecrash"], "ability": "Sheer Force", "evs": {"hp": 85, "atk": 85, "def": 85, "spa": 85, "spd": 85, "spe": 85}, "ivs": {"hp": 31, "atk": 31, "def": 31, "spa": 31, "spd": 31, "spe": 31}, "item": "Life Orb", "teraType": "Water", "role": "Wallbreaker", "bvs": {"hp": 170, "atk": 113, "def": 65, "spa": 45, "spd": 55, "spe": 73}, "stats": {"hp": 413, "atk": 232, "def": 154, "spa": 121, "spd": 137, "spe": 167}, "types": ["Ice"]}}, {"Garganacl": {"name": "Garganacl", "species": "Garganacl", "speciesId": "garganacl", "gender": "F", "shiny": false, "level": 80, "moves": ["protect", "bodypress", "saltcure", "recover"], "ability": "Purifying Salt", "evs": {"hp": 85, "atk": 85, "def": 85, "spa": 85, "spd": 85, "spe": 85}, "ivs": {"hp": 31, "atk": 31, "def": 31, "spa": 31, "spd": 31, "spe": 31}, "item": "Leftovers", "teraType": "Ghost", "role": "Bulky Support", "bvs": {"hp": 100, "atk": 100, "def": 130, "spa": 45, "spd": 90, "spe": 35}, "stats": {"hp": 291, "atk": 206, "def": 254, "spa": 118, "spd": 190, "spe": 102}, "types": ["Rock"]}, "Abomasnow": {"name": "Abomasnow", "species": "Abomasnow", "speciesId": "abomasnow", "gender": "M", "shiny": false, "level": 84, "moves": ["blizzard", "auroraveil", "woodhammer", "earthquake"], "ability": "Snow Warning", "evs": {"hp": 77, "atk": 85, "def": 85, "spa": 85, "spd": 85, "spe": 85}, "ivs": {"hp": 31, "atk": 31, "def": 31, "spa": 31, "spd": 31, "spe": 31}, "item": "Light Clay", "teraType": "Ghost", "role": "Bulky Support", "bvs": {"hp": 90, "atk": 92, "def": 75, "spa": 92, "spd": 85, "spe": 60}, "stats": {"hp": 287, "atk": 203, "def": 174, "spa": 203, "spd": 191, "spe": 149}, "types": ["Grass", "Ice"]}, "Darkrai": {"name": "Darkrai", "species": "Darkrai", "speciesId": "darkrai", "gender": "N", "shiny": false, "level": 77, "moves": ["nastyplot", "sludgebomb", "hypnosis", "darkpulse"], "ability": "Bad Dreams", "evs": {"hp": 85, "atk": 0, "def": 85, "spa": 85, "spd": 85, "spe": 85}, "ivs": {"hp": 31, "atk": 0, "def": 31, "spa": 31, "spd": 31, "spe": 31}, "item": "Life Orb", "teraType": "Poison", "role": "Setup Sweeper", "bvs": {"hp": 70, "atk": 90, "def": 90, "spa": 135, "spd": 90, "spe": 125}, "stats": {"hp": 234, "atk": 143, "def": 183, "spa": 252, "spd": 183, "spe": 237}, "types": ["Dark"]}, "Flygon": {"name": "Flygon", "species": "Flygon", "speciesId": "flygon", "gender": "M", "shiny": false, "level": 82, "moves": ["earthquake", "dragondance", "stoneedge", "outrage"], "ability": "Levitate", "evs": {"hp": 85, "atk": 85, "def": 85, "spa": 85, "spd": 85, "spe": 85}, "ivs": {"hp": 31, "atk": 31, "def": 31, "spa": 31, "spd": 31, "spe": 31}, "item": "Lum Berry", "teraType": "Rock", "role": "Fast Attacker", "bvs": {"hp": 80, "atk": 100, "def": 80, "spa": 80, "spd": 80, "spe": 100}, "stats": {"hp": 265, "atk": 211, "def": 178, "spa": 178, "spd": 178, "spe": 211}, "types": ["Ground", "Dragon"]}, "Fezandipiti": {"name": "Fezandipiti", "species": "Fezandipiti", "speciesId": "fezandipiti", "gender": "M", "shiny": false, "level": 82, "moves": ["roost", "beatup", "moonblast", "gunkshot"], "ability": "Toxic Chain", "evs": {"hp": 85, "atk": 85, "def": 85, "spa": 85, "spd": 85, "spe": 85}, "ivs": {"hp": 31, "atk": 31, "def": 31, "spa": 31, "spd": 31, "spe": 31}, "item": "Leftovers", "teraType": "Water", "role": "Bulky Attacker", "bvs": {"hp": 88, "atk": 91, "def": 82, "spa": 70, "spd": 125, "spe": 99}, "stats": {"hp": 278, "atk": 196, "def": 182, "spa": 162, "spd": 252, "spe": 210}, "types": ["Poison", "Fairy"]}, "Malamar": {"name": "Malamar", "species": "Malamar", "speciesId": "malamar", "gender": "F", "shiny": false, "level": 82, "moves": ["psychocut", "superpower", "knockoff", "rest"], "ability": "Contrary", "evs": {"hp": 85, "atk": 85, "def": 85, "spa": 85, "spd": 85, "spe": 85}, "ivs": {"hp": 31, "atk": 31, "def": 31, "spa": 31, "spd": 31, "spe": 31}, "item": "Chesto Berry", "teraType": "Fighting", "role": "Fast Bulky Setup", "bvs": {"hp": 86, "atk": 92, "def": 88, "spa": 68, "spd": 75, "spe": 73}, "stats": {"hp": 275, "atk": 198, "def": 191, "spa": 159, "spd": 170, "spe": 167}, "types": ["Dark", "Psychic"]}}]}