{"id": "gen9randombattle-2642108870", "format": "[Gen 9] Random Battle", "players": ["jobzy", "trisew"], "log": "|j|\u2606jobzy\n|j|\u2606trisew\n|t:|1782891821\n|gametype|singles\n|player|p1|jobzy|1|1200\n|player|p2|trisew|265|1231\n|gen|9\n|tier|[Gen 9] Random Battle\n|rated|\n|rule|Species Clause: Limit one of each Pok\u00e9mon\n|rule|HP Percentage Mod: HP is shown in percentages\n|rule|Sleep Clause Mod: Limit one foe put to sleep\n|rule|Illusion Level Mod: Illusion disguises the Pok\u00e9mon's true level\n|\n|t:|1782891821\n|teamsize|p1|6\n|teamsize|p2|6\n|start\n|switch|p1a: Avalugg|Avalugg, L88, M|310/310\n|switch|p2a: Drednaw|Drednaw, L81, M|278/278\n|turn|1\n|inactive|Battle timer is ON: inactive players will automatically lose when time's up. (requested by jobzy)\n|inactive|trisew also wants the timer to be on.\n|\n|t:|1782891832\n|move|p2a: Drednaw|Shell Smash|p2a: Drednaw\n|-unboost|p2a: Drednaw|def|1\n|-unboost|p2a: Drednaw|spd|1\n|-boost|p2a: Drednaw|atk|2\n|-boost|p2a: Drednaw|spa|2\n|-boost|p2a: Drednaw|spe|2\n|-enditem|p2a: Drednaw|White Herb\n|-clearnegativeboost|p2a: Drednaw|[silent]\n|move|p1a: Avalugg|Body Press|p2a: Drednaw\n|-supereffective|p2a: Drednaw\n|-damage|p2a: Drednaw|62/278\n|\n|upkeep\n|turn|2\n|\n|t:|1782891842\n|move|p2a: Drednaw|Stone Edge|p1a: Avalugg\n|-supereffective|p1a: Avalugg\n|-damage|p1a: Avalugg|62/310\n|move|p1a: Avalugg|Body Press|p2a: Drednaw\n|-supereffective|p2a: Drednaw\n|-damage|p2a: Drednaw|0 fnt\n|faint|p2a: Drednaw\n|\n|upkeep\n|\n|t:|1782891852\n|switch|p2a: Kleavor|Kleavor, L78, F|237/237\n|turn|3\n|\n|t:|1782891856\n|move|p2a: Kleavor|Stone Axe|p1a: Avalugg\n|-supereffective|p1a: Avalugg\n|-damage|p1a: Avalugg|0 fnt\n|-sidestart|p1: jobzy|move: Stealth Rock\n|faint|p1a: Avalugg\n|\n|upkeep\n|\n|t:|1782891865\n|switch|p1a: Garchomp|Garchomp, L74, M|282/282\n|-damage|p1a: Garchomp|265/282|[from] Stealth Rock\n|turn|4\n|\n|t:|1782891871\n|move|p1a: Garchomp|Swords Dance|p1a: Garchomp\n|-boost|p1a: Garchomp|atk|2\n|move|p2a: Kleavor|X-Scissor|p1a: Garchomp\n|-damage|p1a: Garchomp|103/282\n|-damage|p2a: Kleavor|208/237|[from] ability: Rough Skin|[of] p1a: Garchomp\n|\n|upkeep\n|turn|5\n|\n|t:|1782891880\n|move|p1a: Garchomp|Scale Shot|p2a: Kleavor\n|-damage|p2a: Kleavor|159/237\n|-damage|p2a: Kleavor|105/237\n|-damage|p2a: Kleavor|50/237\n|-damage|p2a: Kleavor|0 fnt\n|faint|p2a: Kleavor\n|-hitcount|p2: Kleavor|4\n|-unboost|p1a: Garchomp|def|1\n|-boost|p1a: Garchomp|spe|1\n|\n|upkeep\n|\n|t:|1782891894\n|switch|p2a: Staraptor|Staraptor, L79, F|263/263\n|turn|6\n|\n|t:|1782891902\n|move|p2a: Staraptor|Quick Attack|p1a: Garchomp\n|-damage|p1a: Garchomp|4/282\n|-damage|p2a: Staraptor|231/263|[from] ability: Rough Skin|[of] p1a: Garchomp\n|move|p1a: Garchomp|Scale Shot|p2a: Staraptor\n|-damage|p2a: Staraptor|159/263\n|-damage|p2a: Staraptor|92/263\n|-damage|p2a: Staraptor|23/263\n|-damage|p2a: Staraptor|0 fnt\n|faint|p2a: Staraptor\n|-hitcount|p2: Staraptor|4\n|-unboost|p1a: Garchomp|def|1\n|-boost|p1a: Garchomp|spe|1\n|\n|upkeep\n|-message|trisew forfeited.\n|\n|win|jobzy\n|raw|jobzy's rating: 1200 &rarr; <strong>1227</strong><br />(+27 for winning)\n|raw|trisew's rating: 1231 &rarr; <strong>1204</strong><br />(-27 for losing)\n|l|\u2606trisew\n|player|p2|\n", "inputlog": ">version f8ac14003a5f27e1bdc8d8c59608a773c1cb96e5\n>start {\"formatid\":\"gen9randombattle\",\"seed\":\"sodium,337fcaa77917f306289cd13ab1d06d5d\",\"rated\":\"Rated battle\"}\n>player p1 {\"name\":\"jobzy\",\"avatar\":\"1\",\"rating\":1200,\"seed\":\"sodium,4a8ae05ce1174650a20e2fbddd17a344\"}\n>player p2 {\"name\":\"trisew\",\"avatar\":\"265\",\"rating\":1231,\"seed\":\"sodium,c392cdb9e47363c8d6d850d084d65c84\"}\n>p1 move bodypress\n>p2 move shellsmash\n>p1 move bodypress\n>p2 move stoneedge\n>p2 switch 5\n>p1 move rapidspin\n>p2 move stoneaxe\n>p1 switch 5\n>p1 move swordsdance\n>p2 move xscissor\n>p1 move scaleshot\n>p2 move xscissor\n>p2 switch 6\n>p1 move scaleshot\n>p2 move quickattack\n>forcelose p2", "uploadtime": 1782891911, "views": 2, "formatid": "gen9randombattle", "rating": 1204, "private": 0, "password": null, "player_dets": [{"name": "jobzy", "avatar": "1", "rating": 1200, "seed": "sodium,4a8ae05ce1174650a20e2fbddd17a344"}, {"name": "trisew", "avatar": "265", "rating": 1231, "seed": "sodium,c392cdb9e47363c8d6d850d084d65c84"}], "teams_full": [{"Avalugg": {"name": "Avalugg", "species": "Avalugg", "speciesId": "avalugg", "gender": "M", "shiny": false, "level": 88, "moves": ["recover", "rapidspin", "bodypress", "avalanche"], "ability": "Sturdy", "evs": {"hp": 85, "atk": 85, "def": 85, "spa": 85, "spd": 85, "spe": 85}, "ivs": {"hp": 31, "atk": 31, "def": 31, "spa": 31, "spd": 31, "spe": 31}, "item": "Heavy-Duty Boots", "teraType": "Fighting", "role": "Bulky Support", "bvs": {"hp": 95, "atk": 117, "def": 184, "spa": 44, "spd": 46, "spe": 28}, "stats": {"hp": 310, "atk": 256, "def": 374, "spa": 128, "spd": 131, "spe": 100}, "types": ["Ice"]}, "Bellibolt": {"name": "Bellibolt", "species": "Bellibolt", "speciesId": "bellibolt", "gender": "F", "shiny": false, "level": 84, "moves": ["slackoff", "muddywater", "thunderbolt", "toxic"], "ability": "Electromorphosis", "evs": {"hp": 85, "atk": 0, "def": 85, "spa": 85, "spd": 85, "spe": 85}, "ivs": {"hp": 31, "atk": 0, "def": 31, "spa": 31, "spd": 31, "spe": 31}, "item": "Leftovers", "teraType": "Electric", "role": "Bulky Attacker", "bvs": {"hp": 109, "atk": 64, "def": 91, "spa": 103, "spd": 83, "spe": 45}, "stats": {"hp": 320, "atk": 112, "def": 201, "spa": 221, "spd": 188, "spe": 124}, "types": ["Electric"]}, "Oricorio": {"name": "Oricorio", "species": "Oricorio", "speciesId": "oricorio", "gender": "F", "shiny": false, "level": 84, "moves": ["revelationdance", "roost", "hurricane", "quiverdance"], "ability": "Dancer", "evs": {"hp": 85, "atk": 0, "def": 85, "spa": 85, "spd": 85, "spe": 85}, "ivs": {"hp": 31, "atk": 0, "def": 31, "spa": 31, "spd": 31, "spe": 31}, "item": "Heavy-Duty Boots", "teraType": "Ground", "role": "Setup Sweeper", "bvs": {"hp": 75, "atk": 70, "def": 70, "spa": 98, "spd": 70, "spe": 93}, "stats": {"hp": 263, "atk": 122, "def": 166, "spa": 213, "spd": 166, "spe": 204}, "types": ["Fire", "Flying"]}, "Torkoal": {"name": "Torkoal", "species": "Torkoal", "speciesId": "torkoal", "gender": "F", "shiny": false, "level": 88, "moves": ["stealthrock", "solarbeam", "lavaplume", "yawn"], "ability": "Drought", "evs": {"hp": 85, "atk": 0, "def": 85, "spa": 85, "spd": 85, "spe": 85}, "ivs": {"hp": 31, "atk": 0, "def": 31, "spa": 31, "spd": 31, "spe": 31}, "item": "Heavy-Duty Boots", "teraType": "Dragon", "role": "Bulky Support", "bvs": {"hp": 70, "atk": 85, "def": 140, "spa": 85, "spd": 70, "spe": 20}, "stats": {"hp": 266, "atk": 154, "def": 297, "spa": 200, "spd": 173, "spe": 85}, "types": ["Fire"]}, "Garchomp": {"name": "Garchomp", "species": "Garchomp", "speciesId": "garchomp", "gender": "M", "shiny": false, "level": 74, "moves": ["ironhead", "earthquake", "swordsdance", "scaleshot"], "ability": "Rough Skin", "evs": {"hp": 85, "atk": 85, "def": 85, "spa": 85, "spd": 85, "spe": 85}, "ivs": {"hp": 31, "atk": 31, "def": 31, "spa": 31, "spd": 31, "spe": 31}, "item": "Loaded Dice", "teraType": "Ground", "role": "Setup Sweeper", "bvs": {"hp": 108, "atk": 130, "def": 95, "spa": 80, "spd": 85, "spe": 102}, "stats": {"hp": 282, "atk": 235, "def": 184, "spa": 161, "spd": 169, "spe": 194}, "types": ["Dragon", "Ground"]}, "Sawsbuck": {"name": "Sawsbuck", "species": "Sawsbuck", "speciesId": "sawsbuck", "gender": "F", "shiny": false, "level": 88, "moves": ["doubleedge", "hornleech", "highhorsepower", "swordsdance"], "ability": "Sap Sipper", "evs": {"hp": 85, "atk": 85, "def": 85, "spa": 85, "spd": 85, "spe": 85}, "ivs": {"hp": 31, "atk": 31, "def": 31, "spa": 31, "spd": 31, "spe": 31}, "item": "Life Orb", "teraType": "Ground", "role": "Setup Sweeper", "bvs": {"hp": 80, "atk": 100, "def": 70, "spa": 60, "spd": 70, "spe": 95}, "stats": {"hp": 284, "atk": 226, "def": 173, "spa": 156, "spd": 173, "spe": 217}, "types": ["Normal", "Grass"]}}, {"Drednaw": {"name": "Drednaw", "species": "Drednaw", "speciesId": "drednaw", "gender": "M", "shiny": false, "level": 81, "moves": ["earthquake", "liquidation", "shellsmash", "stoneedge"], "ability": "Shell Armor", "evs": {"hp": 85, "atk": 85, "def": 85, "spa": 85, "spd": 85, "spe": 85}, "ivs": {"hp": 31, "atk": 31, "def": 31, "spa": 31, "spd": 31, "spe": 31}, "item": "White Herb", "teraType": "Ground", "role": "Fast Bulky Setup", "bvs": {"hp": 90, "atk": 115, "def": 90, "spa": 48, "spd": 68, "spe": 74}, "stats": {"hp": 278, "atk": 233, "def": 192, "spa": 124, "spd": 157, "spe": 167}, "types": ["Water", "Rock"]}, "Blissey": {"name": "Blissey", "species": "Blissey", "speciesId": "blissey", "gender": "F", "shiny": false, "level": 85, "moves": ["softboiled", "seismictoss", "thunderwave", "healbell"], "ability": "Natural Cure", "evs": {"hp": 85, "atk": 0, "def": 85, "spa": 85, "spd": 85, "spe": 85}, "ivs": {"hp": 31, "atk": 0, "def": 31, "spa": 31, "spd": 31, "spe": 31}, "item": "Leftovers", "teraType": "Ghost", "role": "Bulky Support", "bvs": {"hp": 255, "atk": 10, "def": 10, "spa": 75, "spd": 135, "spe": 55}, "stats": {"hp": 572, "atk": 22, "def": 66, "spa": 176, "spd": 278, "spe": 142}, "types": ["Normal"]}, "Pikachu": {"name": "Pikachu", "species": "Pikachu-Alola", "speciesId": "pikachu", "gender": "F", "shiny": false, "level": 93, "moves": ["surf", "volttackle", "knockoff", "voltswitch"], "ability": "Lightning Rod", "evs": {"hp": 85, "atk": 85, "def": 85, "spa": 85, "spd": 85, "spe": 85}, "ivs": {"hp": 31, "atk": 31, "def": 31, "spa": 31, "spd": 31, "spe": 31}, "item": "Light Ball", "teraType": "Water", "role": "Fast Attacker", "bvs": {"hp": 35, "atk": 55, "def": 40, "spa": 50, "spd": 50, "spe": 90}, "stats": {"hp": 216, "atk": 155, "def": 127, "spa": 146, "spd": 146, "spe": 220}, "types": ["Electric"]}, "Poliwrath": {"name": "Poliwrath", "species": "Poliwrath", "speciesId": "poliwrath", "gender": "F", "shiny": false, "level": 88, "moves": ["liquidation", "drainpunch", "bulkup", "poisonjab"], "ability": "Water Absorb", "evs": {"hp": 85, "atk": 85, "def": 85, "spa": 85, "spd": 85, "spe": 85}, "ivs": {"hp": 31, "atk": 31, "def": 31, "spa": 31, "spd": 31, "spe": 31}, "item": "Leftovers", "teraType": "Fighting", "role": "Bulky Setup", "bvs": {"hp": 90, "atk": 95, "def": 95, "spa": 70, "spd": 90, "spe": 70}, "stats": {"hp": 302, "atk": 217, "def": 217, "spa": 173, "spd": 209, "spe": 173}, "types": ["Water", "Fighting"]}, "Kleavor": {"name": "Kleavor", "species": "Kleavor", "speciesId": "kleavor", "gender": "F", "shiny": false, "level": 78, "moves": ["defog", "stoneaxe", "closecombat", "xscissor"], "ability": "Sharpness", "evs": {"hp": 85, "atk": 85, "def": 85, "spa": 85, "spd": 85, "spe": 85}, "ivs": {"hp": 31, "atk": 31, "def": 31, "spa": 31, "spd": 31, "spe": 31}, "item": "Heavy-Duty Boots", "teraType": "Fighting", "role": "Bulky Attacker", "bvs": {"hp": 70, "atk": 135, "def": 95, "spa": 45, "spd": 70, "spe": 85}, "stats": {"hp": 237, "atk": 256, "def": 193, "spa": 115, "spd": 154, "spe": 178}, "types": ["Bug", "Rock"]}, "Staraptor": {"name": "Staraptor", "species": "Staraptor", "speciesId": "staraptor", "gender": "F", "shiny": false, "level": 79, "moves": ["closecombat", "bravebird", "quickattack", "uturn"], "ability": "Reckless", "evs": {"hp": 81, "atk": 85, "def": 85, "spa": 85, "spd": 85, "spe": 85}, "ivs": {"hp": 31, "atk": 31, "def": 31, "spa": 31, "spd": 31, "spe": 31}, "item": "Choice Band", "teraType": "Fighting", "role": "Fast Attacker", "bvs": {"hp": 85, "atk": 120, "def": 70, "spa": 50, "spd": 60, "spe": 100}, "stats": {"hp": 263, "atk": 235, "def": 156, "spa": 125, "spd": 140, "spe": 204}, "types": ["Normal", "Flying"]}}]}