{"id": "gen9randombattle-2641834083", "format": "[Gen 9] Random Battle", "players": ["txnz", "machaos"], "log": "|j|\u2606txnz\n|j|\u2606machaos\n|t:|1782847488\n|gametype|singles\n|player|p1|txnz|dancer|1081\n|player|p2|machaos|169|1044\n|gen|9\n|tier|[Gen 9] Random Battle\n|rated|\n|rule|Species Clause: Limit one of each Pok\u00e9mon\n|rule|HP Percentage Mod: HP is shown in percentages\n|rule|Sleep Clause Mod: Limit one foe put to sleep\n|rule|Illusion Level Mod: Illusion disguises the Pok\u00e9mon's true level\n|\n|t:|1782847488\n|teamsize|p1|6\n|teamsize|p2|6\n|start\n|switch|p1a: Grumpig|Grumpig, L92, F|297/297\n|switch|p2a: Sudowoodo|Sudowoodo, L94, M|284/284\n|turn|1\n|inactive|Battle timer is ON: inactive players will automatically lose when time's up. (requested by txnz)\n|inactive|txnz has 120 seconds left.\n|\n|t:|1782847520\n|switch|p1a: Dedenne|Dedenne, L88, M|261/261\n|move|p2a: Sudowoodo|Stealth Rock|p1a: Dedenne\n|-sidestart|p1: txnz|move: Stealth Rock\n|\n|upkeep\n|turn|2\n|\n|t:|1782847538\n|move|p1a: Dedenne|Nuzzle|p2a: Sudowoodo\n|-damage|p2a: Sudowoodo|271/284\n|-status|p2a: Sudowoodo|par\n|move|p2a: Sudowoodo|Earthquake|p1a: Dedenne\n|-supereffective|p1a: Dedenne\n|-damage|p1a: Dedenne|23/261\n|-enditem|p1a: Dedenne|Sitrus Berry|[eat]\n|-heal|p1a: Dedenne|88/261|[from] item: Sitrus Berry\n|-heal|p1a: Dedenne|175/261|[from] ability: Cheek Pouch\n|\n|-heal|p2a: Sudowoodo|284/284 par|[from] item: Leftovers\n|upkeep\n|turn|3\n|inactive|txnz has 120 seconds left.\n|\n|t:|1782847570\n|switch|p1a: Tatsugiri|Tatsugiri, L87, F|260/260\n|move|p2a: Sudowoodo|Earthquake|p1a: Tatsugiri\n|-crit|p1a: Tatsugiri\n|-damage|p1a: Tatsugiri|80/260\n|\n|upkeep\n|turn|4\n|inactive|txnz has 120 seconds left.\n|\n|t:|1782847581\n|move|p1a: Tatsugiri|Hydro Pump|p2a: Sudowoodo\n|-supereffective|p2a: Sudowoodo\n|-damage|p2a: Sudowoodo|0 fnt\n|faint|p2a: Sudowoodo\n|\n|upkeep\n|\n|t:|1782847591\n|switch|p2a: Regieleki|Regieleki, L79|256/256\n|turn|5\n|inactive|txnz has 120 seconds left.\n|\n|t:|1782847607\n|switch|p1a: Dedenne|Dedenne, L88, M|175/261\n|-damage|p1a: Dedenne|143/261|[from] Stealth Rock\n|move|p2a: Regieleki|Thunderbolt|p1a: Dedenne\n|-resisted|p1a: Dedenne\n|-crit|p1a: Dedenne\n|-damage|p1a: Dedenne|27/261\n|\n|upkeep\n|turn|6\n|inactive|txnz has 120 seconds left.\n|\n|t:|1782847622\n|move|p2a: Regieleki|Rapid Spin|p1a: Dedenne\n|-damage|p1a: Dedenne|0 fnt\n|-boost|p2a: Regieleki|spe|1\n|faint|p1a: Dedenne\n|\n|upkeep\n|inactive|txnz has 120 seconds left.\n|\n|t:|1782847627\n|switch|p1a: Grumpig|Grumpig, L92, F|297/297\n|-damage|p1a: Grumpig|260/297|[from] Stealth Rock\n|turn|7\n|inactive|txnz has 120 seconds left.\n|\n|t:|1782847637\n|-terastallize|p1a: Grumpig|Ground\n|move|p2a: Regieleki|Thunderbolt|p1a: Grumpig\n|-immune|p1a: Grumpig\n|move|p1a: Grumpig|Earth Power|p2a: Regieleki\n|-supereffective|p2a: Regieleki\n|-damage|p2a: Regieleki|0 fnt\n|faint|p2a: Regieleki\n|\n|-heal|p1a: Grumpig|278/297|[from] item: Leftovers\n|upkeep\n|inactive|machaos has 120 seconds left.\n|\n|t:|1782847671\n|switch|p2a: Pecharunt|Pecharunt, L77|262/262\n|turn|8\n|inactive|machaos has 120 seconds left.\n|\n|t:|1782847682\n|move|p1a: Grumpig|Nasty Plot|p1a: Grumpig\n|-boost|p1a: Grumpig|spa|2\n|move|p2a: Pecharunt|Nasty Plot|p2a: Pecharunt\n|-boost|p2a: Pecharunt|spa|2\n|\n|-heal|p1a: Grumpig|296/297|[from] item: Leftovers\n|upkeep\n|turn|9\n|\n|t:|1782847690\n|move|p1a: Grumpig|Earth Power|p2a: Pecharunt\n|-supereffective|p2a: Pecharunt\n|-damage|p2a: Pecharunt|0 fnt\n|faint|p2a: Pecharunt\n|\n|-heal|p1a: Grumpig|297/297|[from] item: Leftovers\n|upkeep\n|\n|t:|1782847699\n|switch|p2a: Cetitan|Cetitan, L82, M|412/412\n|turn|10\n|\n|t:|1782847713\n|switch|p1a: Urshifu|Urshifu, L74, M|270/270\n|-damage|p1a: Urshifu|254/270|[from] Stealth Rock\n|move|p2a: Cetitan|Ice Spinner|p1a: Urshifu\n|-damage|p1a: Urshifu|163/270\n|\n|upkeep\n|turn|11\n|inactive|machaos has 120 seconds left.\n|\n|t:|1782847733\n|move|p1a: Urshifu|Close Combat|p2a: Cetitan\n|-supereffective|p2a: Cetitan\n|-damage|p2a: Cetitan|0 fnt\n|-unboost|p1a: Urshifu|def|1\n|-unboost|p1a: Urshifu|spd|1\n|faint|p2a: Cetitan\n|\n|upkeep\n|inactive|machaos has 120 seconds left.\n|\n|t:|1782847740\n|switch|p2a: Scream Tail|Scream Tail, L84|330/330\n|turn|12\n|\n|t:|1782847759\n|switch|p1a: Meloetta|Meloetta, L82|298/298\n|-damage|p1a: Meloetta|261/298|[from] Stealth Rock\n|move|p2a: Scream Tail|Wish|p2a: Scream Tail\n|\n|upkeep\n|turn|13\n|inactive|txnz has 120 seconds left.\n|\n|t:|1782847791\n|move|p2a: Scream Tail|Dazzling Gleam|p1a: Meloetta\n|-damage|p1a: Meloetta|212/298\n|move|p1a: Meloetta|Knock Off|p2a: Scream Tail\n|-damage|p2a: Scream Tail|261/330\n|-enditem|p2a: Scream Tail|Leftovers|[from] move: Knock Off|[of] p1a: Meloetta\n|-damage|p1a: Meloetta|183/298|[from] item: Life Orb\n|\n|-heal|p2a: Scream Tail|330/330|[from] move: Wish|[wisher] Scream Tail\n|upkeep\n|turn|14\n|inactive|txnz has 120 seconds left.\n|\n|t:|1782847802\n|move|p2a: Scream Tail|Thunder Wave|p1a: Meloetta\n|-status|p1a: Meloetta|par\n|cant|p1a: Meloetta|par\n|\n|upkeep\n|turn|15\n|\n|t:|1782847810\n|move|p2a: Scream Tail|Wish|p2a: Scream Tail\n|move|p1a: Meloetta|Relic Song|p2a: Scream Tail\n|-damage|p2a: Scream Tail|227/330\n|-formechange|p1a: Meloetta|Meloetta-Pirouette|[msg]\n|-damage|p1a: Meloetta|154/298 par|[from] item: Life Orb\n|\n|upkeep\n|turn|16\n|inactive|txnz has 120 seconds left.\n|\n|t:|1782847835\n|move|p2a: Scream Tail|Dazzling Gleam|p1a: Meloetta\n|-supereffective|p1a: Meloetta\n|-damage|p1a: Meloetta|22/298 par\n|cant|p1a: Meloetta|par\n|\n|-heal|p2a: Scream Tail|330/330|[from] move: Wish|[wisher] Scream Tail\n|upkeep\n|turn|17\n|inactive|txnz has 120 seconds left.\n|\n|t:|1782847843\n|move|p2a: Scream Tail|Dazzling Gleam|p1a: Meloetta\n|-supereffective|p1a: Meloetta\n|-damage|p1a: Meloetta|0 fnt\n|faint|p1a: Meloetta\n|\n|upkeep\n|inactive|txnz has 120 seconds left.\n|\n|t:|1782847853\n|switch|p1a: Grumpig|Grumpig, L92, F, tera:Ground|297/297\n|-damage|p1a: Grumpig|279/297|[from] Stealth Rock\n|turn|18\n|\n|t:|1782847862\n|move|p2a: Scream Tail|Wish|p2a: Scream Tail\n|move|p1a: Grumpig|Shadow Ball|p2a: Scream Tail\n|-supereffective|p2a: Scream Tail\n|-damage|p2a: Scream Tail|222/330\n|\n|-heal|p1a: Grumpig|297/297|[from] item: Leftovers\n|upkeep\n|turn|19\n|\n|t:|1782847873\n|-terastallize|p2a: Scream Tail|Steel\n|move|p2a: Scream Tail|Thunder Wave|p1a: Grumpig\n|-immune|p1a: Grumpig\n|move|p1a: Grumpig|Nasty Plot|p1a: Grumpig\n|-boost|p1a: Grumpig|spa|2\n|\n|-heal|p2a: Scream Tail|330/330|[from] move: Wish|[wisher] Scream Tail\n|upkeep\n|turn|20\n|\n|t:|1782847881\n|move|p2a: Scream Tail|Dazzling Gleam|p1a: Grumpig\n|-damage|p1a: Grumpig|251/297\n|move|p1a: Grumpig|Earth Power|p2a: Scream Tail\n|-supereffective|p2a: Scream Tail\n|-damage|p2a: Scream Tail|0 fnt\n|faint|p2a: Scream Tail\n|-end|p2a: Scream Tail|Protosynthesis|[silent]\n|\n|-heal|p1a: Grumpig|269/297|[from] item: Leftovers\n|upkeep\n|\n|t:|1782847890\n|switch|p2a: Calyrex|Calyrex-Shadow, L64|235/235\n|-ability|p2a: Calyrex|As One\n|-ability|p2a: Calyrex|Unnerve\n|turn|21\n|\n|t:|1782847907\n|move|p2a: Calyrex|Psyshock|p1a: Grumpig\n|-damage|p1a: Grumpig|152/297\n|-damage|p2a: Calyrex|212/235|[from] item: Life Orb\n|move|p1a: Grumpig|Shadow Ball|p2a: Calyrex\n|-supereffective|p2a: Calyrex\n|-damage|p2a: Calyrex|0 fnt\n|faint|p2a: Calyrex\n|\n|win|txnz\n|raw|txnz's rating: 1081 &rarr; <strong>1106</strong><br />(+25 for winning)\n|raw|machaos's rating: 1044 &rarr; <strong>1029</strong><br />(-15 for losing)\n", "inputlog": ">version f8ac14003a5f27e1bdc8d8c59608a773c1cb96e5\n>start {\"formatid\":\"gen9randombattle\",\"seed\":\"sodium,1860b2a88842fdc57d94cf79f423cae2\",\"rated\":\"Rated battle\"}\n>player p1 {\"name\":\"txnz\",\"avatar\":\"dancer\",\"rating\":1081,\"seed\":\"sodium,68a5c65b4edca2412e66f985d0d05d08\"}\n>player p2 {\"name\":\"machaos\",\"avatar\":\"169\",\"rating\":1044,\"seed\":\"sodium,e3b7685b845b47090c9b6d9f4c7a1716\"}\n>p1 switch 2\n>p2 move stealthrock\n>p1 move nuzzle\n>p2 move earthquake\n>p1 switch 5\n>p2 move earthquake\n>p1 move hydropump\n>p2 move woodhammer\n>p2 switch 6\n>p1 switch 5\n>p2 move thunderbolt\n>p1 move dazzlinggleam\n>p2 move rapidspin\n>p1 switch 2\n>p1 move earthpower terastallize\n>p2 move thunderbolt\n>p2 switch 2\n>p1 move nastyplot\n>p2 move nastyplot\n>p1 move earthpower\n>p2 move shadowball\n>p2 switch 5\n>p1 switch 4\n>p2 move icespinner\n>p1 move closecombat\n>p2 move icespinner\n>p2 switch 3\n>p1 switch 6\n>p2 move wish\n>p1 move knockoff\n>p2 move dazzlinggleam\n>p1 move relicsong\n>p2 move thunderwave\n>p1 move relicsong\n>p2 move wish\n>p1 move relicsong\n>p2 move dazzlinggleam\n>p1 move relicsong\n>p2 move dazzlinggleam\n>p1 switch 4\n>p1 move shadowball\n>p2 move wish\n>p1 move nastyplot\n>p2 move thunderwave terastallize\n>p1 move earthpower\n>p2 move dazzlinggleam\n>p2 switch 4\n>p1 move shadowball\n>p2 move psyshock", "uploadtime": 1782847918, "views": 6, "formatid": "gen9randombattle", "rating": 1029, "private": 0, "password": null, "player_dets": [{"name": "txnz", "avatar": "dancer", "rating": 1081, "seed": "sodium,68a5c65b4edca2412e66f985d0d05d08"}, {"name": "machaos", "avatar": "169", "rating": 1044, "seed": "sodium,e3b7685b845b47090c9b6d9f4c7a1716"}], "teams_full": [{"Grumpig": {"name": "Grumpig", "species": "Grumpig", "speciesId": "grumpig", "gender": "F", "shiny": false, "level": 92, "moves": ["shadowball", "earthpower", "psyshock", "nastyplot"], "ability": "Thick Fat", "evs": {"hp": 85, "atk": 0, "def": 85, "spa": 85, "spd": 85, "spe": 85}, "ivs": {"hp": 31, "atk": 0, "def": 31, "spa": 31, "spd": 31, "spe": 31}, "item": "Leftovers", "teraType": "Ground", "role": "Bulky Setup", "bvs": {"hp": 80, "atk": 45, "def": 65, "spa": 90, "spd": 110, "spe": 80}, "stats": {"hp": 297, "atk": 87, "def": 172, "spa": 218, "spd": 255, "spe": 200}, "types": ["Psychic"]}, "Dedenne": {"name": "Dedenne", "species": "Dedenne", "speciesId": "dedenne", "gender": "M", "shiny": false, "level": 88, "moves": ["dazzlinggleam", "thunderbolt", "nuzzle", "uturn"], "ability": "Cheek Pouch", "evs": {"hp": 85, "atk": 85, "def": 85, "spa": 85, "spd": 85, "spe": 85}, "ivs": {"hp": 31, "atk": 31, "def": 31, "spa": 31, "spd": 31, "spe": 31}, "item": "Sitrus Berry", "teraType": "Flying", "role": "Fast Support", "bvs": {"hp": 67, "atk": 58, "def": 57, "spa": 81, "spd": 67, "spe": 101}, "stats": {"hp": 261, "atk": 152, "def": 151, "spa": 193, "spd": 168, "spe": 228}, "types": ["Electric", "Fairy"]}, "Flapple": {"name": "Flapple", "species": "Flapple", "speciesId": "flapple", "gender": "F", "shiny": false, "level": 88, "moves": ["gravapple", "terablast", "dragondance", "outrage"], "ability": "Hustle", "evs": {"hp": 85, "atk": 85, "def": 85, "spa": 85, "spd": 85, "spe": 85}, "ivs": {"hp": 31, "atk": 31, "def": 31, "spa": 31, "spd": 31, "spe": 31}, "item": "Wide Lens", "teraType": "Fire", "role": "Tera Blast user", "bvs": {"hp": 70, "atk": 110, "def": 80, "spa": 95, "spd": 60, "spe": 70}, "stats": {"hp": 266, "atk": 244, "def": 191, "spa": 217, "spd": 156, "spe": 173}, "types": ["Grass", "Dragon"]}, "Urshifu": {"name": "Urshifu", "species": "Urshifu", "speciesId": "urshifu", "gender": "M", "shiny": false, "level": 74, "moves": ["suckerpunch", "wickedblow", "poisonjab", "closecombat"], "ability": "Unseen Fist", "evs": {"hp": 85, "atk": 85, "def": 85, "spa": 85, "spd": 85, "spe": 85}, "ivs": {"hp": 31, "atk": 31, "def": 31, "spa": 31, "spd": 31, "spe": 31}, "item": "Choice Band", "teraType": "Fighting", "role": "Fast Attacker", "bvs": {"hp": 100, "atk": 130, "def": 100, "spa": 63, "spd": 60, "spe": 97}, "stats": {"hp": 270, "atk": 235, "def": 191, "spa": 136, "spd": 132, "spe": 187}, "types": ["Fighting", "Dark"]}, "Tatsugiri": {"name": "Tatsugiri", "species": "Tatsugiri", "speciesId": "tatsugiri", "gender": "F", "shiny": false, "level": 87, "moves": ["hydropump", "rapidspin", "nastyplot", "dracometeor"], "ability": "Storm Drain", "evs": {"hp": 85, "atk": 85, "def": 85, "spa": 85, "spd": 85, "spe": 85}, "ivs": {"hp": 31, "atk": 31, "def": 31, "spa": 31, "spd": 31, "spe": 31}, "item": "Heavy-Duty Boots", "teraType": "Water", "role": "Fast Support", "bvs": {"hp": 68, "atk": 50, "def": 60, "spa": 120, "spd": 95, "spe": 82}, "stats": {"hp": 260, "atk": 137, "def": 154, "spa": 259, "spd": 215, "spe": 192}, "types": ["Dragon", "Water"]}, "Meloetta": {"name": "Meloetta", "species": "Meloetta", "speciesId": "meloetta", "gender": "N", "shiny": false, "level": 82, "moves": ["relicsong", "knockoff", "tripleaxel", "closecombat"], "ability": "Serene Grace", "evs": {"hp": 85, "atk": 85, "def": 85, "spa": 85, "spd": 85, "spe": 85}, "ivs": {"hp": 31, "atk": 31, "def": 31, "spa": 31, "spd": 31, "spe": 31}, "item": "Life Orb", "teraType": "Dark", "role": "Wallbreaker", "bvs": {"hp": 100, "atk": 77, "def": 77, "spa": 128, "spd": 128, "spe": 90}, "stats": {"hp": 298, "atk": 173, "def": 173, "spa": 257, "spd": 257, "spe": 195}, "types": ["Normal", "Psychic"]}}, {"Sudowoodo": {"name": "Sudowoodo", "species": "Sudowoodo", "speciesId": "sudowoodo", "gender": "M", "shiny": false, "level": 94, "moves": ["earthquake", "stealthrock", "headsmash", "woodhammer"], "ability": "Rock Head", "evs": {"hp": 85, "atk": 85, "def": 85, "spa": 85, "spd": 85, "spe": 85}, "ivs": {"hp": 31, "atk": 31, "def": 31, "spa": 31, "spd": 31, "spe": 31}, "item": "Leftovers", "teraType": "Rock", "role": "Bulky Attacker", "bvs": {"hp": 70, "atk": 100, "def": 115, "spa": 30, "spd": 65, "spe": 30}, "stats": {"hp": 284, "atk": 241, "def": 270, "spa": 110, "spd": 176, "spe": 110}, "types": ["Rock"]}, "Pecharunt": {"name": "Pecharunt", "species": "Pecharunt", "speciesId": "pecharunt", "gender": "N", "shiny": false, "level": 77, "moves": ["nastyplot", "shadowball", "malignantchain", "recover"], "ability": "Poison Puppeteer", "evs": {"hp": 85, "atk": 0, "def": 85, "spa": 85, "spd": 85, "spe": 85}, "ivs": {"hp": 31, "atk": 0, "def": 31, "spa": 31, "spd": 31, "spe": 31}, "item": "Leftovers", "teraType": "Dark", "role": "Bulky Attacker", "bvs": {"hp": 88, "atk": 88, "def": 160, "spa": 88, "spd": 88, "spe": 88}, "stats": {"hp": 262, "atk": 140, "def": 291, "spa": 180, "spd": 180, "spe": 180}, "types": ["Poison", "Ghost"]}, "Scream Tail": {"name": "Scream Tail", "species": "Scream Tail", "speciesId": "screamtail", "gender": "N", "shiny": false, "level": 84, "moves": ["thunderwave", "protect", "dazzlinggleam", "wish"], "ability": "Protosynthesis", "evs": {"hp": 85, "atk": 0, "def": 85, "spa": 85, "spd": 85, "spe": 85}, "ivs": {"hp": 31, "atk": 0, "def": 31, "spa": 31, "spd": 31, "spe": 31}, "item": "Leftovers", "teraType": "Steel", "role": "Bulky Attacker", "bvs": {"hp": 115, "atk": 65, "def": 99, "spa": 65, "spd": 115, "spe": 111}, "stats": {"hp": 330, "atk": 114, "def": 215, "spa": 157, "spd": 241, "spe": 235}, "types": ["Fairy", "Psychic"]}, "Calyrex": {"name": "Calyrex", "species": "Calyrex-Shadow", "speciesId": "calyrexshadow", "gender": "N", "shiny": false, "level": 64, "moves": ["astralbarrage", "nastyplot", "pollenpuff", "psyshock"], "ability": "As One (Spectrier)", "evs": {"hp": 85, "atk": 0, "def": 85, "spa": 85, "spd": 85, "spe": 85}, "ivs": {"hp": 31, "atk": 0, "def": 31, "spa": 31, "spd": 31, "spe": 31}, "item": "Life Orb", "teraType": "Ghost", "role": "Fast Attacker", "bvs": {"hp": 100, "atk": 85, "def": 80, "spa": 165, "spd": 100, "spe": 150}, "stats": {"hp": 235, "atk": 113, "def": 140, "spa": 249, "spd": 166, "spe": 230}, "types": ["Psychic", "Ghost"]}, "Cetitan": {"name": "Cetitan", "species": "Cetitan", "speciesId": "cetitan", "gender": "M", "shiny": false, "level": 82, "moves": ["bellydrum", "iceshard", "earthquake", "icespinner"], "ability": "Thick Fat", "evs": {"hp": 81, "atk": 85, "def": 85, "spa": 85, "spd": 85, "spe": 85}, "ivs": {"hp": 31, "atk": 31, "def": 31, "spa": 31, "spd": 31, "spe": 31}, "item": "Sitrus Berry", "teraType": "Ice", "role": "Bulky Setup", "bvs": {"hp": 170, "atk": 113, "def": 65, "spa": 45, "spd": 55, "spe": 73}, "stats": {"hp": 412, "atk": 232, "def": 154, "spa": 121, "spd": 137, "spe": 167}, "types": ["Ice"]}, "Regieleki": {"name": "Regieleki", "species": "Regieleki", "speciesId": "regieleki", "gender": "N", "shiny": false, "level": 79, "moves": ["rapidspin", "voltswitch", "explosion", "thunderbolt"], "ability": "Transistor", "evs": {"hp": 85, "atk": 85, "def": 85, "spa": 85, "spd": 85, "spe": 85}, "ivs": {"hp": 31, "atk": 31, "def": 31, "spa": 31, "spd": 31, "spe": 31}, "item": "Magnet", "teraType": "Electric", "role": "Fast Support", "bvs": {"hp": 80, "atk": 100, "def": 50, "spa": 100, "spd": 50, "spe": 200}, "stats": {"hp": 256, "atk": 204, "def": 125, "spa": 204, "spd": 125, "spe": 362}, "types": ["Electric"]}}]}