{"id": "gen9randombattle-2641995635", "format": "[Gen 9] Random Battle", "players": ["Nithsuh", "CircusStriker03"], "log": "|j|\u2606Nithsuh\n|j|\u2606CircusStriker03\n|t:|1782870457\n|gametype|singles\n|player|p1|Nithsuh|volkner|1106\n|player|p2|CircusStriker03|gambler|1110\n|gen|9\n|tier|[Gen 9] Random Battle\n|rated|\n|rule|Species Clause: Limit one of each Pok\u00e9mon\n|rule|HP Percentage Mod: HP is shown in percentages\n|rule|Sleep Clause Mod: Limit one foe put to sleep\n|rule|Illusion Level Mod: Illusion disguises the Pok\u00e9mon's true level\n|\n|t:|1782870457\n|teamsize|p1|6\n|teamsize|p2|6\n|start\n|switch|p1a: Drifblim|Drifblim, L86, M|398/398\n|switch|p2a: Bastiodon|Bastiodon, L89, M|252/252\n|turn|1\n|inactive|Battle timer is ON: inactive players will automatically lose when time's up. (requested by Nithsuh)\n|\n|t:|1782870473\n|switch|p1a: Landorus|Landorus, L75, M|257/257\n|switch|p2a: Mimikyu|Mimikyu, L79, F|216/216\n|\n|upkeep\n|turn|2\n|\n|t:|1782870483\n|move|p2a: Mimikyu|Swords Dance|p2a: Mimikyu\n|-boost|p2a: Mimikyu|atk|2\n|move|p1a: Landorus|Sludge Wave|p2a: Mimikyu\n|-activate|p2a: Mimikyu|ability: Disguise\n|-damage|p2a: Mimikyu|216/216\n|detailschange|p2a: Mimikyu|Mimikyu-Busted, L79, F\n|-damage|p2a: Mimikyu|189/216|[from] pokemon: Mimikyu-Busted\n|\n|upkeep\n|turn|3\n|\n|t:|1782870491\n|move|p2a: Mimikyu|Play Rough|p1a: Landorus|[miss]\n|-miss|p2a: Mimikyu|p1a: Landorus\n|move|p1a: Landorus|Sludge Wave|p2a: Mimikyu\n|-damage|p2a: Mimikyu|86/216\n|\n|upkeep\n|turn|4\n|\n|t:|1782870498\n|move|p2a: Mimikyu|Play Rough|p1a: Landorus\n|-damage|p1a: Landorus|27/257\n|-damage|p2a: Mimikyu|65/216|[from] item: Life Orb\n|move|p1a: Landorus|Sludge Wave|p2a: Mimikyu\n|-damage|p2a: Mimikyu|0 fnt\n|faint|p2a: Mimikyu\n|\n|upkeep\n|inactive|CircusStriker03 has 120 seconds left.\n|c|\u2606CircusStriker03|\"ah yes, we should make the only viable physical fairy move 90% accurate\"- the stupidest person ever\n|\n|t:|1782870543\n|switch|p2a: Cyclizar|Cyclizar, L83, F|252/252\n|turn|5\n|\n|t:|1782870548\n|move|p2a: Cyclizar|Knock Off|p1a: Landorus\n|-damage|p1a: Landorus|0 fnt\n|-enditem|p1a: Landorus|Life Orb|[from] move: Knock Off|[of] p2a: Cyclizar\n|faint|p1a: Landorus\n|\n|upkeep\n|\n|t:|1782870559\n|switch|p1a: Oinkologne|Oinkologne, L92, M|352/352\n|turn|6\n|\n|t:|1782870564\n|move|p2a: Cyclizar|Knock Off|p1a: Oinkologne\n|-damage|p1a: Oinkologne|286/352\n|-enditem|p1a: Oinkologne|Leftovers|[from] move: Knock Off|[of] p2a: Cyclizar\n|move|p1a: Oinkologne|Body Slam|p2a: Cyclizar\n|-damage|p2a: Cyclizar|122/252\n|\n|upkeep\n|turn|7\n|\n|t:|1782870579\n|switch|p2a: Venomoth|Venomoth, L84, M|255/255\n|move|p1a: Oinkologne|Body Slam|p2a: Venomoth\n|-damage|p2a: Venomoth|120/255\n|-status|p2a: Venomoth|par\n|\n|upkeep\n|turn|8\n|\n|t:|1782870587\n|move|p1a: Oinkologne|High Horsepower|p2a: Venomoth\n|-damage|p2a: Venomoth|18/255 par\n|move|p2a: Venomoth|Sleep Powder|p1a: Oinkologne\n|-status|p1a: Oinkologne|slp|[from] move: Sleep Powder\n|\n|upkeep\n|turn|9\n|\n|t:|1782870595\n|cant|p1a: Oinkologne|slp\n|move|p2a: Venomoth|Sludge Wave|p1a: Oinkologne\n|-damage|p1a: Oinkologne|186/352 slp\n|\n|upkeep\n|turn|10\n|\n|t:|1782870599\n|cant|p1a: Oinkologne|slp\n|cant|p2a: Venomoth|par\n|\n|upkeep\n|turn|11\n|\n|t:|1782870603\n|cant|p1a: Oinkologne|slp\n|cant|p2a: Venomoth|par\n|\n|upkeep\n|turn|12\n|\n|t:|1782870608\n|-curestatus|p1a: Oinkologne|slp|[msg]\n|move|p1a: Oinkologne|Body Slam|p2a: Venomoth\n|-damage|p2a: Venomoth|0 fnt\n|faint|p2a: Venomoth\n|\n|upkeep\n|\n|t:|1782870620\n|switch|p2a: Zapdos|Zapdos, L78|268/268\n|turn|13\n|\n|t:|1782870625\n|move|p2a: Zapdos|Hurricane|p1a: Oinkologne|[miss]\n|-miss|p2a: Zapdos|p1a: Oinkologne\n|move|p1a: Oinkologne|Body Slam|p2a: Zapdos\n|-crit|p2a: Zapdos\n|-damage|p2a: Zapdos|82/268\n|\n|upkeep\n|turn|14\n|\n|t:|1782870632\n|move|p2a: Zapdos|Hurricane|p1a: Oinkologne|[miss]\n|-miss|p2a: Zapdos|p1a: Oinkologne\n|move|p1a: Oinkologne|Body Slam|p2a: Zapdos\n|-damage|p2a: Zapdos|0 fnt\n|-status|p1a: Oinkologne|par|[from] ability: Static|[of] p2a: Zapdos\n|faint|p2a: Zapdos\n|\n|upkeep\n|c|\u2606CircusStriker03|alright\n|n|!CircusStriker03|circusstriker03\n|-message|CircusStriker03 forfeited.\n|\n|win|Nithsuh\n", "inputlog": ">version f8ac14003a5f27e1bdc8d8c59608a773c1cb96e5\n>start {\"formatid\":\"gen9randombattle\",\"seed\":\"sodium,8c0dec1eac7343b636737300fb1fa871\",\"rated\":\"Rated battle\"}\n>player p1 {\"name\":\"Nithsuh\",\"avatar\":\"volkner\",\"rating\":1106,\"seed\":\"sodium,c2cf582f0499c762fe1c7f5ed6101499\"}\n>player p2 {\"name\":\"CircusStriker03\",\"avatar\":\"gambler\",\"rating\":1110,\"seed\":\"sodium,fd10040f162d4d7e03882cfc70e90c86\"}\n>p1 switch 2\n>p2 switch 6\n>p1 move sludgewave\n>p2 move swordsdance\n>p1 move sludgewave\n>p2 move playrough\n>p1 move sludgewave\n>p2 move playrough\n>chat \u2606CircusStriker03|\"ah yes, we should make the only viable physical fairy move 90% accurate\"- the stupidest person ever\n>p2 switch 3\n>p1 move focusblast\n>p2 move knockoff\n>p1 switch 4\n>p1 move bodyslam\n>p2 move knockoff\n>p1 move bodyslam\n>p2 switch 5\n>p1 move highhorsepower\n>p2 move sleeppowder\n>p1 move bodyslam\n>p2 move sludgewave\n>p1 move bodyslam\n>p2 move sludgewave\n>p1 move bodyslam\n>p2 move sludgewave\n>p1 move bodyslam\n>p2 move sludgewave\n>p2 switch 4\n>p1 move bodyslam\n>p2 move hurricane\n>p1 move bodyslam\n>p2 move hurricane\n>chat \u2606CircusStriker03|alright\n>chat \u2606CircusStriker03|fuck you too game\n>forcelose p2", "uploadtime": 1782870646, "views": 9, "formatid": "gen9randombattle", "rating": null, "private": 0, "password": null, "player_dets": [{"name": "Nithsuh", "avatar": "volkner", "rating": 1106, "seed": "sodium,c2cf582f0499c762fe1c7f5ed6101499"}, {"name": "CircusStriker03", "avatar": "gambler", "rating": 1110, "seed": "sodium,fd10040f162d4d7e03882cfc70e90c86"}], "teams_full": [{"Drifblim": {"name": "Drifblim", "species": "Drifblim", "speciesId": "drifblim", "gender": "M", "shiny": false, "level": 86, "moves": ["shadowball", "airslash", "strengthsap", "defog"], "ability": "Aftermath", "evs": {"hp": 85, "atk": 0, "def": 85, "spa": 85, "spd": 85, "spe": 85}, "ivs": {"hp": 31, "atk": 0, "def": 31, "spa": 31, "spd": 31, "spe": 31}, "item": "Heavy-Duty Boots", "teraType": "Steel", "role": "Bulky Attacker", "bvs": {"hp": 150, "atk": 80, "def": 44, "spa": 90, "spd": 54, "spe": 80}, "stats": {"hp": 398, "atk": 142, "def": 125, "spa": 204, "spd": 142, "spe": 187}, "types": ["Ghost", "Flying"]}, "Landorus": {"name": "Landorus", "species": "Landorus", "speciesId": "landorus", "gender": "M", "shiny": false, "level": 75, "moves": ["sludgewave", "rockslide", "earthpower", "focusblast"], "ability": "Sheer Force", "evs": {"hp": 85, "atk": 85, "def": 85, "spa": 85, "spd": 85, "spe": 85}, "ivs": {"hp": 31, "atk": 31, "def": 31, "spa": 31, "spd": 31, "spe": 31}, "item": "Life Orb", "teraType": "Ground", "role": "Fast Attacker", "bvs": {"hp": 89, "atk": 125, "def": 90, "spa": 115, "spd": 80, "spe": 101}, "stats": {"hp": 257, "atk": 231, "def": 179, "spa": 216, "spd": 164, "spe": 195}, "types": ["Ground", "Flying"]}, "Greedent": {"name": "Greedent", "species": "Greedent", "speciesId": "greedent", "gender": "F", "shiny": false, "level": 86, "moves": ["knockoff", "earthquake", "doubleedge", "swordsdance"], "ability": "Cheek Pouch", "evs": {"hp": 85, "atk": 85, "def": 85, "spa": 85, "spd": 85, "spe": 85}, "ivs": {"hp": 31, "atk": 31, "def": 31, "spa": 31, "spd": 31, "spe": 31}, "item": "Sitrus Berry", "teraType": "Ground", "role": "Bulky Setup", "bvs": {"hp": 120, "atk": 95, "def": 95, "spa": 55, "spd": 75, "spe": 20}, "stats": {"hp": 347, "atk": 213, "def": 213, "spa": 144, "spd": 178, "spe": 84}, "types": ["Normal"]}, "Oinkologne": {"name": "Oinkologne", "species": "Oinkologne", "speciesId": "oinkologne", "gender": "M", "shiny": false, "level": 92, "moves": ["highhorsepower", "curse", "bodyslam", "lashout"], "ability": "Thick Fat", "evs": {"hp": 85, "atk": 85, "def": 85, "spa": 85, "spd": 85, "spe": 85}, "ivs": {"hp": 31, "atk": 31, "def": 31, "spa": 31, "spd": 31, "spe": 31}, "item": "Leftovers", "teraType": "Ground", "role": "Bulky Setup", "bvs": {"hp": 110, "atk": 100, "def": 75, "spa": 59, "spd": 80, "spe": 65}, "stats": {"hp": 352, "atk": 236, "def": 190, "spa": 161, "spd": 200, "spe": 172}, "types": ["Normal"]}, "Rabsca": {"name": "Rabsca", "species": "Rabsca", "speciesId": "rabsca", "gender": "F", "shiny": false, "level": 91, "moves": ["bugbuzz", "recover", "revivalblessing", "psychic"], "ability": "Synchronize", "evs": {"hp": 85, "atk": 0, "def": 85, "spa": 85, "spd": 85, "spe": 85}, "ivs": {"hp": 31, "atk": 0, "def": 31, "spa": 31, "spd": 31, "spe": 31}, "item": "Heavy-Duty Boots", "teraType": "Steel", "role": "Wallbreaker", "bvs": {"hp": 75, "atk": 50, "def": 85, "spa": 115, "spd": 100, "spe": 45}, "stats": {"hp": 284, "atk": 96, "def": 207, "spa": 261, "spd": 234, "spe": 134}, "types": ["Bug", "Psychic"]}, "Glalie": {"name": "Glalie", "species": "Glalie", "speciesId": "glalie", "gender": "F", "shiny": false, "level": 96, "moves": ["taunt", "spikes", "earthquake", "freezedry"], "ability": "Inner Focus", "evs": {"hp": 85, "atk": 85, "def": 85, "spa": 85, "spd": 85, "spe": 85}, "ivs": {"hp": 31, "atk": 31, "def": 31, "spa": 31, "spd": 31, "spe": 31}, "item": "Heavy-Duty Boots", "teraType": "Ground", "role": "Fast Support", "bvs": {"hp": 80, "atk": 80, "def": 80, "spa": 80, "spd": 80, "spe": 80}, "stats": {"hp": 309, "atk": 208, "def": 208, "spa": 208, "spd": 208, "spe": 208}, "types": ["Ice"]}}, {"Bastiodon": {"name": "Bastiodon", "species": "Bastiodon", "speciesId": "bastiodon", "gender": "M", "shiny": false, "level": 89, "moves": ["rest", "irondefense", "foulplay", "bodypress"], "ability": "Soundproof", "evs": {"hp": 85, "atk": 0, "def": 85, "spa": 85, "spd": 85, "spe": 85}, "ivs": {"hp": 31, "atk": 0, "def": 31, "spa": 31, "spd": 31, "spe": 31}, "item": "Chesto Berry", "teraType": "Fighting", "role": "Bulky Setup", "bvs": {"hp": 60, "atk": 52, "def": 168, "spa": 47, "spd": 138, "spe": 30}, "stats": {"hp": 252, "atk": 97, "def": 350, "spa": 134, "spd": 296, "spe": 104}, "types": ["Rock", "Steel"]}, "Luvdisc": {"name": "Luvdisc", "species": "Luvdisc", "speciesId": "luvdisc", "gender": "F", "shiny": false, "level": 100, "moves": ["whirlpool", "substitute", "endeavor", "surf"], "ability": "Swift Swim", "evs": {"hp": 81, "atk": 0, "def": 85, "spa": 85, "spd": 85, "spe": 85}, "ivs": {"hp": 31, "atk": 0, "def": 31, "spa": 31, "spd": 31, "spe": 31}, "item": "Heavy-Duty Boots", "teraType": "Ground", "role": "Fast Support", "bvs": {"hp": 43, "atk": 30, "def": 55, "spa": 40, "spd": 65, "spe": 97}, "stats": {"hp": 247, "atk": 65, "def": 167, "spa": 137, "spd": 187, "spe": 251}, "types": ["Water"]}, "Cyclizar": {"name": "Cyclizar", "species": "Cyclizar", "speciesId": "cyclizar", "gender": "F", "shiny": false, "level": 83, "moves": ["dracometeor", "knockoff", "rapidspin", "shedtail"], "ability": "Regenerator", "evs": {"hp": 85, "atk": 85, "def": 85, "spa": 85, "spd": 85, "spe": 85}, "ivs": {"hp": 31, "atk": 31, "def": 31, "spa": 31, "spd": 31, "spe": 31}, "item": "Heavy-Duty Boots", "teraType": "Fairy", "role": "Fast Support", "bvs": {"hp": 70, "atk": 95, "def": 65, "spa": 85, "spd": 65, "spe": 121}, "stats": {"hp": 252, "atk": 205, "def": 156, "spa": 189, "spd": 156, "spe": 249}, "types": ["Dragon", "Normal"]}, "Zapdos": {"name": "Zapdos", "species": "Zapdos", "speciesId": "zapdos", "gender": "N", "shiny": false, "level": 78, "moves": ["discharge", "hurricane", "roost", "heatwave"], "ability": "Static", "evs": {"hp": 85, "atk": 0, "def": 85, "spa": 85, "spd": 85, "spe": 85}, "ivs": {"hp": 31, "atk": 0, "def": 31, "spa": 31, "spd": 31, "spe": 31}, "item": "Heavy-Duty Boots", "teraType": "Electric", "role": "Bulky Attacker", "bvs": {"hp": 90, "atk": 90, "def": 85, "spa": 125, "spd": 90, "spe": 100}, "stats": {"hp": 268, "atk": 145, "def": 178, "spa": 240, "spd": 185, "spe": 201}, "types": ["Electric", "Flying"]}, "Venomoth": {"name": "Venomoth", "species": "Venomoth", "speciesId": "venomoth", "gender": "M", "shiny": false, "level": 84, "moves": ["bugbuzz", "sleeppowder", "sludgewave", "quiverdance"], "ability": "Tinted Lens", "evs": {"hp": 85, "atk": 0, "def": 85, "spa": 85, "spd": 85, "spe": 85}, "ivs": {"hp": 31, "atk": 0, "def": 31, "spa": 31, "spd": 31, "spe": 31}, "item": "Heavy-Duty Boots", "teraType": "Steel", "role": "Setup Sweeper", "bvs": {"hp": 70, "atk": 65, "def": 60, "spa": 90, "spd": 75, "spe": 90}, "stats": {"hp": 255, "atk": 114, "def": 149, "spa": 199, "spd": 174, "spe": 199}, "types": ["Bug", "Poison"]}, "Mimikyu": {"name": "Mimikyu", "species": "Mimikyu", "speciesId": "mimikyu", "gender": "F", "shiny": false, "level": 79, "moves": ["swordsdance", "playrough", "shadowsneak", "shadowclaw"], "ability": "Disguise", "evs": {"hp": 85, "atk": 85, "def": 85, "spa": 85, "spd": 85, "spe": 85}, "ivs": {"hp": 31, "atk": 31, "def": 31, "spa": 31, "spd": 31, "spe": 31}, "item": "Life Orb", "teraType": "Ghost", "role": "Fast Bulky Setup", "bvs": {"hp": 55, "atk": 90, "def": 80, "spa": 50, "spd": 105, "spe": 96}, "stats": {"hp": 216, "atk": 188, "def": 172, "spa": 125, "spd": 211, "spe": 197}, "types": ["Ghost", "Fairy"]}}]}