{"id": "gen9randombattle-2641587536", "format": "[Gen 9] Random Battle", "players": ["brendan380", "snoteateryum"], "log": "|j|\u2606brendan380\n|j|\u2606snoteateryum\n|t:|1782813805\n|gametype|singles\n|player|p1|brendan380|pokemonranger-gen4|1175\n|player|p2|snoteateryum|blackbelt-gen4dp|1130\n|gen|9\n|tier|[Gen 9] Random Battle\n|rated|\n|rule|Species Clause: Limit one of each Pok\u00e9mon\n|rule|HP Percentage Mod: HP is shown in percentages\n|rule|Sleep Clause Mod: Limit one foe put to sleep\n|rule|Illusion Level Mod: Illusion disguises the Pok\u00e9mon's true level\n|\n|t:|1782813805\n|teamsize|p1|6\n|teamsize|p2|6\n|start\n|switch|p1a: Bisharp|Bisharp, L79, F|232/232\n|switch|p2a: Regieleki|Regieleki, L79|256/256\n|turn|1\n|inactive|Battle timer is ON: inactive players will automatically lose when time's up. (requested by snoteateryum)\n|\n|t:|1782813818\n|move|p1a: Bisharp|Sucker Punch|p2a: Regieleki\n|-damage|p2a: Regieleki|127/256\n|move|p2a: Regieleki|Rapid Spin|p1a: Bisharp\n|-resisted|p1a: Bisharp\n|-damage|p1a: Bisharp|221/232\n|-boost|p2a: Regieleki|spe|1\n|\n|upkeep\n|turn|2\n|\n|t:|1782813829\n|move|p1a: Bisharp|Sucker Punch|p2a: Regieleki\n|-crit|p2a: Regieleki\n|-damage|p2a: Regieleki|0 fnt\n|faint|p2a: Regieleki\n|\n|upkeep\n|c|\u2606snoteateryum|u fuk u\n|l|\u2606snoteateryum\n|inactive|snoteateryum disconnected and has a minute to reconnect!\n|player|p2|\n|inactive|snoteateryum has 30 seconds to reconnect!\n|inactive|snoteateryum has 20 seconds to reconnect!\n|inactive|snoteateryum has 15 seconds to reconnect!\n|inactive|snoteateryum has 10 seconds to reconnect!\n|inactive|snoteateryum has 5 seconds to reconnect!\n|-message|snoteateryum lost due to inactivity.\n|\n|win|brendan380\n", "inputlog": ">version f8ac14003a5f27e1bdc8d8c59608a773c1cb96e5\n>start {\"formatid\":\"gen9randombattle\",\"seed\":\"sodium,601a7848380c29eada1b80f1a9444a8b\",\"rated\":\"Rated battle\"}\n>player p1 {\"name\":\"brendan380\",\"avatar\":\"pokemonranger-gen4\",\"rating\":1175,\"seed\":\"sodium,3d529f61a57881cdf3ed9f7142b705b8\"}\n>player p2 {\"name\":\"snoteateryum\",\"avatar\":\"blackbelt-gen4dp\",\"rating\":1130,\"seed\":\"sodium,28a33006a9008a76d82116d3854b2191\"}\n>p1 move suckerpunch\n>p2 move rapidspin\n>p1 move suckerpunch\n>p2 move thunderbolt\n>chat \u2606snoteateryum|u fuk u\n>forcelose p2", "uploadtime": 1782813843, "views": 9, "formatid": "gen9randombattle", "rating": null, "private": 0, "password": null, "player_dets": [{"name": "brendan380", "avatar": "pokemonranger-gen4", "rating": 1175, "seed": "sodium,3d529f61a57881cdf3ed9f7142b705b8"}, {"name": "snoteateryum", "avatar": "blackbelt-gen4dp", "rating": 1130, "seed": "sodium,28a33006a9008a76d82116d3854b2191"}], "teams_full": [{"Bisharp": {"name": "Bisharp", "species": "Bisharp", "speciesId": "bisharp", "gender": "F", "shiny": false, "level": 79, "moves": ["swordsdance", "throatchop", "ironhead", "suckerpunch"], "ability": "Defiant", "evs": {"hp": 85, "atk": 85, "def": 85, "spa": 85, "spd": 85, "spe": 85}, "ivs": {"hp": 31, "atk": 31, "def": 31, "spa": 31, "spd": 31, "spe": 31}, "item": "Eviolite", "teraType": "Flying", "role": "Bulky Attacker", "bvs": {"hp": 65, "atk": 125, "def": 100, "spa": 60, "spd": 70, "spe": 70}, "stats": {"hp": 232, "atk": 243, "def": 204, "spa": 140, "spd": 156, "spe": 156}, "types": ["Dark", "Steel"]}, "Cramorant": {"name": "Cramorant", "species": "Cramorant", "speciesId": "cramorant", "gender": "F", "shiny": false, "level": 86, "moves": ["surf", "defog", "roost", "bravebird"], "ability": "Gulp Missile", "evs": {"hp": 85, "atk": 85, "def": 85, "spa": 85, "spd": 85, "spe": 85}, "ivs": {"hp": 31, "atk": 31, "def": 31, "spa": 31, "spd": 31, "spe": 31}, "item": "Heavy-Duty Boots", "teraType": "Ground", "role": "Bulky Support", "bvs": {"hp": 70, "atk": 85, "def": 55, "spa": 85, "spd": 95, "spe": 85}, "stats": {"hp": 261, "atk": 195, "def": 144, "spa": 195, "spd": 213, "spe": 195}, "types": ["Flying", "Water"]}, "Oinkologne": {"name": "Oinkologne", "species": "Oinkologne-F", "speciesId": "oinkolognef", "gender": "F", "shiny": false, "level": 92, "moves": ["sleeptalk", "rest", "curse", "bodyslam"], "ability": "Aroma Veil", "evs": {"hp": 85, "atk": 85, "def": 85, "spa": 85, "spd": 85, "spe": 85}, "ivs": {"hp": 31, "atk": 31, "def": 31, "spa": 31, "spd": 31, "spe": 31}, "item": "Leftovers", "teraType": "Fairy", "role": "Bulky Support", "bvs": {"hp": 115, "atk": 90, "def": 70, "spa": 59, "spd": 90, "spe": 65}, "stats": {"hp": 361, "atk": 218, "def": 181, "spa": 161, "spd": 218, "spe": 172}, "types": ["Normal"]}, "Gumshoos": {"name": "Gumshoos", "species": "Gumshoos", "speciesId": "gumshoos", "gender": "M", "shiny": false, "level": 95, "moves": ["knockoff", "doubleedge", "earthquake", "uturn"], "ability": "Stakeout", "evs": {"hp": 85, "atk": 85, "def": 85, "spa": 85, "spd": 85, "spe": 85}, "ivs": {"hp": 31, "atk": 31, "def": 31, "spa": 31, "spd": 31, "spe": 31}, "item": "Choice Band", "teraType": "Normal", "role": "Wallbreaker", "bvs": {"hp": 88, "atk": 110, "def": 60, "spa": 55, "spd": 60, "spe": 45}, "stats": {"hp": 321, "atk": 263, "def": 168, "spa": 158, "spd": 168, "spe": 139}, "types": ["Normal"]}, "Tropius": {"name": "Tropius", "species": "Tropius", "speciesId": "tropius", "gender": "M", "shiny": false, "level": 91, "moves": ["dragondance", "dualwingbeat", "earthquake", "synthesis"], "ability": "Harvest", "evs": {"hp": 85, "atk": 85, "def": 85, "spa": 85, "spd": 85, "spe": 85}, "ivs": {"hp": 31, "atk": 31, "def": 31, "spa": 31, "spd": 31, "spe": 31}, "item": "Sitrus Berry", "teraType": "Ground", "role": "Setup Sweeper", "bvs": {"hp": 99, "atk": 68, "def": 83, "spa": 72, "spd": 87, "spe": 51}, "stats": {"hp": 328, "atk": 176, "def": 203, "spa": 183, "spd": 210, "spe": 145}, "types": ["Grass", "Flying"]}, "Barraskewda": {"name": "Barraskewda", "species": "Barraskewda", "speciesId": "barraskewda", "gender": "M", "shiny": false, "level": 81, "moves": ["flipturn", "closecombat", "waterfall", "throatchop"], "ability": "Swift Swim", "evs": {"hp": 85, "atk": 85, "def": 85, "spa": 85, "spd": 85, "spe": 85}, "ivs": {"hp": 31, "atk": 31, "def": 31, "spa": 31, "spd": 31, "spe": 31}, "item": "Choice Band", "teraType": "Fighting", "role": "Wallbreaker", "bvs": {"hp": 61, "atk": 123, "def": 60, "spa": 60, "spd": 50, "spe": 136}, "stats": {"hp": 231, "atk": 246, "def": 144, "spa": 144, "spd": 128, "spe": 267}, "types": ["Water"]}}, {"Regieleki": {"name": "Regieleki", "species": "Regieleki", "speciesId": "regieleki", "gender": "N", "shiny": false, "level": 79, "moves": ["voltswitch", "explosion", "thunderbolt", "rapidspin"], "ability": "Transistor", "evs": {"hp": 85, "atk": 85, "def": 85, "spa": 85, "spd": 85, "spe": 85}, "ivs": {"hp": 31, "atk": 31, "def": 31, "spa": 31, "spd": 31, "spe": 31}, "item": "Magnet", "teraType": "Electric", "role": "Fast Support", "bvs": {"hp": 80, "atk": 100, "def": 50, "spa": 100, "spd": 50, "spe": 200}, "stats": {"hp": 256, "atk": 204, "def": 125, "spa": 204, "spd": 125, "spe": 362}, "types": ["Electric"]}, "Lucario": {"name": "Lucario", "species": "Lucario", "speciesId": "lucario", "gender": "M", "shiny": false, "level": 84, "moves": ["flashcannon", "vacuumwave", "aurasphere", "nastyplot"], "ability": "Inner Focus", "evs": {"hp": 85, "atk": 0, "def": 85, "spa": 85, "spd": 85, "spe": 85}, "ivs": {"hp": 31, "atk": 0, "def": 31, "spa": 31, "spd": 31, "spe": 31}, "item": "Life Orb", "teraType": "Fighting", "role": "Setup Sweeper", "bvs": {"hp": 70, "atk": 110, "def": 70, "spa": 115, "spd": 70, "spe": 90}, "stats": {"hp": 255, "atk": 189, "def": 166, "spa": 241, "spd": 166, "spe": 199}, "types": ["Fighting", "Steel"]}, "Latios": {"name": "Latios", "species": "Latios", "speciesId": "latios", "gender": "M", "shiny": false, "level": 78, "moves": ["flipturn", "dracometeor", "lusterpurge", "aurasphere"], "ability": "Levitate", "evs": {"hp": 85, "atk": 85, "def": 85, "spa": 85, "spd": 85, "spe": 85}, "ivs": {"hp": 31, "atk": 31, "def": 31, "spa": 31, "spd": 31, "spe": 31}, "item": "Choice Specs", "teraType": "Dragon", "role": "Fast Attacker", "bvs": {"hp": 80, "atk": 90, "def": 80, "spa": 130, "spd": 110, "spe": 110}, "stats": {"hp": 253, "atk": 185, "def": 170, "spa": 248, "spd": 217, "spe": 217}, "types": ["Dragon", "Psychic"]}, "Zarude": {"name": "Zarude", "species": "Zarude-Dada", "speciesId": "zarude", "gender": "N", "shiny": false, "level": 77, "moves": ["uturn", "powerwhip", "knockoff", "closecombat"], "ability": "Leaf Guard", "evs": {"hp": 85, "atk": 85, "def": 85, "spa": 85, "spd": 85, "spe": 85}, "ivs": {"hp": 31, "atk": 31, "def": 31, "spa": 31, "spd": 31, "spe": 31}, "item": "Choice Band", "teraType": "Fighting", "role": "Fast Attacker", "bvs": {"hp": 105, "atk": 120, "def": 105, "spa": 70, "spd": 95, "spe": 105}, "stats": {"hp": 288, "atk": 229, "def": 206, "spa": 152, "spd": 191, "spe": 206}, "types": ["Dark", "Grass"]}, "Palafin": {"name": "Palafin", "species": "Palafin", "speciesId": "palafin", "gender": "F", "shiny": true, "level": 77, "moves": ["wavecrash", "jetpunch", "bulkup", "icepunch"], "ability": "Zero to Hero", "evs": {"hp": 85, "atk": 85, "def": 85, "spa": 85, "spd": 85, "spe": 85}, "ivs": {"hp": 31, "atk": 31, "def": 31, "spa": 31, "spd": 31, "spe": 31}, "item": "Leftovers", "teraType": "Dragon", "role": "Bulky Setup", "bvs": {"hp": 100, "atk": 70, "def": 72, "spa": 53, "spd": 62, "spe": 100}, "stats": {"hp": 281, "atk": 152, "def": 155, "spa": 126, "spd": 140, "spe": 199}, "types": ["Water"]}, "Tauros": {"name": "Tauros", "species": "Tauros", "speciesId": "tauros", "gender": "M", "shiny": false, "level": 82, "moves": ["throatchop", "bodyslam", "closecombat", "earthquake"], "ability": "Sheer Force", "evs": {"hp": 85, "atk": 85, "def": 85, "spa": 85, "spd": 85, "spe": 85}, "ivs": {"hp": 31, "atk": 31, "def": 31, "spa": 31, "spd": 31, "spe": 31}, "item": "Life Orb", "teraType": "Normal", "role": "Fast Attacker", "bvs": {"hp": 75, "atk": 100, "def": 95, "spa": 40, "spd": 70, "spe": 110}, "stats": {"hp": 257, "atk": 211, "def": 203, "spa": 113, "spd": 162, "spe": 228}, "types": ["Normal"]}}]}