{"id": "gen9randombattle-2642233170", "format": "[Gen 9] Random Battle", "players": ["jnpr010334", "bot17334"], "log": "|j|\u2606jnpr010334\n|j|\u2606bot17334\n|t:|1782914514\n|gametype|singles\n|player|p1|jnpr010334|265|1980\n|player|p2|bot17334|102|1916\n|gen|9\n|tier|[Gen 9] Random Battle\n|rated|\n|rule|Species Clause: Limit one of each Pok\u00e9mon\n|rule|HP Percentage Mod: HP is shown in percentages\n|rule|Sleep Clause Mod: Limit one foe put to sleep\n|rule|Illusion Level Mod: Illusion disguises the Pok\u00e9mon's true level\n|\n|t:|1782914514\n|teamsize|p1|6\n|teamsize|p2|6\n|start\n|switch|p1a: Volbeat|Volbeat, L90, M|263/263\n|switch|p2a: Hitmonlee|Hitmonlee, L85, M|224/224\n|turn|1\n|inactive|Battle timer is ON: inactive players will automatically lose when time's up. (requested by jnpr010334)\n|\n|t:|1782914537\n|switch|p2a: Arceus|Arceus-Ground, L70|284/284\n|move|p1a: Volbeat|Thunder Wave|p2a: Arceus\n|-immune|p2a: Arceus\n|\n|upkeep\n|turn|2\n|\n|t:|1782914544\n|move|p1a: Volbeat|Thunder Wave|p2a: Arceus\n|-immune|p2a: Arceus\n|move|p2a: Arceus|Swords Dance|p2a: Arceus\n|-boost|p2a: Arceus|atk|2\n|\n|upkeep\n|turn|3\n|\n|t:|1782914551\n|move|p2a: Arceus|Extreme Speed|p1a: Volbeat\n|-damage|p1a: Volbeat|166/263\n|move|p1a: Volbeat|Encore|p2a: Arceus\n|-start|p2a: Arceus|Encore\n|\n|upkeep\n|turn|4\n|\n|t:|1782914560\n|move|p2a: Arceus|Extreme Speed|p1a: Volbeat\n|-crit|p1a: Volbeat\n|-damage|p1a: Volbeat|17/263\n|move|p1a: Volbeat|Thunder Wave|p2a: Arceus\n|-immune|p2a: Arceus\n|\n|upkeep\n|turn|5\n|\n|t:|1782914566\n|move|p2a: Arceus|Extreme Speed|p1a: Volbeat\n|-damage|p1a: Volbeat|0 fnt\n|faint|p1a: Volbeat\n|\n|upkeep\n|\n|t:|1782914568\n|switch|p1a: Araquanid|Araquanid, L82, M|246/246\n|turn|6\n|\n|t:|1782914578\n|move|p2a: Arceus|Extreme Speed|p1a: Araquanid\n|-damage|p1a: Araquanid|158/246\n|move|p1a: Araquanid|Liquidation|p2a: Arceus\n|-supereffective|p2a: Arceus\n|-damage|p2a: Arceus|54/284\n|\n|-end|p2a: Arceus|Encore\n|upkeep\n|turn|7\n|\n|t:|1782914586\n|move|p2a: Arceus|Stone Edge|p1a: Araquanid\n|-supereffective|p1a: Araquanid\n|-damage|p1a: Araquanid|0 fnt\n|faint|p1a: Araquanid\n|\n|upkeep\n|\n|t:|1782914588\n|switch|p1a: Chien-Pao|Chien-Pao, L72|234/234\n|-ability|p1a: Chien-Pao|Sword of Ruin\n|turn|8\n|\n|t:|1782914593\n|move|p2a: Arceus|Extreme Speed|p1a: Chien-Pao\n|-damage|p1a: Chien-Pao|120/234\n|move|p1a: Chien-Pao|Throat Chop|p2a: Arceus\n|-damage|p2a: Arceus|0 fnt\n|faint|p2a: Arceus\n|\n|upkeep\n|\n|t:|1782914601\n|switch|p2a: Poliwrath|Poliwrath, L88, M|302/302\n|turn|9\n|\n|t:|1782914606\n|move|p1a: Chien-Pao|Swords Dance|p1a: Chien-Pao\n|-boost|p1a: Chien-Pao|atk|2\n|move|p2a: Poliwrath|Bulk Up|p2a: Poliwrath\n|-boost|p2a: Poliwrath|atk|1\n|-boost|p2a: Poliwrath|def|1\n|\n|upkeep\n|turn|10\n|\n|t:|1782914612\n|move|p1a: Chien-Pao|Icicle Crash|p2a: Poliwrath\n|-resisted|p2a: Poliwrath\n|-damage|p2a: Poliwrath|238/302\n|move|p2a: Poliwrath|Drain Punch|p1a: Chien-Pao\n|-supereffective|p1a: Chien-Pao\n|-damage|p1a: Chien-Pao|0 fnt\n|-heal|p2a: Poliwrath|298/302|[from] drain|[of] p1a: Chien-Pao\n|faint|p1a: Chien-Pao\n|\n|-heal|p2a: Poliwrath|302/302|[from] item: Leftovers\n|upkeep\n|\n|t:|1782914613\n|switch|p1a: Electivire|Electivire, L84, F|263/263\n|turn|11\n|\n|t:|1782914631\n|move|p1a: Electivire|Supercell Slam|p2a: Poliwrath\n|-supereffective|p2a: Poliwrath\n|-damage|p2a: Poliwrath|107/302\n|-damage|p1a: Electivire|237/263|[from] item: Life Orb\n|move|p2a: Poliwrath|Drain Punch|p1a: Electivire\n|-damage|p1a: Electivire|93/263\n|-heal|p2a: Poliwrath|179/302|[from] drain|[of] p1a: Electivire\n|\n|-heal|p2a: Poliwrath|197/302|[from] item: Leftovers\n|upkeep\n|turn|12\n|\n|t:|1782914644\n|switch|p2a: Amoonguss|Amoonguss, L82, F|321/321\n|move|p1a: Electivire|Supercell Slam|p2a: Amoonguss\n|-resisted|p2a: Amoonguss\n|-damage|p2a: Amoonguss|220/321\n|-damage|p1a: Electivire|67/263|[from] item: Life Orb\n|\n|-heal|p2a: Amoonguss|240/321|[from] item: Leftovers\n|upkeep\n|turn|13\n|inactive|bot17334 has 120 seconds left.\n|\n|t:|1782914677\n|move|p1a: Electivire|Ice Punch|p2a: Amoonguss\n|-supereffective|p2a: Amoonguss\n|-damage|p2a: Amoonguss|29/321\n|-damage|p1a: Electivire|41/263|[from] item: Life Orb\n|move|p2a: Amoonguss|Spore|p1a: Electivire\n|-status|p1a: Electivire|slp|[from] move: Spore\n|\n|-heal|p2a: Amoonguss|49/321|[from] item: Leftovers\n|upkeep\n|turn|14\n|inactive|bot17334 has 120 seconds left.\n|\n|t:|1782914686\n|cant|p1a: Electivire|slp\n|move|p2a: Amoonguss|Giga Drain|p1a: Electivire\n|-damage|p1a: Electivire|0 fnt\n|-heal|p2a: Amoonguss|70/321|[from] drain|[of] p1a: Electivire\n|faint|p1a: Electivire\n|\n|-heal|p2a: Amoonguss|90/321|[from] item: Leftovers\n|upkeep\n|\n|t:|1782914688\n|switch|p1a: Gholdengo|Gholdengo, L77|261/261\n|turn|15\n|\n|t:|1782914697\n|move|p1a: Gholdengo|Nasty Plot|p1a: Gholdengo\n|-boost|p1a: Gholdengo|spa|2\n|move|p2a: Amoonguss|Stomping Tantrum|p1a: Gholdengo\n|-supereffective|p1a: Gholdengo\n|-damage|p1a: Gholdengo|167/261\n|\n|-heal|p1a: Gholdengo|183/261|[from] item: Leftovers\n|-heal|p2a: Amoonguss|110/321|[from] item: Leftovers\n|upkeep\n|turn|16\n|\n|t:|1782914711\n|move|p1a: Gholdengo|Nasty Plot|p1a: Gholdengo\n|-boost|p1a: Gholdengo|spa|2\n|move|p2a: Amoonguss|Stomping Tantrum|p1a: Gholdengo\n|-supereffective|p1a: Gholdengo\n|-damage|p1a: Gholdengo|85/261\n|\n|-heal|p1a: Gholdengo|101/261|[from] item: Leftovers\n|-heal|p2a: Amoonguss|130/321|[from] item: Leftovers\n|upkeep\n|turn|17\n|\n|t:|1782914725\n|switch|p2a: Poliwrath|Poliwrath, L88, M|197/302\n|move|p1a: Gholdengo|Shadow Ball|p2a: Poliwrath\n|-damage|p2a: Poliwrath|0 fnt\n|faint|p2a: Poliwrath\n|\n|-heal|p1a: Gholdengo|117/261|[from] item: Leftovers\n|upkeep\n|\n|t:|1782914734\n|switch|p2a: Hitmonlee|Hitmonlee, L85, M|224/224\n|turn|18\n|\n|t:|1782914738\n|move|p2a: Hitmonlee|Knock Off|p1a: Gholdengo\n|-supereffective|p1a: Gholdengo\n|-damage|p1a: Gholdengo|0 fnt\n|-enditem|p1a: Gholdengo|Leftovers|[from] move: Knock Off|[of] p2a: Hitmonlee\n|faint|p1a: Gholdengo\n|\n|upkeep\n|\n|t:|1782914739\n|switch|p1a: Bruxish|Bruxish, L85, F|254/254\n|turn|19\n|\n|t:|1782914755\n|-terastallize|p1a: Bruxish|Dark\n|-terastallize|p2a: Hitmonlee|Dark\n|move|p1a: Bruxish|Psychic Fangs|p2a: Hitmonlee\n|-immune|p2a: Hitmonlee\n|move|p2a: Hitmonlee|Knock Off|p1a: Bruxish\n|-resisted|p1a: Bruxish\n|-damage|p1a: Bruxish|176/254\n|-enditem|p1a: Bruxish|Choice Scarf|[from] move: Knock Off|[of] p2a: Hitmonlee\n|\n|upkeep\n|turn|20\n|\n|t:|1782914765\n|move|p1a: Bruxish|Wave Crash|p2a: Hitmonlee\n|-damage|p2a: Hitmonlee|28/224\n|-damage|p1a: Bruxish|111/254|[from] Recoil\n|move|p2a: Hitmonlee|Close Combat|p1a: Bruxish\n|-supereffective|p1a: Bruxish\n|-damage|p1a: Bruxish|0 fnt\n|-unboost|p2a: Hitmonlee|def|1\n|-unboost|p2a: Hitmonlee|spd|1\n|faint|p1a: Bruxish\n|-enditem|p2a: Hitmonlee|White Herb\n|-clearnegativeboost|p2a: Hitmonlee|[silent]\n|\n|win|bot17334\n|raw|jnpr010334's rating: 1957 &rarr; <strong>1935</strong><br />(-22 for losing)\n|raw|bot17334's rating: 1916 &rarr; <strong>1938</strong><br />(+22 for winning)\n", "inputlog": ">version f8ac14003a5f27e1bdc8d8c59608a773c1cb96e5\n>start {\"formatid\":\"gen9randombattle\",\"seed\":\"sodium,3fe9852d32a72c93a3bdd3190d03d0cb\",\"rated\":\"Rated battle\"}\n>player p1 {\"name\":\"jnpr010334\",\"avatar\":\"265\",\"rating\":1980,\"seed\":\"sodium,e31461b0f4817d3b0667210820384b20\"}\n>player p2 {\"name\":\"bot17334\",\"avatar\":\"102\",\"rating\":1916,\"seed\":\"sodium,3925a35e630a8d6cd6ab533572f26721\"}\n>p1 move thunderwave\n>p2 switch 6\n>p1 move thunderwave\n>p2 move swordsdance\n>p1 move encore\n>p2 move extremespeed\n>p1 move thunderwave\n>p2 move extremespeed\n>p1 move thunderwave\n>p2 move extremespeed\n>p1 switch 6\n>p1 move liquidation\n>p2 move extremespeed\n>p1 move liquidation\n>p2 move stoneedge\n>p1 switch 2\n>p1 move throatchop\n>p2 move extremespeed\n>p2 switch 2\n>p1 move swordsdance\n>p2 move bulkup\n>p1 move iciclecrash\n>p2 move drainpunch\n>p1 switch 4\n>p1 move supercellslam\n>p2 move drainpunch\n>p1 move supercellslam\n>p2 switch 3\n>p1 move icepunch\n>p2 move spore\n>p1 move icepunch\n>p2 move gigadrain\n>p1 switch 3\n>p1 move nastyplot\n>p2 move stompingtantrum\n>p1 move nastyplot\n>p2 move stompingtantrum\n>p1 move shadowball\n>p2 switch 3\n>p2 switch 6\n>p1 move makeitrain\n>p2 move knockoff\n>p1 switch 5\n>p1 move psychicfangs terastallize\n>p2 move knockoff terastallize\n>p1 move wavecrash\n>p2 move closecombat", "uploadtime": 1782914765, "views": 2, "formatid": "gen9randombattle", "rating": 1935, "private": 0, "password": null, "player_dets": [{"name": "jnpr010334", "avatar": "265", "rating": 1980, "seed": "sodium,e31461b0f4817d3b0667210820384b20"}, {"name": "bot17334", "avatar": "102", "rating": 1916, "seed": "sodium,3925a35e630a8d6cd6ab533572f26721"}], "teams_full": [{"Volbeat": {"name": "Volbeat", "species": "Volbeat", "speciesId": "volbeat", "gender": "M", "shiny": false, "level": 90, "moves": ["lunge", "roost", "thunderwave", "encore"], "ability": "Prankster", "evs": {"hp": 85, "atk": 85, "def": 85, "spa": 85, "spd": 85, "spe": 85}, "ivs": {"hp": 31, "atk": 31, "def": 31, "spa": 31, "spd": 31, "spe": 31}, "item": "Heavy-Duty Boots", "teraType": "Steel", "role": "Bulky Attacker", "bvs": {"hp": 65, "atk": 73, "def": 75, "spa": 47, "spd": 85, "spe": 85}, "stats": {"hp": 263, "atk": 183, "def": 186, "spa": 136, "spd": 204, "spe": 204}, "types": ["Bug"]}, "Chien-Pao": {"name": "Chien-Pao", "species": "Chien-Pao", "speciesId": "chienpao", "gender": "N", "shiny": false, "level": 72, "moves": ["suckerpunch", "iciclecrash", "swordsdance", "throatchop"], "ability": "Sword of Ruin", "evs": {"hp": 85, "atk": 85, "def": 85, "spa": 85, "spd": 85, "spe": 85}, "ivs": {"hp": 31, "atk": 31, "def": 31, "spa": 31, "spd": 31, "spe": 31}, "item": "Heavy-Duty Boots", "teraType": "Ice", "role": "Setup Sweeper", "bvs": {"hp": 80, "atk": 120, "def": 80, "spa": 90, "spd": 65, "spe": 135}, "stats": {"hp": 234, "atk": 215, "def": 157, "spa": 172, "spd": 136, "spe": 236}, "types": ["Dark", "Ice"]}, "Gholdengo": {"name": "Gholdengo", "species": "Gholdengo", "speciesId": "gholdengo", "gender": "N", "shiny": false, "level": 77, "moves": ["shadowball", "makeitrain", "focusblast", "nastyplot"], "ability": "Good as Gold", "evs": {"hp": 85, "atk": 0, "def": 85, "spa": 85, "spd": 85, "spe": 85}, "ivs": {"hp": 31, "atk": 0, "def": 31, "spa": 31, "spd": 31, "spe": 31}, "item": "Leftovers", "teraType": "Steel", "role": "Bulky Attacker", "bvs": {"hp": 87, "atk": 60, "def": 95, "spa": 133, "spd": 91, "spe": 84}, "stats": {"hp": 261, "atk": 97, "def": 191, "spa": 249, "spd": 185, "spe": 174}, "types": ["Steel", "Ghost"]}, "Electivire": {"name": "Electivire", "species": "Electivire", "speciesId": "electivire", "gender": "F", "shiny": false, "level": 84, "moves": ["bulkup", "supercellslam", "icepunch", "earthquake"], "ability": "Motor Drive", "evs": {"hp": 85, "atk": 85, "def": 85, "spa": 85, "spd": 85, "spe": 85}, "ivs": {"hp": 31, "atk": 31, "def": 31, "spa": 31, "spd": 31, "spe": 31}, "item": "Life Orb", "teraType": "Flying", "role": "Setup Sweeper", "bvs": {"hp": 75, "atk": 123, "def": 67, "spa": 95, "spd": 85, "spe": 95}, "stats": {"hp": 263, "atk": 255, "def": 161, "spa": 208, "spd": 191, "spe": 208}, "types": ["Electric"]}, "Bruxish": {"name": "Bruxish", "species": "Bruxish", "speciesId": "bruxish", "gender": "F", "shiny": false, "level": 85, "moves": ["crunch", "wavecrash", "psychicfangs", "flipturn"], "ability": "Strong Jaw", "evs": {"hp": 85, "atk": 85, "def": 85, "spa": 85, "spd": 85, "spe": 85}, "ivs": {"hp": 31, "atk": 31, "def": 31, "spa": 31, "spd": 31, "spe": 31}, "item": "Choice Scarf", "teraType": "Dark", "role": "Fast Attacker", "bvs": {"hp": 68, "atk": 105, "def": 70, "spa": 70, "spd": 70, "spe": 92}, "stats": {"hp": 254, "atk": 227, "def": 168, "spa": 168, "spd": 168, "spe": 205}, "types": ["Water", "Psychic"]}, "Araquanid": {"name": "Araquanid", "species": "Araquanid", "speciesId": "araquanid", "gender": "M", "shiny": false, "level": 82, "moves": ["stickyweb", "hydropump", "leechlife", "liquidation"], "ability": "Water Bubble", "evs": {"hp": 85, "atk": 85, "def": 85, "spa": 85, "spd": 85, "spe": 85}, "ivs": {"hp": 31, "atk": 31, "def": 31, "spa": 31, "spd": 31, "spe": 31}, "item": "Heavy-Duty Boots", "teraType": "Ground", "role": "Bulky Attacker", "bvs": {"hp": 68, "atk": 70, "def": 92, "spa": 50, "spd": 132, "spe": 42}, "stats": {"hp": 246, "atk": 162, "def": 198, "spa": 129, "spd": 264, "spe": 116}, "types": ["Water", "Bug"]}}, {"Hitmonlee": {"name": "Hitmonlee", "species": "Hitmonlee", "speciesId": "hitmonlee", "gender": "M", "shiny": false, "level": 85, "moves": ["poisonjab", "swordsdance", "closecombat", "knockoff"], "ability": "Unburden", "evs": {"hp": 85, "atk": 85, "def": 85, "spa": 85, "spd": 85, "spe": 85}, "ivs": {"hp": 31, "atk": 31, "def": 31, "spa": 31, "spd": 31, "spe": 31}, "item": "White Herb", "teraType": "Dark", "role": "Setup Sweeper", "bvs": {"hp": 50, "atk": 120, "def": 53, "spa": 35, "spd": 110, "spe": 87}, "stats": {"hp": 224, "atk": 253, "def": 139, "spa": 108, "spd": 236, "spe": 197}, "types": ["Fighting"]}, "Poliwrath": {"name": "Poliwrath", "species": "Poliwrath", "speciesId": "poliwrath", "gender": "M", "shiny": false, "level": 88, "moves": ["liquidation", "drainpunch", "poisonjab", "bulkup"], "ability": "Water Absorb", "evs": {"hp": 85, "atk": 85, "def": 85, "spa": 85, "spd": 85, "spe": 85}, "ivs": {"hp": 31, "atk": 31, "def": 31, "spa": 31, "spd": 31, "spe": 31}, "item": "Leftovers", "teraType": "Water", "role": "Bulky Setup", "bvs": {"hp": 90, "atk": 95, "def": 95, "spa": 70, "spd": 90, "spe": 70}, "stats": {"hp": 302, "atk": 217, "def": 217, "spa": 173, "spd": 209, "spe": 173}, "types": ["Water", "Fighting"]}, "Amoonguss": {"name": "Amoonguss", "species": "Amoonguss", "speciesId": "amoonguss", "gender": "F", "shiny": false, "level": 82, "moves": ["spore", "stompingtantrum", "sludgebomb", "gigadrain"], "ability": "Regenerator", "evs": {"hp": 85, "atk": 85, "def": 85, "spa": 85, "spd": 85, "spe": 85}, "ivs": {"hp": 31, "atk": 31, "def": 31, "spa": 31, "spd": 31, "spe": 31}, "item": "Leftovers", "teraType": "Steel", "role": "Bulky Attacker", "bvs": {"hp": 114, "atk": 85, "def": 70, "spa": 85, "spd": 80, "spe": 30}, "stats": {"hp": 321, "atk": 187, "def": 162, "spa": 187, "spd": 178, "spe": 96}, "types": ["Grass", "Poison"]}, "Magcargo": {"name": "Magcargo", "species": "Magcargo", "speciesId": "magcargo", "gender": "F", "shiny": false, "level": 95, "moves": ["fireblast", "earthpower", "powergem", "shellsmash"], "ability": "Weak Armor", "evs": {"hp": 85, "atk": 0, "def": 85, "spa": 85, "spd": 85, "spe": 85}, "ivs": {"hp": 31, "atk": 0, "def": 31, "spa": 31, "spd": 31, "spe": 31}, "item": "Heavy-Duty Boots", "teraType": "Grass", "role": "Setup Sweeper", "bvs": {"hp": 60, "atk": 50, "def": 120, "spa": 90, "spd": 80, "spe": 30}, "stats": {"hp": 268, "atk": 100, "def": 282, "spa": 225, "spd": 206, "spe": 111}, "types": ["Fire", "Rock"]}, "Floatzel": {"name": "Floatzel", "species": "Floatzel", "speciesId": "floatzel", "gender": "F", "shiny": false, "level": 86, "moves": ["bulkup", "icespinner", "taunt", "wavecrash"], "ability": "Water Veil", "evs": {"hp": 85, "atk": 85, "def": 85, "spa": 85, "spd": 85, "spe": 85}, "ivs": {"hp": 31, "atk": 31, "def": 31, "spa": 31, "spd": 31, "spe": 31}, "item": "Leftovers", "teraType": "Steel", "role": "Bulky Setup", "bvs": {"hp": 85, "atk": 105, "def": 55, "spa": 85, "spd": 50, "spe": 115}, "stats": {"hp": 286, "atk": 230, "def": 144, "spa": 195, "spd": 135, "spe": 247}, "types": ["Water"]}, "Arceus": {"name": "Arceus", "species": "Arceus-Ground", "speciesId": "arceusground", "gender": "N", "shiny": false, "level": 70, "moves": ["swordsdance", "stoneedge", "extremespeed", "earthquake"], "ability": "Multitype", "evs": {"hp": 85, "atk": 85, "def": 85, "spa": 85, "spd": 85, "spe": 85}, "ivs": {"hp": 31, "atk": 31, "def": 31, "spa": 31, "spd": 31, "spe": 31}, "item": "Earth Plate", "teraType": "Normal", "role": "Setup Sweeper", "bvs": {"hp": 120, "atk": 120, "def": 120, "spa": 120, "spd": 120, "spe": 120}, "stats": {"hp": 284, "atk": 209, "def": 209, "spa": 209, "spd": 209, "spe": 209}, "types": ["Ground"]}}]}