{"id": "gen9randombattle-2641747058", "format": "[Gen 9] Random Battle", "players": ["testbotcif", "cRisPy BAcON"], "log": "|j|\u2606testbotcif\n|j|\u2606cRisPy BAcON\n|t:|1782837095\n|gametype|singles\n|player|p1|testbotcif|266|1284\n|player|p2|cRisPy BAcON|plasmagrunt-gen5bw|1272\n|gen|9\n|tier|[Gen 9] Random Battle\n|rated|\n|rule|Species Clause: Limit one of each Pok\u00e9mon\n|rule|HP Percentage Mod: HP is shown in percentages\n|rule|Sleep Clause Mod: Limit one foe put to sleep\n|rule|Illusion Level Mod: Illusion disguises the Pok\u00e9mon's true level\n|\n|t:|1782837095\n|teamsize|p1|6\n|teamsize|p2|6\n|start\n|switch|p1a: Vespiquen|Vespiquen, L99, F|299/299\n|switch|p2a: Hariyama|Hariyama, L87, M|392/392\n|-ability|p1a: Vespiquen|Pressure\n|turn|1\n|inactive|Battle timer is ON: inactive players will automatically lose when time's up. (requested by testbotcif)\n|c|\u2606testbotcif|rlhf\n|\n|t:|1782837120\n|-terastallize|p2a: Hariyama|Steel\n|move|p2a: Hariyama|Knock Off|p1a: Vespiquen\n|-damage|p1a: Vespiquen|230/299\n|-enditem|p1a: Vespiquen|Heavy-Duty Boots|[from] move: Knock Off|[of] p2a: Hariyama\n|move|p1a: Vespiquen|Toxic|p2a: Hariyama\n|-immune|p2a: Hariyama\n|\n|upkeep\n|turn|2\n|\n|t:|1782837129\n|move|p2a: Hariyama|Heavy Slam|p1a: Vespiquen\n|-damage|p1a: Vespiquen|100/299\n|move|p1a: Vespiquen|Roost|p1a: Vespiquen\n|-heal|p1a: Vespiquen|250/299\n|-singleturn|p1a: Vespiquen|move: Roost\n|\n|upkeep\n|turn|3\n|\n|t:|1782837137\n|move|p2a: Hariyama|Heavy Slam|p1a: Vespiquen\n|-damage|p1a: Vespiquen|124/299\n|move|p1a: Vespiquen|Roost|p1a: Vespiquen\n|-heal|p1a: Vespiquen|274/299\n|-singleturn|p1a: Vespiquen|move: Roost\n|\n|upkeep\n|turn|4\n|\n|t:|1782837144\n|move|p2a: Hariyama|Heavy Slam|p1a: Vespiquen\n|-damage|p1a: Vespiquen|147/299\n|move|p1a: Vespiquen|Roost|p1a: Vespiquen\n|-heal|p1a: Vespiquen|297/299\n|-singleturn|p1a: Vespiquen|move: Roost\n|\n|upkeep\n|turn|5\n|\n|t:|1782837152\n|move|p2a: Hariyama|Heavy Slam|p1a: Vespiquen\n|-damage|p1a: Vespiquen|176/299\n|move|p1a: Vespiquen|Air Slash|p2a: Hariyama\n|-resisted|p2a: Hariyama\n|-damage|p2a: Hariyama|349/392\n|\n|upkeep\n|turn|6\n|\n|t:|1782837159\n|move|p2a: Hariyama|Heavy Slam|p1a: Vespiquen\n|-damage|p1a: Vespiquen|61/299\n|move|p1a: Vespiquen|Roost|p1a: Vespiquen\n|-heal|p1a: Vespiquen|211/299\n|-singleturn|p1a: Vespiquen|move: Roost\n|\n|upkeep\n|turn|7\n|\n|t:|1782837169\n|move|p2a: Hariyama|Heavy Slam|p1a: Vespiquen\n|-damage|p1a: Vespiquen|85/299\n|move|p1a: Vespiquen|Roost|p1a: Vespiquen\n|-heal|p1a: Vespiquen|235/299\n|-singleturn|p1a: Vespiquen|move: Roost\n|\n|upkeep\n|turn|8\n|\n|t:|1782837177\n|move|p2a: Hariyama|Heavy Slam|p1a: Vespiquen\n|-damage|p1a: Vespiquen|117/299\n|move|p1a: Vespiquen|U-turn|p2a: Hariyama\n|-resisted|p2a: Hariyama\n|-damage|p2a: Hariyama|295/392\n|\n|t:|1782837178\n|switch|p1a: Whimsicott|Whimsicott, L84, F|238/238|[from] U-turn\n|\n|upkeep\n|turn|9\n|\n|t:|1782837189\n|move|p1a: Whimsicott|Stun Spore|p2a: Hariyama\n|-status|p2a: Hariyama|par\n|move|p2a: Hariyama|Heavy Slam|p1a: Whimsicott\n|-supereffective|p1a: Whimsicott\n|-damage|p1a: Whimsicott|0 fnt\n|faint|p1a: Whimsicott\n|\n|upkeep\n|\n|t:|1782837189\n|switch|p1a: Entei|Entei, L78|307/307\n|turn|10\n|\n|t:|1782837201\n|switch|p2a: Palossand|Palossand, L89, F|296/296\n|move|p1a: Entei|Sacred Fire|p2a: Palossand\n|-damage|p2a: Palossand|181/296\n|\n|-heal|p2a: Palossand|199/296|[from] item: Leftovers\n|upkeep\n|turn|11\n|\n|t:|1782837218\n|move|p1a: Entei|Sacred Fire|p2a: Palossand\n|-damage|p2a: Palossand|84/296\n|-status|p2a: Palossand|brn\n|move|p2a: Palossand|Shore Up|p2a: Palossand\n|-heal|p2a: Palossand|232/296 brn\n|\n|-heal|p2a: Palossand|250/296 brn|[from] item: Leftovers\n|-damage|p2a: Palossand|232/296 brn|[from] brn\n|upkeep\n|turn|12\n|\n|t:|1782837232\n|switch|p1a: Noctowl|Noctowl, L95, F|344/344\n|move|p2a: Palossand|Stealth Rock|p1a: Noctowl\n|-sidestart|p1: testbotcif|move: Stealth Rock\n|\n|-heal|p2a: Palossand|250/296 brn|[from] item: Leftovers\n|-damage|p2a: Palossand|232/296 brn|[from] brn\n|upkeep\n|turn|13\n|\n|t:|1782837247\n|switch|p2a: Hariyama|Hariyama, L87, M, tera:Steel|295/392 par\n|move|p1a: Noctowl|Hurricane|p2a: Hariyama\n|-resisted|p2a: Hariyama\n|-damage|p2a: Hariyama|173/392 par\n|\n|upkeep\n|turn|14\n|\n|t:|1782837256\n|move|p1a: Noctowl|Hyper Voice|p2a: Hariyama\n|-resisted|p2a: Hariyama\n|-damage|p2a: Hariyama|83/392 par\n|move|p2a: Hariyama|Knock Off|p1a: Noctowl\n|-damage|p1a: Noctowl|228/344\n|-enditem|p1a: Noctowl|Heavy-Duty Boots|[from] move: Knock Off|[of] p2a: Hariyama\n|\n|upkeep\n|turn|15\n|inactive|cRisPy BAcON has 120 seconds left.\n|\n|t:|1782837284\n|move|p1a: Noctowl|Roost|p1a: Noctowl\n|-heal|p1a: Noctowl|344/344\n|-singleturn|p1a: Noctowl|move: Roost\n|move|p2a: Hariyama|Heavy Slam|p1a: Noctowl\n|-damage|p1a: Noctowl|124/344\n|\n|upkeep\n|turn|16\n|\n|t:|1782837292\n|move|p2a: Hariyama|Bullet Punch|p1a: Noctowl\n|-damage|p1a: Noctowl|46/344\n|move|p1a: Noctowl|Roost|p1a: Noctowl\n|-heal|p1a: Noctowl|218/344\n|-singleturn|p1a: Noctowl|move: Roost\n|\n|upkeep\n|turn|17\n|\n|t:|1782837302\n|move|p1a: Noctowl|Roost|p1a: Noctowl\n|-heal|p1a: Noctowl|344/344\n|-singleturn|p1a: Noctowl|move: Roost\n|move|p2a: Hariyama|Close Combat|p1a: Noctowl\n|-supereffective|p1a: Noctowl\n|-damage|p1a: Noctowl|0 fnt\n|-unboost|p2a: Hariyama|def|1\n|-unboost|p2a: Hariyama|spd|1\n|faint|p1a: Noctowl\n|\n|upkeep\n|\n|t:|1782837302\n|switch|p1a: Vespiquen|Vespiquen, L99, F|117/299\n|-damage|p1a: Vespiquen|0 fnt|[from] Stealth Rock\n|faint|p1a: Vespiquen\n|\n|t:|1782837303\n|switch|p1a: Entei|Entei, L78|307/307\n|-damage|p1a: Entei|231/307|[from] Stealth Rock\n|turn|18\n|\n|t:|1782837321\n|move|p1a: Entei|Sacred Fire|p2a: Hariyama\n|-supereffective|p2a: Hariyama\n|-damage|p2a: Hariyama|0 fnt\n|faint|p2a: Hariyama\n|\n|upkeep\n|\n|t:|1782837330\n|switch|p2a: Palossand|Palossand, L89, F|232/296 brn\n|turn|19\n|\n|t:|1782837335\n|move|p1a: Entei|Sacred Fire|p2a: Palossand\n|-damage|p2a: Palossand|111/296 brn\n|move|p2a: Palossand|Earth Power|p1a: Entei\n|-supereffective|p1a: Entei\n|-damage|p1a: Entei|0 fnt\n|faint|p1a: Entei\n|\n|-heal|p2a: Palossand|129/296 brn|[from] item: Leftovers\n|-damage|p2a: Palossand|111/296 brn|[from] brn\n|upkeep\n|\n|t:|1782837335\n|switch|p1a: Tauros|Tauros, L82, M|257/257\n|-damage|p1a: Tauros|225/257|[from] Stealth Rock\n|turn|20\n|\n|t:|1782837350\n|move|p1a: Tauros|Throat Chop|p2a: Palossand\n|-supereffective|p2a: Palossand\n|-damage|p2a: Palossand|0 fnt\n|faint|p2a: Palossand\n|\n|upkeep\n|\n|t:|1782837369\n|switch|p2a: Araquanid|Araquanid, L82, F|246/246\n|turn|21\n|\n|t:|1782837374\n|move|p1a: Tauros|Body Slam|p2a: Araquanid\n|-damage|p2a: Araquanid|102/246\n|move|p2a: Araquanid|Sticky Web|p1a: Tauros\n|-sidestart|p1: testbotcif|move: Sticky Web\n|\n|upkeep\n|turn|22\n|inactive|cRisPy BAcON has 120 seconds left.\n|\n|t:|1782837414\n|move|p1a: Tauros|Body Slam|p2a: Araquanid\n|-damage|p2a: Araquanid|0 fnt\n|faint|p2a: Araquanid\n|\n|upkeep\n|\n|t:|1782837427\n|switch|p2a: Dunsparce|Dunsparce, L86, M|312/312\n|turn|23\n|\n|t:|1782837433\n|-terastallize|p1a: Tauros|Ground\n|move|p1a: Tauros|Close Combat|p2a: Dunsparce\n|-supereffective|p2a: Dunsparce\n|-damage|p2a: Dunsparce|146/312\n|-unboost|p1a: Tauros|def|1\n|-unboost|p1a: Tauros|spd|1\n|-damage|p1a: Tauros|200/257|[from] item: Life Orb\n|move|p2a: Dunsparce|Body Slam|p1a: Tauros\n|-damage|p1a: Tauros|88/257\n|\n|upkeep\n|turn|24\n|\n|t:|1782837448\n|switch|p2a: Banette|Banette, L93, M|270/270\n|move|p1a: Tauros|Close Combat|p2a: Banette\n|-immune|p2a: Banette\n|\n|upkeep\n|turn|25\n|\n|t:|1782837461\n|move|p2a: Banette|Shadow Sneak|p1a: Tauros\n|-damage|p1a: Tauros|0 fnt\n|faint|p1a: Tauros\n|-damage|p2a: Banette|243/270|[from] item: Life Orb\n|\n|upkeep\n|\n|t:|1782837462\n|switch|p1a: Archaludon|Archaludon, L78, F|268/268\n|-damage|p1a: Archaludon|252/268|[from] Stealth Rock\n|-activate|p1a: Archaludon|move: Sticky Web\n|-unboost|p1a: Archaludon|spe|1\n|turn|26\n|\n|t:|1782837475\n|move|p2a: Banette|Thunder Wave|p1a: Archaludon\n|-status|p1a: Archaludon|par\n|move|p1a: Archaludon|Flash Cannon|p2a: Banette\n|-damage|p2a: Banette|141/270\n|\n|upkeep\n|turn|27\n|\n|t:|1782837483\n|move|p2a: Banette|Poltergeist|p1a: Archaludon\n|-activate|p1a: Archaludon|move: Poltergeist|Assault Vest\n|-damage|p1a: Archaludon|88/268 par\n|-ability|p1a: Archaludon|Stamina|boost\n|-boost|p1a: Archaludon|def|1\n|-damage|p2a: Banette|114/270|[from] item: Life Orb\n|move|p1a: Archaludon|Flash Cannon|p2a: Banette\n|-damage|p2a: Banette|8/270\n|\n|upkeep\n|turn|28\n|\n|t:|1782837493\n|move|p2a: Banette|Poltergeist|p1a: Archaludon\n|-activate|p1a: Archaludon|move: Poltergeist|Assault Vest\n|-damage|p1a: Archaludon|0 fnt\n|faint|p1a: Archaludon\n|-damage|p2a: Banette|0 fnt|[from] item: Life Orb\n|faint|p2a: Banette\n|\n|win|cRisPy BAcON\n|raw|testbotcif's rating: 1284 &rarr; <strong>1258</strong><br />(-26 for losing)\n|raw|cRisPy BAcON's rating: 1272 &rarr; <strong>1298</strong><br />(+26 for winning)\n", "inputlog": ">version f8ac14003a5f27e1bdc8d8c59608a773c1cb96e5\n>start {\"formatid\":\"gen9randombattle\",\"seed\":\"sodium,e549825f92030d8faeafb5ac1f05b1bb\",\"rated\":\"Rated battle\"}\n>player p1 {\"name\":\"testbotcif\",\"avatar\":\"266\",\"rating\":1284,\"seed\":\"sodium,2c4d6c16d9aedea0c24c9c25a99a1731\"}\n>player p2 {\"name\":\"cRisPy BAcON\",\"avatar\":\"plasmagrunt-gen5bw\",\"rating\":1272,\"seed\":\"sodium,d79b076836ac0673ca0f443397f68465\"}\n>chat \u2606testbotcif|rlhf\n>p1 move toxic\n>p2 move knockoff terastallize\n>p1 move roost\n>p2 move heavyslam\n>p1 move roost\n>p2 move heavyslam\n>p1 move roost\n>p2 move heavyslam\n>p1 move airslash\n>p2 move heavyslam\n>p1 move roost\n>p2 move heavyslam\n>p1 move roost\n>p2 move heavyslam\n>p1 move uturn\n>p2 move heavyslam\n>p1 switch 6\n>p1 move stunspore\n>p2 move heavyslam\n>p1 switch 2\n>p1 move sacredfire\n>p2 switch 4\n>p1 move sacredfire\n>p2 move shoreup\n>p1 switch 4\n>p2 move stealthrock\n>p1 move hurricane\n>p2 switch 4\n>p1 move hypervoice\n>p2 move knockoff\n>p1 move roost\n>p2 move heavyslam\n>p1 move roost\n>p2 move bulletpunch\n>p1 move roost\n>p2 move closecombat\n>p1 switch 6\n>p1 switch 4\n>p1 move sacredfire\n>p2 move knockoff\n>p2 switch 4\n>p1 move sacredfire\n>p2 move earthpower\n>p1 switch 5\n>p1 move throatchop\n>p2 move shoreup\n>p2 switch 5\n>p1 move bodyslam\n>p2 move stickyweb\n>p1 move bodyslam\n>p2 move leechlife\n>p2 switch 6\n>p1 move closecombat terastallize\n>p2 move bodyslam\n>p1 move closecombat\n>p2 switch 2\n>p1 move throatchop\n>p2 move shadowsneak\n>p1 switch 3\n>p1 move flashcannon\n>p2 move thunderwave\n>p1 move flashcannon\n>p2 move poltergeist\n>p1 move flashcannon\n>p2 move poltergeist", "uploadtime": 1782837493, "views": 6, "formatid": "gen9randombattle", "rating": 1258, "private": 0, "password": null, "player_dets": [{"name": "testbotcif", "avatar": "266", "rating": 1284, "seed": "sodium,2c4d6c16d9aedea0c24c9c25a99a1731"}, {"name": "cRisPy BAcON", "avatar": "plasmagrunt-gen5bw", "rating": 1272, "seed": "sodium,d79b076836ac0673ca0f443397f68465"}], "teams_full": [{"Vespiquen": {"name": "Vespiquen", "species": "Vespiquen", "speciesId": "vespiquen", "gender": "F", "shiny": false, "level": 99, "moves": ["toxic", "airslash", "roost", "uturn"], "ability": "Pressure", "evs": {"hp": 85, "atk": 85, "def": 85, "spa": 85, "spd": 85, "spe": 85}, "ivs": {"hp": 31, "atk": 31, "def": 31, "spa": 31, "spd": 31, "spe": 31}, "item": "Heavy-Duty Boots", "teraType": "Steel", "role": "Bulky Support", "bvs": {"hp": 70, "atk": 80, "def": 102, "spa": 80, "spd": 102, "spe": 40}, "stats": {"hp": 299, "atk": 214, "def": 258, "spa": 214, "spd": 258, "spe": 135}, "types": ["Bug", "Flying"]}, "Entei": {"name": "Entei", "species": "Entei", "speciesId": "entei", "gender": "N", "shiny": false, "level": 78, "moves": ["extremespeed", "sacredfire", "stoneedge", "flareblitz"], "ability": "Inner Focus", "evs": {"hp": 85, "atk": 85, "def": 85, "spa": 85, "spd": 85, "spe": 85}, "ivs": {"hp": 31, "atk": 31, "def": 31, "spa": 31, "spd": 31, "spe": 31}, "item": "Choice Band", "teraType": "Fire", "role": "Fast Attacker", "bvs": {"hp": 115, "atk": 115, "def": 85, "spa": 90, "spd": 75, "spe": 100}, "stats": {"hp": 307, "atk": 224, "def": 178, "spa": 185, "spd": 162, "spe": 201}, "types": ["Fire"]}, "Archaludon": {"name": "Archaludon", "species": "Archaludon", "speciesId": "archaludon", "gender": "F", "shiny": false, "level": 78, "moves": ["flashcannon", "bodypress", "thunderbolt", "dracometeor"], "ability": "Stamina", "evs": {"hp": 85, "atk": 0, "def": 85, "spa": 85, "spd": 85, "spe": 85}, "ivs": {"hp": 31, "atk": 0, "def": 31, "spa": 31, "spd": 31, "spe": 31}, "item": "Assault Vest", "teraType": "Fighting", "role": "Bulky Attacker", "bvs": {"hp": 90, "atk": 105, "def": 130, "spa": 125, "spd": 65, "spe": 85}, "stats": {"hp": 268, "atk": 168, "def": 248, "spa": 240, "spd": 146, "spe": 178}, "types": ["Steel", "Dragon"]}, "Noctowl": {"name": "Noctowl", "species": "Noctowl", "speciesId": "noctowl", "gender": "F", "shiny": false, "level": 95, "moves": ["hypervoice", "hurricane", "defog", "roost"], "ability": "Tinted Lens", "evs": {"hp": 85, "atk": 0, "def": 85, "spa": 85, "spd": 85, "spe": 85}, "ivs": {"hp": 31, "atk": 0, "def": 31, "spa": 31, "spd": 31, "spe": 31}, "item": "Heavy-Duty Boots", "teraType": "Ground", "role": "Bulky Attacker", "bvs": {"hp": 100, "atk": 50, "def": 50, "spa": 86, "spd": 96, "spe": 70}, "stats": {"hp": 344, "atk": 100, "def": 149, "spa": 217, "spd": 236, "spe": 187}, "types": ["Normal", "Flying"]}, "Tauros": {"name": "Tauros", "species": "Tauros", "speciesId": "tauros", "gender": "M", "shiny": false, "level": 82, "moves": ["earthquake", "bodyslam", "throatchop", "closecombat"], "ability": "Sheer Force", "evs": {"hp": 85, "atk": 85, "def": 85, "spa": 85, "spd": 85, "spe": 85}, "ivs": {"hp": 31, "atk": 31, "def": 31, "spa": 31, "spd": 31, "spe": 31}, "item": "Life Orb", "teraType": "Ground", "role": "Fast Attacker", "bvs": {"hp": 75, "atk": 100, "def": 95, "spa": 40, "spd": 70, "spe": 110}, "stats": {"hp": 257, "atk": 211, "def": 203, "spa": 113, "spd": 162, "spe": 228}, "types": ["Normal"]}, "Whimsicott": {"name": "Whimsicott", "species": "Whimsicott", "speciesId": "whimsicott", "gender": "F", "shiny": false, "level": 84, "moves": ["moonblast", "uturn", "encore", "stunspore"], "ability": "Prankster", "evs": {"hp": 85, "atk": 85, "def": 85, "spa": 85, "spd": 85, "spe": 85}, "ivs": {"hp": 31, "atk": 31, "def": 31, "spa": 31, "spd": 31, "spe": 31}, "item": "Heavy-Duty Boots", "teraType": "Steel", "role": "Fast Support", "bvs": {"hp": 60, "atk": 67, "def": 85, "spa": 77, "spd": 75, "spe": 116}, "stats": {"hp": 238, "atk": 161, "def": 191, "spa": 178, "spd": 174, "spe": 243}, "types": ["Grass", "Fairy"]}}, {"Hariyama": {"name": "Hariyama", "species": "Hariyama", "speciesId": "hariyama", "gender": "M", "shiny": false, "level": 87, "moves": ["closecombat", "heavyslam", "knockoff", "bulletpunch"], "ability": "Thick Fat", "evs": {"hp": 85, "atk": 85, "def": 85, "spa": 85, "spd": 85, "spe": 85}, "ivs": {"hp": 31, "atk": 31, "def": 31, "spa": 31, "spd": 31, "spe": 31}, "item": "Assault Vest", "teraType": "Steel", "role": "AV Pivot", "bvs": {"hp": 144, "atk": 120, "def": 60, "spa": 40, "spd": 60, "spe": 50}, "stats": {"hp": 392, "atk": 259, "def": 154, "spa": 119, "spd": 154, "spe": 137}, "types": ["Fighting"]}, "Banette": {"name": "Banette", "species": "Banette", "speciesId": "banette", "gender": "M", "shiny": false, "level": 93, "moves": ["gunkshot", "shadowsneak", "thunderwave", "poltergeist"], "ability": "Insomnia", "evs": {"hp": 85, "atk": 85, "def": 85, "spa": 85, "spd": 85, "spe": 85}, "ivs": {"hp": 31, "atk": 31, "def": 31, "spa": 31, "spd": 31, "spe": 31}, "item": "Life Orb", "teraType": "Ghost", "role": "Wallbreaker", "bvs": {"hp": 64, "atk": 115, "def": 65, "spa": 83, "spd": 63, "spe": 65}, "stats": {"hp": 270, "atk": 267, "def": 174, "spa": 207, "spd": 170, "spe": 174}, "types": ["Ghost"]}, "Meowscarada": {"name": "Meowscarada", "species": "Meowscarada", "speciesId": "meowscarada", "gender": "M", "shiny": false, "level": 78, "moves": ["knockoff", "toxicspikes", "flowertrick", "uturn"], "ability": "Protean", "evs": {"hp": 85, "atk": 85, "def": 85, "spa": 85, "spd": 85, "spe": 85}, "ivs": {"hp": 31, "atk": 31, "def": 31, "spa": 31, "spd": 31, "spe": 31}, "item": "Heavy-Duty Boots", "teraType": "Grass", "role": "Fast Support", "bvs": {"hp": 76, "atk": 110, "def": 70, "spa": 81, "spd": 70, "spe": 123}, "stats": {"hp": 247, "atk": 217, "def": 154, "spa": 171, "spd": 154, "spe": 237}, "types": ["Grass", "Dark"]}, "Palossand": {"name": "Palossand", "species": "Palossand", "speciesId": "palossand", "gender": "F", "shiny": false, "level": 89, "moves": ["stealthrock", "shoreup", "earthpower", "shadowball"], "ability": "Water Compaction", "evs": {"hp": 85, "atk": 0, "def": 85, "spa": 85, "spd": 85, "spe": 85}, "ivs": {"hp": 31, "atk": 0, "def": 31, "spa": 31, "spd": 31, "spe": 31}, "item": "Leftovers", "teraType": "Water", "role": "Bulky Support", "bvs": {"hp": 85, "atk": 75, "def": 110, "spa": 100, "spd": 75, "spe": 35}, "stats": {"hp": 296, "atk": 138, "def": 247, "spa": 229, "spd": 184, "spe": 113}, "types": ["Ghost", "Ground"]}, "Araquanid": {"name": "Araquanid", "species": "Araquanid", "speciesId": "araquanid", "gender": "F", "shiny": false, "level": 82, "moves": ["liquidation", "stickyweb", "hydropump", "leechlife"], "ability": "Water Bubble", "evs": {"hp": 85, "atk": 85, "def": 85, "spa": 85, "spd": 85, "spe": 85}, "ivs": {"hp": 31, "atk": 31, "def": 31, "spa": 31, "spd": 31, "spe": 31}, "item": "Heavy-Duty Boots", "teraType": "Ground", "role": "Bulky Attacker", "bvs": {"hp": 68, "atk": 70, "def": 92, "spa": 50, "spd": 132, "spe": 42}, "stats": {"hp": 246, "atk": 162, "def": 198, "spa": 129, "spd": 264, "spe": 116}, "types": ["Water", "Bug"]}, "Dunsparce": {"name": "Dunsparce", "species": "Dunsparce", "speciesId": "dunsparce", "gender": "M", "shiny": false, "level": 86, "moves": ["earthquake", "coil", "bodyslam", "roost"], "ability": "Serene Grace", "evs": {"hp": 85, "atk": 85, "def": 85, "spa": 85, "spd": 85, "spe": 85}, "ivs": {"hp": 31, "atk": 31, "def": 31, "spa": 31, "spd": 31, "spe": 31}, "item": "Eviolite", "teraType": "Ground", "role": "Bulky Setup", "bvs": {"hp": 100, "atk": 70, "def": 70, "spa": 65, "spd": 65, "spe": 45}, "stats": {"hp": 312, "atk": 170, "def": 170, "spa": 161, "spd": 161, "spe": 127}, "types": ["Normal"]}}]}