{"id": "gen9randombattle-2641436153", "format": "[Gen 9] Random Battle", "players": ["RickyTheRiot", "PhonkAnnihilator"], "log": "|j|\u2606RickyTheRiot\n|j|\u2606PhonkAnnihilator\n|t:|1782784501\n|gametype|singles\n|player|p1|RickyTheRiot|170|1029\n|player|p2|PhonkAnnihilator|linebacker|1076\n|gen|9\n|tier|[Gen 9] Random Battle\n|rated|\n|rule|Species Clause: Limit one of each Pok\u00e9mon\n|rule|HP Percentage Mod: HP is shown in percentages\n|rule|Sleep Clause Mod: Limit one foe put to sleep\n|rule|Illusion Level Mod: Illusion disguises the Pok\u00e9mon's true level\n|\n|t:|1782784501\n|teamsize|p1|6\n|teamsize|p2|6\n|start\n|switch|p1a: Decidueye|Decidueye-Hisui, L87, M|295/295\n|switch|p2a: Oinkologne|Oinkologne-F, L92, F|361/361\n|turn|1\n|inactive|Battle timer is ON: inactive players will automatically lose when time's up. (requested by PhonkAnnihilator)\n|\n|t:|1782784516\n|switch|p2a: Pelipper|Pelipper, L86, F|243/243\n|-weather|RainDance|[from] ability: Drizzle|[of] p2a: Pelipper\n|move|p1a: Decidueye|Triple Arrows|p2a: Pelipper\n|-resisted|p2a: Pelipper\n|-damage|p2a: Pelipper|192/243\n|\n|-weather|RainDance|[upkeep]\n|upkeep\n|turn|2\n|\n|t:|1782784535\n|switch|p1a: Komala|Komala, L88, F|258/258\n|-ability|p1a: Komala|Comatose\n|move|p2a: Pelipper|Hurricane|p1a: Komala\n|-damage|p1a: Komala|89/258\n|\n|-weather|RainDance|[upkeep]\n|upkeep\n|turn|3\n|\n|t:|1782784546\n|move|p1a: Komala|Knock Off|p2a: Pelipper\n|-damage|p2a: Pelipper|116/243\n|-enditem|p2a: Pelipper|Choice Specs|[from] move: Knock Off|[of] p1a: Komala\n|move|p2a: Pelipper|Hurricane|p1a: Komala\n|-damage|p1a: Komala|0 fnt\n|faint|p1a: Komala\n|\n|-weather|RainDance|[upkeep]\n|upkeep\n|\n|t:|1782784558\n|switch|p1a: Bronzong|Bronzong, L88|261/261\n|turn|4\n|\n|t:|1782784570\n|switch|p2a: Skarmory|Skarmory, L80, F|235/235\n|move|p1a: Bronzong|Psychic Noise|p2a: Skarmory\n|-resisted|p2a: Skarmory\n|-damage|p2a: Skarmory|186/235\n|-start|p2a: Skarmory|move: Heal Block\n|\n|-weather|RainDance|[upkeep]\n|upkeep\n|turn|5\n|\n|t:|1782784580\n|move|p2a: Skarmory|Spikes|p1a: Bronzong\n|-sidestart|p1: RickyTheRiot|Spikes\n|move|p1a: Bronzong|Iron Defense|p1a: Bronzong\n|-boost|p1a: Bronzong|def|2\n|\n|-weather|none\n|-end|p2a: Skarmory|move: Heal Block\n|upkeep\n|turn|6\n|\n|t:|1782784589\n|move|p2a: Skarmory|Spikes|p1a: Bronzong\n|-sidestart|p1: RickyTheRiot|Spikes\n|move|p1a: Bronzong|Iron Defense|p1a: Bronzong\n|-boost|p1a: Bronzong|def|2\n|\n|-heal|p2a: Skarmory|200/235|[from] item: Leftovers\n|upkeep\n|turn|7\n|\n|t:|1782784596\n|move|p2a: Skarmory|Spikes|p1a: Bronzong\n|-sidestart|p1: RickyTheRiot|Spikes\n|move|p1a: Bronzong|Iron Defense|p1a: Bronzong\n|-boost|p1a: Bronzong|def|2\n|\n|-heal|p2a: Skarmory|214/235|[from] item: Leftovers\n|upkeep\n|turn|8\n|inactive|PhonkAnnihilator has 120 seconds left.\n|inactive|PhonkAnnihilator has 90 seconds left.\n|inactive|PhonkAnnihilator has 60 seconds left.\n|\n|t:|1782784707\n|move|p2a: Skarmory|Roost|p2a: Skarmory\n|-heal|p2a: Skarmory|235/235\n|-singleturn|p2a: Skarmory|move: Roost\n|move|p1a: Bronzong|Body Press|p2a: Skarmory\n|-supereffective|p2a: Skarmory\n|-ability|p2a: Skarmory|Sturdy\n|-damage|p2a: Skarmory|1/235\n|\n|-heal|p2a: Skarmory|15/235|[from] item: Leftovers\n|upkeep\n|turn|9\n|\n|t:|1782784720\n|move|p2a: Skarmory|Body Press|p1a: Bronzong\n|-damage|p1a: Bronzong|246/261\n|move|p1a: Bronzong|Psychic Noise|p2a: Skarmory\n|-resisted|p2a: Skarmory\n|-damage|p2a: Skarmory|0 fnt\n|faint|p2a: Skarmory\n|\n|-heal|p1a: Bronzong|261/261|[from] item: Leftovers\n|upkeep\n|\n|t:|1782784730\n|switch|p2a: Hariyama|Hariyama, L87, M|392/392\n|turn|10\n|\n|t:|1782784743\n|move|p2a: Hariyama|Fake Out|p1a: Bronzong\n|-resisted|p1a: Bronzong\n|-damage|p1a: Bronzong|257/261\n|cant|p1a: Bronzong|flinch\n|\n|-heal|p1a: Bronzong|261/261|[from] item: Leftovers\n|-status|p2a: Hariyama|brn|[from] item: Flame Orb\n|upkeep\n|turn|11\n|\n|t:|1782784752\n|move|p2a: Hariyama|Knock Off|p1a: Bronzong\n|-supereffective|p1a: Bronzong\n|-damage|p1a: Bronzong|215/261\n|-enditem|p1a: Bronzong|Leftovers|[from] move: Knock Off|[of] p2a: Hariyama\n|move|p1a: Bronzong|Body Press|p2a: Hariyama\n|-damage|p2a: Hariyama|40/392 brn\n|\n|-damage|p2a: Hariyama|16/392 brn|[from] brn\n|upkeep\n|turn|12\n|\n|t:|1782784765\n|move|p2a: Hariyama|Close Combat|p1a: Bronzong\n|-damage|p1a: Bronzong|166/261\n|-unboost|p2a: Hariyama|def|1\n|-unboost|p2a: Hariyama|spd|1\n|move|p1a: Bronzong|Body Press|p2a: Hariyama\n|-damage|p2a: Hariyama|0 fnt\n|faint|p2a: Hariyama\n|\n|upkeep\n|\n|t:|1782784769\n|switch|p2a: Girafarig|Girafarig, L89, F|269/269\n|turn|13\n|\n|t:|1782784778\n|move|p2a: Girafarig|Nasty Plot|p2a: Girafarig\n|-boost|p2a: Girafarig|spa|2\n|move|p1a: Bronzong|Body Press|p2a: Girafarig\n|-damage|p2a: Girafarig|44/269\n|\n|upkeep\n|turn|14\n|\n|t:|1782784786\n|move|p2a: Girafarig|Thunderbolt|p1a: Bronzong\n|-damage|p1a: Bronzong|68/261\n|move|p1a: Bronzong|Iron Head|p2a: Girafarig\n|-damage|p2a: Girafarig|0 fnt\n|faint|p2a: Girafarig\n|\n|upkeep\n|\n|t:|1782784791\n|switch|p2a: Pelipper|Pelipper, L86, F|116/243\n|-weather|RainDance|[from] ability: Drizzle|[of] p2a: Pelipper\n|turn|15\n|\n|t:|1782784798\n|move|p2a: Pelipper|Weather Ball|p1a: Bronzong\n|-damage|p1a: Bronzong|0 fnt\n|faint|p1a: Bronzong\n|\n|-weather|RainDance|[upkeep]\n|upkeep\n|\n|t:|1782784806\n|switch|p1a: Drednaw|Drednaw, L81, M|278/278\n|-damage|p1a: Drednaw|209/278|[from] Spikes\n|turn|16\n|\n|t:|1782784812\n|move|p1a: Drednaw|Stone Edge|p2a: Pelipper\n|-supereffective|p2a: Pelipper\n|-damage|p2a: Pelipper|0 fnt\n|faint|p2a: Pelipper\n|\n|-weather|RainDance|[upkeep]\n|upkeep\n|\n|t:|1782784816\n|switch|p2a: Scrafty|Scrafty, L83, F|244/244\n|-ability|p2a: Scrafty|Intimidate|boost\n|-unboost|p1a: Drednaw|atk|1\n|-enditem|p1a: Drednaw|White Herb\n|-clearnegativeboost|p1a: Drednaw|[silent]\n|turn|17\n|inactive|PhonkAnnihilator has 120 seconds left.\n|\n|t:|1782784829\n|move|p1a: Drednaw|Shell Smash|p1a: Drednaw\n|-unboost|p1a: Drednaw|def|1\n|-unboost|p1a: Drednaw|spd|1\n|-boost|p1a: Drednaw|atk|2\n|-boost|p1a: Drednaw|spa|2\n|-boost|p1a: Drednaw|spe|2\n|move|p2a: Scrafty|Dragon Dance|p2a: Scrafty\n|-boost|p2a: Scrafty|atk|1\n|-boost|p2a: Scrafty|spe|1\n|\n|-weather|RainDance|[upkeep]\n|upkeep\n|turn|18\n|\n|t:|1782784839\n|move|p1a: Drednaw|Liquidation|p2a: Scrafty\n|-damage|p2a: Scrafty|0 fnt\n|faint|p2a: Scrafty\n|\n|-weather|RainDance|[upkeep]\n|upkeep\n|-message|PhonkAnnihilator forfeited.\n|\n|win|RickyTheRiot\n|raw|RickyTheRiot's rating: 1029 &rarr; <strong>1069</strong><br />(+40 for winning)\n|raw|PhonkAnnihilator's rating: 1076 &rarr; <strong>1052</strong><br />(-24 for losing)\n|l|\u2606PhonkAnnihilator\n|player|p2|\n", "inputlog": ">version f8ac14003a5f27e1bdc8d8c59608a773c1cb96e5\n>start {\"formatid\":\"gen9randombattle\",\"seed\":\"sodium,9f73185b7880b69c600825a514aa0642\",\"rated\":\"Rated battle\"}\n>player p1 {\"name\":\"RickyTheRiot\",\"avatar\":\"170\",\"rating\":1029,\"seed\":\"sodium,5b64dec1a2a98c9fa83c84a80398c99a\"}\n>player p2 {\"name\":\"PhonkAnnihilator\",\"avatar\":\"linebacker\",\"rating\":1076,\"seed\":\"sodium,6ccc19fcbd5ede39273b7e7cd7fb69d7\"}\n>p1 move triplearrows\n>p2 switch 3\n>p1 switch 6\n>p2 move hurricane\n>p1 move knockoff\n>p2 move hurricane\n>p1 switch 2\n>p1 move psychicnoise\n>p2 switch 4\n>p1 move irondefense\n>p2 move spikes\n>p1 move irondefense\n>p2 move spikes\n>p1 move irondefense\n>p2 move spikes\n>p1 move bodypress\n>p2 move roost\n>p1 move psychicnoise\n>p2 move bodypress\n>p2 switch 5\n>p1 move bodypress\n>p2 move fakeout\n>p1 move bodypress\n>p2 move knockoff\n>p1 move bodypress\n>p2 move closecombat\n>p2 switch 2\n>p1 move bodypress\n>p2 move nastyplot\n>p1 move ironhead\n>p2 move thunderbolt\n>p2 switch 4\n>p1 move psychicnoise\n>p2 move weatherball\n>p1 switch 5\n>p1 move stoneedge\n>p2 move weatherball\n>p2 switch 6\n>p1 move shellsmash\n>p2 move dragondance\n>p1 move liquidation\n>p2 move drainpunch\n>forcelose p2", "uploadtime": 1782784848, "views": 4, "formatid": "gen9randombattle", "rating": 1052, "private": 0, "password": null, "player_dets": [{"name": "RickyTheRiot", "avatar": "170", "rating": 1029, "seed": "sodium,5b64dec1a2a98c9fa83c84a80398c99a"}, {"name": "PhonkAnnihilator", "avatar": "linebacker", "rating": 1076, "seed": "sodium,6ccc19fcbd5ede39273b7e7cd7fb69d7"}], "teams_full": [{"Decidueye": {"name": "Decidueye", "species": "Decidueye-Hisui", "speciesId": "decidueyehisui", "gender": "M", "shiny": false, "level": 87, "moves": ["defog", "leafblade", "roost", "triplearrows"], "ability": "Scrappy", "evs": {"hp": 85, "atk": 85, "def": 85, "spa": 85, "spd": 85, "spe": 85}, "ivs": {"hp": 31, "atk": 31, "def": 31, "spa": 31, "spd": 31, "spe": 31}, "item": "Leftovers", "teraType": "Steel", "role": "Bulky Attacker", "bvs": {"hp": 88, "atk": 112, "def": 80, "spa": 95, "spd": 95, "spe": 60}, "stats": {"hp": 295, "atk": 245, "def": 189, "spa": 215, "spd": 215, "spe": 154}, "types": ["Grass", "Fighting"]}, "Bronzong": {"name": "Bronzong", "species": "Bronzong", "speciesId": "bronzong", "gender": "N", "shiny": false, "level": 88, "moves": ["ironhead", "bodypress", "irondefense", "psychicnoise"], "ability": "Levitate", "evs": {"hp": 85, "atk": 85, "def": 85, "spa": 85, "spd": 85, "spe": 85}, "ivs": {"hp": 31, "atk": 31, "def": 31, "spa": 31, "spd": 31, "spe": 31}, "item": "Leftovers", "teraType": "Fighting", "role": "Bulky Setup", "bvs": {"hp": 67, "atk": 89, "def": 116, "spa": 79, "spd": 116, "spe": 33}, "stats": {"hp": 261, "atk": 207, "def": 254, "spa": 189, "spd": 254, "spe": 108}, "types": ["Steel", "Psychic"]}, "Venomoth": {"name": "Venomoth", "species": "Venomoth", "speciesId": "venomoth", "gender": "M", "shiny": false, "level": 84, "moves": ["sludgewave", "sleeppowder", "quiverdance", "bugbuzz"], "ability": "Tinted Lens", "evs": {"hp": 85, "atk": 0, "def": 85, "spa": 85, "spd": 85, "spe": 85}, "ivs": {"hp": 31, "atk": 0, "def": 31, "spa": 31, "spd": 31, "spe": 31}, "item": "Heavy-Duty Boots", "teraType": "Water", "role": "Setup Sweeper", "bvs": {"hp": 70, "atk": 65, "def": 60, "spa": 90, "spd": 75, "spe": 90}, "stats": {"hp": 255, "atk": 114, "def": 149, "spa": 199, "spd": 174, "spe": 199}, "types": ["Bug", "Poison"]}, "Gardevoir": {"name": "Gardevoir", "species": "Gardevoir", "speciesId": "gardevoir", "gender": "M", "shiny": false, "level": 83, "moves": ["moonblast", "trick", "psyshock", "mysticalfire"], "ability": "Trace", "evs": {"hp": 85, "atk": 0, "def": 85, "spa": 85, "spd": 85, "spe": 85}, "ivs": {"hp": 31, "atk": 0, "def": 31, "spa": 31, "spd": 31, "spe": 31}, "item": "Choice Scarf", "teraType": "Fire", "role": "Fast Attacker", "bvs": {"hp": 68, "atk": 65, "def": 65, "spa": 125, "spd": 115, "spe": 80}, "stats": {"hp": 249, "atk": 112, "def": 156, "spa": 255, "spd": 239, "spe": 180}, "types": ["Psychic", "Fairy"]}, "Drednaw": {"name": "Drednaw", "species": "Drednaw", "speciesId": "drednaw", "gender": "M", "shiny": false, "level": 81, "moves": ["stoneedge", "shellsmash", "liquidation", "crunch"], "ability": "Strong Jaw", "evs": {"hp": 85, "atk": 85, "def": 85, "spa": 85, "spd": 85, "spe": 85}, "ivs": {"hp": 31, "atk": 31, "def": 31, "spa": 31, "spd": 31, "spe": 31}, "item": "White Herb", "teraType": "Dark", "role": "Setup Sweeper", "bvs": {"hp": 90, "atk": 115, "def": 90, "spa": 48, "spd": 68, "spe": 74}, "stats": {"hp": 278, "atk": 233, "def": 192, "spa": 124, "spd": 157, "spe": 167}, "types": ["Water", "Rock"]}, "Komala": {"name": "Komala", "species": "Komala", "speciesId": "komala", "gender": "F", "shiny": false, "level": 88, "moves": ["bodyslam", "earthquake", "knockoff", "uturn"], "ability": "Comatose", "evs": {"hp": 85, "atk": 85, "def": 85, "spa": 85, "spd": 85, "spe": 85}, "ivs": {"hp": 31, "atk": 31, "def": 31, "spa": 31, "spd": 31, "spe": 31}, "item": "Choice Scarf", "teraType": "Ghost", "role": "Bulky Support", "bvs": {"hp": 65, "atk": 115, "def": 65, "spa": 75, "spd": 95, "spe": 65}, "stats": {"hp": 258, "atk": 253, "def": 165, "spa": 182, "spd": 217, "spe": 165}, "types": ["Normal"]}}, {"Oinkologne": {"name": "Oinkologne", "species": "Oinkologne-F", "speciesId": "oinkolognef", "gender": "F", "shiny": false, "level": 92, "moves": ["curse", "sleeptalk", "rest", "bodyslam"], "ability": "Thick Fat", "evs": {"hp": 85, "atk": 85, "def": 85, "spa": 85, "spd": 85, "spe": 85}, "ivs": {"hp": 31, "atk": 31, "def": 31, "spa": 31, "spd": 31, "spe": 31}, "item": "Leftovers", "teraType": "Poison", "role": "Bulky Support", "bvs": {"hp": 115, "atk": 90, "def": 70, "spa": 59, "spd": 90, "spe": 65}, "stats": {"hp": 361, "atk": 218, "def": 181, "spa": 161, "spd": 218, "spe": 172}, "types": ["Normal"]}, "Girafarig": {"name": "Girafarig", "species": "Girafarig", "speciesId": "girafarig", "gender": "F", "shiny": false, "level": 89, "moves": ["psyshock", "hypervoice", "thunderbolt", "nastyplot"], "ability": "Sap Sipper", "evs": {"hp": 85, "atk": 0, "def": 85, "spa": 85, "spd": 85, "spe": 85}, "ivs": {"hp": 31, "atk": 0, "def": 31, "spa": 31, "spd": 31, "spe": 31}, "item": "Eviolite", "teraType": "Normal", "role": "Fast Bulky Setup", "bvs": {"hp": 70, "atk": 80, "def": 65, "spa": 90, "spd": 65, "spe": 85}, "stats": {"hp": 269, "atk": 147, "def": 166, "spa": 211, "spd": 166, "spe": 202}, "types": ["Normal", "Psychic"]}, "Pelipper": {"name": "Pelipper", "species": "Pelipper", "speciesId": "pelipper", "gender": "F", "shiny": false, "level": 86, "moves": ["weatherball", "uturn", "hurricane", "hydropump"], "ability": "Drizzle", "evs": {"hp": 85, "atk": 85, "def": 85, "spa": 85, "spd": 85, "spe": 85}, "ivs": {"hp": 31, "atk": 31, "def": 31, "spa": 31, "spd": 31, "spe": 31}, "item": "Choice Specs", "teraType": "Flying", "role": "Wallbreaker", "bvs": {"hp": 60, "atk": 50, "def": 100, "spa": 95, "spd": 70, "spe": 65}, "stats": {"hp": 243, "atk": 135, "def": 221, "spa": 213, "spd": 170, "spe": 161}, "types": ["Water", "Flying"]}, "Skarmory": {"name": "Skarmory", "species": "Skarmory", "speciesId": "skarmory", "gender": "F", "shiny": false, "level": 80, "moves": ["roost", "bravebird", "bodypress", "spikes"], "ability": "Sturdy", "evs": {"hp": 85, "atk": 85, "def": 85, "spa": 85, "spd": 85, "spe": 85}, "ivs": {"hp": 31, "atk": 31, "def": 31, "spa": 31, "spd": 31, "spe": 31}, "item": "Leftovers", "teraType": "Fighting", "role": "Bulky Attacker", "bvs": {"hp": 65, "atk": 80, "def": 140, "spa": 40, "spd": 70, "spe": 70}, "stats": {"hp": 235, "atk": 174, "def": 270, "spa": 110, "spd": 158, "spe": 158}, "types": ["Steel", "Flying"]}, "Hariyama": {"name": "Hariyama", "species": "Hariyama", "speciesId": "hariyama", "gender": "M", "shiny": false, "level": 87, "moves": ["fakeout", "closecombat", "facade", "knockoff"], "ability": "Guts", "evs": {"hp": 85, "atk": 85, "def": 85, "spa": 85, "spd": 85, "spe": 85}, "ivs": {"hp": 31, "atk": 31, "def": 31, "spa": 31, "spd": 31, "spe": 31}, "item": "Flame Orb", "teraType": "Normal", "role": "Wallbreaker", "bvs": {"hp": 144, "atk": 120, "def": 60, "spa": 40, "spd": 60, "spe": 50}, "stats": {"hp": 392, "atk": 259, "def": 154, "spa": 119, "spd": 154, "spe": 137}, "types": ["Fighting"]}, "Scrafty": {"name": "Scrafty", "species": "Scrafty", "speciesId": "scrafty", "gender": "F", "shiny": false, "level": 83, "moves": ["drainpunch", "dragondance", "poisonjab", "knockoff"], "ability": "Intimidate", "evs": {"hp": 85, "atk": 85, "def": 85, "spa": 85, "spd": 85, "spe": 85}, "ivs": {"hp": 31, "atk": 31, "def": 31, "spa": 31, "spd": 31, "spe": 31}, "item": "Leftovers", "teraType": "Poison", "role": "Bulky Attacker", "bvs": {"hp": 65, "atk": 90, "def": 115, "spa": 45, "spd": 115, "spe": 58}, "stats": {"hp": 244, "atk": 197, "def": 239, "spa": 122, "spd": 239, "spe": 144}, "types": ["Dark", "Fighting"]}}]}