{"id": "gen9randombattle-2641784433", "format": "[Gen 9] Random Battle", "players": ["purplesushi", "Rober_jm"], "log": "|j|\u2606purplesushi\n|j|\u2606Rober_jm\n|t:|1782841556\n|gametype|singles\n|player|p1|purplesushi|cyrus-masters|1993\n|player|p2|Rober_jm|266|1936\n|gen|9\n|tier|[Gen 9] Random Battle\n|rated|\n|rule|Species Clause: Limit one of each Pok\u00e9mon\n|rule|HP Percentage Mod: HP is shown in percentages\n|rule|Sleep Clause Mod: Limit one foe put to sleep\n|rule|Illusion Level Mod: Illusion disguises the Pok\u00e9mon's true level\n|\n|t:|1782841556\n|teamsize|p1|6\n|teamsize|p2|6\n|start\n|switch|p1a: Scizor|Scizor, L79, M|240/240\n|switch|p2a: Chansey|Chansey, L85, F|564/564\n|turn|1\n|\n|t:|1782841565\n|switch|p2a: Lanturn|Lanturn, L89, F|367/367\n|move|p1a: Scizor|Swords Dance|p1a: Scizor\n|-boost|p1a: Scizor|atk|2\n|\n|upkeep\n|turn|2\n|inactive|Battle timer is ON: inactive players will automatically lose when time's up. (requested by Rober_jm)\n|\n|t:|1782841571\n|move|p2a: Lanturn|Thunder Wave|p1a: Scizor\n|-status|p1a: Scizor|par\n|cant|p1a: Scizor|par\n|\n|upkeep\n|turn|3\n|\n|t:|1782841575\n|move|p2a: Lanturn|Thunderbolt|p1a: Scizor\n|-damage|p1a: Scizor|138/240 par\n|move|p1a: Scizor|Bug Bite|p2a: Lanturn\n|-damage|p2a: Lanturn|7/367\n|-damage|p1a: Scizor|114/240 par|[from] item: Life Orb\n|\n|upkeep\n|turn|4\n|\n|t:|1782841582\n|move|p1a: Scizor|Bullet Punch|p2a: Lanturn\n|-resisted|p2a: Lanturn\n|-damage|p2a: Lanturn|0 fnt\n|faint|p2a: Lanturn\n|-damage|p1a: Scizor|90/240 par|[from] item: Life Orb\n|\n|upkeep\n|\n|t:|1782841590\n|switch|p2a: Wyrdeer|Wyrdeer, L87, M|321/321\n|-ability|p2a: Wyrdeer|Intimidate|boost\n|-unboost|p1a: Scizor|atk|1\n|turn|5\n|\n|t:|1782841596\n|move|p2a: Wyrdeer|Earthquake|p1a: Scizor\n|-damage|p1a: Scizor|12/240 par\n|cant|p1a: Scizor|par\n|\n|upkeep\n|turn|6\n|\n|t:|1782841602\n|move|p1a: Scizor|Bullet Punch|p2a: Wyrdeer\n|-damage|p2a: Wyrdeer|152/321\n|-damage|p1a: Scizor|0 fnt|[from] item: Life Orb\n|faint|p1a: Scizor\n|move|p2a: Wyrdeer|Earthquake|p1: Scizor|[notarget]\n|-fail|p2a: Wyrdeer\n|\n|-heal|p2a: Wyrdeer|172/321|[from] item: Leftovers\n|upkeep\n|\n|t:|1782841610\n|switch|p1a: Furret|Furret, L94, F|312/312\n|-item|p2a: Wyrdeer|Leftovers|[from] ability: Frisk|[of] p1a: Furret\n|turn|7\n|\n|t:|1782841613\n|move|p1a: Furret|U-turn|p2a: Wyrdeer\n|-supereffective|p2a: Wyrdeer\n|-damage|p2a: Wyrdeer|4/321\n|\n|t:|1782841617\n|switch|p1a: Torterra|Torterra, L78, M|276/276|[from] U-turn\n|move|p2a: Wyrdeer|Thunder Wave|p1a: Torterra\n|-immune|p1a: Torterra\n|\n|-heal|p2a: Wyrdeer|24/321|[from] item: Leftovers\n|upkeep\n|turn|8\n|\n|t:|1782841626\n|move|p2a: Wyrdeer|Megahorn|p1a: Torterra\n|-supereffective|p1a: Torterra\n|-damage|p1a: Torterra|86/276\n|move|p1a: Torterra|Shell Smash|p1a: Torterra\n|-unboost|p1a: Torterra|def|1\n|-unboost|p1a: Torterra|spd|1\n|-boost|p1a: Torterra|atk|2\n|-boost|p1a: Torterra|spa|2\n|-boost|p1a: Torterra|spe|2\n|\n|-heal|p2a: Wyrdeer|44/321|[from] item: Leftovers\n|upkeep\n|turn|9\n|\n|t:|1782841631\n|move|p1a: Torterra|Bullet Seed|p2a: Wyrdeer\n|-damage|p2a: Wyrdeer|0 fnt\n|faint|p2a: Wyrdeer\n|-hitcount|p2: Wyrdeer|1\n|\n|upkeep\n|\n|t:|1782841633\n|switch|p2a: Appletun|Appletun, L92, F|352/352\n|turn|10\n|\n|t:|1782841637\n|move|p1a: Torterra|Rock Blast|p2a: Appletun\n|-damage|p2a: Appletun|315/352\n|-damage|p2a: Appletun|280/352\n|-damage|p2a: Appletun|246/352\n|-damage|p2a: Appletun|215/352\n|-hitcount|p2a: Appletun|4\n|move|p2a: Appletun|Apple Acid|p1a: Torterra\n|-damage|p1a: Torterra|0 fnt\n|faint|p1a: Torterra\n|\n|-heal|p2a: Appletun|237/352|[from] item: Leftovers\n|upkeep\n|\n|t:|1782841645\n|switch|p1a: Koraidon|Koraidon, L64|235/235\n|-weather|SunnyDay|[from] ability: Orichalcum Pulse|[of] p1a: Koraidon\n|-activate|p1a: Koraidon|Orichalcum Pulse|[source]\n|turn|11\n|\n|t:|1782841654\n|-terastallize|p2a: Appletun|Steel\n|move|p1a: Koraidon|Outrage|p2a: Appletun\n|-resisted|p2a: Appletun\n|-damage|p2a: Appletun|144/352\n|move|p2a: Appletun|Draco Meteor|p1a: Koraidon\n|-supereffective|p1a: Koraidon\n|-damage|p1a: Koraidon|0 fnt\n|-unboost|p2a: Appletun|spa|2\n|faint|p1a: Koraidon\n|\n|-weather|SunnyDay|[upkeep]\n|-heal|p2a: Appletun|166/352|[from] item: Leftovers\n|upkeep\n|\n|t:|1782841664\n|switch|p1a: Deoxys|Deoxys-Attack, L72|191/191\n|-ability|p1a: Deoxys|Pressure\n|turn|12\n|\n|t:|1782841669\n|move|p1a: Deoxys|Superpower|p2a: Appletun\n|-supereffective|p2a: Appletun\n|-damage|p2a: Appletun|0 fnt\n|-unboost|p1a: Deoxys|atk|1\n|-unboost|p1a: Deoxys|def|1\n|faint|p2a: Appletun\n|-damage|p1a: Deoxys|172/191|[from] item: Life Orb\n|\n|-weather|SunnyDay|[upkeep]\n|upkeep\n|\n|t:|1782841674\n|switch|p2a: Darkrai|Darkrai, L77|234/234\n|turn|13\n|\n|t:|1782841682\n|switch|p1a: Furret|Furret, L94, F|312/312\n|-item|p2a: Darkrai|Leftovers|[from] ability: Frisk|[of] p1a: Furret\n|move|p2a: Darkrai|Dark Pulse|p1a: Furret\n|-crit|p1a: Furret\n|-damage|p1a: Furret|132/312\n|\n|-weather|SunnyDay|[upkeep]\n|upkeep\n|turn|14\n|\n|t:|1782841693\n|switch|p2a: Granbull|Granbull, L88, M|302/302\n|-ability|p2a: Granbull|Intimidate|boost\n|-unboost|p1a: Furret|atk|1\n|move|p1a: Furret|U-turn|p2a: Granbull\n|-resisted|p2a: Granbull\n|-damage|p2a: Granbull|273/302\n|\n|t:|1782841701\n|switch|p1a: Deoxys|Deoxys-Attack, L72|172/191|[from] U-turn\n|-ability|p1a: Deoxys|Pressure\n|\n|-weather|SunnyDay|[upkeep]\n|-heal|p2a: Granbull|291/302|[from] item: Leftovers\n|upkeep\n|turn|15\n|\n|t:|1782841703\n|move|p1a: Deoxys|Psycho Boost|p2a: Granbull\n|-damage|p2a: Granbull|0 fnt\n|-unboost|p1a: Deoxys|spa|2\n|faint|p2a: Granbull\n|-damage|p1a: Deoxys|153/191|[from] item: Life Orb\n|\n|-weather|none\n|upkeep\n|\n|t:|1782841709\n|switch|p2a: Darkrai|Darkrai, L77|234/234\n|turn|16\n|\n|t:|1782841711\n|move|p1a: Deoxys|Superpower|p2a: Darkrai\n|-supereffective|p2a: Darkrai\n|-damage|p2a: Darkrai|0 fnt\n|-unboost|p1a: Deoxys|atk|1\n|-unboost|p1a: Deoxys|def|1\n|faint|p2a: Darkrai\n|-damage|p1a: Deoxys|134/191|[from] item: Life Orb\n|\n|upkeep\n|\n|t:|1782841714\n|switch|p2a: Chansey|Chansey, L85, F|564/564\n|turn|17\n|\n|t:|1782841720\n|move|p1a: Deoxys|Knock Off|p2a: Chansey\n|-damage|p2a: Chansey|405/564\n|-enditem|p2a: Chansey|Eviolite|[from] move: Knock Off|[of] p1a: Deoxys\n|-damage|p1a: Deoxys|115/191|[from] item: Life Orb\n|move|p2a: Chansey|Thunder Wave|p1a: Deoxys\n|-status|p1a: Deoxys|par\n|\n|upkeep\n|turn|18\n|-message|Rober_jm forfeited.\n|\n|win|purplesushi\n|raw|purplesushi's rating: 1993 &rarr; <strong>2010</strong><br />(+17 for winning)\n|raw|Rober_jm's rating: 1936 &rarr; <strong>1919</strong><br />(-17 for losing)\n", "inputlog": ">version f8ac14003a5f27e1bdc8d8c59608a773c1cb96e5\n>start {\"formatid\":\"gen9randombattle\",\"seed\":\"sodium,2e6b3f7d55c96e78207514fdda021ce4\",\"rated\":\"Rated battle\"}\n>player p1 {\"name\":\"purplesushi\",\"avatar\":\"cyrus-masters\",\"rating\":1993,\"seed\":\"sodium,b0f66176bf44eb8b5f1531e7cce584ae\"}\n>player p2 {\"name\":\"Rober_jm\",\"avatar\":\"266\",\"rating\":1936,\"seed\":\"sodium,8a6064c854caafb0fe59d20bd25d6269\"}\n>p1 move swordsdance\n>p2 switch 3\n>p1 move bugbite\n>p2 move thunderwave\n>p1 move bugbite\n>p2 move thunderbolt\n>p1 move bulletpunch\n>p2 move thunderbolt\n>p2 switch 6\n>p1 move bugbite\n>p2 move earthquake\n>p1 move bulletpunch\n>p2 move earthquake\n>p1 switch 3\n>p1 move uturn\n>p2 move thunderwave\n>p1 switch 6\n>p1 move shellsmash\n>p2 move megahorn\n>p1 move bulletseed\n>p2 move psychicnoise\n>p2 switch 5\n>p1 move rockblast\n>p2 move appleacid\n>p1 switch 4\n>p1 move outrage\n>p2 move dracometeor terastallize\n>p1 switch 5\n>p1 move superpower\n>p2 move dracometeor\n>p2 switch 2\n>p1 switch 6\n>p2 move darkpulse\n>p1 move uturn\n>p2 switch 4\n>p1 switch 6\n>p1 move psychoboost\n>p2 move thunderwave\n>p2 switch 4\n>p1 move superpower\n>p2 move darkpulse\n>p2 switch 3\n>p1 move knockoff\n>p2 move thunderwave\n>forcelose p2", "uploadtime": 1782841720, "views": 5, "formatid": "gen9randombattle", "rating": 1919, "private": 0, "password": null, "player_dets": [{"name": "purplesushi", "avatar": "cyrus-masters", "rating": 1993, "seed": "sodium,b0f66176bf44eb8b5f1531e7cce584ae"}, {"name": "Rober_jm", "avatar": "266", "rating": 1936, "seed": "sodium,8a6064c854caafb0fe59d20bd25d6269"}], "teams_full": [{"Scizor": {"name": "Scizor", "species": "Scizor", "speciesId": "scizor", "gender": "M", "shiny": false, "level": 79, "moves": ["bugbite", "swordsdance", "closecombat", "bulletpunch"], "ability": "Technician", "evs": {"hp": 85, "atk": 85, "def": 85, "spa": 85, "spd": 85, "spe": 85}, "ivs": {"hp": 31, "atk": 31, "def": 31, "spa": 31, "spd": 31, "spe": 31}, "item": "Life Orb", "teraType": "Steel", "role": "Setup Sweeper", "bvs": {"hp": 70, "atk": 130, "def": 100, "spa": 55, "spd": 80, "spe": 65}, "stats": {"hp": 240, "atk": 251, "def": 204, "spa": 132, "spd": 172, "spe": 148}, "types": ["Bug", "Steel"]}, "Eiscue": {"name": "Eiscue", "species": "Eiscue", "speciesId": "eiscue", "gender": "F", "shiny": false, "level": 88, "moves": ["terablast", "icespinner", "liquidation", "bellydrum"], "ability": "Ice Face", "evs": {"hp": 81, "atk": 85, "def": 85, "spa": 85, "spd": 85, "spe": 85}, "ivs": {"hp": 31, "atk": 31, "def": 31, "spa": 31, "spd": 31, "spe": 31}, "item": "Sitrus Berry", "teraType": "Ground", "role": "Tera Blast user", "bvs": {"hp": 75, "atk": 80, "def": 110, "spa": 65, "spd": 90, "spe": 50}, "stats": {"hp": 274, "atk": 191, "def": 244, "spa": 165, "spd": 209, "spe": 138}, "types": ["Ice"]}, "Furret": {"name": "Furret", "species": "Furret", "speciesId": "furret", "gender": "F", "shiny": false, "level": 94, "moves": ["doubleedge", "uturn", "trick", "knockoff"], "ability": "Frisk", "evs": {"hp": 85, "atk": 85, "def": 85, "spa": 85, "spd": 85, "spe": 85}, "ivs": {"hp": 31, "atk": 31, "def": 31, "spa": 31, "spd": 31, "spe": 31}, "item": "Choice Band", "teraType": "Normal", "role": "Wallbreaker", "bvs": {"hp": 85, "atk": 76, "def": 64, "spa": 45, "spd": 55, "spe": 90}, "stats": {"hp": 312, "atk": 196, "def": 174, "spa": 138, "spd": 157, "spe": 223}, "types": ["Normal"]}, "Koraidon": {"name": "Koraidon", "species": "Koraidon", "speciesId": "koraidon", "gender": "N", "shiny": false, "level": 64, "moves": ["outrage", "uturn", "flareblitz", "closecombat"], "ability": "Orichalcum Pulse", "evs": {"hp": 85, "atk": 85, "def": 85, "spa": 85, "spd": 85, "spe": 85}, "ivs": {"hp": 31, "atk": 31, "def": 31, "spa": 31, "spd": 31, "spe": 31}, "item": "Choice Band", "teraType": "Fire", "role": "Fast Attacker", "bvs": {"hp": 100, "atk": 135, "def": 115, "spa": 85, "spd": 100, "spe": 135}, "stats": {"hp": 235, "atk": 211, "def": 185, "spa": 147, "spd": 166, "spe": 211}, "types": ["Fighting", "Dragon"]}, "Deoxys": {"name": "Deoxys", "species": "Deoxys-Attack", "speciesId": "deoxysattack", "gender": "N", "shiny": false, "level": 72, "moves": ["psychoboost", "knockoff", "icebeam", "superpower"], "ability": "Pressure", "evs": {"hp": 85, "atk": 85, "def": 85, "spa": 85, "spd": 85, "spe": 85}, "ivs": {"hp": 31, "atk": 31, "def": 31, "spa": 31, "spd": 31, "spe": 31}, "item": "Life Orb", "teraType": "Psychic", "role": "Wallbreaker", "bvs": {"hp": 50, "atk": 180, "def": 20, "spa": 180, "spd": 20, "spe": 150}, "stats": {"hp": 191, "atk": 301, "def": 71, "spa": 301, "spd": 71, "spe": 258}, "types": ["Psychic"]}, "Torterra": {"name": "Torterra", "species": "Torterra", "speciesId": "torterra", "gender": "M", "shiny": false, "level": 78, "moves": ["rockblast", "bulletseed", "shellsmash", "headlongrush"], "ability": "Overgrow", "evs": {"hp": 85, "atk": 85, "def": 85, "spa": 85, "spd": 85, "spe": 85}, "ivs": {"hp": 31, "atk": 31, "def": 31, "spa": 31, "spd": 31, "spe": 31}, "item": "Loaded Dice", "teraType": "Grass", "role": "Setup Sweeper", "bvs": {"hp": 95, "atk": 109, "def": 105, "spa": 75, "spd": 85, "spe": 56}, "stats": {"hp": 276, "atk": 215, "def": 209, "spa": 162, "spd": 178, "spe": 132}, "types": ["Grass", "Ground"]}}, {"Chansey": {"name": "Chansey", "species": "Chansey", "speciesId": "chansey", "gender": "F", "shiny": false, "level": 85, "moves": ["healbell", "seismictoss", "thunderwave", "softboiled"], "ability": "Natural Cure", "evs": {"hp": 85, "atk": 0, "def": 85, "spa": 85, "spd": 85, "spe": 85}, "ivs": {"hp": 31, "atk": 0, "def": 31, "spa": 31, "spd": 31, "spe": 31}, "item": "Eviolite", "teraType": "Ghost", "role": "Bulky Support", "bvs": {"hp": 250, "atk": 5, "def": 5, "spa": 35, "spd": 105, "spe": 50}, "stats": {"hp": 564, "atk": 13, "def": 57, "spa": 108, "spd": 227, "spe": 134}, "types": ["Normal"]}, "Darkrai": {"name": "Darkrai", "species": "Darkrai", "speciesId": "darkrai", "gender": "N", "shiny": false, "level": 77, "moves": ["substitute", "nastyplot", "sludgebomb", "darkpulse"], "ability": "Bad Dreams", "evs": {"hp": 85, "atk": 0, "def": 85, "spa": 85, "spd": 85, "spe": 85}, "ivs": {"hp": 31, "atk": 0, "def": 31, "spa": 31, "spd": 31, "spe": 31}, "item": "Leftovers", "teraType": "Poison", "role": "Setup Sweeper", "bvs": {"hp": 70, "atk": 90, "def": 90, "spa": 135, "spd": 90, "spe": 125}, "stats": {"hp": 234, "atk": 143, "def": 183, "spa": 252, "spd": 183, "spe": 237}, "types": ["Dark"]}, "Lanturn": {"name": "Lanturn", "species": "Lanturn", "speciesId": "lanturn", "gender": "F", "shiny": false, "level": 89, "moves": ["scald", "thunderbolt", "thunderwave", "voltswitch"], "ability": "Volt Absorb", "evs": {"hp": 85, "atk": 0, "def": 85, "spa": 85, "spd": 85, "spe": 85}, "ivs": {"hp": 31, "atk": 0, "def": 31, "spa": 31, "spd": 31, "spe": 31}, "item": "Heavy-Duty Boots", "teraType": "Flying", "role": "Fast Support", "bvs": {"hp": 125, "atk": 58, "def": 58, "spa": 76, "spd": 76, "spe": 67}, "stats": {"hp": 367, "atk": 108, "def": 154, "spa": 186, "spd": 186, "spe": 170}, "types": ["Water", "Electric"]}, "Granbull": {"name": "Granbull", "species": "Granbull", "speciesId": "granbull", "gender": "M", "shiny": false, "level": 88, "moves": ["thunderwave", "playrough", "roar", "earthquake"], "ability": "Intimidate", "evs": {"hp": 85, "atk": 85, "def": 85, "spa": 85, "spd": 85, "spe": 85}, "ivs": {"hp": 31, "atk": 31, "def": 31, "spa": 31, "spd": 31, "spe": 31}, "item": "Leftovers", "teraType": "Ground", "role": "Bulky Support", "bvs": {"hp": 90, "atk": 120, "def": 75, "spa": 60, "spd": 60, "spe": 45}, "stats": {"hp": 302, "atk": 261, "def": 182, "spa": 156, "spd": 156, "spe": 129}, "types": ["Fairy"]}, "Appletun": {"name": "Appletun", "species": "Appletun", "speciesId": "appletun", "gender": "F", "shiny": false, "level": 92, "moves": ["appleacid", "dracometeor", "leechseed", "recover"], "ability": "Thick Fat", "evs": {"hp": 85, "atk": 0, "def": 85, "spa": 85, "spd": 85, "spe": 85}, "ivs": {"hp": 31, "atk": 0, "def": 31, "spa": 31, "spd": 31, "spe": 31}, "item": "Leftovers", "teraType": "Steel", "role": "Bulky Attacker", "bvs": {"hp": 110, "atk": 85, "def": 80, "spa": 100, "spd": 80, "spe": 30}, "stats": {"hp": 352, "atk": 161, "def": 200, "spa": 236, "spd": 200, "spe": 108}, "types": ["Grass", "Dragon"]}, "Wyrdeer": {"name": "Wyrdeer", "species": "Wyrdeer", "speciesId": "wyrdeer", "gender": "M", "shiny": false, "level": 87, "moves": ["thunderwave", "megahorn", "psychicnoise", "earthquake"], "ability": "Intimidate", "evs": {"hp": 85, "atk": 85, "def": 85, "spa": 85, "spd": 85, "spe": 85}, "ivs": {"hp": 31, "atk": 31, "def": 31, "spa": 31, "spd": 31, "spe": 31}, "item": "Leftovers", "teraType": "Ground", "role": "Bulky Attacker", "bvs": {"hp": 103, "atk": 105, "def": 72, "spa": 105, "spd": 75, "spe": 65}, "stats": {"hp": 321, "atk": 232, "def": 175, "spa": 232, "spd": 180, "spe": 163}, "types": ["Normal", "Psychic"]}}]}