{"id": "gen9randombattle-2641793314", "format": "[Gen 9] Random Battle", "players": ["Mr. Mt. Mooner", "BajayBing"], "log": "|j|\u2606Mr. Mt. Mooner\n|j|\u2606BajayBing\n|t:|1782842584\n|gametype|singles\n|player|p1|Mr. Mt. Mooner|bruno|1258\n|player|p2|BajayBing|red|1242\n|gen|9\n|tier|[Gen 9] Random Battle\n|rated|\n|rule|Species Clause: Limit one of each Pok\u00e9mon\n|rule|HP Percentage Mod: HP is shown in percentages\n|rule|Sleep Clause Mod: Limit one foe put to sleep\n|rule|Illusion Level Mod: Illusion disguises the Pok\u00e9mon's true level\n|\n|t:|1782842584\n|teamsize|p1|6\n|teamsize|p2|6\n|start\n|switch|p1a: Ninetales|Ninetales-Alola, L78, F|242/242\n|switch|p2a: Armarouge|Armarouge, L80, M|267/267\n|-weather|Snowscape|[from] ability: Snow Warning|[of] p1a: Ninetales\n|turn|1\n|inactive|Battle timer is ON: inactive players will automatically lose when time's up. (requested by Mr. Mt. Mooner)\n|\n|t:|1782842615\n|switch|p1a: Quagsire|Quagsire, L84, M|297/297\n|move|p2a: Armarouge|Meteor Beam||[still]\n|-prepare|p2a: Armarouge|Meteor Beam\n|-boost|p2a: Armarouge|spa|1\n|-enditem|p2a: Armarouge|Power Herb\n|-anim|p2a: Armarouge|Meteor Beam|p1a: Quagsire\n|-resisted|p1a: Quagsire\n|-damage|p1a: Quagsire|235/297\n|\n|-weather|Snowscape|[upkeep]\n|-heal|p1a: Quagsire|253/297|[from] item: Leftovers\n|upkeep\n|turn|2\n|\n|t:|1782842639\n|-terastallize|p1a: Quagsire|Steel\n|move|p2a: Armarouge|Energy Ball|p1a: Quagsire\n|-resisted|p1a: Quagsire\n|-damage|p1a: Quagsire|207/297\n|move|p1a: Quagsire|Earthquake|p2a: Armarouge\n|-supereffective|p2a: Armarouge\n|-crit|p2a: Armarouge\n|-damage|p2a: Armarouge|0 fnt\n|faint|p2a: Armarouge\n|\n|-weather|Snowscape|[upkeep]\n|-heal|p1a: Quagsire|225/297|[from] item: Leftovers\n|upkeep\n|c|\u2606BajayBing|well played\n|inactive|BajayBing has 120 seconds left.\n|\n|t:|1782842666\n|switch|p2a: Spiritomb|Spiritomb, L89, F|234/234\n|turn|3\n|inactive|BajayBing has 120 seconds left.\n|\n|t:|1782842678\n|move|p2a: Spiritomb|Poltergeist|p1a: Quagsire\n|-activate|p1a: Quagsire|move: Poltergeist|Leftovers\n|-damage|p1a: Quagsire|93/297\n|move|p1a: Quagsire|Toxic|p2a: Spiritomb\n|-status|p2a: Spiritomb|tox\n|\n|-weather|Snowscape|[upkeep]\n|-heal|p1a: Quagsire|111/297|[from] item: Leftovers\n|-damage|p2a: Spiritomb|220/234 tox|[from] psn\n|upkeep\n|turn|4\n|inactive|BajayBing has 120 seconds left.\n|\n|t:|1782842699\n|switch|p1a: Cacturne|Cacturne, L92, M|278/278\n|move|p2a: Spiritomb|Poltergeist|p1a: Cacturne\n|-activate|p1a: Cacturne|move: Poltergeist|Life Orb\n|-resisted|p1a: Cacturne\n|-damage|p1a: Cacturne|208/278\n|\n|-weather|Snowscape|[upkeep]\n|-heal|p2a: Spiritomb|234/234 tox|[from] item: Leftovers\n|-damage|p2a: Spiritomb|206/234 tox|[from] psn\n|upkeep\n|turn|5\n|inactive|BajayBing has 120 seconds left.\n|\n|t:|1782842716\n|move|p1a: Cacturne|Toxic Spikes|p2a: Spiritomb\n|-sidestart|p2: BajayBing|move: Toxic Spikes\n|move|p2a: Spiritomb|Toxic|p1a: Cacturne\n|-status|p1a: Cacturne|tox\n|\n|-weather|none\n|-heal|p2a: Spiritomb|220/234 tox|[from] item: Leftovers\n|-damage|p1a: Cacturne|191/278 tox|[from] psn\n|-damage|p2a: Spiritomb|178/234 tox|[from] psn\n|upkeep\n|turn|6\n|inactive|BajayBing has 120 seconds left.\n|\n|t:|1782842729\n|switch|p2a: Masquerain|Masquerain, L87, F|264/264\n|-ability|p2a: Masquerain|Intimidate|boost\n|-unboost|p1a: Cacturne|atk|1\n|move|p1a: Cacturne|Toxic Spikes|p2a: Masquerain\n|-sidestart|p2: BajayBing|move: Toxic Spikes\n|\n|-damage|p1a: Cacturne|157/278 tox|[from] psn\n|upkeep\n|turn|7\n|inactive|BajayBing has 120 seconds left.\n|\n|t:|1782842741\n|move|p2a: Masquerain|Sticky Web|p1a: Cacturne\n|-sidestart|p1: Mr. Mt. Mooner|move: Sticky Web\n|move|p1a: Cacturne|Knock Off|p2a: Masquerain\n|-damage|p2a: Masquerain|115/264\n|-enditem|p2a: Masquerain|Heavy-Duty Boots|[from] move: Knock Off|[of] p1a: Cacturne\n|-damage|p1a: Cacturne|130/278 tox|[from] item: Life Orb\n|\n|-damage|p1a: Cacturne|79/278 tox|[from] psn\n|upkeep\n|turn|8\n|inactive|BajayBing has 120 seconds left.\n|\n|t:|1782842751\n|move|p2a: Masquerain|Bug Buzz|p1a: Cacturne\n|-supereffective|p1a: Cacturne\n|-damage|p1a: Cacturne|0 fnt\n|faint|p1a: Cacturne\n|\n|upkeep\n|inactive|Mr. Mt. Mooner has 120 seconds left.\n|\n|t:|1782842769\n|switch|p1a: Quagsire|Quagsire, L84, M, tera:Steel|111/297\n|-activate|p1a: Quagsire|move: Sticky Web\n|-unboost|p1a: Quagsire|spe|1\n|turn|9\n|\n|t:|1782842777\n|move|p2a: Masquerain|Stun Spore|p1a: Quagsire\n|-status|p1a: Quagsire|par\n|move|p1a: Quagsire|Recover|p1a: Quagsire\n|-heal|p1a: Quagsire|260/297 par\n|\n|-heal|p1a: Quagsire|278/297 par|[from] item: Leftovers\n|upkeep\n|turn|10\n|\n|t:|1782842790\n|move|p2a: Masquerain|Hurricane|p1a: Quagsire\n|-resisted|p1a: Quagsire\n|-damage|p1a: Quagsire|195/297 par\n|cant|p1a: Quagsire|par\n|\n|-heal|p1a: Quagsire|213/297 par|[from] item: Leftovers\n|upkeep\n|turn|11\n|\n|t:|1782842798\n|move|p2a: Masquerain|Hurricane|p1a: Quagsire\n|-resisted|p1a: Quagsire\n|-damage|p1a: Quagsire|131/297 par\n|move|p1a: Quagsire|Toxic|p2a: Masquerain\n|-status|p2a: Masquerain|tox\n|\n|-heal|p1a: Quagsire|149/297 par|[from] item: Leftovers\n|-damage|p2a: Masquerain|99/264 tox|[from] psn\n|upkeep\n|turn|12\n|\n|t:|1782842808\n|move|p2a: Masquerain|Hurricane|p1a: Quagsire|[miss]\n|-miss|p2a: Masquerain|p1a: Quagsire\n|move|p1a: Quagsire|Recover|p1a: Quagsire\n|-heal|p1a: Quagsire|297/297 par\n|\n|-damage|p2a: Masquerain|67/264 tox|[from] psn\n|upkeep\n|turn|13\n|\n|t:|1782842820\n|move|p2a: Masquerain|Hurricane|p1a: Quagsire\n|-resisted|p1a: Quagsire\n|-damage|p1a: Quagsire|215/297 par\n|move|p1a: Quagsire|Spikes|p2a: Masquerain\n|-sidestart|p2: BajayBing|Spikes\n|\n|-heal|p1a: Quagsire|233/297 par|[from] item: Leftovers\n|-damage|p2a: Masquerain|19/264 tox|[from] psn\n|upkeep\n|turn|14\n|\n|t:|1782842829\n|move|p2a: Masquerain|Hurricane|p1a: Quagsire\n|-resisted|p1a: Quagsire\n|-damage|p1a: Quagsire|149/297 par\n|-start|p1a: Quagsire|confusion\n|-activate|p1a: Quagsire|confusion\n|move|p1a: Quagsire|Spikes|p2a: Masquerain\n|-sidestart|p2: BajayBing|Spikes\n|\n|-heal|p1a: Quagsire|167/297 par|[from] item: Leftovers\n|-damage|p2a: Masquerain|0 fnt|[from] psn\n|faint|p2a: Masquerain\n|upkeep\n|\n|t:|1782842851\n|switch|p2a: Spiritomb|Spiritomb, L89, F|178/234 tox\n|-damage|p2a: Spiritomb|139/234 tox|[from] Spikes\n|turn|15\n|\n|t:|1782842858\n|-terastallize|p2a: Spiritomb|Poison\n|move|p2a: Spiritomb|Pain Split|p1a: Quagsire\n|-sethp|p1a: Quagsire|153/297 par|[from] move: Pain Split|[silent]\n|-sethp|p2a: Spiritomb|153/234 tox|[from] move: Pain Split\n|-end|p1a: Quagsire|confusion\n|move|p1a: Quagsire|Recover|p1a: Quagsire\n|-heal|p1a: Quagsire|297/297 par\n|\n|-heal|p2a: Spiritomb|167/234 tox|[from] item: Leftovers\n|-damage|p2a: Spiritomb|153/234 tox|[from] psn\n|upkeep\n|turn|16\n|\n|t:|1782842872\n|move|p2a: Spiritomb|Pain Split|p1a: Quagsire\n|-sethp|p1a: Quagsire|225/297 par|[from] move: Pain Split|[silent]\n|-sethp|p2a: Spiritomb|225/234 tox|[from] move: Pain Split\n|move|p1a: Quagsire|Earthquake|p2a: Spiritomb\n|-supereffective|p2a: Spiritomb\n|-crit|p2a: Spiritomb\n|-damage|p2a: Spiritomb|0 fnt\n|faint|p2a: Spiritomb\n|\n|-heal|p1a: Quagsire|243/297 par|[from] item: Leftovers\n|upkeep\n|\n|t:|1782842880\n|switch|p2a: Krookodile|Krookodile, L79, F|280/280\n|-status|p2a: Krookodile|tox\n|-damage|p2a: Krookodile|234/280 tox|[from] Spikes\n|-ability|p2a: Krookodile|Intimidate|boost\n|-unboost|p1a: Quagsire|atk|1\n|turn|17\n|\n|t:|1782842891\n|switch|p1a: Swanna|Swanna, L89, M|278/278\n|move|p2a: Krookodile|Earthquake|p1a: Swanna\n|-immune|p1a: Swanna\n|\n|-damage|p2a: Krookodile|217/280 tox|[from] psn\n|upkeep\n|turn|18\n|\n|t:|1782842901\n|move|p1a: Swanna|Hydro Pump|p2a: Krookodile\n|-supereffective|p2a: Krookodile\n|-damage|p2a: Krookodile|0 fnt\n|faint|p2a: Krookodile\n|\n|upkeep\n|\n|t:|1782842905\n|switch|p2a: Wigglytuff|Wigglytuff, L96, F|424/424\n|-status|p2a: Wigglytuff|tox\n|-damage|p2a: Wigglytuff|354/424 tox|[from] Spikes\n|turn|19\n|-message|BajayBing forfeited.\n|\n|win|Mr. Mt. Mooner\n|raw|Mr. Mt. Mooner's rating: 1258 &rarr; <strong>1282</strong><br />(+24 for winning)\n|raw|BajayBing's rating: 1242 &rarr; <strong>1218</strong><br />(-24 for losing)\n|l|\u2606BajayBing\n|player|p2|\n", "inputlog": ">version f8ac14003a5f27e1bdc8d8c59608a773c1cb96e5\n>start {\"formatid\":\"gen9randombattle\",\"seed\":\"sodium,6e81b3c7afb22fe034ce1900a8bc9c20\",\"rated\":\"Rated battle\"}\n>player p1 {\"name\":\"Mr. Mt. Mooner\",\"avatar\":\"bruno\",\"rating\":1258,\"seed\":\"sodium,7b03779322d51c4e7917cdf542405583\"}\n>player p2 {\"name\":\"BajayBing\",\"avatar\":\"red\",\"rating\":1242,\"seed\":\"sodium,38cdb5956a1aab5dd7d3047b12842f73\"}\n>p1 switch 4\n>p2 move meteorbeam\n>p1 move earthquake terastallize\n>p2 move energyball\n>chat \u2606BajayBing|well played\n>p2 switch 6\n>p1 move toxic\n>p2 move poltergeist\n>p1 switch 3\n>p2 move poltergeist\n>p1 move toxicspikes\n>p2 move toxic\n>p1 move toxicspikes\n>p2 switch 4\n>p1 move knockoff\n>p2 move stickyweb\n>p1 move knockoff\n>p2 move bugbuzz\n>p1 switch 3\n>p1 move recover\n>p2 move stunspore\n>p1 move toxic\n>p2 move hurricane\n>p1 move toxic\n>p2 move hurricane\n>p1 move recover\n>p2 move hurricane\n>p1 move spikes\n>p2 move hurricane\n>p1 move spikes\n>p2 move hurricane\n>p2 switch 4\n>p1 move recover\n>p2 move painsplit terastallize\n>p1 move earthquake\n>p2 move painsplit\n>p2 switch 3\n>p1 switch 5\n>p2 move earthquake\n>p1 move hydropump\n>p2 move stealthrock\n>p2 switch 5\n>forcelose p2", "uploadtime": 1782842913, "views": 7, "formatid": "gen9randombattle", "rating": 1218, "private": 0, "password": null, "player_dets": [{"name": "Mr. Mt. Mooner", "avatar": "bruno", "rating": 1258, "seed": "sodium,7b03779322d51c4e7917cdf542405583"}, {"name": "BajayBing", "avatar": "red", "rating": 1242, "seed": "sodium,38cdb5956a1aab5dd7d3047b12842f73"}], "teams_full": [{"Ninetales": {"name": "Ninetales", "species": "Ninetales-Alola", "speciesId": "ninetalesalola", "gender": "F", "shiny": false, "level": 78, "moves": ["moonblast", "nastyplot", "blizzard", "auroraveil"], "ability": "Snow Warning", "evs": {"hp": 85, "atk": 0, "def": 85, "spa": 85, "spd": 85, "spe": 85}, "ivs": {"hp": 31, "atk": 0, "def": 31, "spa": 31, "spd": 31, "spe": 31}, "item": "Light Clay", "teraType": "Water", "role": "Fast Support", "bvs": {"hp": 73, "atk": 67, "def": 75, "spa": 81, "spd": 100, "spe": 109}, "stats": {"hp": 242, "atk": 109, "def": 162, "spa": 171, "spd": 201, "spe": 215}, "types": ["Ice", "Fairy"]}, "Tinkaton": {"name": "Tinkaton", "species": "Tinkaton", "speciesId": "tinkaton", "gender": "F", "shiny": false, "level": 82, "moves": ["knockoff", "playrough", "thunderwave", "gigatonhammer"], "ability": "Mold Breaker", "evs": {"hp": 85, "atk": 85, "def": 85, "spa": 85, "spd": 85, "spe": 85}, "ivs": {"hp": 31, "atk": 31, "def": 31, "spa": 31, "spd": 31, "spe": 31}, "item": "Leftovers", "teraType": "Water", "role": "Bulky Attacker", "bvs": {"hp": 85, "atk": 75, "def": 77, "spa": 70, "spd": 105, "spe": 94}, "stats": {"hp": 274, "atk": 170, "def": 173, "spa": 162, "spd": 219, "spe": 201}, "types": ["Fairy", "Steel"]}, "Cacturne": {"name": "Cacturne", "species": "Cacturne", "speciesId": "cacturne", "gender": "M", "shiny": false, "level": 92, "moves": ["suckerpunch", "leafstorm", "toxicspikes", "knockoff"], "ability": "Water Absorb", "evs": {"hp": 85, "atk": 85, "def": 85, "spa": 85, "spd": 85, "spe": 85}, "ivs": {"hp": 31, "atk": 31, "def": 31, "spa": 31, "spd": 31, "spe": 31}, "item": "Life Orb", "teraType": "Dark", "role": "Wallbreaker", "bvs": {"hp": 70, "atk": 115, "def": 60, "spa": 115, "spd": 60, "spe": 55}, "stats": {"hp": 278, "atk": 264, "def": 163, "spa": 264, "spd": 163, "spe": 154}, "types": ["Grass", "Dark"]}, "Quagsire": {"name": "Quagsire", "species": "Quagsire", "speciesId": "quagsire", "gender": "M", "shiny": false, "level": 84, "moves": ["earthquake", "spikes", "recover", "toxic"], "ability": "Unaware", "evs": {"hp": 85, "atk": 85, "def": 85, "spa": 85, "spd": 85, "spe": 85}, "ivs": {"hp": 31, "atk": 31, "def": 31, "spa": 31, "spd": 31, "spe": 31}, "item": "Leftovers", "teraType": "Steel", "role": "Bulky Support", "bvs": {"hp": 95, "atk": 85, "def": 85, "spa": 65, "spd": 65, "spe": 35}, "stats": {"hp": 297, "atk": 191, "def": 191, "spa": 157, "spd": 157, "spe": 107}, "types": ["Water", "Ground"]}, "Swanna": {"name": "Swanna", "species": "Swanna", "speciesId": "swanna", "gender": "M", "shiny": false, "level": 89, "moves": ["bravebird", "hydropump", "defog", "roost"], "ability": "Hydration", "evs": {"hp": 85, "atk": 85, "def": 85, "spa": 85, "spd": 85, "spe": 85}, "ivs": {"hp": 31, "atk": 31, "def": 31, "spa": 31, "spd": 31, "spe": 31}, "item": "Heavy-Duty Boots", "teraType": "Ground", "role": "Bulky Support", "bvs": {"hp": 75, "atk": 87, "def": 63, "spa": 87, "spd": 63, "spe": 98}, "stats": {"hp": 278, "atk": 206, "def": 163, "spa": 206, "spd": 163, "spe": 225}, "types": ["Water", "Flying"]}, "Calyrex": {"name": "Calyrex", "species": "Calyrex-Shadow", "speciesId": "calyrexshadow", "gender": "N", "shiny": false, "level": 64, "moves": ["trick", "psyshock", "astralbarrage", "pollenpuff"], "ability": "As One (Spectrier)", "evs": {"hp": 85, "atk": 0, "def": 85, "spa": 85, "spd": 85, "spe": 85}, "ivs": {"hp": 31, "atk": 0, "def": 31, "spa": 31, "spd": 31, "spe": 31}, "item": "Choice Specs", "teraType": "Ghost", "role": "Fast Attacker", "bvs": {"hp": 100, "atk": 85, "def": 80, "spa": 165, "spd": 100, "spe": 150}, "stats": {"hp": 235, "atk": 113, "def": 140, "spa": 249, "spd": 166, "spe": 230}, "types": ["Psychic", "Ghost"]}}, {"Armarouge": {"name": "Armarouge", "species": "Armarouge", "speciesId": "armarouge", "gender": "M", "shiny": false, "level": 80, "moves": ["armorcannon", "psyshock", "energyball", "meteorbeam"], "ability": "Weak Armor", "evs": {"hp": 85, "atk": 0, "def": 85, "spa": 85, "spd": 85, "spe": 85}, "ivs": {"hp": 31, "atk": 0, "def": 31, "spa": 31, "spd": 31, "spe": 31}, "item": "Power Herb", "teraType": "Grass", "role": "Setup Sweeper", "bvs": {"hp": 85, "atk": 60, "def": 100, "spa": 125, "spd": 80, "spe": 75}, "stats": {"hp": 267, "atk": 101, "def": 206, "spa": 246, "spd": 174, "spe": 166}, "types": ["Fire", "Psychic"]}, "Raichu": {"name": "Raichu", "species": "Raichu-Alola", "speciesId": "raichualola", "gender": "M", "shiny": false, "level": 87, "moves": ["psyshock", "nastyplot", "thunderbolt", "grassknot"], "ability": "Surge Surfer", "evs": {"hp": 85, "atk": 0, "def": 85, "spa": 85, "spd": 85, "spe": 85}, "ivs": {"hp": 31, "atk": 0, "def": 31, "spa": 31, "spd": 31, "spe": 31}, "item": "Life Orb", "teraType": "Grass", "role": "Setup Sweeper", "bvs": {"hp": 60, "atk": 85, "def": 50, "spa": 95, "spd": 85, "spe": 110}, "stats": {"hp": 246, "atk": 152, "def": 137, "spa": 215, "spd": 198, "spe": 241}, "types": ["Electric", "Psychic"]}, "Krookodile": {"name": "Krookodile", "species": "Krookodile", "speciesId": "krookodile", "gender": "F", "shiny": false, "level": 79, "moves": ["knockoff", "gunkshot", "stealthrock", "earthquake"], "ability": "Intimidate", "evs": {"hp": 85, "atk": 85, "def": 85, "spa": 85, "spd": 85, "spe": 85}, "ivs": {"hp": 31, "atk": 31, "def": 31, "spa": 31, "spd": 31, "spe": 31}, "item": "Life Orb", "teraType": "Ground", "role": "Fast Attacker", "bvs": {"hp": 95, "atk": 117, "def": 80, "spa": 65, "spd": 70, "spe": 92}, "stats": {"hp": 280, "atk": 230, "def": 172, "spa": 148, "spd": 156, "spe": 191}, "types": ["Ground", "Dark"]}, "Masquerain": {"name": "Masquerain", "species": "Masquerain", "speciesId": "masquerain", "gender": "F", "shiny": false, "level": 87, "moves": ["hurricane", "stickyweb", "bugbuzz", "stunspore"], "ability": "Intimidate", "evs": {"hp": 85, "atk": 0, "def": 85, "spa": 85, "spd": 85, "spe": 85}, "ivs": {"hp": 31, "atk": 0, "def": 31, "spa": 31, "spd": 31, "spe": 31}, "item": "Heavy-Duty Boots", "teraType": "Ground", "role": "Fast Support", "bvs": {"hp": 70, "atk": 60, "def": 62, "spa": 100, "spd": 82, "spe": 80}, "stats": {"hp": 264, "atk": 109, "def": 158, "spa": 224, "spd": 192, "spe": 189}, "types": ["Bug", "Flying"]}, "Wigglytuff": {"name": "Wigglytuff", "species": "Wigglytuff", "speciesId": "wigglytuff", "gender": "F", "shiny": false, "level": 96, "moves": ["protect", "wish", "knockoff", "alluringvoice"], "ability": "Competitive", "evs": {"hp": 85, "atk": 85, "def": 85, "spa": 85, "spd": 85, "spe": 85}, "ivs": {"hp": 31, "atk": 31, "def": 31, "spa": 31, "spd": 31, "spe": 31}, "item": "Leftovers", "teraType": "Steel", "role": "Bulky Support", "bvs": {"hp": 140, "atk": 70, "def": 45, "spa": 85, "spd": 50, "spe": 45}, "stats": {"hp": 424, "atk": 189, "def": 141, "spa": 218, "spd": 150, "spe": 141}, "types": ["Normal", "Fairy"]}, "Spiritomb": {"name": "Spiritomb", "species": "Spiritomb", "speciesId": "spiritomb", "gender": "F", "shiny": false, "level": 89, "moves": ["poltergeist", "painsplit", "toxic", "foulplay"], "ability": "Infiltrator", "evs": {"hp": 85, "atk": 85, "def": 85, "spa": 85, "spd": 85, "spe": 85}, "ivs": {"hp": 31, "atk": 31, "def": 31, "spa": 31, "spd": 31, "spe": 31}, "item": "Leftovers", "teraType": "Poison", "role": "Bulky Support", "bvs": {"hp": 50, "atk": 92, "def": 108, "spa": 92, "spd": 108, "spe": 35}, "stats": {"hp": 234, "atk": 215, "def": 243, "spa": 215, "spd": 243, "spe": 113}, "types": ["Ghost", "Dark"]}}]}