{"id": "gen9randombattle-2641828827", "format": "[Gen 9] Random Battle", "players": ["hot meat", "SigurdZZ"], "log": "|badge|p1|bronze|gen9randombattle|100-9\n|html|<div class=\"broadcast-red\"><strong>This battle is required to be public due to one or more player having a season medal.</strong><br />During the public phase, you can discuss the state of the ladder <a href=\"/seasondiscussion\">in a special chatroom.</a></div>\n|uhtml|medal-msg|<div class=\"broadcast-blue\">Curious what those medals under the avatar are? PS now has Ladder Seasons! For more information, check out the <a href=\"https://www.smogon.com/forums/threads/3740067/\">thread on Smogon.</a></div>\n|raw|<div class=\"broadcast-blue\"><strong>This battle is required to be public due to a player having a name starting with 'medal'.</div>\n|j|\u2606hot meat\n|j|\u2606SigurdZZ\n|t:|1782846875\n|gametype|singles\n|player|p1|hot meat|2|2292\n|player|p2|SigurdZZ|misty|2267\n|gen|9\n|tier|[Gen 9] Random Battle\n|rated|\n|rule|Species Clause: Limit one of each Pok\u00e9mon\n|rule|HP Percentage Mod: HP is shown in percentages\n|rule|Sleep Clause Mod: Limit one foe put to sleep\n|rule|Illusion Level Mod: Illusion disguises the Pok\u00e9mon's true level\n|\n|t:|1782846875\n|teamsize|p1|6\n|teamsize|p2|6\n|start\n|switch|p1a: Lucario|Lucario, L84, F|255/255\n|switch|p2a: Noctowl|Noctowl, L95, F|344/344\n|turn|1\n|inactive|Battle timer is ON: inactive players will automatically lose when time's up. (requested by SigurdZZ)\n|inactive|hot meat has 120 seconds left.\n|\n|t:|1782846915\n|switch|p1a: Blissey|Blissey, L85, F|572/572\n|move|p2a: Noctowl|Hyper Voice|p1a: Blissey\n|-damage|p1a: Blissey|493/572\n|\n|-heal|p1a: Blissey|528/572|[from] item: Leftovers\n|upkeep\n|turn|2\n|\n|t:|1782846922\n|switch|p2a: Perrserker|Perrserker, L89, M|269/269\n|move|p1a: Blissey|Stealth Rock|p2a: Perrserker\n|-sidestart|p2: SigurdZZ|move: Stealth Rock\n|\n|-heal|p1a: Blissey|563/572|[from] item: Leftovers\n|upkeep\n|turn|3\n|\n|t:|1782846932\n|switch|p1a: Ceruledge|Ceruledge, L78, M|245/245\n|move|p2a: Perrserker|Stealth Rock|p1a: Ceruledge\n|-sidestart|p1: hot meat|move: Stealth Rock\n|\n|upkeep\n|turn|4\n|\n|t:|1782846937\n|move|p1a: Ceruledge|Bitter Blade|p2a: Perrserker\n|-supereffective|p2a: Perrserker\n|-damage|p2a: Perrserker|83/269\n|move|p2a: Perrserker|Knock Off|p1a: Ceruledge\n|-supereffective|p1a: Ceruledge\n|-damage|p1a: Ceruledge|0 fnt\n|-enditem|p1a: Ceruledge|Heavy-Duty Boots|[from] move: Knock Off|[of] p2a: Perrserker\n|faint|p1a: Ceruledge\n|-damage|p2a: Perrserker|57/269|[from] item: Life Orb\n|\n|upkeep\n|\n|t:|1782846948\n|switch|p1a: Blissey|Blissey, L85, F|563/572\n|-damage|p1a: Blissey|492/572|[from] Stealth Rock\n|turn|5\n|\n|t:|1782846954\n|switch|p2a: Cryogonal|Cryogonal, L89|287/287\n|move|p1a: Blissey|Seismic Toss|p2a: Cryogonal\n|-damage|p2a: Cryogonal|202/287\n|\n|-heal|p1a: Blissey|527/572|[from] item: Leftovers\n|upkeep\n|turn|6\n|\n|t:|1782846959\n|move|p2a: Cryogonal|Rapid Spin|p1a: Blissey\n|-damage|p1a: Blissey|459/572\n|-boost|p2a: Cryogonal|spe|1\n|-sideend|p2: SigurdZZ|Stealth Rock|[from] move: Rapid Spin|[of] p2a: Cryogonal\n|move|p1a: Blissey|Thunder Wave|p2a: Cryogonal\n|-status|p2a: Cryogonal|par\n|\n|-heal|p1a: Blissey|494/572|[from] item: Leftovers\n|upkeep\n|turn|7\n|\n|t:|1782846965\n|switch|p2a: Furret|Furret, L94, M|312/312\n|-item|p1a: Blissey|Leftovers|[from] ability: Frisk|[of] p2a: Furret\n|move|p1a: Blissey|Stealth Rock|p2a: Furret\n|-sidestart|p2: SigurdZZ|move: Stealth Rock\n|\n|-heal|p1a: Blissey|529/572|[from] item: Leftovers\n|upkeep\n|turn|8\n|\n|t:|1782846973\n|switch|p1a: Lucario|Lucario, L84, F|255/255\n|-damage|p1a: Lucario|248/255|[from] Stealth Rock\n|move|p2a: Furret|Tidy Up|p2a: Furret\n|-sideend|p2: SigurdZZ|Stealth Rock\n|-sideend|p1: hot meat|Stealth Rock\n|-activate|p2a: Furret|move: Tidy Up\n|-boost|p2a: Furret|atk|1\n|-boost|p2a: Furret|spe|1\n|\n|upkeep\n|turn|9\n|\n|t:|1782847002\n|move|p2a: Furret|Brick Break|p1a: Lucario\n|-supereffective|p1a: Lucario\n|-damage|p1a: Lucario|14/255\n|-damage|p2a: Furret|281/312|[from] item: Life Orb\n|move|p1a: Lucario|Aura Sphere|p2a: Furret\n|-supereffective|p2a: Furret\n|-damage|p2a: Furret|0 fnt\n|faint|p2a: Furret\n|-damage|p1a: Lucario|0 fnt|[from] item: Life Orb\n|faint|p1a: Lucario\n|\n|upkeep\n|\n|t:|1782847015\n|switch|p2a: Eelektross|Eelektross, L87, M|290/290\n|switch|p1a: Blissey|Blissey, L85, F|529/572\n|turn|10\n|inactive|hot meat has 120 seconds left.\n|\n|t:|1782847050\n|switch|p1a: Dugtrio|Dugtrio, L84, F|196/196\n|move|p2a: Eelektross|Coil|p2a: Eelektross\n|-boost|p2a: Eelektross|atk|1\n|-boost|p2a: Eelektross|def|1\n|-boost|p2a: Eelektross|accuracy|1\n|\n|upkeep\n|turn|11\n|\n|t:|1782847068\n|move|p1a: Dugtrio|Stone Edge|p2a: Eelektross\n|-damage|p2a: Eelektross|212/290\n|move|p2a: Eelektross|Coil|p2a: Eelektross\n|-boost|p2a: Eelektross|atk|1\n|-boost|p2a: Eelektross|def|1\n|-boost|p2a: Eelektross|accuracy|1\n|\n|-heal|p2a: Eelektross|230/290|[from] item: Leftovers\n|upkeep\n|turn|12\n|\n|t:|1782847072\n|move|p1a: Dugtrio|Stone Edge|p2a: Eelektross\n|-damage|p2a: Eelektross|173/290\n|move|p2a: Eelektross|Drain Punch|p1a: Dugtrio\n|-crit|p1a: Dugtrio\n|-damage|p1a: Dugtrio|0 fnt\n|-heal|p2a: Eelektross|271/290|[from] drain|[of] p1a: Dugtrio\n|faint|p1a: Dugtrio\n|\n|-heal|p2a: Eelektross|289/290|[from] item: Leftovers\n|upkeep\n|\n|t:|1782847083\n|switch|p1a: Gumshoos|Gumshoos, L95, F|321/321\n|turn|13\n|\n|t:|1782847086\n|move|p1a: Gumshoos|Double-Edge|p2a: Eelektross\n|-damage|p2a: Eelektross|99/290\n|-damage|p1a: Gumshoos|258/321|[from] Recoil\n|move|p2a: Eelektross|Drain Punch|p1a: Gumshoos\n|-supereffective|p1a: Gumshoos\n|-damage|p1a: Gumshoos|0 fnt\n|-heal|p2a: Eelektross|228/290|[from] drain|[of] p1a: Gumshoos\n|faint|p1a: Gumshoos\n|\n|-heal|p2a: Eelektross|246/290|[from] item: Leftovers\n|upkeep\n|-message|hot meat forfeited.\n|\n|win|SigurdZZ\n|raw|hot meat's rating: 2292 &rarr; <strong>2271</strong><br />(-21 for losing)\n|raw|SigurdZZ's rating: 2267 &rarr; <strong>2288</strong><br />(+21 for winning)\n", "inputlog": ">version f8ac14003a5f27e1bdc8d8c59608a773c1cb96e5\n>start {\"formatid\":\"gen9randombattle\",\"seed\":\"sodium,e09f869fdacf8ed97a6e0211814d3883\",\"rated\":\"Rated battle\"}\n>player p1 {\"name\":\"hot meat\",\"avatar\":\"2\",\"rating\":2292,\"seed\":\"sodium,b1f7c0756775291402c7e238262e2141\"}\n>player p2 {\"name\":\"SigurdZZ\",\"avatar\":\"misty\",\"rating\":2267,\"seed\":\"sodium,a6f10f7be6239ecd9421482f238c9739\"}\n>p1 switch 4\n>p2 move hypervoice\n>p1 move stealthrock\n>p2 switch 5\n>p1 switch 6\n>p2 move stealthrock\n>p1 move bitterblade\n>p2 move knockoff\n>p1 switch 6\n>p1 move seismictoss\n>p2 switch 2\n>p1 move thunderwave\n>p2 move rapidspin\n>p1 move stealthrock\n>p2 switch 4\n>p1 switch 4\n>p2 move tidyup\n>p1 move aurasphere\n>p2 move brickbreak\n>p1 switch 4\n>p2 switch 6\n>p1 switch 3\n>p2 move coil\n>p1 move stoneedge\n>p2 move coil\n>p1 move stoneedge\n>p2 move drainpunch\n>p1 switch 2\n>p1 move doubleedge\n>p2 move drainpunch\n>forcelose p1", "uploadtime": 1782847092, "views": 7, "formatid": "gen9randombattle", "rating": 2271, "private": 0, "password": null, "player_dets": [{"name": "hot meat", "avatar": "2", "rating": 2292, "seed": "sodium,b1f7c0756775291402c7e238262e2141"}, {"name": "SigurdZZ", "avatar": "misty", "rating": 2267, "seed": "sodium,a6f10f7be6239ecd9421482f238c9739"}], "teams_full": [{"Lucario": {"name": "Lucario", "species": "Lucario", "speciesId": "lucario", "gender": "F", "shiny": false, "level": 84, "moves": ["flashcannon", "nastyplot", "vacuumwave", "aurasphere"], "ability": "Inner Focus", "evs": {"hp": 85, "atk": 0, "def": 85, "spa": 85, "spd": 85, "spe": 85}, "ivs": {"hp": 31, "atk": 0, "def": 31, "spa": 31, "spd": 31, "spe": 31}, "item": "Life Orb", "teraType": "Fighting", "role": "Setup Sweeper", "bvs": {"hp": 70, "atk": 110, "def": 70, "spa": 115, "spd": 70, "spe": 90}, "stats": {"hp": 255, "atk": 189, "def": 166, "spa": 241, "spd": 166, "spe": 199}, "types": ["Fighting", "Steel"]}, "Gumshoos": {"name": "Gumshoos", "species": "Gumshoos", "speciesId": "gumshoos", "gender": "F", "shiny": false, "level": 95, "moves": ["knockoff", "earthquake", "uturn", "doubleedge"], "ability": "Adaptability", "evs": {"hp": 85, "atk": 85, "def": 85, "spa": 85, "spd": 85, "spe": 85}, "ivs": {"hp": 31, "atk": 31, "def": 31, "spa": 31, "spd": 31, "spe": 31}, "item": "Choice Band", "teraType": "Ground", "role": "Fast Attacker", "bvs": {"hp": 88, "atk": 110, "def": 60, "spa": 55, "spd": 60, "spe": 45}, "stats": {"hp": 321, "atk": 263, "def": 168, "spa": 158, "spd": 168, "spe": 139}, "types": ["Normal"]}, "Dugtrio": {"name": "Dugtrio", "species": "Dugtrio", "speciesId": "dugtrio", "gender": "F", "shiny": false, "level": 84, "moves": ["throatchop", "stoneedge", "earthquake", "suckerpunch"], "ability": "Arena Trap", "evs": {"hp": 85, "atk": 85, "def": 85, "spa": 85, "spd": 85, "spe": 85}, "ivs": {"hp": 31, "atk": 31, "def": 31, "spa": 31, "spd": 31, "spe": 31}, "item": "Choice Band", "teraType": "Dark", "role": "Wallbreaker", "bvs": {"hp": 35, "atk": 100, "def": 50, "spa": 50, "spd": 70, "spe": 120}, "stats": {"hp": 196, "atk": 216, "def": 132, "spa": 132, "spd": 166, "spe": 250}, "types": ["Ground"]}, "Blissey": {"name": "Blissey", "species": "Blissey", "speciesId": "blissey", "gender": "F", "shiny": false, "level": 85, "moves": ["stealthrock", "seismictoss", "softboiled", "thunderwave"], "ability": "Natural Cure", "evs": {"hp": 85, "atk": 0, "def": 85, "spa": 85, "spd": 85, "spe": 85}, "ivs": {"hp": 31, "atk": 0, "def": 31, "spa": 31, "spd": 31, "spe": 31}, "item": "Leftovers", "teraType": "Dark", "role": "Bulky Support", "bvs": {"hp": 255, "atk": 10, "def": 10, "spa": 75, "spd": 135, "spe": 55}, "stats": {"hp": 572, "atk": 22, "def": 66, "spa": 176, "spd": 278, "spe": 142}, "types": ["Normal"]}, "Azumarill": {"name": "Azumarill", "species": "Azumarill", "speciesId": "azumarill", "gender": "F", "shiny": false, "level": 82, "moves": ["aquajet", "playrough", "bellydrum", "liquidation"], "ability": "Huge Power", "evs": {"hp": 85, "atk": 85, "def": 85, "spa": 85, "spd": 85, "spe": 85}, "ivs": {"hp": 31, "atk": 31, "def": 31, "spa": 31, "spd": 31, "spe": 31}, "item": "Sitrus Berry", "teraType": "Water", "role": "Bulky Attacker", "bvs": {"hp": 100, "atk": 50, "def": 80, "spa": 60, "spd": 80, "spe": 50}, "stats": {"hp": 298, "atk": 129, "def": 178, "spa": 146, "spd": 178, "spe": 129}, "types": ["Water", "Fairy"]}, "Ceruledge": {"name": "Ceruledge", "species": "Ceruledge", "speciesId": "ceruledge", "gender": "M", "shiny": false, "level": 78, "moves": ["swordsdance", "poltergeist", "shadowsneak", "bitterblade"], "ability": "Weak Armor", "evs": {"hp": 85, "atk": 85, "def": 85, "spa": 85, "spd": 85, "spe": 85}, "ivs": {"hp": 31, "atk": 31, "def": 31, "spa": 31, "spd": 31, "spe": 31}, "item": "Heavy-Duty Boots", "teraType": "Ghost", "role": "Setup Sweeper", "bvs": {"hp": 75, "atk": 125, "def": 80, "spa": 60, "spd": 100, "spe": 85}, "stats": {"hp": 245, "atk": 240, "def": 170, "spa": 139, "spd": 201, "spe": 178}, "types": ["Fire", "Ghost"]}}, {"Noctowl": {"name": "Noctowl", "species": "Noctowl", "speciesId": "noctowl", "gender": "F", "shiny": false, "level": 95, "moves": ["roost", "hurricane", "hypervoice", "defog"], "ability": "Tinted Lens", "evs": {"hp": 85, "atk": 0, "def": 85, "spa": 85, "spd": 85, "spe": 85}, "ivs": {"hp": 31, "atk": 0, "def": 31, "spa": 31, "spd": 31, "spe": 31}, "item": "Heavy-Duty Boots", "teraType": "Ground", "role": "Bulky Attacker", "bvs": {"hp": 100, "atk": 50, "def": 50, "spa": 86, "spd": 96, "spe": 70}, "stats": {"hp": 344, "atk": 100, "def": 149, "spa": 217, "spd": 236, "spe": 187}, "types": ["Normal", "Flying"]}, "Cryogonal": {"name": "Cryogonal", "species": "Cryogonal", "speciesId": "cryogonal", "gender": "N", "shiny": false, "level": 89, "moves": ["terablast", "recover", "icebeam", "rapidspin"], "ability": "Levitate", "evs": {"hp": 85, "atk": 85, "def": 85, "spa": 85, "spd": 85, "spe": 85}, "ivs": {"hp": 31, "atk": 31, "def": 31, "spa": 31, "spd": 31, "spe": 31}, "item": "Heavy-Duty Boots", "teraType": "Electric", "role": "Tera Blast user", "bvs": {"hp": 80, "atk": 50, "def": 50, "spa": 95, "spd": 135, "spe": 105}, "stats": {"hp": 287, "atk": 140, "def": 140, "spa": 220, "spd": 291, "spe": 238}, "types": ["Ice"]}, "Solgaleo": {"name": "Solgaleo", "species": "Solgaleo", "speciesId": "solgaleo", "gender": "N", "shiny": false, "level": 74, "moves": ["sunsteelstrike", "teleport", "morningsun", "psychicfangs"], "ability": "Full Metal Body", "evs": {"hp": 85, "atk": 85, "def": 85, "spa": 85, "spd": 85, "spe": 85}, "ivs": {"hp": 31, "atk": 31, "def": 31, "spa": 31, "spd": 31, "spe": 31}, "item": "Leftovers", "teraType": "Water", "role": "Bulky Attacker", "bvs": {"hp": 137, "atk": 137, "def": 107, "spa": 113, "spd": 89, "spe": 97}, "stats": {"hp": 325, "atk": 246, "def": 201, "spa": 210, "spd": 175, "spe": 187}, "types": ["Psychic", "Steel"]}, "Furret": {"name": "Furret", "species": "Furret", "speciesId": "furret", "gender": "M", "shiny": false, "level": 94, "moves": ["brickbreak", "doubleedge", "tidyup", "knockoff"], "ability": "Frisk", "evs": {"hp": 85, "atk": 85, "def": 85, "spa": 85, "spd": 85, "spe": 85}, "ivs": {"hp": 31, "atk": 31, "def": 31, "spa": 31, "spd": 31, "spe": 31}, "item": "Life Orb", "teraType": "Normal", "role": "Setup Sweeper", "bvs": {"hp": 85, "atk": 76, "def": 64, "spa": 45, "spd": 55, "spe": 90}, "stats": {"hp": 312, "atk": 196, "def": 174, "spa": 138, "spd": 157, "spe": 223}, "types": ["Normal"]}, "Perrserker": {"name": "Perrserker", "species": "Perrserker", "speciesId": "perrserker", "gender": "M", "shiny": false, "level": 89, "moves": ["knockoff", "closecombat", "stealthrock", "ironhead"], "ability": "Tough Claws", "evs": {"hp": 85, "atk": 85, "def": 85, "spa": 85, "spd": 85, "spe": 85}, "ivs": {"hp": 31, "atk": 31, "def": 31, "spa": 31, "spd": 31, "spe": 31}, "item": "Life Orb", "teraType": "Fighting", "role": "Fast Attacker", "bvs": {"hp": 70, "atk": 110, "def": 100, "spa": 50, "spd": 60, "spe": 50}, "stats": {"hp": 269, "atk": 247, "def": 229, "spa": 140, "spd": 158, "spe": 140}, "types": ["Steel"]}, "Eelektross": {"name": "Eelektross", "species": "Eelektross", "speciesId": "eelektross", "gender": "M", "shiny": false, "level": 87, "moves": ["drainpunch", "firepunch", "supercellslam", "coil"], "ability": "Levitate", "evs": {"hp": 85, "atk": 85, "def": 85, "spa": 85, "spd": 85, "spe": 85}, "ivs": {"hp": 31, "atk": 31, "def": 31, "spa": 31, "spd": 31, "spe": 31}, "item": "Leftovers", "teraType": "Fighting", "role": "Bulky Setup", "bvs": {"hp": 85, "atk": 115, "def": 80, "spa": 105, "spd": 80, "spe": 50}, "stats": {"hp": 290, "atk": 250, "def": 189, "spa": 232, "spd": 189, "spe": 137}, "types": ["Electric"]}}]}