{"id": "gen9randombattle-2642174258", "format": "[Gen 9] Random Battle", "players": ["DinhKhanh", "forcemajor14"], "log": "|j|\u2606DinhKhanh\n|j|\u2606forcemajor14\n|t:|1782905428\n|gametype|singles\n|player|p1|DinhKhanh|winona|2032\n|player|p2|forcemajor14|266|2140\n|gen|9\n|tier|[Gen 9] Random Battle\n|rated|\n|rule|Species Clause: Limit one of each Pok\u00e9mon\n|rule|HP Percentage Mod: HP is shown in percentages\n|rule|Sleep Clause Mod: Limit one foe put to sleep\n|rule|Illusion Level Mod: Illusion disguises the Pok\u00e9mon's true level\n|\n|t:|1782905428\n|teamsize|p1|6\n|teamsize|p2|6\n|start\n|switch|p1a: Dragalge|Dragalge, L88, M|258/258\n|switch|p2a: Granbull|Granbull, L88, M|302/302\n|-ability|p2a: Granbull|Intimidate|boost\n|-unboost|p1a: Dragalge|atk|1\n|turn|1\n|inactive|Battle timer is ON: inactive players will automatically lose when time's up. (requested by DinhKhanh)\n|inactive|forcemajor14 also wants the timer to be on.\n|\n|t:|1782905436\n|move|p2a: Granbull|Earthquake|p1a: Dragalge\n|-supereffective|p1a: Dragalge\n|-damage|p1a: Dragalge|92/258\n|move|p1a: Dragalge|Sludge Wave|p2a: Granbull\n|-supereffective|p2a: Granbull\n|-damage|p2a: Granbull|0 fnt\n|faint|p2a: Granbull\n|\n|upkeep\n|\n|t:|1782905438\n|switch|p2a: Smeargle|Smeargle, L95, F|258/258\n|turn|2\n|\n|t:|1782905444\n|switch|p1a: Rotom|Rotom-Mow, L87|229/229\n|move|p2a: Smeargle|Spore|p1a: Rotom\n|-immune|p1a: Rotom\n|\n|upkeep\n|turn|3\n|\n|t:|1782905452\n|switch|p2a: Lilligant|Lilligant, L86, F|261/261\n|move|p1a: Rotom|Thunderbolt|p2a: Lilligant\n|-resisted|p2a: Lilligant\n|-damage|p2a: Lilligant|207/261\n|-status|p2a: Lilligant|par\n|\n|upkeep\n|turn|4\n|\n|t:|1782905457\n|switch|p1a: Dragalge|Dragalge, L88, M|92/258\n|move|p2a: Lilligant|Quiver Dance|p2a: Lilligant\n|-boost|p2a: Lilligant|spa|1\n|-boost|p2a: Lilligant|spd|1\n|-boost|p2a: Lilligant|spe|1\n|\n|upkeep\n|turn|5\n|\n|t:|1782905463\n|cant|p2a: Lilligant|par\n|move|p1a: Dragalge|Sludge Wave|p2a: Lilligant\n|-supereffective|p2a: Lilligant\n|-damage|p2a: Lilligant|0 fnt\n|faint|p2a: Lilligant\n|\n|upkeep\n|\n|t:|1782905465\n|switch|p2a: Furret|Furret, L94, M|312/312\n|-item|p1a: Dragalge|Assault Vest|[from] ability: Frisk|[of] p2a: Furret\n|turn|6\n|\n|t:|1782905469\n|move|p2a: Furret|Double-Edge|p1a: Dragalge\n|-damage|p1a: Dragalge|0 fnt\n|faint|p1a: Dragalge\n|-damage|p2a: Furret|282/312|[from] Recoil\n|\n|upkeep\n|\n|t:|1782905477\n|switch|p1a: Carbink|Carbink, L90|236/236\n|turn|7\n|\n|t:|1782905483\n|switch|p2a: Smeargle|Smeargle, L95, F|258/258\n|move|p1a: Carbink|Body Press|p2a: Smeargle\n|-supereffective|p2a: Smeargle\n|-damage|p2a: Smeargle|0 fnt\n|faint|p2a: Smeargle\n|\n|upkeep\n|\n|t:|1782905485\n|switch|p2a: Carbink|Carbink, L90|236/236\n|turn|8\n|\n|t:|1782905492\n|switch|p1a: Rotom|Rotom-Mow, L87|229/229\n|move|p2a: Carbink|Iron Defense|p2a: Carbink\n|-boost|p2a: Carbink|def|2\n|\n|upkeep\n|turn|9\n|\n|t:|1782905497\n|switch|p2a: Morpeko|Morpeko, L88, F|245/245\n|move|p1a: Rotom|Trick|p2a: Morpeko\n|-activate|p1a: Rotom|move: Trick|[of] p2a: Morpeko\n|-item|p2a: Morpeko|Choice Scarf|[from] move: Trick\n|-item|p1a: Rotom|Leftovers|[from] move: Trick\n|\n|-formechange|p2a: Morpeko|Morpeko-Hangry||[from] ability: Hunger Switch\n|upkeep\n|turn|10\n|\n|t:|1782905504\n|switch|p1a: Carbink|Carbink, L90|236/236\n|move|p2a: Morpeko|Knock Off|p1a: Carbink\n|-resisted|p1a: Carbink\n|-damage|p1a: Carbink|203/236\n|-enditem|p1a: Carbink|Chesto Berry|[from] move: Knock Off|[of] p2a: Morpeko\n|\n|-formechange|p2a: Morpeko|Morpeko||[from] ability: Hunger Switch\n|upkeep\n|turn|11\n|\n|t:|1782905510\n|switch|p2a: Carbink|Carbink, L90|236/236\n|move|p1a: Carbink|Moonblast|p2a: Carbink\n|-damage|p2a: Carbink|194/236\n|\n|upkeep\n|turn|12\n|\n|t:|1782905513\n|switch|p1a: Rotom|Rotom-Mow, L87|229/229\n|move|p2a: Carbink|Iron Defense|p2a: Carbink\n|-boost|p2a: Carbink|def|2\n|\n|upkeep\n|turn|13\n|\n|t:|1782905521\n|-terastallize|p2a: Carbink|Fighting\n|move|p1a: Rotom|Trick|p2a: Carbink\n|-activate|p1a: Rotom|move: Trick|[of] p2a: Carbink\n|-item|p2a: Carbink|Leftovers|[from] move: Trick\n|-item|p1a: Rotom|Chesto Berry|[from] move: Trick\n|move|p2a: Carbink|Body Press|p1a: Rotom\n|-damage|p1a: Rotom|3/229\n|\n|-heal|p2a: Carbink|208/236|[from] item: Leftovers\n|upkeep\n|turn|14\n|l|\u2606forcemajor14\n|inactive|forcemajor14 disconnected and has a minute to reconnect!\n|player|p2|\n|j|\u2606forcemajor14\n|inactive|forcemajor14 reconnected.\n|player|p2|forcemajor14|266|\n|\n|t:|1782905536\n|move|p1a: Rotom|Leaf Storm|p2a: Carbink\n|-damage|p2a: Carbink|114/236\n|-unboost|p1a: Rotom|spa|2\n|move|p2a: Carbink|Iron Defense|p2a: Carbink\n|-boost|p2a: Carbink|def|2\n|\n|-heal|p2a: Carbink|128/236|[from] item: Leftovers\n|upkeep\n|turn|15\n|\n|t:|1782905541\n|move|p1a: Rotom|Thunderbolt|p2a: Carbink\n|-damage|p2a: Carbink|91/236\n|move|p2a: Carbink|Iron Defense|p2a: Carbink\n|-boost|p2a: Carbink|def|2\n|\n|-heal|p2a: Carbink|105/236|[from] item: Leftovers\n|upkeep\n|turn|16\n|\n|t:|1782905544\n|move|p1a: Rotom|Thunderbolt|p2a: Carbink\n|-damage|p2a: Carbink|69/236\n|move|p2a: Carbink|Iron Defense|p2a: Carbink\n|-boost|p2a: Carbink|def|0\n|\n|-heal|p2a: Carbink|83/236|[from] item: Leftovers\n|upkeep\n|turn|17\n|\n|t:|1782905549\n|move|p1a: Rotom|Thunderbolt|p2a: Carbink\n|-damage|p2a: Carbink|50/236\n|move|p2a: Carbink|Iron Defense|p2a: Carbink\n|-boost|p2a: Carbink|def|0\n|\n|-heal|p2a: Carbink|64/236|[from] item: Leftovers\n|upkeep\n|turn|18\n|\n|t:|1782905553\n|move|p1a: Rotom|Thunderbolt|p2a: Carbink\n|-damage|p2a: Carbink|30/236\n|move|p2a: Carbink|Iron Defense|p2a: Carbink\n|-boost|p2a: Carbink|def|0\n|\n|-heal|p2a: Carbink|44/236|[from] item: Leftovers\n|upkeep\n|turn|19\n|\n|t:|1782905557\n|move|p1a: Rotom|Leaf Storm|p2a: Carbink\n|-damage|p2a: Carbink|0 fnt\n|-unboost|p1a: Rotom|spa|2\n|faint|p2a: Carbink\n|\n|upkeep\n|\n|t:|1782905559\n|switch|p2a: Morpeko|Morpeko, L88, F|245/245\n|turn|20\n|\n|t:|1782905562\n|move|p2a: Morpeko|Protect|p2a: Morpeko\n|-singleturn|p2a: Morpeko|Protect\n|move|p1a: Rotom|Volt Switch|p2a: Morpeko\n|-activate|p2a: Morpeko|move: Protect\n|\n|-formechange|p2a: Morpeko|Morpeko-Hangry||[from] ability: Hunger Switch\n|upkeep\n|turn|21\n|\n|t:|1782905568\n|move|p2a: Morpeko|Protect||[still]\n|-fail|p2a: Morpeko\n|move|p1a: Rotom|Volt Switch|p2a: Morpeko\n|-resisted|p2a: Morpeko\n|-damage|p2a: Morpeko|228/245\n|\n|t:|1782905573\n|switch|p1a: Carbink|Carbink, L90|203/236|[from] Volt Switch\n|\n|-formechange|p2a: Morpeko|Morpeko||[from] ability: Hunger Switch\n|upkeep\n|turn|22\n|\n|t:|1782905575\n|move|p2a: Morpeko|Protect|p2a: Morpeko\n|-singleturn|p2a: Morpeko|Protect\n|move|p1a: Carbink|Iron Defense|p1a: Carbink\n|-boost|p1a: Carbink|def|2\n|\n|-formechange|p2a: Morpeko|Morpeko-Hangry||[from] ability: Hunger Switch\n|upkeep\n|turn|23\n|\n|t:|1782905577\n|move|p2a: Morpeko|Protect|p2a: Morpeko\n|-singleturn|p2a: Morpeko|Protect\n|move|p1a: Carbink|Iron Defense|p1a: Carbink\n|-boost|p1a: Carbink|def|2\n|\n|-formechange|p2a: Morpeko|Morpeko||[from] ability: Hunger Switch\n|upkeep\n|turn|24\n|\n|t:|1782905580\n|move|p2a: Morpeko|Protect||[still]\n|-fail|p2a: Morpeko\n|move|p1a: Carbink|Body Press|p2a: Morpeko\n|-supereffective|p2a: Morpeko\n|-damage|p2a: Morpeko|0 fnt\n|faint|p2a: Morpeko\n|\n|upkeep\n|\n|t:|1782905582\n|switch|p2a: Furret|Furret, L94, M|282/312\n|turn|25\n|\n|t:|1782905583\n|move|p2a: Furret|U-turn|p1a: Carbink\n|-resisted|p1a: Carbink\n|-damage|p1a: Carbink|195/236\n|move|p1a: Carbink|Body Press|p2a: Furret\n|-supereffective|p2a: Furret\n|-damage|p2a: Furret|0 fnt\n|faint|p2a: Furret\n|\n|win|DinhKhanh\n|raw|DinhKhanh's rating: 2032 &rarr; <strong>2057</strong><br />(+25 for winning)\n|raw|forcemajor14's rating: 2114 &rarr; <strong>2089</strong><br />(-25 for losing)\n", "inputlog": ">version f8ac14003a5f27e1bdc8d8c59608a773c1cb96e5\n>start {\"formatid\":\"gen9randombattle\",\"seed\":\"sodium,a5b1d41f63980084a61280f750cd5cb6\",\"rated\":\"Rated battle\"}\n>player p1 {\"name\":\"DinhKhanh\",\"avatar\":\"winona\",\"rating\":2032,\"seed\":\"sodium,89df2672563ef24d75bd39cdd57a854b\"}\n>player p2 {\"name\":\"forcemajor14\",\"avatar\":\"266\",\"rating\":2140,\"seed\":\"sodium,d61403c100953035fb2e7f21d51ed75d\"}\n>p1 move sludgewave\n>p2 move earthquake\n>p2 switch 3\n>p1 switch 6\n>p2 move spore\n>p1 move thunderbolt\n>p2 switch 4\n>p1 switch 6\n>p2 move quiverdance\n>p1 move sludgewave\n>p2 move sleeppowder\n>p2 switch 2\n>p1 move sludgewave\n>p2 move doubleedge\n>p1 switch 4\n>p1 move bodypress\n>p2 switch 4\n>p2 switch 5\n>p1 switch 6\n>p2 move irondefense\n>p1 move trick\n>p2 switch 6\n>p1 switch 6\n>p2 move knockoff\n>p1 move moonblast\n>p2 switch 6\n>p1 switch 6\n>p2 move irondefense\n>p1 move trick\n>p2 move bodypress terastallize\n>p1 move leafstorm\n>p2 move irondefense\n>p1 move thunderbolt\n>p2 move irondefense\n>p1 move thunderbolt\n>p2 move irondefense\n>p1 move thunderbolt\n>p2 move irondefense\n>p1 move thunderbolt\n>p2 move irondefense\n>p1 move leafstorm\n>p2 move irondefense\n>p2 switch 6\n>p1 move voltswitch\n>p2 move protect\n>p1 move voltswitch\n>p2 move protect\n>p1 switch 6\n>p1 move irondefense\n>p2 move protect\n>p1 move irondefense\n>p2 move protect\n>p1 move bodypress\n>p2 move protect\n>p2 switch 4\n>p1 move bodypress\n>p2 move uturn", "uploadtime": 1782905584, "views": 2, "formatid": "gen9randombattle", "rating": 2057, "private": 0, "password": null, "player_dets": [{"name": "DinhKhanh", "avatar": "winona", "rating": 2032, "seed": "sodium,89df2672563ef24d75bd39cdd57a854b"}, {"name": "forcemajor14", "avatar": "266", "rating": 2140, "seed": "sodium,d61403c100953035fb2e7f21d51ed75d"}], "teams_full": [{"Dragalge": {"name": "Dragalge", "species": "Dragalge", "speciesId": "dragalge", "gender": "M", "shiny": false, "level": 88, "moves": ["dragontail", "sludgewave", "focusblast", "dracometeor"], "ability": "Adaptability", "evs": {"hp": 85, "atk": 85, "def": 85, "spa": 85, "spd": 85, "spe": 85}, "ivs": {"hp": 31, "atk": 31, "def": 31, "spa": 31, "spd": 31, "spe": 31}, "item": "Assault Vest", "teraType": "Fighting", "role": "Bulky Attacker", "bvs": {"hp": 65, "atk": 75, "def": 90, "spa": 97, "spd": 123, "spe": 44}, "stats": {"hp": 258, "atk": 182, "def": 209, "spa": 221, "spd": 267, "spe": 128}, "types": ["Poison", "Dragon"]}, "Landorus": {"name": "Landorus", "species": "Landorus", "speciesId": "landorus", "gender": "M", "shiny": false, "level": 75, "moves": ["stealthrock", "sludgewave", "focusblast", "earthpower"], "ability": "Sheer Force", "evs": {"hp": 85, "atk": 0, "def": 85, "spa": 85, "spd": 85, "spe": 85}, "ivs": {"hp": 31, "atk": 0, "def": 31, "spa": 31, "spd": 31, "spe": 31}, "item": "Life Orb", "teraType": "Poison", "role": "Fast Attacker", "bvs": {"hp": 89, "atk": 125, "def": 90, "spa": 115, "spd": 80, "spe": 101}, "stats": {"hp": 257, "atk": 192, "def": 179, "spa": 216, "spd": 164, "spe": 195}, "types": ["Ground", "Flying"]}, "Iron Bundle": {"name": "Iron Bundle", "species": "Iron Bundle", "speciesId": "ironbundle", "gender": "N", "shiny": false, "level": 78, "moves": ["icebeam", "freezedry", "encore", "hydropump"], "ability": "Quark Drive", "evs": {"hp": 85, "atk": 0, "def": 85, "spa": 85, "spd": 85, "spe": 85}, "ivs": {"hp": 31, "atk": 0, "def": 31, "spa": 31, "spd": 31, "spe": 31}, "item": "Heavy-Duty Boots", "teraType": "Ice", "role": "Fast Attacker", "bvs": {"hp": 56, "atk": 80, "def": 114, "spa": 124, "spd": 60, "spe": 136}, "stats": {"hp": 215, "atk": 129, "def": 223, "spa": 239, "spd": 139, "spe": 257}, "types": ["Ice", "Water"]}, "Carbink": {"name": "Carbink", "species": "Carbink", "speciesId": "carbink", "gender": "N", "shiny": false, "level": 90, "moves": ["rest", "moonblast", "irondefense", "bodypress"], "ability": "Clear Body", "evs": {"hp": 85, "atk": 0, "def": 85, "spa": 85, "spd": 85, "spe": 85}, "ivs": {"hp": 31, "atk": 0, "def": 31, "spa": 31, "spd": 31, "spe": 31}, "item": "Chesto Berry", "teraType": "Fighting", "role": "Fast Bulky Setup", "bvs": {"hp": 50, "atk": 50, "def": 150, "spa": 50, "spd": 150, "spe": 50}, "stats": {"hp": 236, "atk": 95, "def": 321, "spa": 141, "spd": 321, "spe": 141}, "types": ["Rock", "Fairy"]}, "Suicune": {"name": "Suicune", "species": "Suicune", "speciesId": "suicune", "gender": "N", "shiny": false, "level": 82, "moves": ["scald", "icebeam", "substitute", "calmmind"], "ability": "Pressure", "evs": {"hp": 85, "atk": 0, "def": 85, "spa": 85, "spd": 85, "spe": 85}, "ivs": {"hp": 31, "atk": 0, "def": 31, "spa": 31, "spd": 31, "spe": 31}, "item": "Leftovers", "teraType": "Steel", "role": "Bulky Setup", "bvs": {"hp": 100, "atk": 75, "def": 115, "spa": 90, "spd": 115, "spe": 85}, "stats": {"hp": 298, "atk": 127, "def": 236, "spa": 195, "spd": 236, "spe": 187}, "types": ["Water"]}, "Rotom": {"name": "Rotom", "species": "Rotom-Mow", "speciesId": "rotommow", "gender": "N", "shiny": false, "level": 87, "moves": ["leafstorm", "voltswitch", "trick", "thunderbolt"], "ability": "Levitate", "evs": {"hp": 85, "atk": 0, "def": 85, "spa": 85, "spd": 85, "spe": 85}, "ivs": {"hp": 31, "atk": 0, "def": 31, "spa": 31, "spd": 31, "spe": 31}, "item": "Choice Scarf", "teraType": "Grass", "role": "Bulky Attacker", "bvs": {"hp": 50, "atk": 65, "def": 107, "spa": 105, "spd": 107, "spe": 86}, "stats": {"hp": 229, "atk": 118, "def": 236, "spa": 232, "spd": 236, "spe": 199}, "types": ["Electric", "Grass"]}}, {"Granbull": {"name": "Granbull", "species": "Granbull", "speciesId": "granbull", "gender": "M", "shiny": false, "level": 88, "moves": ["thunderwave", "playrough", "earthquake", "encore"], "ability": "Intimidate", "evs": {"hp": 85, "atk": 85, "def": 85, "spa": 85, "spd": 85, "spe": 85}, "ivs": {"hp": 31, "atk": 31, "def": 31, "spa": 31, "spd": 31, "spe": 31}, "item": "Leftovers", "teraType": "Ground", "role": "Bulky Attacker", "bvs": {"hp": 90, "atk": 120, "def": 75, "spa": 60, "spd": 60, "spe": 45}, "stats": {"hp": 302, "atk": 261, "def": 182, "spa": 156, "spd": 156, "spe": 129}, "types": ["Fairy"]}, "Furret": {"name": "Furret", "species": "Furret", "speciesId": "furret", "gender": "M", "shiny": false, "level": 94, "moves": ["knockoff", "uturn", "doubleedge", "trick"], "ability": "Frisk", "evs": {"hp": 85, "atk": 85, "def": 85, "spa": 85, "spd": 85, "spe": 85}, "ivs": {"hp": 31, "atk": 31, "def": 31, "spa": 31, "spd": 31, "spe": 31}, "item": "Choice Band", "teraType": "Ghost", "role": "Wallbreaker", "bvs": {"hp": 85, "atk": 76, "def": 64, "spa": 45, "spd": 55, "spe": 90}, "stats": {"hp": 312, "atk": 196, "def": 174, "spa": 138, "spd": 157, "spe": 223}, "types": ["Normal"]}, "Smeargle": {"name": "Smeargle", "species": "Smeargle", "speciesId": "smeargle", "gender": "F", "shiny": false, "level": 95, "moves": ["spore", "shellsmash", "populationbomb", "powertrip"], "ability": "Technician", "evs": {"hp": 85, "atk": 85, "def": 85, "spa": 85, "spd": 85, "spe": 85}, "ivs": {"hp": 31, "atk": 31, "def": 31, "spa": 31, "spd": 31, "spe": 31}, "item": "Wide Lens", "teraType": "Ghost", "role": "Setup Sweeper", "bvs": {"hp": 55, "atk": 20, "def": 35, "spa": 20, "spd": 45, "spe": 75}, "stats": {"hp": 258, "atk": 92, "def": 120, "spa": 92, "spd": 139, "spe": 196}, "types": ["Normal"]}, "Lilligant": {"name": "Lilligant", "species": "Lilligant", "speciesId": "lilligant", "gender": "F", "shiny": false, "level": 86, "moves": ["terablast", "gigadrain", "quiverdance", "sleeppowder"], "ability": "Chlorophyll", "evs": {"hp": 85, "atk": 0, "def": 85, "spa": 85, "spd": 85, "spe": 85}, "ivs": {"hp": 31, "atk": 0, "def": 31, "spa": 31, "spd": 31, "spe": 31}, "item": "Life Orb", "teraType": "Rock", "role": "Tera Blast user", "bvs": {"hp": 70, "atk": 60, "def": 75, "spa": 110, "spd": 75, "spe": 90}, "stats": {"hp": 261, "atk": 108, "def": 178, "spa": 238, "spd": 178, "spe": 204}, "types": ["Grass"]}, "Carbink": {"name": "Carbink", "species": "Carbink", "speciesId": "carbink", "gender": "N", "shiny": false, "level": 90, "moves": ["bodypress", "rest", "irondefense", "moonblast"], "ability": "Clear Body", "evs": {"hp": 85, "atk": 0, "def": 85, "spa": 85, "spd": 85, "spe": 85}, "ivs": {"hp": 31, "atk": 0, "def": 31, "spa": 31, "spd": 31, "spe": 31}, "item": "Chesto Berry", "teraType": "Fighting", "role": "Fast Bulky Setup", "bvs": {"hp": 50, "atk": 50, "def": 150, "spa": 50, "spd": 150, "spe": 50}, "stats": {"hp": 236, "atk": 95, "def": 321, "spa": 141, "spd": 321, "spe": 141}, "types": ["Rock", "Fairy"]}, "Morpeko": {"name": "Morpeko", "species": "Morpeko", "speciesId": "morpeko", "gender": "F", "shiny": false, "level": 88, "moves": ["knockoff", "protect", "rapidspin", "aurawheel"], "ability": "Hunger Switch", "evs": {"hp": 85, "atk": 85, "def": 85, "spa": 85, "spd": 85, "spe": 85}, "ivs": {"hp": 31, "atk": 31, "def": 31, "spa": 31, "spd": 31, "spe": 31}, "item": "Leftovers", "teraType": "Electric", "role": "Bulky Attacker", "bvs": {"hp": 58, "atk": 95, "def": 58, "spa": 70, "spd": 58, "spe": 97}, "stats": {"hp": 245, "atk": 217, "def": 152, "spa": 173, "spd": 152, "spe": 221}, "types": ["Electric", "Dark"]}}]}