{"id": "gen9randombattle-2642088255", "format": "[Gen 9] Random Battle", "players": ["YUNGCORV", "notmetbh102"], "log": "|j|\u2606YUNGCORV\n|j|\u2606notmetbh102\n|t:|1782887297\n|gametype|singles\n|player|p1|YUNGCORV|1|2138\n|player|p2|notmetbh102|265|2176\n|gen|9\n|tier|[Gen 9] Random Battle\n|rated|\n|rule|Species Clause: Limit one of each Pok\u00e9mon\n|rule|HP Percentage Mod: HP is shown in percentages\n|rule|Sleep Clause Mod: Limit one foe put to sleep\n|rule|Illusion Level Mod: Illusion disguises the Pok\u00e9mon's true level\n|\n|t:|1782887297\n|teamsize|p1|6\n|teamsize|p2|6\n|start\n|switch|p1a: Dunsparce|Dunsparce, L86, F|312/312\n|switch|p2a: Arcanine|Arcanine-Hisui, L79, F|279/279\n|turn|1\n|inactive|Battle timer is ON: inactive players will automatically lose when time's up. (requested by notmetbh102)\n|c|\u2606notmetbh102|hf\n|\n|t:|1782887320\n|move|p2a: Arcanine|Flare Blitz|p1a: Dunsparce\n|-damage|p1a: Dunsparce|162/312\n|move|p1a: Dunsparce|Body Slam|p2a: Arcanine\n|-resisted|p2a: Arcanine\n|-damage|p2a: Arcanine|237/279\n|-status|p2a: Arcanine|par\n|\n|upkeep\n|turn|2\n|\n|t:|1782887332\n|switch|p2a: Iron Hands|Iron Hands, L79|373/373\n|move|p1a: Dunsparce|Roost|p1a: Dunsparce\n|-heal|p1a: Dunsparce|312/312\n|-singleturn|p1a: Dunsparce|move: Roost\n|\n|upkeep\n|turn|3\n|\n|t:|1782887342\n|switch|p1a: Ariados|Ariados, L95, F|287/287\n|move|p2a: Iron Hands|Swords Dance|p2a: Iron Hands\n|-boost|p2a: Iron Hands|atk|2\n|\n|upkeep\n|turn|4\n|\n|t:|1782887356\n|move|p1a: Ariados|Poison Jab|p2a: Iron Hands\n|-damage|p2a: Iron Hands|277/373\n|-status|p2a: Iron Hands|psn\n|move|p2a: Iron Hands|Wild Charge|p1a: Ariados\n|-damage|p1a: Ariados|44/287\n|-damage|p2a: Iron Hands|216/373 psn|[from] Recoil\n|\n|-heal|p2a: Iron Hands|239/373 psn|[from] item: Leftovers\n|-damage|p2a: Iron Hands|193/373 psn|[from] psn\n|upkeep\n|turn|5\n|\n|t:|1782887369\n|move|p1a: Ariados|Sticky Web|p2a: Iron Hands\n|-sidestart|p2: notmetbh102|move: Sticky Web\n|move|p2a: Iron Hands|Ice Punch|p1a: Ariados\n|-damage|p1a: Ariados|0 fnt\n|faint|p1a: Ariados\n|\n|-heal|p2a: Iron Hands|216/373 psn|[from] item: Leftovers\n|-damage|p2a: Iron Hands|170/373 psn|[from] psn\n|upkeep\n|inactive|YUNGCORV has 120 seconds left.\n|\n|t:|1782887399\n|switch|p1a: Plusle|Plusle, L95, M|268/268\n|turn|6\n|inactive|YUNGCORV has 120 seconds left.\n|\n|t:|1782887408\n|-end|p2a: Iron Hands|Quark Drive|[silent]\n|switch|p2a: Exeggutor|Exeggutor, L89, M|314/314\n|-activate|p2a: Exeggutor|move: Sticky Web\n|-unboost|p2a: Exeggutor|spe|1\n|move|p1a: Plusle|Alluring Voice|p2a: Exeggutor\n|-damage|p2a: Exeggutor|222/314\n|-damage|p1a: Plusle|242/268|[from] item: Life Orb\n|\n|upkeep\n|turn|7\n|inactive|YUNGCORV has 120 seconds left.\n|\n|t:|1782887419\n|switch|p1a: Shiftry|Shiftry, L89, F|305/305\n|move|p2a: Exeggutor|Psyshock|p1a: Shiftry\n|-immune|p1a: Shiftry\n|\n|upkeep\n|turn|8\n|\n|t:|1782887426\n|switch|p2a: Iron Hands|Iron Hands, L79|170/373 psn\n|-activate|p2a: Iron Hands|move: Sticky Web\n|-unboost|p2a: Iron Hands|spe|1\n|move|p1a: Shiftry|Swords Dance|p1a: Shiftry\n|-boost|p1a: Shiftry|atk|2\n|\n|-heal|p2a: Iron Hands|193/373 psn|[from] item: Leftovers\n|-damage|p2a: Iron Hands|147/373 psn|[from] psn\n|upkeep\n|turn|9\n|\n|t:|1782887440\n|move|p1a: Shiftry|Knock Off|p2a: Iron Hands\n|-resisted|p2a: Iron Hands\n|-damage|p2a: Iron Hands|8/373 psn\n|-enditem|p2a: Iron Hands|Leftovers|[from] move: Knock Off|[of] p1a: Shiftry\n|-damage|p1a: Shiftry|275/305|[from] item: Life Orb\n|move|p2a: Iron Hands|Drain Punch|p1a: Shiftry\n|-supereffective|p1a: Shiftry\n|-damage|p1a: Shiftry|27/305\n|-heal|p2a: Iron Hands|132/373 psn|[from] drain|[of] p1a: Shiftry\n|\n|-damage|p2a: Iron Hands|86/373 psn|[from] psn\n|upkeep\n|turn|10\n|-message|YUNGCORV forfeited.\n|\n|win|notmetbh102\n|raw|YUNGCORV's rating: 2138 &rarr; <strong>2120</strong><br />(-18 for losing)\n|raw|notmetbh102's rating: 2176 &rarr; <strong>2194</strong><br />(+18 for winning)\n|c|\u2606notmetbh102|gg\n|l|\u2606YUNGCORV\n|player|p1|\n", "inputlog": ">version f8ac14003a5f27e1bdc8d8c59608a773c1cb96e5\n>start {\"formatid\":\"gen9randombattle\",\"seed\":\"sodium,ed6706af8a734e24ee89d68105598b2d\",\"rated\":\"Rated battle\"}\n>player p1 {\"name\":\"YUNGCORV\",\"avatar\":\"1\",\"rating\":2138,\"seed\":\"sodium,5a17b191ab9c014b1cbc5c28380af272\"}\n>player p2 {\"name\":\"notmetbh102\",\"avatar\":\"265\",\"rating\":2176,\"seed\":\"sodium,1fb84daa94eb2cac955c03e27009fa47\"}\n>chat \u2606notmetbh102|hf\n>p1 move bodyslam\n>p2 move flareblitz\n>p1 move roost\n>p2 switch 3\n>p1 switch 4\n>p2 move swordsdance\n>p1 move poisonjab\n>p2 move wildcharge\n>p1 move stickyweb\n>p2 move icepunch\n>p1 switch 5\n>p1 move alluringvoice\n>p2 switch 4\n>p1 switch 2\n>p2 move psyshock\n>p1 move swordsdance\n>p2 switch 4\n>p1 move knockoff\n>p2 move drainpunch\n>forcelose p1", "uploadtime": 1782887449, "views": 2, "formatid": "gen9randombattle", "rating": 2120, "private": 0, "password": null, "player_dets": [{"name": "YUNGCORV", "avatar": "1", "rating": 2138, "seed": "sodium,5a17b191ab9c014b1cbc5c28380af272"}, {"name": "notmetbh102", "avatar": "265", "rating": 2176, "seed": "sodium,1fb84daa94eb2cac955c03e27009fa47"}], "teams_full": [{"Dunsparce": {"name": "Dunsparce", "species": "Dunsparce", "speciesId": "dunsparce", "gender": "F", "shiny": false, "level": 86, "moves": ["earthquake", "roost", "bodyslam", "coil"], "ability": "Serene Grace", "evs": {"hp": 85, "atk": 85, "def": 85, "spa": 85, "spd": 85, "spe": 85}, "ivs": {"hp": 31, "atk": 31, "def": 31, "spa": 31, "spd": 31, "spe": 31}, "item": "Eviolite", "teraType": "Ground", "role": "Bulky Setup", "bvs": {"hp": 100, "atk": 70, "def": 70, "spa": 65, "spd": 65, "spe": 45}, "stats": {"hp": 312, "atk": 170, "def": 170, "spa": 161, "spd": 161, "spe": 127}, "types": ["Normal"]}, "Shiftry": {"name": "Shiftry", "species": "Shiftry", "speciesId": "shiftry", "gender": "F", "shiny": false, "level": 89, "moves": ["leafblade", "knockoff", "swordsdance", "suckerpunch"], "ability": "Wind Rider", "evs": {"hp": 85, "atk": 85, "def": 85, "spa": 85, "spd": 85, "spe": 85}, "ivs": {"hp": 31, "atk": 31, "def": 31, "spa": 31, "spd": 31, "spe": 31}, "item": "Life Orb", "teraType": "Dark", "role": "Fast Bulky Setup", "bvs": {"hp": 90, "atk": 100, "def": 60, "spa": 90, "spd": 60, "spe": 80}, "stats": {"hp": 305, "atk": 229, "def": 158, "spa": 211, "spd": 158, "spe": 193}, "types": ["Grass", "Dark"]}, "Toucannon": {"name": "Toucannon", "species": "Toucannon", "speciesId": "toucannon", "gender": "M", "shiny": false, "level": 88, "moves": ["beakblast", "roost", "bulletseed", "boomburst"], "ability": "Skill Link", "evs": {"hp": 85, "atk": 85, "def": 85, "spa": 85, "spd": 85, "spe": 85}, "ivs": {"hp": 31, "atk": 31, "def": 31, "spa": 31, "spd": 31, "spe": 31}, "item": "Heavy-Duty Boots", "teraType": "Steel", "role": "Bulky Support", "bvs": {"hp": 80, "atk": 120, "def": 75, "spa": 75, "spd": 75, "spe": 60}, "stats": {"hp": 284, "atk": 261, "def": 182, "spa": 182, "spd": 182, "spe": 156}, "types": ["Normal", "Flying"]}, "Ariados": {"name": "Ariados", "species": "Ariados", "speciesId": "ariados", "gender": "F", "shiny": false, "level": 95, "moves": ["megahorn", "stickyweb", "knockoff", "poisonjab"], "ability": "Insomnia", "evs": {"hp": 85, "atk": 85, "def": 85, "spa": 85, "spd": 85, "spe": 85}, "ivs": {"hp": 31, "atk": 31, "def": 31, "spa": 31, "spd": 31, "spe": 31}, "item": "Heavy-Duty Boots", "teraType": "Ghost", "role": "Fast Support", "bvs": {"hp": 70, "atk": 90, "def": 70, "spa": 60, "spd": 70, "spe": 40}, "stats": {"hp": 287, "atk": 225, "def": 187, "spa": 168, "spd": 187, "spe": 130}, "types": ["Bug", "Poison"]}, "Plusle": {"name": "Plusle", "species": "Plusle", "speciesId": "plusle", "gender": "M", "shiny": false, "level": 95, "moves": ["nastyplot", "thunderbolt", "alluringvoice", "grassknot"], "ability": "Lightning Rod", "evs": {"hp": 85, "atk": 0, "def": 85, "spa": 85, "spd": 85, "spe": 85}, "ivs": {"hp": 31, "atk": 0, "def": 31, "spa": 31, "spd": 31, "spe": 31}, "item": "Life Orb", "teraType": "Electric", "role": "Setup Sweeper", "bvs": {"hp": 60, "atk": 50, "def": 40, "spa": 85, "spd": 75, "spe": 95}, "stats": {"hp": 268, "atk": 100, "def": 130, "spa": 215, "spd": 196, "spe": 234}, "types": ["Electric"]}, "Rhyperior": {"name": "Rhyperior", "species": "Rhyperior", "speciesId": "rhyperior", "gender": "F", "shiny": false, "level": 82, "moves": ["megahorn", "earthquake", "stoneedge", "rockpolish"], "ability": "Solid Rock", "evs": {"hp": 85, "atk": 85, "def": 85, "spa": 85, "spd": 85, "spe": 85}, "ivs": {"hp": 31, "atk": 31, "def": 31, "spa": 31, "spd": 31, "spe": 31}, "item": "Weakness Policy", "teraType": "Rock", "role": "Bulky Setup", "bvs": {"hp": 115, "atk": 140, "def": 130, "spa": 55, "spd": 55, "spe": 40}, "stats": {"hp": 323, "atk": 277, "def": 260, "spa": 137, "spd": 137, "spe": 113}, "types": ["Ground", "Rock"]}}, {"Arcanine": {"name": "Arcanine", "species": "Arcanine-Hisui", "speciesId": "arcaninehisui", "gender": "F", "shiny": false, "level": 79, "moves": ["closecombat", "flareblitz", "headsmash", "extremespeed"], "ability": "Rock Head", "evs": {"hp": 81, "atk": 85, "def": 85, "spa": 85, "spd": 85, "spe": 85}, "ivs": {"hp": 31, "atk": 31, "def": 31, "spa": 31, "spd": 31, "spe": 31}, "item": "Choice Band", "teraType": "Normal", "role": "Fast Attacker", "bvs": {"hp": 95, "atk": 115, "def": 80, "spa": 95, "spd": 80, "spe": 90}, "stats": {"hp": 279, "atk": 227, "def": 172, "spa": 196, "spd": 172, "spe": 188}, "types": ["Fire", "Rock"]}, "Eternatus": {"name": "Eternatus", "species": "Eternatus", "speciesId": "eternatus", "gender": "N", "shiny": false, "level": 69, "moves": ["meteorbeam", "sludgebomb", "dynamaxcannon", "fireblast"], "ability": "Pressure", "evs": {"hp": 85, "atk": 0, "def": 85, "spa": 85, "spd": 85, "spe": 85}, "ivs": {"hp": 31, "atk": 0, "def": 31, "spa": 31, "spd": 31, "spe": 31}, "item": "Power Herb", "teraType": "Dragon", "role": "Setup Sweeper", "bvs": {"hp": 140, "atk": 85, "def": 95, "spa": 145, "spd": 95, "spe": 130}, "stats": {"hp": 308, "atk": 122, "def": 171, "spa": 240, "spd": 171, "spe": 220}, "types": ["Poison", "Dragon"]}, "Iron Hands": {"name": "Iron Hands", "species": "Iron Hands", "speciesId": "ironhands", "gender": "N", "shiny": false, "level": 79, "moves": ["swordsdance", "drainpunch", "icepunch", "wildcharge"], "ability": "Quark Drive", "evs": {"hp": 85, "atk": 85, "def": 85, "spa": 85, "spd": 85, "spe": 85}, "ivs": {"hp": 31, "atk": 31, "def": 31, "spa": 31, "spd": 31, "spe": 31}, "item": "Leftovers", "teraType": "Fighting", "role": "Bulky Attacker", "bvs": {"hp": 154, "atk": 140, "def": 108, "spa": 50, "spd": 68, "spe": 50}, "stats": {"hp": 373, "atk": 267, "def": 216, "spa": 125, "spd": 153, "spe": 125}, "types": ["Fighting", "Electric"]}, "Exeggutor": {"name": "Exeggutor", "species": "Exeggutor", "speciesId": "exeggutor", "gender": "M", "shiny": false, "level": 89, "moves": ["calmmind", "psyshock", "sleeppowder", "gigadrain"], "ability": "Harvest", "evs": {"hp": 85, "atk": 0, "def": 85, "spa": 85, "spd": 85, "spe": 85}, "ivs": {"hp": 31, "atk": 0, "def": 31, "spa": 31, "spd": 31, "spe": 31}, "item": "Sitrus Berry", "teraType": "Steel", "role": "Bulky Setup", "bvs": {"hp": 95, "atk": 95, "def": 85, "spa": 125, "spd": 75, "spe": 55}, "stats": {"hp": 314, "atk": 174, "def": 202, "spa": 273, "spd": 184, "spe": 149}, "types": ["Grass", "Psychic"]}, "Landorus": {"name": "Landorus", "species": "Landorus", "speciesId": "landorus", "gender": "M", "shiny": false, "level": 75, "moves": ["focusblast", "sludgewave", "earthpower", "stealthrock"], "ability": "Sheer Force", "evs": {"hp": 85, "atk": 0, "def": 85, "spa": 85, "spd": 85, "spe": 85}, "ivs": {"hp": 31, "atk": 0, "def": 31, "spa": 31, "spd": 31, "spe": 31}, "item": "Life Orb", "teraType": "Poison", "role": "Fast Attacker", "bvs": {"hp": 89, "atk": 125, "def": 90, "spa": 115, "spd": 80, "spe": 101}, "stats": {"hp": 257, "atk": 192, "def": 179, "spa": 216, "spd": 164, "spe": 195}, "types": ["Ground", "Flying"]}, "Iron Valiant": {"name": "Iron Valiant", "species": "Iron Valiant", "speciesId": "ironvaliant", "gender": "N", "shiny": false, "level": 78, "moves": ["calmmind", "closecombat", "psychic", "moonblast"], "ability": "Quark Drive", "evs": {"hp": 85, "atk": 85, "def": 85, "spa": 85, "spd": 85, "spe": 85}, "ivs": {"hp": 31, "atk": 31, "def": 31, "spa": 31, "spd": 31, "spe": 31}, "item": "Life Orb", "teraType": "Fairy", "role": "Fast Attacker", "bvs": {"hp": 74, "atk": 130, "def": 90, "spa": 120, "spd": 60, "spe": 116}, "stats": {"hp": 244, "atk": 248, "def": 185, "spa": 232, "spd": 139, "spe": 226}, "types": ["Fairy", "Fighting"]}}]}