{"id": "gen9randombattle-2641805996", "format": "[Gen 9] Random Battle", "players": ["dandetheheartless", "y1m"], "log": "|j|\u2606dandetheheartless\n|j|\u2606y1m\n|t:|1782844088\n|gametype|singles\n|player|p1|dandetheheartless|winona|2128\n|player|p2|y1m|cynthia-gen4|2074\n|gen|9\n|tier|[Gen 9] Random Battle\n|rated|\n|rule|Species Clause: Limit one of each Pok\u00e9mon\n|rule|HP Percentage Mod: HP is shown in percentages\n|rule|Sleep Clause Mod: Limit one foe put to sleep\n|rule|Illusion Level Mod: Illusion disguises the Pok\u00e9mon's true level\n|\n|t:|1782844088\n|teamsize|p1|6\n|teamsize|p2|6\n|start\n|switch|p1a: Chien-Pao|Chien-Pao, L72|234/234\n|switch|p2a: Wugtrio|Wugtrio, L91, M|212/212\n|-ability|p1a: Chien-Pao|Sword of Ruin\n|turn|1\n|inactive|Battle timer is ON: inactive players will automatically lose when time's up. (requested by y1m)\n|inactive|dandetheheartless also wants the timer to be on.\n|\n|t:|1782844117\n|switch|p1a: Cacturne|Cacturne, L92, F|278/278\n|-terastallize|p2a: Wugtrio|Water\n|move|p2a: Wugtrio|Liquidation|p1a: Cacturne\n|-immune|p1a: Cacturne|[from] ability: Water Absorb\n|\n|upkeep\n|turn|2\n|\n|t:|1782844136\n|switch|p2a: Meganium|Meganium, L90, M|290/290\n|move|p1a: Cacturne|Leaf Storm|p2a: Meganium\n|-resisted|p2a: Meganium\n|-damage|p2a: Meganium|193/290\n|-unboost|p1a: Cacturne|spa|2\n|-damage|p1a: Cacturne|251/278|[from] item: Life Orb\n|\n|-heal|p2a: Meganium|211/290|[from] item: Leftovers\n|upkeep\n|turn|3\n|\n|t:|1782844150\n|move|p2a: Meganium|Knock Off|p1a: Cacturne\n|-resisted|p1a: Cacturne\n|-damage|p1a: Cacturne|206/278\n|-enditem|p1a: Cacturne|Life Orb|[from] move: Knock Off|[of] p2a: Meganium\n|move|p1a: Cacturne|Knock Off|p2a: Meganium\n|-damage|p2a: Meganium|84/290\n|-enditem|p2a: Meganium|Leftovers|[from] move: Knock Off|[of] p1a: Cacturne\n|\n|upkeep\n|turn|4\n|\n|t:|1782844159\n|move|p2a: Meganium|Synthesis|p2a: Meganium\n|-heal|p2a: Meganium|229/290\n|move|p1a: Cacturne|Toxic Spikes|p2a: Meganium\n|-sidestart|p2: y1m|move: Toxic Spikes\n|\n|upkeep\n|turn|5\n|\n|t:|1782844168\n|switch|p1a: Scream Tail|Scream Tail, L84|330/330\n|move|p2a: Meganium|Energy Ball|p1a: Scream Tail\n|-damage|p1a: Scream Tail|251/330\n|\n|-heal|p1a: Scream Tail|271/330|[from] item: Leftovers\n|upkeep\n|turn|6\n|\n|t:|1782844178\n|move|p1a: Scream Tail|Thunder Wave|p2a: Meganium\n|-status|p2a: Meganium|par\n|move|p2a: Meganium|Leech Seed|p1a: Scream Tail\n|-start|p1a: Scream Tail|move: Leech Seed\n|\n|-heal|p1a: Scream Tail|291/330|[from] item: Leftovers\n|-damage|p1a: Scream Tail|250/330|[from] Leech Seed|[of] p2a: Meganium\n|-heal|p2a: Meganium|270/290 par|[silent]\n|upkeep\n|turn|7\n|\n|t:|1782844186\n|switch|p2a: Pecharunt|Pecharunt, L77|262/262\n|-sideend|p2: y1m|move: Toxic Spikes|[of] p2a: Pecharunt\n|move|p1a: Scream Tail|Wish|p1a: Scream Tail\n|\n|-heal|p1a: Scream Tail|270/330|[from] item: Leftovers\n|-damage|p1a: Scream Tail|229/330|[from] Leech Seed|[of] p2a: Pecharunt\n|upkeep\n|turn|8\n|\n|t:|1782844204\n|move|p1a: Scream Tail|Thunder Wave|p2a: Pecharunt\n|-status|p2a: Pecharunt|par\n|cant|p2a: Pecharunt|par\n|\n|-heal|p1a: Scream Tail|330/330|[from] move: Wish|[wisher] Scream Tail\n|-damage|p1a: Scream Tail|289/330|[from] Leech Seed|[of] p2a: Pecharunt\n|upkeep\n|turn|9\n|\n|t:|1782844213\n|-end|p1a: Scream Tail|Protosynthesis|[silent]\n|switch|p1a: Dragalge|Dragalge, L88, F|258/258\n|move|p2a: Pecharunt|Malignant Chain|p1a: Dragalge\n|-resisted|p1a: Dragalge\n|-damage|p1a: Dragalge|238/258\n|\n|upkeep\n|turn|10\n|\n|t:|1782844223\n|cant|p2a: Pecharunt|par\n|move|p1a: Dragalge|Dragon Tail|p2a: Pecharunt\n|-damage|p2a: Pecharunt|208/262 par\n|-damage|p1a: Dragalge|195/258|[from] item: Rocky Helmet|[of] p2a: Pecharunt\n|drag|p2a: Wugtrio|Wugtrio, L91, M, tera:Water|212/212\n|\n|upkeep\n|turn|11\n|\n|t:|1782844242\n|switch|p2a: Rhydon|Rhydon, L85, M|317/317\n|switch|p1a: Cacturne|Cacturne, L92, F|206/278\n|\n|upkeep\n|turn|12\n|\n|t:|1782844252\n|switch|p2a: Meganium|Meganium, L90, M|270/290 par\n|move|p1a: Cacturne|Leaf Storm|p2a: Meganium\n|-resisted|p2a: Meganium\n|-damage|p2a: Meganium|185/290 par\n|-unboost|p1a: Cacturne|spa|2\n|\n|upkeep\n|turn|13\n|\n|t:|1782844262\n|switch|p1a: Scream Tail|Scream Tail, L84|289/330\n|move|p2a: Meganium|Knock Off|p1a: Scream Tail\n|-damage|p1a: Scream Tail|224/330\n|-enditem|p1a: Scream Tail|Leftovers|[from] move: Knock Off|[of] p2a: Meganium\n|\n|upkeep\n|turn|14\n|\n|t:|1782844269\n|switch|p2a: Pecharunt|Pecharunt, L77|208/262 par\n|move|p1a: Scream Tail|Wish|p1a: Scream Tail\n|\n|upkeep\n|turn|15\n|\n|t:|1782844275\n|-end|p1a: Scream Tail|Protosynthesis|[silent]\n|switch|p1a: Dragalge|Dragalge, L88, F|195/258\n|move|p2a: Pecharunt|Parting Shot|p1a: Dragalge\n|-unboost|p1a: Dragalge|atk|1\n|-unboost|p1a: Dragalge|spa|1\n|\n|t:|1782844288\n|switch|p2a: Rhydon|Rhydon, L85, M|317/317|[from] Parting Shot\n|\n|-heal|p1a: Dragalge|258/258|[from] move: Wish|[wisher] Scream Tail\n|upkeep\n|turn|16\n|\n|t:|1782844313\n|switch|p1a: Cacturne|Cacturne, L92, F|206/278\n|move|p2a: Rhydon|Stealth Rock|p1a: Cacturne\n|-sidestart|p1: dandetheheartless|move: Stealth Rock\n|\n|upkeep\n|turn|17\n|\n|t:|1782844320\n|switch|p2a: Meganium|Meganium, L90, M|185/290 par\n|move|p1a: Cacturne|Knock Off|p2a: Meganium\n|-damage|p2a: Meganium|107/290 par\n|\n|upkeep\n|turn|18\n|inactive|dandetheheartless has 120 seconds left.\n|\n|t:|1782844353\n|switch|p1a: Chien-Pao|Chien-Pao, L72|234/234\n|-ability|p1a: Chien-Pao|Sword of Ruin\n|move|p2a: Meganium|Synthesis|p2a: Meganium\n|-heal|p2a: Meganium|252/290 par\n|\n|upkeep\n|turn|19\n|inactive|y1m has 120 seconds left.\n|\n|t:|1782844385\n|switch|p2a: Lucario|Lucario, L84, F|255/255\n|move|p1a: Chien-Pao|Swords Dance|p1a: Chien-Pao\n|-boost|p1a: Chien-Pao|atk|2\n|\n|upkeep\n|turn|20\n|inactive|dandetheheartless has 90 seconds left.\n|\n|t:|1782844423\n|switch|p1a: Scream Tail|Scream Tail, L84|224/330\n|-damage|p1a: Scream Tail|183/330|[from] Stealth Rock\n|move|p2a: Lucario|Vacuum Wave|p1a: Scream Tail\n|-resisted|p1a: Scream Tail\n|-damage|p1a: Scream Tail|171/330\n|-damage|p2a: Lucario|230/255|[from] item: Life Orb\n|\n|upkeep\n|turn|21\n|inactive|dandetheheartless has 90 seconds left.\n|inactive|y1m has 120 seconds left.\n|\n|t:|1782844440\n|move|p1a: Scream Tail|Thunder Wave|p2a: Lucario\n|-status|p2a: Lucario|par\n|cant|p2a: Lucario|par\n|\n|upkeep\n|turn|22\n|\n|t:|1782844446\n|move|p1a: Scream Tail|Wish|p1a: Scream Tail\n|cant|p2a: Lucario|par\n|\n|upkeep\n|turn|23\n|\n|t:|1782844452\n|move|p1a: Scream Tail|Play Rough|p2a: Lucario\n|-damage|p2a: Lucario|151/255 par\n|move|p2a: Lucario|Nasty Plot|p2a: Lucario\n|-boost|p2a: Lucario|spa|2\n|\n|-heal|p1a: Scream Tail|330/330|[from] move: Wish|[wisher] Scream Tail\n|upkeep\n|turn|24\n|\n|t:|1782844460\n|move|p1a: Scream Tail|Play Rough|p2a: Lucario|[miss]\n|-miss|p1a: Scream Tail|p2a: Lucario\n|cant|p2a: Lucario|par\n|\n|upkeep\n|turn|25\n|\n|t:|1782844465\n|move|p1a: Scream Tail|Play Rough|p2a: Lucario\n|-damage|p2a: Lucario|60/255 par\n|move|p2a: Lucario|Flash Cannon|p1a: Scream Tail\n|-supereffective|p1a: Scream Tail\n|-damage|p1a: Scream Tail|0 fnt\n|faint|p1a: Scream Tail\n|-end|p1a: Scream Tail|Protosynthesis|[silent]\n|-damage|p2a: Lucario|35/255 par|[from] item: Life Orb\n|\n|upkeep\n|inactive|dandetheheartless has 120 seconds left.\n|\n|t:|1782844477\n|switch|p1a: Cacturne|Cacturne, L92, F|206/278\n|-damage|p1a: Cacturne|172/278|[from] Stealth Rock\n|turn|26\n|\n|t:|1782844502\n|switch|p2a: Meganium|Meganium, L90, M|252/290 par\n|move|p1a: Cacturne|Sucker Punch||[still]\n|-fail|p1a: Cacturne\n|\n|upkeep\n|turn|27\n|inactive|y1m has 120 seconds left.\n|\n|t:|1782844521\n|switch|p1a: Reshiram|Reshiram, L76|277/277\n|-ability|p1a: Reshiram|Turboblaze\n|move|p2a: Meganium|Knock Off|p1a: Reshiram\n|-damage|p1a: Reshiram|207/277\n|-enditem|p1a: Reshiram|Heavy-Duty Boots|[from] move: Knock Off|[of] p2a: Meganium\n|\n|upkeep\n|turn|28\n|inactive|y1m has 120 seconds left.\n|\n|t:|1782844532\n|switch|p2a: Rhydon|Rhydon, L85, M|317/317\n|move|p1a: Reshiram|Blue Flare|p2a: Rhydon\n|-resisted|p2a: Rhydon\n|-damage|p2a: Rhydon|227/317\n|\n|upkeep\n|turn|29\n|inactive|y1m has 120 seconds left.\n|\n|t:|1782844550\n|move|p1a: Reshiram|Will-O-Wisp|p2a: Rhydon\n|-status|p2a: Rhydon|brn\n|move|p2a: Rhydon|Stone Edge|p1a: Reshiram\n|-supereffective|p1a: Reshiram\n|-crit|p1a: Reshiram\n|-damage|p1a: Reshiram|0 fnt\n|faint|p1a: Reshiram\n|\n|-damage|p2a: Rhydon|208/317 brn|[from] brn\n|upkeep\n|\n|t:|1782844559\n|switch|p1a: Excadrill|Excadrill, L79, F|303/303\n|-damage|p1a: Excadrill|294/303|[from] Stealth Rock\n|-ability|p1a: Excadrill|Mold Breaker\n|turn|30\n|\n|t:|1782844573\n|move|p1a: Excadrill|Rapid Spin|p2a: Rhydon\n|-resisted|p2a: Rhydon\n|-damage|p2a: Rhydon|197/317 brn\n|-boost|p1a: Excadrill|spe|1\n|-sideend|p1: dandetheheartless|Stealth Rock|[from] move: Rapid Spin|[of] p1a: Excadrill\n|move|p2a: Rhydon|Earthquake|p1a: Excadrill\n|-supereffective|p1a: Excadrill\n|-damage|p1a: Excadrill|98/303\n|\n|-damage|p2a: Rhydon|178/317 brn|[from] brn\n|upkeep\n|turn|31\n|\n|t:|1782844582\n|move|p1a: Excadrill|Earthquake|p2a: Rhydon\n|-supereffective|p2a: Rhydon\n|-damage|p2a: Rhydon|50/317 brn\n|move|p2a: Rhydon|Stealth Rock|p1a: Excadrill\n|-sidestart|p1: dandetheheartless|move: Stealth Rock\n|\n|-damage|p2a: Rhydon|31/317 brn|[from] brn\n|upkeep\n|turn|32\n|\n|t:|1782844593\n|move|p1a: Excadrill|Rapid Spin|p2a: Rhydon\n|-resisted|p2a: Rhydon\n|-damage|p2a: Rhydon|20/317 brn\n|-boost|p1a: Excadrill|spe|1\n|-sideend|p1: dandetheheartless|Stealth Rock|[from] move: Rapid Spin|[of] p1a: Excadrill\n|move|p2a: Rhydon|Earthquake|p1a: Excadrill\n|-supereffective|p1a: Excadrill\n|-damage|p1a: Excadrill|0 fnt\n|faint|p1a: Excadrill\n|\n|-damage|p2a: Rhydon|1/317 brn|[from] brn\n|upkeep\n|\n|t:|1782844610\n|switch|p1a: Dragalge|Dragalge, L88, F|258/258\n|turn|33\n|\n|t:|1782844617\n|move|p1a: Dragalge|Sludge Wave|p2a: Rhydon\n|-resisted|p2a: Rhydon\n|-damage|p2a: Rhydon|0 fnt\n|faint|p2a: Rhydon\n|\n|upkeep\n|\n|t:|1782844626\n|switch|p2a: Mesprit|Mesprit, L85|275/275\n|turn|34\n|\n|t:|1782844634\n|switch|p1a: Chien-Pao|Chien-Pao, L72|234/234\n|-ability|p1a: Chien-Pao|Sword of Ruin\n|move|p2a: Mesprit|Nasty Plot|p2a: Mesprit\n|-boost|p2a: Mesprit|spa|2\n|\n|upkeep\n|turn|35\n|\n|t:|1782844642\n|move|p1a: Chien-Pao|Throat Chop|p2a: Mesprit\n|-supereffective|p2a: Mesprit\n|-damage|p2a: Mesprit|105/275\n|-start|p2a: Mesprit|Throat Chop|[silent]\n|move|p2a: Mesprit|Thunderbolt|p1a: Chien-Pao\n|-damage|p1a: Chien-Pao|0 fnt\n|faint|p1a: Chien-Pao\n|-damage|p2a: Mesprit|78/275|[from] item: Life Orb\n|\n|upkeep\n|\n|t:|1782844651\n|switch|p1a: Cacturne|Cacturne, L92, F|172/278\n|turn|36\n|\n|t:|1782844666\n|switch|p2a: Lucario|Lucario, L84, F|35/255 par\n|move|p1a: Cacturne|Sucker Punch||[still]\n|-fail|p1a: Cacturne\n|\n|upkeep\n|turn|37\n|\n|t:|1782844673\n|move|p1a: Cacturne|Sucker Punch|p2a: Lucario\n|-resisted|p2a: Lucario\n|-damage|p2a: Lucario|0 fnt\n|faint|p2a: Lucario\n|\n|upkeep\n|inactive|y1m has 120 seconds left.\n|\n|t:|1782844707\n|switch|p2a: Pecharunt|Pecharunt, L77|208/262 par\n|turn|38\n|inactive|y1m has 120 seconds left.\n|\n|t:|1782844720\n|switch|p1a: Dragalge|Dragalge, L88, F|258/258\n|cant|p2a: Pecharunt|par\n|\n|upkeep\n|turn|39\n|\n|t:|1782844726\n|move|p1a: Dragalge|Sludge Wave|p2a: Pecharunt\n|-resisted|p2a: Pecharunt\n|-damage|p2a: Pecharunt|167/262 par\n|move|p2a: Pecharunt|Parting Shot|p1a: Dragalge\n|-unboost|p1a: Dragalge|atk|1\n|-unboost|p1a: Dragalge|spa|1\n|inactive|y1m has 120 seconds left.\n|\n|t:|1782844741\n|switch|p2a: Wugtrio|Wugtrio, L91, M, tera:Water|212/212|[from] Parting Shot\n|\n|upkeep\n|turn|40\n|inactive|y1m has 120 seconds left.\n|\n|t:|1782844748\n|switch|p1a: Cacturne|Cacturne, L92, F|172/278\n|move|p2a: Wugtrio|Stomping Tantrum|p1a: Cacturne\n|-resisted|p1a: Cacturne\n|-damage|p1a: Cacturne|114/278\n|\n|upkeep\n|turn|41\n|\n|t:|1782844757\n|switch|p2a: Meganium|Meganium, L90, M|252/290 par\n|move|p1a: Cacturne|Knock Off|p2a: Meganium\n|-damage|p2a: Meganium|177/290 par\n|\n|upkeep\n|turn|42\n|\n|t:|1782844765\n|switch|p1a: Dragalge|Dragalge, L88, F|258/258\n|move|p2a: Meganium|Knock Off|p1a: Dragalge\n|-damage|p1a: Dragalge|192/258\n|-enditem|p1a: Dragalge|Assault Vest|[from] move: Knock Off|[of] p2a: Meganium\n|\n|upkeep\n|turn|43\n|\n|t:|1782844776\n|move|p1a: Dragalge|Sludge Wave|p2a: Meganium\n|-supereffective|p2a: Meganium\n|-damage|p2a: Meganium|0 fnt\n|faint|p2a: Meganium\n|\n|upkeep\n|inactive|y1m has 120 seconds left.\n|\n|t:|1782844798\n|switch|p2a: Mesprit|Mesprit, L85|78/275\n|turn|44\n|inactive|y1m has 120 seconds left.\n|\n|t:|1782844808\n|move|p2a: Mesprit|Ice Beam|p1a: Dragalge\n|-supereffective|p1a: Dragalge\n|-damage|p1a: Dragalge|49/258\n|-damage|p2a: Mesprit|51/275|[from] item: Life Orb\n|move|p1a: Dragalge|Sludge Wave|p2a: Mesprit\n|-damage|p2a: Mesprit|0 fnt\n|faint|p2a: Mesprit\n|\n|upkeep\n|inactive|y1m has 120 seconds left.\n|\n|t:|1782844817\n|switch|p2a: Wugtrio|Wugtrio, L91, M, tera:Water|212/212\n|turn|45\n|\n|t:|1782844828\n|move|p2a: Wugtrio|Throat Chop|p1a: Dragalge\n|-damage|p1a: Dragalge|0 fnt\n|faint|p1a: Dragalge\n|\n|upkeep\n|\n|t:|1782844831\n|switch|p1a: Cacturne|Cacturne, L92, F|114/278\n|turn|46\n|\n|t:|1782844851\n|switch|p2a: Pecharunt|Pecharunt, L77|167/262 par\n|move|p1a: Cacturne|Leaf Storm|p2a: Pecharunt|[miss]\n|-miss|p1a: Cacturne|p2a: Pecharunt\n|\n|upkeep\n|turn|47\n|\n|t:|1782844857\n|move|p1a: Cacturne|Knock Off|p2a: Pecharunt\n|-supereffective|p2a: Pecharunt\n|-damage|p2a: Pecharunt|0 fnt\n|-damage|p1a: Cacturne|68/278|[from] item: Rocky Helmet|[of] p2a: Pecharunt\n|-enditem|p2a: Pecharunt|Rocky Helmet|[from] move: Knock Off|[of] p1a: Cacturne\n|faint|p2a: Pecharunt\n|\n|upkeep\n|\n|t:|1782844866\n|switch|p2a: Wugtrio|Wugtrio, L91, M, tera:Water|212/212\n|turn|48\n|\n|t:|1782844879\n|move|p2a: Wugtrio|Stomping Tantrum|p1a: Cacturne\n|-resisted|p1a: Cacturne\n|-damage|p1a: Cacturne|8/278\n|move|p1a: Cacturne|Knock Off|p2a: Wugtrio\n|-damage|p2a: Wugtrio|14/212\n|-ability|p2a: Wugtrio|Gooey\n|-unboost|p1a: Cacturne|spe|1\n|-enditem|p2a: Wugtrio|Choice Band|[from] move: Knock Off|[of] p1a: Cacturne\n|\n|upkeep\n|turn|49\n|\n|t:|1782844888\n|move|p1a: Cacturne|Sucker Punch|p2a: Wugtrio\n|-damage|p2a: Wugtrio|0 fnt\n|-ability|p2a: Wugtrio|Gooey\n|-unboost|p1a: Cacturne|spe|1\n|faint|p2a: Wugtrio\n|\n|win|dandetheheartless\n|raw|dandetheheartless's rating: 2128 &rarr; <strong>2145</strong><br />(+17 for winning)\n|raw|y1m's rating: 2074 &rarr; <strong>2057</strong><br />(-17 for losing)\n", "inputlog": ">version f8ac14003a5f27e1bdc8d8c59608a773c1cb96e5\n>start {\"formatid\":\"gen9randombattle\",\"seed\":\"sodium,39156f651af68fef34ce36d1ea48997f\",\"rated\":\"Rated battle\"}\n>player p1 {\"name\":\"dandetheheartless\",\"avatar\":\"winona\",\"rating\":2128,\"seed\":\"sodium,0738a755bfc95d7d4d5d90ffe9adbc90\"}\n>player p2 {\"name\":\"y1m\",\"avatar\":\"cynthia-gen4\",\"rating\":2074,\"seed\":\"sodium,938481235a188056e3b759d415814808\"}\n>p1 switch 5\n>p2 move liquidation terastallize\n>p1 move leafstorm\n>p2 switch 3\n>p1 move knockoff\n>p2 move knockoff\n>p1 move toxicspikes\n>p2 move synthesis\n>p1 switch 6\n>p2 move energyball\n>p1 move thunderwave\n>p2 move leechseed\n>p1 move wish\n>p2 switch 5\n>p1 move thunderwave\n>p2 move malignantchain\n>p1 switch 4\n>p2 move malignantchain\n>p1 move dragontail\n>p2 move partingshot\n>p1 switch 6\n>p2 switch 4\n>p1 move leafstorm\n>p2 switch 5\n>p1 switch 4\n>p2 move knockoff\n>p1 move wish\n>p2 switch 3\n>p1 switch 6\n>p2 move partingshot\n>p2 switch 5\n>p1 switch 4\n>p2 move stealthrock\n>p1 move knockoff\n>p2 switch 3\n>p1 switch 5\n>p2 move synthesis\n>p1 move swordsdance\n>p2 switch 6\n>p1 switch 6\n>p2 move vacuumwave\n>p1 move thunderwave\n>p2 move flashcannon\n>p1 move wish\n>p2 move nastyplot\n>p1 move playrough\n>p2 move nastyplot\n>p1 move playrough\n>p2 move flashcannon\n>p1 move playrough\n>p2 move flashcannon\n>p1 switch 5\n>p1 move suckerpunch\n>p2 switch 6\n>p1 switch 3\n>p2 move knockoff\n>p1 move blueflare\n>p2 switch 3\n>p1 move willowisp\n>p2 move stoneedge\n>p1 switch 2\n>p1 move rapidspin\n>p2 move earthquake\n>p1 move earthquake\n>p2 move stealthrock\n>p1 move rapidspin\n>p2 move earthquake\n>p1 switch 4\n>p1 move sludgewave\n>p2 move stealthrock\n>p2 switch 2\n>p1 switch 6\n>p2 move nastyplot\n>p1 move throatchop\n>p2 move thunderbolt\n>p1 switch 3\n>p1 move suckerpunch\n>p2 switch 6\n>p1 move suckerpunch\n>p2 move vacuumwave\n>p2 switch 5\n>p1 switch 6\n>p2 move malignantchain\n>p1 move sludgewave\n>p2 move partingshot\n>p2 switch 4\n>p1 switch 6\n>p2 move stompingtantrum\n>p1 move knockoff\n>p2 switch 3\n>p1 switch 6\n>p2 move knockoff\n>p1 move sludgewave\n>p2 move leechseed\n>p2 switch 6\n>p1 move sludgewave\n>p2 move icebeam\n>p2 switch 3\n>p1 move sludgewave\n>p2 move throatchop\n>p1 switch 6\n>p1 move leafstorm\n>p2 switch 4\n>p1 move knockoff\n>p2 move recover\n>p2 switch 4\n>p1 move knockoff\n>p2 move stompingtantrum\n>p1 move suckerpunch\n>p2 move stompingtantrum", "uploadtime": 1782844888, "views": 6, "formatid": "gen9randombattle", "rating": 2057, "private": 0, "password": null, "player_dets": [{"name": "dandetheheartless", "avatar": "winona", "rating": 2128, "seed": "sodium,0738a755bfc95d7d4d5d90ffe9adbc90"}, {"name": "y1m", "avatar": "cynthia-gen4", "rating": 2074, "seed": "sodium,938481235a188056e3b759d415814808"}], "teams_full": [{"Chien-Pao": {"name": "Chien-Pao", "species": "Chien-Pao", "speciesId": "chienpao", "gender": "N", "shiny": false, "level": 72, "moves": ["iciclecrash", "throatchop", "swordsdance", "suckerpunch"], "ability": "Sword of Ruin", "evs": {"hp": 85, "atk": 85, "def": 85, "spa": 85, "spd": 85, "spe": 85}, "ivs": {"hp": 31, "atk": 31, "def": 31, "spa": 31, "spd": 31, "spe": 31}, "item": "Heavy-Duty Boots", "teraType": "Ice", "role": "Setup Sweeper", "bvs": {"hp": 80, "atk": 120, "def": 80, "spa": 90, "spd": 65, "spe": 135}, "stats": {"hp": 234, "atk": 215, "def": 157, "spa": 172, "spd": 136, "spe": 236}, "types": ["Dark", "Ice"]}, "Excadrill": {"name": "Excadrill", "species": "Excadrill", "speciesId": "excadrill", "gender": "F", "shiny": false, "level": 79, "moves": ["rockslide", "ironhead", "earthquake", "rapidspin"], "ability": "Mold Breaker", "evs": {"hp": 85, "atk": 85, "def": 85, "spa": 85, "spd": 85, "spe": 85}, "ivs": {"hp": 31, "atk": 31, "def": 31, "spa": 31, "spd": 31, "spe": 31}, "item": "Assault Vest", "teraType": "Grass", "role": "AV Pivot", "bvs": {"hp": 110, "atk": 135, "def": 60, "spa": 50, "spd": 65, "spe": 88}, "stats": {"hp": 303, "atk": 259, "def": 140, "spa": 125, "spd": 148, "spe": 185}, "types": ["Ground", "Steel"]}, "Reshiram": {"name": "Reshiram", "species": "Reshiram", "speciesId": "reshiram", "gender": "N", "shiny": false, "level": 76, "moves": ["willowisp", "earthpower", "dracometeor", "blueflare"], "ability": "Turboblaze", "evs": {"hp": 85, "atk": 0, "def": 85, "spa": 85, "spd": 85, "spe": 85}, "ivs": {"hp": 31, "atk": 0, "def": 31, "spa": 31, "spd": 31, "spe": 31}, "item": "Heavy-Duty Boots", "teraType": "Fire", "role": "Fast Attacker", "bvs": {"hp": 100, "atk": 120, "def": 100, "spa": 150, "spd": 120, "spe": 90}, "stats": {"hp": 277, "atk": 187, "def": 196, "spa": 272, "spd": 226, "spe": 181}, "types": ["Dragon", "Fire"]}, "Dragalge": {"name": "Dragalge", "species": "Dragalge", "speciesId": "dragalge", "gender": "F", "shiny": false, "level": 88, "moves": ["sludgewave", "dracometeor", "focusblast", "dragontail"], "ability": "Adaptability", "evs": {"hp": 85, "atk": 85, "def": 85, "spa": 85, "spd": 85, "spe": 85}, "ivs": {"hp": 31, "atk": 31, "def": 31, "spa": 31, "spd": 31, "spe": 31}, "item": "Assault Vest", "teraType": "Fighting", "role": "Bulky Attacker", "bvs": {"hp": 65, "atk": 75, "def": 90, "spa": 97, "spd": 123, "spe": 44}, "stats": {"hp": 258, "atk": 182, "def": 209, "spa": 221, "spd": 267, "spe": 128}, "types": ["Poison", "Dragon"]}, "Cacturne": {"name": "Cacturne", "species": "Cacturne", "speciesId": "cacturne", "gender": "F", "shiny": false, "level": 92, "moves": ["knockoff", "suckerpunch", "leafstorm", "toxicspikes"], "ability": "Water Absorb", "evs": {"hp": 85, "atk": 85, "def": 85, "spa": 85, "spd": 85, "spe": 85}, "ivs": {"hp": 31, "atk": 31, "def": 31, "spa": 31, "spd": 31, "spe": 31}, "item": "Life Orb", "teraType": "Poison", "role": "Wallbreaker", "bvs": {"hp": 70, "atk": 115, "def": 60, "spa": 115, "spd": 60, "spe": 55}, "stats": {"hp": 278, "atk": 264, "def": 163, "spa": 264, "spd": 163, "spe": 154}, "types": ["Grass", "Dark"]}, "Scream Tail": {"name": "Scream Tail", "species": "Scream Tail", "speciesId": "screamtail", "gender": "N", "shiny": false, "level": 84, "moves": ["protect", "wish", "playrough", "thunderwave"], "ability": "Protosynthesis", "evs": {"hp": 85, "atk": 85, "def": 85, "spa": 85, "spd": 85, "spe": 85}, "ivs": {"hp": 31, "atk": 31, "def": 31, "spa": 31, "spd": 31, "spe": 31}, "item": "Leftovers", "teraType": "Steel", "role": "Bulky Support", "bvs": {"hp": 115, "atk": 65, "def": 99, "spa": 65, "spd": 115, "spe": 111}, "stats": {"hp": 330, "atk": 157, "def": 215, "spa": 157, "spd": 241, "spe": 235}, "types": ["Fairy", "Psychic"]}}, {"Wugtrio": {"name": "Wugtrio", "species": "Wugtrio", "speciesId": "wugtrio", "gender": "M", "shiny": false, "level": 91, "moves": ["aquajet", "liquidation", "throatchop", "stompingtantrum"], "ability": "Gooey", "evs": {"hp": 85, "atk": 85, "def": 85, "spa": 85, "spd": 85, "spe": 85}, "ivs": {"hp": 31, "atk": 31, "def": 31, "spa": 31, "spd": 31, "spe": 31}, "item": "Choice Band", "teraType": "Water", "role": "Fast Attacker", "bvs": {"hp": 35, "atk": 100, "def": 50, "spa": 50, "spd": 70, "spe": 120}, "stats": {"hp": 212, "atk": 234, "def": 143, "spa": 143, "spd": 179, "spe": 270}, "types": ["Water"]}, "Mesprit": {"name": "Mesprit", "species": "Mesprit", "speciesId": "mesprit", "gender": "N", "shiny": false, "level": 85, "moves": ["psychic", "nastyplot", "icebeam", "thunderbolt"], "ability": "Levitate", "evs": {"hp": 85, "atk": 0, "def": 85, "spa": 85, "spd": 85, "spe": 85}, "ivs": {"hp": 31, "atk": 0, "def": 31, "spa": 31, "spd": 31, "spe": 31}, "item": "Life Orb", "teraType": "Electric", "role": "Fast Attacker", "bvs": {"hp": 80, "atk": 105, "def": 105, "spa": 105, "spd": 105, "spe": 80}, "stats": {"hp": 275, "atk": 183, "def": 227, "spa": 227, "spd": 227, "spe": 185}, "types": ["Psychic"]}, "Meganium": {"name": "Meganium", "species": "Meganium", "speciesId": "meganium", "gender": "M", "shiny": false, "level": 90, "moves": ["leechseed", "synthesis", "knockoff", "energyball"], "ability": "Overgrow", "evs": {"hp": 85, "atk": 85, "def": 85, "spa": 85, "spd": 85, "spe": 85}, "ivs": {"hp": 31, "atk": 31, "def": 31, "spa": 31, "spd": 31, "spe": 31}, "item": "Leftovers", "teraType": "Poison", "role": "Bulky Attacker", "bvs": {"hp": 80, "atk": 82, "def": 100, "spa": 83, "spd": 100, "spe": 80}, "stats": {"hp": 290, "atk": 199, "def": 231, "spa": 201, "spd": 231, "spe": 195}, "types": ["Grass"]}, "Rhydon": {"name": "Rhydon", "species": "Rhydon", "speciesId": "rhydon", "gender": "M", "shiny": false, "level": 85, "moves": ["stoneedge", "stealthrock", "earthquake", "megahorn"], "ability": "Lightning Rod", "evs": {"hp": 85, "atk": 85, "def": 85, "spa": 85, "spd": 85, "spe": 85}, "ivs": {"hp": 31, "atk": 31, "def": 31, "spa": 31, "spd": 31, "spe": 31}, "item": "Eviolite", "teraType": "Dragon", "role": "Bulky Attacker", "bvs": {"hp": 105, "atk": 130, "def": 120, "spa": 45, "spd": 45, "spe": 40}, "stats": {"hp": 317, "atk": 270, "def": 253, "spa": 125, "spd": 125, "spe": 117}, "types": ["Ground", "Rock"]}, "Pecharunt": {"name": "Pecharunt", "species": "Pecharunt", "speciesId": "pecharunt", "gender": "N", "shiny": false, "level": 77, "moves": ["partingshot", "recover", "malignantchain", "shadowball"], "ability": "Poison Puppeteer", "evs": {"hp": 85, "atk": 0, "def": 85, "spa": 85, "spd": 85, "spe": 85}, "ivs": {"hp": 31, "atk": 0, "def": 31, "spa": 31, "spd": 31, "spe": 31}, "item": "Rocky Helmet", "teraType": "Dark", "role": "Bulky Attacker", "bvs": {"hp": 88, "atk": 88, "def": 160, "spa": 88, "spd": 88, "spe": 88}, "stats": {"hp": 262, "atk": 140, "def": 291, "spa": 180, "spd": 180, "spe": 180}, "types": ["Poison", "Ghost"]}, "Lucario": {"name": "Lucario", "species": "Lucario", "speciesId": "lucario", "gender": "F", "shiny": false, "level": 84, "moves": ["flashcannon", "nastyplot", "aurasphere", "vacuumwave"], "ability": "Inner Focus", "evs": {"hp": 85, "atk": 0, "def": 85, "spa": 85, "spd": 85, "spe": 85}, "ivs": {"hp": 31, "atk": 0, "def": 31, "spa": 31, "spd": 31, "spe": 31}, "item": "Life Orb", "teraType": "Fighting", "role": "Setup Sweeper", "bvs": {"hp": 70, "atk": 110, "def": 70, "spa": 115, "spd": 70, "spe": 90}, "stats": {"hp": 255, "atk": 189, "def": 166, "spa": 241, "spd": 166, "spe": 199}, "types": ["Fighting", "Steel"]}}]}