{"id": "gen9randombattle-2642234846", "format": "[Gen 9] Random Battle", "players": ["DBKaiyote", "jnpr010334"], "log": "|j|\u2606DBKaiyote\n|j|\u2606jnpr010334\n|t:|1782914731\n|gametype|singles\n|player|p1|DBKaiyote|swimmer-gen4|1890\n|player|p2|jnpr010334|265|1936\n|gen|9\n|tier|[Gen 9] Random Battle\n|rated|\n|rule|Species Clause: Limit one of each Pok\u00e9mon\n|rule|HP Percentage Mod: HP is shown in percentages\n|rule|Sleep Clause Mod: Limit one foe put to sleep\n|rule|Illusion Level Mod: Illusion disguises the Pok\u00e9mon's true level\n|\n|t:|1782914731\n|teamsize|p1|6\n|teamsize|p2|6\n|start\n|switch|p1a: Regice|Regice, L88|284/284\n|switch|p2a: Veluza|Veluza, L85, M|292/292\n|turn|1\n|inactive|Battle timer is ON: inactive players will automatically lose when time's up. (requested by DBKaiyote)\n|inactive|jnpr010334 also wants the timer to be on.\n|\n|t:|1782914739\n|-terastallize|p2a: Veluza|Psychic\n|move|p2a: Veluza|Fillet Away|p2a: Veluza\n|-boost|p2a: Veluza|atk|2\n|-boost|p2a: Veluza|spa|2\n|-boost|p2a: Veluza|spe|2\n|-damage|p2a: Veluza|146/292\n|-enditem|p2a: Veluza|Sitrus Berry|[eat]\n|-heal|p2a: Veluza|219/292|[from] item: Sitrus Berry\n|move|p1a: Regice|Thunder Wave|p2a: Veluza\n|-status|p2a: Veluza|par\n|\n|upkeep\n|turn|2\n|\n|t:|1782914759\n|switch|p1a: Orthworm|Orthworm, L88, M|266/266\n|move|p2a: Veluza|Psycho Cut|p1a: Orthworm\n|-resisted|p1a: Orthworm\n|-damage|p1a: Orthworm|169/266\n|\n|upkeep\n|turn|3\n|\n|t:|1782914762\n|move|p2a: Veluza|Aqua Cutter|p1a: Orthworm\n|-crit|p1a: Orthworm\n|-damage|p1a: Orthworm|0 fnt\n|faint|p1a: Orthworm\n|\n|upkeep\n|\n|t:|1782914777\n|switch|p1a: Latios|Latios, L78, M|253/253\n|turn|4\n|\n|t:|1782914781\n|move|p1a: Latios|Draco Meteor|p2a: Veluza\n|-damage|p2a: Veluza|0 fnt\n|-unboost|p1a: Latios|spa|2\n|faint|p2a: Veluza\n|\n|upkeep\n|\n|t:|1782914783\n|switch|p2a: Forretress|Forretress, L84, M|263/263\n|turn|5\n|\n|t:|1782914788\n|switch|p1a: Corviknight|Corviknight, L80, M|288/288\n|-ability|p1a: Corviknight|Pressure\n|move|p2a: Forretress|Stealth Rock|p1a: Corviknight\n|-sidestart|p1: DBKaiyote|move: Stealth Rock\n|\n|upkeep\n|turn|6\n|\n|t:|1782914790\n|move|p1a: Corviknight|Defog|p2a: Forretress\n|-unboost|p2a: Forretress|evasion|1\n|-sideend|p1: DBKaiyote|Stealth Rock|[from] move: Defog|[of] p1a: Corviknight\n|move|p2a: Forretress|Thunder Wave|p1a: Corviknight\n|-status|p1a: Corviknight|par\n|\n|upkeep\n|turn|7\n|\n|t:|1782914794\n|switch|p2a: Coalossal|Coalossal, L89, F|341/341\n|cant|p1a: Corviknight|par\n|\n|upkeep\n|turn|8\n|\n|t:|1782914799\n|switch|p1a: Golduck|Golduck, L90, F|290/290\n|-ability|p1a: Golduck|Cloud Nine\n|move|p2a: Coalossal|Spikes|p1a: Golduck\n|-sidestart|p1: DBKaiyote|Spikes\n|\n|upkeep\n|turn|9\n|\n|t:|1782914805\n|switch|p2a: Venusaur|Venusaur, L84, M|272/272\n|move|p1a: Golduck|Nasty Plot|p1a: Golduck\n|-boost|p1a: Golduck|spa|2\n|\n|upkeep\n|turn|10\n|\n|t:|1782914808\n|move|p1a: Golduck|Ice Beam|p2a: Venusaur\n|-supereffective|p2a: Venusaur\n|-damage|p2a: Venusaur|0 fnt\n|faint|p2a: Venusaur\n|\n|upkeep\n|\n|t:|1782914810\n|switch|p2a: Barraskewda|Barraskewda, L81, F|231/231\n|turn|11\n|\n|t:|1782914814\n|move|p2a: Barraskewda|Close Combat|p1a: Golduck\n|-crit|p1a: Golduck\n|-damage|p1a: Golduck|82/290\n|-unboost|p2a: Barraskewda|def|1\n|-unboost|p2a: Barraskewda|spd|1\n|move|p1a: Golduck|Grass Knot|p2a: Barraskewda\n|-supereffective|p2a: Barraskewda\n|-damage|p2a: Barraskewda|0 fnt\n|faint|p2a: Barraskewda\n|\n|-heal|p1a: Golduck|100/290|[from] item: Leftovers\n|upkeep\n|\n|t:|1782914815\n|switch|p2a: Weezing|Weezing-Galar, L86, M|252/252\n|turn|12\n|\n|t:|1782914819\n|move|p1a: Golduck|Hydro Pump|p2a: Weezing\n|-damage|p2a: Weezing|0 fnt\n|faint|p2a: Weezing\n|\n|-heal|p1a: Golduck|118/290|[from] item: Leftovers\n|upkeep\n|\n|t:|1782914821\n|switch|p2a: Coalossal|Coalossal, L89, F|341/341\n|turn|13\n|\n|t:|1782914827\n|move|p1a: Golduck|Grass Knot|p2a: Coalossal\n|-damage|p2a: Coalossal|156/341\n|move|p2a: Coalossal|Stone Edge|p1a: Golduck\n|-damage|p1a: Golduck|22/290\n|\n|-heal|p1a: Golduck|40/290|[from] item: Leftovers\n|upkeep\n|turn|14\n|\n|t:|1782914831\n|move|p1a: Golduck|Grass Knot|p2a: Coalossal\n|-damage|p2a: Coalossal|0 fnt\n|faint|p2a: Coalossal\n|\n|-heal|p1a: Golduck|58/290|[from] item: Leftovers\n|upkeep\n|\n|t:|1782914832\n|switch|p2a: Forretress|Forretress, L84, M|263/263\n|turn|15\n|\n|t:|1782914835\n|move|p1a: Golduck|Hydro Pump|p2a: Forretress|[miss]\n|-miss|p1a: Golduck|p2a: Forretress\n|move|p2a: Forretress|Rapid Spin|p1a: Golduck\n|-damage|p1a: Golduck|25/290\n|-boost|p2a: Forretress|spe|1\n|\n|-heal|p1a: Golduck|43/290|[from] item: Leftovers\n|upkeep\n|turn|16\n|\n|t:|1782914838\n|move|p1a: Golduck|Hydro Pump|p2a: Forretress|[miss]\n|-miss|p1a: Golduck|p2a: Forretress\n|move|p2a: Forretress|Iron Head|p1a: Golduck\n|-resisted|p1a: Golduck\n|-damage|p1a: Golduck|3/290\n|\n|-heal|p1a: Golduck|21/290|[from] item: Leftovers\n|upkeep\n|turn|17\n|\n|t:|1782914841\n|move|p1a: Golduck|Hydro Pump|p2a: Forretress\n|-crit|p2a: Forretress\n|-ability|p2a: Forretress|Sturdy\n|-damage|p2a: Forretress|1/263\n|move|p2a: Forretress|Rapid Spin|p1a: Golduck\n|-damage|p1a: Golduck|0 fnt\n|-boost|p2a: Forretress|spe|1\n|faint|p1a: Golduck\n|\n|-heal|p2a: Forretress|17/263|[from] item: Leftovers\n|upkeep\n|\n|t:|1782914844\n|switch|p1a: Latios|Latios, L78, M|253/253\n|turn|18\n|\n|t:|1782914848\n|move|p2a: Forretress|Iron Head|p1a: Latios\n|-damage|p1a: Latios|162/253\n|cant|p1a: Latios|flinch\n|\n|-heal|p2a: Forretress|33/263|[from] item: Leftovers\n|upkeep\n|turn|19\n|\n|t:|1782914852\n|move|p2a: Forretress|Iron Head|p1a: Latios\n|-damage|p1a: Latios|63/253\n|move|p1a: Latios|Aura Sphere|p2a: Forretress\n|-damage|p2a: Forretress|0 fnt\n|faint|p2a: Forretress\n|\n|win|DBKaiyote\n|raw|DBKaiyote's rating: 1890 &rarr; <strong>1913</strong><br />(+23 for winning)\n|raw|jnpr010334's rating: 1935 &rarr; <strong>1912</strong><br />(-23 for losing)\n", "inputlog": ">version f8ac14003a5f27e1bdc8d8c59608a773c1cb96e5\n>start {\"formatid\":\"gen9randombattle\",\"seed\":\"sodium,5e1608c6bcfe886a855660d84d15227a\",\"rated\":\"Rated battle\"}\n>player p1 {\"name\":\"DBKaiyote\",\"avatar\":\"swimmer-gen4\",\"rating\":1890,\"seed\":\"sodium,30e0b1240d60d0f9673a268430680ec5\"}\n>player p2 {\"name\":\"jnpr010334\",\"avatar\":\"265\",\"rating\":1936,\"seed\":\"sodium,719220f4ff25519f1f95328181694e24\"}\n>p1 move thunderwave\n>p2 move filletaway terastallize\n>p1 switch 4\n>p2 move psychocut\n>p1 move irontail\n>p2 move aquacutter\n>p1 switch 2\n>p1 move dracometeor\n>p2 move nightslash\n>p2 switch 3\n>p1 switch 5\n>p2 move stealthrock\n>p1 move defog\n>p2 move thunderwave\n>p1 move bravebird\n>p2 switch 6\n>p1 switch 3\n>p2 move spikes\n>p1 move nastyplot\n>p2 switch 2\n>p1 move icebeam\n>p2 move gigadrain\n>p2 switch 4\n>p1 move grassknot\n>p2 move closecombat\n>p2 switch 5\n>p1 move hydropump\n>p2 move gunkshot\n>p2 switch 2\n>p1 move grassknot\n>p2 move stoneedge\n>p1 move grassknot\n>p2 move stoneedge\n>p2 switch 6\n>p1 move hydropump\n>p2 move rapidspin\n>p1 move hydropump\n>p2 move ironhead\n>p1 move hydropump\n>p2 move rapidspin\n>p1 switch 5\n>p1 move lusterpurge\n>p2 move ironhead\n>p1 move aurasphere\n>p2 move ironhead", "uploadtime": 1782914852, "views": 2, "formatid": "gen9randombattle", "rating": 1912, "private": 0, "password": null, "player_dets": [{"name": "DBKaiyote", "avatar": "swimmer-gen4", "rating": 1890, "seed": "sodium,30e0b1240d60d0f9673a268430680ec5"}, {"name": "jnpr010334", "avatar": "265", "rating": 1936, "seed": "sodium,719220f4ff25519f1f95328181694e24"}], "teams_full": [{"Regice": {"name": "Regice", "species": "Regice", "speciesId": "regice", "gender": "N", "shiny": false, "level": 88, "moves": ["icebeam", "thunderbolt", "thunderwave", "bodypress"], "ability": "Clear Body", "evs": {"hp": 85, "atk": 0, "def": 85, "spa": 85, "spd": 85, "spe": 85}, "ivs": {"hp": 31, "atk": 0, "def": 31, "spa": 31, "spd": 31, "spe": 31}, "item": "Heavy-Duty Boots", "teraType": "Electric", "role": "Bulky Attacker", "bvs": {"hp": 80, "atk": 50, "def": 100, "spa": 100, "spd": 200, "spe": 50}, "stats": {"hp": 284, "atk": 93, "def": 226, "spa": 226, "spd": 402, "spe": 138}, "types": ["Ice"]}, "Latios": {"name": "Latios", "species": "Latios", "speciesId": "latios", "gender": "M", "shiny": false, "level": 78, "moves": ["lusterpurge", "dracometeor", "aurasphere", "flipturn"], "ability": "Levitate", "evs": {"hp": 85, "atk": 85, "def": 85, "spa": 85, "spd": 85, "spe": 85}, "ivs": {"hp": 31, "atk": 31, "def": 31, "spa": 31, "spd": 31, "spe": 31}, "item": "Choice Specs", "teraType": "Psychic", "role": "Fast Attacker", "bvs": {"hp": 80, "atk": 90, "def": 80, "spa": 130, "spd": 110, "spe": 110}, "stats": {"hp": 253, "atk": 185, "def": 170, "spa": 248, "spd": 217, "spe": 217}, "types": ["Dragon", "Psychic"]}, "Golduck": {"name": "Golduck", "species": "Golduck", "speciesId": "golduck", "gender": "F", "shiny": false, "level": 90, "moves": ["icebeam", "hydropump", "grassknot", "nastyplot"], "ability": "Cloud Nine", "evs": {"hp": 85, "atk": 0, "def": 85, "spa": 85, "spd": 85, "spe": 85}, "ivs": {"hp": 31, "atk": 0, "def": 31, "spa": 31, "spd": 31, "spe": 31}, "item": "Leftovers", "teraType": "Water", "role": "Bulky Setup", "bvs": {"hp": 80, "atk": 82, "def": 78, "spa": 95, "spd": 80, "spe": 85}, "stats": {"hp": 290, "atk": 152, "def": 192, "spa": 222, "spd": 195, "spe": 204}, "types": ["Water"]}, "Orthworm": {"name": "Orthworm", "species": "Orthworm", "speciesId": "orthworm", "gender": "M", "shiny": false, "level": 88, "moves": ["bodypress", "irontail", "coil", "rest"], "ability": "Earth Eater", "evs": {"hp": 85, "atk": 85, "def": 85, "spa": 85, "spd": 85, "spe": 85}, "ivs": {"hp": 31, "atk": 31, "def": 31, "spa": 31, "spd": 31, "spe": 31}, "item": "Chesto Berry", "teraType": "Fighting", "role": "Bulky Setup", "bvs": {"hp": 70, "atk": 85, "def": 145, "spa": 60, "spd": 55, "spe": 65}, "stats": {"hp": 266, "atk": 200, "def": 305, "spa": 156, "spd": 147, "spe": 165}, "types": ["Steel"]}, "Corviknight": {"name": "Corviknight", "species": "Corviknight", "speciesId": "corviknight", "gender": "M", "shiny": false, "level": 80, "moves": ["defog", "bodypress", "roost", "bravebird"], "ability": "Pressure", "evs": {"hp": 85, "atk": 85, "def": 85, "spa": 85, "spd": 85, "spe": 85}, "ivs": {"hp": 31, "atk": 31, "def": 31, "spa": 31, "spd": 31, "spe": 31}, "item": "Leftovers", "teraType": "Dragon", "role": "Bulky Support", "bvs": {"hp": 98, "atk": 87, "def": 105, "spa": 53, "spd": 85, "spe": 67}, "stats": {"hp": 288, "atk": 185, "def": 214, "spa": 131, "spd": 182, "spe": 153}, "types": ["Flying", "Steel"]}, "Sneasler": {"name": "Sneasler", "species": "Sneasler", "speciesId": "sneasler", "gender": "F", "shiny": false, "level": 74, "moves": ["swordsdance", "closecombat", "acrobatics", "gunkshot"], "ability": "Unburden", "evs": {"hp": 85, "atk": 85, "def": 85, "spa": 85, "spd": 85, "spe": 85}, "ivs": {"hp": 31, "atk": 31, "def": 31, "spa": 31, "spd": 31, "spe": 31}, "item": "White Herb", "teraType": "Flying", "role": "Setup Sweeper", "bvs": {"hp": 80, "atk": 130, "def": 60, "spa": 40, "spd": 80, "spe": 120}, "stats": {"hp": 240, "atk": 235, "def": 132, "spa": 102, "spd": 161, "spe": 221}, "types": ["Fighting", "Poison"]}}, {"Veluza": {"name": "Veluza", "species": "Veluza", "speciesId": "veluza", "gender": "M", "shiny": false, "level": 85, "moves": ["nightslash", "psychocut", "aquacutter", "filletaway"], "ability": "Sharpness", "evs": {"hp": 85, "atk": 85, "def": 85, "spa": 85, "spd": 85, "spe": 85}, "ivs": {"hp": 31, "atk": 31, "def": 31, "spa": 31, "spd": 31, "spe": 31}, "item": "Sitrus Berry", "teraType": "Psychic", "role": "Setup Sweeper", "bvs": {"hp": 90, "atk": 102, "def": 73, "spa": 78, "spd": 65, "spe": 70}, "stats": {"hp": 292, "atk": 222, "def": 173, "spa": 181, "spd": 159, "spe": 168}, "types": ["Water", "Psychic"]}, "Venusaur": {"name": "Venusaur", "species": "Venusaur", "speciesId": "venusaur", "gender": "M", "shiny": false, "level": 84, "moves": ["sludgebomb", "gigadrain", "substitute", "leechseed"], "ability": "Overgrow", "evs": {"hp": 85, "atk": 0, "def": 85, "spa": 85, "spd": 85, "spe": 85}, "ivs": {"hp": 31, "atk": 0, "def": 31, "spa": 31, "spd": 31, "spe": 31}, "item": "Leftovers", "teraType": "Water", "role": "Bulky Support", "bvs": {"hp": 80, "atk": 82, "def": 83, "spa": 100, "spd": 100, "spe": 80}, "stats": {"hp": 272, "atk": 142, "def": 188, "spa": 216, "spd": 216, "spe": 183}, "types": ["Grass", "Poison"]}, "Forretress": {"name": "Forretress", "species": "Forretress", "speciesId": "forretress", "gender": "M", "shiny": false, "level": 84, "moves": ["rapidspin", "stealthrock", "thunderwave", "ironhead"], "ability": "Sturdy", "evs": {"hp": 85, "atk": 85, "def": 85, "spa": 85, "spd": 85, "spe": 85}, "ivs": {"hp": 31, "atk": 31, "def": 31, "spa": 31, "spd": 31, "spe": 31}, "item": "Leftovers", "teraType": "Water", "role": "Bulky Support", "bvs": {"hp": 75, "atk": 90, "def": 140, "spa": 60, "spd": 60, "spe": 40}, "stats": {"hp": 263, "atk": 199, "def": 283, "spa": 149, "spd": 149, "spe": 115}, "types": ["Bug", "Steel"]}, "Barraskewda": {"name": "Barraskewda", "species": "Barraskewda", "speciesId": "barraskewda", "gender": "F", "shiny": false, "level": 81, "moves": ["flipturn", "closecombat", "waterfall", "psychicfangs"], "ability": "Swift Swim", "evs": {"hp": 85, "atk": 85, "def": 85, "spa": 85, "spd": 85, "spe": 85}, "ivs": {"hp": 31, "atk": 31, "def": 31, "spa": 31, "spd": 31, "spe": 31}, "item": "Choice Band", "teraType": "Water", "role": "Wallbreaker", "bvs": {"hp": 61, "atk": 123, "def": 60, "spa": 60, "spd": 50, "spe": 136}, "stats": {"hp": 231, "atk": 246, "def": 144, "spa": 144, "spd": 128, "spe": 267}, "types": ["Water"]}, "Weezing": {"name": "Weezing", "species": "Weezing-Galar", "speciesId": "weezinggalar", "gender": "M", "shiny": false, "level": 86, "moves": ["painsplit", "strangesteam", "gunkshot", "fireblast"], "ability": "Levitate", "evs": {"hp": 85, "atk": 85, "def": 85, "spa": 85, "spd": 85, "spe": 85}, "ivs": {"hp": 31, "atk": 31, "def": 31, "spa": 31, "spd": 31, "spe": 31}, "item": "Leftovers", "teraType": "Steel", "role": "Bulky Support", "bvs": {"hp": 65, "atk": 90, "def": 120, "spa": 85, "spd": 70, "spe": 60}, "stats": {"hp": 252, "atk": 204, "def": 256, "spa": 195, "spd": 170, "spe": 152}, "types": ["Poison", "Fairy"]}, "Coalossal": {"name": "Coalossal", "species": "Coalossal", "speciesId": "coalossal", "gender": "F", "shiny": false, "level": 89, "moves": ["stoneedge", "flamethrower", "willowisp", "spikes"], "ability": "Flame Body", "evs": {"hp": 85, "atk": 85, "def": 85, "spa": 85, "spd": 85, "spe": 85}, "ivs": {"hp": 31, "atk": 31, "def": 31, "spa": 31, "spd": 31, "spe": 31}, "item": "Heavy-Duty Boots", "teraType": "Ghost", "role": "Bulky Support", "bvs": {"hp": 110, "atk": 80, "def": 120, "spa": 80, "spd": 90, "spe": 30}, "stats": {"hp": 341, "atk": 193, "def": 264, "spa": 193, "spd": 211, "spe": 104}, "types": ["Rock", "Fire"]}}]}