{"id": "gen9randombattle-2641758583", "format": "[Gen 9] Random Battle", "players": ["LiggyLiggy", "Aridame"], "log": "|j|\u203dLiggyLiggy\n|j|\u2606Aridame\n|t:|1782838435\n|gametype|singles\n|player|p1|LiggyLiggy|1|1939\n|player|p2|Aridame|101|1994\n|gen|9\n|tier|[Gen 9] Random Battle\n|rated|\n|rule|Species Clause: Limit one of each Pok\u00e9mon\n|rule|HP Percentage Mod: HP is shown in percentages\n|rule|Sleep Clause Mod: Limit one foe put to sleep\n|rule|Illusion Level Mod: Illusion disguises the Pok\u00e9mon's true level\n|\n|t:|1782838435\n|teamsize|p1|6\n|teamsize|p2|6\n|start\n|switch|p1a: Galvantula|Galvantula, L82, F|249/249\n|switch|p2a: Lunala|Lunala, L70|308/308\n|turn|1\n|inactive|Battle timer is ON: inactive players will automatically lose when time's up. (requested by LiggyLiggy)\n|\n|t:|1782838451\n|move|p1a: Galvantula|Sticky Web|p2a: Lunala\n|-sidestart|p2: Aridame|move: Sticky Web\n|move|p2a: Lunala|Calm Mind|p2a: Lunala\n|-boost|p2a: Lunala|spa|1\n|-boost|p2a: Lunala|spd|1\n|\n|upkeep\n|turn|2\n|\n|t:|1782838463\n|move|p1a: Galvantula|Volt Switch|p2a: Lunala\n|-damage|p2a: Lunala|281/308\n|\n|t:|1782838465\n|switch|p1a: Overqwil|Overqwil, L82, F|274/274|[from] Volt Switch\n|-ability|p1a: Overqwil|Intimidate|boost\n|-unboost|p2a: Lunala|atk|1\n|move|p2a: Lunala|Moongeist Beam|p1a: Overqwil\n|-resisted|p1a: Overqwil\n|-damage|p1a: Overqwil|181/274\n|\n|-heal|p2a: Lunala|300/308|[from] item: Leftovers\n|upkeep\n|turn|3\n|\n|t:|1782838477\n|switch|p2a: Bombirdier|Bombirdier, L85, M|258/258\n|move|p1a: Overqwil|Crunch|p2a: Bombirdier\n|-resisted|p2a: Bombirdier\n|-damage|p2a: Bombirdier|208/258\n|\n|upkeep\n|turn|4\n|\n|t:|1782838502\n|move|p2a: Bombirdier|Brave Bird|p1a: Overqwil\n|-damage|p1a: Overqwil|39/274\n|-damage|p2a: Bombirdier|161/258|[from] Recoil\n|move|p1a: Overqwil|Scale Shot|p2a: Bombirdier\n|-damage|p2a: Bombirdier|142/258\n|-damage|p2a: Bombirdier|123/258\n|-damage|p2a: Bombirdier|103/258\n|-damage|p2a: Bombirdier|83/258\n|-damage|p2a: Bombirdier|65/258\n|-hitcount|p2a: Bombirdier|5\n|-unboost|p1a: Overqwil|def|1\n|-boost|p1a: Overqwil|spe|1\n|\n|upkeep\n|turn|5\n|\n|t:|1782838508\n|move|p1a: Overqwil|Gunk Shot|p2a: Bombirdier|[miss]\n|-miss|p1a: Overqwil|p2a: Bombirdier\n|move|p2a: Bombirdier|Brave Bird|p1a: Overqwil\n|-damage|p1a: Overqwil|0 fnt\n|faint|p1a: Overqwil\n|-damage|p2a: Bombirdier|52/258|[from] Recoil\n|\n|upkeep\n|\n|t:|1782838510\n|switch|p1a: Archaludon|Archaludon, L78, F|268/268\n|turn|6\n|\n|t:|1782838517\n|switch|p2a: Ninetales|Ninetales, L85, M|263/263\n|-weather|SunnyDay|[from] ability: Drought|[of] p2a: Ninetales\n|move|p1a: Archaludon|Stealth Rock|p2a: Ninetales\n|-sidestart|p2: Aridame|move: Stealth Rock\n|\n|-weather|SunnyDay|[upkeep]\n|upkeep\n|turn|7\n|inactive|LiggyLiggy has 120 seconds left.\n|\n|t:|1782838562\n|switch|p1a: Lugia|Lugia, L73|275/275\n|move|p2a: Ninetales|Nasty Plot|p2a: Ninetales\n|-boost|p2a: Ninetales|spa|2\n|\n|-weather|SunnyDay|[upkeep]\n|upkeep\n|turn|8\n|\n|t:|1782838576\n|switch|p2a: Lunala|Lunala, L70|300/308\n|-activate|p2a: Lunala|move: Sticky Web\n|-unboost|p2a: Lunala|spe|1\n|-damage|p2a: Lunala|262/308|[from] Stealth Rock\n|move|p1a: Lugia|Calm Mind|p1a: Lugia\n|-boost|p1a: Lugia|spa|1\n|-boost|p1a: Lugia|spd|1\n|\n|-weather|SunnyDay|[upkeep]\n|-heal|p2a: Lunala|281/308|[from] item: Leftovers\n|upkeep\n|turn|9\n|\n|t:|1782838583\n|move|p1a: Lugia|Aeroblast|p2a: Lunala\n|-damage|p2a: Lunala|164/308\n|move|p2a: Lunala|Calm Mind|p2a: Lunala\n|-boost|p2a: Lunala|spa|1\n|-boost|p2a: Lunala|spd|1\n|\n|-weather|SunnyDay|[upkeep]\n|-heal|p2a: Lunala|183/308|[from] item: Leftovers\n|upkeep\n|turn|10\n|\n|t:|1782838591\n|switch|p1a: Gholdengo|Gholdengo, L77|261/261\n|move|p2a: Lunala|Moonlight|p2a: Lunala\n|-heal|p2a: Lunala|308/308\n|\n|-weather|none\n|upkeep\n|turn|11\n|\n|t:|1782838594\n|move|p1a: Gholdengo|Thunder Wave|p2a: Lunala\n|-status|p2a: Lunala|par\n|move|p2a: Lunala|Moongeist Beam|p1a: Gholdengo\n|-supereffective|p1a: Gholdengo\n|-damage|p1a: Gholdengo|0 fnt\n|faint|p1a: Gholdengo\n|\n|upkeep\n|\n|t:|1782838597\n|switch|p1a: Kyurem|Kyurem-White, L73|303/303\n|-ability|p1a: Kyurem|Turboblaze\n|turn|12\n|\n|t:|1782838607\n|move|p1a: Kyurem|Ice Beam|p2a: Lunala\n|-damage|p2a: Lunala|272/308 par\n|cant|p2a: Lunala|par\n|\n|-heal|p2a: Lunala|291/308 par|[from] item: Leftovers\n|upkeep\n|turn|13\n|\n|t:|1782838612\n|switch|p1a: Lugia|Lugia, L73|275/275\n|move|p2a: Lunala|Calm Mind|p2a: Lunala\n|-boost|p2a: Lunala|spa|1\n|-boost|p2a: Lunala|spd|1\n|\n|-heal|p2a: Lunala|308/308 par|[from] item: Leftovers\n|upkeep\n|turn|14\n|\n|t:|1782838619\n|move|p1a: Lugia|Calm Mind|p1a: Lugia\n|-boost|p1a: Lugia|spa|1\n|-boost|p1a: Lugia|spd|1\n|cant|p2a: Lunala|par\n|\n|upkeep\n|turn|15\n|\n|t:|1782838622\n|move|p1a: Lugia|Calm Mind|p1a: Lugia\n|-boost|p1a: Lugia|spa|1\n|-boost|p1a: Lugia|spd|1\n|move|p2a: Lunala|Calm Mind|p2a: Lunala\n|-boost|p2a: Lunala|spa|1\n|-boost|p2a: Lunala|spd|1\n|\n|upkeep\n|turn|16\n|\n|t:|1782838624\n|move|p1a: Lugia|Calm Mind|p1a: Lugia\n|-boost|p1a: Lugia|spa|1\n|-boost|p1a: Lugia|spd|1\n|cant|p2a: Lunala|par\n|\n|upkeep\n|turn|17\n|\n|t:|1782838627\n|move|p1a: Lugia|Calm Mind|p1a: Lugia\n|-boost|p1a: Lugia|spa|1\n|-boost|p1a: Lugia|spd|1\n|move|p2a: Lunala|Calm Mind|p2a: Lunala\n|-boost|p2a: Lunala|spa|1\n|-boost|p2a: Lunala|spd|1\n|\n|upkeep\n|turn|18\n|\n|t:|1782838628\n|move|p1a: Lugia|Calm Mind|p1a: Lugia\n|-boost|p1a: Lugia|spa|1\n|-boost|p1a: Lugia|spd|1\n|move|p2a: Lunala|Calm Mind|p2a: Lunala\n|-boost|p2a: Lunala|spa|1\n|-boost|p2a: Lunala|spd|1\n|\n|upkeep\n|turn|19\n|\n|t:|1782838631\n|move|p1a: Lugia|Calm Mind|p1a: Lugia\n|-boost|p1a: Lugia|spa|1\n|-boost|p1a: Lugia|spd|1\n|cant|p2a: Lunala|par\n|\n|upkeep\n|turn|20\n|\n|t:|1782838635\n|move|p1a: Lugia|Aeroblast|p2a: Lunala\n|-damage|p2a: Lunala|263/308 par\n|move|p2a: Lunala|Calm Mind|p2a: Lunala\n|-boost|p2a: Lunala|spa|1\n|-boost|p2a: Lunala|spd|1\n|\n|-heal|p2a: Lunala|282/308 par|[from] item: Leftovers\n|upkeep\n|turn|21\n|\n|t:|1782838638\n|move|p1a: Lugia|Aeroblast|p2a: Lunala\n|-damage|p2a: Lunala|201/308 par\n|move|p2a: Lunala|Moonblast|p1a: Lugia\n|-damage|p1a: Lugia|251/275\n|\n|-heal|p2a: Lunala|220/308 par|[from] item: Leftovers\n|upkeep\n|turn|22\n|\n|t:|1782838644\n|move|p1a: Lugia|Aeroblast|p2a: Lunala\n|-damage|p2a: Lunala|144/308 par\n|move|p2a: Lunala|Moongeist Beam|p1a: Lugia\n|-supereffective|p1a: Lugia\n|-damage|p1a: Lugia|105/275\n|\n|-heal|p2a: Lunala|163/308 par|[from] item: Leftovers\n|upkeep\n|turn|23\n|\n|t:|1782838650\n|-terastallize|p1a: Lugia|Ground\n|move|p1a: Lugia|Recover|p1a: Lugia\n|-heal|p1a: Lugia|243/275\n|move|p2a: Lunala|Moongeist Beam|p1a: Lugia\n|-damage|p1a: Lugia|167/275\n|\n|-heal|p2a: Lunala|182/308 par|[from] item: Leftovers\n|upkeep\n|turn|24\n|\n|t:|1782838660\n|move|p1a: Lugia|Aeroblast|p2a: Lunala\n|-damage|p2a: Lunala|104/308 par\n|move|p2a: Lunala|Moonlight|p2a: Lunala\n|-heal|p2a: Lunala|258/308 par\n|\n|-heal|p2a: Lunala|277/308 par|[from] item: Leftovers\n|upkeep\n|turn|25\n|\n|t:|1782838665\n|move|p1a: Lugia|Aeroblast|p2a: Lunala\n|-damage|p2a: Lunala|190/308 par\n|move|p2a: Lunala|Moonblast|p1a: Lugia\n|-damage|p1a: Lugia|123/275\n|\n|-heal|p2a: Lunala|209/308 par|[from] item: Leftovers\n|upkeep\n|turn|26\n|\n|t:|1782838668\n|move|p1a: Lugia|Aeroblast|p2a: Lunala\n|-damage|p2a: Lunala|131/308 par\n|move|p2a: Lunala|Moonblast|p1a: Lugia\n|-damage|p1a: Lugia|75/275\n|-unboost|p1a: Lugia|spa|1\n|\n|-heal|p2a: Lunala|150/308 par|[from] item: Leftovers\n|upkeep\n|turn|27\n|\n|t:|1782838672\n|move|p1a: Lugia|Aeroblast|p2a: Lunala\n|-damage|p2a: Lunala|78/308 par\n|move|p2a: Lunala|Moonlight|p2a: Lunala\n|-heal|p2a: Lunala|232/308 par\n|\n|-heal|p2a: Lunala|251/308 par|[from] item: Leftovers\n|upkeep\n|turn|28\n|\n|t:|1782838675\n|move|p1a: Lugia|Recover|p1a: Lugia\n|-heal|p1a: Lugia|213/275\n|move|p2a: Lunala|Moonblast|p1a: Lugia\n|-damage|p1a: Lugia|165/275\n|\n|-heal|p2a: Lunala|270/308 par|[from] item: Leftovers\n|upkeep\n|turn|29\n|\n|t:|1782838679\n|move|p1a: Lugia|Earth Power|p2a: Lunala\n|-damage|p2a: Lunala|204/308 par\n|move|p2a: Lunala|Moonblast|p1a: Lugia\n|-damage|p1a: Lugia|116/275\n|\n|-heal|p2a: Lunala|223/308 par|[from] item: Leftovers\n|upkeep\n|turn|30\n|\n|t:|1782838689\n|move|p1a: Lugia|Earth Power|p2a: Lunala\n|-damage|p2a: Lunala|159/308 par\n|move|p2a: Lunala|Moonblast|p1a: Lugia\n|-damage|p1a: Lugia|70/275\n|\n|-heal|p2a: Lunala|178/308 par|[from] item: Leftovers\n|upkeep\n|turn|31\n|\n|t:|1782838695\n|move|p1a: Lugia|Recover|p1a: Lugia\n|-heal|p1a: Lugia|208/275\n|cant|p2a: Lunala|par\n|\n|-heal|p2a: Lunala|197/308 par|[from] item: Leftovers\n|upkeep\n|turn|32\n|\n|t:|1782838697\n|move|p1a: Lugia|Earth Power|p2a: Lunala\n|-damage|p2a: Lunala|137/308 par\n|move|p2a: Lunala|Moonlight|p2a: Lunala\n|-heal|p2a: Lunala|291/308 par\n|\n|-heal|p2a: Lunala|308/308 par|[from] item: Leftovers\n|upkeep\n|turn|33\n|\n|t:|1782838700\n|switch|p2a: Bombirdier|Bombirdier, L85, M|52/258\n|move|p1a: Lugia|Earth Power|p2a: Bombirdier\n|-immune|p2a: Bombirdier\n|\n|upkeep\n|turn|34\n|\n|t:|1782838706\n|switch|p1a: Galvantula|Galvantula, L82, F|249/249\n|move|p2a: Bombirdier|U-turn|p1a: Galvantula\n|-damage|p1a: Galvantula|176/249\n|\n|t:|1782838714\n|switch|p2a: Kricketune|Kricketune, L99, F|312/312|[from] U-turn\n|\n|upkeep\n|turn|35\n|\n|t:|1782838726\n|move|p1a: Galvantula|Thunder|p2a: Kricketune\n|-damage|p2a: Kricketune|171/312\n|move|p2a: Kricketune|Sticky Web|p1a: Galvantula\n|-sidestart|p1: LiggyLiggy|move: Sticky Web\n|\n|upkeep\n|turn|36\n|\n|t:|1782838730\n|move|p1a: Galvantula|Thunder|p2a: Kricketune\n|-damage|p2a: Kricketune|36/312\n|move|p2a: Kricketune|Pounce|p1a: Galvantula\n|-crit|p1a: Galvantula\n|-damage|p1a: Galvantula|0 fnt\n|faint|p1a: Galvantula\n|\n|upkeep\n|\n|t:|1782838735\n|switch|p1a: Kyurem|Kyurem-White, L73|303/303\n|-activate|p1a: Kyurem|move: Sticky Web\n|-unboost|p1a: Kyurem|spe|1\n|-ability|p1a: Kyurem|Turboblaze\n|turn|37\n|\n|t:|1782838739\n|move|p2a: Kricketune|Knock Off|p1a: Kyurem\n|-damage|p1a: Kyurem|206/303\n|-enditem|p1a: Kyurem|Choice Scarf|[from] move: Knock Off|[of] p2a: Kricketune\n|move|p1a: Kyurem|Ice Beam|p2a: Kricketune\n|-damage|p2a: Kricketune|0 fnt\n|faint|p2a: Kricketune\n|\n|upkeep\n|\n|t:|1782838746\n|switch|p2a: Lurantis|Lurantis, L87, F|264/264\n|-activate|p2a: Lurantis|move: Sticky Web\n|-boost|p2a: Lurantis|spe|1\n|-damage|p2a: Lurantis|231/264|[from] Stealth Rock\n|turn|38\n|\n|t:|1782838773\n|move|p2a: Lurantis|Superpower|p1a: Kyurem\n|-supereffective|p1a: Kyurem\n|-damage|p1a: Kyurem|0 fnt\n|-boost|p2a: Lurantis|atk|1\n|-boost|p2a: Lurantis|def|1\n|faint|p1a: Kyurem\n|\n|-heal|p2a: Lurantis|247/264|[from] item: Leftovers\n|upkeep\n|\n|t:|1782838776\n|switch|p1a: Lugia|Lugia, L73, tera:Ground|208/275\n|turn|39\n|-message|LiggyLiggy forfeited.\n|\n|win|Aridame\n|raw|LiggyLiggy's rating: 1923 &rarr; <strong>1907</strong><br />(-16 for losing)\n|raw|Aridame's rating: 1994 &rarr; <strong>2010</strong><br />(+16 for winning)\n", "inputlog": ">version f8ac14003a5f27e1bdc8d8c59608a773c1cb96e5\n>start {\"formatid\":\"gen9randombattle\",\"seed\":\"sodium,2cbf672acc5251e0622f13ba93f0a025\",\"rated\":\"Rated battle\"}\n>player p1 {\"name\":\"LiggyLiggy\",\"avatar\":\"1\",\"rating\":1939,\"seed\":\"sodium,6938655a0d63ca122be9771c967d0d60\"}\n>player p2 {\"name\":\"Aridame\",\"avatar\":\"101\",\"rating\":1994,\"seed\":\"sodium,4d1d03b41028c844bb8986bd0b4c65c9\"}\n>p1 move stickyweb\n>p2 move calmmind\n>p1 move voltswitch\n>p2 move moongeistbeam\n>p1 switch 6\n>p1 move crunch\n>p2 switch 2\n>p1 move scaleshot\n>p2 move bravebird\n>p1 move gunkshot\n>p2 move bravebird\n>p1 switch 5\n>p1 move stealthrock\n>p2 switch 3\n>p1 switch 3\n>p2 move nastyplot\n>p1 move calmmind\n>p2 switch 2\n>p1 move aeroblast\n>p2 move calmmind\n>p1 switch 4\n>p2 move moonlight\n>p1 move thunderwave\n>p2 move moongeistbeam\n>p1 switch 2\n>p1 move icebeam\n>p2 move calmmind\n>p1 switch 4\n>p2 move calmmind\n>p1 move calmmind\n>p2 move moonblast\n>p1 move calmmind\n>p2 move calmmind\n>p1 move calmmind\n>p2 move calmmind\n>p1 move calmmind\n>p2 move calmmind\n>p1 move calmmind\n>p2 move calmmind\n>p1 move calmmind\n>p2 move calmmind\n>p1 move aeroblast\n>p2 move calmmind\n>p1 move aeroblast\n>p2 move moonblast\n>p1 move aeroblast\n>p2 move moongeistbeam\n>p1 move recover terastallize\n>p2 move moongeistbeam\n>p1 move aeroblast\n>p2 move moonlight\n>p1 move aeroblast\n>p2 move moonblast\n>p1 move aeroblast\n>p2 move moonblast\n>p1 move aeroblast\n>p2 move moonlight\n>p1 move recover\n>p2 move moonblast\n>p1 move earthpower\n>p2 move moonblast\n>p1 move earthpower\n>p2 move moonblast\n>p1 move recover\n>p2 move moonlight\n>p1 move earthpower\n>p2 move moonlight\n>p1 move earthpower\n>p2 switch 3\n>p1 switch 6\n>p2 move uturn\n>p2 switch 5\n>p1 move thunder\n>p2 move stickyweb\n>p1 move thunder\n>p2 move pounce\n>p1 switch 4\n>p1 move icebeam\n>p2 move knockoff\n>p2 switch 6\n>p1 move icebeam\n>p2 move superpower\n>p1 switch 6\n>forcelose p1", "uploadtime": 1782838782, "views": 7, "formatid": "gen9randombattle", "rating": 1907, "private": 0, "password": null, "player_dets": [{"name": "LiggyLiggy", "avatar": "1", "rating": 1939, "seed": "sodium,6938655a0d63ca122be9771c967d0d60"}, {"name": "Aridame", "avatar": "101", "rating": 1994, "seed": "sodium,4d1d03b41028c844bb8986bd0b4c65c9"}], "teams_full": [{"Galvantula": {"name": "Galvantula", "species": "Galvantula", "speciesId": "galvantula", "gender": "F", "shiny": false, "level": 82, "moves": ["stickyweb", "bugbuzz", "voltswitch", "thunder"], "ability": "Compound Eyes", "evs": {"hp": 85, "atk": 0, "def": 85, "spa": 85, "spd": 85, "spe": 85}, "ivs": {"hp": 31, "atk": 0, "def": 31, "spa": 31, "spd": 31, "spe": 31}, "item": "Focus Sash", "teraType": "Electric", "role": "Fast Support", "bvs": {"hp": 70, "atk": 77, "def": 60, "spa": 97, "spd": 60, "spe": 108}, "stats": {"hp": 249, "atk": 131, "def": 146, "spa": 206, "spd": 146, "spe": 224}, "types": ["Bug", "Electric"]}, "Kyurem": {"name": "Kyurem", "species": "Kyurem-White", "speciesId": "kyuremwhite", "gender": "N", "shiny": false, "level": 73, "moves": ["freezedry", "fusionflare", "icebeam", "dracometeor"], "ability": "Turboblaze", "evs": {"hp": 85, "atk": 0, "def": 85, "spa": 85, "spd": 85, "spe": 85}, "ivs": {"hp": 31, "atk": 0, "def": 31, "spa": 31, "spd": 31, "spe": 31}, "item": "Choice Scarf", "teraType": "Ice", "role": "Bulky Attacker", "bvs": {"hp": 125, "atk": 120, "def": 90, "spa": 170, "spd": 100, "spe": 95}, "stats": {"hp": 303, "atk": 180, "def": 174, "spa": 291, "spd": 188, "spe": 181}, "types": ["Dragon", "Ice"]}, "Lugia": {"name": "Lugia", "species": "Lugia", "speciesId": "lugia", "gender": "N", "shiny": false, "level": 73, "moves": ["recover", "aeroblast", "calmmind", "earthpower"], "ability": "Multiscale", "evs": {"hp": 85, "atk": 0, "def": 85, "spa": 85, "spd": 85, "spe": 85}, "ivs": {"hp": 31, "atk": 0, "def": 31, "spa": 31, "spd": 31, "spe": 31}, "item": "Heavy-Duty Boots", "teraType": "Ground", "role": "Bulky Setup", "bvs": {"hp": 106, "atk": 90, "def": 130, "spa": 90, "spd": 154, "spe": 110}, "stats": {"hp": 275, "atk": 136, "def": 232, "spa": 174, "spd": 267, "spe": 203}, "types": ["Psychic", "Flying"]}, "Gholdengo": {"name": "Gholdengo", "species": "Gholdengo", "speciesId": "gholdengo", "gender": "N", "shiny": false, "level": 77, "moves": ["recover", "thunderwave", "shadowball", "makeitrain"], "ability": "Good as Gold", "evs": {"hp": 85, "atk": 0, "def": 85, "spa": 85, "spd": 85, "spe": 85}, "ivs": {"hp": 31, "atk": 0, "def": 31, "spa": 31, "spd": 31, "spe": 31}, "item": "Leftovers", "teraType": "Water", "role": "Bulky Support", "bvs": {"hp": 87, "atk": 60, "def": 95, "spa": 133, "spd": 91, "spe": 84}, "stats": {"hp": 261, "atk": 97, "def": 191, "spa": 249, "spd": 185, "spe": 174}, "types": ["Steel", "Ghost"]}, "Archaludon": {"name": "Archaludon", "species": "Archaludon", "speciesId": "archaludon", "gender": "F", "shiny": false, "level": 78, "moves": ["stealthrock", "bodypress", "dracometeor", "flashcannon"], "ability": "Stamina", "evs": {"hp": 85, "atk": 0, "def": 85, "spa": 85, "spd": 85, "spe": 85}, "ivs": {"hp": 31, "atk": 0, "def": 31, "spa": 31, "spd": 31, "spe": 31}, "item": "Leftovers", "teraType": "Fighting", "role": "Bulky Attacker", "bvs": {"hp": 90, "atk": 105, "def": 130, "spa": 125, "spd": 65, "spe": 85}, "stats": {"hp": 268, "atk": 168, "def": 248, "spa": 240, "spd": 146, "spe": 178}, "types": ["Steel", "Dragon"]}, "Overqwil": {"name": "Overqwil", "species": "Overqwil", "speciesId": "overqwil", "gender": "F", "shiny": false, "level": 82, "moves": ["gunkshot", "scaleshot", "crunch", "swordsdance"], "ability": "Intimidate", "evs": {"hp": 85, "atk": 85, "def": 85, "spa": 85, "spd": 85, "spe": 85}, "ivs": {"hp": 31, "atk": 31, "def": 31, "spa": 31, "spd": 31, "spe": 31}, "item": "Loaded Dice", "teraType": "Dragon", "role": "Setup Sweeper", "bvs": {"hp": 85, "atk": 115, "def": 95, "spa": 65, "spd": 65, "spe": 85}, "stats": {"hp": 274, "atk": 236, "def": 203, "spa": 154, "spd": 154, "spe": 187}, "types": ["Dark", "Poison"]}}, {"Lunala": {"name": "Lunala", "species": "Lunala", "speciesId": "lunala", "gender": "N", "shiny": false, "level": 70, "moves": ["moongeistbeam", "moonlight", "calmmind", "moonblast"], "ability": "Shadow Shield", "evs": {"hp": 85, "atk": 0, "def": 85, "spa": 85, "spd": 85, "spe": 85}, "ivs": {"hp": 31, "atk": 0, "def": 31, "spa": 31, "spd": 31, "spe": 31}, "item": "Leftovers", "teraType": "Fairy", "role": "Bulky Setup", "bvs": {"hp": 137, "atk": 113, "def": 89, "spa": 137, "spd": 107, "spe": 97}, "stats": {"hp": 308, "atk": 163, "def": 166, "spa": 233, "spd": 191, "spe": 177}, "types": ["Psychic", "Ghost"]}, "Bombirdier": {"name": "Bombirdier", "species": "Bombirdier", "speciesId": "bombirdier", "gender": "M", "shiny": false, "level": 85, "moves": ["knockoff", "bravebird", "roost", "uturn"], "ability": "Big Pecks", "evs": {"hp": 85, "atk": 85, "def": 85, "spa": 85, "spd": 85, "spe": 85}, "ivs": {"hp": 31, "atk": 31, "def": 31, "spa": 31, "spd": 31, "spe": 31}, "item": "Heavy-Duty Boots", "teraType": "Steel", "role": "Bulky Support", "bvs": {"hp": 70, "atk": 103, "def": 85, "spa": 60, "spd": 85, "spe": 82}, "stats": {"hp": 258, "atk": 224, "def": 193, "spa": 151, "spd": 193, "spe": 188}, "types": ["Flying", "Dark"]}, "Ninetales": {"name": "Ninetales", "species": "Ninetales", "speciesId": "ninetales", "gender": "M", "shiny": false, "level": 85, "moves": ["solarbeam", "nastyplot", "scorchingsands", "fireblast"], "ability": "Drought", "evs": {"hp": 85, "atk": 0, "def": 85, "spa": 85, "spd": 85, "spe": 85}, "ivs": {"hp": 31, "atk": 0, "def": 31, "spa": 31, "spd": 31, "spe": 31}, "item": "Heavy-Duty Boots", "teraType": "Fire", "role": "Setup Sweeper", "bvs": {"hp": 73, "atk": 76, "def": 75, "spa": 81, "spd": 100, "spe": 100}, "stats": {"hp": 263, "atk": 134, "def": 176, "spa": 186, "spd": 219, "spe": 219}, "types": ["Fire"]}, "Flapple": {"name": "Flapple", "species": "Flapple", "speciesId": "flapple", "gender": "F", "shiny": false, "level": 88, "moves": ["uturn", "suckerpunch", "gravapple", "outrage"], "ability": "Hustle", "evs": {"hp": 85, "atk": 85, "def": 85, "spa": 85, "spd": 85, "spe": 85}, "ivs": {"hp": 31, "atk": 31, "def": 31, "spa": 31, "spd": 31, "spe": 31}, "item": "Choice Band", "teraType": "Steel", "role": "Fast Attacker", "bvs": {"hp": 70, "atk": 110, "def": 80, "spa": 95, "spd": 60, "spe": 70}, "stats": {"hp": 266, "atk": 244, "def": 191, "spa": 217, "spd": 156, "spe": 173}, "types": ["Grass", "Dragon"]}, "Kricketune": {"name": "Kricketune", "species": "Kricketune", "speciesId": "kricketune", "gender": "F", "shiny": false, "level": 99, "moves": ["stickyweb", "pounce", "taunt", "knockoff"], "ability": "Technician", "evs": {"hp": 85, "atk": 85, "def": 85, "spa": 85, "spd": 85, "spe": 85}, "ivs": {"hp": 31, "atk": 31, "def": 31, "spa": 31, "spd": 31, "spe": 31}, "item": "Heavy-Duty Boots", "teraType": "Ghost", "role": "Fast Support", "bvs": {"hp": 77, "atk": 85, "def": 51, "spa": 55, "spd": 51, "spe": 65}, "stats": {"hp": 312, "atk": 224, "def": 157, "spa": 165, "spd": 157, "spe": 185}, "types": ["Bug"]}, "Lurantis": {"name": "Lurantis", "species": "Lurantis", "speciesId": "lurantis", "gender": "F", "shiny": false, "level": 87, "moves": ["leafstorm", "synthesis", "superpower", "defog"], "ability": "Contrary", "evs": {"hp": 85, "atk": 85, "def": 85, "spa": 85, "spd": 85, "spe": 85}, "ivs": {"hp": 31, "atk": 31, "def": 31, "spa": 31, "spd": 31, "spe": 31}, "item": "Leftovers", "teraType": "Fighting", "role": "Bulky Attacker", "bvs": {"hp": 70, "atk": 105, "def": 90, "spa": 80, "spd": 90, "spe": 45}, "stats": {"hp": 264, "atk": 232, "def": 206, "spa": 189, "spd": 206, "spe": 128}, "types": ["Grass"]}}]}