{"id": "gen9randombattle-2641989037", "format": "[Gen 9] Random Battle", "players": ["testbotcif", "mattdestroyer420"], "log": "|j|\u2606testbotcif\n|j|\u2606mattdestroyer420\n|t:|1782869469\n|gametype|singles\n|player|p1|testbotcif|1|1302\n|player|p2|mattdestroyer420|skier|1300\n|gen|9\n|tier|[Gen 9] Random Battle\n|rated|\n|rule|Species Clause: Limit one of each Pok\u00e9mon\n|rule|HP Percentage Mod: HP is shown in percentages\n|rule|Sleep Clause Mod: Limit one foe put to sleep\n|rule|Illusion Level Mod: Illusion disguises the Pok\u00e9mon's true level\n|\n|t:|1782869469\n|teamsize|p1|6\n|teamsize|p2|6\n|start\n|switch|p1a: Eelektross|Eelektross, L87, M|290/290\n|switch|p2a: Hitmontop|Hitmontop, L88, M|231/231\n|-ability|p2a: Hitmontop|Intimidate|boost\n|-unboost|p1a: Eelektross|atk|1\n|turn|1\n|inactive|Battle timer is ON: inactive players will automatically lose when time's up. (requested by testbotcif)\n|c|\u2606testbotcif|rlhf\n|\n|t:|1782869482\n|move|p2a: Hitmontop|Rapid Spin|p1a: Eelektross\n|-damage|p1a: Eelektross|248/290\n|-boost|p2a: Hitmontop|spe|1\n|move|p1a: Eelektross|Discharge|p2a: Hitmontop\n|-crit|p2a: Hitmontop\n|-damage|p2a: Hitmontop|156/231\n|-status|p2a: Hitmontop|par\n|\n|upkeep\n|turn|2\n|\n|t:|1782869493\n|move|p1a: Eelektross|Discharge|p2a: Hitmontop\n|-damage|p2a: Hitmontop|105/231 par\n|move|p2a: Hitmontop|Close Combat|p1a: Eelektross\n|-damage|p1a: Eelektross|107/290\n|-unboost|p2a: Hitmontop|def|1\n|-unboost|p2a: Hitmontop|spd|1\n|\n|upkeep\n|turn|3\n|\n|t:|1782869505\n|move|p2a: Hitmontop|Sucker Punch|p1a: Eelektross\n|-damage|p1a: Eelektross|49/290\n|move|p1a: Eelektross|Discharge|p2a: Hitmontop\n|-damage|p2a: Hitmontop|33/231 par\n|\n|upkeep\n|turn|4\n|\n|t:|1782869508\n|move|p2a: Hitmontop|Sucker Punch|p1a: Eelektross\n|-damage|p1a: Eelektross|0 fnt\n|faint|p1a: Eelektross\n|\n|upkeep\n|\n|t:|1782869508\n|switch|p1a: Plusle|Plusle, L95, F|268/268\n|turn|5\n|\n|t:|1782869514\n|move|p1a: Plusle|Thunderbolt|p2a: Hitmontop\n|-damage|p2a: Hitmontop|0 fnt\n|faint|p2a: Hitmontop\n|-damage|p1a: Plusle|242/268|[from] item: Life Orb\n|\n|upkeep\n|\n|t:|1782869522\n|switch|p2a: Pincurchin|Pincurchin, F|258/258\n|-fieldstart|move: Electric Terrain|[from] ability: Electric Surge|[of] p2a: Pincurchin\n|turn|6\n|\n|t:|1782869528\n|move|p1a: Plusle|Nasty Plot|p1a: Plusle\n|-boost|p1a: Plusle|spa|2\n|move|p2a: Pincurchin|Curse|p2a: Pincurchin\n|-unboost|p2a: Pincurchin|spe|1\n|-boost|p2a: Pincurchin|atk|1\n|-boost|p2a: Pincurchin|def|1\n|\n|upkeep\n|turn|7\n|\n|t:|1782869544\n|move|p1a: Plusle|Nasty Plot|p1a: Plusle\n|-boost|p1a: Plusle|spa|2\n|move|p2a: Pincurchin|Liquidation|p1a: Plusle\n|-damage|p1a: Plusle|45/268\n|\n|upkeep\n|turn|8\n|\n|t:|1782869551\n|move|p1a: Plusle|Thunderbolt|p2a: Pincurchin\n|-resisted|p2a: Pincurchin\n|-damage|p2a: Pincurchin|15/258\n|-damage|p1a: Plusle|19/268|[from] item: Life Orb\n|move|p2a: Pincurchin|Liquidation|p1a: Plusle\n|-damage|p1a: Plusle|0 fnt\n|faint|p1a: Plusle\n|\n|-heal|p2a: Pincurchin|31/258|[from] item: Leftovers\n|upkeep\n|\n|t:|1782869551\n|switch|p1a: Politoed|Politoed, L88, F|302/302\n|-weather|RainDance|[from] ability: Drizzle|[of] p1a: Politoed\n|turn|9\n|\n|t:|1782869565\n|move|p1a: Politoed|Hydro Pump|p2a: Pincurchin|[miss]\n|-miss|p1a: Politoed|p2a: Pincurchin\n|move|p2a: Pincurchin|Zing Zap|p1a: Politoed\n|-supereffective|p1a: Politoed\n|-damage|p1a: Politoed|0 fnt\n|faint|p1a: Politoed\n|\n|-weather|RainDance|[upkeep]\n|-heal|p2a: Pincurchin|47/258|[from] item: Leftovers\n|upkeep\n|\n|t:|1782869565\n|switch|p1a: Latias|Latias, L79, F|256/256\n|turn|10\n|\n|t:|1782869578\n|move|p1a: Latias|Draco Meteor|p2a: Pincurchin\n|-damage|p2a: Pincurchin|0 fnt\n|-unboost|p1a: Latias|spa|2\n|faint|p2a: Pincurchin\n|\n|-weather|RainDance|[upkeep]\n|-fieldend|move: Electric Terrain\n|upkeep\n|\n|t:|1782869598\n|switch|p2a: Regidrago|Regidrago, L77|435/435\n|turn|11\n|\n|t:|1782869612\n|move|p2a: Regidrago|Draco Meteor|p1a: Latias\n|-supereffective|p1a: Latias\n|-damage|p1a: Latias|0 fnt\n|-unboost|p2a: Regidrago|spa|2\n|faint|p1a: Latias\n|\n|-weather|RainDance|[upkeep]\n|upkeep\n|\n|t:|1782869612\n|switch|p1a: Cobalion|Cobalion, L80|277/277\n|turn|12\n|\n|t:|1782869625\n|switch|p2a: Pelipper|Pelipper, L86, F|243/243\n|move|p1a: Cobalion|Stealth Rock|p2a: Pelipper\n|-sidestart|p2: mattdestroyer420|move: Stealth Rock\n|\n|-weather|RainDance|[upkeep]\n|upkeep\n|turn|13\n|\n|t:|1782869634\n|move|p1a: Cobalion|Volt Switch|p2a: Pelipper\n|-supereffective|p2a: Pelipper\n|-damage|p2a: Pelipper|35/243\n|\n|t:|1782869635\n|switch|p1a: Kingdra|Kingdra, L84, F|263/263|[from] Volt Switch\n|move|p2a: Pelipper|Hydro Pump|p1a: Kingdra\n|-resisted|p1a: Kingdra\n|-damage|p1a: Kingdra|203/263\n|\n|-weather|none\n|upkeep\n|turn|14\n|\n|t:|1782869648\n|move|p1a: Kingdra|Dragon Dance|p1a: Kingdra\n|-boost|p1a: Kingdra|atk|1\n|-boost|p1a: Kingdra|spe|1\n|move|p2a: Pelipper|Hydro Pump|p1a: Kingdra\n|-resisted|p1a: Kingdra\n|-damage|p1a: Kingdra|160/263\n|\n|upkeep\n|turn|15\n|\n|t:|1782869662\n|move|p1a: Kingdra|Outrage|p2a: Pelipper\n|-damage|p2a: Pelipper|0 fnt\n|faint|p2a: Pelipper\n|\n|upkeep\n|\n|t:|1782869669\n|switch|p2a: Avalugg|Avalugg, L88, M|310/310\n|turn|16\n|\n|t:|1782869681\n|move|p1a: Kingdra|Outrage|p2a: Avalugg|[from] lockedmove\n|-damage|p2a: Avalugg|214/310\n|move|p2a: Avalugg|Avalanche|p1a: Kingdra\n|-damage|p1a: Kingdra|16/263\n|\n|upkeep\n|turn|17\n|\n|t:|1782869688\n|move|p1a: Kingdra|Outrage|p2a: Avalugg|[from] lockedmove\n|-damage|p2a: Avalugg|118/310\n|-start|p1a: Kingdra|confusion|[fatigue]\n|-enditem|p1a: Kingdra|Lum Berry|[eat]\n|-end|p1a: Kingdra|confusion\n|move|p2a: Avalugg|Avalanche|p1a: Kingdra\n|-crit|p1a: Kingdra\n|-damage|p1a: Kingdra|0 fnt\n|faint|p1a: Kingdra\n|\n|upkeep\n|\n|t:|1782869688\n|switch|p1a: Cobalion|Cobalion, L80|277/277\n|turn|18\n|\n|t:|1782869693\n|move|p1a: Cobalion|Iron Head|p2a: Avalugg\n|-supereffective|p2a: Avalugg\n|-damage|p2a: Avalugg|46/310\n|move|p2a: Avalugg|Recover|p2a: Avalugg\n|-heal|p2a: Avalugg|201/310\n|\n|upkeep\n|turn|19\n|\n|t:|1782869697\n|move|p1a: Cobalion|Iron Head|p2a: Avalugg\n|-supereffective|p2a: Avalugg\n|-damage|p2a: Avalugg|127/310\n|move|p2a: Avalugg|Recover|p2a: Avalugg\n|-heal|p2a: Avalugg|282/310\n|\n|upkeep\n|turn|20\n|\n|t:|1782869704\n|move|p1a: Cobalion|Iron Head|p2a: Avalugg\n|-supereffective|p2a: Avalugg\n|-damage|p2a: Avalugg|202/310\n|move|p2a: Avalugg|Body Press|p1a: Cobalion\n|-supereffective|p1a: Cobalion\n|-damage|p1a: Cobalion|125/277\n|\n|-heal|p1a: Cobalion|142/277|[from] item: Leftovers\n|upkeep\n|turn|21\n|\n|t:|1782869706\n|move|p1a: Cobalion|Iron Head|p2a: Avalugg\n|-supereffective|p2a: Avalugg\n|-damage|p2a: Avalugg|116/310\n|cant|p2a: Avalugg|flinch\n|\n|-heal|p1a: Cobalion|159/277|[from] item: Leftovers\n|upkeep\n|turn|22\n|\n|t:|1782869708\n|move|p1a: Cobalion|Iron Head|p2a: Avalugg\n|-supereffective|p2a: Avalugg\n|-crit|p2a: Avalugg\n|-damage|p2a: Avalugg|0 fnt\n|faint|p2a: Avalugg\n|\n|-heal|p1a: Cobalion|176/277|[from] item: Leftovers\n|upkeep\n|\n|t:|1782869716\n|switch|p2a: Zangoose|Zangoose, L85, M|263/263\n|-damage|p2a: Zangoose|231/263|[from] Stealth Rock\n|turn|23\n|\n|t:|1782869719\n|move|p1a: Cobalion|Body Press|p2a: Zangoose\n|-supereffective|p2a: Zangoose\n|-damage|p2a: Zangoose|0 fnt\n|faint|p2a: Zangoose\n|\n|-heal|p1a: Cobalion|193/277|[from] item: Leftovers\n|upkeep\n|\n|t:|1782869722\n|switch|p2a: Regidrago|Regidrago, L77|435/435\n|-damage|p2a: Regidrago|381/435|[from] Stealth Rock\n|turn|24\n|\n|t:|1782869726\n|move|p2a: Regidrago|Earthquake|p1a: Cobalion\n|-supereffective|p1a: Cobalion\n|-damage|p1a: Cobalion|95/277\n|move|p1a: Cobalion|Body Press|p2a: Regidrago\n|-damage|p2a: Regidrago|233/435\n|\n|-heal|p1a: Cobalion|112/277|[from] item: Leftovers\n|upkeep\n|turn|25\n|\n|t:|1782869729\n|move|p2a: Regidrago|Earthquake|p1a: Cobalion\n|-supereffective|p1a: Cobalion\n|-damage|p1a: Cobalion|20/277\n|move|p1a: Cobalion|Body Press|p2a: Regidrago\n|-damage|p2a: Regidrago|62/435\n|\n|-heal|p1a: Cobalion|37/277|[from] item: Leftovers\n|upkeep\n|turn|26\n|\n|t:|1782869731\n|move|p2a: Regidrago|Earthquake|p1a: Cobalion\n|-supereffective|p1a: Cobalion\n|-damage|p1a: Cobalion|0 fnt\n|faint|p1a: Cobalion\n|\n|win|mattdestroyer420\n|raw|testbotcif's rating: 1302 &rarr; <strong>1282</strong><br />(-20 for losing)\n|raw|mattdestroyer420's rating: 1300 &rarr; <strong>1325</strong><br />(+25 for winning)\n", "inputlog": ">version f8ac14003a5f27e1bdc8d8c59608a773c1cb96e5\n>start {\"formatid\":\"gen9randombattle\",\"seed\":\"sodium,6b2cf98c8ab11d7f9a34a11c7c393edb\",\"rated\":\"Rated battle\"}\n>player p1 {\"name\":\"testbotcif\",\"avatar\":\"1\",\"rating\":1302,\"seed\":\"sodium,9cf84938660d1d5d110ffe8d8f3ccabe\"}\n>player p2 {\"name\":\"mattdestroyer420\",\"avatar\":\"skier\",\"rating\":1300,\"seed\":\"sodium,a8899a0420f796460befe307002c8365\"}\n>chat \u2606testbotcif|rlhf\n>p1 move discharge\n>p2 move rapidspin\n>p1 move discharge\n>p2 move closecombat\n>p1 move discharge\n>p2 move suckerpunch\n>p1 move discharge\n>p2 move suckerpunch\n>p1 switch 2\n>p1 move thunderbolt\n>p2 move earthquake\n>p2 switch 4\n>p1 move nastyplot\n>p2 move curse\n>p1 move nastyplot\n>p2 move liquidation\n>p1 move thunderbolt\n>p2 move liquidation\n>p1 switch 4\n>p1 move hydropump\n>p2 move zingzap\n>p1 switch 3\n>p1 move dracometeor\n>p2 move recover\n>p2 switch 3\n>p1 move dracometeor\n>p2 move dracometeor\n>p1 switch 6\n>p1 move stealthrock\n>p2 switch 5\n>p1 move voltswitch\n>p2 move hydropump\n>p1 switch 5\n>p1 move dragondance\n>p2 move hydropump\n>p1 move outrage\n>p2 move hydropump\n>p2 switch 2\n>p1 move outrage\n>p2 move avalanche\n>p1 move outrage\n>p2 move avalanche\n>p1 switch 5\n>p1 move ironhead\n>p2 move recover\n>p1 move ironhead\n>p2 move recover\n>p1 move ironhead\n>p2 move bodypress\n>p1 move ironhead\n>p2 move bodypress\n>p1 move ironhead\n>p2 move recover\n>p2 switch 6\n>p1 move bodypress\n>p2 move knockoff\n>p2 switch 5\n>p1 move bodypress\n>p2 move earthquake\n>p1 move bodypress\n>p2 move earthquake\n>p1 move ironhead\n>p2 move earthquake", "uploadtime": 1782869731, "views": 7, "formatid": "gen9randombattle", "rating": 1282, "private": 0, "password": null, "player_dets": [{"name": "testbotcif", "avatar": "1", "rating": 1302, "seed": "sodium,9cf84938660d1d5d110ffe8d8f3ccabe"}, {"name": "mattdestroyer420", "avatar": "skier", "rating": 1300, "seed": "sodium,a8899a0420f796460befe307002c8365"}], "teams_full": [{"Eelektross": {"name": "Eelektross", "species": "Eelektross", "speciesId": "eelektross", "gender": "M", "shiny": false, "level": 87, "moves": ["discharge", "dragontail", "uturn", "gigadrain"], "ability": "Levitate", "evs": {"hp": 85, "atk": 85, "def": 85, "spa": 85, "spd": 85, "spe": 85}, "ivs": {"hp": 31, "atk": 31, "def": 31, "spa": 31, "spd": 31, "spe": 31}, "item": "Assault Vest", "teraType": "Poison", "role": "AV Pivot", "bvs": {"hp": 85, "atk": 115, "def": 80, "spa": 105, "spd": 80, "spe": 50}, "stats": {"hp": 290, "atk": 250, "def": 189, "spa": 232, "spd": 189, "spe": 137}, "types": ["Electric"]}, "Plusle": {"name": "Plusle", "species": "Plusle", "speciesId": "plusle", "gender": "F", "shiny": false, "level": 95, "moves": ["nastyplot", "alluringvoice", "encore", "thunderbolt"], "ability": "Lightning Rod", "evs": {"hp": 85, "atk": 0, "def": 85, "spa": 85, "spd": 85, "spe": 85}, "ivs": {"hp": 31, "atk": 0, "def": 31, "spa": 31, "spd": 31, "spe": 31}, "item": "Life Orb", "teraType": "Fairy", "role": "Setup Sweeper", "bvs": {"hp": 60, "atk": 50, "def": 40, "spa": 85, "spd": 75, "spe": 95}, "stats": {"hp": 268, "atk": 100, "def": 130, "spa": 215, "spd": 196, "spe": 234}, "types": ["Electric"]}, "Latias": {"name": "Latias", "species": "Latias", "speciesId": "latias", "gender": "F", "shiny": false, "level": 79, "moves": ["psyshock", "calmmind", "recover", "dracometeor"], "ability": "Levitate", "evs": {"hp": 85, "atk": 0, "def": 85, "spa": 85, "spd": 85, "spe": 85}, "ivs": {"hp": 31, "atk": 0, "def": 31, "spa": 31, "spd": 31, "spe": 31}, "item": "Soul Dew", "teraType": "Steel", "role": "Fast Bulky Setup", "bvs": {"hp": 80, "atk": 80, "def": 90, "spa": 110, "spd": 130, "spe": 110}, "stats": {"hp": 256, "atk": 131, "def": 188, "spa": 219, "spd": 251, "spe": 219}, "types": ["Dragon", "Psychic"]}, "Politoed": {"name": "Politoed", "species": "Politoed", "speciesId": "politoed", "gender": "F", "shiny": false, "level": 88, "moves": ["focusblast", "hydropump", "icebeam", "weatherball"], "ability": "Drizzle", "evs": {"hp": 85, "atk": 0, "def": 85, "spa": 85, "spd": 85, "spe": 85}, "ivs": {"hp": 31, "atk": 0, "def": 31, "spa": 31, "spd": 31, "spe": 31}, "item": "Choice Specs", "teraType": "Water", "role": "Fast Attacker", "bvs": {"hp": 90, "atk": 75, "def": 75, "spa": 90, "spd": 100, "spe": 70}, "stats": {"hp": 302, "atk": 137, "def": 182, "spa": 209, "spd": 226, "spe": 173}, "types": ["Water"]}, "Kingdra": {"name": "Kingdra", "species": "Kingdra", "speciesId": "kingdra", "gender": "F", "shiny": false, "level": 84, "moves": ["wavecrash", "waterfall", "dragondance", "outrage"], "ability": "Sniper", "evs": {"hp": 85, "atk": 85, "def": 85, "spa": 85, "spd": 85, "spe": 85}, "ivs": {"hp": 31, "atk": 31, "def": 31, "spa": 31, "spd": 31, "spe": 31}, "item": "Lum Berry", "teraType": "Water", "role": "Setup Sweeper", "bvs": {"hp": 75, "atk": 95, "def": 95, "spa": 95, "spd": 95, "spe": 85}, "stats": {"hp": 263, "atk": 208, "def": 208, "spa": 208, "spd": 208, "spe": 191}, "types": ["Water", "Dragon"]}, "Cobalion": {"name": "Cobalion", "species": "Cobalion", "speciesId": "cobalion", "gender": "N", "shiny": false, "level": 80, "moves": ["bodypress", "voltswitch", "stealthrock", "ironhead"], "ability": "Justified", "evs": {"hp": 85, "atk": 85, "def": 85, "spa": 85, "spd": 85, "spe": 85}, "ivs": {"hp": 31, "atk": 31, "def": 31, "spa": 31, "spd": 31, "spe": 31}, "item": "Leftovers", "teraType": "Ghost", "role": "Bulky Support", "bvs": {"hp": 91, "atk": 90, "def": 129, "spa": 90, "spd": 72, "spe": 108}, "stats": {"hp": 277, "atk": 190, "def": 253, "spa": 190, "spd": 161, "spe": 219}, "types": ["Steel", "Fighting"]}}, {"Hitmontop": {"name": "Hitmontop", "species": "Hitmontop", "speciesId": "hitmontop", "gender": "M", "shiny": false, "level": 88, "moves": ["closecombat", "suckerpunch", "rapidspin", "earthquake"], "ability": "Intimidate", "evs": {"hp": 85, "atk": 85, "def": 85, "spa": 85, "spd": 85, "spe": 85}, "ivs": {"hp": 31, "atk": 31, "def": 31, "spa": 31, "spd": 31, "spe": 31}, "item": "Assault Vest", "teraType": "Steel", "role": "Bulky Support", "bvs": {"hp": 50, "atk": 95, "def": 95, "spa": 35, "spd": 110, "spe": 70}, "stats": {"hp": 231, "atk": 217, "def": 217, "spa": 112, "spd": 244, "spe": 173}, "types": ["Fighting"]}, "Avalugg": {"name": "Avalugg", "species": "Avalugg", "speciesId": "avalugg", "gender": "M", "shiny": false, "level": 88, "moves": ["curse", "recover", "bodypress", "avalanche"], "ability": "Sturdy", "evs": {"hp": 85, "atk": 85, "def": 85, "spa": 85, "spd": 85, "spe": 85}, "ivs": {"hp": 31, "atk": 31, "def": 31, "spa": 31, "spd": 31, "spe": 31}, "item": "Heavy-Duty Boots", "teraType": "Fighting", "role": "Bulky Support", "bvs": {"hp": 95, "atk": 117, "def": 184, "spa": 44, "spd": 46, "spe": 28}, "stats": {"hp": 310, "atk": 256, "def": 374, "spa": 128, "spd": 131, "spe": 100}, "types": ["Ice"]}, "Regidrago": {"name": "Regidrago", "species": "Regidrago", "speciesId": "regidrago", "gender": "N", "shiny": false, "level": 77, "moves": ["dracometeor", "earthquake", "dragonenergy", "outrage"], "ability": "Dragon's Maw", "evs": {"hp": 85, "atk": 85, "def": 85, "spa": 85, "spd": 85, "spe": 85}, "ivs": {"hp": 31, "atk": 31, "def": 31, "spa": 31, "spd": 31, "spe": 31}, "item": "Choice Scarf", "teraType": "Dragon", "role": "Fast Attacker", "bvs": {"hp": 200, "atk": 100, "def": 50, "spa": 100, "spd": 50, "spe": 80}, "stats": {"hp": 435, "atk": 199, "def": 122, "spa": 199, "spd": 122, "spe": 168}, "types": ["Dragon"]}, "Pincurchin": {"name": "Pincurchin", "species": "Pincurchin", "speciesId": "pincurchin", "gender": "F", "shiny": false, "level": 100, "moves": ["recover", "curse", "liquidation", "zingzap"], "ability": "Electric Surge", "evs": {"hp": 85, "atk": 85, "def": 85, "spa": 85, "spd": 85, "spe": 85}, "ivs": {"hp": 31, "atk": 31, "def": 31, "spa": 31, "spd": 31, "spe": 31}, "item": "Leftovers", "teraType": "Grass", "role": "Bulky Setup", "bvs": {"hp": 48, "atk": 101, "def": 95, "spa": 91, "spd": 85, "spe": 15}, "stats": {"hp": 258, "atk": 259, "def": 247, "spa": 239, "spd": 227, "spe": 87}, "types": ["Electric"]}, "Pelipper": {"name": "Pelipper", "species": "Pelipper", "speciesId": "pelipper", "gender": "F", "shiny": false, "level": 86, "moves": ["uturn", "hurricane", "weatherball", "hydropump"], "ability": "Drizzle", "evs": {"hp": 85, "atk": 85, "def": 85, "spa": 85, "spd": 85, "spe": 85}, "ivs": {"hp": 31, "atk": 31, "def": 31, "spa": 31, "spd": 31, "spe": 31}, "item": "Choice Specs", "teraType": "Water", "role": "Wallbreaker", "bvs": {"hp": 60, "atk": 50, "def": 100, "spa": 95, "spd": 70, "spe": 65}, "stats": {"hp": 243, "atk": 135, "def": 221, "spa": 213, "spd": 170, "spe": 161}, "types": ["Water", "Flying"]}, "Zangoose": {"name": "Zangoose", "species": "Zangoose", "speciesId": "zangoose", "gender": "M", "shiny": false, "level": 85, "moves": ["swordsdance", "facade", "closecombat", "knockoff"], "ability": "Toxic Boost", "evs": {"hp": 85, "atk": 85, "def": 85, "spa": 85, "spd": 85, "spe": 85}, "ivs": {"hp": 31, "atk": 31, "def": 31, "spa": 31, "spd": 31, "spe": 31}, "item": "Toxic Orb", "teraType": "Normal", "role": "Fast Attacker", "bvs": {"hp": 73, "atk": 115, "def": 60, "spa": 60, "spd": 60, "spe": 90}, "stats": {"hp": 263, "atk": 244, "def": 151, "spa": 151, "spd": 151, "spe": 202}, "types": ["Normal"]}}]}