{"id": "gen9randombattle-2641756998", "format": "[Gen 9] Random Battle", "players": ["Red2_StandingBy", "count.slapula"], "log": "|j|\u2606Red2_StandingBy\n|j|\u2606count.slapula\n|t:|1782838252\n|gametype|singles\n|player|p1|Red2_StandingBy|acetrainer-gen4dp|1479\n|player|p2|count.slapula|youngster-gen1rb|1466\n|gen|9\n|tier|[Gen 9] Random Battle\n|rated|\n|rule|Species Clause: Limit one of each Pok\u00e9mon\n|rule|HP Percentage Mod: HP is shown in percentages\n|rule|Sleep Clause Mod: Limit one foe put to sleep\n|rule|Illusion Level Mod: Illusion disguises the Pok\u00e9mon's true level\n|\n|t:|1782838252\n|teamsize|p1|6\n|teamsize|p2|6\n|start\n|switch|p1a: Arceus|Arceus-Water, L71|288/288\n|switch|p2a: Trevenant|Trevenant, L89, F|296/296\n|turn|1\n|inactive|Battle timer is ON: inactive players will automatically lose when time's up. (requested by Red2_StandingBy)\n|\n|t:|1782838260\n|switch|p1a: Reshiram|Reshiram, L76|277/277\n|-ability|p1a: Reshiram|Turboblaze\n|move|p2a: Trevenant|Toxic|p1a: Reshiram\n|-status|p1a: Reshiram|tox\n|\n|-damage|p1a: Reshiram|260/277 tox|[from] psn\n|upkeep\n|turn|2\n|\n|t:|1782838269\n|switch|p2a: Sandaconda|Sandaconda, L84, M|258/258\n|move|p1a: Reshiram|Blue Flare|p2a: Sandaconda\n|-damage|p2a: Sandaconda|54/258\n|-status|p2a: Sandaconda|brn\n|\n|-heal|p2a: Sandaconda|70/258 brn|[from] item: Leftovers\n|-damage|p1a: Reshiram|226/277 tox|[from] psn\n|-damage|p2a: Sandaconda|54/258 brn|[from] brn\n|upkeep\n|turn|3\n|\n|t:|1782838284\n|move|p1a: Reshiram|Earth Power|p2a: Sandaconda\n|-damage|p2a: Sandaconda|0 fnt\n|faint|p2a: Sandaconda\n|\n|-damage|p1a: Reshiram|175/277 tox|[from] psn\n|upkeep\n|\n|t:|1782838289\n|switch|p2a: Sylveon|Sylveon, L85, M|300/300\n|turn|4\n|\n|t:|1782838306\n|switch|p1a: Quagsire|Quagsire, L84, F|297/297\n|move|p2a: Sylveon|Calm Mind|p2a: Sylveon\n|-boost|p2a: Sylveon|spa|1\n|-boost|p2a: Sylveon|spd|1\n|\n|upkeep\n|turn|5\n|\n|t:|1782838317\n|switch|p2a: Rillaboom|Rillaboom, L79, M|288/288\n|-fieldstart|move: Grassy Terrain|[from] ability: Grassy Surge|[of] p2a: Rillaboom\n|move|p1a: Quagsire|Toxic|p2a: Rillaboom|[miss]\n|-miss|p1a: Quagsire|p2a: Rillaboom\n|\n|upkeep\n|turn|6\n|\n|t:|1782838335\n|switch|p1a: Mamoswine|Mamoswine, L81, F|311/311\n|move|p2a: Rillaboom|Grassy Glide|p1a: Mamoswine\n|-supereffective|p1a: Mamoswine\n|-damage|p1a: Mamoswine|45/311\n|\n|-heal|p1a: Mamoswine|64/311|[from] Grassy Terrain\n|upkeep\n|turn|7\n|\n|t:|1782838343\n|move|p2a: Rillaboom|Grassy Glide|p1a: Mamoswine\n|-supereffective|p1a: Mamoswine\n|-damage|p1a: Mamoswine|0 fnt\n|faint|p1a: Mamoswine\n|\n|upkeep\n|\n|t:|1782838349\n|switch|p1a: Reshiram|Reshiram, L76|175/277 tox\n|-ability|p1a: Reshiram|Turboblaze\n|turn|8\n|\n|t:|1782838357\n|switch|p2a: Gumshoos|Gumshoos, L95, F|321/321\n|move|p1a: Reshiram|Blue Flare|p2a: Gumshoos|[miss]\n|-miss|p1a: Reshiram|p2a: Gumshoos\n|\n|-heal|p1a: Reshiram|192/277 tox|[from] Grassy Terrain\n|-damage|p1a: Reshiram|175/277 tox|[from] psn\n|upkeep\n|turn|9\n|\n|t:|1782838366\n|move|p2a: Gumshoos|Earthquake|p1a: Reshiram\n|-supereffective|p1a: Reshiram\n|-damage|p1a: Reshiram|21/277 tox\n|move|p1a: Reshiram|Dragon Tail|p2a: Gumshoos\n|-damage|p2a: Gumshoos|249/321\n|drag|p2a: Sylveon|Sylveon, L85, M|300/300\n|\n|-heal|p1a: Reshiram|38/277 tox|[from] Grassy Terrain\n|-damage|p1a: Reshiram|4/277 tox|[from] psn\n|-fieldend|move: Grassy Terrain\n|upkeep\n|turn|10\n|\n|t:|1782838380\n|switch|p1a: Quagsire|Quagsire, L84, F|297/297\n|move|p2a: Sylveon|Calm Mind|p2a: Sylveon\n|-boost|p2a: Sylveon|spa|1\n|-boost|p2a: Sylveon|spd|1\n|\n|upkeep\n|turn|11\n|\n|t:|1782838387\n|move|p2a: Sylveon|Protect|p2a: Sylveon\n|-singleturn|p2a: Sylveon|Protect\n|move|p1a: Quagsire|Toxic|p2a: Sylveon\n|-activate|p2a: Sylveon|move: Protect\n|\n|upkeep\n|turn|12\n|\n|t:|1782838405\n|switch|p2a: Gumshoos|Gumshoos, L95, F|249/321\n|move|p1a: Quagsire|Toxic|p2a: Gumshoos\n|-status|p2a: Gumshoos|tox\n|\n|-damage|p2a: Gumshoos|229/321 tox|[from] psn\n|upkeep\n|turn|13\n|\n|t:|1782838411\n|move|p2a: Gumshoos|Double-Edge|p1a: Quagsire\n|-damage|p1a: Quagsire|12/297\n|-damage|p2a: Gumshoos|135/321 tox|[from] Recoil\n|move|p1a: Quagsire|Spikes|p2a: Gumshoos\n|-sidestart|p2: count.slapula|Spikes\n|\n|-heal|p1a: Quagsire|30/297|[from] item: Leftovers\n|-damage|p2a: Gumshoos|95/321 tox|[from] psn\n|upkeep\n|turn|14\n|\n|t:|1782838420\n|switch|p1a: Corviknight|Corviknight, L80, M|288/288\n|-ability|p1a: Corviknight|Pressure\n|move|p2a: Gumshoos|Double-Edge|p1a: Corviknight\n|-resisted|p1a: Corviknight\n|-damage|p1a: Corviknight|28/288\n|-damage|p2a: Gumshoos|42/321 tox|[from] item: Rocky Helmet|[of] p1a: Corviknight\n|-damage|p2a: Gumshoos|0 fnt|[from] Recoil\n|faint|p2a: Gumshoos\n|\n|upkeep\n|\n|t:|1782838430\n|switch|p2a: Pawmot|Pawmot, L80, M|243/243\n|-damage|p2a: Pawmot|213/243|[from] Spikes\n|turn|15\n|\n|t:|1782838440\n|move|p2a: Pawmot|Double Shock|p1a: Corviknight\n|-supereffective|p1a: Corviknight\n|-crit|p1a: Corviknight\n|-damage|p1a: Corviknight|0 fnt\n|-start|p2a: Pawmot|typechange|???/Fighting|[from] move: Double Shock\n|-damage|p2a: Pawmot|173/243|[from] item: Rocky Helmet|[of] p1a: Corviknight\n|faint|p1a: Corviknight\n|\n|upkeep\n|\n|t:|1782838451\n|switch|p1a: Quagsire|Quagsire, L84, F|30/297\n|turn|16\n|\n|t:|1782838454\n|move|p2a: Pawmot|Close Combat|p1a: Quagsire\n|-damage|p1a: Quagsire|0 fnt\n|-unboost|p2a: Pawmot|def|1\n|-unboost|p2a: Pawmot|spd|1\n|faint|p1a: Quagsire\n|\n|upkeep\n|\n|t:|1782838465\n|switch|p1a: Arceus|Arceus-Water, L71|288/288\n|turn|17\n|\n|t:|1782838474\n|-terastallize|p1a: Arceus|Steel\n|move|p2a: Pawmot|Nuzzle|p1a: Arceus\n|-damage|p1a: Arceus|275/288\n|-status|p1a: Arceus|par\n|move|p1a: Arceus|Judgment|p2a: Pawmot\n|-damage|p2a: Pawmot|0 fnt\n|faint|p2a: Pawmot\n|\n|upkeep\n|\n|t:|1782838483\n|switch|p2a: Trevenant|Trevenant, L89, F|296/296\n|-damage|p2a: Trevenant|259/296|[from] Spikes\n|turn|18\n|\n|t:|1782838495\n|move|p2a: Trevenant|Poltergeist|p1a: Arceus\n|-activate|p1a: Arceus|move: Poltergeist|Splash Plate\n|-damage|p1a: Arceus|151/288 par\n|move|p1a: Arceus|Calm Mind|p1a: Arceus\n|-boost|p1a: Arceus|spa|1\n|-boost|p1a: Arceus|spd|1\n|\n|upkeep\n|turn|19\n|\n|t:|1782838503\n|move|p2a: Trevenant|Poltergeist|p1a: Arceus\n|-activate|p1a: Arceus|move: Poltergeist|Splash Plate\n|-damage|p1a: Arceus|30/288 par\n|move|p1a: Arceus|Judgment|p2a: Trevenant\n|-resisted|p2a: Trevenant\n|-damage|p2a: Trevenant|173/296\n|\n|upkeep\n|turn|20\n|\n|t:|1782838511\n|move|p2a: Trevenant|Drain Punch|p1a: Arceus\n|-supereffective|p1a: Arceus\n|-damage|p1a: Arceus|0 fnt\n|-heal|p2a: Trevenant|188/296|[from] drain|[of] p1a: Arceus\n|faint|p1a: Arceus\n|\n|upkeep\n|\n|t:|1782838515\n|switch|p1a: Hitmonlee|Hitmonlee, L85, M|224/224\n|turn|21\n|\n|t:|1782838522\n|move|p2a: Trevenant|Protect|p2a: Trevenant\n|-singleturn|p2a: Trevenant|Protect\n|move|p1a: Hitmonlee|Poison Jab|p2a: Trevenant\n|-activate|p2a: Trevenant|move: Protect\n|\n|upkeep\n|turn|22\n|\n|t:|1782838530\n|-terastallize|p2a: Trevenant|Steel\n|move|p1a: Hitmonlee|Poison Jab|p2a: Trevenant\n|-immune|p2a: Trevenant\n|move|p2a: Trevenant|Toxic|p1a: Hitmonlee\n|-status|p1a: Hitmonlee|tox\n|\n|-damage|p1a: Hitmonlee|210/224 tox|[from] psn\n|upkeep\n|turn|23\n|\n|t:|1782838539\n|move|p2a: Trevenant|Protect|p2a: Trevenant\n|-singleturn|p2a: Trevenant|Protect\n|move|p1a: Hitmonlee|Swords Dance|p1a: Hitmonlee\n|-boost|p1a: Hitmonlee|atk|2\n|\n|-damage|p1a: Hitmonlee|182/224 tox|[from] psn\n|upkeep\n|turn|24\n|\n|t:|1782838543\n|switch|p2a: Sylveon|Sylveon, L85, M|300/300\n|-damage|p2a: Sylveon|263/300|[from] Spikes\n|move|p1a: Hitmonlee|Close Combat|p2a: Sylveon\n|-resisted|p2a: Sylveon\n|-damage|p2a: Sylveon|71/300\n|-unboost|p1a: Hitmonlee|def|1\n|-unboost|p1a: Hitmonlee|spd|1\n|-enditem|p1a: Hitmonlee|White Herb\n|-clearnegativeboost|p1a: Hitmonlee|[silent]\n|\n|-heal|p2a: Sylveon|89/300|[from] item: Leftovers\n|-damage|p1a: Hitmonlee|140/224 tox|[from] psn\n|upkeep\n|turn|25\n|\n|t:|1782838551\n|move|p2a: Sylveon|Protect|p2a: Sylveon\n|-singleturn|p2a: Sylveon|Protect\n|move|p1a: Hitmonlee|Poison Jab|p2a: Sylveon\n|-activate|p2a: Sylveon|move: Protect\n|\n|-heal|p2a: Sylveon|107/300|[from] item: Leftovers\n|-damage|p1a: Hitmonlee|84/224 tox|[from] psn\n|upkeep\n|turn|26\n|\n|t:|1782838556\n|move|p1a: Hitmonlee|Poison Jab|p2a: Sylveon\n|-supereffective|p2a: Sylveon\n|-damage|p2a: Sylveon|0 fnt\n|faint|p2a: Sylveon\n|\n|-damage|p1a: Hitmonlee|14/224 tox|[from] psn\n|upkeep\n|\n|t:|1782838559\n|switch|p2a: Trevenant|Trevenant, L89, F, tera:Steel|188/296\n|-damage|p2a: Trevenant|151/296|[from] Spikes\n|turn|27\n|\n|t:|1782838567\n|move|p2a: Trevenant|Protect|p2a: Trevenant\n|-singleturn|p2a: Trevenant|Protect\n|move|p1a: Hitmonlee|Close Combat|p2a: Trevenant\n|-activate|p2a: Trevenant|move: Protect\n|\n|-damage|p1a: Hitmonlee|0 fnt|[from] psn\n|faint|p1a: Hitmonlee\n|upkeep\n|\n|t:|1782838568\n|switch|p1a: Reshiram|Reshiram, L76|4/277 tox\n|-ability|p1a: Reshiram|Turboblaze\n|turn|28\n|\n|t:|1782838573\n|move|p1a: Reshiram|Blue Flare|p2a: Trevenant\n|-supereffective|p2a: Trevenant\n|-damage|p2a: Trevenant|0 fnt\n|faint|p2a: Trevenant\n|\n|-damage|p1a: Reshiram|0 fnt|[from] psn\n|faint|p1a: Reshiram\n|\n|win|count.slapula\n|raw|Red2_StandingBy's rating: 1479 &rarr; <strong>1458</strong><br />(-21 for losing)\n|raw|count.slapula's rating: 1466 &rarr; <strong>1487</strong><br />(+21 for winning)\n|l|\u2606Red2_StandingBy\n|player|p1|\n", "inputlog": ">version f8ac14003a5f27e1bdc8d8c59608a773c1cb96e5\n>start {\"formatid\":\"gen9randombattle\",\"seed\":\"sodium,eceabbcdfe42654dddaa0854b2f73c49\",\"rated\":\"Rated battle\"}\n>player p1 {\"name\":\"Red2_StandingBy\",\"avatar\":\"acetrainer-gen4dp\",\"rating\":1479,\"seed\":\"sodium,0bbafb3ff0ee5b97d988ae59b3882686\"}\n>player p2 {\"name\":\"count.slapula\",\"avatar\":\"youngster-gen1rb\",\"rating\":1466,\"seed\":\"sodium,46637bacffc997ea48b017c7abccaab9\"}\n>p1 switch 5\n>p2 move toxic\n>p1 move blueflare\n>p2 switch 3\n>p1 move earthpower\n>p2 move coil\n>p2 switch 6\n>p1 switch 4\n>p2 move calmmind\n>p1 move toxic\n>p2 switch 5\n>p1 switch 3\n>p2 move grassyglide\n>p1 move iceshard\n>p2 move grassyglide\n>p1 switch 4\n>p1 move blueflare\n>p2 switch 2\n>p1 move dragontail\n>p2 move earthquake\n>p1 switch 3\n>p2 move calmmind\n>p1 move toxic\n>p2 move protect\n>p1 move toxic\n>p2 switch 5\n>p1 move spikes\n>p2 move doubleedge\n>p1 switch 2\n>p2 move doubleedge\n>p2 switch 4\n>p1 move roost\n>p2 move doubleshock\n>p1 switch 2\n>p1 move earthquake\n>p2 move closecombat\n>p1 switch 5\n>p1 move judgment terastallize\n>p2 move nuzzle\n>p2 switch 3\n>p1 move calmmind\n>p2 move poltergeist\n>p1 move judgment\n>p2 move poltergeist\n>p1 move recover\n>p2 move drainpunch\n>p1 switch 6\n>p1 move poisonjab\n>p2 move protect\n>p1 move poisonjab\n>p2 move toxic terastallize\n>p1 move swordsdance\n>p2 move protect\n>p1 move closecombat\n>p2 switch 5\n>p1 move poisonjab\n>p2 move protect\n>p1 move poisonjab\n>p2 move wish\n>p2 switch 5\n>p1 move closecombat\n>p2 move protect\n>p1 switch 3\n>p1 move blueflare\n>p2 move drainpunch", "uploadtime": 1782838579, "views": 9, "formatid": "gen9randombattle", "rating": 1458, "private": 0, "password": null, "player_dets": [{"name": "Red2_StandingBy", "avatar": "acetrainer-gen4dp", "rating": 1479, "seed": "sodium,0bbafb3ff0ee5b97d988ae59b3882686"}, {"name": "count.slapula", "avatar": "youngster-gen1rb", "rating": 1466, "seed": "sodium,46637bacffc997ea48b017c7abccaab9"}], "teams_full": [{"Arceus": {"name": "Arceus", "species": "Arceus-Water", "speciesId": "arceuswater", "gender": "N", "shiny": false, "level": 71, "moves": ["recover", "calmmind", "judgment", "willowisp"], "ability": "Multitype", "evs": {"hp": 85, "atk": 0, "def": 85, "spa": 85, "spd": 85, "spe": 85}, "ivs": {"hp": 31, "atk": 0, "def": 31, "spa": 31, "spd": 31, "spe": 31}, "item": "Splash Plate", "teraType": "Steel", "role": "Bulky Support", "bvs": {"hp": 120, "atk": 120, "def": 120, "spa": 120, "spd": 120, "spe": 120}, "stats": {"hp": 288, "atk": 175, "def": 212, "spa": 212, "spd": 212, "spe": 212}, "types": ["Water"]}, "Corviknight": {"name": "Corviknight", "species": "Corviknight", "speciesId": "corviknight", "gender": "M", "shiny": false, "level": 80, "moves": ["defog", "uturn", "bravebird", "roost"], "ability": "Pressure", "evs": {"hp": 85, "atk": 85, "def": 85, "spa": 85, "spd": 85, "spe": 85}, "ivs": {"hp": 31, "atk": 31, "def": 31, "spa": 31, "spd": 31, "spe": 31}, "item": "Rocky Helmet", "teraType": "Dragon", "role": "Bulky Support", "bvs": {"hp": 98, "atk": 87, "def": 105, "spa": 53, "spd": 85, "spe": 67}, "stats": {"hp": 288, "atk": 185, "def": 214, "spa": 131, "spd": 182, "spe": 153}, "types": ["Flying", "Steel"]}, "Mamoswine": {"name": "Mamoswine", "species": "Mamoswine", "speciesId": "mamoswine", "gender": "F", "shiny": false, "level": 81, "moves": ["earthquake", "stealthrock", "iciclecrash", "iceshard"], "ability": "Thick Fat", "evs": {"hp": 85, "atk": 85, "def": 85, "spa": 85, "spd": 85, "spe": 85}, "ivs": {"hp": 31, "atk": 31, "def": 31, "spa": 31, "spd": 31, "spe": 31}, "item": "Life Orb", "teraType": "Ice", "role": "Wallbreaker", "bvs": {"hp": 110, "atk": 130, "def": 80, "spa": 70, "spd": 60, "spe": 80}, "stats": {"hp": 311, "atk": 257, "def": 176, "spa": 160, "spd": 144, "spe": 176}, "types": ["Ice", "Ground"]}, "Quagsire": {"name": "Quagsire", "species": "Quagsire", "speciesId": "quagsire", "gender": "F", "shiny": false, "level": 84, "moves": ["toxic", "earthquake", "spikes", "recover"], "ability": "Unaware", "evs": {"hp": 85, "atk": 85, "def": 85, "spa": 85, "spd": 85, "spe": 85}, "ivs": {"hp": 31, "atk": 31, "def": 31, "spa": 31, "spd": 31, "spe": 31}, "item": "Leftovers", "teraType": "Fairy", "role": "Bulky Support", "bvs": {"hp": 95, "atk": 85, "def": 85, "spa": 65, "spd": 65, "spe": 35}, "stats": {"hp": 297, "atk": 191, "def": 191, "spa": 157, "spd": 157, "spe": 107}, "types": ["Water", "Ground"]}, "Reshiram": {"name": "Reshiram", "species": "Reshiram", "speciesId": "reshiram", "gender": "N", "shiny": false, "level": 76, "moves": ["earthpower", "dragontail", "blueflare", "dracometeor"], "ability": "Turboblaze", "evs": {"hp": 85, "atk": 85, "def": 85, "spa": 85, "spd": 85, "spe": 85}, "ivs": {"hp": 31, "atk": 31, "def": 31, "spa": 31, "spd": 31, "spe": 31}, "item": "Heavy-Duty Boots", "teraType": "Fire", "role": "Fast Attacker", "bvs": {"hp": 100, "atk": 120, "def": 100, "spa": 150, "spd": 120, "spe": 90}, "stats": {"hp": 277, "atk": 226, "def": 196, "spa": 272, "spd": 226, "spe": 181}, "types": ["Dragon", "Fire"]}, "Hitmonlee": {"name": "Hitmonlee", "species": "Hitmonlee", "speciesId": "hitmonlee", "gender": "M", "shiny": false, "level": 85, "moves": ["closecombat", "poisonjab", "knockoff", "swordsdance"], "ability": "Unburden", "evs": {"hp": 85, "atk": 85, "def": 85, "spa": 85, "spd": 85, "spe": 85}, "ivs": {"hp": 31, "atk": 31, "def": 31, "spa": 31, "spd": 31, "spe": 31}, "item": "White Herb", "teraType": "Poison", "role": "Setup Sweeper", "bvs": {"hp": 50, "atk": 120, "def": 53, "spa": 35, "spd": 110, "spe": 87}, "stats": {"hp": 224, "atk": 253, "def": 139, "spa": 108, "spd": 236, "spe": 197}, "types": ["Fighting"]}}, {"Trevenant": {"name": "Trevenant", "species": "Trevenant", "speciesId": "trevenant", "gender": "F", "shiny": false, "level": 89, "moves": ["poltergeist", "toxic", "protect", "drainpunch"], "ability": "Harvest", "evs": {"hp": 85, "atk": 85, "def": 85, "spa": 85, "spd": 85, "spe": 85}, "ivs": {"hp": 31, "atk": 31, "def": 31, "spa": 31, "spd": 31, "spe": 31}, "item": "Sitrus Berry", "teraType": "Steel", "role": "Bulky Support", "bvs": {"hp": 85, "atk": 110, "def": 76, "spa": 65, "spd": 82, "spe": 56}, "stats": {"hp": 296, "atk": 247, "def": 186, "spa": 166, "spd": 197, "spe": 150}, "types": ["Ghost", "Grass"]}, "Gumshoos": {"name": "Gumshoos", "species": "Gumshoos", "speciesId": "gumshoos", "gender": "F", "shiny": false, "level": 95, "moves": ["knockoff", "earthquake", "uturn", "doubleedge"], "ability": "Stakeout", "evs": {"hp": 85, "atk": 85, "def": 85, "spa": 85, "spd": 85, "spe": 85}, "ivs": {"hp": 31, "atk": 31, "def": 31, "spa": 31, "spd": 31, "spe": 31}, "item": "Choice Band", "teraType": "Normal", "role": "Wallbreaker", "bvs": {"hp": 88, "atk": 110, "def": 60, "spa": 55, "spd": 60, "spe": 45}, "stats": {"hp": 321, "atk": 263, "def": 168, "spa": 158, "spd": 168, "spe": 139}, "types": ["Normal"]}, "Sandaconda": {"name": "Sandaconda", "species": "Sandaconda", "speciesId": "sandaconda", "gender": "M", "shiny": false, "level": 84, "moves": ["glare", "coil", "stoneedge", "earthquake"], "ability": "Shed Skin", "evs": {"hp": 85, "atk": 85, "def": 85, "spa": 85, "spd": 85, "spe": 85}, "ivs": {"hp": 31, "atk": 31, "def": 31, "spa": 31, "spd": 31, "spe": 31}, "item": "Leftovers", "teraType": "Dragon", "role": "Bulky Setup", "bvs": {"hp": 72, "atk": 107, "def": 125, "spa": 65, "spd": 70, "spe": 71}, "stats": {"hp": 258, "atk": 228, "def": 258, "spa": 157, "spd": 166, "spe": 167}, "types": ["Ground"]}, "Pawmot": {"name": "Pawmot", "species": "Pawmot", "speciesId": "pawmot", "gender": "M", "shiny": false, "level": 80, "moves": ["doubleshock", "nuzzle", "revivalblessing", "closecombat"], "ability": "Volt Absorb", "evs": {"hp": 85, "atk": 85, "def": 85, "spa": 85, "spd": 85, "spe": 85}, "ivs": {"hp": 31, "atk": 31, "def": 31, "spa": 31, "spd": 31, "spe": 31}, "item": "Leppa Berry", "teraType": "Electric", "role": "Fast Attacker", "bvs": {"hp": 70, "atk": 115, "def": 70, "spa": 70, "spd": 60, "spe": 105}, "stats": {"hp": 243, "atk": 230, "def": 158, "spa": 158, "spd": 142, "spe": 214}, "types": ["Electric", "Fighting"]}, "Rillaboom": {"name": "Rillaboom", "species": "Rillaboom", "speciesId": "rillaboom", "gender": "M", "shiny": false, "level": 79, "moves": ["highhorsepower", "uturn", "woodhammer", "grassyglide"], "ability": "Grassy Surge", "evs": {"hp": 85, "atk": 85, "def": 85, "spa": 85, "spd": 85, "spe": 85}, "ivs": {"hp": 31, "atk": 31, "def": 31, "spa": 31, "spd": 31, "spe": 31}, "item": "Choice Band", "teraType": "Grass", "role": "Fast Attacker", "bvs": {"hp": 100, "atk": 125, "def": 90, "spa": 60, "spd": 70, "spe": 85}, "stats": {"hp": 288, "atk": 243, "def": 188, "spa": 140, "spd": 156, "spe": 180}, "types": ["Grass"]}, "Sylveon": {"name": "Sylveon", "species": "Sylveon", "speciesId": "sylveon", "gender": "M", "shiny": false, "level": 85, "moves": ["wish", "calmmind", "hypervoice", "protect"], "ability": "Pixilate", "evs": {"hp": 85, "atk": 0, "def": 85, "spa": 85, "spd": 85, "spe": 85}, "ivs": {"hp": 31, "atk": 0, "def": 31, "spa": 31, "spd": 31, "spe": 31}, "item": "Leftovers", "teraType": "Steel", "role": "Bulky Setup", "bvs": {"hp": 95, "atk": 65, "def": 65, "spa": 110, "spd": 130, "spe": 60}, "stats": {"hp": 300, "atk": 115, "def": 159, "spa": 236, "spd": 270, "spe": 151}, "types": ["Fairy"]}}]}