{"id": "gen9randombattle-2642082383", "format": "[Gen 9] Random Battle", "players": ["rfaqw3r 3qwr", "jnpr010334"], "log": "|j|\u2606rfaqw3r 3qwr\n|j|\u2606jnpr010334\n|t:|1782886016\n|gametype|singles\n|player|p1|rfaqw3r 3qwr|266|1862\n|player|p2|jnpr010334|265|1811\n|gen|9\n|tier|[Gen 9] Random Battle\n|rated|\n|rule|Species Clause: Limit one of each Pok\u00e9mon\n|rule|HP Percentage Mod: HP is shown in percentages\n|rule|Sleep Clause Mod: Limit one foe put to sleep\n|rule|Illusion Level Mod: Illusion disguises the Pok\u00e9mon's true level\n|\n|t:|1782886016\n|teamsize|p1|6\n|teamsize|p2|6\n|start\n|switch|p1a: Conkeldurr|Conkeldurr, L80, M|299/299\n|switch|p2a: Krookodile|Krookodile, L79, F|280/280\n|-ability|p2a: Krookodile|Intimidate|boost\n|-unboost|p1a: Conkeldurr|atk|1\n|turn|1\n|inactive|Battle timer is ON: inactive players will automatically lose when time's up. (requested by jnpr010334)\n|\n|t:|1782886021\n|switch|p2a: Scyther|Scyther, L82, F|249/249\n|move|p1a: Conkeldurr|Knock Off|p2a: Scyther\n|-damage|p2a: Scyther|186/249\n|-enditem|p2a: Scyther|Heavy-Duty Boots|[from] move: Knock Off|[of] p1a: Conkeldurr\n|\n|-status|p1a: Conkeldurr|brn|[from] item: Flame Orb\n|upkeep\n|turn|2\n|\n|t:|1782886033\n|switch|p1a: Lumineon|Lumineon, L93, M|279/279\n|move|p2a: Scyther|Swords Dance|p2a: Scyther\n|-boost|p2a: Scyther|atk|2\n|\n|upkeep\n|turn|3\n|\n|t:|1782886036\n|switch|p2a: Vaporeon|Vaporeon, L86, M|364/364\n|move|p1a: Lumineon|Encore||[still]\n|-fail|p1a: Lumineon\n|\n|upkeep\n|turn|4\n|\n|t:|1782886039\n|move|p1a: Lumineon|Alluring Voice|p2a: Vaporeon\n|-damage|p2a: Vaporeon|300/364\n|-damage|p1a: Lumineon|252/279|[from] item: Life Orb\n|move|p2a: Vaporeon|Scald|p1a: Lumineon\n|-ability|p1a: Lumineon|Storm Drain|boost\n|-boost|p1a: Lumineon|spa|1\n|\n|-heal|p2a: Vaporeon|322/364|[from] item: Leftovers\n|upkeep\n|turn|5\n|\n|t:|1782886043\n|move|p1a: Lumineon|Encore|p2a: Vaporeon\n|-start|p2a: Vaporeon|Encore\n|move|p2a: Vaporeon|Scald|p1a: Lumineon\n|-ability|p1a: Lumineon|Storm Drain|boost\n|-boost|p1a: Lumineon|spa|1\n|\n|-heal|p2a: Vaporeon|344/364|[from] item: Leftovers\n|upkeep\n|turn|6\n|\n|t:|1782886047\n|switch|p2a: Luxray|Luxray, L88, M|284/284\n|-ability|p2a: Luxray|Intimidate|boost\n|-unboost|p1a: Lumineon|atk|1\n|move|p1a: Lumineon|Alluring Voice|p2a: Luxray\n|-damage|p2a: Luxray|187/284\n|-damage|p1a: Lumineon|225/279|[from] item: Life Orb\n|\n|upkeep\n|turn|7\n|\n|t:|1782886052\n|move|p1a: Lumineon|Hydro Pump|p2a: Luxray\n|-crit|p2a: Luxray\n|-damage|p2a: Luxray|0 fnt\n|faint|p2a: Luxray\n|-damage|p1a: Lumineon|198/279|[from] item: Life Orb\n|\n|upkeep\n|\n|t:|1782886054\n|switch|p2a: Vaporeon|Vaporeon, L86, M|344/364\n|turn|8\n|\n|t:|1782886058\n|move|p1a: Lumineon|Alluring Voice|p2a: Vaporeon\n|-damage|p2a: Vaporeon|224/364\n|-damage|p1a: Lumineon|171/279|[from] item: Life Orb\n|move|p2a: Vaporeon|Wish|p2a: Vaporeon\n|\n|-heal|p2a: Vaporeon|246/364|[from] item: Leftovers\n|upkeep\n|turn|9\n|\n|t:|1782886062\n|move|p2a: Vaporeon|Protect|p2a: Vaporeon\n|-singleturn|p2a: Vaporeon|Protect\n|move|p1a: Lumineon|Alluring Voice|p2a: Vaporeon\n|-activate|p2a: Vaporeon|move: Protect\n|\n|-heal|p2a: Vaporeon|364/364|[from] move: Wish|[wisher] Vaporeon\n|upkeep\n|turn|10\n|\n|t:|1782886064\n|move|p1a: Lumineon|Encore|p2a: Vaporeon\n|-start|p2a: Vaporeon|Encore\n|move|p2a: Vaporeon|Protect||[still]\n|-fail|p2a: Vaporeon\n|\n|upkeep\n|turn|11\n|\n|t:|1782886069\n|switch|p1a: Conkeldurr|Conkeldurr, L80, M|299/299 brn\n|move|p2a: Vaporeon|Protect||[still]\n|-fail|p2a: Vaporeon\n|\n|-damage|p1a: Conkeldurr|281/299 brn|[from] brn\n|upkeep\n|turn|12\n|\n|t:|1782886075\n|switch|p2a: Scyther|Scyther, L82, F|186/249\n|move|p1a: Conkeldurr|Facade|p2a: Scyther\n|-damage|p2a: Scyther|0 fnt\n|faint|p2a: Scyther\n|\n|-damage|p1a: Conkeldurr|263/299 brn|[from] brn\n|upkeep\n|\n|t:|1782886077\n|switch|p2a: Lugia|Lugia, L73|275/275\n|turn|13\n|\n|t:|1782886083\n|move|p2a: Lugia|Aeroblast|p1a: Conkeldurr\n|-supereffective|p1a: Conkeldurr\n|-damage|p1a: Conkeldurr|51/299 brn\n|move|p1a: Conkeldurr|Facade|p2a: Lugia\n|-damage|p2a: Lugia|191/275\n|\n|-damage|p1a: Conkeldurr|33/299 brn|[from] brn\n|upkeep\n|turn|14\n|\n|t:|1782886092\n|move|p2a: Lugia|Recover|p2a: Lugia\n|-heal|p2a: Lugia|275/275\n|move|p1a: Conkeldurr|Facade|p2a: Lugia\n|-damage|p2a: Lugia|202/275\n|\n|-damage|p1a: Conkeldurr|15/299 brn|[from] brn\n|upkeep\n|turn|15\n|\n|t:|1782886099\n|move|p2a: Lugia|Recover|p2a: Lugia\n|-heal|p2a: Lugia|275/275\n|move|p1a: Conkeldurr|Knock Off|p2a: Lugia\n|-supereffective|p2a: Lugia\n|-damage|p2a: Lugia|160/275\n|-enditem|p2a: Lugia|Heavy-Duty Boots|[from] move: Knock Off|[of] p1a: Conkeldurr\n|\n|-damage|p1a: Conkeldurr|0 fnt|[from] brn\n|faint|p1a: Conkeldurr\n|upkeep\n|\n|t:|1782886112\n|switch|p1a: Hoopa|Hoopa, L85|275/275\n|turn|16\n|\n|t:|1782886117\n|switch|p2a: Krookodile|Krookodile, L79, F|280/280\n|-ability|p2a: Krookodile|Intimidate|boost\n|-unboost|p1a: Hoopa|atk|1\n|move|p1a: Hoopa|Focus Blast|p2a: Krookodile\n|-supereffective|p2a: Krookodile\n|-damage|p2a: Krookodile|0 fnt\n|faint|p2a: Krookodile\n|\n|upkeep\n|\n|t:|1782886119\n|switch|p2a: Vaporeon|Vaporeon, L86, M|364/364\n|turn|17\n|\n|t:|1782886126\n|switch|p1a: Lumineon|Lumineon, L93, M|171/279\n|move|p2a: Vaporeon|Scald|p1a: Lumineon\n|-ability|p1a: Lumineon|Storm Drain|boost\n|-boost|p1a: Lumineon|spa|1\n|\n|upkeep\n|turn|18\n|\n|t:|1782886131\n|move|p1a: Lumineon|Encore|p2a: Vaporeon\n|-start|p2a: Vaporeon|Encore\n|move|p2a: Vaporeon|Scald|p1a: Lumineon\n|-ability|p1a: Lumineon|Storm Drain|boost\n|-boost|p1a: Lumineon|spa|1\n|\n|upkeep\n|turn|19\n|\n|t:|1782886136\n|move|p1a: Lumineon|Alluring Voice|p2a: Vaporeon\n|-damage|p2a: Vaporeon|233/364\n|-damage|p1a: Lumineon|144/279|[from] item: Life Orb\n|move|p2a: Vaporeon|Scald|p1a: Lumineon\n|-ability|p1a: Lumineon|Storm Drain|boost\n|-boost|p1a: Lumineon|spa|1\n|\n|-heal|p2a: Vaporeon|255/364|[from] item: Leftovers\n|upkeep\n|turn|20\n|\n|t:|1782886139\n|switch|p2a: Cresselia|Cresselia, L80, F|323/323\n|move|p1a: Lumineon|Alluring Voice|p2a: Cresselia\n|-damage|p2a: Cresselia|181/323\n|-damage|p1a: Lumineon|117/279|[from] item: Life Orb\n|\n|-heal|p2a: Cresselia|201/323|[from] item: Leftovers\n|upkeep\n|turn|21\n|\n|t:|1782886143\n|switch|p2a: Vaporeon|Vaporeon, L86, M|255/364\n|move|p1a: Lumineon|Hydro Pump|p2a: Vaporeon\n|-heal|p2a: Vaporeon|346/364|[from] ability: Water Absorb|[of] p1a: Lumineon\n|\n|-heal|p2a: Vaporeon|364/364|[from] item: Leftovers\n|upkeep\n|turn|22\n|\n|t:|1782886148\n|move|p2a: Vaporeon|Protect|p2a: Vaporeon\n|-singleturn|p2a: Vaporeon|Protect\n|move|p1a: Lumineon|Encore|p2a: Vaporeon\n|-activate|p2a: Vaporeon|move: Protect\n|\n|upkeep\n|turn|23\n|\n|t:|1782886151\n|move|p1a: Lumineon|Hydro Pump|p2a: Vaporeon\n|-immune|p2a: Vaporeon|[from] ability: Water Absorb\n|move|p2a: Vaporeon|Wish|p2a: Vaporeon\n|\n|upkeep\n|turn|24\n|\n|t:|1782886156\n|move|p2a: Vaporeon|Protect|p2a: Vaporeon\n|-singleturn|p2a: Vaporeon|Protect\n|move|p1a: Lumineon|Hydro Pump|p2a: Vaporeon\n|-activate|p2a: Vaporeon|move: Protect\n|\n|upkeep\n|turn|25\n|\n|t:|1782886160\n|move|p1a: Lumineon|Encore|p2a: Vaporeon\n|-start|p2a: Vaporeon|Encore\n|move|p2a: Vaporeon|Protect||[still]\n|-fail|p2a: Vaporeon\n|\n|upkeep\n|turn|26\n|\n|t:|1782886166\n|switch|p1a: Munkidori|Munkidori, L79, M|269/269\n|move|p2a: Vaporeon|Protect||[still]\n|-fail|p2a: Vaporeon\n|\n|upkeep\n|turn|27\n|\n|t:|1782886170\n|move|p2a: Vaporeon|Protect|p2a: Vaporeon\n|-singleturn|p2a: Vaporeon|Protect\n|move|p1a: Munkidori|Nasty Plot|p1a: Munkidori\n|-boost|p1a: Munkidori|spa|2\n|\n|-end|p2a: Vaporeon|Encore\n|upkeep\n|turn|28\n|\n|t:|1782886175\n|move|p1a: Munkidori|Sludge Wave|p2a: Vaporeon\n|-damage|p2a: Vaporeon|83/364\n|-status|p2a: Vaporeon|psn\n|-damage|p1a: Munkidori|243/269|[from] item: Life Orb\n|move|p2a: Vaporeon|Scald|p1a: Munkidori\n|-damage|p1a: Munkidori|134/269\n|\n|-heal|p2a: Vaporeon|105/364 psn|[from] item: Leftovers\n|-damage|p2a: Vaporeon|60/364 psn|[from] psn\n|upkeep\n|turn|29\n|\n|t:|1782886180\n|move|p1a: Munkidori|Sludge Wave|p2a: Vaporeon\n|-damage|p2a: Vaporeon|0 fnt\n|faint|p2a: Vaporeon\n|-damage|p1a: Munkidori|108/269|[from] item: Life Orb\n|\n|upkeep\n|\n|t:|1782886184\n|switch|p2a: Lugia|Lugia, L73|160/275\n|turn|30\n|\n|t:|1782886188\n|move|p1a: Munkidori|Focus Blast|p2a: Lugia\n|-resisted|p2a: Lugia\n|-damage|p2a: Lugia|120/275\n|-damage|p1a: Munkidori|82/269|[from] item: Life Orb\n|move|p2a: Lugia|Recover|p2a: Lugia\n|-heal|p2a: Lugia|258/275\n|\n|upkeep\n|turn|31\n|\n|t:|1782886193\n|move|p1a: Munkidori|Sludge Wave|p2a: Lugia\n|-damage|p2a: Lugia|32/275\n|-status|p2a: Lugia|tox|[from] ability: Toxic Chain|[of] p1a: Munkidori\n|-damage|p1a: Munkidori|56/269|[from] item: Life Orb\n|move|p2a: Lugia|Recover|p2a: Lugia\n|-heal|p2a: Lugia|170/275 tox\n|\n|-damage|p2a: Lugia|153/275 tox|[from] psn\n|upkeep\n|turn|32\n|\n|t:|1782886197\n|move|p1a: Munkidori|Focus Blast|p2a: Lugia\n|-resisted|p2a: Lugia\n|-damage|p2a: Lugia|110/275 tox\n|-damage|p1a: Munkidori|30/269|[from] item: Life Orb\n|move|p2a: Lugia|Aeroblast|p1a: Munkidori\n|-damage|p1a: Munkidori|0 fnt\n|faint|p1a: Munkidori\n|\n|-damage|p2a: Lugia|76/275 tox|[from] psn\n|upkeep\n|\n|t:|1782886203\n|switch|p1a: Lumineon|Lumineon, L93, M|117/279\n|turn|33\n|\n|t:|1782886207\n|move|p1a: Lumineon|Ice Beam|p2a: Lugia\n|-supereffective|p2a: Lugia\n|-damage|p2a: Lugia|0 fnt\n|faint|p2a: Lugia\n|-damage|p1a: Lumineon|90/279|[from] item: Life Orb\n|\n|upkeep\n|\n|t:|1782886209\n|switch|p2a: Cresselia|Cresselia, L80, F|201/323\n|turn|34\n|\n|t:|1782886214\n|switch|p1a: Iron Thorns|Iron Thorns, L83|302/302\n|move|p2a: Cresselia|Calm Mind|p2a: Cresselia\n|-boost|p2a: Cresselia|spa|1\n|-boost|p2a: Cresselia|spd|1\n|\n|-heal|p2a: Cresselia|221/323|[from] item: Leftovers\n|upkeep\n|turn|35\n|\n|t:|1782886218\n|-terastallize|p2a: Cresselia|Electric\n|move|p2a: Cresselia|Calm Mind|p2a: Cresselia\n|-boost|p2a: Cresselia|spa|1\n|-boost|p2a: Cresselia|spd|1\n|move|p1a: Iron Thorns|Volt Switch|p2a: Cresselia\n|-resisted|p2a: Cresselia\n|-damage|p2a: Cresselia|209/323\n|\n|t:|1782886221\n|-end|p1a: Iron Thorns|Quark Drive|[silent]\n|switch|p1a: Lumineon|Lumineon, L93, M|90/279|[from] Volt Switch\n|\n|-heal|p2a: Cresselia|229/323|[from] item: Leftovers\n|upkeep\n|turn|36\n|\n|t:|1782886224\n|move|p1a: Lumineon|Encore|p2a: Cresselia\n|-start|p2a: Cresselia|Encore\n|move|p2a: Cresselia|Calm Mind|p2a: Cresselia\n|-boost|p2a: Cresselia|spa|1\n|-boost|p2a: Cresselia|spd|1\n|\n|-heal|p2a: Cresselia|249/323|[from] item: Leftovers\n|upkeep\n|turn|37\n|\n|t:|1782886227\n|switch|p1a: Hoopa|Hoopa, L85|275/275\n|move|p2a: Cresselia|Calm Mind|p2a: Cresselia\n|-boost|p2a: Cresselia|spa|1\n|-boost|p2a: Cresselia|spd|1\n|\n|-heal|p2a: Cresselia|269/323|[from] item: Leftovers\n|upkeep\n|turn|38\n|\n|t:|1782886229\n|move|p1a: Hoopa|Trick|p2a: Cresselia\n|-activate|p1a: Hoopa|move: Trick|[of] p2a: Cresselia\n|-item|p2a: Cresselia|Choice Scarf|[from] move: Trick\n|-item|p1a: Hoopa|Leftovers|[from] move: Trick\n|move|p2a: Cresselia|Calm Mind|p2a: Cresselia\n|-boost|p2a: Cresselia|spa|1\n|-boost|p2a: Cresselia|spd|1\n|\n|-end|p2a: Cresselia|Encore\n|upkeep\n|turn|39\n|\n|t:|1782886242\n|switch|p1a: Regigigas|Regigigas, L84|322/322\n|-start|p1a: Regigigas|ability: Slow Start\n|move|p2a: Cresselia|Calm Mind|p2a: Cresselia\n|-boost|p2a: Cresselia|spa|1\n|-boost|p2a: Cresselia|spd|1\n|\n|upkeep\n|turn|40\n|\n|t:|1782886245\n|move|p2a: Cresselia|Calm Mind|p2a: Cresselia\n|-boost|p2a: Cresselia|spa|0\n|-boost|p2a: Cresselia|spd|0\n|move|p1a: Regigigas|Knock Off|p2a: Cresselia\n|-damage|p2a: Cresselia|223/323\n|-enditem|p2a: Cresselia|Choice Scarf|[from] move: Knock Off|[of] p1a: Regigigas\n|\n|upkeep\n|turn|41\n|\n|t:|1782886249\n|move|p2a: Cresselia|Moonlight|p2a: Cresselia\n|-heal|p2a: Cresselia|323/323\n|move|p1a: Regigigas|Knock Off|p2a: Cresselia\n|-damage|p2a: Cresselia|292/323\n|\n|upkeep\n|turn|42\n|c|\u2606rfaqw3r 3qwr|oh\n|c|\u2606rfaqw3r 3qwr|i through\n|\n|t:|1782886266\n|switch|p1a: Iron Thorns|Iron Thorns, L83|302/302\n|move|p2a: Cresselia|Thunderbolt|p1a: Iron Thorns\n|-resisted|p1a: Iron Thorns\n|-damage|p1a: Iron Thorns|208/302\n|\n|upkeep\n|turn|43\n|\n|t:|1782886269\n|move|p2a: Cresselia|Psyshock|p1a: Iron Thorns\n|-damage|p1a: Iron Thorns|0 fnt\n|faint|p1a: Iron Thorns\n|-end|p1a: Iron Thorns|Quark Drive|[silent]\n|\n|upkeep\n|c|\u2606rfaqw3r 3qwr|thats crazy\n|c|\u2606rfaqw3r 3qwr|brain on autopilot\n|c|\u2606rfaqw3r 3qwr|gg\n|-message|rfaqw3r 3qwr forfeited.\n|\n|win|jnpr010334\n|raw|rfaqw3r 3qwr's rating: 1862 &rarr; <strong>1839</strong><br />(-23 for losing)\n|raw|jnpr010334's rating: 1808 &rarr; <strong>1831</strong><br />(+23 for winning)\n|l|\u2606rfaqw3r 3qwr\n|player|p1|\n", "inputlog": ">version f8ac14003a5f27e1bdc8d8c59608a773c1cb96e5\n>start {\"formatid\":\"gen9randombattle\",\"seed\":\"sodium,120cbef8ed7d68c292735aec54d83f09\",\"rated\":\"Rated battle\"}\n>player p1 {\"name\":\"rfaqw3r 3qwr\",\"avatar\":\"266\",\"rating\":1862,\"seed\":\"sodium,4b57a3d2fae24c0eaa02e2912f77b75a\"}\n>player p2 {\"name\":\"jnpr010334\",\"avatar\":\"265\",\"rating\":1811,\"seed\":\"sodium,9ed9b10b72ac5d3497e667057ed22fa4\"}\n>p1 move knockoff\n>p2 switch 2\n>p1 switch 3\n>p2 move swordsdance\n>p1 move encore\n>p2 switch 4\n>p1 move alluringvoice\n>p2 move scald\n>p1 move encore\n>p2 move wish\n>p1 move alluringvoice\n>p2 switch 6\n>p1 move hydropump\n>p2 move wildcharge\n>p2 switch 6\n>p1 move alluringvoice\n>p2 move wish\n>p1 move alluringvoice\n>p2 move protect\n>p1 move encore\n>p2 move wish\n>p1 switch 3\n>p2 move protect\n>p1 move facade\n>p2 switch 4\n>p2 switch 3\n>p1 move facade\n>p2 move aeroblast\n>p1 move facade\n>p2 move recover\n>p1 move knockoff\n>p2 move recover\n>p1 switch 5\n>p1 move focusblast\n>p2 switch 2\n>p2 switch 4\n>p1 switch 3\n>p2 move scald\n>p1 move encore\n>p2 move wish\n>p1 move alluringvoice\n>p2 move scald\n>p1 move alluringvoice\n>p2 switch 5\n>p1 move hydropump\n>p2 switch 5\n>p1 move encore\n>p2 move protect\n>p1 move hydropump\n>p2 move wish\n>p1 move hydropump\n>p2 move protect\n>p1 move encore\n>p2 move wish\n>p1 switch 2\n>p2 move protect\n>p1 move nastyplot\n>p2 move protect\n>p1 move sludgewave\n>p2 move scald\n>p1 move sludgewave\n>p2 move scald\n>p2 switch 2\n>p1 move focusblast\n>p2 move recover\n>p1 move sludgewave\n>p2 move recover\n>p1 move focusblast\n>p2 move aeroblast\n>p1 switch 2\n>p1 move icebeam\n>p2 move recover\n>p2 switch 5\n>p1 switch 4\n>p2 move calmmind\n>p1 move voltswitch\n>p2 move calmmind terastallize\n>p1 switch 4\n>p1 move encore\n>p2 move moonlight\n>p1 switch 3\n>p2 move calmmind\n>p1 move trick\n>p2 move calmmind\n>p1 switch 6\n>p2 move calmmind\n>p1 move knockoff\n>p2 move calmmind\n>p1 move knockoff\n>p2 move moonlight\n>chat \u2606rfaqw3r 3qwr|oh\n>chat \u2606rfaqw3r 3qwr|i through\n>p1 switch 4\n>p2 move thunderbolt\n>p1 move voltswitch\n>p2 move psyshock\n>chat \u2606rfaqw3r 3qwr|thats crazy\n>chat \u2606rfaqw3r 3qwr|brain on autopilot\n>chat \u2606rfaqw3r 3qwr|gg\n>forcelose p1", "uploadtime": 1782886284, "views": 7, "formatid": "gen9randombattle", "rating": 1831, "private": 0, "password": null, "player_dets": [{"name": "rfaqw3r 3qwr", "avatar": "266", "rating": 1862, "seed": "sodium,4b57a3d2fae24c0eaa02e2912f77b75a"}, {"name": "jnpr010334", "avatar": "265", "rating": 1811, "seed": "sodium,9ed9b10b72ac5d3497e667057ed22fa4"}], "teams_full": [{"Conkeldurr": {"name": "Conkeldurr", "species": "Conkeldurr", "speciesId": "conkeldurr", "gender": "M", "shiny": false, "level": 80, "moves": ["facade", "knockoff", "machpunch", "closecombat"], "ability": "Guts", "evs": {"hp": 85, "atk": 85, "def": 85, "spa": 85, "spd": 85, "spe": 85}, "ivs": {"hp": 31, "atk": 31, "def": 31, "spa": 31, "spd": 31, "spe": 31}, "item": "Flame Orb", "teraType": "Normal", "role": "Wallbreaker", "bvs": {"hp": 105, "atk": 140, "def": 95, "spa": 55, "spd": 65, "spe": 45}, "stats": {"hp": 299, "atk": 270, "def": 198, "spa": 134, "spd": 150, "spe": 118}, "types": ["Fighting"]}, "Munkidori": {"name": "Munkidori", "species": "Munkidori", "speciesId": "munkidori", "gender": "M", "shiny": false, "level": 79, "moves": ["sludgewave", "nastyplot", "psyshock", "focusblast"], "ability": "Toxic Chain", "evs": {"hp": 85, "atk": 0, "def": 85, "spa": 85, "spd": 85, "spe": 85}, "ivs": {"hp": 31, "atk": 0, "def": 31, "spa": 31, "spd": 31, "spe": 31}, "item": "Life Orb", "teraType": "Poison", "role": "Fast Attacker", "bvs": {"hp": 88, "atk": 75, "def": 66, "spa": 130, "spd": 90, "spe": 106}, "stats": {"hp": 269, "atk": 123, "def": 150, "spa": 251, "spd": 188, "spe": 213}, "types": ["Poison", "Psychic"]}, "Lumineon": {"name": "Lumineon", "species": "Lumineon", "speciesId": "lumineon", "gender": "M", "shiny": false, "level": 93, "moves": ["encore", "hydropump", "icebeam", "alluringvoice"], "ability": "Storm Drain", "evs": {"hp": 85, "atk": 0, "def": 85, "spa": 85, "spd": 85, "spe": 85}, "ivs": {"hp": 31, "atk": 0, "def": 31, "spa": 31, "spd": 31, "spe": 31}, "item": "Life Orb", "teraType": "Fairy", "role": "Fast Attacker", "bvs": {"hp": 69, "atk": 69, "def": 76, "spa": 69, "spd": 86, "spe": 91}, "stats": {"hp": 279, "atk": 133, "def": 194, "spa": 181, "spd": 213, "spe": 222}, "types": ["Water"]}, "Iron Thorns": {"name": "Iron Thorns", "species": "Iron Thorns", "speciesId": "ironthorns", "gender": "N", "shiny": false, "level": 83, "moves": ["earthquake", "voltswitch", "stoneedge", "wildcharge"], "ability": "Quark Drive", "evs": {"hp": 85, "atk": 85, "def": 85, "spa": 85, "spd": 85, "spe": 85}, "ivs": {"hp": 31, "atk": 31, "def": 31, "spa": 31, "spd": 31, "spe": 31}, "item": "Assault Vest", "teraType": "Grass", "role": "Fast Support", "bvs": {"hp": 100, "atk": 134, "def": 110, "spa": 70, "spd": 84, "spe": 72}, "stats": {"hp": 302, "atk": 270, "def": 230, "spa": 164, "spd": 187, "spe": 167}, "types": ["Rock", "Electric"]}, "Hoopa": {"name": "Hoopa", "species": "Hoopa", "speciesId": "hoopa", "gender": "N", "shiny": false, "level": 85, "moves": ["shadowball", "psychic", "focusblast", "trick"], "ability": "Magician", "evs": {"hp": 85, "atk": 0, "def": 85, "spa": 85, "spd": 85, "spe": 85}, "ivs": {"hp": 31, "atk": 0, "def": 31, "spa": 31, "spd": 31, "spe": 31}, "item": "Choice Scarf", "teraType": "Psychic", "role": "Fast Attacker", "bvs": {"hp": 80, "atk": 110, "def": 60, "spa": 150, "spd": 130, "spe": 70}, "stats": {"hp": 275, "atk": 192, "def": 151, "spa": 304, "spd": 270, "spe": 168}, "types": ["Psychic", "Ghost"]}, "Regigigas": {"name": "Regigigas", "species": "Regigigas", "speciesId": "regigigas", "gender": "N", "shiny": false, "level": 84, "moves": ["knockoff", "substitute", "bodyslam", "protect"], "ability": "Slow Start", "evs": {"hp": 85, "atk": 85, "def": 85, "spa": 85, "spd": 85, "spe": 85}, "ivs": {"hp": 31, "atk": 31, "def": 31, "spa": 31, "spd": 31, "spe": 31}, "item": "Leftovers", "teraType": "Poison", "role": "Bulky Attacker", "bvs": {"hp": 110, "atk": 160, "def": 110, "spa": 80, "spd": 110, "spe": 100}, "stats": {"hp": 322, "atk": 317, "def": 233, "spa": 183, "spd": 233, "spe": 216}, "types": ["Normal"]}}, {"Krookodile": {"name": "Krookodile", "species": "Krookodile", "speciesId": "krookodile", "gender": "F", "shiny": false, "level": 79, "moves": ["gunkshot", "bulkup", "knockoff", "earthquake"], "ability": "Intimidate", "evs": {"hp": 85, "atk": 85, "def": 85, "spa": 85, "spd": 85, "spe": 85}, "ivs": {"hp": 31, "atk": 31, "def": 31, "spa": 31, "spd": 31, "spe": 31}, "item": "Leftovers", "teraType": "Poison", "role": "Bulky Setup", "bvs": {"hp": 95, "atk": 117, "def": 80, "spa": 65, "spd": 70, "spe": 92}, "stats": {"hp": 280, "atk": 230, "def": 172, "spa": 148, "spd": 156, "spe": 191}, "types": ["Ground", "Dark"]}, "Scyther": {"name": "Scyther", "species": "Scyther", "speciesId": "scyther", "gender": "F", "shiny": false, "level": 82, "moves": ["bugbite", "swordsdance", "closecombat", "dualwingbeat"], "ability": "Technician", "evs": {"hp": 85, "atk": 85, "def": 85, "spa": 85, "spd": 85, "spe": 85}, "ivs": {"hp": 31, "atk": 31, "def": 31, "spa": 31, "spd": 31, "spe": 31}, "item": "Heavy-Duty Boots", "teraType": "Fighting", "role": "Setup Sweeper", "bvs": {"hp": 70, "atk": 110, "def": 80, "spa": 55, "spd": 80, "spe": 105}, "stats": {"hp": 249, "atk": 228, "def": 178, "spa": 137, "spd": 178, "spe": 219}, "types": ["Bug", "Flying"]}, "Lugia": {"name": "Lugia", "species": "Lugia", "speciesId": "lugia", "gender": "N", "shiny": false, "level": 73, "moves": ["calmmind", "aeroblast", "psychicnoise", "recover"], "ability": "Multiscale", "evs": {"hp": 85, "atk": 0, "def": 85, "spa": 85, "spd": 85, "spe": 85}, "ivs": {"hp": 31, "atk": 0, "def": 31, "spa": 31, "spd": 31, "spe": 31}, "item": "Heavy-Duty Boots", "teraType": "Steel", "role": "Setup Sweeper", "bvs": {"hp": 106, "atk": 90, "def": 130, "spa": 90, "spd": 154, "spe": 110}, "stats": {"hp": 275, "atk": 136, "def": 232, "spa": 174, "spd": 267, "spe": 203}, "types": ["Psychic", "Flying"]}, "Vaporeon": {"name": "Vaporeon", "species": "Vaporeon", "speciesId": "vaporeon", "gender": "M", "shiny": false, "level": 86, "moves": ["flipturn", "wish", "scald", "protect"], "ability": "Water Absorb", "evs": {"hp": 85, "atk": 85, "def": 85, "spa": 85, "spd": 85, "spe": 85}, "ivs": {"hp": 31, "atk": 31, "def": 31, "spa": 31, "spd": 31, "spe": 31}, "item": "Leftovers", "teraType": "Poison", "role": "Bulky Support", "bvs": {"hp": 130, "atk": 65, "def": 60, "spa": 110, "spd": 95, "spe": 65}, "stats": {"hp": 364, "atk": 161, "def": 152, "spa": 238, "spd": 213, "spe": 161}, "types": ["Water"]}, "Cresselia": {"name": "Cresselia", "species": "Cresselia", "speciesId": "cresselia", "gender": "F", "shiny": false, "level": 80, "moves": ["moonlight", "psyshock", "calmmind", "thunderbolt"], "ability": "Levitate", "evs": {"hp": 85, "atk": 0, "def": 85, "spa": 85, "spd": 85, "spe": 85}, "ivs": {"hp": 31, "atk": 0, "def": 31, "spa": 31, "spd": 31, "spe": 31}, "item": "Leftovers", "teraType": "Electric", "role": "Bulky Setup", "bvs": {"hp": 120, "atk": 70, "def": 110, "spa": 75, "spd": 120, "spe": 85}, "stats": {"hp": 323, "atk": 117, "def": 222, "spa": 166, "spd": 238, "spe": 182}, "types": ["Psychic"]}, "Luxray": {"name": "Luxray", "species": "Luxray", "speciesId": "luxray", "gender": "M", "shiny": false, "level": 88, "moves": ["voltswitch", "icefang", "playrough", "wildcharge"], "ability": "Intimidate", "evs": {"hp": 85, "atk": 85, "def": 85, "spa": 85, "spd": 85, "spe": 85}, "ivs": {"hp": 31, "atk": 31, "def": 31, "spa": 31, "spd": 31, "spe": 31}, "item": "Assault Vest", "teraType": "Fairy", "role": "AV Pivot", "bvs": {"hp": 80, "atk": 120, "def": 79, "spa": 95, "spd": 79, "spe": 70}, "stats": {"hp": 284, "atk": 261, "def": 189, "spa": 217, "spd": 189, "spe": 173}, "types": ["Electric"]}}]}