{"id": "gen9randombattle-2641995001", "format": "[Gen 9] Random Battle", "players": ["shadowisp", "Tran Thanh Tung"], "log": "|j|\u2606shadowisp\n|j|\u2606Tran Thanh Tung\n|t:|1782870366\n|gametype|singles\n|player|p1|shadowisp|skier|1781\n|player|p2|Tran Thanh Tung|2|1786\n|gen|9\n|tier|[Gen 9] Random Battle\n|rated|\n|rule|Species Clause: Limit one of each Pok\u00e9mon\n|rule|HP Percentage Mod: HP is shown in percentages\n|rule|Sleep Clause Mod: Limit one foe put to sleep\n|rule|Illusion Level Mod: Illusion disguises the Pok\u00e9mon's true level\n|\n|t:|1782870366\n|teamsize|p1|6\n|teamsize|p2|6\n|start\n|switch|p1a: Heatran|Heatran, L79, M|273/273\n|switch|p2a: Torterra|Torterra, L78, M|276/276\n|-item|p1a: Heatran|Air Balloon\n|turn|1\n|inactive|Battle timer is ON: inactive players will automatically lose when time's up. (requested by Tran Thanh Tung)\n|\n|t:|1782870377\n|switch|p2a: Politoed|Politoed, L88, M|302/302\n|-weather|RainDance|[from] ability: Drizzle|[of] p2a: Politoed\n|move|p1a: Heatran|Magma Storm|p2a: Politoed\n|-resisted|p2a: Politoed\n|-damage|p2a: Politoed|276/302\n|-activate|p2a: Politoed|move: Magma Storm|[of] p1a: Heatran\n|\n|-weather|RainDance|[upkeep]\n|-damage|p2a: Politoed|239/302|[from] move: Magma Storm|[partiallytrapped]\n|upkeep\n|turn|2\n|\n|t:|1782870390\n|switch|p1a: Rillaboom|Rillaboom, L79, M|288/288\n|-fieldstart|move: Grassy Terrain|[from] ability: Grassy Surge|[of] p1a: Rillaboom\n|move|p2a: Politoed|Hydro Pump|p1a: Rillaboom\n|-resisted|p1a: Rillaboom\n|-damage|p1a: Rillaboom|173/288\n|\n|-weather|RainDance|[upkeep]\n|-heal|p1a: Rillaboom|191/288|[from] Grassy Terrain\n|-heal|p2a: Politoed|257/302|[from] Grassy Terrain\n|-end|p2a: Politoed|Magma Storm|[partiallytrapped]|[silent]\n|upkeep\n|turn|3\n|\n|t:|1782870404\n|switch|p2a: Venusaur|Venusaur, L84, M|272/272\n|move|p1a: Rillaboom|U-turn|p2a: Venusaur\n|-damage|p2a: Venusaur|187/272\n|\n|t:|1782870411\n|switch|p1a: Heatran|Heatran, L79, M|273/273|[from] U-turn\n|-item|p1a: Heatran|Air Balloon\n|\n|-weather|RainDance|[upkeep]\n|-heal|p2a: Venusaur|204/272|[from] Grassy Terrain\n|-heal|p2a: Venusaur|221/272|[from] item: Leftovers\n|upkeep\n|turn|4\n|\n|t:|1782870415\n|move|p2a: Venusaur|Knock Off|p1a: Heatran\n|-damage|p1a: Heatran|221/273\n|-enditem|p1a: Heatran|Air Balloon\n|move|p1a: Heatran|Stealth Rock|p2a: Venusaur\n|-sidestart|p2: Tran Thanh Tung|move: Stealth Rock\n|\n|-weather|RainDance|[upkeep]\n|-heal|p2a: Venusaur|238/272|[from] Grassy Terrain\n|-heal|p2a: Venusaur|255/272|[from] item: Leftovers\n|-heal|p1a: Heatran|238/273|[from] Grassy Terrain\n|upkeep\n|turn|5\n|\n|t:|1782870433\n|switch|p2a: Umbreon|Umbreon, L84, M|297/297\n|-damage|p2a: Umbreon|260/297|[from] Stealth Rock\n|move|p1a: Heatran|Magma Storm|p2a: Umbreon\n|-damage|p2a: Umbreon|214/297\n|-activate|p2a: Umbreon|move: Magma Storm|[of] p1a: Heatran\n|\n|-weather|none\n|-heal|p1a: Heatran|255/273|[from] Grassy Terrain\n|-heal|p2a: Umbreon|232/297|[from] Grassy Terrain\n|-heal|p2a: Umbreon|250/297|[from] item: Leftovers\n|-damage|p2a: Umbreon|213/297|[from] move: Magma Storm|[partiallytrapped]\n|upkeep\n|turn|6\n|\n|t:|1782870447\n|move|p1a: Heatran|Heavy Slam|p2a: Umbreon\n|-damage|p2a: Umbreon|123/297\n|move|p2a: Umbreon|Foul Play|p1a: Heatran\n|-damage|p1a: Heatran|168/273\n|\n|-heal|p1a: Heatran|185/273|[from] Grassy Terrain\n|-heal|p2a: Umbreon|141/297|[from] Grassy Terrain\n|-heal|p2a: Umbreon|159/297|[from] item: Leftovers\n|-damage|p2a: Umbreon|122/297|[from] move: Magma Storm|[partiallytrapped]\n|-fieldend|move: Grassy Terrain\n|upkeep\n|turn|7\n|\n|t:|1782870453\n|move|p1a: Heatran|Heavy Slam|p2a: Umbreon\n|-damage|p2a: Umbreon|31/297\n|move|p2a: Umbreon|Wish|p2a: Umbreon\n|\n|-heal|p2a: Umbreon|49/297|[from] item: Leftovers\n|-damage|p2a: Umbreon|12/297|[from] move: Magma Storm|[partiallytrapped]\n|upkeep\n|turn|8\n|\n|t:|1782870457\n|move|p2a: Umbreon|Protect|p2a: Umbreon\n|-singleturn|p2a: Umbreon|Protect\n|move|p1a: Heatran|Heavy Slam|p2a: Umbreon\n|-activate|p2a: Umbreon|move: Protect\n|\n|-heal|p2a: Umbreon|160/297|[from] move: Wish|[wisher] Umbreon\n|-heal|p2a: Umbreon|178/297|[from] item: Leftovers\n|-damage|p2a: Umbreon|141/297|[from] move: Magma Storm|[partiallytrapped]\n|upkeep\n|turn|9\n|\n|t:|1782870459\n|move|p1a: Heatran|Heavy Slam|p2a: Umbreon\n|-damage|p2a: Umbreon|56/297\n|move|p2a: Umbreon|Wish|p2a: Umbreon\n|\n|-heal|p2a: Umbreon|74/297|[from] item: Leftovers\n|-end|p2a: Umbreon|Magma Storm|[partiallytrapped]\n|upkeep\n|turn|10\n|\n|t:|1782870462\n|move|p2a: Umbreon|Protect|p2a: Umbreon\n|-singleturn|p2a: Umbreon|Protect\n|move|p1a: Heatran|Earth Power|p2a: Umbreon\n|-activate|p2a: Umbreon|move: Protect\n|\n|-heal|p2a: Umbreon|222/297|[from] move: Wish|[wisher] Umbreon\n|-heal|p2a: Umbreon|240/297|[from] item: Leftovers\n|upkeep\n|turn|11\n|\n|t:|1782870465\n|move|p1a: Heatran|Magma Storm|p2a: Umbreon\n|-damage|p2a: Umbreon|155/297\n|-activate|p2a: Umbreon|move: Magma Storm|[of] p1a: Heatran\n|move|p2a: Umbreon|Wish|p2a: Umbreon\n|\n|-heal|p2a: Umbreon|173/297|[from] item: Leftovers\n|-damage|p2a: Umbreon|136/297|[from] move: Magma Storm|[partiallytrapped]\n|upkeep\n|turn|12\n|\n|t:|1782870469\n|move|p1a: Heatran|Heavy Slam|p2a: Umbreon\n|-crit|p2a: Umbreon\n|-damage|p2a: Umbreon|0 fnt\n|faint|p2a: Umbreon\n|\n|upkeep\n|\n|t:|1782870474\n|switch|p2a: Torterra|Torterra, L78, M|276/276\n|-damage|p2a: Torterra|259/276|[from] Stealth Rock\n|turn|13\n|\n|t:|1782870482\n|move|p1a: Heatran|Magma Storm|p2a: Torterra\n|-supereffective|p2a: Torterra\n|-damage|p2a: Torterra|11/276\n|-activate|p2a: Torterra|move: Magma Storm|[of] p1a: Heatran\n|move|p2a: Torterra|Headlong Rush|p1a: Heatran\n|-supereffective|p1a: Heatran\n|-damage|p1a: Heatran|0 fnt\n|-unboost|p2a: Torterra|def|1\n|-unboost|p2a: Torterra|spd|1\n|faint|p1a: Heatran\n|\n|-end|p2a: Torterra|Magma Storm|[partiallytrapped]|[silent]\n|upkeep\n|-message|Tran Thanh Tung forfeited.\n|\n|win|shadowisp\n|raw|shadowisp's rating: 1781 &rarr; <strong>1801</strong><br />(+20 for winning)\n|raw|Tran Thanh Tung's rating: 1786 &rarr; <strong>1766</strong><br />(-20 for losing)\n|l|\u2606Tran Thanh Tung\n|player|p2|\n", "inputlog": ">version f8ac14003a5f27e1bdc8d8c59608a773c1cb96e5\n>start {\"formatid\":\"gen9randombattle\",\"seed\":\"sodium,186efb5dec5e795f8e5175fe6ce4b7be\",\"rated\":\"Rated battle\"}\n>player p1 {\"name\":\"shadowisp\",\"avatar\":\"skier\",\"rating\":1781,\"seed\":\"sodium,a2e9269fd06d3fb2f5191c3ab23f6d93\"}\n>player p2 {\"name\":\"Tran Thanh Tung\",\"avatar\":\"2\",\"rating\":1786,\"seed\":\"sodium,6e28e936f0c0cbb88c5d989dbc2e7245\"}\n>p1 move magmastorm\n>p2 switch 2\n>p1 switch 6\n>p2 move hydropump\n>p1 move uturn\n>p2 switch 6\n>p1 switch 6\n>p1 move stealthrock\n>p2 move knockoff\n>p1 move magmastorm\n>p2 switch 5\n>p1 move heavyslam\n>p2 move foulplay\n>p1 move heavyslam\n>p2 move wish\n>p1 move heavyslam\n>p2 move protect\n>p1 move heavyslam\n>p2 move wish\n>p1 move earthpower\n>p2 move protect\n>p1 move magmastorm\n>p2 move wish\n>p1 move heavyslam\n>p2 move foulplay\n>p2 switch 2\n>p1 move magmastorm\n>p2 move headlongrush\n>forcelose p2", "uploadtime": 1782870494, "views": 7, "formatid": "gen9randombattle", "rating": 1766, "private": 0, "password": null, "player_dets": [{"name": "shadowisp", "avatar": "skier", "rating": 1781, "seed": "sodium,a2e9269fd06d3fb2f5191c3ab23f6d93"}, {"name": "Tran Thanh Tung", "avatar": "2", "rating": 1786, "seed": "sodium,6e28e936f0c0cbb88c5d989dbc2e7245"}], "teams_full": [{"Heatran": {"name": "Heatran", "species": "Heatran", "speciesId": "heatran", "gender": "M", "shiny": false, "level": 79, "moves": ["stealthrock", "magmastorm", "heavyslam", "earthpower"], "ability": "Flash Fire", "evs": {"hp": 85, "atk": 85, "def": 85, "spa": 85, "spd": 85, "spe": 85}, "ivs": {"hp": 31, "atk": 31, "def": 31, "spa": 31, "spd": 31, "spe": 31}, "item": "Air Balloon", "teraType": "Grass", "role": "Bulky Support", "bvs": {"hp": 91, "atk": 90, "def": 106, "spa": 130, "spd": 106, "spe": 77}, "stats": {"hp": 273, "atk": 188, "def": 213, "spa": 251, "spd": 213, "spe": 167}, "types": ["Fire", "Steel"]}, "Dragonite": {"name": "Dragonite", "species": "Dragonite", "speciesId": "dragonite", "gender": "M", "shiny": false, "level": 74, "moves": ["earthquake", "outrage", "ironhead", "dragondance"], "ability": "Multiscale", "evs": {"hp": 85, "atk": 85, "def": 85, "spa": 85, "spd": 85, "spe": 85}, "ivs": {"hp": 31, "atk": 31, "def": 31, "spa": 31, "spd": 31, "spe": 31}, "item": "Heavy-Duty Boots", "teraType": "Steel", "role": "Setup Sweeper", "bvs": {"hp": 91, "atk": 134, "def": 95, "spa": 100, "spd": 100, "spe": 80}, "stats": {"hp": 257, "atk": 241, "def": 184, "spa": 191, "spd": 191, "spe": 161}, "types": ["Dragon", "Flying"]}, "Lugia": {"name": "Lugia", "species": "Lugia", "speciesId": "lugia", "gender": "N", "shiny": false, "level": 73, "moves": ["recover", "earthpower", "calmmind", "aeroblast"], "ability": "Multiscale", "evs": {"hp": 85, "atk": 0, "def": 85, "spa": 85, "spd": 85, "spe": 85}, "ivs": {"hp": 31, "atk": 0, "def": 31, "spa": 31, "spd": 31, "spe": 31}, "item": "Heavy-Duty Boots", "teraType": "Steel", "role": "Bulky Setup", "bvs": {"hp": 106, "atk": 90, "def": 130, "spa": 90, "spd": 154, "spe": 110}, "stats": {"hp": 275, "atk": 136, "def": 232, "spa": 174, "spd": 267, "spe": 203}, "types": ["Psychic", "Flying"]}, "Muk": {"name": "Muk", "species": "Muk-Alola", "speciesId": "mukalola", "gender": "M", "shiny": false, "level": 82, "moves": ["shadowsneak", "poisonjab", "knockoff", "drainpunch"], "ability": "Poison Touch", "evs": {"hp": 85, "atk": 85, "def": 85, "spa": 85, "spd": 85, "spe": 85}, "ivs": {"hp": 31, "atk": 31, "def": 31, "spa": 31, "spd": 31, "spe": 31}, "item": "Assault Vest", "teraType": "Fighting", "role": "AV Pivot", "bvs": {"hp": 105, "atk": 105, "def": 75, "spa": 65, "spd": 100, "spe": 50}, "stats": {"hp": 306, "atk": 219, "def": 170, "spa": 154, "spd": 211, "spe": 129}, "types": ["Poison", "Dark"]}, "Klawf": {"name": "Klawf", "species": "Klawf", "speciesId": "klawf", "gender": "F", "shiny": false, "level": 90, "moves": ["crabhammer", "stoneedge", "knockoff", "highhorsepower"], "ability": "Regenerator", "evs": {"hp": 85, "atk": 85, "def": 85, "spa": 85, "spd": 85, "spe": 85}, "ivs": {"hp": 31, "atk": 31, "def": 31, "spa": 31, "spd": 31, "spe": 31}, "item": "Choice Scarf", "teraType": "Ground", "role": "Fast Attacker", "bvs": {"hp": 70, "atk": 100, "def": 115, "spa": 35, "spd": 55, "spe": 75}, "stats": {"hp": 272, "atk": 231, "def": 258, "spa": 114, "spd": 150, "spe": 186}, "types": ["Rock"]}, "Rillaboom": {"name": "Rillaboom", "species": "Rillaboom", "speciesId": "rillaboom", "gender": "M", "shiny": false, "level": 79, "moves": ["woodhammer", "uturn", "knockoff", "grassyglide"], "ability": "Grassy Surge", "evs": {"hp": 85, "atk": 85, "def": 85, "spa": 85, "spd": 85, "spe": 85}, "ivs": {"hp": 31, "atk": 31, "def": 31, "spa": 31, "spd": 31, "spe": 31}, "item": "Choice Band", "teraType": "Grass", "role": "Wallbreaker", "bvs": {"hp": 100, "atk": 125, "def": 90, "spa": 60, "spd": 70, "spe": 85}, "stats": {"hp": 288, "atk": 243, "def": 188, "spa": 140, "spd": 156, "spe": 180}, "types": ["Grass"]}}, {"Torterra": {"name": "Torterra", "species": "Torterra", "speciesId": "torterra", "gender": "M", "shiny": false, "level": 78, "moves": ["headlongrush", "shellsmash", "rockblast", "bulletseed"], "ability": "Overgrow", "evs": {"hp": 85, "atk": 85, "def": 85, "spa": 85, "spd": 85, "spe": 85}, "ivs": {"hp": 31, "atk": 31, "def": 31, "spa": 31, "spd": 31, "spe": 31}, "item": "Loaded Dice", "teraType": "Ground", "role": "Setup Sweeper", "bvs": {"hp": 95, "atk": 109, "def": 105, "spa": 75, "spd": 85, "spe": 56}, "stats": {"hp": 276, "atk": 215, "def": 209, "spa": 162, "spd": 178, "spe": 132}, "types": ["Grass", "Ground"]}, "Politoed": {"name": "Politoed", "species": "Politoed", "speciesId": "politoed", "gender": "M", "shiny": false, "level": 88, "moves": ["encore", "hydropump", "rest", "icebeam"], "ability": "Drizzle", "evs": {"hp": 85, "atk": 0, "def": 85, "spa": 85, "spd": 85, "spe": 85}, "ivs": {"hp": 31, "atk": 0, "def": 31, "spa": 31, "spd": 31, "spe": 31}, "item": "Chesto Berry", "teraType": "Steel", "role": "Bulky Attacker", "bvs": {"hp": 90, "atk": 75, "def": 75, "spa": 90, "spd": 100, "spe": 70}, "stats": {"hp": 302, "atk": 137, "def": 182, "spa": 209, "spd": 226, "spe": 173}, "types": ["Water"]}, "Deoxys": {"name": "Deoxys", "species": "Deoxys", "speciesId": "deoxys", "gender": "N", "shiny": false, "level": 74, "moves": ["knockoff", "psychoboost", "superpower", "extremespeed"], "ability": "Pressure", "evs": {"hp": 85, "atk": 85, "def": 85, "spa": 85, "spd": 85, "spe": 85}, "ivs": {"hp": 31, "atk": 31, "def": 31, "spa": 31, "spd": 31, "spe": 31}, "item": "Life Orb", "teraType": "Psychic", "role": "Fast Attacker", "bvs": {"hp": 50, "atk": 150, "def": 50, "spa": 150, "spd": 50, "spe": 150}, "stats": {"hp": 196, "atk": 265, "def": 117, "spa": 265, "spd": 117, "spe": 265}, "types": ["Psychic"]}, "Duraludon": {"name": "Duraludon", "species": "Duraludon", "speciesId": "duraludon", "gender": "M", "shiny": false, "level": 82, "moves": ["dracometeor", "bodypress", "flashcannon", "irondefense"], "ability": "Light Metal", "evs": {"hp": 85, "atk": 0, "def": 85, "spa": 85, "spd": 85, "spe": 85}, "ivs": {"hp": 31, "atk": 0, "def": 31, "spa": 31, "spd": 31, "spe": 31}, "item": "Eviolite", "teraType": "Fighting", "role": "Bulky Attacker", "bvs": {"hp": 70, "atk": 95, "def": 115, "spa": 120, "spd": 50, "spe": 85}, "stats": {"hp": 249, "atk": 160, "def": 236, "spa": 244, "spd": 129, "spe": 187}, "types": ["Steel", "Dragon"]}, "Umbreon": {"name": "Umbreon", "species": "Umbreon", "speciesId": "umbreon", "gender": "M", "shiny": false, "level": 84, "moves": ["wish", "foulplay", "toxic", "protect"], "ability": "Synchronize", "evs": {"hp": 85, "atk": 0, "def": 85, "spa": 85, "spd": 85, "spe": 85}, "ivs": {"hp": 31, "atk": 0, "def": 31, "spa": 31, "spd": 31, "spe": 31}, "item": "Leftovers", "teraType": "Poison", "role": "Bulky Support", "bvs": {"hp": 95, "atk": 65, "def": 110, "spa": 60, "spd": 130, "spe": 65}, "stats": {"hp": 297, "atk": 114, "def": 233, "spa": 149, "spd": 267, "spe": 157}, "types": ["Dark"]}, "Venusaur": {"name": "Venusaur", "species": "Venusaur", "speciesId": "venusaur", "gender": "M", "shiny": false, "level": 84, "moves": ["synthesis", "energyball", "sludgebomb", "knockoff"], "ability": "Overgrow", "evs": {"hp": 85, "atk": 85, "def": 85, "spa": 85, "spd": 85, "spe": 85}, "ivs": {"hp": 31, "atk": 31, "def": 31, "spa": 31, "spd": 31, "spe": 31}, "item": "Leftovers", "teraType": "Dark", "role": "Bulky Attacker", "bvs": {"hp": 80, "atk": 82, "def": 83, "spa": 100, "spd": 100, "spe": 80}, "stats": {"hp": 272, "atk": 186, "def": 188, "spa": 216, "spd": 216, "spe": 183}, "types": ["Grass", "Poison"]}}]}