{"id": "gen9randombattle-2641783098", "format": "[Gen 9] Random Battle", "players": ["chaji", "Pavy109"], "log": "|j|\u2606chaji\n|j|\u2606Pavy109\n|t:|1782841391\n|gametype|singles\n|player|p1|chaji|266|\n|player|p2|Pavy109|2|\n|gen|9\n|tier|[Gen 9] Random Battle\n|rule|Species Clause: Limit one of each Pok\u00e9mon\n|rule|HP Percentage Mod: HP is shown in percentages\n|rule|Sleep Clause Mod: Limit one foe put to sleep\n|rule|Illusion Level Mod: Illusion disguises the Pok\u00e9mon's true level\n|\n|t:|1782841391\n|teamsize|p1|6\n|teamsize|p2|6\n|start\n|switch|p1a: Serperior|Serperior, L79, F|248/248\n|switch|p2a: Okidogi|Okidogi, L77, M|262/262\n|turn|1\n|\n|t:|1782841436\n|move|p1a: Serperior|Glare|p2a: Okidogi\n|-status|p2a: Okidogi|par\n|move|p2a: Okidogi|Gunk Shot|p1a: Serperior\n|-supereffective|p1a: Serperior\n|-crit|p1a: Serperior\n|-damage|p1a: Serperior|0 fnt\n|faint|p1a: Serperior\n|\n|upkeep\n|inactive|Battle timer is ON: inactive players will automatically lose when time's up. (requested by Pavy109)\n|\n|t:|1782841456\n|switch|p1a: Espathra|Espathra, L80, M|283/283\n|turn|2\n|\n|t:|1782841477\n|-terastallize|p2a: Okidogi|Dark\n|move|p1a: Espathra|Lumina Crash|p2a: Okidogi\n|-immune|p2a: Okidogi\n|move|p2a: Okidogi|Knock Off|p1a: Espathra\n|-supereffective|p1a: Espathra\n|-damage|p1a: Espathra|0 fnt\n|-enditem|p1a: Espathra|Choice Specs|[from] move: Knock Off|[of] p2a: Okidogi\n|faint|p1a: Espathra\n|\n|upkeep\n|inactive|chaji has 270 seconds left.\n|\n|t:|1782841509\n|switch|p1a: Ampharos|Ampharos, L88, M|302/302\n|turn|3\n|\n|t:|1782841525\n|move|p1a: Ampharos|Focus Blast|p2a: Okidogi\n|-supereffective|p2a: Okidogi\n|-damage|p2a: Okidogi|28/262 par\n|-unboost|p2a: Okidogi|spd|1\n|move|p2a: Okidogi|High Horsepower|p1a: Ampharos\n|-supereffective|p1a: Ampharos\n|-damage|p1a: Ampharos|164/302\n|\n|upkeep\n|turn|4\n|inactive|chaji has 270 seconds left.\n|\n|t:|1782841542\n|switch|p1a: Dipplin|Dipplin, L88, F|284/284\n|move|p2a: Okidogi|Knock Off|p1a: Dipplin\n|-damage|p1a: Dipplin|226/284\n|-activate|p1a: Dipplin|ability: Sticky Hold\n|\n|upkeep\n|turn|5\n|inactive|chaji has 270 seconds left.\n|\n|t:|1782841556\n|move|p1a: Dipplin|Giga Drain|p2a: Okidogi\n|-damage|p2a: Okidogi|0 fnt\n|-heal|p1a: Dipplin|240/284|[from] drain|[of] p2a: Okidogi\n|faint|p2a: Okidogi\n|\n|upkeep\n|inactive|Pavy109 has 270 seconds left.\n|\n|t:|1782841580\n|switch|p2a: Ho-Oh|Ho-Oh, L71|268/268\n|turn|6\n|\n|t:|1782841590\n|move|p1a: Dipplin|Sucker Punch|p2a: Ho-Oh\n|-damage|p2a: Ho-Oh|216/268\n|move|p2a: Ho-Oh|Brave Bird|p1a: Dipplin\n|-supereffective|p1a: Dipplin\n|-damage|p1a: Dipplin|112/284\n|-damage|p2a: Ho-Oh|174/268|[from] Recoil\n|\n|upkeep\n|turn|7\n|\n|t:|1782841597\n|move|p2a: Ho-Oh|Recover|p2a: Ho-Oh\n|-heal|p2a: Ho-Oh|268/268\n|move|p1a: Dipplin|Dragon Pulse|p2a: Ho-Oh\n|-crit|p2a: Ho-Oh\n|-damage|p2a: Ho-Oh|160/268\n|\n|upkeep\n|turn|8\n|\n|t:|1782841602\n|move|p2a: Ho-Oh|Recover|p2a: Ho-Oh\n|-heal|p2a: Ho-Oh|268/268\n|move|p1a: Dipplin|Dragon Pulse|p2a: Ho-Oh\n|-damage|p2a: Ho-Oh|199/268\n|\n|upkeep\n|turn|9\n|\n|t:|1782841607\n|move|p1a: Dipplin|Sucker Punch|p2a: Ho-Oh\n|-damage|p2a: Ho-Oh|140/268\n|move|p2a: Ho-Oh|Sacred Fire|p1a: Dipplin\n|-damage|p1a: Dipplin|57/284\n|-status|p1a: Dipplin|brn\n|\n|-damage|p1a: Dipplin|40/284 brn|[from] brn\n|upkeep\n|turn|10\n|\n|t:|1782841613\n|switch|p1a: Ampharos|Ampharos, L88, M|164/302\n|move|p2a: Ho-Oh|Recover|p2a: Ho-Oh\n|-heal|p2a: Ho-Oh|268/268\n|\n|upkeep\n|turn|11\n|\n|t:|1782841623\n|switch|p2a: Dipplin|Dipplin, L88, M|284/284\n|move|p1a: Ampharos|Thunderbolt|p2a: Dipplin\n|-resisted|p2a: Dipplin\n|-damage|p2a: Dipplin|251/284\n|\n|upkeep\n|turn|12\n|\n|t:|1782841633\n|switch|p1a: Dipplin|Dipplin, L88, F|40/284 brn\n|move|p2a: Dipplin|Dragon Pulse|p1a: Dipplin\n|-supereffective|p1a: Dipplin\n|-damage|p1a: Dipplin|0 fnt\n|faint|p1a: Dipplin\n|\n|upkeep\n|\n|t:|1782841645\n|switch|p1a: Regidrago|Regidrago, L77|435/435\n|turn|13\n|\n|t:|1782841663\n|move|p1a: Regidrago|Dragon Energy|p2a: Dipplin\n|-supereffective|p2a: Dipplin\n|-damage|p2a: Dipplin|0 fnt\n|faint|p2a: Dipplin\n|\n|upkeep\n|\n|t:|1782841676\n|switch|p2a: Porygon2|Porygon2, L81|270/270\n|-ability|p2a: Porygon2|Download|boost\n|-boost|p2a: Porygon2|spa|1\n|turn|14\n|\n|t:|1782841682\n|move|p1a: Regidrago|Dragon Energy|p2a: Porygon2\n|-damage|p2a: Porygon2|140/270\n|move|p2a: Porygon2|Ice Beam|p1a: Regidrago\n|-supereffective|p1a: Regidrago\n|-damage|p1a: Regidrago|155/435\n|\n|upkeep\n|turn|15\n|\n|t:|1782841693\n|switch|p1a: Chi-Yu|Chi-Yu, L77|211/211\n|-ability|p1a: Chi-Yu|Beads of Ruin\n|move|p2a: Porygon2|Recover|p2a: Porygon2\n|-heal|p2a: Porygon2|270/270\n|\n|upkeep\n|turn|16\n|\n|t:|1782841706\n|move|p1a: Chi-Yu|Overheat|p2a: Porygon2\n|-damage|p2a: Porygon2|84/270\n|-unboost|p1a: Chi-Yu|spa|2\n|move|p2a: Porygon2|Discharge|p1a: Chi-Yu\n|-damage|p1a: Chi-Yu|134/211\n|\n|upkeep\n|turn|17\n|\n|t:|1782841718\n|switch|p1a: Ampharos|Ampharos, L88, M|164/302\n|move|p2a: Porygon2|Recover|p2a: Porygon2\n|-heal|p2a: Porygon2|219/270\n|\n|upkeep\n|turn|18\n|\n|t:|1782841725\n|move|p1a: Ampharos|Volt Switch|p2a: Porygon2\n|-damage|p2a: Porygon2|123/270\n|\n|t:|1782841734\n|switch|p1a: Chi-Yu|Chi-Yu, L77|134/211|[from] Volt Switch\n|-ability|p1a: Chi-Yu|Beads of Ruin\n|move|p2a: Porygon2|Tri Attack|p1a: Chi-Yu\n|-damage|p1a: Chi-Yu|28/211\n|\n|upkeep\n|turn|19\n|\n|t:|1782841751\n|move|p1a: Chi-Yu|Overheat|p2a: Porygon2\n|-damage|p2a: Porygon2|0 fnt\n|-unboost|p1a: Chi-Yu|spa|2\n|faint|p2a: Porygon2\n|\n|upkeep\n|\n|t:|1782841756\n|switch|p2a: Morpeko|Morpeko, L88, M|245/245\n|turn|20\n|\n|t:|1782841766\n|move|p2a: Morpeko|Aura Wheel|p1a: Chi-Yu\n|-damage|p1a: Chi-Yu|0 fnt\n|-boost|p2a: Morpeko|spe|1\n|faint|p1a: Chi-Yu\n|\n|-formechange|p2a: Morpeko|Morpeko-Hangry||[from] ability: Hunger Switch\n|upkeep\n|\n|t:|1782841773\n|switch|p1a: Ampharos|Ampharos, L88, M|164/302\n|turn|21\n|\n|t:|1782841776\n|move|p2a: Morpeko|Aura Wheel|p1a: Ampharos\n|-damage|p1a: Ampharos|32/302\n|-boost|p2a: Morpeko|spe|1\n|move|p1a: Ampharos|Focus Blast|p2a: Morpeko\n|-supereffective|p2a: Morpeko\n|-damage|p2a: Morpeko|0 fnt\n|faint|p2a: Morpeko\n|\n|upkeep\n|\n|t:|1782841791\n|switch|p2a: Ursaring|Ursaring, L84, M|288/288\n|turn|22\n|\n|t:|1782841794\n|move|p1a: Ampharos|Focus Blast|p2a: Ursaring\n|-supereffective|p2a: Ursaring\n|-crit|p2a: Ursaring\n|-damage|p2a: Ursaring|0 fnt\n|faint|p2a: Ursaring\n|\n|upkeep\n|\n|t:|1782841797\n|switch|p2a: Ho-Oh|Ho-Oh, L71|268/268\n|turn|23\n|\n|t:|1782841800\n|move|p2a: Ho-Oh|Earthquake|p1a: Ampharos\n|-supereffective|p1a: Ampharos\n|-damage|p1a: Ampharos|0 fnt\n|faint|p1a: Ampharos\n|\n|upkeep\n|\n|t:|1782841802\n|switch|p1a: Regidrago|Regidrago, L77|155/435\n|turn|24\n|\n|t:|1782841811\n|-terastallize|p1a: Regidrago|Dragon\n|move|p1a: Regidrago|Draco Meteor|p2a: Ho-Oh\n|-crit|p2a: Ho-Oh\n|-damage|p2a: Ho-Oh|6/268\n|-unboost|p1a: Regidrago|spa|2\n|move|p2a: Ho-Oh|Earthquake|p1a: Regidrago\n|-damage|p1a: Regidrago|45/435\n|\n|upkeep\n|turn|25\n|\n|t:|1782841820\n|move|p1a: Regidrago|Draco Meteor|p2a: Ho-Oh\n|-damage|p2a: Ho-Oh|0 fnt\n|-unboost|p1a: Regidrago|spa|2\n|faint|p2a: Ho-Oh\n|\n|win|chaji\n|l|\u2606Pavy109\n|player|p2|\n", "inputlog": ">version f8ac14003a5f27e1bdc8d8c59608a773c1cb96e5\n>start {\"formatid\":\"gen9randombattle\",\"seed\":\"sodium,43d06d226699e01fab545c23f3c1a784\"}\n>player p1 {\"name\":\"chaji\",\"avatar\":\"266\",\"rating\":0,\"seed\":\"sodium,a6d1191730d5e2cdac9c665c3cfd9903\"}\n>player p2 {\"name\":\"Pavy109\",\"avatar\":\"2\",\"rating\":0,\"seed\":\"sodium,0f7d16e9b82d7caee294174cfe6d9054\"}\n>p1 move glare\n>p2 move gunkshot\n>p1 switch 4\n>p1 move luminacrash\n>p2 move knockoff terastallize\n>p1 switch 3\n>p1 move focusblast\n>p2 move highhorsepower\n>p1 switch 2\n>p2 move knockoff\n>p1 move gigadrain\n>p2 move gunkshot\n>p2 switch 5\n>p1 move suckerpunch\n>p2 move bravebird\n>p1 move dragonpulse\n>p2 move recover\n>p1 move dragonpulse\n>p2 move recover\n>p1 move suckerpunch\n>p2 move sacredfire\n>p1 switch 2\n>p2 move recover\n>p1 move thunderbolt\n>p2 switch 3\n>p1 switch 2\n>p2 move dragonpulse\n>p1 switch 6\n>p1 move dragonenergy\n>p2 move dragonpulse\n>p2 switch 2\n>p1 move dragonenergy\n>p2 move icebeam\n>p1 switch 5\n>p2 move recover\n>p1 move overheat\n>p2 move discharge\n>p1 switch 2\n>p2 move recover\n>p1 move voltswitch\n>p2 move triattack\n>p1 switch 2\n>p1 move overheat\n>p2 move triattack\n>p2 switch 4\n>p1 move overheat\n>p2 move aurawheel\n>p1 switch 2\n>p1 move focusblast\n>p2 move aurawheel\n>p2 switch 6\n>p1 move focusblast\n>p2 move earthquake\n>p2 switch 3\n>p1 move focusblast\n>p2 move earthquake\n>p1 switch 5\n>p1 move dracometeor terastallize\n>p2 move earthquake\n>p1 move dracometeor\n>p2 move earthquake", "uploadtime": 1782841835, "views": 6, "formatid": "gen9randombattle", "rating": null, "private": 0, "password": null, "player_dets": [{"name": "chaji", "avatar": "266", "rating": 0, "seed": "sodium,a6d1191730d5e2cdac9c665c3cfd9903"}, {"name": "Pavy109", "avatar": "2", "rating": 0, "seed": "sodium,0f7d16e9b82d7caee294174cfe6d9054"}], "teams_full": [{"Serperior": {"name": "Serperior", "species": "Serperior", "speciesId": "serperior", "gender": "F", "shiny": false, "level": 79, "moves": ["terablast", "glare", "synthesis", "leafstorm"], "ability": "Contrary", "evs": {"hp": 85, "atk": 85, "def": 85, "spa": 85, "spd": 85, "spe": 85}, "ivs": {"hp": 31, "atk": 31, "def": 31, "spa": 31, "spd": 31, "spe": 31}, "item": "Life Orb", "teraType": "Rock", "role": "Tera Blast user", "bvs": {"hp": 75, "atk": 75, "def": 95, "spa": 75, "spd": 95, "spe": 113}, "stats": {"hp": 248, "atk": 164, "def": 196, "spa": 164, "spd": 196, "spe": 224}, "types": ["Grass"]}, "Dipplin": {"name": "Dipplin", "species": "Dipplin", "speciesId": "dipplin", "gender": "F", "shiny": false, "level": 88, "moves": ["dragonpulse", "gigadrain", "recover", "suckerpunch"], "ability": "Sticky Hold", "evs": {"hp": 85, "atk": 85, "def": 85, "spa": 85, "spd": 85, "spe": 85}, "ivs": {"hp": 31, "atk": 31, "def": 31, "spa": 31, "spd": 31, "spe": 31}, "item": "Eviolite", "teraType": "Steel", "role": "Bulky Attacker", "bvs": {"hp": 80, "atk": 80, "def": 110, "spa": 95, "spd": 80, "spe": 40}, "stats": {"hp": 284, "atk": 191, "def": 244, "spa": 217, "spd": 191, "spe": 121}, "types": ["Grass", "Dragon"]}, "Ampharos": {"name": "Ampharos", "species": "Ampharos", "speciesId": "ampharos", "gender": "M", "shiny": false, "level": 88, "moves": ["voltswitch", "thunderbolt", "focusblast", "dazzlinggleam"], "ability": "Static", "evs": {"hp": 85, "atk": 0, "def": 85, "spa": 85, "spd": 85, "spe": 85}, "ivs": {"hp": 31, "atk": 0, "def": 31, "spa": 31, "spd": 31, "spe": 31}, "item": "Choice Specs", "teraType": "Electric", "role": "Wallbreaker", "bvs": {"hp": 90, "atk": 75, "def": 85, "spa": 115, "spd": 90, "spe": 55}, "stats": {"hp": 302, "atk": 137, "def": 200, "spa": 253, "spd": 209, "spe": 147}, "types": ["Electric"]}, "Espathra": {"name": "Espathra", "species": "Espathra", "speciesId": "espathra", "gender": "M", "shiny": false, "level": 80, "moves": ["uturn", "dazzlinggleam", "luminacrash", "shadowball"], "ability": "Speed Boost", "evs": {"hp": 85, "atk": 85, "def": 85, "spa": 85, "spd": 85, "spe": 85}, "ivs": {"hp": 31, "atk": 31, "def": 31, "spa": 31, "spd": 31, "spe": 31}, "item": "Choice Specs", "teraType": "Fairy", "role": "Wallbreaker", "bvs": {"hp": 95, "atk": 60, "def": 60, "spa": 101, "spd": 60, "spe": 105}, "stats": {"hp": 283, "atk": 142, "def": 142, "spa": 208, "spd": 142, "spe": 214}, "types": ["Psychic"]}, "Chi-Yu": {"name": "Chi-Yu", "species": "Chi-Yu", "speciesId": "chiyu", "gender": "N", "shiny": false, "level": 77, "moves": ["flamethrower", "darkpulse", "overheat", "psychic"], "ability": "Beads of Ruin", "evs": {"hp": 85, "atk": 0, "def": 85, "spa": 85, "spd": 85, "spe": 85}, "ivs": {"hp": 31, "atk": 0, "def": 31, "spa": 31, "spd": 31, "spe": 31}, "item": "Choice Specs", "teraType": "Dark", "role": "Fast Attacker", "bvs": {"hp": 55, "atk": 80, "def": 80, "spa": 135, "spd": 120, "spe": 100}, "stats": {"hp": 211, "atk": 128, "def": 168, "spa": 252, "spd": 229, "spe": 199}, "types": ["Dark", "Fire"]}, "Regidrago": {"name": "Regidrago", "species": "Regidrago", "speciesId": "regidrago", "gender": "N", "shiny": false, "level": 77, "moves": ["dragonenergy", "dracometeor", "earthquake", "outrage"], "ability": "Dragon's Maw", "evs": {"hp": 85, "atk": 85, "def": 85, "spa": 85, "spd": 85, "spe": 85}, "ivs": {"hp": 31, "atk": 31, "def": 31, "spa": 31, "spd": 31, "spe": 31}, "item": "Choice Scarf", "teraType": "Dragon", "role": "Fast Attacker", "bvs": {"hp": 200, "atk": 100, "def": 50, "spa": 100, "spd": 50, "spe": 80}, "stats": {"hp": 435, "atk": 199, "def": 122, "spa": 199, "spd": 122, "spe": 168}, "types": ["Dragon"]}}, {"Okidogi": {"name": "Okidogi", "species": "Okidogi", "speciesId": "okidogi", "gender": "M", "shiny": false, "level": 77, "moves": ["gunkshot", "knockoff", "drainpunch", "highhorsepower"], "ability": "Toxic Chain", "evs": {"hp": 85, "atk": 85, "def": 85, "spa": 85, "spd": 85, "spe": 85}, "ivs": {"hp": 31, "atk": 31, "def": 31, "spa": 31, "spd": 31, "spe": 31}, "item": "Assault Vest", "teraType": "Dark", "role": "AV Pivot", "bvs": {"hp": 88, "atk": 128, "def": 115, "spa": 58, "spd": 86, "spe": 80}, "stats": {"hp": 262, "atk": 242, "def": 222, "spa": 134, "spd": 177, "spe": 168}, "types": ["Poison", "Fighting"]}, "Porygon2": {"name": "Porygon2", "species": "Porygon2", "speciesId": "porygon2", "gender": "N", "shiny": false, "level": 81, "moves": ["recover", "triattack", "icebeam", "discharge"], "ability": "Download", "evs": {"hp": 85, "atk": 0, "def": 85, "spa": 85, "spd": 85, "spe": 85}, "ivs": {"hp": 31, "atk": 0, "def": 31, "spa": 31, "spd": 31, "spe": 31}, "item": "Eviolite", "teraType": "Ghost", "role": "Bulky Support", "bvs": {"hp": 85, "atk": 80, "def": 90, "spa": 105, "spd": 95, "spe": 60}, "stats": {"hp": 270, "atk": 134, "def": 192, "spa": 217, "spd": 201, "spe": 144}, "types": ["Normal"]}, "Dipplin": {"name": "Dipplin", "species": "Dipplin", "speciesId": "dipplin", "gender": "M", "shiny": false, "level": 88, "moves": ["suckerpunch", "recover", "gigadrain", "dragonpulse"], "ability": "Sticky Hold", "evs": {"hp": 85, "atk": 85, "def": 85, "spa": 85, "spd": 85, "spe": 85}, "ivs": {"hp": 31, "atk": 31, "def": 31, "spa": 31, "spd": 31, "spe": 31}, "item": "Eviolite", "teraType": "Steel", "role": "Bulky Attacker", "bvs": {"hp": 80, "atk": 80, "def": 110, "spa": 95, "spd": 80, "spe": 40}, "stats": {"hp": 284, "atk": 191, "def": 244, "spa": 217, "spd": 191, "spe": 121}, "types": ["Grass", "Dragon"]}, "Morpeko": {"name": "Morpeko", "species": "Morpeko", "speciesId": "morpeko", "gender": "M", "shiny": false, "level": 88, "moves": ["partingshot", "aurawheel", "protect", "rapidspin"], "ability": "Hunger Switch", "evs": {"hp": 85, "atk": 85, "def": 85, "spa": 85, "spd": 85, "spe": 85}, "ivs": {"hp": 31, "atk": 31, "def": 31, "spa": 31, "spd": 31, "spe": 31}, "item": "Heavy-Duty Boots", "teraType": "Electric", "role": "Fast Support", "bvs": {"hp": 58, "atk": 95, "def": 58, "spa": 70, "spd": 58, "spe": 97}, "stats": {"hp": 245, "atk": 217, "def": 152, "spa": 173, "spd": 152, "spe": 221}, "types": ["Electric", "Dark"]}, "Ho-Oh": {"name": "Ho-Oh", "species": "Ho-Oh", "speciesId": "hooh", "gender": "N", "shiny": false, "level": 71, "moves": ["recover", "earthquake", "sacredfire", "bravebird"], "ability": "Regenerator", "evs": {"hp": 85, "atk": 85, "def": 85, "spa": 85, "spd": 85, "spe": 85}, "ivs": {"hp": 31, "atk": 31, "def": 31, "spa": 31, "spd": 31, "spe": 31}, "item": "Heavy-Duty Boots", "teraType": "Steel", "role": "Bulky Attacker", "bvs": {"hp": 106, "atk": 130, "def": 90, "spa": 110, "spd": 154, "spe": 90}, "stats": {"hp": 268, "atk": 226, "def": 169, "spa": 198, "spd": 260, "spe": 169}, "types": ["Fire", "Flying"]}, "Ursaring": {"name": "Ursaring", "species": "Ursaring", "speciesId": "ursaring", "gender": "M", "shiny": false, "level": 84, "moves": ["earthquake", "sleeptalk", "rest", "bodyslam"], "ability": "Guts", "evs": {"hp": 85, "atk": 85, "def": 85, "spa": 85, "spd": 85, "spe": 85}, "ivs": {"hp": 31, "atk": 31, "def": 31, "spa": 31, "spd": 31, "spe": 31}, "item": "Eviolite", "teraType": "Ground", "role": "Bulky Attacker", "bvs": {"hp": 90, "atk": 130, "def": 75, "spa": 75, "spd": 75, "spe": 55}, "stats": {"hp": 288, "atk": 267, "def": 174, "spa": 174, "spd": 174, "spe": 141}, "types": ["Normal"]}}]}