{"id": "gen9randombattle-2641827269", "format": "[Gen 9] Random Battle", "players": ["LoZar98", "hotdragon20"], "log": "|j|\u203dLoZar98\n|j|\u2606hotdragon20\n|t:|1782846691\n|gametype|singles\n|player|p1|LoZar98|170|1960\n|player|p2|hotdragon20|1|1964\n|gen|9\n|tier|[Gen 9] Random Battle\n|rated|\n|rule|Species Clause: Limit one of each Pok\u00e9mon\n|rule|HP Percentage Mod: HP is shown in percentages\n|rule|Sleep Clause Mod: Limit one foe put to sleep\n|rule|Illusion Level Mod: Illusion disguises the Pok\u00e9mon's true level\n|\n|t:|1782846691\n|teamsize|p1|6\n|teamsize|p2|6\n|start\n|switch|p1a: Iron Thorns|Iron Thorns, L83|302/302\n|switch|p2a: Slowking|Slowking-Galar, L85, F|300/300\n|-item|p1a: Iron Thorns|Air Balloon\n|turn|1\n|\n|t:|1782846731\n|move|p1a: Iron Thorns|Stealth Rock|p2a: Slowking\n|-sidestart|p2: hotdragon20|move: Stealth Rock\n|move|p2a: Slowking|Surf|p1a: Iron Thorns\n|-supereffective|p1a: Iron Thorns\n|-damage|p1a: Iron Thorns|146/302\n|-enditem|p1a: Iron Thorns|Air Balloon\n|\n|upkeep\n|turn|2\n|\n|t:|1782846746\n|-end|p1a: Iron Thorns|Quark Drive|[silent]\n|switch|p1a: Hitmonchan|Hitmonchan, L87, M|229/229\n|move|p2a: Slowking|Psychic Noise|p1a: Hitmonchan\n|-supereffective|p1a: Hitmonchan\n|-damage|p1a: Hitmonchan|95/229\n|-start|p1a: Hitmonchan|move: Heal Block\n|\n|upkeep\n|turn|3\n|\n|t:|1782846757\n|switch|p1a: Meloetta|Meloetta, L82|298/298\n|move|p2a: Slowking|Psychic Noise|p1a: Meloetta\n|-resisted|p1a: Meloetta\n|-damage|p1a: Meloetta|262/298\n|-start|p1a: Meloetta|move: Heal Block\n|\n|upkeep\n|turn|4\n|\n|t:|1782846765\n|switch|p2a: Honchkrow|Honchkrow, L86, M|312/312\n|move|p1a: Meloetta|Knock Off|p2a: Honchkrow\n|-resisted|p2a: Honchkrow\n|-damage|p2a: Honchkrow|263/312\n|-enditem|p2a: Honchkrow|Heavy-Duty Boots|[from] move: Knock Off|[of] p1a: Meloetta\n|-damage|p1a: Meloetta|233/298|[from] item: Life Orb\n|\n|-end|p1a: Meloetta|move: Heal Block\n|upkeep\n|turn|5\n|\n|t:|1782846773\n|switch|p1a: Terrakion|Terrakion, L79|273/273\n|move|p2a: Honchkrow|Brave Bird|p1a: Terrakion\n|-damage|p1a: Terrakion|110/273\n|-damage|p2a: Honchkrow|209/312|[from] Recoil\n|\n|upkeep\n|turn|6\n|\n|t:|1782846781\n|switch|p2a: Gholdengo|Gholdengo, L77|261/261\n|-damage|p2a: Gholdengo|245/261|[from] Stealth Rock\n|move|p1a: Terrakion|Close Combat|p2a: Gholdengo\n|-immune|p2a: Gholdengo\n|\n|-heal|p2a: Gholdengo|261/261|[from] item: Leftovers\n|upkeep\n|turn|7\n|\n|t:|1782846788\n|switch|p1a: Meloetta|Meloetta, L82|233/298\n|move|p2a: Gholdengo|Nasty Plot|p2a: Gholdengo\n|-boost|p2a: Gholdengo|spa|2\n|\n|upkeep\n|turn|8\n|\n|t:|1782846793\n|move|p1a: Meloetta|Knock Off|p2a: Gholdengo\n|-supereffective|p2a: Gholdengo\n|-damage|p2a: Gholdengo|123/261\n|-enditem|p2a: Gholdengo|Leftovers|[from] move: Knock Off|[of] p1a: Meloetta\n|-damage|p1a: Meloetta|204/298|[from] item: Life Orb\n|move|p2a: Gholdengo|Make It Rain|p1a: Meloetta\n|-damage|p1a: Meloetta|0 fnt\n|-unboost|p2a: Gholdengo|spa|1\n|faint|p1a: Meloetta\n|\n|upkeep\n|\n|t:|1782846802\n|switch|p1a: Terrakion|Terrakion, L79|110/273\n|turn|9\n|\n|t:|1782846805\n|switch|p2a: Honchkrow|Honchkrow, L86, M|209/312\n|-damage|p2a: Honchkrow|131/312|[from] Stealth Rock\n|move|p1a: Terrakion|Earthquake|p2a: Honchkrow\n|-immune|p2a: Honchkrow\n|\n|upkeep\n|turn|10\n|\n|t:|1782846822\n|move|p1a: Terrakion|Close Combat|p2a: Honchkrow\n|-damage|p2a: Honchkrow|0 fnt\n|-unboost|p1a: Terrakion|def|1\n|-unboost|p1a: Terrakion|spd|1\n|faint|p2a: Honchkrow\n|-damage|p1a: Terrakion|83/273|[from] item: Life Orb\n|\n|upkeep\n|\n|t:|1782846828\n|switch|p2a: Greninja|Greninja, L80, M|246/246\n|-damage|p2a: Greninja|216/246|[from] Stealth Rock\n|turn|11\n|\n|t:|1782846836\n|switch|p1a: Hitmonchan|Hitmonchan, L87, M|95/229\n|move|p2a: Greninja|Ice Beam|p1a: Hitmonchan\n|-damage|p1a: Hitmonchan|31/229\n|-status|p1a: Hitmonchan|frz\n|-damage|p2a: Greninja|192/246|[from] item: Life Orb\n|\n|-heal|p1a: Hitmonchan|45/229 frz|[from] item: Leftovers\n|upkeep\n|turn|12\n|\n|t:|1782846841\n|move|p2a: Greninja|Ice Beam|p1a: Hitmonchan\n|-damage|p1a: Hitmonchan|0 fnt\n|faint|p1a: Hitmonchan\n|-ability|p2a: Greninja|Battle Bond|boost\n|-boost|p2a: Greninja|atk|1\n|-boost|p2a: Greninja|spa|1\n|-boost|p2a: Greninja|spe|1\n|-activate|p2a: Greninja|ability: Battle Bond\n|-damage|p2a: Greninja|168/246|[from] item: Life Orb\n|\n|upkeep\n|\n|t:|1782846848\n|switch|p1a: Piloswine|Piloswine, L85, F|309/309\n|turn|13\n|\n|t:|1782846865\n|-terastallize|p1a: Piloswine|Dragon\n|move|p2a: Greninja|Hydro Pump|p1a: Piloswine|[miss]\n|-miss|p2a: Greninja|p1a: Piloswine\n|move|p1a: Piloswine|Earthquake|p2a: Greninja\n|-damage|p2a: Greninja|30/246\n|\n|upkeep\n|turn|14\n|\n|t:|1782846887\n|switch|p1a: Iron Thorns|Iron Thorns, L83|146/302\n|move|p2a: Greninja|Dark Pulse|p1a: Iron Thorns\n|-damage|p1a: Iron Thorns|0 fnt\n|faint|p1a: Iron Thorns\n|-end|p1a: Iron Thorns|Quark Drive|[silent]\n|-damage|p2a: Greninja|6/246|[from] item: Life Orb\n|\n|upkeep\n|\n|t:|1782846890\n|switch|p1a: Piloswine|Piloswine, L85, F, tera:Dragon|309/309\n|turn|15\n|\n|t:|1782846892\n|move|p1a: Piloswine|Ice Shard|p2a: Greninja\n|-resisted|p2a: Greninja\n|-damage|p2a: Greninja|0 fnt\n|faint|p2a: Greninja\n|\n|upkeep\n|\n|t:|1782846912\n|switch|p2a: Slowking|Slowking-Galar, L85, F|300/300\n|-damage|p2a: Slowking|263/300|[from] Stealth Rock\n|turn|16\n|\n|t:|1782846921\n|move|p1a: Piloswine|Earthquake|p2a: Slowking\n|-supereffective|p2a: Slowking\n|-damage|p2a: Slowking|35/300\n|move|p2a: Slowking|Future Sight|p1a: Piloswine\n|-start|p2a: Slowking|move: Future Sight\n|\n|upkeep\n|turn|17\n|\n|t:|1782846926\n|switch|p2a: Hippowdon|Hippowdon, L82, F|311/311\n|-damage|p2a: Hippowdon|292/311|[from] Stealth Rock\n|-weather|Sandstorm|[from] ability: Sand Stream|[of] p2a: Hippowdon\n|move|p1a: Piloswine|Earthquake|p2a: Hippowdon\n|-damage|p2a: Hippowdon|202/311\n|\n|-weather|Sandstorm|[upkeep]\n|-damage|p1a: Piloswine|290/309|[from] Sandstorm\n|-heal|p2a: Hippowdon|221/311|[from] item: Leftovers\n|upkeep\n|turn|18\n|\n|t:|1782846934\n|switch|p1a: Terrakion|Terrakion, L79|83/273\n|move|p2a: Hippowdon|Curse|p2a: Hippowdon\n|-unboost|p2a: Hippowdon|spe|1\n|-boost|p2a: Hippowdon|atk|1\n|-boost|p2a: Hippowdon|def|1\n|\n|-weather|Sandstorm|[upkeep]\n|-end|p1a: Terrakion|move: Future Sight\n|-supereffective|p1a: Terrakion\n|-damage|p1a: Terrakion|0 fnt\n|faint|p1a: Terrakion\n|-heal|p2a: Hippowdon|240/311|[from] item: Leftovers\n|upkeep\n|\n|t:|1782846941\n|switch|p1a: Piloswine|Piloswine, L85, F, tera:Dragon|290/309\n|turn|19\n|\n|t:|1782846944\n|move|p2a: Hippowdon|Earthquake|p1a: Piloswine\n|-damage|p1a: Piloswine|172/309\n|move|p1a: Piloswine|Roar|p2a: Hippowdon\n|drag|p2a: Gholdengo|Gholdengo, L77|123/261\n|-damage|p2a: Gholdengo|107/261|[from] Stealth Rock\n|\n|-weather|Sandstorm|[upkeep]\n|-damage|p1a: Piloswine|153/309|[from] Sandstorm\n|upkeep\n|turn|20\n|\n|t:|1782846950\n|move|p2a: Gholdengo|Make It Rain|p1a: Piloswine\n|-damage|p1a: Piloswine|32/309\n|-unboost|p2a: Gholdengo|spa|1\n|move|p1a: Piloswine|Earthquake|p2a: Gholdengo\n|-supereffective|p2a: Gholdengo\n|-damage|p2a: Gholdengo|0 fnt\n|faint|p2a: Gholdengo\n|\n|-weather|Sandstorm|[upkeep]\n|-damage|p1a: Piloswine|13/309|[from] Sandstorm\n|upkeep\n|\n|t:|1782846959\n|switch|p2a: Magnezone|Magnezone, L85|258/258\n|-damage|p2a: Magnezone|242/258|[from] Stealth Rock\n|turn|21\n|\n|t:|1782846964\n|move|p2a: Magnezone|Volt Switch|p1a: Piloswine\n|-resisted|p1a: Piloswine\n|-damage|p1a: Piloswine|0 fnt\n|faint|p1a: Piloswine\n|\n|t:|1782846970\n|switch|p2a: Slowking|Slowking-Galar, L85, F|135/300|[from] Volt Switch\n|-damage|p2a: Slowking|98/300|[from] Stealth Rock\n|\n|-weather|none\n|upkeep\n|\n|t:|1782846975\n|switch|p1a: Polteageist|Polteageist, L78|222/222\n|turn|22\n|\n|t:|1782846981\n|move|p1a: Polteageist|Shell Smash|p1a: Polteageist\n|-unboost|p1a: Polteageist|def|1\n|-unboost|p1a: Polteageist|spd|1\n|-boost|p1a: Polteageist|atk|2\n|-boost|p1a: Polteageist|spa|2\n|-boost|p1a: Polteageist|spe|2\n|-enditem|p1a: Polteageist|White Herb\n|-clearnegativeboost|p1a: Polteageist|[silent]\n|move|p2a: Slowking|Future Sight|p1a: Polteageist\n|-start|p2a: Slowking|move: Future Sight\n|\n|upkeep\n|turn|23\n|\n|t:|1782846988\n|move|p1a: Polteageist|Shadow Ball|p2a: Slowking\n|-supereffective|p2a: Slowking\n|-damage|p2a: Slowking|0 fnt\n|faint|p2a: Slowking\n|\n|upkeep\n|\n|t:|1782846997\n|switch|p2a: Hippowdon|Hippowdon, L82, F|240/311\n|-damage|p2a: Hippowdon|221/311|[from] Stealth Rock\n|-weather|Sandstorm|[from] ability: Sand Stream|[of] p2a: Hippowdon\n|turn|24\n|\n|t:|1782847016\n|move|p1a: Polteageist|Strength Sap|p2a: Hippowdon\n|-unboost|p2a: Hippowdon|atk|1\n|move|p2a: Hippowdon|Earthquake|p1a: Polteageist\n|-damage|p1a: Polteageist|129/222\n|\n|-weather|Sandstorm|[upkeep]\n|-damage|p1a: Polteageist|116/222|[from] Sandstorm\n|-end|p1a: Polteageist|move: Future Sight\n|-damage|p1a: Polteageist|0 fnt\n|faint|p1a: Polteageist\n|\n|win|hotdragon20\n|raw|LoZar98's rating: 1960 &rarr; <strong>1940</strong><br />(-20 for losing)\n|raw|hotdragon20's rating: 1964 &rarr; <strong>1984</strong><br />(+20 for winning)\n", "inputlog": ">version f8ac14003a5f27e1bdc8d8c59608a773c1cb96e5\n>start {\"formatid\":\"gen9randombattle\",\"seed\":\"sodium,cabf91c24ed50f1fc4c3ca989959eb5f\",\"rated\":\"Rated battle\"}\n>player p1 {\"name\":\"LoZar98\",\"avatar\":\"170\",\"rating\":1960,\"seed\":\"sodium,197e988c55b26f7603c4aec4560dc805\"}\n>player p2 {\"name\":\"hotdragon20\",\"avatar\":\"1\",\"rating\":1964,\"seed\":\"sodium,454a7a5088ee124dca35405b0066f8a5\"}\n>p1 move stealthrock\n>p2 move surf\n>p1 switch 5\n>p2 move psychicnoise\n>p1 switch 4\n>p2 move psychicnoise\n>p1 move knockoff\n>p2 switch 6\n>p1 switch 2\n>p2 move bravebird\n>p1 move closecombat\n>p2 switch 4\n>p1 switch 2\n>p2 move nastyplot\n>p1 move knockoff\n>p2 move makeitrain\n>p1 switch 2\n>p1 move earthquake\n>p2 switch 4\n>p1 move closecombat\n>p2 move bravebird\n>p2 switch 3\n>p1 switch 4\n>p2 move icebeam\n>p1 move drainpunch\n>p2 move icebeam\n>p1 switch 3\n>p1 move earthquake terastallize\n>p2 move hydropump\n>p1 switch 5\n>p2 move darkpulse\n>p1 switch 5\n>p1 move iceshard\n>p2 move darkpulse\n>p2 switch 6\n>p1 move earthquake\n>p2 move futuresight\n>p1 move earthquake\n>p2 switch 5\n>p1 switch 4\n>p2 move curse\n>p1 switch 4\n>p1 move roar\n>p2 move earthquake\n>p1 move earthquake\n>p2 move makeitrain\n>p2 switch 2\n>p1 move earthquake\n>p2 move voltswitch\n>p2 switch 5\n>p1 switch 6\n>p1 move shellsmash\n>p2 move futuresight\n>p1 move shadowball\n>p2 move psychicnoise\n>p2 switch 4\n>p1 move strengthsap\n>p2 move earthquake", "uploadtime": 1782847016, "views": 8, "formatid": "gen9randombattle", "rating": 1940, "private": 0, "password": null, "player_dets": [{"name": "LoZar98", "avatar": "170", "rating": 1960, "seed": "sodium,197e988c55b26f7603c4aec4560dc805"}, {"name": "hotdragon20", "avatar": "1", "rating": 1964, "seed": "sodium,454a7a5088ee124dca35405b0066f8a5"}], "teams_full": [{"Iron Thorns": {"name": "Iron Thorns", "species": "Iron Thorns", "speciesId": "ironthorns", "gender": "N", "shiny": false, "level": 83, "moves": ["icepunch", "wildcharge", "stealthrock", "stoneedge"], "ability": "Quark Drive", "evs": {"hp": 85, "atk": 85, "def": 85, "spa": 85, "spd": 85, "spe": 85}, "ivs": {"hp": 31, "atk": 31, "def": 31, "spa": 31, "spd": 31, "spe": 31}, "item": "Air Balloon", "teraType": "Flying", "role": "Fast Support", "bvs": {"hp": 100, "atk": 134, "def": 110, "spa": 70, "spd": 84, "spe": 72}, "stats": {"hp": 302, "atk": 270, "def": 230, "spa": 164, "spd": 187, "spe": 167}, "types": ["Rock", "Electric"]}, "Terrakion": {"name": "Terrakion", "species": "Terrakion", "speciesId": "terrakion", "gender": "N", "shiny": false, "level": 79, "moves": ["closecombat", "earthquake", "swordsdance", "stoneedge"], "ability": "Justified", "evs": {"hp": 85, "atk": 85, "def": 85, "spa": 85, "spd": 85, "spe": 85}, "ivs": {"hp": 31, "atk": 31, "def": 31, "spa": 31, "spd": 31, "spe": 31}, "item": "Life Orb", "teraType": "Fighting", "role": "Setup Sweeper", "bvs": {"hp": 91, "atk": 129, "def": 90, "spa": 72, "spd": 90, "spe": 108}, "stats": {"hp": 273, "atk": 249, "def": 188, "spa": 159, "spd": 188, "spe": 216}, "types": ["Rock", "Fighting"]}, "Piloswine": {"name": "Piloswine", "species": "Piloswine", "speciesId": "piloswine", "gender": "F", "shiny": false, "level": 85, "moves": ["iciclecrash", "earthquake", "roar", "iceshard"], "ability": "Thick Fat", "evs": {"hp": 85, "atk": 85, "def": 85, "spa": 85, "spd": 85, "spe": 85}, "ivs": {"hp": 31, "atk": 31, "def": 31, "spa": 31, "spd": 31, "spe": 31}, "item": "Eviolite", "teraType": "Dragon", "role": "Bulky Support", "bvs": {"hp": 100, "atk": 100, "def": 80, "spa": 60, "spd": 60, "spe": 50}, "stats": {"hp": 309, "atk": 219, "def": 185, "spa": 151, "spd": 151, "spe": 134}, "types": ["Ice", "Ground"]}, "Meloetta": {"name": "Meloetta", "species": "Meloetta", "speciesId": "meloetta", "gender": "N", "shiny": false, "level": 82, "moves": ["relicsong", "knockoff", "tripleaxel", "closecombat"], "ability": "Serene Grace", "evs": {"hp": 85, "atk": 85, "def": 85, "spa": 85, "spd": 85, "spe": 85}, "ivs": {"hp": 31, "atk": 31, "def": 31, "spa": 31, "spd": 31, "spe": 31}, "item": "Life Orb", "teraType": "Dark", "role": "Wallbreaker", "bvs": {"hp": 100, "atk": 77, "def": 77, "spa": 128, "spd": 128, "spe": 90}, "stats": {"hp": 298, "atk": 173, "def": 173, "spa": 257, "spd": 257, "spe": 195}, "types": ["Normal", "Psychic"]}, "Hitmonchan": {"name": "Hitmonchan", "species": "Hitmonchan", "speciesId": "hitmonchan", "gender": "M", "shiny": false, "level": 87, "moves": ["knockoff", "drainpunch", "rapidspin", "taunt"], "ability": "Iron Fist", "evs": {"hp": 85, "atk": 85, "def": 85, "spa": 85, "spd": 85, "spe": 85}, "ivs": {"hp": 31, "atk": 31, "def": 31, "spa": 31, "spd": 31, "spe": 31}, "item": "Leftovers", "teraType": "Steel", "role": "Bulky Support", "bvs": {"hp": 50, "atk": 105, "def": 79, "spa": 35, "spd": 110, "spe": 76}, "stats": {"hp": 229, "atk": 232, "def": 187, "spa": 111, "spd": 241, "spe": 182}, "types": ["Fighting"]}, "Polteageist": {"name": "Polteageist", "species": "Polteageist", "speciesId": "polteageist", "gender": "N", "shiny": false, "level": 78, "moves": ["shellsmash", "strengthsap", "terablast", "shadowball"], "ability": "Cursed Body", "evs": {"hp": 85, "atk": 0, "def": 85, "spa": 85, "spd": 85, "spe": 85}, "ivs": {"hp": 31, "atk": 0, "def": 31, "spa": 31, "spd": 31, "spe": 31}, "item": "White Herb", "teraType": "Fighting", "role": "Tera Blast user", "bvs": {"hp": 60, "atk": 65, "def": 65, "spa": 134, "spd": 114, "spe": 70}, "stats": {"hp": 222, "atk": 106, "def": 146, "spa": 254, "spd": 223, "spe": 154}, "types": ["Ghost"]}}, {"Slowking": {"name": "Slowking", "species": "Slowking-Galar", "speciesId": "slowkinggalar", "gender": "F", "shiny": false, "level": 85, "moves": ["futuresight", "psychicnoise", "sludgebomb", "surf"], "ability": "Regenerator", "evs": {"hp": 85, "atk": 0, "def": 85, "spa": 85, "spd": 85, "spe": 85}, "ivs": {"hp": 31, "atk": 0, "def": 31, "spa": 31, "spd": 31, "spe": 31}, "item": "Assault Vest", "teraType": "Fairy", "role": "AV Pivot", "bvs": {"hp": 95, "atk": 65, "def": 80, "spa": 110, "spd": 110, "spe": 30}, "stats": {"hp": 300, "atk": 115, "def": 185, "spa": 236, "spd": 236, "spe": 100}, "types": ["Poison", "Psychic"]}, "Magnezone": {"name": "Magnezone", "species": "Magnezone", "speciesId": "magnezone", "gender": "N", "shiny": false, "level": 85, "moves": ["flashcannon", "thunderbolt", "voltswitch", "mirrorcoat"], "ability": "Magnet Pull", "evs": {"hp": 85, "atk": 0, "def": 85, "spa": 85, "spd": 85, "spe": 85}, "ivs": {"hp": 31, "atk": 0, "def": 31, "spa": 31, "spd": 31, "spe": 31}, "item": "Assault Vest", "teraType": "Flying", "role": "AV Pivot", "bvs": {"hp": 70, "atk": 70, "def": 115, "spa": 130, "spd": 90, "spe": 60}, "stats": {"hp": 258, "atk": 124, "def": 244, "spa": 270, "spd": 202, "spe": 151}, "types": ["Electric", "Steel"]}, "Greninja": {"name": "Greninja", "species": "Greninja-Bond", "speciesId": "greninjabond", "gender": "M", "shiny": false, "level": 80, "moves": ["darkpulse", "hydropump", "icebeam", "gunkshot"], "ability": "Battle Bond", "evs": {"hp": 85, "atk": 85, "def": 85, "spa": 85, "spd": 85, "spe": 85}, "ivs": {"hp": 31, "atk": 31, "def": 31, "spa": 31, "spd": 31, "spe": 31}, "item": "Life Orb", "teraType": "Poison", "role": "Fast Attacker", "bvs": {"hp": 72, "atk": 95, "def": 67, "spa": 103, "spd": 71, "spe": 122}, "stats": {"hp": 246, "atk": 198, "def": 153, "spa": 211, "spd": 160, "spe": 241}, "types": ["Water", "Dark"]}, "Gholdengo": {"name": "Gholdengo", "species": "Gholdengo", "speciesId": "gholdengo", "gender": "N", "shiny": false, "level": 77, "moves": ["focusblast", "shadowball", "makeitrain", "nastyplot"], "ability": "Good as Gold", "evs": {"hp": 85, "atk": 0, "def": 85, "spa": 85, "spd": 85, "spe": 85}, "ivs": {"hp": 31, "atk": 0, "def": 31, "spa": 31, "spd": 31, "spe": 31}, "item": "Leftovers", "teraType": "Steel", "role": "Bulky Attacker", "bvs": {"hp": 87, "atk": 60, "def": 95, "spa": 133, "spd": 91, "spe": 84}, "stats": {"hp": 261, "atk": 97, "def": 191, "spa": 249, "spd": 185, "spe": 174}, "types": ["Steel", "Ghost"]}, "Hippowdon": {"name": "Hippowdon", "species": "Hippowdon", "speciesId": "hippowdon", "gender": "F", "shiny": false, "level": 82, "moves": ["curse", "slackoff", "stoneedge", "earthquake"], "ability": "Sand Stream", "evs": {"hp": 85, "atk": 85, "def": 85, "spa": 85, "spd": 85, "spe": 85}, "ivs": {"hp": 31, "atk": 31, "def": 31, "spa": 31, "spd": 31, "spe": 31}, "item": "Leftovers", "teraType": "Rock", "role": "Bulky Setup", "bvs": {"hp": 108, "atk": 112, "def": 118, "spa": 68, "spd": 72, "spe": 47}, "stats": {"hp": 311, "atk": 231, "def": 241, "spa": 159, "spd": 165, "spe": 124}, "types": ["Ground"]}, "Honchkrow": {"name": "Honchkrow", "species": "Honchkrow", "speciesId": "honchkrow", "gender": "M", "shiny": false, "level": 86, "moves": ["suckerpunch", "heatwave", "bravebird", "lashout"], "ability": "Moxie", "evs": {"hp": 85, "atk": 85, "def": 85, "spa": 85, "spd": 85, "spe": 85}, "ivs": {"hp": 31, "atk": 31, "def": 31, "spa": 31, "spd": 31, "spe": 31}, "item": "Heavy-Duty Boots", "teraType": "Dark", "role": "Wallbreaker", "bvs": {"hp": 100, "atk": 125, "def": 52, "spa": 105, "spd": 52, "spe": 71}, "stats": {"hp": 312, "atk": 264, "def": 139, "spa": 230, "spd": 139, "spe": 171}, "types": ["Dark", "Flying"]}}]}