{"id": "gen9randombattle-2642087323", "format": "[Gen 9] Random Battle", "players": ["leavemynameblank", "Heilex"], "log": "|j|\u2606leavemynameblank\n|j|\u2606Heilex\n|t:|1782887101\n|gametype|singles\n|player|p1|leavemynameblank|265|1183\n|player|p2|Heilex|2|1157\n|gen|9\n|tier|[Gen 9] Random Battle\n|rated|\n|rule|Species Clause: Limit one of each Pok\u00e9mon\n|rule|HP Percentage Mod: HP is shown in percentages\n|rule|Sleep Clause Mod: Limit one foe put to sleep\n|rule|Illusion Level Mod: Illusion disguises the Pok\u00e9mon's true level\n|\n|t:|1782887101\n|teamsize|p1|6\n|teamsize|p2|6\n|start\n|switch|p1a: Dedenne|Dedenne, L88, F|261/261\n|switch|p2a: Swalot|Swalot, L90, M|326/326\n|turn|1\n|\n|t:|1782887116\n|move|p1a: Dedenne|U-turn|p2a: Swalot\n|-resisted|p2a: Swalot\n|-damage|p2a: Swalot|309/326\n|\n|t:|1782887123\n|switch|p1a: Iron Treads|Iron Treads, L77|265/265|[from] U-turn\n|move|p2a: Swalot|Sludge Bomb|p1a: Iron Treads\n|-immune|p1a: Iron Treads\n|\n|-heal|p2a: Swalot|326/326|[from] item: Leftovers\n|upkeep\n|turn|2\n|\n|t:|1782887142\n|-terastallize|p2a: Swalot|Ground\n|move|p1a: Iron Treads|Earthquake|p2a: Swalot\n|-damage|p2a: Swalot|220/326\n|move|p2a: Swalot|Earthquake|p1a: Iron Treads\n|-supereffective|p1a: Iron Treads\n|-damage|p1a: Iron Treads|95/265\n|\n|-heal|p2a: Swalot|240/326|[from] item: Leftovers\n|upkeep\n|turn|3\n|\n|t:|1782887165\n|-end|p1a: Iron Treads|Quark Drive|[silent]\n|switch|p1a: Hydrapple|Hydrapple, L83, F|312/312\n|move|p2a: Swalot|Earthquake|p1a: Hydrapple\n|-resisted|p1a: Hydrapple\n|-damage|p1a: Hydrapple|273/312\n|\n|-heal|p2a: Swalot|260/326|[from] item: Leftovers\n|upkeep\n|turn|4\n|\n|t:|1782887180\n|move|p2a: Swalot|Sludge Bomb|p1a: Hydrapple\n|-supereffective|p1a: Hydrapple\n|-damage|p1a: Hydrapple|81/312\n|move|p1a: Hydrapple|Leaf Storm|p2a: Swalot\n|-supereffective|p2a: Swalot\n|-damage|p2a: Swalot|0 fnt\n|-unboost|p1a: Hydrapple|spa|2\n|faint|p2a: Swalot\n|\n|upkeep\n|\n|t:|1782887194\n|switch|p2a: Skeledirge|Skeledirge, L79, M|294/294\n|turn|5\n|\n|t:|1782887226\n|switch|p1a: Dedenne|Dedenne, L88, F|261/261\n|move|p2a: Skeledirge|Torch Song|p1a: Dedenne\n|-damage|p1a: Dedenne|171/261\n|-boost|p2a: Skeledirge|spa|1\n|\n|upkeep\n|turn|6\n|\n|t:|1782887237\n|move|p1a: Dedenne|Nuzzle|p2a: Skeledirge\n|-damage|p2a: Skeledirge|276/294\n|-status|p2a: Skeledirge|par\n|move|p2a: Skeledirge|Torch Song|p1a: Dedenne\n|-damage|p1a: Dedenne|14/261\n|-boost|p2a: Skeledirge|spa|1\n|-enditem|p1a: Dedenne|Sitrus Berry|[eat]\n|-heal|p1a: Dedenne|79/261|[from] item: Sitrus Berry\n|-heal|p1a: Dedenne|166/261|[from] ability: Cheek Pouch\n|\n|upkeep\n|turn|7\n|\n|t:|1782887252\n|move|p1a: Dedenne|Thunderbolt|p2a: Skeledirge\n|-damage|p2a: Skeledirge|156/294 par\n|move|p2a: Skeledirge|Torch Song|p1a: Dedenne\n|-damage|p1a: Dedenne|0 fnt\n|-boost|p2a: Skeledirge|spa|1\n|faint|p1a: Dedenne\n|\n|upkeep\n|\n|t:|1782887266\n|switch|p1a: Meloetta|Meloetta, L82|298/298\n|turn|8\n|\n|t:|1782887278\n|move|p1a: Meloetta|Knock Off|p2a: Skeledirge\n|-supereffective|p2a: Skeledirge\n|-damage|p2a: Skeledirge|16/294 par\n|-enditem|p2a: Skeledirge|Heavy-Duty Boots|[from] move: Knock Off|[of] p1a: Meloetta\n|-damage|p1a: Meloetta|269/298|[from] item: Life Orb\n|cant|p2a: Skeledirge|par\n|\n|upkeep\n|turn|9\n|\n|t:|1782887293\n|move|p1a: Meloetta|Knock Off|p2a: Skeledirge\n|-supereffective|p2a: Skeledirge\n|-damage|p2a: Skeledirge|0 fnt\n|faint|p2a: Skeledirge\n|-damage|p1a: Meloetta|240/298|[from] item: Life Orb\n|\n|upkeep\n|\n|t:|1782887319\n|switch|p2a: Espeon|Espeon, L84, F|246/246\n|turn|10\n|\n|t:|1782887326\n|move|p2a: Espeon|Calm Mind|p2a: Espeon\n|-boost|p2a: Espeon|spa|1\n|-boost|p2a: Espeon|spd|1\n|move|p1a: Meloetta|Knock Off|p2a: Espeon\n|-supereffective|p2a: Espeon\n|-damage|p2a: Espeon|56/246\n|-enditem|p2a: Espeon|Life Orb|[from] move: Knock Off|[of] p1a: Meloetta\n|-damage|p1a: Meloetta|211/298|[from] item: Life Orb\n|\n|upkeep\n|turn|11\n|\n|t:|1782887342\n|move|p2a: Espeon|Alluring Voice|p1a: Meloetta\n|-damage|p1a: Meloetta|131/298\n|move|p1a: Meloetta|Triple Axel|p2a: Espeon\n|-damage|p2a: Espeon|37/246\n|-damage|p2a: Espeon|0 fnt\n|faint|p2a: Espeon\n|-hitcount|p2: Espeon|2\n|-damage|p1a: Meloetta|102/298|[from] item: Life Orb\n|\n|upkeep\n|\n|t:|1782887354\n|switch|p2a: Vespiquen|Vespiquen, L99, F|299/299\n|-ability|p2a: Vespiquen|Pressure\n|turn|12\n|\n|t:|1782887359\n|move|p1a: Meloetta|Triple Axel|p2a: Vespiquen\n|-supereffective|p2a: Vespiquen\n|-damage|p2a: Vespiquen|276/299\n|-supereffective|p2a: Vespiquen\n|-damage|p2a: Vespiquen|232/299\n|-hitcount|p2a: Vespiquen|2\n|-damage|p1a: Meloetta|73/298|[from] item: Life Orb\n|move|p2a: Vespiquen|Spikes|p1a: Meloetta\n|-sidestart|p1: leavemynameblank|Spikes\n|\n|upkeep\n|turn|13\n|\n|t:|1782887379\n|switch|p1a: Iron Treads|Iron Treads, L77|95/265\n|-damage|p1a: Iron Treads|62/265|[from] Spikes\n|move|p2a: Vespiquen|Spikes|p1a: Iron Treads\n|-sidestart|p1: leavemynameblank|Spikes\n|\n|upkeep\n|turn|14\n|\n|t:|1782887389\n|move|p1a: Iron Treads|Rapid Spin|p2a: Vespiquen\n|-damage|p2a: Vespiquen|208/299\n|-boost|p1a: Iron Treads|spe|1\n|-sideend|p1: leavemynameblank|Spikes|[from] move: Rapid Spin|[of] p1a: Iron Treads\n|move|p2a: Vespiquen|Spikes|p1a: Iron Treads\n|-sidestart|p1: leavemynameblank|Spikes\n|\n|upkeep\n|turn|15\n|\n|t:|1782887400\n|move|p1a: Iron Treads|Iron Head|p2a: Vespiquen\n|-damage|p2a: Vespiquen|150/299\n|move|p2a: Vespiquen|Air Slash|p1a: Iron Treads\n|-resisted|p1a: Iron Treads\n|-damage|p1a: Iron Treads|23/265\n|\n|upkeep\n|turn|16\n|\n|t:|1782887409\n|move|p1a: Iron Treads|Rapid Spin|p2a: Vespiquen\n|-crit|p2a: Vespiquen\n|-damage|p2a: Vespiquen|108/299\n|-boost|p1a: Iron Treads|spe|1\n|-sideend|p1: leavemynameblank|Spikes|[from] move: Rapid Spin|[of] p1a: Iron Treads\n|move|p2a: Vespiquen|Air Slash|p1a: Iron Treads\n|-resisted|p1a: Iron Treads\n|-damage|p1a: Iron Treads|0 fnt\n|faint|p1a: Iron Treads\n|-end|p1a: Iron Treads|Quark Drive|[silent]\n|\n|upkeep\n|\n|t:|1782887426\n|switch|p1a: Mimikyu|Mimikyu, L79, F|216/216\n|turn|17\n|\n|t:|1782887445\n|move|p1a: Mimikyu|Swords Dance|p1a: Mimikyu\n|-boost|p1a: Mimikyu|atk|2\n|move|p2a: Vespiquen|Roost|p2a: Vespiquen\n|-heal|p2a: Vespiquen|258/299\n|-singleturn|p2a: Vespiquen|move: Roost\n|\n|upkeep\n|turn|18\n|\n|t:|1782887457\n|move|p1a: Mimikyu|Swords Dance|p1a: Mimikyu\n|-boost|p1a: Mimikyu|atk|2\n|move|p2a: Vespiquen|Air Slash|p1a: Mimikyu\n|-activate|p1a: Mimikyu|ability: Disguise\n|-damage|p1a: Mimikyu|216/216\n|detailschange|p1a: Mimikyu|Mimikyu-Busted, L79, F\n|-damage|p1a: Mimikyu|189/216|[from] pokemon: Mimikyu-Busted\n|\n|upkeep\n|turn|19\n|\n|t:|1782887467\n|move|p1a: Mimikyu|Shadow Sneak|p2a: Vespiquen\n|-damage|p2a: Vespiquen|159/299\n|-damage|p1a: Mimikyu|168/216|[from] item: Life Orb\n|move|p2a: Vespiquen|Air Slash|p1a: Mimikyu\n|-damage|p1a: Mimikyu|74/216\n|\n|upkeep\n|turn|20\n|\n|t:|1782887474\n|move|p1a: Mimikyu|Play Rough|p2a: Vespiquen\n|-damage|p2a: Vespiquen|0 fnt\n|faint|p2a: Vespiquen\n|-damage|p1a: Mimikyu|53/216|[from] item: Life Orb\n|\n|upkeep\n|\n|t:|1782887487\n|switch|p2a: Squawkabilly|Squawkabilly-White, L89, M|291/291\n|turn|21\n|\n|t:|1782887499\n|move|p2a: Squawkabilly|Foul Play|p1a: Mimikyu\n|-damage|p1a: Mimikyu|0 fnt\n|faint|p1a: Mimikyu\n|\n|upkeep\n|\n|t:|1782887508\n|switch|p1a: Hydrapple|Hydrapple, L83, F|185/312\n|turn|22\n|\n|t:|1782887520\n|move|p2a: Squawkabilly|Brave Bird|p1a: Hydrapple\n|-supereffective|p1a: Hydrapple\n|-damage|p1a: Hydrapple|0 fnt\n|faint|p1a: Hydrapple\n|-damage|p2a: Squawkabilly|230/291|[from] Recoil\n|\n|upkeep\n|\n|t:|1782887538\n|switch|p1a: Armarouge|Armarouge, L80, F|267/267\n|turn|23\n|\n|t:|1782887546\n|move|p2a: Squawkabilly|Foul Play|p1a: Armarouge\n|-supereffective|p1a: Armarouge\n|-damage|p1a: Armarouge|175/267\n|-ability|p1a: Armarouge|Weak Armor|boost\n|-unboost|p1a: Armarouge|def|1\n|-boost|p1a: Armarouge|spe|2\n|move|p1a: Armarouge|Meteor Beam||[still]\n|-prepare|p1a: Armarouge|Meteor Beam\n|-boost|p1a: Armarouge|spa|1\n|-enditem|p1a: Armarouge|Power Herb\n|-anim|p1a: Armarouge|Meteor Beam|p2a: Squawkabilly\n|-supereffective|p2a: Squawkabilly\n|-damage|p2a: Squawkabilly|0 fnt\n|faint|p2a: Squawkabilly\n|\n|upkeep\n|\n|t:|1782887559\n|switch|p2a: Serperior|Serperior, L79, F|248/248\n|turn|24\n|\n|t:|1782887568\n|move|p1a: Armarouge|Armor Cannon|p2a: Serperior\n|-supereffective|p2a: Serperior\n|-damage|p2a: Serperior|0 fnt\n|-unboost|p1a: Armarouge|def|1\n|-unboost|p1a: Armarouge|spd|1\n|faint|p2a: Serperior\n|\n|win|leavemynameblank\n|raw|leavemynameblank's rating: 1183 &rarr; <strong>1206</strong><br />(+23 for winning)\n|raw|Heilex's rating: 1157 &rarr; <strong>1134</strong><br />(-23 for losing)\n", "inputlog": ">version f8ac14003a5f27e1bdc8d8c59608a773c1cb96e5\n>start {\"formatid\":\"gen9randombattle\",\"seed\":\"sodium,b160dcaf8c400c1502edd0701239af4f\",\"rated\":\"Rated battle\"}\n>player p1 {\"name\":\"leavemynameblank\",\"avatar\":\"265\",\"rating\":1183,\"seed\":\"sodium,41b7d116274ecf19f11a25581c94f8c9\"}\n>player p2 {\"name\":\"Heilex\",\"avatar\":\"2\",\"rating\":1157,\"seed\":\"sodium,0f780ffa9a94b5145b3261e77638e3fd\"}\n>p1 move uturn\n>p2 move sludgebomb\n>p1 switch 4\n>p1 move earthquake\n>p2 move earthquake terastallize\n>p1 switch 6\n>p2 move earthquake\n>p1 move leafstorm\n>p2 move sludgebomb\n>p2 switch 2\n>p1 switch 4\n>p2 move torchsong\n>p1 move nuzzle\n>p2 move torchsong\n>p1 move thunderbolt\n>p2 move torchsong\n>p1 switch 2\n>p1 move knockoff\n>p2 move torchsong\n>p1 move knockoff\n>p2 move slackoff\n>p2 switch 4\n>p1 move knockoff\n>p2 move calmmind\n>p1 move tripleaxel\n>p2 move alluringvoice\n>p2 switch 5\n>p1 move tripleaxel\n>p2 move spikes\n>p1 switch 6\n>p2 move spikes\n>p1 move rapidspin\n>p2 move spikes\n>p1 move ironhead\n>p2 move airslash\n>p1 move rapidspin\n>p2 move airslash\n>p1 switch 3\n>p1 move swordsdance\n>p2 move roost\n>p1 move swordsdance\n>p2 move airslash\n>p1 move shadowsneak\n>p2 move airslash\n>p1 move playrough\n>p2 move airslash\n>p2 switch 3\n>p1 move drainpunch\n>p2 move foulplay\n>p1 switch 4\n>p1 move ficklebeam\n>p2 move bravebird\n>p1 switch 5\n>p1 move meteorbeam\n>p2 move foulplay\n>p2 switch 6\n>p1 move armorcannon\n>p2 move leechseed", "uploadtime": 1782887576, "views": 8, "formatid": "gen9randombattle", "rating": 1134, "private": 0, "password": null, "player_dets": [{"name": "leavemynameblank", "avatar": "265", "rating": 1183, "seed": "sodium,41b7d116274ecf19f11a25581c94f8c9"}, {"name": "Heilex", "avatar": "2", "rating": 1157, "seed": "sodium,0f780ffa9a94b5145b3261e77638e3fd"}], "teams_full": [{"Dedenne": {"name": "Dedenne", "species": "Dedenne", "speciesId": "dedenne", "gender": "F", "shiny": false, "level": 88, "moves": ["nuzzle", "dazzlinggleam", "uturn", "thunderbolt"], "ability": "Cheek Pouch", "evs": {"hp": 85, "atk": 85, "def": 85, "spa": 85, "spd": 85, "spe": 85}, "ivs": {"hp": 31, "atk": 31, "def": 31, "spa": 31, "spd": 31, "spe": 31}, "item": "Sitrus Berry", "teraType": "Flying", "role": "Fast Support", "bvs": {"hp": 67, "atk": 58, "def": 57, "spa": 81, "spd": 67, "spe": 101}, "stats": {"hp": 261, "atk": 152, "def": 151, "spa": 193, "spd": 168, "spe": 228}, "types": ["Electric", "Fairy"]}, "Meloetta": {"name": "Meloetta", "species": "Meloetta", "speciesId": "meloetta", "gender": "N", "shiny": false, "level": 82, "moves": ["relicsong", "knockoff", "tripleaxel", "closecombat"], "ability": "Serene Grace", "evs": {"hp": 85, "atk": 85, "def": 85, "spa": 85, "spd": 85, "spe": 85}, "ivs": {"hp": 31, "atk": 31, "def": 31, "spa": 31, "spd": 31, "spe": 31}, "item": "Life Orb", "teraType": "Dark", "role": "Wallbreaker", "bvs": {"hp": 100, "atk": 77, "def": 77, "spa": 128, "spd": 128, "spe": 90}, "stats": {"hp": 298, "atk": 173, "def": 173, "spa": 257, "spd": 257, "spe": 195}, "types": ["Normal", "Psychic"]}, "Mimikyu": {"name": "Mimikyu", "species": "Mimikyu", "speciesId": "mimikyu", "gender": "F", "shiny": false, "level": 79, "moves": ["drainpunch", "swordsdance", "playrough", "shadowsneak"], "ability": "Disguise", "evs": {"hp": 85, "atk": 85, "def": 85, "spa": 85, "spd": 85, "spe": 85}, "ivs": {"hp": 31, "atk": 31, "def": 31, "spa": 31, "spd": 31, "spe": 31}, "item": "Life Orb", "teraType": "Fairy", "role": "Setup Sweeper", "bvs": {"hp": 55, "atk": 90, "def": 80, "spa": 50, "spd": 105, "spe": 96}, "stats": {"hp": 216, "atk": 188, "def": 172, "spa": 125, "spd": 211, "spe": 197}, "types": ["Ghost", "Fairy"]}, "Iron Treads": {"name": "Iron Treads", "species": "Iron Treads", "speciesId": "irontreads", "gender": "N", "shiny": false, "level": 77, "moves": ["rapidspin", "earthquake", "ironhead", "voltswitch"], "ability": "Quark Drive", "evs": {"hp": 85, "atk": 85, "def": 85, "spa": 85, "spd": 85, "spe": 85}, "ivs": {"hp": 31, "atk": 31, "def": 31, "spa": 31, "spd": 31, "spe": 31}, "item": "Assault Vest", "teraType": "Ghost", "role": "Bulky Support", "bvs": {"hp": 90, "atk": 112, "def": 120, "spa": 72, "spd": 70, "spe": 106}, "stats": {"hp": 265, "atk": 217, "def": 229, "spa": 155, "spd": 152, "spe": 208}, "types": ["Ground", "Steel"]}, "Armarouge": {"name": "Armarouge", "species": "Armarouge", "speciesId": "armarouge", "gender": "F", "shiny": false, "level": 80, "moves": ["meteorbeam", "psyshock", "armorcannon", "energyball"], "ability": "Weak Armor", "evs": {"hp": 85, "atk": 0, "def": 85, "spa": 85, "spd": 85, "spe": 85}, "ivs": {"hp": 31, "atk": 0, "def": 31, "spa": 31, "spd": 31, "spe": 31}, "item": "Power Herb", "teraType": "Grass", "role": "Setup Sweeper", "bvs": {"hp": 85, "atk": 60, "def": 100, "spa": 125, "spd": 80, "spe": 75}, "stats": {"hp": 267, "atk": 101, "def": 206, "spa": 246, "spd": 174, "spe": 166}, "types": ["Fire", "Psychic"]}, "Hydrapple": {"name": "Hydrapple", "species": "Hydrapple", "speciesId": "hydrapple", "gender": "F", "shiny": false, "level": 83, "moves": ["ficklebeam", "dracometeor", "earthpower", "leafstorm"], "ability": "Regenerator", "evs": {"hp": 85, "atk": 0, "def": 85, "spa": 85, "spd": 85, "spe": 85}, "ivs": {"hp": 31, "atk": 0, "def": 31, "spa": 31, "spd": 31, "spe": 31}, "item": "Choice Specs", "teraType": "Dragon", "role": "Wallbreaker", "bvs": {"hp": 106, "atk": 80, "def": 110, "spa": 120, "spd": 80, "spe": 44}, "stats": {"hp": 312, "atk": 137, "def": 230, "spa": 247, "spd": 180, "spe": 121}, "types": ["Grass", "Dragon"]}}, {"Swalot": {"name": "Swalot", "species": "Swalot", "speciesId": "swalot", "gender": "M", "shiny": false, "level": 90, "moves": ["sludgebomb", "earthquake", "toxic", "protect"], "ability": "Liquid Ooze", "evs": {"hp": 85, "atk": 85, "def": 85, "spa": 85, "spd": 85, "spe": 85}, "ivs": {"hp": 31, "atk": 31, "def": 31, "spa": 31, "spd": 31, "spe": 31}, "item": "Leftovers", "teraType": "Ground", "role": "Bulky Support", "bvs": {"hp": 100, "atk": 73, "def": 83, "spa": 73, "spd": 83, "spe": 55}, "stats": {"hp": 326, "atk": 183, "def": 201, "spa": 183, "spd": 201, "spe": 150}, "types": ["Poison"]}, "Skeledirge": {"name": "Skeledirge", "species": "Skeledirge", "speciesId": "skeledirge", "gender": "M", "shiny": false, "level": 79, "moves": ["willowisp", "slackoff", "hex", "torchsong"], "ability": "Unaware", "evs": {"hp": 85, "atk": 0, "def": 85, "spa": 85, "spd": 85, "spe": 85}, "ivs": {"hp": 31, "atk": 0, "def": 31, "spa": 31, "spd": 31, "spe": 31}, "item": "Heavy-Duty Boots", "teraType": "Water", "role": "Bulky Support", "bvs": {"hp": 104, "atk": 75, "def": 100, "spa": 110, "spd": 75, "spe": 66}, "stats": {"hp": 294, "atk": 123, "def": 204, "spa": 219, "spd": 164, "spe": 150}, "types": ["Fire", "Ghost"]}, "Squawkabilly": {"name": "Squawkabilly", "species": "Squawkabilly-White", "speciesId": "squawkabillywhite", "gender": "M", "shiny": false, "level": 89, "moves": ["partingshot", "bravebird", "quickattack", "foulplay"], "ability": "Hustle", "evs": {"hp": 85, "atk": 85, "def": 85, "spa": 85, "spd": 85, "spe": 85}, "ivs": {"hp": 31, "atk": 31, "def": 31, "spa": 31, "spd": 31, "spe": 31}, "item": "Heavy-Duty Boots", "teraType": "Flying", "role": "Wallbreaker", "bvs": {"hp": 82, "atk": 96, "def": 51, "spa": 45, "spd": 51, "spe": 92}, "stats": {"hp": 291, "atk": 222, "def": 142, "spa": 131, "spd": 142, "spe": 215}, "types": ["Normal", "Flying"]}, "Espeon": {"name": "Espeon", "species": "Espeon", "speciesId": "espeon", "gender": "F", "shiny": false, "level": 84, "moves": ["shadowball", "psyshock", "alluringvoice", "calmmind"], "ability": "Magic Bounce", "evs": {"hp": 85, "atk": 0, "def": 85, "spa": 85, "spd": 85, "spe": 85}, "ivs": {"hp": 31, "atk": 0, "def": 31, "spa": 31, "spd": 31, "spe": 31}, "item": "Life Orb", "teraType": "Fairy", "role": "Fast Attacker", "bvs": {"hp": 65, "atk": 65, "def": 60, "spa": 130, "spd": 95, "spe": 110}, "stats": {"hp": 246, "atk": 114, "def": 149, "spa": 267, "spd": 208, "spe": 233}, "types": ["Psychic"]}, "Vespiquen": {"name": "Vespiquen", "species": "Vespiquen", "speciesId": "vespiquen", "gender": "F", "shiny": false, "level": 99, "moves": ["roost", "uturn", "airslash", "spikes"], "ability": "Pressure", "evs": {"hp": 85, "atk": 85, "def": 85, "spa": 85, "spd": 85, "spe": 85}, "ivs": {"hp": 31, "atk": 31, "def": 31, "spa": 31, "spd": 31, "spe": 31}, "item": "Heavy-Duty Boots", "teraType": "Steel", "role": "Bulky Support", "bvs": {"hp": 70, "atk": 80, "def": 102, "spa": 80, "spd": 102, "spe": 40}, "stats": {"hp": 299, "atk": 214, "def": 258, "spa": 214, "spd": 258, "spe": 135}, "types": ["Bug", "Flying"]}, "Serperior": {"name": "Serperior", "species": "Serperior", "speciesId": "serperior", "gender": "F", "shiny": false, "level": 79, "moves": ["terablast", "leafstorm", "leechseed", "substitute"], "ability": "Contrary", "evs": {"hp": 85, "atk": 85, "def": 85, "spa": 85, "spd": 85, "spe": 85}, "ivs": {"hp": 31, "atk": 31, "def": 31, "spa": 31, "spd": 31, "spe": 31}, "item": "Leftovers", "teraType": "Rock", "role": "Tera Blast user", "bvs": {"hp": 75, "atk": 75, "def": 95, "spa": 75, "spd": 95, "spe": 113}, "stats": {"hp": 248, "atk": 164, "def": 196, "spa": 164, "spd": 196, "spe": 224}, "types": ["Grass"]}}]}