{"id": "gen9randombattle-2642062665", "format": "[Gen 9] Random Battle", "players": ["jnpr010334", "SkilledRoy20"], "log": "|j|\u2606jnpr010334\n|j|\u2606SkilledRoy20\n|t:|1782881905\n|gametype|singles\n|player|p1|jnpr010334|265|1689\n|player|p2|SkilledRoy20|lucas|1757\n|gen|9\n|tier|[Gen 9] Random Battle\n|rated|\n|rule|Species Clause: Limit one of each Pok\u00e9mon\n|rule|HP Percentage Mod: HP is shown in percentages\n|rule|Sleep Clause Mod: Limit one foe put to sleep\n|rule|Illusion Level Mod: Illusion disguises the Pok\u00e9mon's true level\n|\n|t:|1782881905\n|teamsize|p1|6\n|teamsize|p2|6\n|start\n|switch|p1a: Palkia|Palkia, L75|259/259\n|switch|p2a: Goodra|Goodra-Hisui, L82, M|265/265\n|-ability|p1a: Palkia|Pressure\n|turn|1\n|inactive|Battle timer is ON: inactive players will automatically lose when time's up. (requested by SkilledRoy20)\n|inactive|jnpr010334 also wants the timer to be on.\n|\n|t:|1782881930\n|switch|p1a: Bronzong|Bronzong, L88|261/261\n|move|p2a: Goodra|Draco Meteor|p1a: Bronzong\n|-resisted|p1a: Bronzong\n|-damage|p1a: Bronzong|204/261\n|-unboost|p2a: Goodra|spa|2\n|\n|-heal|p1a: Bronzong|220/261|[from] item: Leftovers\n|upkeep\n|turn|2\n|\n|t:|1782881934\n|switch|p2a: Palossand|Palossand, L89, F|296/296\n|move|p1a: Bronzong|Stealth Rock|p2a: Palossand\n|-sidestart|p2: SkilledRoy20|move: Stealth Rock\n|\n|-heal|p1a: Bronzong|236/261|[from] item: Leftovers\n|upkeep\n|turn|3\n|\n|t:|1782881939\n|switch|p1a: Indeedee|Indeedee-F, L90, F|272/272\n|-fieldstart|move: Psychic Terrain|[from] ability: Psychic Surge|[of] p1a: Indeedee\n|move|p2a: Palossand|Stealth Rock|p1a: Indeedee\n|-sidestart|p1: jnpr010334|move: Stealth Rock\n|\n|upkeep\n|turn|4\n|\n|t:|1782881942\n|switch|p2a: Sawsbuck|Sawsbuck-Autumn, L88, F|284/284\n|-damage|p2a: Sawsbuck|249/284|[from] Stealth Rock\n|move|p1a: Indeedee|Psychic|p2a: Sawsbuck\n|-damage|p2a: Sawsbuck|42/284\n|-damage|p1a: Indeedee|245/272|[from] item: Life Orb\n|\n|upkeep\n|turn|5\n|\n|t:|1782881949\n|move|p2a: Sawsbuck|Horn Leech|p1a: Indeedee\n|-damage|p1a: Indeedee|107/272\n|-heal|p2a: Sawsbuck|111/284|[from] drain|[of] p1a: Indeedee\n|-damage|p2a: Sawsbuck|83/284|[from] item: Life Orb\n|move|p1a: Indeedee|Hyper Voice|p2a: Sawsbuck\n|-damage|p2a: Sawsbuck|0 fnt\n|faint|p2a: Sawsbuck\n|-damage|p1a: Indeedee|80/272|[from] item: Life Orb\n|\n|upkeep\n|\n|t:|1782881954\n|switch|p2a: Fezandipiti|Fezandipiti, L82, M|278/278\n|-damage|p2a: Fezandipiti|244/278|[from] Stealth Rock\n|turn|6\n|\n|t:|1782881957\n|move|p2a: Fezandipiti|Beat Up|p1a: Indeedee\n|-supereffective|p1a: Indeedee\n|-damage|p1a: Indeedee|58/272\n|-supereffective|p1a: Indeedee\n|-damage|p1a: Indeedee|40/272\n|-status|p1a: Indeedee|tox|[from] ability: Toxic Chain|[of] p2a: Fezandipiti\n|-supereffective|p1a: Indeedee\n|-damage|p1a: Indeedee|16/272 tox\n|-supereffective|p1a: Indeedee\n|-damage|p1a: Indeedee|0 fnt\n|faint|p1a: Indeedee\n|-hitcount|p1: Indeedee|4\n|\n|-heal|p2a: Fezandipiti|261/278|[from] item: Leftovers\n|upkeep\n|\n|t:|1782881959\n|switch|p1a: Garchomp|Garchomp, L74, M|282/282\n|-damage|p1a: Garchomp|265/282|[from] Stealth Rock\n|turn|7\n|\n|t:|1782881967\n|-terastallize|p1a: Garchomp|Ground\n|move|p2a: Fezandipiti|Moonblast|p1a: Garchomp\n|-damage|p1a: Garchomp|174/282\n|move|p1a: Garchomp|Swords Dance|p1a: Garchomp\n|-boost|p1a: Garchomp|atk|2\n|\n|-heal|p2a: Fezandipiti|278/278|[from] item: Leftovers\n|-fieldend|move: Psychic Terrain\n|upkeep\n|turn|8\n|\n|t:|1782881972\n|-terastallize|p2a: Fezandipiti|Water\n|move|p2a: Fezandipiti|Beat Up|p1a: Garchomp\n|-damage|p1a: Garchomp|164/282\n|-damage|p1a: Garchomp|155/282\n|-damage|p1a: Garchomp|145/282\n|-damage|p1a: Garchomp|135/282\n|-status|p1a: Garchomp|tox|[from] ability: Toxic Chain|[of] p2a: Fezandipiti\n|-damage|p1a: Garchomp|124/282 tox\n|-hitcount|p1a: Garchomp|5\n|move|p1a: Garchomp|Earthquake|p2a: Fezandipiti\n|-damage|p2a: Fezandipiti|0 fnt\n|faint|p2a: Fezandipiti\n|\n|-damage|p1a: Garchomp|107/282 tox|[from] psn\n|upkeep\n|\n|t:|1782881977\n|switch|p2a: Abomasnow|Abomasnow, L84, F|287/287\n|-damage|p2a: Abomasnow|216/287|[from] Stealth Rock\n|-weather|Snowscape|[from] ability: Snow Warning|[of] p2a: Abomasnow\n|turn|9\n|\n|t:|1782881982\n|move|p1a: Garchomp|Iron Head|p2a: Abomasnow\n|-supereffective|p2a: Abomasnow\n|-damage|p2a: Abomasnow|40/287\n|move|p2a: Abomasnow|Aurora Veil|p2a: Abomasnow\n|-sidestart|p2: SkilledRoy20|move: Aurora Veil\n|\n|-weather|Snowscape|[upkeep]\n|-damage|p1a: Garchomp|73/282 tox|[from] psn\n|upkeep\n|turn|10\n|\n|t:|1782881986\n|switch|p2a: Palossand|Palossand, L89, F|296/296\n|-damage|p2a: Palossand|278/296|[from] Stealth Rock\n|move|p1a: Garchomp|Scale Shot|p2a: Palossand\n|-damage|p2a: Palossand|259/296\n|-damage|p2a: Palossand|238/296\n|-damage|p2a: Palossand|219/296\n|-damage|p2a: Palossand|198/296\n|-crit|p2a: Palossand\n|-damage|p2a: Palossand|131/296\n|-hitcount|p2a: Palossand|5\n|-unboost|p1a: Garchomp|def|1\n|-boost|p1a: Garchomp|spe|1\n|\n|-weather|Snowscape|[upkeep]\n|-heal|p2a: Palossand|149/296|[from] item: Leftovers\n|-damage|p1a: Garchomp|22/282 tox|[from] psn\n|upkeep\n|turn|11\n|\n|t:|1782881989\n|move|p1a: Garchomp|Earthquake|p2a: Palossand\n|-damage|p2a: Palossand|41/296\n|move|p2a: Palossand|Shore Up|p2a: Palossand\n|-heal|p2a: Palossand|189/296\n|\n|-weather|Snowscape|[upkeep]\n|-heal|p2a: Palossand|207/296|[from] item: Leftovers\n|-damage|p1a: Garchomp|0 fnt|[from] psn\n|faint|p1a: Garchomp\n|upkeep\n|\n|t:|1782881991\n|switch|p1a: Palkia|Palkia, L75|259/259\n|-damage|p1a: Palkia|227/259|[from] Stealth Rock\n|-ability|p1a: Palkia|Pressure\n|turn|12\n|\n|t:|1782881996\n|switch|p2a: Goodra|Goodra-Hisui, L82, M|265/265\n|-damage|p2a: Goodra|249/265|[from] Stealth Rock\n|move|p1a: Palkia|Hydro Pump|p2a: Goodra|[miss]\n|-miss|p1a: Palkia|p2a: Goodra\n|\n|-weather|Snowscape|[upkeep]\n|upkeep\n|turn|13\n|\n|t:|1782882000\n|switch|p1a: Bronzong|Bronzong, L88|236/261\n|-damage|p1a: Bronzong|220/261|[from] Stealth Rock\n|move|p2a: Goodra|Fire Blast|p1a: Bronzong\n|-supereffective|p1a: Bronzong\n|-damage|p1a: Bronzong|92/261\n|\n|-weather|none\n|-heal|p1a: Bronzong|108/261|[from] item: Leftovers\n|upkeep\n|turn|14\n|\n|t:|1782882004\n|move|p2a: Goodra|Fire Blast|p1a: Bronzong\n|-supereffective|p1a: Bronzong\n|-damage|p1a: Bronzong|0 fnt\n|faint|p1a: Bronzong\n|\n|upkeep\n|\n|t:|1782882005\n|switch|p1a: Furret|Furret, L94, M|312/312\n|-damage|p1a: Furret|273/312|[from] Stealth Rock\n|-item|p2a: Goodra|Assault Vest|[from] ability: Frisk|[of] p1a: Furret\n|turn|15\n|\n|t:|1782882011\n|move|p1a: Furret|Double-Edge|p2a: Goodra\n|-resisted|p2a: Goodra\n|-damage|p2a: Goodra|207/265\n|-damage|p1a: Furret|259/312|[from] Recoil\n|move|p2a: Goodra|Heavy Slam|p1a: Furret\n|-damage|p1a: Furret|130/312\n|\n|upkeep\n|turn|16\n|\n|t:|1782882016\n|move|p1a: Furret|Double-Edge|p2a: Goodra\n|-resisted|p2a: Goodra\n|-damage|p2a: Goodra|164/265\n|-damage|p1a: Furret|116/312|[from] Recoil\n|move|p2a: Goodra|Heavy Slam|p1a: Furret\n|-damage|p1a: Furret|0 fnt\n|faint|p1a: Furret\n|\n|-sideend|p2: SkilledRoy20|move: Aurora Veil\n|upkeep\n|\n|t:|1782882017\n|switch|p1a: Lokix|Lokix, L82, F|251/251\n|-damage|p1a: Lokix|189/251|[from] Stealth Rock\n|turn|17\n|\n|t:|1782882024\n|switch|p2a: Abomasnow|Abomasnow, L84, F|40/287\n|-damage|p2a: Abomasnow|0 fnt|[from] Stealth Rock\n|faint|p2a: Abomasnow\n|move|p1a: Lokix|Knock Off|p2: Abomasnow|[notarget]\n|-fail|p1a: Lokix\n|\n|upkeep\n|\n|t:|1782882026\n|switch|p2a: Ariados|Ariados, L95, F|287/287\n|turn|18\n|\n|t:|1782882029\n|move|p1a: Lokix|Knock Off|p2a: Ariados\n|-damage|p2a: Ariados|154/287\n|-enditem|p2a: Ariados|Heavy-Duty Boots|[from] move: Knock Off|[of] p1a: Lokix\n|-damage|p1a: Lokix|164/251|[from] item: Life Orb\n|move|p2a: Ariados|Megahorn|p1a: Lokix\n|-supereffective|p1a: Lokix\n|-damage|p1a: Lokix|0 fnt\n|faint|p1a: Lokix\n|\n|upkeep\n|\n|t:|1782882031\n|switch|p1a: Palkia|Palkia, L75|227/259\n|-damage|p1a: Palkia|195/259|[from] Stealth Rock\n|-ability|p1a: Palkia|Pressure\n|turn|19\n|\n|t:|1782882033\n|move|p2a: Ariados|Sucker Punch|p1a: Palkia\n|-damage|p1a: Palkia|136/259\n|move|p1a: Palkia|Fire Blast|p2a: Ariados\n|-supereffective|p2a: Ariados\n|-damage|p2a: Ariados|0 fnt\n|faint|p2a: Ariados\n|\n|upkeep\n|\n|t:|1782882037\n|switch|p2a: Goodra|Goodra-Hisui, L82, M|164/265\n|-damage|p2a: Goodra|148/265|[from] Stealth Rock\n|turn|20\n|\n|t:|1782882039\n|move|p1a: Palkia|Fire Blast|p2a: Goodra\n|-crit|p2a: Goodra\n|-damage|p2a: Goodra|85/265\n|move|p2a: Goodra|Draco Meteor|p1a: Palkia\n|-supereffective|p1a: Palkia\n|-damage|p1a: Palkia|0 fnt\n|-unboost|p2a: Goodra|spa|2\n|faint|p1a: Palkia\n|\n|win|SkilledRoy20\n|raw|jnpr010334's rating: 1710 &rarr; <strong>1693</strong><br />(-17 for losing)\n|raw|SkilledRoy20's rating: 1757 &rarr; <strong>1774</strong><br />(+17 for winning)\n|l|\u2606SkilledRoy20\n|player|p2|\n", "inputlog": ">version f8ac14003a5f27e1bdc8d8c59608a773c1cb96e5\n>start {\"formatid\":\"gen9randombattle\",\"seed\":\"sodium,c3032df4d67ab375c9fd337b5749e1cc\",\"rated\":\"Rated battle\"}\n>player p1 {\"name\":\"jnpr010334\",\"avatar\":\"265\",\"rating\":1689,\"seed\":\"sodium,c733e971c6b0fdea9e1b6911731950a2\"}\n>player p2 {\"name\":\"SkilledRoy20\",\"avatar\":\"lucas\",\"rating\":1757,\"seed\":\"sodium,29418c6679945f039c1193a8b20601cc\"}\n>p1 switch 5\n>p2 move dracometeor\n>p1 move stealthrock\n>p2 switch 4\n>p1 switch 6\n>p2 move stealthrock\n>p1 move psychic\n>p2 switch 2\n>p1 move hypervoice\n>p2 move hornleech\n>p2 switch 6\n>p1 move psychic\n>p2 move beatup\n>p1 switch 2\n>p1 move swordsdance terastallize\n>p2 move moonblast\n>p1 move earthquake\n>p2 move beatup terastallize\n>p2 switch 3\n>p1 move ironhead\n>p2 move auroraveil\n>p1 move scaleshot\n>p2 switch 2\n>p1 move earthquake\n>p2 move shoreup\n>p1 switch 5\n>p1 move hydropump\n>p2 switch 4\n>p1 switch 6\n>p2 move fireblast\n>p1 move hypnosis\n>p2 move fireblast\n>p1 switch 4\n>p1 move doubleedge\n>p2 move heavyslam\n>p1 move doubleedge\n>p2 move heavyslam\n>p1 switch 3\n>p1 move knockoff\n>p2 switch 2\n>p2 switch 5\n>p1 move knockoff\n>p2 move megahorn\n>p1 switch 6\n>p1 move fireblast\n>p2 move suckerpunch\n>p2 switch 2\n>p1 move fireblast\n>p2 move dracometeor", "uploadtime": 1782882042, "views": 2, "formatid": "gen9randombattle", "rating": 1693, "private": 0, "password": null, "player_dets": [{"name": "jnpr010334", "avatar": "265", "rating": 1689, "seed": "sodium,c733e971c6b0fdea9e1b6911731950a2"}, {"name": "SkilledRoy20", "avatar": "lucas", "rating": 1757, "seed": "sodium,29418c6679945f039c1193a8b20601cc"}], "teams_full": [{"Palkia": {"name": "Palkia", "species": "Palkia", "speciesId": "palkia", "gender": "N", "shiny": false, "level": 75, "moves": ["spacialrend", "dracometeor", "hydropump", "fireblast"], "ability": "Pressure", "evs": {"hp": 85, "atk": 0, "def": 85, "spa": 85, "spd": 85, "spe": 85}, "ivs": {"hp": 31, "atk": 0, "def": 31, "spa": 31, "spd": 31, "spe": 31}, "item": "Choice Scarf", "teraType": "Water", "role": "Fast Attacker", "bvs": {"hp": 90, "atk": 120, "def": 100, "spa": 150, "spd": 120, "spe": 100}, "stats": {"hp": 259, "atk": 185, "def": 194, "spa": 269, "spd": 224, "spe": 194}, "types": ["Water", "Dragon"]}, "Garchomp": {"name": "Garchomp", "species": "Garchomp", "speciesId": "garchomp", "gender": "M", "shiny": false, "level": 74, "moves": ["scaleshot", "ironhead", "earthquake", "swordsdance"], "ability": "Rough Skin", "evs": {"hp": 85, "atk": 85, "def": 85, "spa": 85, "spd": 85, "spe": 85}, "ivs": {"hp": 31, "atk": 31, "def": 31, "spa": 31, "spd": 31, "spe": 31}, "item": "Loaded Dice", "teraType": "Ground", "role": "Setup Sweeper", "bvs": {"hp": 108, "atk": 130, "def": 95, "spa": 80, "spd": 85, "spe": 102}, "stats": {"hp": 282, "atk": 235, "def": 184, "spa": 161, "spd": 169, "spe": 194}, "types": ["Dragon", "Ground"]}, "Lokix": {"name": "Lokix", "species": "Lokix", "speciesId": "lokix", "gender": "F", "shiny": false, "level": 82, "moves": ["firstimpression", "leechlife", "knockoff", "suckerpunch"], "ability": "Tinted Lens", "evs": {"hp": 85, "atk": 85, "def": 85, "spa": 85, "spd": 85, "spe": 85}, "ivs": {"hp": 31, "atk": 31, "def": 31, "spa": 31, "spd": 31, "spe": 31}, "item": "Life Orb", "teraType": "Bug", "role": "Wallbreaker", "bvs": {"hp": 71, "atk": 102, "def": 78, "spa": 52, "spd": 55, "spe": 92}, "stats": {"hp": 251, "atk": 214, "def": 175, "spa": 132, "spd": 137, "spe": 198}, "types": ["Bug", "Dark"]}, "Furret": {"name": "Furret", "species": "Furret", "speciesId": "furret", "gender": "M", "shiny": false, "level": 94, "moves": ["uturn", "knockoff", "doubleedge", "trick"], "ability": "Frisk", "evs": {"hp": 85, "atk": 85, "def": 85, "spa": 85, "spd": 85, "spe": 85}, "ivs": {"hp": 31, "atk": 31, "def": 31, "spa": 31, "spd": 31, "spe": 31}, "item": "Choice Band", "teraType": "Ghost", "role": "Wallbreaker", "bvs": {"hp": 85, "atk": 76, "def": 64, "spa": 45, "spd": 55, "spe": 90}, "stats": {"hp": 312, "atk": 196, "def": 174, "spa": 138, "spd": 157, "spe": 223}, "types": ["Normal"]}, "Bronzong": {"name": "Bronzong", "species": "Bronzong", "speciesId": "bronzong", "gender": "N", "shiny": false, "level": 88, "moves": ["earthquake", "hypnosis", "stealthrock", "psychicnoise"], "ability": "Levitate", "evs": {"hp": 85, "atk": 85, "def": 85, "spa": 85, "spd": 85, "spe": 85}, "ivs": {"hp": 31, "atk": 31, "def": 31, "spa": 31, "spd": 31, "spe": 31}, "item": "Leftovers", "teraType": "Electric", "role": "Bulky Support", "bvs": {"hp": 67, "atk": 89, "def": 116, "spa": 79, "spd": 116, "spe": 33}, "stats": {"hp": 261, "atk": 207, "def": 254, "spa": 189, "spd": 254, "spe": 108}, "types": ["Steel", "Psychic"]}, "Indeedee": {"name": "Indeedee", "species": "Indeedee-F", "speciesId": "indeedeef", "gender": "F", "shiny": false, "level": 90, "moves": ["psychic", "hypervoice", "calmmind", "shadowball"], "ability": "Psychic Surge", "evs": {"hp": 85, "atk": 0, "def": 85, "spa": 85, "spd": 85, "spe": 85}, "ivs": {"hp": 31, "atk": 0, "def": 31, "spa": 31, "spd": 31, "spe": 31}, "item": "Life Orb", "teraType": "Psychic", "role": "Fast Attacker", "bvs": {"hp": 70, "atk": 55, "def": 65, "spa": 95, "spd": 105, "spe": 85}, "stats": {"hp": 272, "atk": 104, "def": 168, "spa": 222, "spd": 240, "spe": 204}, "types": ["Psychic", "Normal"]}}, {"Goodra": {"name": "Goodra", "species": "Goodra-Hisui", "speciesId": "goodrahisui", "gender": "M", "shiny": false, "level": 82, "moves": ["dracometeor", "heavyslam", "earthquake", "fireblast"], "ability": "Sap Sipper", "evs": {"hp": 85, "atk": 85, "def": 85, "spa": 85, "spd": 85, "spe": 85}, "ivs": {"hp": 31, "atk": 31, "def": 31, "spa": 31, "spd": 31, "spe": 31}, "item": "Assault Vest", "teraType": "Ground", "role": "AV Pivot", "bvs": {"hp": 80, "atk": 100, "def": 100, "spa": 110, "spd": 150, "spe": 60}, "stats": {"hp": 265, "atk": 211, "def": 211, "spa": 228, "spd": 293, "spe": 146}, "types": ["Steel", "Dragon"]}, "Sawsbuck": {"name": "Sawsbuck", "species": "Sawsbuck-Autumn", "speciesId": "sawsbuck", "gender": "F", "shiny": false, "level": 88, "moves": ["hornleech", "highhorsepower", "headbutt", "swordsdance"], "ability": "Serene Grace", "evs": {"hp": 85, "atk": 85, "def": 85, "spa": 85, "spd": 85, "spe": 85}, "ivs": {"hp": 31, "atk": 31, "def": 31, "spa": 31, "spd": 31, "spe": 31}, "item": "Life Orb", "teraType": "Normal", "role": "Fast Attacker", "bvs": {"hp": 80, "atk": 100, "def": 70, "spa": 60, "spd": 70, "spe": 95}, "stats": {"hp": 284, "atk": 226, "def": 173, "spa": 156, "spd": 173, "spe": 217}, "types": ["Normal", "Grass"]}, "Abomasnow": {"name": "Abomasnow", "species": "Abomasnow", "speciesId": "abomasnow", "gender": "F", "shiny": false, "level": 84, "moves": ["earthquake", "woodhammer", "auroraveil", "blizzard"], "ability": "Snow Warning", "evs": {"hp": 77, "atk": 85, "def": 85, "spa": 85, "spd": 85, "spe": 85}, "ivs": {"hp": 31, "atk": 31, "def": 31, "spa": 31, "spd": 31, "spe": 31}, "item": "Light Clay", "teraType": "Ghost", "role": "Bulky Support", "bvs": {"hp": 90, "atk": 92, "def": 75, "spa": 92, "spd": 85, "spe": 60}, "stats": {"hp": 287, "atk": 203, "def": 174, "spa": 203, "spd": 191, "spe": 149}, "types": ["Grass", "Ice"]}, "Palossand": {"name": "Palossand", "species": "Palossand", "speciesId": "palossand", "gender": "F", "shiny": false, "level": 89, "moves": ["stealthrock", "earthpower", "shoreup", "shadowball"], "ability": "Water Compaction", "evs": {"hp": 85, "atk": 0, "def": 85, "spa": 85, "spd": 85, "spe": 85}, "ivs": {"hp": 31, "atk": 0, "def": 31, "spa": 31, "spd": 31, "spe": 31}, "item": "Leftovers", "teraType": "Water", "role": "Bulky Support", "bvs": {"hp": 85, "atk": 75, "def": 110, "spa": 100, "spd": 75, "spe": 35}, "stats": {"hp": 296, "atk": 138, "def": 247, "spa": 229, "spd": 184, "spe": 113}, "types": ["Ghost", "Ground"]}, "Ariados": {"name": "Ariados", "species": "Ariados", "speciesId": "ariados", "gender": "F", "shiny": false, "level": 95, "moves": ["poisonjab", "suckerpunch", "stickyweb", "megahorn"], "ability": "Swarm", "evs": {"hp": 85, "atk": 85, "def": 85, "spa": 85, "spd": 85, "spe": 85}, "ivs": {"hp": 31, "atk": 31, "def": 31, "spa": 31, "spd": 31, "spe": 31}, "item": "Heavy-Duty Boots", "teraType": "Ghost", "role": "Fast Support", "bvs": {"hp": 70, "atk": 90, "def": 70, "spa": 60, "spd": 70, "spe": 40}, "stats": {"hp": 287, "atk": 225, "def": 187, "spa": 168, "spd": 187, "spe": 130}, "types": ["Bug", "Poison"]}, "Fezandipiti": {"name": "Fezandipiti", "species": "Fezandipiti", "speciesId": "fezandipiti", "gender": "M", "shiny": false, "level": 82, "moves": ["gunkshot", "moonblast", "roost", "beatup"], "ability": "Toxic Chain", "evs": {"hp": 85, "atk": 85, "def": 85, "spa": 85, "spd": 85, "spe": 85}, "ivs": {"hp": 31, "atk": 31, "def": 31, "spa": 31, "spd": 31, "spe": 31}, "item": "Leftovers", "teraType": "Water", "role": "Bulky Attacker", "bvs": {"hp": 88, "atk": 91, "def": 82, "spa": 70, "spd": 125, "spe": 99}, "stats": {"hp": 278, "atk": 196, "def": 182, "spa": 162, "spd": 252, "spe": 210}, "types": ["Poison", "Fairy"]}}]}