{"id": "gen9randombattle-2642178124", "format": "[Gen 9] Random Battle", "players": ["fateer", "scytherr"], "log": "|j|\u2606fateer\n|j|\u2606scytherr\n|t:|1782906127\n|gametype|singles\n|player|p1|fateer|caitlin|1095\n|player|p2|scytherr|2|1144\n|gen|9\n|tier|[Gen 9] Random Battle\n|rated|\n|rule|Species Clause: Limit one of each Pok\u00e9mon\n|rule|HP Percentage Mod: HP is shown in percentages\n|rule|Sleep Clause Mod: Limit one foe put to sleep\n|rule|Illusion Level Mod: Illusion disguises the Pok\u00e9mon's true level\n|\n|t:|1782906127\n|teamsize|p1|6\n|teamsize|p2|6\n|start\n|switch|p1a: Goodra|Goodra, L85, F|292/292\n|switch|p2a: Girafarig|Girafarig, L89, M|269/269\n|turn|1\n|\n|t:|1782906143\n|move|p2a: Girafarig|Nasty Plot|p2a: Girafarig\n|-boost|p2a: Girafarig|spa|2\n|move|p1a: Goodra|Knock Off|p2a: Girafarig\n|-supereffective|p2a: Girafarig\n|-damage|p2a: Girafarig|147/269\n|-enditem|p2a: Girafarig|Eviolite|[from] move: Knock Off|[of] p1a: Goodra\n|\n|upkeep\n|turn|2\n|\n|t:|1782906156\n|move|p2a: Girafarig|Dazzling Gleam|p1a: Goodra\n|-supereffective|p1a: Goodra\n|-damage|p1a: Goodra|190/292\n|move|p1a: Goodra|Dragon Tail|p2a: Girafarig\n|-damage|p2a: Girafarig|72/269\n|drag|p2a: Cramorant|Cramorant, L86, M|261/261\n|\n|upkeep\n|turn|3\n|\n|t:|1782906166\n|move|p2a: Cramorant|Surf|p1a: Goodra\n|-formechange|p2a: Cramorant|Cramorant-Gulping|\n|-resisted|p1a: Goodra\n|-damage|p1a: Goodra|172/292\n|move|p1a: Goodra|Draco Meteor|p2a: Cramorant\n|-damage|p2a: Cramorant|114/261\n|-unboost|p1a: Goodra|spa|2\n|-damage|p1a: Goodra|99/292|[from] ability: Gulp Missile|[of] p2a: Cramorant\n|-unboost|p1a: Goodra|def|1\n|-formechange|p2a: Cramorant|Cramorant|\n|\n|upkeep\n|turn|4\n|\n|t:|1782906180\n|move|p2a: Cramorant|Roost|p2a: Cramorant\n|-heal|p2a: Cramorant|245/261\n|-singleturn|p2a: Cramorant|move: Roost\n|move|p1a: Goodra|Dragon Tail|p2a: Cramorant|[miss]\n|-miss|p1a: Goodra|p2a: Cramorant\n|\n|upkeep\n|turn|5\n|\n|t:|1782906188\n|move|p2a: Cramorant|Surf|p1a: Goodra\n|-formechange|p2a: Cramorant|Cramorant-Gulping|\n|-resisted|p1a: Goodra\n|-damage|p1a: Goodra|80/292\n|move|p1a: Goodra|Dragon Tail|p2a: Cramorant\n|-damage|p2a: Cramorant|152/261\n|-damage|p1a: Goodra|7/292|[from] ability: Gulp Missile|[of] p2a: Cramorant\n|-unboost|p1a: Goodra|def|1\n|-formechange|p2a: Cramorant|Cramorant|\n|drag|p2a: Zebstrika|Zebstrika, L87, M|272/272\n|\n|upkeep\n|turn|6\n|\n|t:|1782906211\n|move|p2a: Zebstrika|Volt Switch|p1a: Goodra\n|-resisted|p1a: Goodra\n|-damage|p1a: Goodra|0 fnt\n|faint|p1a: Goodra\n|-damage|p2a: Zebstrika|245/272|[from] item: Life Orb\n|inactive|Battle timer is ON: inactive players will automatically lose when time's up. (requested by fateer)\n|\n|t:|1782906217\n|switch|p2a: Blaziken|Blaziken, L76, F|247/247|[from] Volt Switch\n|\n|upkeep\n|\n|t:|1782906233\n|switch|p1a: Wugtrio|Wugtrio, L91, F|212/212\n|turn|7\n|\n|t:|1782906247\n|switch|p2a: Cramorant|Cramorant, L86, M|152/261\n|move|p1a: Wugtrio|Liquidation|p2a: Cramorant\n|-resisted|p2a: Cramorant\n|-damage|p2a: Cramorant|45/261\n|\n|upkeep\n|turn|8\n|\n|t:|1782906255\n|move|p1a: Wugtrio|Liquidation|p2a: Cramorant\n|-resisted|p2a: Cramorant\n|-damage|p2a: Cramorant|0 fnt\n|faint|p2a: Cramorant\n|\n|upkeep\n|\n|t:|1782906268\n|switch|p2a: Zebstrika|Zebstrika, L87, M|245/272\n|turn|9\n|\n|t:|1782906277\n|switch|p1a: Ursaring|Ursaring, L84, M|288/288\n|move|p2a: Zebstrika|Supercell Slam|p1a: Ursaring\n|-damage|p1a: Ursaring|166/288\n|-damage|p2a: Zebstrika|218/272|[from] item: Life Orb\n|\n|upkeep\n|turn|10\n|\n|t:|1782906290\n|move|p2a: Zebstrika|Volt Switch|p1a: Ursaring\n|-damage|p1a: Ursaring|92/288\n|-damage|p2a: Zebstrika|191/272|[from] item: Life Orb\n|\n|t:|1782906296\n|switch|p2a: Azumarill|Azumarill, L82, M|298/298|[from] Volt Switch\n|move|p1a: Ursaring|Earthquake|p2a: Azumarill\n|-damage|p2a: Azumarill|199/298\n|\n|upkeep\n|turn|11\n|\n|t:|1782906311\n|move|p1a: Ursaring|Rest|p1a: Ursaring\n|-status|p1a: Ursaring|slp|[from] move: Rest\n|-heal|p1a: Ursaring|288/288 slp|[silent]\n|move|p2a: Azumarill|Belly Drum|p2a: Azumarill\n|-damage|p2a: Azumarill|50/298\n|-setboost|p2a: Azumarill|atk|6|[from] move: Belly Drum\n|-enditem|p2a: Azumarill|Sitrus Berry|[eat]\n|-heal|p2a: Azumarill|124/298|[from] item: Sitrus Berry\n|\n|upkeep\n|turn|12\n|\n|t:|1782906327\n|cant|p1a: Ursaring|slp\n|move|p1a: Ursaring|Sleep Talk|p1a: Ursaring\n|move|p1a: Ursaring|Earthquake|p2a: Azumarill|[from] move: Sleep Talk\n|-damage|p2a: Azumarill|0 fnt\n|faint|p2a: Azumarill\n|\n|upkeep\n|inactive|scytherr has 120 seconds left.\n|\n|t:|1782906344\n|switch|p2a: Blaziken|Blaziken, L76, F|247/247\n|turn|13\n|\n|t:|1782906349\n|move|p2a: Blaziken|Swords Dance|p2a: Blaziken\n|-boost|p2a: Blaziken|atk|2\n|cant|p1a: Ursaring|slp\n|move|p1a: Ursaring|Sleep Talk|p1a: Ursaring\n|move|p1a: Ursaring|Earthquake|p2a: Blaziken|[from] move: Sleep Talk\n|-supereffective|p2a: Blaziken\n|-crit|p2a: Blaziken\n|-damage|p2a: Blaziken|0 fnt\n|faint|p2a: Blaziken\n|\n|upkeep\n|\n|t:|1782906361\n|switch|p2a: Zebstrika|Zebstrika, L87, M|191/272\n|turn|14\n|\n|t:|1782906369\n|move|p2a: Zebstrika|Overheat|p1a: Ursaring\n|-damage|p1a: Ursaring|198/288 slp\n|-unboost|p2a: Zebstrika|spa|2\n|-damage|p2a: Zebstrika|164/272|[from] item: Life Orb\n|-curestatus|p1a: Ursaring|slp|[msg]\n|move|p1a: Ursaring|Earthquake|p2a: Zebstrika\n|-supereffective|p2a: Zebstrika\n|-damage|p2a: Zebstrika|0 fnt\n|faint|p2a: Zebstrika\n|\n|upkeep\n|-message|scytherr forfeited.\n|\n|win|fateer\n|raw|fateer's rating: 1095 &rarr; <strong>1124</strong><br />(+29 for winning)\n|raw|scytherr's rating: 1144 &rarr; <strong>1115</strong><br />(-29 for losing)\n|l|\u2606scytherr\n|player|p2|\n", "inputlog": ">version f8ac14003a5f27e1bdc8d8c59608a773c1cb96e5\n>start {\"formatid\":\"gen9randombattle\",\"seed\":\"sodium,7ab9808ded7941119adadc63866034c7\",\"rated\":\"Rated battle\"}\n>player p1 {\"name\":\"fateer\",\"avatar\":\"caitlin\",\"rating\":1095,\"seed\":\"sodium,d0960efa8e9b09c8547dc1d2e33ab332\"}\n>player p2 {\"name\":\"scytherr\",\"avatar\":\"2\",\"rating\":1144,\"seed\":\"sodium,70ae817974221469bb1ad35e477473e2\"}\n>p1 move knockoff\n>p2 move nastyplot\n>p1 move dragontail\n>p2 move dazzlinggleam\n>p1 move dracometeor\n>p2 move surf\n>p1 move dragontail\n>p2 move roost\n>p1 move dragontail\n>p2 move surf\n>p1 move dragontail\n>p2 move voltswitch\n>p2 switch 3\n>p1 switch 2\n>p1 move liquidation\n>p2 switch 4\n>p1 move liquidation\n>p2 move roost\n>p2 switch 3\n>p1 switch 4\n>p2 move supercellslam\n>p1 move earthquake\n>p2 move voltswitch\n>p2 switch 2\n>p1 move rest\n>p2 move bellydrum\n>p1 move sleeptalk\n>p2 move playrough\n>p2 switch 4\n>p1 move sleeptalk\n>p2 move swordsdance\n>p2 switch 2\n>p1 move earthquake\n>p2 move overheat\n>forcelose p2", "uploadtime": 1782906387, "views": 4, "formatid": "gen9randombattle", "rating": 1115, "private": 0, "password": null, "player_dets": [{"name": "fateer", "avatar": "caitlin", "rating": 1095, "seed": "sodium,d0960efa8e9b09c8547dc1d2e33ab332"}, {"name": "scytherr", "avatar": "2", "rating": 1144, "seed": "sodium,70ae817974221469bb1ad35e477473e2"}], "teams_full": [{"Goodra": {"name": "Goodra", "species": "Goodra", "speciesId": "goodra", "gender": "F", "shiny": false, "level": 85, "moves": ["scald", "dragontail", "knockoff", "dracometeor"], "ability": "Sap Sipper", "evs": {"hp": 85, "atk": 85, "def": 85, "spa": 85, "spd": 85, "spe": 85}, "ivs": {"hp": 31, "atk": 31, "def": 31, "spa": 31, "spd": 31, "spe": 31}, "item": "Assault Vest", "teraType": "Steel", "role": "AV Pivot", "bvs": {"hp": 90, "atk": 100, "def": 70, "spa": 110, "spd": 150, "spe": 80}, "stats": {"hp": 292, "atk": 219, "def": 168, "spa": 236, "spd": 304, "spe": 185}, "types": ["Dragon"]}, "Wugtrio": {"name": "Wugtrio", "species": "Wugtrio", "speciesId": "wugtrio", "gender": "F", "shiny": false, "level": 91, "moves": ["throatchop", "stompingtantrum", "liquidation", "aquajet"], "ability": "Gooey", "evs": {"hp": 85, "atk": 85, "def": 85, "spa": 85, "spd": 85, "spe": 85}, "ivs": {"hp": 31, "atk": 31, "def": 31, "spa": 31, "spd": 31, "spe": 31}, "item": "Choice Band", "teraType": "Water", "role": "Fast Attacker", "bvs": {"hp": 35, "atk": 100, "def": 50, "spa": 50, "spd": 70, "spe": 120}, "stats": {"hp": 212, "atk": 234, "def": 143, "spa": 143, "spd": 179, "spe": 270}, "types": ["Water"]}, "Altaria": {"name": "Altaria", "species": "Altaria", "speciesId": "altaria", "gender": "M", "shiny": false, "level": 89, "moves": ["earthquake", "dragondance", "bravebird", "roost"], "ability": "Natural Cure", "evs": {"hp": 85, "atk": 85, "def": 85, "spa": 85, "spd": 85, "spe": 85}, "ivs": {"hp": 31, "atk": 31, "def": 31, "spa": 31, "spd": 31, "spe": 31}, "item": "Heavy-Duty Boots", "teraType": "Ground", "role": "Bulky Setup", "bvs": {"hp": 75, "atk": 70, "def": 90, "spa": 70, "spd": 105, "spe": 80}, "stats": {"hp": 278, "atk": 175, "def": 211, "spa": 175, "spd": 238, "spe": 193}, "types": ["Dragon", "Flying"]}, "Ursaring": {"name": "Ursaring", "species": "Ursaring", "speciesId": "ursaring", "gender": "M", "shiny": false, "level": 84, "moves": ["rest", "bodyslam", "sleeptalk", "earthquake"], "ability": "Guts", "evs": {"hp": 85, "atk": 85, "def": 85, "spa": 85, "spd": 85, "spe": 85}, "ivs": {"hp": 31, "atk": 31, "def": 31, "spa": 31, "spd": 31, "spe": 31}, "item": "Eviolite", "teraType": "Ground", "role": "Bulky Attacker", "bvs": {"hp": 90, "atk": 130, "def": 75, "spa": 75, "spd": 75, "spe": 55}, "stats": {"hp": 288, "atk": 267, "def": 174, "spa": 174, "spd": 174, "spe": 141}, "types": ["Normal"]}, "Hoopa": {"name": "Hoopa", "species": "Hoopa-Unbound", "speciesId": "hoopaunbound", "gender": "N", "shiny": false, "level": 80, "moves": ["trick", "hyperspacefury", "drainpunch", "zenheadbutt"], "ability": "Magician", "evs": {"hp": 85, "atk": 85, "def": 85, "spa": 85, "spd": 85, "spe": 85}, "ivs": {"hp": 31, "atk": 31, "def": 31, "spa": 31, "spd": 31, "spe": 31}, "item": "Choice Band", "teraType": "Dark", "role": "Wallbreaker", "bvs": {"hp": 80, "atk": 160, "def": 60, "spa": 170, "spd": 130, "spe": 80}, "stats": {"hp": 259, "atk": 302, "def": 142, "spa": 318, "spd": 254, "spe": 174}, "types": ["Psychic", "Dark"]}, "Bellossom": {"name": "Bellossom", "species": "Bellossom", "speciesId": "bellossom", "gender": "M", "shiny": false, "level": 84, "moves": ["gigadrain", "quiverdance", "sludgebomb", "strengthsap"], "ability": "Chlorophyll", "evs": {"hp": 85, "atk": 0, "def": 85, "spa": 85, "spd": 85, "spe": 85}, "ivs": {"hp": 31, "atk": 0, "def": 31, "spa": 31, "spd": 31, "spe": 31}, "item": "Leftovers", "teraType": "Poison", "role": "Bulky Setup", "bvs": {"hp": 75, "atk": 80, "def": 95, "spa": 90, "spd": 100, "spe": 50}, "stats": {"hp": 263, "atk": 139, "def": 208, "spa": 199, "spd": 216, "spe": 132}, "types": ["Grass"]}}, {"Girafarig": {"name": "Girafarig", "species": "Girafarig", "speciesId": "girafarig", "gender": "M", "shiny": false, "level": 89, "moves": ["psychic", "shadowball", "nastyplot", "dazzlinggleam"], "ability": "Sap Sipper", "evs": {"hp": 85, "atk": 0, "def": 85, "spa": 85, "spd": 85, "spe": 85}, "ivs": {"hp": 31, "atk": 0, "def": 31, "spa": 31, "spd": 31, "spe": 31}, "item": "Eviolite", "teraType": "Fairy", "role": "Bulky Setup", "bvs": {"hp": 70, "atk": 80, "def": 65, "spa": 90, "spd": 65, "spe": 85}, "stats": {"hp": 269, "atk": 147, "def": 166, "spa": 211, "spd": 166, "spe": 202}, "types": ["Normal", "Psychic"]}, "Azumarill": {"name": "Azumarill", "species": "Azumarill", "speciesId": "azumarill", "gender": "M", "shiny": false, "level": 82, "moves": ["aquajet", "bellydrum", "playrough", "liquidation"], "ability": "Huge Power", "evs": {"hp": 85, "atk": 85, "def": 85, "spa": 85, "spd": 85, "spe": 85}, "ivs": {"hp": 31, "atk": 31, "def": 31, "spa": 31, "spd": 31, "spe": 31}, "item": "Sitrus Berry", "teraType": "Water", "role": "Bulky Attacker", "bvs": {"hp": 100, "atk": 50, "def": 80, "spa": 60, "spd": 80, "spe": 50}, "stats": {"hp": 298, "atk": 129, "def": 178, "spa": 146, "spd": 178, "spe": 129}, "types": ["Water", "Fairy"]}, "Blaziken": {"name": "Blaziken", "species": "Blaziken", "speciesId": "blaziken", "gender": "F", "shiny": false, "level": 76, "moves": ["swordsdance", "flareblitz", "closecombat", "knockoff"], "ability": "Speed Boost", "evs": {"hp": 85, "atk": 85, "def": 85, "spa": 85, "spd": 85, "spe": 85}, "ivs": {"hp": 31, "atk": 31, "def": 31, "spa": 31, "spd": 31, "spe": 31}, "item": "Life Orb", "teraType": "Dark", "role": "Setup Sweeper", "bvs": {"hp": 80, "atk": 120, "def": 70, "spa": 110, "spd": 70, "spe": 80}, "stats": {"hp": 247, "atk": 226, "def": 150, "spa": 211, "spd": 150, "spe": 166}, "types": ["Fire", "Fighting"]}, "Zebstrika": {"name": "Zebstrika", "species": "Zebstrika", "speciesId": "zebstrika", "gender": "M", "shiny": false, "level": 87, "moves": ["highhorsepower", "voltswitch", "overheat", "supercellslam"], "ability": "Sap Sipper", "evs": {"hp": 85, "atk": 85, "def": 85, "spa": 85, "spd": 85, "spe": 85}, "ivs": {"hp": 31, "atk": 31, "def": 31, "spa": 31, "spd": 31, "spe": 31}, "item": "Life Orb", "teraType": "Ground", "role": "Fast Attacker", "bvs": {"hp": 75, "atk": 100, "def": 63, "spa": 80, "spd": 63, "spe": 116}, "stats": {"hp": 272, "atk": 224, "def": 159, "spa": 189, "spd": 159, "spe": 252}, "types": ["Electric"]}, "Tyranitar": {"name": "Tyranitar", "species": "Tyranitar", "speciesId": "tyranitar", "gender": "M", "shiny": false, "level": 78, "moves": ["knockoff", "dragondance", "earthquake", "stoneedge"], "ability": "Sand Stream", "evs": {"hp": 85, "atk": 85, "def": 85, "spa": 85, "spd": 85, "spe": 85}, "ivs": {"hp": 31, "atk": 31, "def": 31, "spa": 31, "spd": 31, "spe": 31}, "item": "Weakness Policy", "teraType": "Ghost", "role": "Bulky Setup", "bvs": {"hp": 100, "atk": 134, "def": 110, "spa": 95, "spd": 100, "spe": 61}, "stats": {"hp": 284, "atk": 254, "def": 217, "spa": 193, "spd": 201, "spe": 140}, "types": ["Rock", "Dark"]}, "Cramorant": {"name": "Cramorant", "species": "Cramorant", "speciesId": "cramorant", "gender": "M", "shiny": false, "level": 86, "moves": ["bravebird", "surf", "roost", "defog"], "ability": "Gulp Missile", "evs": {"hp": 85, "atk": 85, "def": 85, "spa": 85, "spd": 85, "spe": 85}, "ivs": {"hp": 31, "atk": 31, "def": 31, "spa": 31, "spd": 31, "spe": 31}, "item": "Heavy-Duty Boots", "teraType": "Ground", "role": "Bulky Support", "bvs": {"hp": 70, "atk": 85, "def": 55, "spa": 85, "spd": 95, "spe": 85}, "stats": {"hp": 261, "atk": 195, "def": 144, "spa": 195, "spd": 213, "spe": 195}, "types": ["Flying", "Water"]}}]}