{"id": "gen9randombattle-2641785570", "format": "[Gen 9] Random Battle", "players": ["moosie15", "PentaV"], "log": "|j|\u203dmoosie15\n|j|\u2606PentaV\n|t:|1782841687\n|gametype|singles\n|player|p1|moosie15|unknown|2242\n|player|p2|PentaV|170|2173\n|gen|9\n|tier|[Gen 9] Random Battle\n|rated|\n|rule|Species Clause: Limit one of each Pok\u00e9mon\n|rule|HP Percentage Mod: HP is shown in percentages\n|rule|Sleep Clause Mod: Limit one foe put to sleep\n|rule|Illusion Level Mod: Illusion disguises the Pok\u00e9mon's true level\n|\n|t:|1782841687\n|teamsize|p1|6\n|teamsize|p2|6\n|start\n|switch|p1a: Venusaur|Venusaur, L84, M|272/272\n|switch|p2a: Rotom|Rotom-Wash, L82|216/216\n|turn|1\n|inactive|Battle timer is ON: inactive players will automatically lose when time's up. (requested by moosie15)\n|\n|t:|1782841696\n|move|p2a: Rotom|Volt Switch|p1a: Venusaur\n|-resisted|p1a: Venusaur\n|-damage|p1a: Venusaur|239/272\n|\n|t:|1782841697\n|switch|p2a: Oranguru|Oranguru, L92, F|315/315|[from] Volt Switch\n|move|p1a: Venusaur|Knock Off|p2a: Oranguru\n|-supereffective|p2a: Oranguru\n|-damage|p2a: Oranguru|193/315\n|-enditem|p2a: Oranguru|Choice Specs|[from] move: Knock Off|[of] p1a: Venusaur\n|\n|-heal|p1a: Venusaur|256/272|[from] item: Leftovers\n|upkeep\n|turn|2\n|\n|t:|1782841712\n|switch|p1a: Chansey|Chansey, L85, F|564/564\n|move|p2a: Oranguru|Trick|p1a: Chansey\n|-activate|p2a: Oranguru|move: Trick|[of] p1a: Chansey\n|-enditem|p1a: Chansey|Eviolite|[silent]|[from] move: Trick\n|-item|p2a: Oranguru|Eviolite|[from] move: Trick\n|\n|upkeep\n|turn|3\n|\n|t:|1782841719\n|move|p2a: Oranguru|Psyshock|p1a: Chansey\n|-crit|p1a: Chansey\n|-damage|p1a: Chansey|92/564\n|move|p1a: Chansey|Thunder Wave|p2a: Oranguru\n|-status|p2a: Oranguru|par\n|\n|upkeep\n|turn|4\n|\n|t:|1782841723\n|move|p1a: Chansey|Soft-Boiled|p1a: Chansey\n|-heal|p1a: Chansey|374/564\n|move|p2a: Oranguru|Psyshock|p1a: Chansey\n|-damage|p1a: Chansey|49/564\n|\n|upkeep\n|turn|5\n|\n|t:|1782841731\n|move|p1a: Chansey|Soft-Boiled|p1a: Chansey\n|-heal|p1a: Chansey|331/564\n|move|p2a: Oranguru|Psyshock|p1a: Chansey\n|-damage|p1a: Chansey|0 fnt\n|faint|p1a: Chansey\n|\n|upkeep\n|\n|t:|1782841751\n|switch|p1a: Barraskewda|Barraskewda, L81, M|231/231\n|turn|6\n|\n|t:|1782841757\n|move|p1a: Barraskewda|Waterfall|p2a: Oranguru\n|-damage|p2a: Oranguru|55/315 par\n|move|p2a: Oranguru|Psyshock|p1a: Barraskewda\n|-damage|p1a: Barraskewda|111/231\n|\n|upkeep\n|turn|7\n|\n|t:|1782841761\n|switch|p2a: Rotom|Rotom-Wash, L82|216/216\n|move|p1a: Barraskewda|Waterfall|p2a: Rotom\n|-resisted|p2a: Rotom\n|-damage|p2a: Rotom|149/216\n|\n|-heal|p2a: Rotom|162/216|[from] item: Leftovers\n|upkeep\n|turn|8\n|\n|t:|1782841764\n|switch|p1a: Venusaur|Venusaur, L84, M|256/272\n|move|p2a: Rotom|Volt Switch|p1a: Venusaur\n|-resisted|p1a: Venusaur\n|-damage|p1a: Venusaur|223/272\n|\n|t:|1782841766\n|switch|p2a: Infernape|Infernape, L82, M|259/259|[from] Volt Switch\n|\n|-heal|p1a: Venusaur|240/272|[from] item: Leftovers\n|upkeep\n|turn|9\n|\n|t:|1782841772\n|switch|p1a: Infernape|Infernape, L82, M|259/259\n|move|p2a: Infernape|Overheat|p1a: Infernape\n|-resisted|p1a: Infernape\n|-damage|p1a: Infernape|154/259\n|-unboost|p2a: Infernape|spa|2\n|-damage|p2a: Infernape|234/259|[from] item: Life Orb\n|\n|upkeep\n|turn|10\n|\n|t:|1782841792\n|switch|p2a: Oranguru|Oranguru, L92, F|55/315 par\n|move|p1a: Infernape|Close Combat|p2a: Oranguru\n|-damage|p2a: Oranguru|0 fnt\n|-unboost|p1a: Infernape|def|1\n|-unboost|p1a: Infernape|spd|1\n|faint|p2a: Oranguru\n|-damage|p1a: Infernape|129/259|[from] item: Life Orb\n|\n|upkeep\n|\n|t:|1782841800\n|switch|p2a: Minun|Minun, L95, F|268/268\n|turn|11\n|\n|t:|1782841812\n|switch|p2a: Infernape|Infernape, L82, M|234/259\n|switch|p1a: Venusaur|Venusaur, L84, M|240/272\n|\n|-heal|p1a: Venusaur|257/272|[from] item: Leftovers\n|upkeep\n|turn|12\n|\n|t:|1782841827\n|switch|p1a: Infernape|Infernape, L82, M|129/259\n|move|p2a: Infernape|Overheat|p1a: Infernape\n|-resisted|p1a: Infernape\n|-crit|p1a: Infernape\n|-damage|p1a: Infernape|0 fnt\n|-unboost|p2a: Infernape|spa|2\n|faint|p1a: Infernape\n|-damage|p2a: Infernape|209/259|[from] item: Life Orb\n|\n|upkeep\n|\n|t:|1782841830\n|switch|p1a: Barraskewda|Barraskewda, L81, M|111/231\n|turn|13\n|\n|t:|1782841842\n|switch|p2a: Whimsicott|Whimsicott, L84, F|238/238\n|move|p1a: Barraskewda|Flip Turn|p2a: Whimsicott\n|-resisted|p2a: Whimsicott\n|-damage|p2a: Whimsicott|184/238\n|\n|t:|1782841846\n|switch|p1a: Venusaur|Venusaur, L84, M|257/272|[from] Flip Turn\n|\n|-heal|p2a: Whimsicott|198/238|[from] item: Leftovers\n|-heal|p1a: Venusaur|272/272|[from] item: Leftovers\n|upkeep\n|turn|14\n|\n|t:|1782841866\n|move|p2a: Whimsicott|Substitute|p2a: Whimsicott\n|-start|p2a: Whimsicott|Substitute\n|-damage|p2a: Whimsicott|139/238\n|move|p1a: Venusaur|Sludge Bomb|p2a: Whimsicott\n|-supereffective|p2a: Whimsicott\n|-end|p2a: Whimsicott|Substitute\n|\n|-heal|p2a: Whimsicott|153/238|[from] item: Leftovers\n|upkeep\n|turn|15\n|\n|t:|1782841875\n|move|p2a: Whimsicott|Encore|p1a: Venusaur\n|-start|p1a: Venusaur|Encore\n|move|p1a: Venusaur|Sludge Bomb|p2a: Whimsicott\n|-supereffective|p2a: Whimsicott\n|-damage|p2a: Whimsicott|0 fnt\n|faint|p2a: Whimsicott\n|\n|upkeep\n|inactive|PentaV has 120 seconds left.\n|\n|t:|1782841909\n|switch|p2a: Infernape|Infernape, L82, M|209/259\n|turn|16\n|\n|t:|1782841925\n|-terastallize|p1a: Venusaur|Dark\n|move|p2a: Infernape|Overheat|p1a: Venusaur\n|-damage|p1a: Venusaur|115/272\n|-unboost|p2a: Infernape|spa|2\n|-damage|p2a: Infernape|184/259|[from] item: Life Orb\n|move|p1a: Venusaur|Sludge Bomb|p2a: Infernape\n|-damage|p2a: Infernape|66/259\n|\n|-heal|p1a: Venusaur|132/272|[from] item: Leftovers\n|upkeep\n|turn|17\n|\n|t:|1782841937\n|move|p2a: Infernape|Close Combat|p1a: Venusaur\n|-supereffective|p1a: Venusaur\n|-damage|p1a: Venusaur|0 fnt\n|-unboost|p2a: Infernape|def|1\n|-unboost|p2a: Infernape|spd|1\n|faint|p1a: Venusaur\n|-damage|p2a: Infernape|41/259|[from] item: Life Orb\n|\n|upkeep\n|inactive|moosie15 has 120 seconds left.\n|\n|t:|1782841970\n|switch|p1a: Barraskewda|Barraskewda, L81, M|111/231\n|turn|18\n|inactive|moosie15 has 120 seconds left.\n|inactive|PentaV has 120 seconds left.\n|\n|t:|1782841992\n|switch|p2a: Rotom|Rotom-Wash, L82|162/216\n|move|p1a: Barraskewda|Psychic Fangs|p2a: Rotom\n|-damage|p2a: Rotom|67/216\n|\n|-heal|p2a: Rotom|80/216|[from] item: Leftovers\n|upkeep\n|turn|19\n|inactive|moosie15 has 120 seconds left.\n|\n|t:|1782842022\n|move|p1a: Barraskewda|Psychic Fangs|p2a: Rotom\n|-damage|p2a: Rotom|0 fnt\n|faint|p2a: Rotom\n|\n|upkeep\n|\n|t:|1782842028\n|switch|p2a: Dunsparce|Dunsparce, L86, F|312/312\n|turn|20\n|\n|t:|1782842050\n|switch|p1a: Cyclizar|Cyclizar, L83, F|252/252\n|move|p2a: Dunsparce|Body Slam|p1a: Cyclizar\n|-damage|p1a: Cyclizar|167/252\n|-status|p1a: Cyclizar|par\n|\n|upkeep\n|turn|21\n|\n|t:|1782842060\n|move|p2a: Dunsparce|Coil|p2a: Dunsparce\n|-boost|p2a: Dunsparce|atk|1\n|-boost|p2a: Dunsparce|def|1\n|-boost|p2a: Dunsparce|accuracy|1\n|move|p1a: Cyclizar|Knock Off|p2a: Dunsparce\n|-damage|p2a: Dunsparce|276/312\n|-enditem|p2a: Dunsparce|Eviolite|[from] move: Knock Off|[of] p1a: Cyclizar\n|\n|upkeep\n|turn|22\n|\n|t:|1782842068\n|move|p2a: Dunsparce|Body Slam|p1a: Cyclizar\n|-damage|p1a: Cyclizar|34/252 par\n|move|p1a: Cyclizar|Shed Tail|p1a: Cyclizar\n|-fail|p1a: Cyclizar|move: Shed Tail|[weak]\n|\n|upkeep\n|turn|23\n|\n|t:|1782842078\n|move|p2a: Dunsparce|Body Slam|p1a: Cyclizar\n|-damage|p1a: Cyclizar|0 fnt\n|faint|p1a: Cyclizar\n|\n|upkeep\n|\n|t:|1782842080\n|switch|p1a: Barraskewda|Barraskewda, L81, M|111/231\n|turn|24\n|\n|t:|1782842089\n|move|p1a: Barraskewda|Close Combat|p2a: Dunsparce\n|-supereffective|p2a: Dunsparce\n|-damage|p2a: Dunsparce|56/312\n|-unboost|p1a: Barraskewda|def|1\n|-unboost|p1a: Barraskewda|spd|1\n|move|p2a: Dunsparce|Body Slam|p1a: Barraskewda\n|-damage|p1a: Barraskewda|0 fnt\n|faint|p1a: Barraskewda\n|\n|upkeep\n|\n|t:|1782842091\n|switch|p1a: Volcarona|Volcarona, L77, M|257/257\n|turn|25\n|\n|t:|1782842097\n|move|p1a: Volcarona|Bug Buzz|p2a: Dunsparce\n|-damage|p2a: Dunsparce|0 fnt\n|faint|p2a: Dunsparce\n|\n|upkeep\n|\n|t:|1782842101\n|switch|p2a: Infernape|Infernape, L82, M|41/259\n|turn|26\n|inactive|PentaV has 120 seconds left.\n|c|\u2606PentaV|tera fire overheat + blaze kills, if it lands\n|c|\u2606PentaV|gg either way\n|\n|t:|1782842152\n|-terastallize|p2a: Infernape|Fire\n|move|p2a: Infernape|Overheat|p1a: Volcarona\n|-damage|p1a: Volcarona|0 fnt\n|-unboost|p2a: Infernape|spa|2\n|faint|p1a: Volcarona\n|-damage|p2a: Infernape|16/259|[from] item: Life Orb\n|\n|win|PentaV\n|raw|moosie15's rating: 2242 &rarr; <strong>2219</strong><br />(-23 for losing)\n|raw|PentaV's rating: 2198 &rarr; <strong>2221</strong><br />(+23 for winning)\n", "inputlog": ">version f8ac14003a5f27e1bdc8d8c59608a773c1cb96e5\n>start {\"formatid\":\"gen9randombattle\",\"seed\":\"sodium,3997b1d779a4b413531deab0c136505a\",\"rated\":\"Rated battle\"}\n>player p1 {\"name\":\"moosie15\",\"avatar\":\"unknown\",\"rating\":2242,\"seed\":\"sodium,0f88d76e30655e0d75112402cd92cbf9\"}\n>player p2 {\"name\":\"PentaV\",\"avatar\":\"170\",\"rating\":2173,\"seed\":\"sodium,885aec6c7a14bd0ef5b5001b79b7f760\"}\n>p1 move knockoff\n>p2 move voltswitch\n>p2 switch 5\n>p1 switch 3\n>p2 move trick\n>p1 move thunderwave\n>p2 move psyshock\n>p1 move softboiled\n>p2 move psyshock\n>p1 move softboiled\n>p2 move psyshock\n>p1 switch 6\n>p1 move waterfall\n>p2 move psyshock\n>p1 move waterfall\n>p2 switch 5\n>p1 switch 3\n>p2 move voltswitch\n>p2 switch 2\n>p1 switch 4\n>p2 move overheat\n>p1 move closecombat\n>p2 switch 5\n>p2 switch 4\n>p1 switch 4\n>p2 switch 5\n>p1 switch 4\n>p2 move overheat\n>p1 switch 3\n>p1 move flipturn\n>p2 switch 6\n>p1 switch 4\n>p1 move sludgebomb\n>p2 move substitute\n>p1 move sludgebomb\n>p2 move encore\n>p2 switch 6\n>p1 move sludgebomb terastallize\n>p2 move overheat\n>p1 move sludgebomb\n>p2 move closecombat\n>p1 switch 4\n>p1 move psychicfangs\n>p2 switch 2\n>p1 move psychicfangs\n>p2 move voltswitch\n>p2 switch 3\n>p1 switch 5\n>p2 move bodyslam\n>p1 move knockoff\n>p2 move coil\n>p1 move shedtail\n>p2 move bodyslam\n>p1 move knockoff\n>p2 move bodyslam\n>p1 switch 5\n>p1 move closecombat\n>p2 move bodyslam\n>p1 switch 2\n>p1 move bugbuzz\n>p2 move bodyslam\n>p2 switch 2\n>chat \u2606PentaV|tera fire overheat + blaze kills, if it lands\n>chat \u2606PentaV|gg either way\n>p1 move quiverdance\n>p2 move overheat terastallize", "uploadtime": 1782842152, "views": 8, "formatid": "gen9randombattle", "rating": 2219, "private": 0, "password": null, "player_dets": [{"name": "moosie15", "avatar": "unknown", "rating": 2242, "seed": "sodium,0f88d76e30655e0d75112402cd92cbf9"}, {"name": "PentaV", "avatar": "170", "rating": 2173, "seed": "sodium,885aec6c7a14bd0ef5b5001b79b7f760"}], "teams_full": [{"Venusaur": {"name": "Venusaur", "species": "Venusaur", "speciesId": "venusaur", "gender": "M", "shiny": false, "level": 84, "moves": ["knockoff", "sleeppowder", "synthesis", "sludgebomb"], "ability": "Chlorophyll", "evs": {"hp": 85, "atk": 85, "def": 85, "spa": 85, "spd": 85, "spe": 85}, "ivs": {"hp": 31, "atk": 31, "def": 31, "spa": 31, "spd": 31, "spe": 31}, "item": "Leftovers", "teraType": "Dark", "role": "Bulky Attacker", "bvs": {"hp": 80, "atk": 82, "def": 83, "spa": 100, "spd": 100, "spe": 80}, "stats": {"hp": 272, "atk": 186, "def": 188, "spa": 216, "spd": 216, "spe": 183}, "types": ["Grass", "Poison"]}, "Volcarona": {"name": "Volcarona", "species": "Volcarona", "speciesId": "volcarona", "gender": "M", "shiny": false, "level": 77, "moves": ["terablast", "quiverdance", "fireblast", "bugbuzz"], "ability": "Flame Body", "evs": {"hp": 85, "atk": 0, "def": 85, "spa": 85, "spd": 85, "spe": 85}, "ivs": {"hp": 31, "atk": 0, "def": 31, "spa": 31, "spd": 31, "spe": 31}, "item": "Heavy-Duty Boots", "teraType": "Ground", "role": "Tera Blast user", "bvs": {"hp": 85, "atk": 60, "def": 65, "spa": 135, "spd": 105, "spe": 100}, "stats": {"hp": 257, "atk": 97, "def": 145, "spa": 252, "spd": 206, "spe": 199}, "types": ["Bug", "Fire"]}, "Chansey": {"name": "Chansey", "species": "Chansey", "speciesId": "chansey", "gender": "F", "shiny": false, "level": 85, "moves": ["thunderwave", "softboiled", "stealthrock", "seismictoss"], "ability": "Natural Cure", "evs": {"hp": 85, "atk": 0, "def": 85, "spa": 85, "spd": 85, "spe": 85}, "ivs": {"hp": 31, "atk": 0, "def": 31, "spa": 31, "spd": 31, "spe": 31}, "item": "Eviolite", "teraType": "Fairy", "role": "Bulky Support", "bvs": {"hp": 250, "atk": 5, "def": 5, "spa": 35, "spd": 105, "spe": 50}, "stats": {"hp": 564, "atk": 13, "def": 57, "spa": 108, "spd": 227, "spe": 134}, "types": ["Normal"]}, "Infernape": {"name": "Infernape", "species": "Infernape", "speciesId": "infernape", "gender": "M", "shiny": false, "level": 82, "moves": ["grassknot", "closecombat", "machpunch", "overheat"], "ability": "Iron Fist", "evs": {"hp": 85, "atk": 85, "def": 85, "spa": 85, "spd": 85, "spe": 85}, "ivs": {"hp": 31, "atk": 31, "def": 31, "spa": 31, "spd": 31, "spe": 31}, "item": "Life Orb", "teraType": "Fire", "role": "Fast Attacker", "bvs": {"hp": 76, "atk": 104, "def": 71, "spa": 104, "spd": 71, "spe": 108}, "stats": {"hp": 259, "atk": 218, "def": 164, "spa": 218, "spd": 164, "spe": 224}, "types": ["Fire", "Fighting"]}, "Cyclizar": {"name": "Cyclizar", "species": "Cyclizar", "speciesId": "cyclizar", "gender": "F", "shiny": false, "level": 83, "moves": ["dracometeor", "knockoff", "rapidspin", "shedtail"], "ability": "Regenerator", "evs": {"hp": 85, "atk": 85, "def": 85, "spa": 85, "spd": 85, "spe": 85}, "ivs": {"hp": 31, "atk": 31, "def": 31, "spa": 31, "spd": 31, "spe": 31}, "item": "Heavy-Duty Boots", "teraType": "Fairy", "role": "Fast Support", "bvs": {"hp": 70, "atk": 95, "def": 65, "spa": 85, "spd": 65, "spe": 121}, "stats": {"hp": 252, "atk": 205, "def": 156, "spa": 189, "spd": 156, "spe": 249}, "types": ["Dragon", "Normal"]}, "Barraskewda": {"name": "Barraskewda", "species": "Barraskewda", "speciesId": "barraskewda", "gender": "M", "shiny": false, "level": 81, "moves": ["psychicfangs", "flipturn", "closecombat", "waterfall"], "ability": "Swift Swim", "evs": {"hp": 85, "atk": 85, "def": 85, "spa": 85, "spd": 85, "spe": 85}, "ivs": {"hp": 31, "atk": 31, "def": 31, "spa": 31, "spd": 31, "spe": 31}, "item": "Choice Band", "teraType": "Water", "role": "Wallbreaker", "bvs": {"hp": 61, "atk": 123, "def": 60, "spa": 60, "spd": 50, "spe": 136}, "stats": {"hp": 231, "atk": 246, "def": 144, "spa": 144, "spd": 128, "spe": 267}, "types": ["Water"]}}, {"Rotom": {"name": "Rotom", "species": "Rotom-Wash", "speciesId": "rotomwash", "gender": "N", "shiny": false, "level": 82, "moves": ["voltswitch", "painsplit", "discharge", "hydropump"], "ability": "Levitate", "evs": {"hp": 85, "atk": 0, "def": 85, "spa": 85, "spd": 85, "spe": 85}, "ivs": {"hp": 31, "atk": 0, "def": 31, "spa": 31, "spd": 31, "spe": 31}, "item": "Leftovers", "teraType": "Electric", "role": "Bulky Support", "bvs": {"hp": 50, "atk": 65, "def": 107, "spa": 105, "spd": 107, "spe": 86}, "stats": {"hp": 216, "atk": 111, "def": 223, "spa": 219, "spd": 223, "spe": 188}, "types": ["Electric", "Water"]}, "Infernape": {"name": "Infernape", "species": "Infernape", "speciesId": "infernape", "gender": "M", "shiny": false, "level": 82, "moves": ["grassknot", "closecombat", "overheat", "machpunch"], "ability": "Blaze", "evs": {"hp": 85, "atk": 85, "def": 85, "spa": 85, "spd": 85, "spe": 85}, "ivs": {"hp": 31, "atk": 31, "def": 31, "spa": 31, "spd": 31, "spe": 31}, "item": "Life Orb", "teraType": "Fire", "role": "Fast Attacker", "bvs": {"hp": 76, "atk": 104, "def": 71, "spa": 104, "spd": 71, "spe": 108}, "stats": {"hp": 259, "atk": 218, "def": 164, "spa": 218, "spd": 164, "spe": 224}, "types": ["Fire", "Fighting"]}, "Dunsparce": {"name": "Dunsparce", "species": "Dunsparce", "speciesId": "dunsparce", "gender": "F", "shiny": false, "level": 86, "moves": ["earthquake", "coil", "bodyslam", "roost"], "ability": "Serene Grace", "evs": {"hp": 85, "atk": 85, "def": 85, "spa": 85, "spd": 85, "spe": 85}, "ivs": {"hp": 31, "atk": 31, "def": 31, "spa": 31, "spd": 31, "spe": 31}, "item": "Eviolite", "teraType": "Ground", "role": "Bulky Setup", "bvs": {"hp": 100, "atk": 70, "def": 70, "spa": 65, "spd": 65, "spe": 45}, "stats": {"hp": 312, "atk": 170, "def": 170, "spa": 161, "spd": 161, "spe": 127}, "types": ["Normal"]}, "Minun": {"name": "Minun", "species": "Minun", "speciesId": "minun", "gender": "F", "shiny": false, "level": 95, "moves": ["alluringvoice", "grassknot", "nastyplot", "thunderbolt"], "ability": "Volt Absorb", "evs": {"hp": 85, "atk": 0, "def": 85, "spa": 85, "spd": 85, "spe": 85}, "ivs": {"hp": 31, "atk": 0, "def": 31, "spa": 31, "spd": 31, "spe": 31}, "item": "Life Orb", "teraType": "Electric", "role": "Setup Sweeper", "bvs": {"hp": 60, "atk": 40, "def": 50, "spa": 75, "spd": 85, "spe": 95}, "stats": {"hp": 268, "atk": 81, "def": 149, "spa": 196, "spd": 215, "spe": 234}, "types": ["Electric"]}, "Oranguru": {"name": "Oranguru", "species": "Oranguru", "speciesId": "oranguru", "gender": "F", "shiny": false, "level": 92, "moves": ["thunderbolt", "psyshock", "hypervoice", "trick"], "ability": "Inner Focus", "evs": {"hp": 85, "atk": 0, "def": 85, "spa": 85, "spd": 85, "spe": 85}, "ivs": {"hp": 31, "atk": 0, "def": 31, "spa": 31, "spd": 31, "spe": 31}, "item": "Choice Specs", "teraType": "Normal", "role": "Wallbreaker", "bvs": {"hp": 90, "atk": 60, "def": 80, "spa": 90, "spd": 110, "spe": 60}, "stats": {"hp": 315, "atk": 115, "def": 200, "spa": 218, "spd": 255, "spe": 163}, "types": ["Normal", "Psychic"]}, "Whimsicott": {"name": "Whimsicott", "species": "Whimsicott", "speciesId": "whimsicott", "gender": "F", "shiny": false, "level": 84, "moves": ["substitute", "encore", "moonblast", "leechseed"], "ability": "Prankster", "evs": {"hp": 85, "atk": 0, "def": 85, "spa": 85, "spd": 85, "spe": 85}, "ivs": {"hp": 31, "atk": 0, "def": 31, "spa": 31, "spd": 31, "spe": 31}, "item": "Leftovers", "teraType": "Poison", "role": "Bulky Support", "bvs": {"hp": 60, "atk": 67, "def": 85, "spa": 77, "spd": 75, "spe": 116}, "stats": {"hp": 238, "atk": 117, "def": 191, "spa": 178, "spd": 174, "spe": 243}, "types": ["Grass", "Fairy"]}}]}