{"id": "gen9randombattle-2641971708", "format": "[Gen 9] Random Battle", "players": ["testbotcif", "Nurzua"], "log": "|j|\u2606testbotcif\n|j|\u2606Nurzua\n|t:|1782866812\n|gametype|singles\n|player|p1|testbotcif|1|1206\n|player|p2|Nurzua|265|1157\n|gen|9\n|tier|[Gen 9] Random Battle\n|rated|\n|rule|Species Clause: Limit one of each Pok\u00e9mon\n|rule|HP Percentage Mod: HP is shown in percentages\n|rule|Sleep Clause Mod: Limit one foe put to sleep\n|rule|Illusion Level Mod: Illusion disguises the Pok\u00e9mon's true level\n|\n|t:|1782866812\n|teamsize|p1|6\n|teamsize|p2|6\n|start\n|switch|p1a: Groudon|Groudon, L72|263/263\n|switch|p2a: Victreebel|Victreebel, L90, M|290/290\n|-weather|SunnyDay|[from] ability: Drought|[of] p1a: Groudon\n|turn|1\n|inactive|Battle timer is ON: inactive players will automatically lose when time's up. (requested by testbotcif)\n|c|\u2606testbotcif|rlhf\n|\n|t:|1782866820\n|-terastallize|p1a: Groudon|Fire\n|move|p2a: Victreebel|Power Whip|p1a: Groudon|[miss]\n|-miss|p2a: Victreebel|p1a: Groudon\n|move|p1a: Groudon|Swords Dance|p1a: Groudon\n|-boost|p1a: Groudon|atk|2\n|\n|-weather|SunnyDay|[upkeep]\n|upkeep\n|turn|2\n|\n|t:|1782866838\n|-terastallize|p2a: Victreebel|Dark\n|move|p2a: Victreebel|Swords Dance|p2a: Victreebel\n|-boost|p2a: Victreebel|atk|2\n|move|p1a: Groudon|Heat Crash|p2a: Victreebel\n|-damage|p2a: Victreebel|0 fnt\n|faint|p2a: Victreebel\n|\n|-weather|SunnyDay|[upkeep]\n|upkeep\n|\n|t:|1782866843\n|switch|p2a: Greninja|Greninja, L80, M|246/246\n|turn|3\n|\n|t:|1782866845\n|move|p2a: Greninja|Hydro Pump|p1a: Groudon\n|-start|p2a: Greninja|typechange|Water|[from] ability: Protean\n|-supereffective|p1a: Groudon\n|-damage|p1a: Groudon|84/263\n|-damage|p2a: Greninja|222/246|[from] item: Life Orb\n|move|p1a: Groudon|Heat Crash|p2a: Greninja\n|-resisted|p2a: Greninja\n|-damage|p2a: Greninja|0 fnt\n|faint|p2a: Greninja\n|\n|-weather|SunnyDay|[upkeep]\n|-heal|p1a: Groudon|100/263|[from] item: Leftovers\n|upkeep\n|\n|t:|1782866856\n|switch|p2a: Ludicolo|Ludicolo, L90, F|290/290\n|turn|4\n|\n|t:|1782866858\n|move|p2a: Ludicolo|Hydro Pump|p1a: Groudon\n|-supereffective|p1a: Groudon\n|-damage|p1a: Groudon|0 fnt\n|faint|p1a: Groudon\n|-damage|p2a: Ludicolo|261/290|[from] item: Life Orb\n|\n|-weather|SunnyDay|[upkeep]\n|upkeep\n|\n|t:|1782866858\n|switch|p1a: Grafaiai|Grafaiai, L86, F|249/249\n|turn|5\n|\n|t:|1782866873\n|switch|p2a: Zamazenta|Zamazenta-Crowned, L68|238/238\n|-ability|p2a: Zamazenta|Dauntless Shield|boost\n|-boost|p2a: Zamazenta|def|1\n|move|p1a: Grafaiai|Gunk Shot|p2a: Zamazenta\n|-immune|p2a: Zamazenta\n|\n|-weather|none\n|upkeep\n|turn|6\n|\n|t:|1782866882\n|switch|p1a: Gholdengo|Gholdengo, L77|261/261\n|move|p2a: Zamazenta|Iron Defense|p2a: Zamazenta\n|-boost|p2a: Zamazenta|def|2\n|\n|upkeep\n|turn|7\n|\n|t:|1782866893\n|move|p2a: Zamazenta|Stone Edge|p1a: Gholdengo\n|-resisted|p1a: Gholdengo\n|-damage|p1a: Gholdengo|235/261\n|move|p1a: Gholdengo|Nasty Plot|p1a: Gholdengo\n|-boost|p1a: Gholdengo|spa|2\n|\n|-heal|p1a: Gholdengo|251/261|[from] item: Leftovers\n|upkeep\n|turn|8\n|\n|t:|1782866899\n|move|p2a: Zamazenta|Heavy Slam|p1a: Gholdengo\n|-resisted|p1a: Gholdengo\n|-damage|p1a: Gholdengo|197/261\n|move|p1a: Gholdengo|Shadow Ball|p2a: Zamazenta\n|-damage|p2a: Zamazenta|96/238\n|\n|-heal|p1a: Gholdengo|213/261|[from] item: Leftovers\n|upkeep\n|turn|9\n|\n|t:|1782866910\n|switch|p2a: Terapagos|Terapagos, L77, F|265/265\n|-activate|p2a: Terapagos|ability: Tera Shift\n|detailschange|p2a: Terapagos|Terapagos-Terastal, L77, F\n|-heal|p2a: Terapagos|273/273|[silent]\n|move|p1a: Gholdengo|Shadow Ball|p2a: Terapagos\n|-immune|p2a: Terapagos\n|\n|-heal|p1a: Gholdengo|229/261|[from] item: Leftovers\n|upkeep\n|turn|10\n|\n|t:|1782866912\n|move|p2a: Terapagos|Dark Pulse|p1a: Gholdengo\n|-supereffective|p1a: Gholdengo\n|-damage|p1a: Gholdengo|115/261\n|cant|p1a: Gholdengo|flinch\n|\n|-heal|p1a: Gholdengo|131/261|[from] item: Leftovers\n|upkeep\n|turn|11\n|\n|t:|1782866915\n|move|p2a: Terapagos|Dark Pulse|p1a: Gholdengo\n|-supereffective|p1a: Gholdengo\n|-damage|p1a: Gholdengo|19/261\n|move|p1a: Gholdengo|Focus Blast|p2a: Terapagos|[miss]\n|-miss|p1a: Gholdengo|p2a: Terapagos\n|\n|-heal|p1a: Gholdengo|35/261|[from] item: Leftovers\n|upkeep\n|turn|12\n|\n|t:|1782866918\n|move|p2a: Terapagos|Dark Pulse|p1a: Gholdengo\n|-supereffective|p1a: Gholdengo\n|-damage|p1a: Gholdengo|0 fnt\n|faint|p1a: Gholdengo\n|\n|upkeep\n|\n|t:|1782866918\n|switch|p1a: Grafaiai|Grafaiai, L86, F|249/249\n|turn|13\n|\n|t:|1782866942\n|move|p1a: Grafaiai|Gunk Shot|p2a: Terapagos|[miss]\n|-miss|p1a: Grafaiai|p2a: Terapagos\n|move|p2a: Terapagos|Calm Mind|p2a: Terapagos\n|-boost|p2a: Terapagos|spa|1\n|-boost|p2a: Terapagos|spd|1\n|\n|upkeep\n|turn|14\n|\n|t:|1782866946\n|move|p1a: Grafaiai|Gunk Shot|p2a: Terapagos\n|-activate|p2a: Terapagos|ability: Tera Shell\n|-resisted|p2a: Terapagos\n|-damage|p2a: Terapagos|213/273\n|move|p2a: Terapagos|Calm Mind|p2a: Terapagos\n|-boost|p2a: Terapagos|spa|1\n|-boost|p2a: Terapagos|spd|1\n|\n|upkeep\n|turn|15\n|\n|t:|1782866956\n|move|p1a: Grafaiai|Gunk Shot|p2a: Terapagos\n|-damage|p2a: Terapagos|87/273\n|move|p2a: Terapagos|Tera Starstorm|p1a: Grafaiai\n|-damage|p1a: Grafaiai|68/249\n|\n|upkeep\n|turn|16\n|\n|t:|1782866962\n|move|p1a: Grafaiai|Gunk Shot|p2a: Terapagos\n|-damage|p2a: Terapagos|0 fnt\n|faint|p2a: Terapagos\n|\n|upkeep\n|\n|t:|1782866965\n|switch|p2a: Zamazenta|Zamazenta-Crowned, L68|96/238\n|turn|17\n|\n|t:|1782866967\n|switch|p1a: Milotic|Milotic, L83, M|293/293\n|move|p2a: Zamazenta|Body Press|p1a: Milotic\n|-damage|p1a: Milotic|205/293\n|\n|-heal|p1a: Milotic|223/293|[from] item: Leftovers\n|upkeep\n|turn|18\n|\n|t:|1782866977\n|move|p2a: Zamazenta|Stone Edge|p1a: Milotic\n|-damage|p1a: Milotic|160/293\n|move|p1a: Milotic|Scald|p2a: Zamazenta\n|-damage|p2a: Zamazenta|20/238\n|\n|-heal|p1a: Milotic|178/293|[from] item: Leftovers\n|upkeep\n|turn|19\n|\n|t:|1782866980\n|move|p2a: Zamazenta|Body Press|p1a: Milotic\n|-crit|p1a: Milotic\n|-damage|p1a: Milotic|49/293\n|move|p1a: Milotic|Recover|p1a: Milotic\n|-heal|p1a: Milotic|196/293\n|\n|-heal|p1a: Milotic|214/293|[from] item: Leftovers\n|upkeep\n|turn|20\n|\n|t:|1782866983\n|move|p2a: Zamazenta|Body Press|p1a: Milotic\n|-damage|p1a: Milotic|136/293\n|move|p1a: Milotic|Recover|p1a: Milotic\n|-heal|p1a: Milotic|283/293\n|\n|-heal|p1a: Milotic|293/293|[from] item: Leftovers\n|upkeep\n|turn|21\n|\n|t:|1782866986\n|move|p2a: Zamazenta|Body Press|p1a: Milotic\n|-damage|p1a: Milotic|202/293\n|move|p1a: Milotic|Scald|p2a: Zamazenta\n|-damage|p2a: Zamazenta|0 fnt\n|faint|p2a: Zamazenta\n|\n|-heal|p1a: Milotic|220/293|[from] item: Leftovers\n|upkeep\n|\n|t:|1782866989\n|switch|p2a: Ludicolo|Ludicolo, L90, F|261/290\n|turn|22\n|\n|t:|1782866991\n|switch|p1a: Venomoth|Venomoth, L84, M|255/255\n|move|p2a: Ludicolo|Giga Drain|p1a: Venomoth\n|-resisted|p1a: Venomoth\n|-damage|p1a: Venomoth|223/255\n|-heal|p2a: Ludicolo|277/290|[from] drain|[of] p1a: Venomoth\n|-damage|p2a: Ludicolo|248/290|[from] item: Life Orb\n|\n|upkeep\n|turn|23\n|\n|t:|1782866999\n|switch|p2a: Thundurus|Thundurus, L80, M|258/258\n|move|p1a: Venomoth|Quiver Dance|p1a: Venomoth\n|-boost|p1a: Venomoth|spa|1\n|-boost|p1a: Venomoth|spd|1\n|-boost|p1a: Venomoth|spe|1\n|\n|upkeep\n|turn|24\n|\n|t:|1782867011\n|move|p1a: Venomoth|Sludge Wave|p2a: Thundurus\n|-damage|p2a: Thundurus|86/258\n|-status|p2a: Thundurus|psn\n|move|p2a: Thundurus|Thunderbolt|p1a: Venomoth\n|-damage|p1a: Venomoth|145/255\n|-status|p1a: Venomoth|par\n|\n|-damage|p2a: Thundurus|54/258 psn|[from] psn\n|upkeep\n|turn|25\n|-message|Nurzua forfeited.\n|\n|win|testbotcif\n|raw|testbotcif's rating: 1206 &rarr; <strong>1227</strong><br />(+21 for winning)\n|raw|Nurzua's rating: 1157 &rarr; <strong>1136</strong><br />(-21 for losing)\n", "inputlog": ">version f8ac14003a5f27e1bdc8d8c59608a773c1cb96e5\n>start {\"formatid\":\"gen9randombattle\",\"seed\":\"sodium,585259d54ee21020345a017dcffa7eeb\",\"rated\":\"Rated battle\"}\n>player p1 {\"name\":\"testbotcif\",\"avatar\":\"1\",\"rating\":1206,\"seed\":\"sodium,d53275e29c12a7a38a7e8adb057a011c\"}\n>player p2 {\"name\":\"Nurzua\",\"avatar\":\"265\",\"rating\":1157,\"seed\":\"sodium,b799459c254c455eb794ae9c252f48f3\"}\n>chat \u2606testbotcif|rlhf\n>p1 move swordsdance terastallize\n>p2 move powerwhip\n>p1 move heatcrash\n>p2 move swordsdance terastallize\n>p2 switch 2\n>p1 move heatcrash\n>p2 move hydropump\n>p2 switch 3\n>p1 move heatcrash\n>p2 move hydropump\n>p1 switch 2\n>p1 move gunkshot\n>p2 switch 4\n>p1 switch 4\n>p2 move irondefense\n>p1 move nastyplot\n>p2 move stoneedge\n>p1 move shadowball\n>p2 move heavyslam\n>p1 move shadowball\n>p2 switch 5\n>p1 move focusblast\n>p2 move darkpulse\n>p1 move focusblast\n>p2 move darkpulse\n>p1 move focusblast\n>p2 move darkpulse\n>p1 switch 4\n>p1 move gunkshot\n>p2 move calmmind\n>p1 move gunkshot\n>p2 move calmmind\n>p1 move gunkshot\n>p2 move terastarstorm\n>p1 move gunkshot\n>p2 move rest\n>p2 switch 5\n>p1 switch 3\n>p2 move bodypress\n>p1 move scald\n>p2 move stoneedge\n>p1 move recover\n>p2 move bodypress\n>p1 move recover\n>p2 move bodypress\n>p1 move scald\n>p2 move bodypress\n>p2 switch 4\n>p1 switch 6\n>p2 move gigadrain\n>p1 move quiverdance\n>p2 switch 6\n>p1 move sludgewave\n>p2 move thunderbolt\n>forcelose p2", "uploadtime": 1782867018, "views": 7, "formatid": "gen9randombattle", "rating": 1136, "private": 0, "password": null, "player_dets": [{"name": "testbotcif", "avatar": "1", "rating": 1206, "seed": "sodium,d53275e29c12a7a38a7e8adb057a011c"}, {"name": "Nurzua", "avatar": "265", "rating": 1157, "seed": "sodium,b799459c254c455eb794ae9c252f48f3"}], "teams_full": [{"Groudon": {"name": "Groudon", "species": "Groudon", "speciesId": "groudon", "gender": "N", "shiny": false, "level": 72, "moves": ["heatcrash", "stoneedge", "precipiceblades", "swordsdance"], "ability": "Drought", "evs": {"hp": 85, "atk": 85, "def": 85, "spa": 85, "spd": 85, "spe": 85}, "ivs": {"hp": 31, "atk": 31, "def": 31, "spa": 31, "spd": 31, "spe": 31}, "item": "Leftovers", "teraType": "Fire", "role": "Bulky Setup", "bvs": {"hp": 100, "atk": 150, "def": 140, "spa": 100, "spd": 90, "spe": 90}, "stats": {"hp": 263, "atk": 258, "def": 244, "spa": 186, "spd": 172, "spe": 172}, "types": ["Ground"]}, "Grafaiai": {"name": "Grafaiai", "species": "Grafaiai", "speciesId": "grafaiai", "gender": "F", "shiny": false, "level": 86, "moves": ["superfang", "uturn", "gunkshot", "knockoff"], "ability": "Poison Touch", "evs": {"hp": 85, "atk": 85, "def": 85, "spa": 85, "spd": 85, "spe": 85}, "ivs": {"hp": 31, "atk": 31, "def": 31, "spa": 31, "spd": 31, "spe": 31}, "item": "Assault Vest", "teraType": "Dark", "role": "AV Pivot", "bvs": {"hp": 63, "atk": 95, "def": 65, "spa": 80, "spd": 72, "spe": 110}, "stats": {"hp": 249, "atk": 213, "def": 161, "spa": 187, "spd": 173, "spe": 238}, "types": ["Poison", "Normal"]}, "Milotic": {"name": "Milotic", "species": "Milotic", "speciesId": "milotic", "gender": "M", "shiny": false, "level": 83, "moves": ["icebeam", "dragontail", "recover", "scald"], "ability": "Competitive", "evs": {"hp": 85, "atk": 85, "def": 85, "spa": 85, "spd": 85, "spe": 85}, "ivs": {"hp": 31, "atk": 31, "def": 31, "spa": 31, "spd": 31, "spe": 31}, "item": "Leftovers", "teraType": "Dragon", "role": "Bulky Attacker", "bvs": {"hp": 95, "atk": 60, "def": 79, "spa": 100, "spd": 125, "spe": 81}, "stats": {"hp": 293, "atk": 147, "def": 179, "spa": 214, "spd": 255, "spe": 182}, "types": ["Water"]}, "Gholdengo": {"name": "Gholdengo", "species": "Gholdengo", "speciesId": "gholdengo", "gender": "N", "shiny": false, "level": 77, "moves": ["nastyplot", "makeitrain", "shadowball", "focusblast"], "ability": "Good as Gold", "evs": {"hp": 85, "atk": 0, "def": 85, "spa": 85, "spd": 85, "spe": 85}, "ivs": {"hp": 31, "atk": 0, "def": 31, "spa": 31, "spd": 31, "spe": 31}, "item": "Leftovers", "teraType": "Ghost", "role": "Bulky Attacker", "bvs": {"hp": 87, "atk": 60, "def": 95, "spa": 133, "spd": 91, "spe": 84}, "stats": {"hp": 261, "atk": 97, "def": 191, "spa": 249, "spd": 185, "spe": 174}, "types": ["Steel", "Ghost"]}, "Smeargle": {"name": "Smeargle", "species": "Smeargle", "speciesId": "smeargle", "gender": "M", "shiny": false, "level": 95, "moves": ["stickyweb", "spore", "ceaselessedge", "stealthrock"], "ability": "Own Tempo", "evs": {"hp": 85, "atk": 85, "def": 85, "spa": 85, "spd": 85, "spe": 85}, "ivs": {"hp": 31, "atk": 31, "def": 31, "spa": 31, "spd": 31, "spe": 31}, "item": "Focus Sash", "teraType": "Ghost", "role": "Fast Support", "bvs": {"hp": 55, "atk": 20, "def": 35, "spa": 20, "spd": 45, "spe": 75}, "stats": {"hp": 258, "atk": 92, "def": 120, "spa": 92, "spd": 139, "spe": 196}, "types": ["Normal"]}, "Venomoth": {"name": "Venomoth", "species": "Venomoth", "speciesId": "venomoth", "gender": "M", "shiny": false, "level": 84, "moves": ["sleeppowder", "bugbuzz", "sludgewave", "quiverdance"], "ability": "Tinted Lens", "evs": {"hp": 85, "atk": 0, "def": 85, "spa": 85, "spd": 85, "spe": 85}, "ivs": {"hp": 31, "atk": 0, "def": 31, "spa": 31, "spd": 31, "spe": 31}, "item": "Heavy-Duty Boots", "teraType": "Poison", "role": "Setup Sweeper", "bvs": {"hp": 70, "atk": 65, "def": 60, "spa": 90, "spd": 75, "spe": 90}, "stats": {"hp": 255, "atk": 114, "def": 149, "spa": 199, "spd": 174, "spe": 199}, "types": ["Bug", "Poison"]}}, {"Victreebel": {"name": "Victreebel", "species": "Victreebel", "speciesId": "victreebel", "gender": "M", "shiny": false, "level": 90, "moves": ["powerwhip", "swordsdance", "suckerpunch", "poisonjab"], "ability": "Chlorophyll", "evs": {"hp": 85, "atk": 85, "def": 85, "spa": 85, "spd": 85, "spe": 85}, "ivs": {"hp": 31, "atk": 31, "def": 31, "spa": 31, "spd": 31, "spe": 31}, "item": "Life Orb", "teraType": "Dark", "role": "Setup Sweeper", "bvs": {"hp": 80, "atk": 105, "def": 65, "spa": 100, "spd": 70, "spe": 70}, "stats": {"hp": 290, "atk": 240, "def": 168, "spa": 231, "spd": 177, "spe": 177}, "types": ["Grass", "Poison"]}, "Greninja": {"name": "Greninja", "species": "Greninja", "speciesId": "greninja", "gender": "M", "shiny": false, "level": 80, "moves": ["hydropump", "grassknot", "spikes", "gunkshot"], "ability": "Protean", "evs": {"hp": 85, "atk": 85, "def": 85, "spa": 85, "spd": 85, "spe": 85}, "ivs": {"hp": 31, "atk": 31, "def": 31, "spa": 31, "spd": 31, "spe": 31}, "item": "Life Orb", "teraType": "Poison", "role": "Wallbreaker", "bvs": {"hp": 72, "atk": 95, "def": 67, "spa": 103, "spd": 71, "spe": 122}, "stats": {"hp": 246, "atk": 198, "def": 153, "spa": 211, "spd": 160, "spe": 241}, "types": ["Water", "Dark"]}, "Ludicolo": {"name": "Ludicolo", "species": "Ludicolo", "speciesId": "ludicolo", "gender": "F", "shiny": false, "level": 90, "moves": ["gigadrain", "hydropump", "raindance", "icebeam"], "ability": "Swift Swim", "evs": {"hp": 85, "atk": 0, "def": 85, "spa": 85, "spd": 85, "spe": 85}, "ivs": {"hp": 31, "atk": 0, "def": 31, "spa": 31, "spd": 31, "spe": 31}, "item": "Life Orb", "teraType": "Steel", "role": "Setup Sweeper", "bvs": {"hp": 80, "atk": 70, "def": 70, "spa": 90, "spd": 100, "spe": 70}, "stats": {"hp": 290, "atk": 131, "def": 177, "spa": 213, "spd": 231, "spe": 177}, "types": ["Water", "Grass"]}, "Zamazenta": {"name": "Zamazenta", "species": "Zamazenta", "speciesId": "zamazentacrowned", "gender": "N", "shiny": false, "level": 68, "moves": ["bodypress", "stoneedge", "heavyslam", "irondefense"], "ability": "Dauntless Shield", "evs": {"hp": 85, "atk": 85, "def": 85, "spa": 85, "spd": 85, "spe": 85}, "ivs": {"hp": 31, "atk": 31, "def": 31, "spa": 31, "spd": 31, "spe": 31}, "item": "Rusted Shield", "teraType": "Fighting", "role": "Bulky Setup", "bvs": {"hp": 92, "atk": 120, "def": 140, "spa": 80, "spd": 140, "spe": 128}, "stats": {"hp": 238, "atk": 203, "def": 230, "spa": 149, "spd": 230, "spe": 214}, "types": ["Fighting", "Steel"]}, "Terapagos": {"name": "Terapagos", "species": "Terapagos", "speciesId": "terapagos", "gender": "F", "shiny": false, "level": 77, "moves": ["terastarstorm", "darkpulse", "calmmind", "rest"], "ability": "Tera Shift", "evs": {"hp": 85, "atk": 0, "def": 85, "spa": 85, "spd": 85, "spe": 85}, "ivs": {"hp": 31, "atk": 0, "def": 31, "spa": 31, "spd": 31, "spe": 31}, "item": "Chesto Berry", "teraType": "Stellar", "role": "Setup Sweeper", "bvs": {"hp": 90, "atk": 65, "def": 85, "spa": 65, "spd": 85, "spe": 60}, "stats": {"hp": 265, "atk": 105, "def": 175, "spa": 145, "spd": 175, "spe": 137}, "types": ["Normal"]}, "Thundurus": {"name": "Thundurus", "species": "Thundurus", "speciesId": "thundurus", "gender": "M", "shiny": false, "level": 80, "moves": ["focusblast", "knockoff", "thunderbolt", "grassknot"], "ability": "Defiant", "evs": {"hp": 85, "atk": 85, "def": 85, "spa": 85, "spd": 85, "spe": 85}, "ivs": {"hp": 31, "atk": 31, "def": 31, "spa": 31, "spd": 31, "spe": 31}, "item": "Heavy-Duty Boots", "teraType": "Grass", "role": "Fast Attacker", "bvs": {"hp": 79, "atk": 115, "def": 70, "spa": 125, "spd": 80, "spe": 111}, "stats": {"hp": 258, "atk": 230, "def": 158, "spa": 246, "spd": 174, "spe": 224}, "types": ["Electric", "Flying"]}}]}