{"id": "gen9randombattle-2642074825", "format": "[Gen 9] Random Battle", "players": ["Priyonto", "kareemisapeek"], "log": "|j|\u2606Priyonto\n|j|\u2606kareemisapeek\n|t:|1782884410\n|gametype|singles\n|player|p1|Priyonto|nate|1937\n|player|p2|kareemisapeek|benga|1936\n|gen|9\n|tier|[Gen 9] Random Battle\n|rated|\n|rule|Species Clause: Limit one of each Pok\u00e9mon\n|rule|HP Percentage Mod: HP is shown in percentages\n|rule|Sleep Clause Mod: Limit one foe put to sleep\n|rule|Illusion Level Mod: Illusion disguises the Pok\u00e9mon's true level\n|\n|t:|1782884410\n|teamsize|p1|6\n|teamsize|p2|6\n|start\n|switch|p1a: Darkrai|Darkrai, L77|234/234\n|switch|p2a: Gholdengo|Gholdengo, L77|261/261\n|turn|1\n|inactive|Battle timer is ON: inactive players will automatically lose when time's up. (requested by kareemisapeek)\n|\n|t:|1782884419\n|move|p1a: Darkrai|Nasty Plot|p1a: Darkrai\n|-boost|p1a: Darkrai|spa|2\n|move|p2a: Gholdengo|Recover||[still]\n|-fail|p2a: Gholdengo|heal\n|\n|upkeep\n|turn|2\n|\n|t:|1782884425\n|-terastallize|p2a: Gholdengo|Water\n|move|p1a: Darkrai|Substitute|p1a: Darkrai\n|-start|p1a: Darkrai|Substitute\n|-damage|p1a: Darkrai|176/234\n|move|p2a: Gholdengo|Thunder Wave|p1a: Darkrai|[miss]\n|-miss|p2a: Gholdengo|p1a: Darkrai\n|\n|-heal|p1a: Darkrai|190/234|[from] item: Leftovers\n|upkeep\n|turn|3\n|\n|t:|1782884435\n|move|p1a: Darkrai|Dark Pulse|p2a: Gholdengo\n|-damage|p2a: Gholdengo|50/261\n|cant|p2a: Gholdengo|flinch\n|\n|-heal|p1a: Darkrai|204/234|[from] item: Leftovers\n|-heal|p2a: Gholdengo|66/261|[from] item: Leftovers\n|upkeep\n|turn|4\n|\n|t:|1782884450\n|move|p1a: Darkrai|Dark Pulse|p2a: Gholdengo\n|-damage|p2a: Gholdengo|0 fnt\n|faint|p2a: Gholdengo\n|\n|-heal|p1a: Darkrai|218/234|[from] item: Leftovers\n|upkeep\n|\n|t:|1782884459\n|switch|p2a: Wo-Chien|Wo-Chien, L83|277/277\n|-ability|p2a: Wo-Chien|Tablets of Ruin\n|turn|5\n|\n|t:|1782884471\n|move|p1a: Darkrai|Sludge Bomb|p2a: Wo-Chien\n|-supereffective|p2a: Wo-Chien\n|-damage|p2a: Wo-Chien|73/277\n|-status|p2a: Wo-Chien|psn\n|move|p2a: Wo-Chien|Ruination|p1a: Darkrai\n|-end|p1a: Darkrai|Substitute\n|\n|-heal|p1a: Darkrai|232/234|[from] item: Leftovers\n|-heal|p2a: Wo-Chien|90/277 psn|[from] item: Leftovers\n|-damage|p2a: Wo-Chien|56/277 psn|[from] psn\n|upkeep\n|turn|6\n|\n|t:|1782884483\n|move|p1a: Darkrai|Substitute|p1a: Darkrai\n|-start|p1a: Darkrai|Substitute\n|-damage|p1a: Darkrai|174/234\n|move|p2a: Wo-Chien|Leech Seed||[still]\n|-fail|p2a: Wo-Chien\n|\n|-heal|p1a: Darkrai|188/234|[from] item: Leftovers\n|-heal|p2a: Wo-Chien|73/277 psn|[from] item: Leftovers\n|-damage|p2a: Wo-Chien|39/277 psn|[from] psn\n|upkeep\n|turn|7\n|\n|t:|1782884491\n|move|p2a: Wo-Chien|Protect|p2a: Wo-Chien\n|-singleturn|p2a: Wo-Chien|Protect\n|move|p1a: Darkrai|Sludge Bomb|p2a: Wo-Chien\n|-activate|p2a: Wo-Chien|move: Protect\n|\n|-heal|p1a: Darkrai|202/234|[from] item: Leftovers\n|-heal|p2a: Wo-Chien|56/277 psn|[from] item: Leftovers\n|-damage|p2a: Wo-Chien|22/277 psn|[from] psn\n|upkeep\n|turn|8\n|-message|kareemisapeek forfeited.\n|\n|win|Priyonto\n|raw|Priyonto's rating: 1937 &rarr; <strong>1957</strong><br />(+20 for winning)\n|raw|kareemisapeek's rating: 1936 &rarr; <strong>1916</strong><br />(-20 for losing)\n", "inputlog": ">version f8ac14003a5f27e1bdc8d8c59608a773c1cb96e5\n>start {\"formatid\":\"gen9randombattle\",\"seed\":\"sodium,f478f1559668ae4d2b8644410622f802\",\"rated\":\"Rated battle\"}\n>player p1 {\"name\":\"Priyonto\",\"avatar\":\"nate\",\"rating\":1937,\"seed\":\"sodium,24be02e2610f0ffa02627c3e3c4cb1c7\"}\n>player p2 {\"name\":\"kareemisapeek\",\"avatar\":\"benga\",\"rating\":1936,\"seed\":\"sodium,281dfa520495f65ce174739a4501d1c2\"}\n>p1 move nastyplot\n>p2 move recover\n>p1 move substitute\n>p2 move thunderwave terastallize\n>p1 move darkpulse\n>p2 move makeitrain\n>p1 move darkpulse\n>p2 move shadowball\n>p2 switch 4\n>p1 move sludgebomb\n>p2 move ruination\n>p1 move substitute\n>p2 move leechseed\n>p1 move sludgebomb\n>p2 move protect\n>forcelose p2", "uploadtime": 1782884495, "views": 2, "formatid": "gen9randombattle", "rating": 1916, "private": 0, "password": null, "player_dets": [{"name": "Priyonto", "avatar": "nate", "rating": 1937, "seed": "sodium,24be02e2610f0ffa02627c3e3c4cb1c7"}, {"name": "kareemisapeek", "avatar": "benga", "rating": 1936, "seed": "sodium,281dfa520495f65ce174739a4501d1c2"}], "teams_full": [{"Darkrai": {"name": "Darkrai", "species": "Darkrai", "speciesId": "darkrai", "gender": "N", "shiny": false, "level": 77, "moves": ["darkpulse", "sludgebomb", "nastyplot", "substitute"], "ability": "Bad Dreams", "evs": {"hp": 85, "atk": 0, "def": 85, "spa": 85, "spd": 85, "spe": 85}, "ivs": {"hp": 31, "atk": 0, "def": 31, "spa": 31, "spd": 31, "spe": 31}, "item": "Leftovers", "teraType": "Poison", "role": "Setup Sweeper", "bvs": {"hp": 70, "atk": 90, "def": 90, "spa": 135, "spd": 90, "spe": 125}, "stats": {"hp": 234, "atk": 143, "def": 183, "spa": 252, "spd": 183, "spe": 237}, "types": ["Dark"]}, "Dondozo": {"name": "Dondozo", "species": "Dondozo", "speciesId": "dondozo", "gender": "F", "shiny": false, "level": 78, "moves": ["sleeptalk", "rest", "wavecrash", "curse"], "ability": "Unaware", "evs": {"hp": 85, "atk": 85, "def": 85, "spa": 85, "spd": 85, "spe": 85}, "ivs": {"hp": 31, "atk": 31, "def": 31, "spa": 31, "spd": 31, "spe": 31}, "item": "Leftovers", "teraType": "Dragon", "role": "Bulky Setup", "bvs": {"hp": 150, "atk": 100, "def": 115, "spa": 65, "spd": 65, "spe": 35}, "stats": {"hp": 362, "atk": 201, "def": 224, "spa": 146, "spd": 146, "spe": 100}, "types": ["Water"]}, "Houndstone": {"name": "Houndstone", "species": "Houndstone", "speciesId": "houndstone", "gender": "F", "shiny": false, "level": 86, "moves": ["poltergeist", "rest", "sleeptalk", "bodypress"], "ability": "Fluffy", "evs": {"hp": 85, "atk": 85, "def": 85, "spa": 85, "spd": 85, "spe": 85}, "ivs": {"hp": 31, "atk": 31, "def": 31, "spa": 31, "spd": 31, "spe": 31}, "item": "Leftovers", "teraType": "Fighting", "role": "Bulky Support", "bvs": {"hp": 72, "atk": 101, "def": 100, "spa": 50, "spd": 97, "spe": 68}, "stats": {"hp": 264, "atk": 223, "def": 221, "spa": 135, "spd": 216, "spe": 166}, "types": ["Ghost"]}, "Banette": {"name": "Banette", "species": "Banette", "speciesId": "banette", "gender": "M", "shiny": false, "level": 93, "moves": ["gunkshot", "shadowsneak", "poltergeist", "thunderwave"], "ability": "Cursed Body", "evs": {"hp": 85, "atk": 85, "def": 85, "spa": 85, "spd": 85, "spe": 85}, "ivs": {"hp": 31, "atk": 31, "def": 31, "spa": 31, "spd": 31, "spe": 31}, "item": "Life Orb", "teraType": "Poison", "role": "Wallbreaker", "bvs": {"hp": 64, "atk": 115, "def": 65, "spa": 83, "spd": 63, "spe": 65}, "stats": {"hp": 270, "atk": 267, "def": 174, "spa": 207, "spd": 170, "spe": 174}, "types": ["Ghost"]}, "Porygon2": {"name": "Porygon2", "species": "Porygon2", "speciesId": "porygon2", "gender": "N", "shiny": false, "level": 81, "moves": ["recover", "triattack", "icebeam", "discharge"], "ability": "Download", "evs": {"hp": 85, "atk": 0, "def": 85, "spa": 85, "spd": 85, "spe": 85}, "ivs": {"hp": 31, "atk": 0, "def": 31, "spa": 31, "spd": 31, "spe": 31}, "item": "Eviolite", "teraType": "Poison", "role": "Bulky Support", "bvs": {"hp": 85, "atk": 80, "def": 90, "spa": 105, "spd": 95, "spe": 60}, "stats": {"hp": 270, "atk": 134, "def": 192, "spa": 217, "spd": 201, "spe": 144}, "types": ["Normal"]}, "Azelf": {"name": "Azelf", "species": "Azelf", "speciesId": "azelf", "gender": "N", "shiny": false, "level": 82, "moves": ["psychic", "stealthrock", "encore", "fireblast"], "ability": "Levitate", "evs": {"hp": 85, "atk": 0, "def": 85, "spa": 85, "spd": 85, "spe": 85}, "ivs": {"hp": 31, "atk": 0, "def": 31, "spa": 31, "spd": 31, "spe": 31}, "item": "Leftovers", "teraType": "Fire", "role": "Fast Support", "bvs": {"hp": 75, "atk": 125, "def": 70, "spa": 125, "spd": 70, "spe": 115}, "stats": {"hp": 257, "atk": 210, "def": 162, "spa": 252, "spd": 162, "spe": 236}, "types": ["Psychic"]}}, {"Gholdengo": {"name": "Gholdengo", "species": "Gholdengo", "speciesId": "gholdengo", "gender": "N", "shiny": false, "level": 77, "moves": ["shadowball", "recover", "makeitrain", "thunderwave"], "ability": "Good as Gold", "evs": {"hp": 85, "atk": 0, "def": 85, "spa": 85, "spd": 85, "spe": 85}, "ivs": {"hp": 31, "atk": 0, "def": 31, "spa": 31, "spd": 31, "spe": 31}, "item": "Leftovers", "teraType": "Water", "role": "Bulky Support", "bvs": {"hp": 87, "atk": 60, "def": 95, "spa": 133, "spd": 91, "spe": 84}, "stats": {"hp": 261, "atk": 97, "def": 191, "spa": 249, "spd": 185, "spe": 174}, "types": ["Steel", "Ghost"]}, "Zoroark": {"name": "Zoroark", "species": "Zoroark-Hisui", "speciesId": "zoroarkhisui", "gender": "M", "shiny": false, "level": 80, "moves": ["willowisp", "poltergeist", "hypervoice", "focusblast"], "ability": "Illusion", "evs": {"hp": 85, "atk": 85, "def": 85, "spa": 85, "spd": 85, "spe": 85}, "ivs": {"hp": 31, "atk": 31, "def": 31, "spa": 31, "spd": 31, "spe": 31}, "item": "Life Orb", "teraType": "Fighting", "role": "Fast Attacker", "bvs": {"hp": 55, "atk": 100, "def": 60, "spa": 125, "spd": 60, "spe": 110}, "stats": {"hp": 219, "atk": 206, "def": 142, "spa": 246, "spd": 142, "spe": 222}, "types": ["Normal", "Ghost"]}, "Vespiquen": {"name": "Vespiquen", "species": "Vespiquen", "speciesId": "vespiquen", "gender": "F", "shiny": false, "level": 99, "moves": ["hurricane", "spikes", "roost", "toxic"], "ability": "Pressure", "evs": {"hp": 85, "atk": 0, "def": 85, "spa": 85, "spd": 85, "spe": 85}, "ivs": {"hp": 31, "atk": 0, "def": 31, "spa": 31, "spd": 31, "spe": 31}, "item": "Heavy-Duty Boots", "teraType": "Steel", "role": "Bulky Support", "bvs": {"hp": 70, "atk": 80, "def": 102, "spa": 80, "spd": 102, "spe": 40}, "stats": {"hp": 299, "atk": 163, "def": 258, "spa": 214, "spd": 258, "spe": 135}, "types": ["Bug", "Flying"]}, "Wo-Chien": {"name": "Wo-Chien", "species": "Wo-Chien", "speciesId": "wochien", "gender": "N", "shiny": false, "level": 83, "moves": ["protect", "leechseed", "knockoff", "ruination"], "ability": "Tablets of Ruin", "evs": {"hp": 85, "atk": 85, "def": 85, "spa": 85, "spd": 85, "spe": 85}, "ivs": {"hp": 31, "atk": 31, "def": 31, "spa": 31, "spd": 31, "spe": 31}, "item": "Leftovers", "teraType": "Poison", "role": "Bulky Support", "bvs": {"hp": 85, "atk": 85, "def": 100, "spa": 95, "spd": 135, "spe": 70}, "stats": {"hp": 277, "atk": 189, "def": 214, "spa": 205, "spd": 272, "spe": 164}, "types": ["Dark", "Grass"]}, "Tatsugiri": {"name": "Tatsugiri", "species": "Tatsugiri", "speciesId": "tatsugiri", "gender": "F", "shiny": false, "level": 87, "moves": ["surf", "nastyplot", "dracometeor", "rapidspin"], "ability": "Storm Drain", "evs": {"hp": 85, "atk": 85, "def": 85, "spa": 85, "spd": 85, "spe": 85}, "ivs": {"hp": 31, "atk": 31, "def": 31, "spa": 31, "spd": 31, "spe": 31}, "item": "Heavy-Duty Boots", "teraType": "Steel", "role": "Fast Support", "bvs": {"hp": 68, "atk": 50, "def": 60, "spa": 120, "spd": 95, "spe": 82}, "stats": {"hp": 260, "atk": 137, "def": 154, "spa": 259, "spd": 215, "spe": 192}, "types": ["Dragon", "Water"]}, "Munkidori": {"name": "Munkidori", "species": "Munkidori", "speciesId": "munkidori", "gender": "M", "shiny": false, "level": 79, "moves": ["uturn", "sludgewave", "psyshock", "focusblast"], "ability": "Toxic Chain", "evs": {"hp": 85, "atk": 85, "def": 85, "spa": 85, "spd": 85, "spe": 85}, "ivs": {"hp": 31, "atk": 31, "def": 31, "spa": 31, "spd": 31, "spe": 31}, "item": "Choice Specs", "teraType": "Fighting", "role": "Fast Attacker", "bvs": {"hp": 88, "atk": 75, "def": 66, "spa": 130, "spd": 90, "spe": 106}, "stats": {"hp": 269, "atk": 164, "def": 150, "spa": 251, "spd": 188, "spe": 213}, "types": ["Poison", "Psychic"]}}]}