{"id": "gen9randombattle-2642016926", "format": "[Gen 9] Random Battle", "players": ["Obaidelphox", "Sleepage"], "log": "|j|\u2606Obaidelphox\n|j|\u2606Sleepage\n|t:|1782873860\n|gametype|singles\n|player|p1|Obaidelphox|2|1992\n|player|p2|Sleepage|265|2046\n|gen|9\n|tier|[Gen 9] Random Battle\n|rated|\n|rule|Species Clause: Limit one of each Pok\u00e9mon\n|rule|HP Percentage Mod: HP is shown in percentages\n|rule|Sleep Clause Mod: Limit one foe put to sleep\n|rule|Illusion Level Mod: Illusion disguises the Pok\u00e9mon's true level\n|\n|t:|1782873860\n|teamsize|p1|6\n|teamsize|p2|6\n|start\n|switch|p1a: Regieleki|Regieleki, L79|256/256\n|switch|p2a: Iron Crown|Iron Crown, L78|268/268\n|turn|1\n|inactive|Battle timer is ON: inactive players will automatically lose when time's up. (requested by Sleepage)\n|\n|t:|1782873876\n|-end|p2a: Iron Crown|Quark Drive|[silent]\n|switch|p2a: Snorlax|Snorlax, L82, F|397/397\n|move|p1a: Regieleki|Volt Switch|p2a: Snorlax\n|-damage|p2a: Snorlax|310/397\n|\n|t:|1782873891\n|switch|p1a: Lurantis|Lurantis, L87, F|264/264|[from] Volt Switch\n|\n|-heal|p2a: Snorlax|334/397|[from] item: Leftovers\n|upkeep\n|turn|2\n|\n|t:|1782873899\n|switch|p2a: Slowking|Slowking-Galar, L85, M|300/300\n|move|p1a: Lurantis|Superpower|p2a: Slowking\n|-resisted|p2a: Slowking\n|-damage|p2a: Slowking|276/300\n|-boost|p1a: Lurantis|atk|1\n|-boost|p1a: Lurantis|def|1\n|\n|upkeep\n|turn|3\n|\n|t:|1782873913\n|move|p1a: Lurantis|Knock Off|p2a: Slowking\n|-supereffective|p2a: Slowking\n|-damage|p2a: Slowking|24/300\n|-enditem|p2a: Slowking|Assault Vest|[from] move: Knock Off|[of] p1a: Lurantis\n|move|p2a: Slowking|Sludge Bomb|p1a: Lurantis\n|-supereffective|p1a: Lurantis\n|-damage|p1a: Lurantis|54/264\n|-status|p1a: Lurantis|psn\n|\n|-heal|p1a: Lurantis|70/264 psn|[from] item: Leftovers\n|-damage|p1a: Lurantis|37/264 psn|[from] psn\n|upkeep\n|turn|4\n|\n|t:|1782873923\n|switch|p2a: Iron Crown|Iron Crown, L78|268/268\n|move|p1a: Lurantis|Superpower|p2a: Iron Crown\n|-damage|p2a: Iron Crown|121/268\n|-boost|p1a: Lurantis|atk|1\n|-boost|p1a: Lurantis|def|1\n|\n|-heal|p2a: Iron Crown|137/268|[from] item: Leftovers\n|-heal|p1a: Lurantis|53/264 psn|[from] item: Leftovers\n|-damage|p1a: Lurantis|20/264 psn|[from] psn\n|upkeep\n|turn|5\n|\n|t:|1782873947\n|move|p2a: Iron Crown|Tachyon Cutter|p1a: Lurantis\n|-damage|p1a: Lurantis|0 fnt\n|faint|p1a: Lurantis\n|-hitcount|p1: Lurantis|1\n|\n|-heal|p2a: Iron Crown|153/268|[from] item: Leftovers\n|upkeep\n|\n|t:|1782873958\n|switch|p1a: Regieleki|Regieleki, L79|256/256\n|turn|6\n|\n|t:|1782873960\n|-end|p2a: Iron Crown|Quark Drive|[silent]\n|switch|p2a: Snorlax|Snorlax, L82, F|334/397\n|move|p1a: Regieleki|Thunderbolt|p2a: Snorlax\n|-damage|p2a: Snorlax|225/397\n|\n|-heal|p2a: Snorlax|249/397|[from] item: Leftovers\n|upkeep\n|turn|7\n|\n|t:|1782873963\n|move|p1a: Regieleki|Volt Switch|p2a: Snorlax\n|-damage|p2a: Snorlax|156/397\n|\n|t:|1782873971\n|switch|p1a: Grumpig|Grumpig, L92, M|297/297|[from] Volt Switch\n|move|p2a: Snorlax|Body Slam|p1a: Grumpig\n|-damage|p1a: Grumpig|186/297\n|\n|-heal|p2a: Snorlax|180/397|[from] item: Leftovers\n|upkeep\n|turn|8\n|\n|t:|1782873980\n|move|p1a: Grumpig|Earth Power|p2a: Snorlax\n|-damage|p2a: Snorlax|81/397\n|move|p2a: Snorlax|Body Slam|p1a: Grumpig\n|-damage|p1a: Grumpig|77/297\n|-status|p1a: Grumpig|par\n|\n|-heal|p2a: Snorlax|105/397|[from] item: Leftovers\n|upkeep\n|turn|9\n|\n|t:|1782873985\n|cant|p1a: Grumpig|par\n|move|p2a: Snorlax|Rest|p2a: Snorlax\n|-status|p2a: Snorlax|slp|[from] move: Rest\n|-heal|p2a: Snorlax|397/397 slp|[silent]\n|\n|upkeep\n|turn|10\n|\n|t:|1782873992\n|switch|p1a: Bellossom|Bellossom, L84, M|263/263\n|cant|p2a: Snorlax|slp\n|move|p2a: Snorlax|Sleep Talk|p2a: Snorlax\n|move|p2a: Snorlax|Curse|p2a: Snorlax|[from] move: Sleep Talk\n|-unboost|p2a: Snorlax|spe|1\n|-boost|p2a: Snorlax|atk|1\n|-boost|p2a: Snorlax|def|1\n|\n|upkeep\n|turn|11\n|\n|t:|1782874009\n|move|p1a: Bellossom|Quiver Dance|p1a: Bellossom\n|-boost|p1a: Bellossom|spa|1\n|-boost|p1a: Bellossom|spd|1\n|-boost|p1a: Bellossom|spe|1\n|cant|p2a: Snorlax|slp\n|move|p2a: Snorlax|Sleep Talk|p2a: Snorlax\n|move|p2a: Snorlax|Curse|p2a: Snorlax|[from] move: Sleep Talk\n|-unboost|p2a: Snorlax|spe|1\n|-boost|p2a: Snorlax|atk|1\n|-boost|p2a: Snorlax|def|1\n|\n|upkeep\n|turn|12\n|\n|t:|1782874017\n|move|p1a: Bellossom|Quiver Dance|p1a: Bellossom\n|-boost|p1a: Bellossom|spa|1\n|-boost|p1a: Bellossom|spd|1\n|-boost|p1a: Bellossom|spe|1\n|-curestatus|p2a: Snorlax|slp|[msg]\n|move|p2a: Snorlax|Body Slam|p1a: Bellossom\n|-damage|p1a: Bellossom|80/263\n|\n|-heal|p1a: Bellossom|96/263|[from] item: Leftovers\n|upkeep\n|turn|13\n|\n|t:|1782874023\n|move|p1a: Bellossom|Strength Sap|p2a: Snorlax\n|-unboost|p2a: Snorlax|atk|1\n|-heal|p1a: Bellossom|263/263\n|move|p2a: Snorlax|Body Slam|p1a: Bellossom\n|-damage|p1a: Bellossom|124/263\n|\n|-heal|p1a: Bellossom|140/263|[from] item: Leftovers\n|upkeep\n|turn|14\n|\n|t:|1782874027\n|move|p1a: Bellossom|Giga Drain|p2a: Snorlax\n|-damage|p2a: Snorlax|265/397\n|-heal|p1a: Bellossom|206/263|[from] drain|[of] p2a: Snorlax\n|move|p2a: Snorlax|Body Slam|p1a: Bellossom\n|-damage|p1a: Bellossom|74/263\n|-status|p1a: Bellossom|par\n|\n|-heal|p1a: Bellossom|90/263 par|[from] item: Leftovers\n|-heal|p2a: Snorlax|289/397|[from] item: Leftovers\n|upkeep\n|turn|15\n|\n|t:|1782874032\n|move|p1a: Bellossom|Giga Drain|p2a: Snorlax\n|-damage|p2a: Snorlax|162/397\n|-heal|p1a: Bellossom|154/263 par|[from] drain|[of] p2a: Snorlax\n|move|p2a: Snorlax|Body Slam|p1a: Bellossom\n|-damage|p1a: Bellossom|12/263 par\n|\n|-heal|p1a: Bellossom|28/263 par|[from] item: Leftovers\n|-heal|p2a: Snorlax|186/397|[from] item: Leftovers\n|upkeep\n|turn|16\n|\n|t:|1782874047\n|cant|p1a: Bellossom|par\n|move|p2a: Snorlax|Body Slam|p1a: Bellossom\n|-damage|p1a: Bellossom|0 fnt\n|faint|p1a: Bellossom\n|\n|-heal|p2a: Snorlax|210/397|[from] item: Leftovers\n|upkeep\n|\n|t:|1782874055\n|switch|p1a: Regieleki|Regieleki, L79|256/256\n|turn|17\n|\n|t:|1782874057\n|move|p1a: Regieleki|Thunderbolt|p2a: Snorlax\n|-damage|p2a: Snorlax|87/397\n|move|p2a: Snorlax|Rest|p2a: Snorlax\n|-status|p2a: Snorlax|slp|[from] move: Rest\n|-heal|p2a: Snorlax|397/397 slp|[silent]\n|\n|upkeep\n|turn|18\n|inactive|Obaidelphox has 120 seconds left.\n|\n|t:|1782874088\n|move|p1a: Regieleki|Thunderbolt|p2a: Snorlax\n|-damage|p2a: Snorlax|285/397 slp\n|cant|p2a: Snorlax|slp\n|move|p2a: Snorlax|Sleep Talk|p2a: Snorlax\n|move|p2a: Snorlax|Rest||[from] move: Sleep Talk|[still]\n|-fail|p2a: Snorlax\n|\n|-heal|p2a: Snorlax|309/397 slp|[from] item: Leftovers\n|upkeep\n|turn|19\n|\n|t:|1782874093\n|switch|p1a: Grumpig|Grumpig, L92, M|77/297 par\n|cant|p2a: Snorlax|slp\n|move|p2a: Snorlax|Sleep Talk|p2a: Snorlax\n|move|p2a: Snorlax|Curse|p2a: Snorlax|[from] move: Sleep Talk\n|-unboost|p2a: Snorlax|spe|1\n|-boost|p2a: Snorlax|atk|1\n|-boost|p2a: Snorlax|def|1\n|\n|-heal|p2a: Snorlax|333/397 slp|[from] item: Leftovers\n|upkeep\n|turn|20\n|\n|t:|1782874096\n|move|p1a: Grumpig|Focus Blast|p2a: Snorlax\n|-supereffective|p2a: Snorlax\n|-damage|p2a: Snorlax|107/397 slp\n|-curestatus|p2a: Snorlax|slp|[msg]\n|move|p2a: Snorlax|Body Slam|p1a: Grumpig\n|-damage|p1a: Grumpig|0 fnt\n|faint|p1a: Grumpig\n|\n|-heal|p2a: Snorlax|131/397|[from] item: Leftovers\n|upkeep\n|\n|t:|1782874108\n|switch|p1a: Regieleki|Regieleki, L79|256/256\n|turn|21\n|\n|t:|1782874110\n|move|p1a: Regieleki|Thunderbolt|p2a: Snorlax\n|-damage|p2a: Snorlax|19/397\n|move|p2a: Snorlax|Rest|p2a: Snorlax\n|-status|p2a: Snorlax|slp|[from] move: Rest\n|-heal|p2a: Snorlax|397/397 slp|[silent]\n|\n|upkeep\n|turn|22\n|\n|t:|1782874119\n|move|p1a: Regieleki|Thunderbolt|p2a: Snorlax\n|-damage|p2a: Snorlax|286/397 slp\n|cant|p2a: Snorlax|slp\n|move|p2a: Snorlax|Sleep Talk|p2a: Snorlax\n|move|p2a: Snorlax|Curse|p2a: Snorlax|[from] move: Sleep Talk\n|-unboost|p2a: Snorlax|spe|1\n|-boost|p2a: Snorlax|atk|1\n|-boost|p2a: Snorlax|def|1\n|\n|-heal|p2a: Snorlax|310/397 slp|[from] item: Leftovers\n|upkeep\n|turn|23\n|-message|Obaidelphox forfeited.\n|\n|win|Sleepage\n|raw|Obaidelphox's rating: 1968 &rarr; <strong>1952</strong><br />(-16 for losing)\n|raw|Sleepage's rating: 2046 &rarr; <strong>2062</strong><br />(+16 for winning)\n", "inputlog": ">version f8ac14003a5f27e1bdc8d8c59608a773c1cb96e5\n>start {\"formatid\":\"gen9randombattle\",\"seed\":\"sodium,59858f4dabf74a1fd04b570aacf44a55\",\"rated\":\"Rated battle\"}\n>player p1 {\"name\":\"Obaidelphox\",\"avatar\":\"2\",\"rating\":1992,\"seed\":\"sodium,ad94f58b084b38b7edf51acb41181f31\"}\n>player p2 {\"name\":\"Sleepage\",\"avatar\":\"265\",\"rating\":2046,\"seed\":\"sodium,bd8b08712e221d5067b54de8695cc09b\"}\n>p1 move voltswitch\n>p2 switch 4\n>p1 switch 6\n>p1 move superpower\n>p2 switch 5\n>p1 move knockoff\n>p2 move sludgebomb\n>p1 move superpower\n>p2 switch 4\n>p1 move knockoff\n>p2 move tachyoncutter\n>p1 switch 6\n>p1 move thunderbolt\n>p2 switch 5\n>p1 move voltswitch\n>p2 move bodyslam\n>p1 switch 4\n>p1 move earthpower\n>p2 move bodyslam\n>p1 move earthpower\n>p2 move rest\n>p1 switch 5\n>p2 move sleeptalk\n>p1 move quiverdance\n>p2 move sleeptalk\n>p1 move quiverdance\n>p2 move bodyslam\n>p1 move strengthsap\n>p2 move bodyslam\n>p1 move gigadrain\n>p2 move bodyslam\n>p1 move gigadrain\n>p2 move bodyslam\n>p1 move gigadrain\n>p2 move bodyslam\n>p1 switch 4\n>p1 move thunderbolt\n>p2 move rest\n>p1 move thunderbolt\n>p2 move sleeptalk\n>p1 switch 5\n>p2 move sleeptalk\n>p1 move focusblast\n>p2 move bodyslam\n>p1 switch 5\n>p1 move thunderbolt\n>p2 move rest\n>p1 move thunderbolt\n>p2 move sleeptalk\n>forcelose p1", "uploadtime": 1782874123, "views": 11, "formatid": "gen9randombattle", "rating": 1952, "private": 0, "password": null, "player_dets": [{"name": "Obaidelphox", "avatar": "2", "rating": 1992, "seed": "sodium,ad94f58b084b38b7edf51acb41181f31"}, {"name": "Sleepage", "avatar": "265", "rating": 2046, "seed": "sodium,bd8b08712e221d5067b54de8695cc09b"}], "teams_full": [{"Regieleki": {"name": "Regieleki", "species": "Regieleki", "speciesId": "regieleki", "gender": "N", "shiny": false, "level": 79, "moves": ["terablast", "thunderbolt", "rapidspin", "voltswitch"], "ability": "Transistor", "evs": {"hp": 85, "atk": 85, "def": 85, "spa": 85, "spd": 85, "spe": 85}, "ivs": {"hp": 31, "atk": 31, "def": 31, "spa": 31, "spd": 31, "spe": 31}, "item": "Magnet", "teraType": "Ice", "role": "Tera Blast user", "bvs": {"hp": 80, "atk": 100, "def": 50, "spa": 100, "spd": 50, "spe": 200}, "stats": {"hp": 256, "atk": 204, "def": 125, "spa": 204, "spd": 125, "spe": 362}, "types": ["Electric"]}, "Iron Bundle": {"name": "Iron Bundle", "species": "Iron Bundle", "speciesId": "ironbundle", "gender": "N", "shiny": false, "level": 78, "moves": ["freezedry", "encore", "hydropump", "icebeam"], "ability": "Quark Drive", "evs": {"hp": 85, "atk": 0, "def": 85, "spa": 85, "spd": 85, "spe": 85}, "ivs": {"hp": 31, "atk": 0, "def": 31, "spa": 31, "spd": 31, "spe": 31}, "item": "Heavy-Duty Boots", "teraType": "Water", "role": "Fast Attacker", "bvs": {"hp": 56, "atk": 80, "def": 114, "spa": 124, "spd": 60, "spe": 136}, "stats": {"hp": 215, "atk": 129, "def": 223, "spa": 239, "spd": 139, "spe": 257}, "types": ["Ice", "Water"]}, "Blissey": {"name": "Blissey", "species": "Blissey", "speciesId": "blissey", "gender": "F", "shiny": false, "level": 85, "moves": ["healbell", "seismictoss", "thunderwave", "softboiled"], "ability": "Natural Cure", "evs": {"hp": 85, "atk": 0, "def": 85, "spa": 85, "spd": 85, "spe": 85}, "ivs": {"hp": 31, "atk": 0, "def": 31, "spa": 31, "spd": 31, "spe": 31}, "item": "Leftovers", "teraType": "Fairy", "role": "Bulky Support", "bvs": {"hp": 255, "atk": 10, "def": 10, "spa": 75, "spd": 135, "spe": 55}, "stats": {"hp": 572, "atk": 22, "def": 66, "spa": 176, "spd": 278, "spe": 142}, "types": ["Normal"]}, "Grumpig": {"name": "Grumpig", "species": "Grumpig", "speciesId": "grumpig", "gender": "M", "shiny": false, "level": 92, "moves": ["shadowball", "psyshock", "focusblast", "earthpower"], "ability": "Thick Fat", "evs": {"hp": 85, "atk": 0, "def": 85, "spa": 85, "spd": 85, "spe": 85}, "ivs": {"hp": 31, "atk": 0, "def": 31, "spa": 31, "spd": 31, "spe": 31}, "item": "Choice Specs", "teraType": "Ground", "role": "Bulky Attacker", "bvs": {"hp": 80, "atk": 45, "def": 65, "spa": 90, "spd": 110, "spe": 80}, "stats": {"hp": 297, "atk": 87, "def": 172, "spa": 218, "spd": 255, "spe": 200}, "types": ["Psychic"]}, "Bellossom": {"name": "Bellossom", "species": "Bellossom", "speciesId": "bellossom", "gender": "M", "shiny": false, "level": 84, "moves": ["quiverdance", "moonblast", "gigadrain", "strengthsap"], "ability": "Chlorophyll", "evs": {"hp": 85, "atk": 0, "def": 85, "spa": 85, "spd": 85, "spe": 85}, "ivs": {"hp": 31, "atk": 0, "def": 31, "spa": 31, "spd": 31, "spe": 31}, "item": "Leftovers", "teraType": "Fairy", "role": "Bulky Setup", "bvs": {"hp": 75, "atk": 80, "def": 95, "spa": 90, "spd": 100, "spe": 50}, "stats": {"hp": 263, "atk": 139, "def": 208, "spa": 199, "spd": 216, "spe": 132}, "types": ["Grass"]}, "Lurantis": {"name": "Lurantis", "species": "Lurantis", "speciesId": "lurantis", "gender": "F", "shiny": false, "level": 87, "moves": ["synthesis", "superpower", "leafstorm", "knockoff"], "ability": "Contrary", "evs": {"hp": 85, "atk": 85, "def": 85, "spa": 85, "spd": 85, "spe": 85}, "ivs": {"hp": 31, "atk": 31, "def": 31, "spa": 31, "spd": 31, "spe": 31}, "item": "Leftovers", "teraType": "Fighting", "role": "Bulky Attacker", "bvs": {"hp": 70, "atk": 105, "def": 90, "spa": 80, "spd": 90, "spe": 45}, "stats": {"hp": 264, "atk": 232, "def": 206, "spa": 189, "spd": 206, "spe": 128}, "types": ["Grass"]}}, {"Iron Crown": {"name": "Iron Crown", "species": "Iron Crown", "speciesId": "ironcrown", "gender": "N", "shiny": false, "level": 78, "moves": ["focusblast", "psyshock", "tachyoncutter", "calmmind"], "ability": "Quark Drive", "evs": {"hp": 85, "atk": 0, "def": 85, "spa": 85, "spd": 85, "spe": 85}, "ivs": {"hp": 31, "atk": 0, "def": 31, "spa": 31, "spd": 31, "spe": 31}, "item": "Leftovers", "teraType": "Steel", "role": "Bulky Setup", "bvs": {"hp": 90, "atk": 72, "def": 100, "spa": 122, "spd": 108, "spe": 98}, "stats": {"hp": 268, "atk": 117, "def": 201, "spa": 235, "spd": 214, "spe": 198}, "types": ["Steel", "Psychic"]}, "Milotic": {"name": "Milotic", "species": "Milotic", "speciesId": "milotic", "gender": "F", "shiny": false, "level": 83, "moves": ["scald", "icebeam", "haze", "recover"], "ability": "Competitive", "evs": {"hp": 85, "atk": 0, "def": 85, "spa": 85, "spd": 85, "spe": 85}, "ivs": {"hp": 31, "atk": 0, "def": 31, "spa": 31, "spd": 31, "spe": 31}, "item": "Leftovers", "teraType": "Dragon", "role": "Bulky Attacker", "bvs": {"hp": 95, "atk": 60, "def": 79, "spa": 100, "spd": 125, "spe": 81}, "stats": {"hp": 293, "atk": 104, "def": 179, "spa": 214, "spd": 255, "spe": 182}, "types": ["Water"]}, "Overqwil": {"name": "Overqwil", "species": "Overqwil", "speciesId": "overqwil", "gender": "M", "shiny": false, "level": 82, "moves": ["liquidation", "swordsdance", "gunkshot", "crunch"], "ability": "Intimidate", "evs": {"hp": 85, "atk": 85, "def": 85, "spa": 85, "spd": 85, "spe": 85}, "ivs": {"hp": 31, "atk": 31, "def": 31, "spa": 31, "spd": 31, "spe": 31}, "item": "Life Orb", "teraType": "Water", "role": "Fast Attacker", "bvs": {"hp": 85, "atk": 115, "def": 95, "spa": 65, "spd": 65, "spe": 85}, "stats": {"hp": 274, "atk": 236, "def": 203, "spa": 154, "spd": 154, "spe": 187}, "types": ["Dark", "Poison"]}, "Snorlax": {"name": "Snorlax", "species": "Snorlax", "speciesId": "snorlax", "gender": "F", "shiny": false, "level": 82, "moves": ["bodyslam", "curse", "sleeptalk", "rest"], "ability": "Thick Fat", "evs": {"hp": 85, "atk": 85, "def": 85, "spa": 85, "spd": 85, "spe": 85}, "ivs": {"hp": 31, "atk": 31, "def": 31, "spa": 31, "spd": 31, "spe": 31}, "item": "Leftovers", "teraType": "Poison", "role": "Bulky Attacker", "bvs": {"hp": 160, "atk": 110, "def": 65, "spa": 65, "spd": 110, "spe": 30}, "stats": {"hp": 397, "atk": 228, "def": 154, "spa": 154, "spd": 228, "spe": 96}, "types": ["Normal"]}, "Slowking": {"name": "Slowking", "species": "Slowking-Galar", "speciesId": "slowkinggalar", "gender": "M", "shiny": false, "level": 85, "moves": ["psychicnoise", "sludgebomb", "surf", "fireblast"], "ability": "Regenerator", "evs": {"hp": 85, "atk": 0, "def": 85, "spa": 85, "spd": 85, "spe": 85}, "ivs": {"hp": 31, "atk": 0, "def": 31, "spa": 31, "spd": 31, "spe": 31}, "item": "Assault Vest", "teraType": "Fairy", "role": "AV Pivot", "bvs": {"hp": 95, "atk": 65, "def": 80, "spa": 110, "spd": 110, "spe": 30}, "stats": {"hp": 300, "atk": 115, "def": 185, "spa": 236, "spd": 236, "spe": 100}, "types": ["Poison", "Psychic"]}, "Dragapult": {"name": "Dragapult", "species": "Dragapult", "speciesId": "dragapult", "gender": "M", "shiny": false, "level": 77, "moves": ["dragondarts", "terablast", "fireblast", "dragondance"], "ability": "Clear Body", "evs": {"hp": 85, "atk": 85, "def": 85, "spa": 85, "spd": 85, "spe": 85}, "ivs": {"hp": 31, "atk": 31, "def": 31, "spa": 31, "spd": 31, "spe": 31}, "item": "Life Orb", "teraType": "Ghost", "role": "Tera Blast user", "bvs": {"hp": 88, "atk": 120, "def": 75, "spa": 100, "spd": 75, "spe": 142}, "stats": {"hp": 262, "atk": 229, "def": 160, "spa": 199, "spd": 160, "spe": 263}, "types": ["Dragon", "Ghost"]}}]}