{"id": "gen9randombattle-2641818011", "format": "[Gen 9] Random Battle", "players": ["Victory2000", "SigurdZZ"], "log": "|badge|p1|bronze|gen9randombattle|100-9\n|html|<div class=\"broadcast-red\"><strong>This battle is required to be public due to one or more player having a season medal.</strong><br />During the public phase, you can discuss the state of the ladder <a href=\"/seasondiscussion\">in a special chatroom.</a></div>\n|uhtml|medal-msg|<div class=\"broadcast-blue\">Curious what those medals under the avatar are? PS now has Ladder Seasons! For more information, check out the <a href=\"https://www.smogon.com/forums/threads/3740067/\">thread on Smogon.</a></div>\n|raw|<div class=\"broadcast-blue\"><strong>This battle is required to be public due to a player having a name starting with 'medal'.</div>\n|j|\u2606Victory2000\n|j|\u2606SigurdZZ\n|t:|1782845558\n|gametype|singles\n|player|p1|Victory2000|hiker-gen4|2268\n|player|p2|SigurdZZ|misty|2246\n|gen|9\n|tier|[Gen 9] Random Battle\n|rated|\n|rule|Species Clause: Limit one of each Pok\u00e9mon\n|rule|HP Percentage Mod: HP is shown in percentages\n|rule|Sleep Clause Mod: Limit one foe put to sleep\n|rule|Illusion Level Mod: Illusion disguises the Pok\u00e9mon's true level\n|\n|t:|1782845558\n|teamsize|p1|6\n|teamsize|p2|6\n|start\n|switch|p1a: Masquerain|Masquerain, L87, F|264/264\n|switch|p2a: Pecharunt|Pecharunt, L77|262/262\n|-ability|p1a: Masquerain|Intimidate|boost\n|-unboost|p2a: Pecharunt|atk|1\n|turn|1\n|inactive|Battle timer is ON: inactive players will automatically lose when time's up. (requested by SigurdZZ)\n|\n|t:|1782845567\n|move|p1a: Masquerain|Sticky Web|p2a: Pecharunt\n|-sidestart|p2: SigurdZZ|move: Sticky Web\n|move|p2a: Pecharunt|Malignant Chain|p1a: Masquerain\n|-damage|p1a: Masquerain|185/264\n|\n|upkeep\n|turn|2\n|\n|t:|1782845589\n|switch|p1a: Phione|Phione, L91|293/293\n|move|p2a: Pecharunt|Malignant Chain|p1a: Phione\n|-damage|p1a: Phione|211/293\n|-status|p1a: Phione|tox\n|-start|p1a: Phione|confusion|[from] ability: Poison Puppeteer|[of] p2a: Pecharunt\n|\n|-heal|p1a: Phione|229/293 tox|[from] item: Leftovers\n|-damage|p1a: Phione|211/293 tox|[from] psn\n|upkeep\n|turn|3\n|\n|t:|1782845592\n|switch|p2a: Tentacruel|Tentacruel, L84, M|272/272\n|-activate|p2a: Tentacruel|move: Sticky Web\n|-unboost|p2a: Tentacruel|spe|1\n|-activate|p1a: Phione|confusion\n|move|p1a: Phione|Take Heart|p1a: Phione\n|-boost|p1a: Phione|spa|1\n|-boost|p1a: Phione|spd|1\n|-curestatus|p1a: Phione|tox|[msg]\n|\n|-heal|p1a: Phione|229/293|[from] item: Leftovers\n|upkeep\n|turn|4\n|\n|t:|1782845601\n|switch|p1a: Armarouge|Armarouge, L80, F|267/267\n|move|p2a: Tentacruel|Knock Off|p1a: Armarouge\n|-supereffective|p1a: Armarouge\n|-damage|p1a: Armarouge|167/267\n|-ability|p1a: Armarouge|Weak Armor|boost\n|-unboost|p1a: Armarouge|def|1\n|-boost|p1a: Armarouge|spe|2\n|-enditem|p1a: Armarouge|Choice Specs|[from] move: Knock Off|[of] p2a: Tentacruel\n|\n|upkeep\n|turn|5\n|\n|t:|1782845614\n|switch|p2a: Cresselia|Cresselia, L80, F|323/323\n|move|p1a: Armarouge|Psyshock|p2a: Cresselia\n|-resisted|p2a: Cresselia\n|-damage|p2a: Cresselia|278/323\n|\n|-heal|p2a: Cresselia|298/323|[from] item: Leftovers\n|upkeep\n|turn|6\n|\n|t:|1782845623\n|switch|p1a: Masquerain|Masquerain, L87, F|185/264\n|-ability|p1a: Masquerain|Intimidate|boost\n|-unboost|p2a: Cresselia|atk|1\n|move|p2a: Cresselia|Calm Mind|p2a: Cresselia\n|-boost|p2a: Cresselia|spa|1\n|-boost|p2a: Cresselia|spd|1\n|\n|-heal|p2a: Cresselia|318/323|[from] item: Leftovers\n|upkeep\n|turn|7\n|\n|t:|1782845629\n|move|p1a: Masquerain|Stun Spore|p2a: Cresselia\n|-status|p2a: Cresselia|par\n|cant|p2a: Cresselia|par\n|\n|-heal|p2a: Cresselia|323/323 par|[from] item: Leftovers\n|upkeep\n|turn|8\n|\n|t:|1782845635\n|switch|p1a: Girafarig|Girafarig, L89, M|269/269\n|move|p2a: Cresselia|Thunderbolt|p1a: Girafarig\n|-damage|p1a: Girafarig|210/269\n|\n|upkeep\n|turn|9\n|\n|t:|1782845647\n|move|p1a: Girafarig|Nasty Plot|p1a: Girafarig\n|-boost|p1a: Girafarig|spa|2\n|move|p2a: Cresselia|Calm Mind|p2a: Cresselia\n|-boost|p2a: Cresselia|spa|1\n|-boost|p2a: Cresselia|spd|1\n|\n|upkeep\n|turn|10\n|\n|t:|1782845652\n|move|p1a: Girafarig|Nasty Plot|p1a: Girafarig\n|-boost|p1a: Girafarig|spa|2\n|move|p2a: Cresselia|Psyshock|p1a: Girafarig\n|-resisted|p1a: Girafarig\n|-damage|p1a: Girafarig|155/269\n|\n|upkeep\n|turn|11\n|\n|t:|1782845658\n|move|p1a: Girafarig|Nasty Plot|p1a: Girafarig\n|-boost|p1a: Girafarig|spa|2\n|move|p2a: Cresselia|Thunderbolt|p1a: Girafarig\n|-damage|p1a: Girafarig|73/269\n|\n|upkeep\n|turn|12\n|\n|t:|1782845661\n|move|p1a: Girafarig|Thunderbolt|p2a: Cresselia\n|-damage|p2a: Cresselia|214/323 par\n|move|p2a: Cresselia|Thunderbolt|p1a: Girafarig\n|-damage|p1a: Girafarig|0 fnt\n|faint|p1a: Girafarig\n|\n|-heal|p2a: Cresselia|234/323 par|[from] item: Leftovers\n|upkeep\n|\n|t:|1782845667\n|switch|p1a: Dragonite|Dragonite, L74, M|257/257\n|turn|13\n|\n|t:|1782845676\n|switch|p2a: Torkoal|Torkoal, L88, F|266/266\n|-weather|SunnyDay|[from] ability: Drought|[of] p2a: Torkoal\n|move|p1a: Dragonite|Dragon Dance|p1a: Dragonite\n|-boost|p1a: Dragonite|atk|1\n|-boost|p1a: Dragonite|spe|1\n|\n|-weather|SunnyDay|[upkeep]\n|upkeep\n|turn|14\n|\n|t:|1782845680\n|move|p1a: Dragonite|Earthquake|p2a: Torkoal\n|-supereffective|p2a: Torkoal\n|-damage|p2a: Torkoal|134/266\n|move|p2a: Torkoal|Yawn|p1a: Dragonite\n|-start|p1a: Dragonite|move: Yawn|[of] p2a: Torkoal\n|\n|-weather|SunnyDay|[upkeep]\n|upkeep\n|turn|15\n|\n|t:|1782845684\n|switch|p1a: Phione|Phione, L91|229/293\n|move|p2a: Torkoal|Rapid Spin|p1a: Phione\n|-damage|p1a: Phione|196/293\n|-boost|p2a: Torkoal|spe|1\n|-sideend|p2: SigurdZZ|Sticky Web|[from] move: Rapid Spin|[of] p2a: Torkoal\n|\n|-weather|SunnyDay|[upkeep]\n|-heal|p1a: Phione|214/293|[from] item: Leftovers\n|upkeep\n|turn|16\n|\n|t:|1782845690\n|switch|p2a: Tentacruel|Tentacruel, L84, M|272/272\n|move|p1a: Phione|Scald|p2a: Tentacruel\n|-resisted|p2a: Tentacruel\n|-damage|p2a: Tentacruel|256/272\n|-status|p2a: Tentacruel|brn\n|\n|-weather|SunnyDay|[upkeep]\n|-heal|p2a: Tentacruel|272/272 brn|[from] item: Leftovers\n|-heal|p1a: Phione|232/293|[from] item: Leftovers\n|-damage|p2a: Tentacruel|255/272 brn|[from] brn\n|upkeep\n|turn|17\n|\n|t:|1782845706\n|move|p2a: Tentacruel|Sludge Bomb|p1a: Phione\n|-damage|p1a: Phione|148/293\n|move|p1a: Phione|Take Heart|p1a: Phione\n|-boost|p1a: Phione|spa|1\n|-boost|p1a: Phione|spd|1\n|\n|-weather|none\n|-heal|p2a: Tentacruel|272/272 brn|[from] item: Leftovers\n|-heal|p1a: Phione|166/293|[from] item: Leftovers\n|-damage|p2a: Tentacruel|255/272 brn|[from] brn\n|upkeep\n|turn|18\n|\n|t:|1782845716\n|move|p2a: Tentacruel|Sludge Bomb|p1a: Phione\n|-damage|p1a: Phione|111/293\n|move|p1a: Phione|Scald|p2a: Tentacruel\n|-resisted|p2a: Tentacruel\n|-damage|p2a: Tentacruel|203/272 brn\n|\n|-heal|p2a: Tentacruel|220/272 brn|[from] item: Leftovers\n|-heal|p1a: Phione|129/293|[from] item: Leftovers\n|-damage|p2a: Tentacruel|203/272 brn|[from] brn\n|upkeep\n|turn|19\n|\n|t:|1782845720\n|move|p2a: Tentacruel|Sludge Bomb|p1a: Phione\n|-damage|p1a: Phione|75/293\n|-status|p1a: Phione|psn\n|move|p1a: Phione|Rest|p1a: Phione\n|-status|p1a: Phione|slp|[from] move: Rest\n|-heal|p1a: Phione|293/293 slp|[silent]\n|\n|-heal|p2a: Tentacruel|220/272 brn|[from] item: Leftovers\n|-damage|p2a: Tentacruel|203/272 brn|[from] brn\n|upkeep\n|turn|20\n|\n|t:|1782845725\n|move|p2a: Tentacruel|Haze|p2a: Tentacruel\n|-clearallboost\n|cant|p1a: Phione|slp\n|move|p1a: Phione|Sleep Talk|p1a: Phione\n|move|p1a: Phione|Scald|p2a: Tentacruel|[from] move: Sleep Talk\n|-resisted|p2a: Tentacruel\n|-damage|p2a: Tentacruel|171/272 brn\n|\n|-heal|p2a: Tentacruel|188/272 brn|[from] item: Leftovers\n|-damage|p2a: Tentacruel|171/272 brn|[from] brn\n|upkeep\n|turn|21\n|\n|t:|1782845732\n|switch|p2a: Torkoal|Torkoal, L88, F|134/266\n|-weather|SunnyDay|[from] ability: Drought|[of] p2a: Torkoal\n|switch|p1a: Armarouge|Armarouge, L80, F|167/267\n|\n|-weather|SunnyDay|[upkeep]\n|upkeep\n|turn|22\n|\n|t:|1782845736\n|move|p1a: Armarouge|Armor Cannon|p2a: Torkoal\n|-resisted|p2a: Torkoal\n|-damage|p2a: Torkoal|15/266\n|-unboost|p1a: Armarouge|def|1\n|-unboost|p1a: Armarouge|spd|1\n|move|p2a: Torkoal|Stealth Rock|p1a: Armarouge\n|-sidestart|p1: Victory2000|move: Stealth Rock\n|\n|-weather|SunnyDay|[upkeep]\n|upkeep\n|turn|23\n|\n|t:|1782845744\n|move|p1a: Armarouge|Armor Cannon|p2a: Torkoal\n|-resisted|p2a: Torkoal\n|-damage|p2a: Torkoal|0 fnt\n|-unboost|p1a: Armarouge|def|1\n|-unboost|p1a: Armarouge|spd|1\n|faint|p2a: Torkoal\n|\n|-weather|SunnyDay|[upkeep]\n|upkeep\n|\n|t:|1782845753\n|switch|p2a: Altaria|Altaria, L89, M|278/278\n|turn|24\n|\n|t:|1782845772\n|switch|p1a: Masquerain|Masquerain, L87, F|185/264\n|-ability|p1a: Masquerain|Intimidate|boost\n|-unboost|p2a: Altaria|atk|1\n|move|p2a: Altaria|Dragon Dance|p2a: Altaria\n|-boost|p2a: Altaria|atk|1\n|-boost|p2a: Altaria|spe|1\n|\n|-weather|SunnyDay|[upkeep]\n|upkeep\n|turn|25\n|\n|t:|1782845783\n|switch|p1a: Armarouge|Armarouge, L80, F|167/267\n|-damage|p1a: Armarouge|101/267|[from] Stealth Rock\n|move|p2a: Altaria|Dragon Dance|p2a: Altaria\n|-boost|p2a: Altaria|atk|1\n|-boost|p2a: Altaria|spe|1\n|\n|-weather|none\n|upkeep\n|turn|26\n|\n|t:|1782845787\n|move|p2a: Altaria|Dragon Dance|p2a: Altaria\n|-boost|p2a: Altaria|atk|1\n|-boost|p2a: Altaria|spe|1\n|move|p1a: Armarouge|Psyshock|p2a: Altaria\n|-damage|p2a: Altaria|191/278\n|\n|upkeep\n|turn|27\n|\n|t:|1782845791\n|move|p2a: Altaria|Dragon Dance|p2a: Altaria\n|-boost|p2a: Altaria|atk|1\n|-boost|p2a: Altaria|spe|1\n|move|p1a: Armarouge|Psyshock|p2a: Altaria\n|-damage|p2a: Altaria|107/278\n|\n|upkeep\n|turn|28\n|\n|t:|1782845793\n|switch|p1a: Masquerain|Masquerain, L87, F|185/264\n|-ability|p1a: Masquerain|Intimidate|boost\n|-unboost|p2a: Altaria|atk|1\n|move|p2a: Altaria|Roost|p2a: Altaria\n|-heal|p2a: Altaria|246/278\n|-singleturn|p2a: Altaria|move: Roost\n|\n|upkeep\n|turn|29\n|\n|t:|1782845796\n|move|p2a: Altaria|Brave Bird|p1a: Masquerain\n|-supereffective|p1a: Masquerain\n|-damage|p1a: Masquerain|0 fnt\n|faint|p1a: Masquerain\n|-damage|p2a: Altaria|185/278|[from] Recoil\n|\n|upkeep\n|\n|t:|1782845798\n|switch|p1a: Dragonite|Dragonite, L74, M|257/257\n|turn|30\n|\n|t:|1782845803\n|-terastallize|p2a: Altaria|Ground\n|move|p2a: Altaria|Brave Bird|p1a: Dragonite\n|-damage|p1a: Dragonite|138/257\n|-damage|p2a: Altaria|146/278|[from] Recoil\n|move|p1a: Dragonite|Dragon Dance|p1a: Dragonite\n|-boost|p1a: Dragonite|atk|1\n|-boost|p1a: Dragonite|spe|1\n|\n|upkeep\n|turn|31\n|-message|Victory2000 forfeited.\n|\n|win|SigurdZZ\n|raw|Victory2000's rating: 2268 &rarr; <strong>2247</strong><br />(-21 for losing)\n|raw|SigurdZZ's rating: 2246 &rarr; <strong>2267</strong><br />(+21 for winning)\n", "inputlog": ">version f8ac14003a5f27e1bdc8d8c59608a773c1cb96e5\n>start {\"formatid\":\"gen9randombattle\",\"seed\":\"sodium,afd015c243d66ee9f2106b3a1d06df24\",\"rated\":\"Rated battle\"}\n>player p1 {\"name\":\"Victory2000\",\"avatar\":\"hiker-gen4\",\"rating\":2268,\"seed\":\"sodium,48a240461d2993a5b90db57c412613b9\"}\n>player p2 {\"name\":\"SigurdZZ\",\"avatar\":\"misty\",\"rating\":2246,\"seed\":\"sodium,b947864aad9a472db9fe1522b9566be1\"}\n>p1 move stickyweb\n>p2 move malignantchain\n>p1 switch 3\n>p2 move malignantchain\n>p1 move takeheart\n>p2 switch 4\n>p1 switch 6\n>p2 move knockoff\n>p1 move psyshock\n>p2 switch 6\n>p1 switch 3\n>p2 move calmmind\n>p1 move stunspore\n>p2 move thunderbolt\n>p1 switch 5\n>p2 move thunderbolt\n>p1 move nastyplot\n>p2 move calmmind\n>p1 move nastyplot\n>p2 move psyshock\n>p1 move nastyplot\n>p2 move thunderbolt\n>p1 move thunderbolt\n>p2 move thunderbolt\n>p1 switch 4\n>p1 move dragondance\n>p2 switch 2\n>p1 move earthquake\n>p2 move yawn\n>p1 switch 6\n>p2 move rapidspin\n>p1 move scald\n>p2 switch 6\n>p1 move takeheart\n>p2 move sludgebomb\n>p1 move scald\n>p2 move sludgebomb\n>p1 move rest\n>p2 move sludgebomb\n>p1 move sleeptalk\n>p2 move haze\n>p1 switch 3\n>p2 switch 6\n>p1 move armorcannon\n>p2 move stealthrock\n>p1 move armorcannon\n>p2 move yawn\n>p2 switch 3\n>p1 switch 5\n>p2 move dragondance\n>p1 switch 5\n>p2 move dragondance\n>p1 move psyshock\n>p2 move dragondance\n>p1 move psyshock\n>p2 move dragondance\n>p1 switch 5\n>p2 move roost\n>p1 move stunspore\n>p2 move bravebird\n>p1 switch 6\n>p1 move dragondance\n>p2 move bravebird terastallize\n>forcelose p1", "uploadtime": 1782845810, "views": 8, "formatid": "gen9randombattle", "rating": 2247, "private": 0, "password": null, "player_dets": [{"name": "Victory2000", "avatar": "hiker-gen4", "rating": 2268, "seed": "sodium,48a240461d2993a5b90db57c412613b9"}, {"name": "SigurdZZ", "avatar": "misty", "rating": 2246, "seed": "sodium,b947864aad9a472db9fe1522b9566be1"}], "teams_full": [{"Masquerain": {"name": "Masquerain", "species": "Masquerain", "speciesId": "masquerain", "gender": "F", "shiny": false, "level": 87, "moves": ["stickyweb", "stunspore", "hurricane", "hydropump"], "ability": "Intimidate", "evs": {"hp": 85, "atk": 0, "def": 85, "spa": 85, "spd": 85, "spe": 85}, "ivs": {"hp": 31, "atk": 0, "def": 31, "spa": 31, "spd": 31, "spe": 31}, "item": "Heavy-Duty Boots", "teraType": "Ground", "role": "Fast Support", "bvs": {"hp": 70, "atk": 60, "def": 62, "spa": 100, "spd": 82, "spe": 80}, "stats": {"hp": 264, "atk": 109, "def": 158, "spa": 224, "spd": 192, "spe": 189}, "types": ["Bug", "Flying"]}, "Arceus": {"name": "Arceus", "species": "Arceus-Grass", "speciesId": "arceusgrass", "gender": "N", "shiny": false, "level": 73, "moves": ["judgment", "fireblast", "calmmind", "recover"], "ability": "Multitype", "evs": {"hp": 85, "atk": 0, "def": 85, "spa": 85, "spd": 85, "spe": 85}, "ivs": {"hp": 31, "atk": 0, "def": 31, "spa": 31, "spd": 31, "spe": 31}, "item": "Meadow Plate", "teraType": "Fire", "role": "Bulky Setup", "bvs": {"hp": 120, "atk": 120, "def": 120, "spa": 120, "spd": 120, "spe": 120}, "stats": {"hp": 296, "atk": 180, "def": 218, "spa": 218, "spd": 218, "spe": 218}, "types": ["Grass"]}, "Phione": {"name": "Phione", "species": "Phione", "speciesId": "phione", "gender": "N", "shiny": false, "level": 91, "moves": ["takeheart", "sleeptalk", "scald", "rest"], "ability": "Hydration", "evs": {"hp": 85, "atk": 0, "def": 85, "spa": 85, "spd": 85, "spe": 85}, "ivs": {"hp": 31, "atk": 0, "def": 31, "spa": 31, "spd": 31, "spe": 31}, "item": "Leftovers", "teraType": "Dragon", "role": "Bulky Setup", "bvs": {"hp": 80, "atk": 80, "def": 80, "spa": 80, "spd": 80, "spe": 80}, "stats": {"hp": 293, "atk": 150, "def": 197, "spa": 197, "spd": 197, "spe": 197}, "types": ["Water"]}, "Dragonite": {"name": "Dragonite", "species": "Dragonite", "speciesId": "dragonite", "gender": "M", "shiny": false, "level": 74, "moves": ["earthquake", "dragondance", "terablast", "outrage"], "ability": "Multiscale", "evs": {"hp": 85, "atk": 85, "def": 85, "spa": 85, "spd": 85, "spe": 85}, "ivs": {"hp": 31, "atk": 31, "def": 31, "spa": 31, "spd": 31, "spe": 31}, "item": "Heavy-Duty Boots", "teraType": "Flying", "role": "Tera Blast user", "bvs": {"hp": 91, "atk": 134, "def": 95, "spa": 100, "spd": 100, "spe": 80}, "stats": {"hp": 257, "atk": 241, "def": 184, "spa": 191, "spd": 191, "spe": 161}, "types": ["Dragon", "Flying"]}, "Girafarig": {"name": "Girafarig", "species": "Girafarig", "speciesId": "girafarig", "gender": "M", "shiny": false, "level": 89, "moves": ["thunderbolt", "nastyplot", "psychic", "dazzlinggleam"], "ability": "Sap Sipper", "evs": {"hp": 85, "atk": 0, "def": 85, "spa": 85, "spd": 85, "spe": 85}, "ivs": {"hp": 31, "atk": 0, "def": 31, "spa": 31, "spd": 31, "spe": 31}, "item": "Eviolite", "teraType": "Electric", "role": "Bulky Setup", "bvs": {"hp": 70, "atk": 80, "def": 65, "spa": 90, "spd": 65, "spe": 85}, "stats": {"hp": 269, "atk": 147, "def": 166, "spa": 211, "spd": 166, "spe": 202}, "types": ["Normal", "Psychic"]}, "Armarouge": {"name": "Armarouge", "species": "Armarouge", "speciesId": "armarouge", "gender": "F", "shiny": false, "level": 80, "moves": ["armorcannon", "psyshock", "energyball", "aurasphere"], "ability": "Weak Armor", "evs": {"hp": 85, "atk": 0, "def": 85, "spa": 85, "spd": 85, "spe": 85}, "ivs": {"hp": 31, "atk": 0, "def": 31, "spa": 31, "spd": 31, "spe": 31}, "item": "Choice Specs", "teraType": "Fire", "role": "Wallbreaker", "bvs": {"hp": 85, "atk": 60, "def": 100, "spa": 125, "spd": 80, "spe": 75}, "stats": {"hp": 267, "atk": 101, "def": 206, "spa": 246, "spd": 174, "spe": 166}, "types": ["Fire", "Psychic"]}}, {"Pecharunt": {"name": "Pecharunt", "species": "Pecharunt", "speciesId": "pecharunt", "gender": "N", "shiny": false, "level": 77, "moves": ["recover", "malignantchain", "nastyplot", "shadowball"], "ability": "Poison Puppeteer", "evs": {"hp": 85, "atk": 0, "def": 85, "spa": 85, "spd": 85, "spe": 85}, "ivs": {"hp": 31, "atk": 0, "def": 31, "spa": 31, "spd": 31, "spe": 31}, "item": "Leftovers", "teraType": "Dark", "role": "Bulky Attacker", "bvs": {"hp": 88, "atk": 88, "def": 160, "spa": 88, "spd": 88, "spe": 88}, "stats": {"hp": 262, "atk": 140, "def": 291, "spa": 180, "spd": 180, "spe": 180}, "types": ["Poison", "Ghost"]}, "Torkoal": {"name": "Torkoal", "species": "Torkoal", "speciesId": "torkoal", "gender": "F", "shiny": false, "level": 88, "moves": ["stealthrock", "yawn", "lavaplume", "rapidspin"], "ability": "Drought", "evs": {"hp": 85, "atk": 85, "def": 85, "spa": 85, "spd": 85, "spe": 85}, "ivs": {"hp": 31, "atk": 31, "def": 31, "spa": 31, "spd": 31, "spe": 31}, "item": "Heavy-Duty Boots", "teraType": "Dragon", "role": "Bulky Support", "bvs": {"hp": 70, "atk": 85, "def": 140, "spa": 85, "spd": 70, "spe": 20}, "stats": {"hp": 266, "atk": 200, "def": 297, "spa": 200, "spd": 173, "spe": 85}, "types": ["Fire"]}, "Altaria": {"name": "Altaria", "species": "Altaria", "speciesId": "altaria", "gender": "M", "shiny": false, "level": 89, "moves": ["roost", "earthquake", "dragondance", "bravebird"], "ability": "Natural Cure", "evs": {"hp": 85, "atk": 85, "def": 85, "spa": 85, "spd": 85, "spe": 85}, "ivs": {"hp": 31, "atk": 31, "def": 31, "spa": 31, "spd": 31, "spe": 31}, "item": "Heavy-Duty Boots", "teraType": "Ground", "role": "Bulky Setup", "bvs": {"hp": 75, "atk": 70, "def": 90, "spa": 70, "spd": 105, "spe": 80}, "stats": {"hp": 278, "atk": 175, "def": 211, "spa": 175, "spd": 238, "spe": 193}, "types": ["Dragon", "Flying"]}, "Tentacruel": {"name": "Tentacruel", "species": "Tentacruel", "speciesId": "tentacruel", "gender": "M", "shiny": false, "level": 84, "moves": ["surf", "knockoff", "haze", "sludgebomb"], "ability": "Liquid Ooze", "evs": {"hp": 85, "atk": 85, "def": 85, "spa": 85, "spd": 85, "spe": 85}, "ivs": {"hp": 31, "atk": 31, "def": 31, "spa": 31, "spd": 31, "spe": 31}, "item": "Leftovers", "teraType": "Flying", "role": "Bulky Support", "bvs": {"hp": 80, "atk": 70, "def": 65, "spa": 80, "spd": 120, "spe": 100}, "stats": {"hp": 272, "atk": 166, "def": 157, "spa": 183, "spd": 250, "spe": 216}, "types": ["Water", "Poison"]}, "Glalie": {"name": "Glalie", "species": "Glalie", "speciesId": "glalie", "gender": "F", "shiny": false, "level": 96, "moves": ["freezedry", "earthquake", "spikes", "taunt"], "ability": "Inner Focus", "evs": {"hp": 85, "atk": 85, "def": 85, "spa": 85, "spd": 85, "spe": 85}, "ivs": {"hp": 31, "atk": 31, "def": 31, "spa": 31, "spd": 31, "spe": 31}, "item": "Heavy-Duty Boots", "teraType": "Water", "role": "Fast Support", "bvs": {"hp": 80, "atk": 80, "def": 80, "spa": 80, "spd": 80, "spe": 80}, "stats": {"hp": 309, "atk": 208, "def": 208, "spa": 208, "spd": 208, "spe": 208}, "types": ["Ice"]}, "Cresselia": {"name": "Cresselia", "species": "Cresselia", "speciesId": "cresselia", "gender": "F", "shiny": false, "level": 80, "moves": ["calmmind", "moonlight", "thunderbolt", "psyshock"], "ability": "Levitate", "evs": {"hp": 85, "atk": 0, "def": 85, "spa": 85, "spd": 85, "spe": 85}, "ivs": {"hp": 31, "atk": 0, "def": 31, "spa": 31, "spd": 31, "spe": 31}, "item": "Leftovers", "teraType": "Electric", "role": "Bulky Setup", "bvs": {"hp": 120, "atk": 70, "def": 110, "spa": 75, "spd": 120, "spe": 85}, "stats": {"hp": 323, "atk": 117, "def": 222, "spa": 166, "spd": 238, "spe": 182}, "types": ["Psychic"]}}]}