{"id": "gen9randombattle-2641979832", "format": "[Gen 9] Random Battle", "players": ["BTS fan forevahh", "cowman25!"], "log": "|j|\u2606BTS fan forevahh\n|j|\u2606cowman25!\n|t:|1782868060\n|gametype|singles\n|player|p1|BTS fan forevahh|170|2066\n|player|p2|cowman25!|1|2044\n|gen|9\n|tier|[Gen 9] Random Battle\n|rated|\n|rule|Species Clause: Limit one of each Pok\u00e9mon\n|rule|HP Percentage Mod: HP is shown in percentages\n|rule|Sleep Clause Mod: Limit one foe put to sleep\n|rule|Illusion Level Mod: Illusion disguises the Pok\u00e9mon's true level\n|\n|t:|1782868060\n|teamsize|p1|6\n|teamsize|p2|6\n|start\n|switch|p1a: Bastiodon|Bastiodon, L89, M|252/252\n|switch|p2a: Polteageist|Polteageist, L78|222/222\n|turn|1\n|\n|t:|1782868101\n|switch|p2a: Hitmonlee|Hitmonlee, L85, M|224/224\n|move|p1a: Bastiodon|Foul Play|p2a: Hitmonlee\n|-resisted|p2a: Hitmonlee\n|-damage|p2a: Hitmonlee|163/224\n|\n|upkeep\n|turn|2\n|\n|t:|1782868113\n|move|p2a: Hitmonlee|Swords Dance|p2a: Hitmonlee\n|-boost|p2a: Hitmonlee|atk|2\n|move|p1a: Bastiodon|Body Press|p2a: Hitmonlee\n|-crit|p2a: Hitmonlee\n|-damage|p2a: Hitmonlee|0 fnt\n|faint|p2a: Hitmonlee\n|\n|upkeep\n|\n|t:|1782868123\n|switch|p2a: Annihilape|Annihilape, L76, M|292/292\n|turn|3\n|\n|t:|1782868151\n|switch|p1a: Flutter Mane|Flutter Mane, L74|203/203\n|move|p2a: Annihilape|Bulk Up|p2a: Annihilape\n|-boost|p2a: Annihilape|atk|1\n|-boost|p2a: Annihilape|def|1\n|\n|upkeep\n|turn|4\n|\n|t:|1782868162\n|-terastallize|p2a: Annihilape|Water\n|move|p1a: Flutter Mane|Calm Mind|p1a: Flutter Mane\n|-boost|p1a: Flutter Mane|spa|1\n|-boost|p1a: Flutter Mane|spd|1\n|move|p2a: Annihilape|Rage Fist|p1a: Flutter Mane\n|-supereffective|p1a: Flutter Mane\n|-damage|p1a: Flutter Mane|0 fnt\n|faint|p1a: Flutter Mane\n|-end|p1a: Flutter Mane|Protosynthesis|[silent]\n|\n|upkeep\n|\n|t:|1782868178\n|switch|p1a: Ninetales|Ninetales, L85, M|263/263\n|-weather|SunnyDay|[from] ability: Drought|[of] p1a: Ninetales\n|turn|5\n|\n|t:|1782868183\n|move|p1a: Ninetales|Nasty Plot|p1a: Ninetales\n|-boost|p1a: Ninetales|spa|2\n|move|p2a: Annihilape|Rage Fist|p1a: Ninetales\n|-damage|p1a: Ninetales|175/263\n|\n|-weather|SunnyDay|[upkeep]\n|upkeep\n|turn|6\n|\n|t:|1782868193\n|switch|p2a: Eternatus|Eternatus, L69|308/308\n|-ability|p2a: Eternatus|Pressure\n|move|p1a: Ninetales|Solar Beam||[still]\n|-prepare|p1a: Ninetales|Solar Beam\n|-anim|p1a: Ninetales|Solar Beam|p2a: Eternatus\n|-resisted|p2a: Eternatus\n|-damage|p2a: Eternatus|265/308\n|\n|-weather|SunnyDay|[upkeep]\n|-heal|p2a: Eternatus|284/308|[from] item: Leftovers\n|upkeep\n|turn|7\n|\n|t:|1782868203\n|move|p2a: Eternatus|Flamethrower|p1a: Ninetales\n|-resisted|p1a: Ninetales\n|-damage|p1a: Ninetales|136/263\n|move|p1a: Ninetales|Scorching Sands|p2a: Eternatus\n|-supereffective|p2a: Eternatus\n|-damage|p2a: Eternatus|74/308\n|\n|-weather|SunnyDay|[upkeep]\n|-heal|p2a: Eternatus|93/308|[from] item: Leftovers\n|upkeep\n|turn|8\n|\n|t:|1782868229\n|move|p2a: Eternatus|Recover|p2a: Eternatus\n|-heal|p2a: Eternatus|247/308\n|move|p1a: Ninetales|Scorching Sands|p2a: Eternatus\n|-supereffective|p2a: Eternatus\n|-damage|p2a: Eternatus|31/308\n|-status|p2a: Eternatus|brn\n|\n|-weather|SunnyDay|[upkeep]\n|-heal|p2a: Eternatus|50/308 brn|[from] item: Leftovers\n|-damage|p2a: Eternatus|31/308 brn|[from] brn\n|upkeep\n|turn|9\n|\n|t:|1782868235\n|move|p2a: Eternatus|Toxic|p1a: Ninetales\n|-status|p1a: Ninetales|tox\n|move|p1a: Ninetales|Scorching Sands|p2a: Eternatus\n|-supereffective|p2a: Eternatus\n|-damage|p2a: Eternatus|0 fnt\n|faint|p2a: Eternatus\n|\n|-weather|none\n|-damage|p1a: Ninetales|120/263 tox|[from] psn\n|upkeep\n|\n|t:|1782868241\n|switch|p2a: Polteageist|Polteageist, L78|222/222\n|turn|10\n|\n|t:|1782868263\n|move|p1a: Ninetales|Fire Blast|p2a: Polteageist\n|-crit|p2a: Polteageist\n|-damage|p2a: Polteageist|0 fnt\n|faint|p2a: Polteageist\n|\n|-damage|p1a: Ninetales|88/263 tox|[from] psn\n|upkeep\n|\n|t:|1782868269\n|switch|p2a: Annihilape|Annihilape, L76, M, tera:Water|292/292\n|turn|11\n|\n|t:|1782868277\n|switch|p1a: Meowstic|Meowstic-F, L89, F|277/277\n|move|p2a: Annihilape|Bulk Up|p2a: Annihilape\n|-boost|p2a: Annihilape|atk|1\n|-boost|p2a: Annihilape|def|1\n|\n|upkeep\n|turn|12\n|\n|t:|1782868289\n|-terastallize|p1a: Meowstic|Electric\n|move|p1a: Meowstic|Nasty Plot|p1a: Meowstic\n|-boost|p1a: Meowstic|spa|2\n|move|p2a: Annihilape|Rage Fist|p1a: Meowstic\n|-damage|p1a: Meowstic|199/277\n|\n|upkeep\n|turn|13\n|\n|t:|1782868295\n|switch|p2a: Scream Tail|Scream Tail, L84|330/330\n|move|p1a: Meowstic|Thunderbolt|p2a: Scream Tail\n|-damage|p2a: Scream Tail|130/330\n|-damage|p1a: Meowstic|172/277|[from] item: Life Orb\n|\n|-heal|p2a: Scream Tail|150/330|[from] item: Leftovers\n|upkeep\n|turn|14\n|\n|t:|1782868307\n|move|p1a: Meowstic|Thunderbolt|p2a: Scream Tail\n|-damage|p2a: Scream Tail|0 fnt\n|faint|p2a: Scream Tail\n|-end|p2a: Scream Tail|Protosynthesis|[silent]\n|-damage|p1a: Meowstic|145/277|[from] item: Life Orb\n|\n|upkeep\n|-message|cowman25! forfeited.\n|\n|win|BTS fan forevahh\n|raw|BTS fan forevahh's rating: 2038 &rarr; <strong>2058</strong><br />(+20 for winning)\n|raw|cowman25!'s rating: 2044 &rarr; <strong>2024</strong><br />(-20 for losing)\n|l|\u2606cowman25!\n|player|p2|\n", "inputlog": ">version f8ac14003a5f27e1bdc8d8c59608a773c1cb96e5\n>start {\"formatid\":\"gen9randombattle\",\"seed\":\"sodium,c68101e06edbefbfe745540439cd2b8b\",\"rated\":\"Rated battle\"}\n>player p1 {\"name\":\"BTS fan forevahh\",\"avatar\":\"170\",\"rating\":2066,\"seed\":\"sodium,930a12f9cf910fc2e6ccafd40c9acab1\"}\n>player p2 {\"name\":\"cowman25!\",\"avatar\":\"1\",\"rating\":2044,\"seed\":\"sodium,c1db8c76a9e6829de11af050b3095d94\"}\n>p1 move foulplay\n>p2 switch 2\n>p1 move bodypress\n>p2 move swordsdance\n>p2 switch 6\n>p1 switch 6\n>p2 move bulkup\n>p1 move calmmind\n>p2 move ragefist terastallize\n>p1 switch 4\n>p1 move nastyplot\n>p2 move ragefist\n>p1 move solarbeam\n>p2 switch 5\n>p1 move scorchingsands\n>p2 move flamethrower\n>p1 move scorchingsands\n>p2 move recover\n>p1 move scorchingsands\n>p2 move toxic\n>p2 switch 2\n>p1 move fireblast\n>p2 move shellsmash\n>p2 switch 5\n>p1 switch 5\n>p2 move bulkup\n>p1 move nastyplot terastallize\n>p2 move ragefist\n>p1 move thunderbolt\n>p2 switch 3\n>p1 move thunderbolt\n>p2 move wish\n>forcelose p2", "uploadtime": 1782868312, "views": 3, "formatid": "gen9randombattle", "rating": 2024, "private": 0, "password": null, "player_dets": [{"name": "BTS fan forevahh", "avatar": "170", "rating": 2066, "seed": "sodium,930a12f9cf910fc2e6ccafd40c9acab1"}, {"name": "cowman25!", "avatar": "1", "rating": 2044, "seed": "sodium,c1db8c76a9e6829de11af050b3095d94"}], "teams_full": [{"Bastiodon": {"name": "Bastiodon", "species": "Bastiodon", "speciesId": "bastiodon", "gender": "M", "shiny": false, "level": 89, "moves": ["bodypress", "rest", "foulplay", "irondefense"], "ability": "Soundproof", "evs": {"hp": 85, "atk": 0, "def": 85, "spa": 85, "spd": 85, "spe": 85}, "ivs": {"hp": 31, "atk": 0, "def": 31, "spa": 31, "spd": 31, "spe": 31}, "item": "Chesto Berry", "teraType": "Fighting", "role": "Bulky Setup", "bvs": {"hp": 60, "atk": 52, "def": 168, "spa": 47, "spd": 138, "spe": 30}, "stats": {"hp": 252, "atk": 97, "def": 350, "spa": 134, "spd": 296, "spe": 104}, "types": ["Rock", "Steel"]}, "Gurdurr": {"name": "Gurdurr", "species": "Gurdurr", "speciesId": "gurdurr", "gender": "M", "shiny": false, "level": 85, "moves": ["knockoff", "machpunch", "defog", "drainpunch"], "ability": "Guts", "evs": {"hp": 85, "atk": 85, "def": 85, "spa": 85, "spd": 85, "spe": 85}, "ivs": {"hp": 31, "atk": 31, "def": 31, "spa": 31, "spd": 31, "spe": 31}, "item": "Eviolite", "teraType": "Steel", "role": "Bulky Attacker", "bvs": {"hp": 85, "atk": 105, "def": 85, "spa": 40, "spd": 50, "spe": 40}, "stats": {"hp": 283, "atk": 227, "def": 193, "spa": 117, "spd": 134, "spe": 117}, "types": ["Fighting"]}, "Delphox": {"name": "Delphox", "species": "Delphox", "speciesId": "delphox", "gender": "M", "shiny": false, "level": 84, "moves": ["psyshock", "grassknot", "focusblast", "fireblast"], "ability": "Blaze", "evs": {"hp": 85, "atk": 0, "def": 85, "spa": 85, "spd": 85, "spe": 85}, "ivs": {"hp": 31, "atk": 0, "def": 31, "spa": 31, "spd": 31, "spe": 31}, "item": "Choice Scarf", "teraType": "Fire", "role": "Fast Attacker", "bvs": {"hp": 75, "atk": 69, "def": 72, "spa": 114, "spd": 100, "spe": 104}, "stats": {"hp": 263, "atk": 120, "def": 169, "spa": 240, "spd": 216, "spe": 223}, "types": ["Fire", "Psychic"]}, "Ninetales": {"name": "Ninetales", "species": "Ninetales", "speciesId": "ninetales", "gender": "M", "shiny": false, "level": 85, "moves": ["nastyplot", "fireblast", "scorchingsands", "solarbeam"], "ability": "Drought", "evs": {"hp": 85, "atk": 0, "def": 85, "spa": 85, "spd": 85, "spe": 85}, "ivs": {"hp": 31, "atk": 0, "def": 31, "spa": 31, "spd": 31, "spe": 31}, "item": "Heavy-Duty Boots", "teraType": "Fire", "role": "Setup Sweeper", "bvs": {"hp": 73, "atk": 76, "def": 75, "spa": 81, "spd": 100, "spe": 100}, "stats": {"hp": 263, "atk": 134, "def": 176, "spa": 186, "spd": 219, "spe": 219}, "types": ["Fire"]}, "Meowstic": {"name": "Meowstic", "species": "Meowstic-F", "speciesId": "meowsticf", "gender": "F", "shiny": false, "level": 89, "moves": ["nastyplot", "darkpulse", "psyshock", "thunderbolt"], "ability": "Competitive", "evs": {"hp": 85, "atk": 0, "def": 85, "spa": 85, "spd": 85, "spe": 85}, "ivs": {"hp": 31, "atk": 0, "def": 31, "spa": 31, "spd": 31, "spe": 31}, "item": "Life Orb", "teraType": "Electric", "role": "Setup Sweeper", "bvs": {"hp": 74, "atk": 48, "def": 76, "spa": 83, "spd": 81, "spe": 104}, "stats": {"hp": 277, "atk": 90, "def": 186, "spa": 199, "spd": 195, "spe": 236}, "types": ["Psychic"]}, "Flutter Mane": {"name": "Flutter Mane", "species": "Flutter Mane", "speciesId": "fluttermane", "gender": "N", "shiny": false, "level": 74, "moves": ["mysticalfire", "shadowball", "calmmind", "moonblast"], "ability": "Protosynthesis", "evs": {"hp": 85, "atk": 0, "def": 85, "spa": 85, "spd": 85, "spe": 85}, "ivs": {"hp": 31, "atk": 0, "def": 31, "spa": 31, "spd": 31, "spe": 31}, "item": "Life Orb", "teraType": "Fairy", "role": "Setup Sweeper", "bvs": {"hp": 55, "atk": 55, "def": 55, "spa": 135, "spd": 135, "spe": 135}, "stats": {"hp": 203, "atk": 86, "def": 124, "spa": 243, "spd": 243, "spe": 243}, "types": ["Ghost", "Fairy"]}}, {"Polteageist": {"name": "Polteageist", "species": "Polteageist", "speciesId": "polteageist", "gender": "N", "shiny": false, "level": 78, "moves": ["strengthsap", "storedpower", "shellsmash", "shadowball"], "ability": "Cursed Body", "evs": {"hp": 85, "atk": 0, "def": 85, "spa": 85, "spd": 85, "spe": 85}, "ivs": {"hp": 31, "atk": 0, "def": 31, "spa": 31, "spd": 31, "spe": 31}, "item": "White Herb", "teraType": "Dark", "role": "Setup Sweeper", "bvs": {"hp": 60, "atk": 65, "def": 65, "spa": 134, "spd": 114, "spe": 70}, "stats": {"hp": 222, "atk": 106, "def": 146, "spa": 254, "spd": 223, "spe": 154}, "types": ["Ghost"]}, "Hitmonlee": {"name": "Hitmonlee", "species": "Hitmonlee", "speciesId": "hitmonlee", "gender": "M", "shiny": false, "level": 85, "moves": ["swordsdance", "closecombat", "poisonjab", "knockoff"], "ability": "Unburden", "evs": {"hp": 85, "atk": 85, "def": 85, "spa": 85, "spd": 85, "spe": 85}, "ivs": {"hp": 31, "atk": 31, "def": 31, "spa": 31, "spd": 31, "spe": 31}, "item": "White Herb", "teraType": "Poison", "role": "Setup Sweeper", "bvs": {"hp": 50, "atk": 120, "def": 53, "spa": 35, "spd": 110, "spe": 87}, "stats": {"hp": 224, "atk": 253, "def": 139, "spa": 108, "spd": 236, "spe": 197}, "types": ["Fighting"]}, "Scream Tail": {"name": "Scream Tail", "species": "Scream Tail", "speciesId": "screamtail", "gender": "N", "shiny": false, "level": 84, "moves": ["wish", "protect", "playrough", "encore"], "ability": "Protosynthesis", "evs": {"hp": 85, "atk": 85, "def": 85, "spa": 85, "spd": 85, "spe": 85}, "ivs": {"hp": 31, "atk": 31, "def": 31, "spa": 31, "spd": 31, "spe": 31}, "item": "Leftovers", "teraType": "Steel", "role": "Bulky Support", "bvs": {"hp": 115, "atk": 65, "def": 99, "spa": 65, "spd": 115, "spe": 111}, "stats": {"hp": 330, "atk": 157, "def": 215, "spa": 157, "spd": 241, "spe": 235}, "types": ["Fairy", "Psychic"]}, "Minior": {"name": "Minior", "species": "Minior-Green", "speciesId": "minior", "gender": "N", "shiny": false, "level": 79, "moves": ["powergem", "acrobatics", "earthquake", "shellsmash"], "ability": "Shields Down", "evs": {"hp": 85, "atk": 85, "def": 85, "spa": 85, "spd": 85, "spe": 85}, "ivs": {"hp": 31, "atk": 31, "def": 31, "spa": 31, "spd": 31, "spe": 31}, "item": "White Herb", "teraType": "Steel", "role": "Setup Sweeper", "bvs": {"hp": 60, "atk": 100, "def": 60, "spa": 100, "spd": 60, "spe": 120}, "stats": {"hp": 224, "atk": 204, "def": 140, "spa": 204, "spd": 140, "spe": 235}, "types": ["Rock", "Flying"]}, "Eternatus": {"name": "Eternatus", "species": "Eternatus", "speciesId": "eternatus", "gender": "N", "shiny": false, "level": 69, "moves": ["flamethrower", "toxic", "dynamaxcannon", "recover"], "ability": "Pressure", "evs": {"hp": 85, "atk": 0, "def": 85, "spa": 85, "spd": 85, "spe": 85}, "ivs": {"hp": 31, "atk": 0, "def": 31, "spa": 31, "spd": 31, "spe": 31}, "item": "Leftovers", "teraType": "Water", "role": "Bulky Support", "bvs": {"hp": 140, "atk": 85, "def": 95, "spa": 145, "spd": 95, "spe": 130}, "stats": {"hp": 308, "atk": 122, "def": 171, "spa": 240, "spd": 171, "spe": 220}, "types": ["Poison", "Dragon"]}, "Annihilape": {"name": "Annihilape", "species": "Annihilape", "speciesId": "annihilape", "gender": "M", "shiny": false, "level": 76, "moves": ["ragefist", "bulkup", "gunkshot", "drainpunch"], "ability": "Defiant", "evs": {"hp": 85, "atk": 85, "def": 85, "spa": 85, "spd": 85, "spe": 85}, "ivs": {"hp": 31, "atk": 31, "def": 31, "spa": 31, "spd": 31, "spe": 31}, "item": "Leftovers", "teraType": "Water", "role": "Bulky Setup", "bvs": {"hp": 110, "atk": 115, "def": 80, "spa": 50, "spd": 90, "spe": 90}, "stats": {"hp": 292, "atk": 219, "def": 166, "spa": 120, "spd": 181, "spe": 181}, "types": ["Fighting", "Ghost"]}}]}