{"id": "gen9randombattle-2641806978", "format": "[Gen 9] Random Battle", "players": ["Chakraisgae", "milkreo"], "log": "|badge|p1|bronze|gen9randombattle|100-9\n|html|<div class=\"broadcast-red\"><strong>This battle is required to be public due to one or more player having a season medal.</strong><br />During the public phase, you can discuss the state of the ladder <a href=\"/seasondiscussion\">in a special chatroom.</a></div>\n|uhtml|medal-msg|<div class=\"broadcast-blue\">Curious what those medals under the avatar are? PS now has Ladder Seasons! For more information, check out the <a href=\"https://www.smogon.com/forums/threads/3740067/\">thread on Smogon.</a></div>\n|badge|p2|silver|gen9randombattle|30-9\n|uhtml|medal-msg|<div class=\"broadcast-blue\">Curious what those medals under the avatar are? PS now has Ladder Seasons! For more information, check out the <a href=\"https://www.smogon.com/forums/threads/3740067/\">thread on Smogon.</a></div>\n|j|\u2606Chakraisgae\n|j|\u2606milkreo\n|t:|1782844203\n|gametype|singles\n|player|p1|Chakraisgae|1|2351\n|player|p2|milkreo|101|2367\n|gen|9\n|tier|[Gen 9] Random Battle\n|rated|\n|rule|Species Clause: Limit one of each Pok\u00e9mon\n|rule|HP Percentage Mod: HP is shown in percentages\n|rule|Sleep Clause Mod: Limit one foe put to sleep\n|rule|Illusion Level Mod: Illusion disguises the Pok\u00e9mon's true level\n|\n|t:|1782844203\n|teamsize|p1|6\n|teamsize|p2|6\n|start\n|switch|p1a: Uxie|Uxie, L83|260/260\n|switch|p2a: Tauros|Tauros-Paldea-Aqua, L81, M|252/252\n|turn|1\n|inactive|Battle timer is ON: inactive players will automatically lose when time's up. (requested by Chakraisgae)\n|\n|t:|1782844211\n|switch|p2a: Kricketune|Kricketune, L99, F|312/312\n|move|p1a: Uxie|Knock Off|p2a: Kricketune\n|-damage|p2a: Kricketune|239/312\n|-enditem|p2a: Kricketune|Heavy-Duty Boots|[from] move: Knock Off|[of] p1a: Uxie\n|\n|upkeep\n|turn|2\n|\n|t:|1782844218\n|switch|p1a: Venomoth|Venomoth, L84, F|255/255\n|move|p2a: Kricketune|Pounce|p1a: Venomoth\n|-resisted|p1a: Venomoth\n|-damage|p1a: Venomoth|192/255\n|-unboost|p1a: Venomoth|spe|1\n|\n|upkeep\n|turn|3\n|\n|t:|1782844230\n|move|p2a: Kricketune|Taunt|p1a: Venomoth\n|-start|p1a: Venomoth|move: Taunt\n|cant|p1a: Venomoth|move: Taunt|Quiver Dance\n|\n|upkeep\n|turn|4\n|\n|t:|1782844250\n|move|p2a: Kricketune|Sticky Web|p1a: Venomoth\n|-sidestart|p1: Chakraisgae|move: Sticky Web\n|move|p1a: Venomoth|Sludge Wave|p2a: Kricketune\n|-damage|p2a: Kricketune|128/312\n|\n|upkeep\n|turn|5\n|\n|t:|1782844260\n|switch|p1a: Raging Bolt|Raging Bolt, L78|323/323\n|-activate|p1a: Raging Bolt|move: Sticky Web\n|-unboost|p1a: Raging Bolt|spe|1\n|-enditem|p1a: Raging Bolt|Booster Energy\n|-activate|p1a: Raging Bolt|ability: Protosynthesis|[fromitem]\n|-start|p1a: Raging Bolt|protosynthesisspa\n|move|p2a: Kricketune|Knock Off|p1a: Raging Bolt\n|-damage|p1a: Raging Bolt|268/323\n|\n|upkeep\n|turn|6\n|\n|t:|1782844285\n|move|p2a: Kricketune|Pounce|p1a: Raging Bolt\n|-damage|p1a: Raging Bolt|160/323\n|-unboost|p1a: Raging Bolt|spe|1\n|move|p1a: Raging Bolt|Calm Mind|p1a: Raging Bolt\n|-boost|p1a: Raging Bolt|spa|1\n|-boost|p1a: Raging Bolt|spd|1\n|\n|upkeep\n|turn|7\n|\n|t:|1782844290\n|move|p1a: Raging Bolt|Thunderclap|p2a: Kricketune\n|-damage|p2a: Kricketune|0 fnt\n|faint|p2a: Kricketune\n|\n|upkeep\n|\n|t:|1782844293\n|switch|p2a: Wigglytuff|Wigglytuff, L96, M|424/424\n|turn|8\n|\n|t:|1782844298\n|move|p2a: Wigglytuff|Dazzling Gleam|p1a: Raging Bolt\n|-supereffective|p1a: Raging Bolt\n|-damage|p1a: Raging Bolt|20/323\n|move|p1a: Raging Bolt|Thunderbolt|p2a: Wigglytuff\n|-damage|p2a: Wigglytuff|139/424\n|\n|-heal|p2a: Wigglytuff|165/424|[from] item: Leftovers\n|upkeep\n|turn|9\n|\n|t:|1782844309\n|move|p2a: Wigglytuff|Protect|p2a: Wigglytuff\n|-singleturn|p2a: Wigglytuff|Protect\n|move|p1a: Raging Bolt|Thunderbolt|p2a: Wigglytuff\n|-activate|p2a: Wigglytuff|move: Protect\n|\n|-heal|p2a: Wigglytuff|191/424|[from] item: Leftovers\n|upkeep\n|turn|10\n|\n|t:|1782844324\n|move|p2a: Wigglytuff|Wish|p2a: Wigglytuff\n|move|p1a: Raging Bolt|Thunderbolt|p2a: Wigglytuff\n|-damage|p2a: Wigglytuff|0 fnt\n|faint|p2a: Wigglytuff\n|\n|upkeep\n|\n|t:|1782844331\n|switch|p2a: Probopass|Probopass, L91, F|257/257\n|turn|11\n|\n|t:|1782844339\n|-end|p1a: Raging Bolt|Protosynthesis|[silent]\n|switch|p1a: Uxie|Uxie, L83|260/260\n|move|p2a: Probopass|Body Press|p1a: Uxie\n|-resisted|p1a: Uxie\n|-damage|p1a: Uxie|228/260\n|\n|-heal|p1a: Uxie|244/260|[from] item: Leftovers\n|upkeep\n|turn|12\n|\n|t:|1782844352\n|switch|p2a: Charizard|Charizard, L85, F|271/271\n|move|p1a: Uxie|Knock Off|p2a: Charizard\n|-damage|p2a: Charizard|206/271\n|-enditem|p2a: Charizard|Heavy-Duty Boots|[from] move: Knock Off|[of] p1a: Uxie\n|\n|-heal|p1a: Uxie|260/260|[from] item: Leftovers\n|upkeep\n|turn|13\n|j| DJ DJ CB\n|\n|t:|1782844360\n|move|p2a: Charizard|Will-O-Wisp|p1a: Uxie\n|-status|p1a: Uxie|brn\n|move|p1a: Uxie|Yawn|p2a: Charizard\n|-start|p2a: Charizard|move: Yawn|[of] p1a: Uxie\n|\n|-damage|p1a: Uxie|244/260 brn|[from] brn\n|upkeep\n|turn|14\n|\n|t:|1782844367\n|move|p2a: Charizard|Flamethrower|p1a: Uxie\n|-crit|p1a: Uxie\n|-damage|p1a: Uxie|117/260 brn\n|move|p1a: Uxie|U-turn|p2a: Charizard\n|-resisted|p2a: Charizard\n|-damage|p2a: Charizard|201/271\n|inactive|Chakraisgae has 120 seconds left.\n|\n|t:|1782844410\n|switch|p1a: Tsareena|Tsareena, L87, F|267/267|[from] U-turn\n|-activate|p1a: Tsareena|move: Sticky Web\n|-unboost|p1a: Tsareena|spe|1\n|\n|-end|p2a: Charizard|move: Yawn|[silent]\n|-status|p2a: Charizard|slp\n|upkeep\n|turn|15\n|\n|t:|1782844415\n|cant|p2a: Charizard|slp\n|move|p1a: Tsareena|High Jump Kick|p2a: Charizard\n|-resisted|p2a: Charizard\n|-damage|p2a: Charizard|109/271 slp\n|\n|upkeep\n|turn|16\n|\n|t:|1782844423\n|switch|p1a: Dragapult|Dragapult, L77, M|262/262\n|cant|p2a: Charizard|slp\n|\n|upkeep\n|turn|17\n|\n|t:|1782844432\n|switch|p2a: Wugtrio|Wugtrio, L91, F|212/212\n|move|p1a: Dragapult|Dragon Darts|p2a: Wugtrio\n|-crit|p2a: Wugtrio\n|-damage|p2a: Wugtrio|112/212\n|-anim|p1a: Dragapult|Dragon Darts|p2a: Wugtrio\n|-damage|p2a: Wugtrio|42/212\n|\n|upkeep\n|turn|18\n|\n|t:|1782844444\n|switch|p1a: Tsareena|Tsareena, L87, F|267/267\n|-activate|p1a: Tsareena|move: Sticky Web\n|-unboost|p1a: Tsareena|spe|1\n|move|p2a: Wugtrio|Throat Chop|p1a: Tsareena\n|-damage|p1a: Tsareena|168/267\n|-start|p1a: Tsareena|Throat Chop|[silent]\n|\n|upkeep\n|turn|19\n|\n|t:|1782844460\n|switch|p2a: Charizard|Charizard, L85, F|109/271 slp\n|move|p1a: Tsareena|Power Whip|p2a: Charizard\n|-resisted|p2a: Charizard\n|-crit|p2a: Charizard\n|-damage|p2a: Charizard|9/271 slp\n|\n|-end|p1a: Tsareena|Throat Chop|[silent]\n|upkeep\n|turn|20\n|\n|t:|1782844471\n|switch|p1a: Dragapult|Dragapult, L77, M|262/262\n|cant|p2a: Charizard|slp\n|\n|upkeep\n|turn|21\n|\n|t:|1782844484\n|switch|p2a: Probopass|Probopass, L91, F|257/257\n|move|p1a: Dragapult|U-turn|p2a: Probopass\n|-resisted|p2a: Probopass\n|-damage|p2a: Probopass|241/257\n|\n|t:|1782844494\n|switch|p1a: Tsareena|Tsareena, L87, F|168/267|[from] U-turn\n|-activate|p1a: Tsareena|move: Sticky Web\n|-unboost|p1a: Tsareena|spe|1\n|\n|upkeep\n|turn|22\n|\n|t:|1782844517\n|-terastallize|p2a: Probopass|Fighting\n|move|p2a: Probopass|Body Press|p1a: Tsareena\n|-damage|p1a: Tsareena|50/267\n|move|p1a: Tsareena|High Jump Kick|p2a: Probopass\n|-damage|p2a: Probopass|139/257\n|\n|upkeep\n|turn|23\n|j| xMagic_7\n|inactive|milkreo has 120 seconds left.\n|\n|t:|1782844542\n|move|p2a: Probopass|Body Press|p1a: Tsareena\n|-damage|p1a: Tsareena|0 fnt\n|faint|p1a: Tsareena\n|\n|upkeep\n|\n|t:|1782844550\n|switch|p1a: Uxie|Uxie, L83|117/260 brn\n|turn|24\n|\n|t:|1782844553\n|switch|p2a: Charizard|Charizard, L85, F|9/271 slp\n|move|p1a: Uxie|Psychic Noise|p2a: Charizard\n|-damage|p2a: Charizard|0 fnt\n|faint|p2a: Charizard\n|\n|-heal|p1a: Uxie|133/260 brn|[from] item: Leftovers\n|-damage|p1a: Uxie|117/260 brn|[from] brn\n|upkeep\n|\n|t:|1782844555\n|switch|p2a: Wugtrio|Wugtrio, L91, F|42/212\n|turn|25\n|\n|t:|1782844578\n|switch|p1a: Raging Bolt|Raging Bolt, L78|20/323\n|-activate|p1a: Raging Bolt|move: Sticky Web\n|-unboost|p1a: Raging Bolt|spe|1\n|move|p2a: Wugtrio|Throat Chop|p1a: Raging Bolt\n|-damage|p1a: Raging Bolt|0 fnt\n|faint|p1a: Raging Bolt\n|-end|p1a: Raging Bolt|Protosynthesis|[silent]\n|\n|upkeep\n|\n|t:|1782844580\n|switch|p1a: Venomoth|Venomoth, L84, F|192/255\n|turn|26\n|\n|t:|1782844592\n|move|p2a: Wugtrio|Throat Chop|p1a: Venomoth\n|-damage|p1a: Venomoth|59/255\n|-start|p1a: Venomoth|Throat Chop|[silent]\n|move|p1a: Venomoth|Quiver Dance|p1a: Venomoth\n|-boost|p1a: Venomoth|spa|1\n|-boost|p1a: Venomoth|spd|1\n|-boost|p1a: Venomoth|spe|1\n|\n|upkeep\n|turn|27\n|inactive|milkreo has 120 seconds left.\n|\n|t:|1782844633\n|switch|p2a: Probopass|Probopass, L91, F, tera:Fighting|139/257\n|move|p1a: Venomoth|Sludge Wave|p2a: Probopass\n|-damage|p2a: Probopass|54/257\n|\n|-end|p1a: Venomoth|Throat Chop|[silent]\n|upkeep\n|turn|28\n|\n|t:|1782844640\n|move|p1a: Venomoth|Sludge Wave|p2a: Probopass\n|-damage|p2a: Probopass|0 fnt\n|faint|p2a: Probopass\n|\n|upkeep\n|\n|t:|1782844643\n|switch|p2a: Wugtrio|Wugtrio, L91, F|42/212\n|turn|29\n|\n|t:|1782844647\n|switch|p1a: Dragapult|Dragapult, L77, M|262/262\n|move|p2a: Wugtrio|Aqua Jet|p1a: Dragapult\n|-resisted|p1a: Dragapult\n|-damage|p1a: Dragapult|214/262\n|\n|upkeep\n|turn|30\n|\n|t:|1782844653\n|move|p2a: Wugtrio|Aqua Jet|p1a: Dragapult\n|-resisted|p1a: Dragapult\n|-damage|p1a: Dragapult|169/262\n|move|p1a: Dragapult|Will-O-Wisp|p2a: Wugtrio\n|-status|p2a: Wugtrio|brn\n|\n|-damage|p2a: Wugtrio|29/212 brn|[from] brn\n|upkeep\n|turn|31\n|inactive|milkreo has 120 seconds left.\n|\n|t:|1782844690\n|move|p2a: Wugtrio|Aqua Jet|p1a: Dragapult\n|-resisted|p1a: Dragapult\n|-damage|p1a: Dragapult|145/262\n|-start|p2a: Wugtrio|Disable|Aqua Jet|[from] ability: Cursed Body|[of] p1a: Dragapult\n|move|p1a: Dragapult|Hex|p2a: Wugtrio\n|-damage|p2a: Wugtrio|0 fnt\n|faint|p2a: Wugtrio\n|\n|upkeep\n|\n|t:|1782844691\n|switch|p2a: Tauros|Tauros-Paldea-Aqua, L81, M|252/252\n|turn|32\n|\n|t:|1782844693\n|move|p1a: Dragapult|Will-O-Wisp|p2a: Tauros|[miss]\n|-miss|p1a: Dragapult|p2a: Tauros\n|move|p2a: Tauros|Bulk Up|p2a: Tauros\n|-boost|p2a: Tauros|atk|1\n|-boost|p2a: Tauros|def|1\n|\n|upkeep\n|turn|33\n|\n|t:|1782844699\n|move|p1a: Dragapult|Will-O-Wisp|p2a: Tauros\n|-status|p2a: Tauros|brn\n|move|p2a: Tauros|Bulk Up|p2a: Tauros\n|-boost|p2a: Tauros|atk|1\n|-boost|p2a: Tauros|def|1\n|\n|-damage|p2a: Tauros|237/252 brn|[from] brn\n|upkeep\n|turn|34\n|\n|t:|1782844704\n|move|p1a: Dragapult|Hex|p2a: Tauros\n|-crit|p2a: Tauros\n|-damage|p2a: Tauros|8/252 brn\n|-enditem|p2a: Tauros|Sitrus Berry|[eat]\n|-heal|p2a: Tauros|71/252 brn|[from] item: Sitrus Berry\n|move|p2a: Tauros|Liquidation|p1a: Dragapult\n|-resisted|p1a: Dragapult\n|-damage|p1a: Dragapult|86/262\n|\n|-damage|p2a: Tauros|56/252 brn|[from] brn\n|upkeep\n|turn|35\n|\n|t:|1782844707\n|move|p1a: Dragapult|Hex|p2a: Tauros\n|-crit|p2a: Tauros\n|-damage|p2a: Tauros|0 fnt\n|faint|p2a: Tauros\n|\n|win|Chakraisgae\n|raw|Chakraisgae's rating: 2351 &rarr; <strong>2372</strong><br />(+21 for winning)\n|raw|milkreo's rating: 2367 &rarr; <strong>2346</strong><br />(-21 for losing)\n|l| xMagic_7\n", "inputlog": ">version f8ac14003a5f27e1bdc8d8c59608a773c1cb96e5\n>start {\"formatid\":\"gen9randombattle\",\"seed\":\"sodium,6a17d530320f270118f3d1b4bb673010\",\"rated\":\"Rated battle\"}\n>player p1 {\"name\":\"Chakraisgae\",\"avatar\":\"1\",\"rating\":2351,\"seed\":\"sodium,83dcdf929bacc33435750fed00c49612\"}\n>player p2 {\"name\":\"milkreo\",\"avatar\":\"101\",\"rating\":2367,\"seed\":\"sodium,e6475b32c9274cc09b56ed4c5f2ea8dd\"}\n>p1 move knockoff\n>p2 switch 4\n>p1 switch 6\n>p2 move pounce\n>p1 move quiverdance\n>p2 move taunt\n>p1 move sludgewave\n>p2 move stickyweb\n>p1 switch 2\n>p2 move knockoff\n>p1 move calmmind\n>p2 move pounce\n>p1 move thunderclap\n>p2 move pounce\n>p2 switch 2\n>p1 move thunderbolt\n>p2 move dazzlinggleam\n>p1 move thunderbolt\n>p2 move protect\n>p1 move thunderbolt\n>p2 move wish\n>p2 switch 5\n>p1 switch 6\n>p2 move bodypress\n>p1 move knockoff\n>p2 switch 6\n>p1 move yawn\n>p2 move willowisp\n>p1 move uturn\n>p2 move flamethrower\n>p1 switch 3\n>p1 move highjumpkick\n>p2 move flamethrower\n>p1 switch 5\n>p2 move flamethrower\n>p1 move dragondarts\n>p2 switch 3\n>p1 switch 5\n>p2 move throatchop\n>p1 move powerwhip\n>p2 switch 3\n>p1 switch 5\n>p2 move flamethrower\n>p1 move uturn\n>p2 switch 6\n>p1 switch 5\n>p1 move highjumpkick\n>p2 move bodypress terastallize\n>p1 move highjumpkick\n>p2 move bodypress\n>p1 switch 3\n>p1 move psychicnoise\n>p2 switch 6\n>p2 switch 3\n>p1 switch 6\n>p2 move throatchop\n>p1 switch 2\n>p1 move quiverdance\n>p2 move throatchop\n>p1 move sludgewave\n>p2 switch 6\n>p1 move sludgewave\n>p2 move powergem\n>p2 switch 6\n>p1 switch 5\n>p2 move aquajet\n>p1 move willowisp\n>p2 move aquajet\n>p1 move hex\n>p2 move aquajet\n>p2 switch 4\n>p1 move willowisp\n>p2 move bulkup\n>p1 move willowisp\n>p2 move bulkup\n>p1 move hex\n>p2 move liquidation\n>p1 move hex\n>p2 move liquidation", "uploadtime": 1782844708, "views": 14, "formatid": "gen9randombattle", "rating": 2346, "private": 0, "password": null, "player_dets": [{"name": "Chakraisgae", "avatar": "1", "rating": 2351, "seed": "sodium,83dcdf929bacc33435750fed00c49612"}, {"name": "milkreo", "avatar": "101", "rating": 2367, "seed": "sodium,e6475b32c9274cc09b56ed4c5f2ea8dd"}], "teams_full": [{"Uxie": {"name": "Uxie", "species": "Uxie", "speciesId": "uxie", "gender": "N", "shiny": false, "level": 83, "moves": ["knockoff", "yawn", "uturn", "psychicnoise"], "ability": "Levitate", "evs": {"hp": 85, "atk": 85, "def": 85, "spa": 85, "spd": 85, "spe": 85}, "ivs": {"hp": 31, "atk": 31, "def": 31, "spa": 31, "spd": 31, "spe": 31}, "item": "Leftovers", "teraType": "Steel", "role": "Bulky Support", "bvs": {"hp": 75, "atk": 75, "def": 130, "spa": 75, "spd": 130, "spe": 95}, "stats": {"hp": 260, "atk": 172, "def": 263, "spa": 172, "spd": 263, "spe": 205}, "types": ["Psychic"]}, "Raging Bolt": {"name": "Raging Bolt", "species": "Raging Bolt", "speciesId": "ragingbolt", "gender": "N", "shiny": false, "level": 78, "moves": ["thunderclap", "thunderbolt", "dragonpulse", "calmmind"], "ability": "Protosynthesis", "evs": {"hp": 85, "atk": 0, "def": 85, "spa": 85, "spd": 85, "spe": 85}, "ivs": {"hp": 31, "atk": 0, "def": 31, "spa": 31, "spd": 31, "spe": 31}, "item": "Booster Energy", "teraType": "Fairy", "role": "Fast Bulky Setup", "bvs": {"hp": 125, "atk": 73, "def": 91, "spa": 137, "spd": 89, "spe": 75}, "stats": {"hp": 323, "atk": 118, "def": 187, "spa": 259, "spd": 184, "spe": 162}, "types": ["Electric", "Dragon"]}, "Tsareena": {"name": "Tsareena", "species": "Tsareena", "speciesId": "tsareena", "gender": "F", "shiny": false, "level": 87, "moves": ["highjumpkick", "powerwhip", "knockoff", "tripleaxel"], "ability": "Queenly Majesty", "evs": {"hp": 85, "atk": 85, "def": 85, "spa": 85, "spd": 85, "spe": 85}, "ivs": {"hp": 31, "atk": 31, "def": 31, "spa": 31, "spd": 31, "spe": 31}, "item": "Choice Band", "teraType": "Fighting", "role": "Fast Support", "bvs": {"hp": 72, "atk": 120, "def": 98, "spa": 50, "spd": 98, "spe": 72}, "stats": {"hp": 267, "atk": 259, "def": 220, "spa": 137, "spd": 220, "spe": 175}, "types": ["Grass"]}, "Hypno": {"name": "Hypno", "species": "Hypno", "speciesId": "hypno", "gender": "M", "shiny": false, "level": 95, "moves": ["knockoff", "encore", "psychicnoise", "toxic"], "ability": "Insomnia", "evs": {"hp": 85, "atk": 85, "def": 85, "spa": 85, "spd": 85, "spe": 85}, "ivs": {"hp": 31, "atk": 31, "def": 31, "spa": 31, "spd": 31, "spe": 31}, "item": "Leftovers", "teraType": "Steel", "role": "Bulky Support", "bvs": {"hp": 85, "atk": 73, "def": 70, "spa": 73, "spd": 115, "spe": 67}, "stats": {"hp": 315, "atk": 193, "def": 187, "spa": 193, "spd": 272, "spe": 181}, "types": ["Psychic"]}, "Dragapult": {"name": "Dragapult", "species": "Dragapult", "speciesId": "dragapult", "gender": "M", "shiny": false, "level": 77, "moves": ["hex", "willowisp", "dragondarts", "uturn"], "ability": "Cursed Body", "evs": {"hp": 85, "atk": 85, "def": 85, "spa": 85, "spd": 85, "spe": 85}, "ivs": {"hp": 31, "atk": 31, "def": 31, "spa": 31, "spd": 31, "spe": 31}, "item": "Heavy-Duty Boots", "teraType": "Dragon", "role": "Fast Support", "bvs": {"hp": 88, "atk": 120, "def": 75, "spa": 100, "spd": 75, "spe": 142}, "stats": {"hp": 262, "atk": 229, "def": 160, "spa": 199, "spd": 160, "spe": 263}, "types": ["Dragon", "Ghost"]}, "Venomoth": {"name": "Venomoth", "species": "Venomoth", "speciesId": "venomoth", "gender": "F", "shiny": false, "level": 84, "moves": ["sleeppowder", "sludgewave", "bugbuzz", "quiverdance"], "ability": "Tinted Lens", "evs": {"hp": 85, "atk": 0, "def": 85, "spa": 85, "spd": 85, "spe": 85}, "ivs": {"hp": 31, "atk": 0, "def": 31, "spa": 31, "spd": 31, "spe": 31}, "item": "Heavy-Duty Boots", "teraType": "Bug", "role": "Setup Sweeper", "bvs": {"hp": 70, "atk": 65, "def": 60, "spa": 90, "spd": 75, "spe": 90}, "stats": {"hp": 255, "atk": 114, "def": 149, "spa": 199, "spd": 174, "spe": 199}, "types": ["Bug", "Poison"]}}, {"Tauros": {"name": "Tauros", "species": "Tauros-Paldea-Aqua", "speciesId": "taurospaldeaaqua", "gender": "M", "shiny": false, "level": 81, "moves": ["bulkup", "liquidation", "closecombat", "substitute"], "ability": "Cud Chew", "evs": {"hp": 73, "atk": 85, "def": 85, "spa": 85, "spd": 85, "spe": 85}, "ivs": {"hp": 31, "atk": 31, "def": 31, "spa": 31, "spd": 31, "spe": 31}, "item": "Sitrus Berry", "teraType": "Water", "role": "Fast Bulky Setup", "bvs": {"hp": 75, "atk": 110, "def": 105, "spa": 30, "spd": 70, "spe": 100}, "stats": {"hp": 252, "atk": 225, "def": 217, "spa": 95, "spd": 160, "spe": 209}, "types": ["Fighting", "Water"]}, "Wigglytuff": {"name": "Wigglytuff", "species": "Wigglytuff", "speciesId": "wigglytuff", "gender": "M", "shiny": false, "level": 96, "moves": ["protect", "wish", "fireblast", "dazzlinggleam"], "ability": "Competitive", "evs": {"hp": 85, "atk": 0, "def": 85, "spa": 85, "spd": 85, "spe": 85}, "ivs": {"hp": 31, "atk": 0, "def": 31, "spa": 31, "spd": 31, "spe": 31}, "item": "Leftovers", "teraType": "Poison", "role": "Bulky Support", "bvs": {"hp": 140, "atk": 70, "def": 45, "spa": 85, "spd": 50, "spe": 45}, "stats": {"hp": 424, "atk": 139, "def": 141, "spa": 218, "spd": 150, "spe": 141}, "types": ["Normal", "Fairy"]}, "Wugtrio": {"name": "Wugtrio", "species": "Wugtrio", "speciesId": "wugtrio", "gender": "F", "shiny": false, "level": 91, "moves": ["throatchop", "aquajet", "stompingtantrum", "liquidation"], "ability": "Gooey", "evs": {"hp": 85, "atk": 85, "def": 85, "spa": 85, "spd": 85, "spe": 85}, "ivs": {"hp": 31, "atk": 31, "def": 31, "spa": 31, "spd": 31, "spe": 31}, "item": "Choice Band", "teraType": "Dark", "role": "Fast Attacker", "bvs": {"hp": 35, "atk": 100, "def": 50, "spa": 50, "spd": 70, "spe": 120}, "stats": {"hp": 212, "atk": 234, "def": 143, "spa": 143, "spd": 179, "spe": 270}, "types": ["Water"]}, "Kricketune": {"name": "Kricketune", "species": "Kricketune", "speciesId": "kricketune", "gender": "F", "shiny": false, "level": 99, "moves": ["pounce", "knockoff", "stickyweb", "taunt"], "ability": "Technician", "evs": {"hp": 85, "atk": 85, "def": 85, "spa": 85, "spd": 85, "spe": 85}, "ivs": {"hp": 31, "atk": 31, "def": 31, "spa": 31, "spd": 31, "spe": 31}, "item": "Heavy-Duty Boots", "teraType": "Ghost", "role": "Fast Support", "bvs": {"hp": 77, "atk": 85, "def": 51, "spa": 55, "spd": 51, "spe": 65}, "stats": {"hp": 312, "atk": 224, "def": 157, "spa": 165, "spd": 157, "spe": 185}, "types": ["Bug"]}, "Probopass": {"name": "Probopass", "species": "Probopass", "speciesId": "probopass", "gender": "F", "shiny": false, "level": 91, "moves": ["powergem", "bodypress", "irondefense", "rest"], "ability": "Magnet Pull", "evs": {"hp": 85, "atk": 0, "def": 85, "spa": 85, "spd": 85, "spe": 85}, "ivs": {"hp": 31, "atk": 0, "def": 31, "spa": 31, "spd": 31, "spe": 31}, "item": "Chesto Berry", "teraType": "Fighting", "role": "Bulky Setup", "bvs": {"hp": 60, "atk": 55, "def": 145, "spa": 75, "spd": 150, "spe": 40}, "stats": {"hp": 257, "atk": 105, "def": 316, "spa": 188, "spd": 325, "spe": 125}, "types": ["Rock", "Steel"]}, "Charizard": {"name": "Charizard", "species": "Charizard", "speciesId": "charizard", "gender": "F", "shiny": false, "level": 85, "moves": ["willowisp", "hurricane", "focusblast", "flamethrower"], "ability": "Blaze", "evs": {"hp": 85, "atk": 0, "def": 85, "spa": 85, "spd": 85, "spe": 85}, "ivs": {"hp": 31, "atk": 0, "def": 31, "spa": 31, "spd": 31, "spe": 31}, "item": "Heavy-Duty Boots", "teraType": "Fire", "role": "Fast Attacker", "bvs": {"hp": 78, "atk": 84, "def": 78, "spa": 109, "spd": 85, "spe": 100}, "stats": {"hp": 271, "atk": 147, "def": 181, "spa": 234, "spd": 193, "spe": 219}, "types": ["Fire", "Flying"]}}]}