{"id": "gen9randombattle-2641941105", "format": "[Gen 9] Random Battle", "players": ["myrang", "muslerasinmanos"], "log": "|j|\u2606myrang\n|j|\u2606muslerasinmanos\n|t:|1782862199\n|gametype|singles\n|player|p1|myrang|170|1892\n|player|p2|muslerasinmanos|roxie|1901\n|gen|9\n|tier|[Gen 9] Random Battle\n|rated|\n|rule|Species Clause: Limit one of each Pok\u00e9mon\n|rule|HP Percentage Mod: HP is shown in percentages\n|rule|Sleep Clause Mod: Limit one foe put to sleep\n|rule|Illusion Level Mod: Illusion disguises the Pok\u00e9mon's true level\n|\n|t:|1782862199\n|teamsize|p1|6\n|teamsize|p2|6\n|start\n|switch|p1a: Zangoose|Zangoose, L85, M|263/263\n|switch|p2a: Quagsire|Quagsire, L84, F|297/297\n|turn|1\n|\n|t:|1782862206\n|switch|p2a: Stonjourner|Stonjourner, L91, M|330/330\n|move|p1a: Zangoose|Knock Off|p2a: Stonjourner\n|-damage|p2a: Stonjourner|271/330\n|-enditem|p2a: Stonjourner|Life Orb|[from] move: Knock Off|[of] p1a: Zangoose\n|\n|-status|p1a: Zangoose|tox|[from] item: Toxic Orb\n|upkeep\n|turn|2\n|\n|t:|1782862212\n|move|p1a: Zangoose|Close Combat|p2a: Stonjourner\n|-supereffective|p2a: Stonjourner\n|-damage|p2a: Stonjourner|81/330\n|-unboost|p1a: Zangoose|def|1\n|-unboost|p1a: Zangoose|spd|1\n|move|p2a: Stonjourner|Stealth Rock|p1a: Zangoose\n|-sidestart|p1: myrang|move: Stealth Rock\n|\n|-damage|p1a: Zangoose|247/263 tox|[from] psn\n|upkeep\n|turn|3\n|\n|t:|1782862229\n|switch|p2a: Latias|Latias, L79, F|256/256\n|move|p1a: Zangoose|Facade|p2a: Latias\n|-damage|p2a: Latias|0 fnt\n|faint|p2a: Latias\n|\n|-damage|p1a: Zangoose|215/263 tox|[from] psn\n|upkeep\n|\n|t:|1782862240\n|switch|p2a: Stonjourner|Stonjourner, L91, M|81/330\n|turn|4\n|\n|t:|1782862247\n|move|p1a: Zangoose|Close Combat|p2a: Stonjourner\n|-supereffective|p2a: Stonjourner\n|-damage|p2a: Stonjourner|0 fnt\n|-unboost|p1a: Zangoose|def|1\n|-unboost|p1a: Zangoose|spd|1\n|faint|p2a: Stonjourner\n|\n|-damage|p1a: Zangoose|167/263 tox|[from] psn\n|upkeep\n|\n|t:|1782862251\n|switch|p2a: Serperior|Serperior, L79, M|248/248\n|turn|5\n|\n|t:|1782862254\n|switch|p1a: Gogoat|Gogoat, L88, F|360/360\n|-damage|p1a: Gogoat|315/360|[from] Stealth Rock\n|move|p2a: Serperior|Leaf Storm|p1a: Gogoat\n|-ability|p1a: Gogoat|Sap Sipper|boost\n|-boost|p1a: Gogoat|atk|1\n|\n|-heal|p1a: Gogoat|337/360|[from] item: Leftovers\n|upkeep\n|turn|6\n|\n|t:|1782862261\n|-terastallize|p2a: Serperior|Fire\n|move|p2a: Serperior|Tera Blast|p1a: Gogoat|[anim] Tera Blast Fire\n|-supereffective|p1a: Gogoat\n|-damage|p1a: Gogoat|186/360\n|-damage|p2a: Serperior|224/248|[from] item: Life Orb\n|move|p1a: Gogoat|Horn Leech|p2a: Serperior\n|-resisted|p2a: Serperior\n|-damage|p2a: Serperior|157/248\n|-heal|p1a: Gogoat|220/360|[from] drain|[of] p2a: Serperior\n|\n|-heal|p1a: Gogoat|242/360|[from] item: Leftovers\n|upkeep\n|turn|7\n|\n|t:|1782862263\n|move|p2a: Serperior|Tera Blast|p1a: Gogoat|[anim] Tera Blast Fire\n|-supereffective|p1a: Gogoat\n|-damage|p1a: Gogoat|70/360\n|-damage|p2a: Serperior|133/248|[from] item: Life Orb\n|move|p1a: Gogoat|Earthquake|p2a: Serperior\n|-supereffective|p2a: Serperior\n|-damage|p2a: Serperior|0 fnt\n|faint|p2a: Serperior\n|\n|-heal|p1a: Gogoat|92/360|[from] item: Leftovers\n|upkeep\n|\n|t:|1782862272\n|switch|p2a: Duraludon|Duraludon, L82, M|249/249\n|turn|8\n|\n|t:|1782862274\n|move|p2a: Duraludon|Flash Cannon|p1a: Gogoat\n|-crit|p1a: Gogoat\n|-damage|p1a: Gogoat|0 fnt\n|faint|p1a: Gogoat\n|\n|upkeep\n|\n|t:|1782862280\n|switch|p1a: Vaporeon|Vaporeon, L86, F|364/364\n|-damage|p1a: Vaporeon|319/364|[from] Stealth Rock\n|turn|9\n|\n|t:|1782862283\n|move|p1a: Vaporeon|Ice Beam|p2a: Duraludon\n|-damage|p2a: Duraludon|179/249\n|move|p2a: Duraludon|Dragon Tail|p1a: Vaporeon\n|-damage|p1a: Vaporeon|246/364\n|drag|p1a: Comfey|Comfey, L85, F|225/225\n|-damage|p1a: Comfey|197/225|[from] Stealth Rock\n|\n|-heal|p1a: Comfey|211/225|[from] item: Leftovers\n|upkeep\n|turn|10\n|\n|t:|1782862288\n|switch|p1a: Vaporeon|Vaporeon, L86, F|246/364\n|-damage|p1a: Vaporeon|201/364|[from] Stealth Rock\n|move|p2a: Duraludon|Flash Cannon|p1a: Vaporeon\n|-resisted|p1a: Vaporeon\n|-damage|p1a: Vaporeon|161/364\n|\n|-heal|p1a: Vaporeon|183/364|[from] item: Leftovers\n|upkeep\n|turn|11\n|\n|t:|1782862290\n|move|p1a: Vaporeon|Protect|p1a: Vaporeon\n|-singleturn|p1a: Vaporeon|Protect\n|move|p2a: Duraludon|Dragon Tail|p1a: Vaporeon\n|-activate|p1a: Vaporeon|move: Protect\n|\n|-heal|p1a: Vaporeon|205/364|[from] item: Leftovers\n|upkeep\n|turn|12\n|\n|t:|1782862298\n|move|p1a: Vaporeon|Ice Beam|p2a: Duraludon\n|-damage|p2a: Duraludon|106/249\n|move|p2a: Duraludon|Dragon Tail|p1a: Vaporeon|[miss]\n|-miss|p2a: Duraludon|p1a: Vaporeon\n|\n|-heal|p1a: Vaporeon|227/364|[from] item: Leftovers\n|upkeep\n|turn|13\n|\n|t:|1782862303\n|move|p1a: Vaporeon|Ice Beam|p2a: Duraludon\n|-damage|p2a: Duraludon|26/249\n|move|p2a: Duraludon|Dragon Tail|p1a: Vaporeon\n|-damage|p1a: Vaporeon|146/364\n|drag|p1a: Oranguru|Oranguru, L92, F|315/315\n|-damage|p1a: Oranguru|276/315|[from] Stealth Rock\n|\n|upkeep\n|turn|14\n|\n|t:|1782862309\n|move|p2a: Duraludon|Flash Cannon|p1a: Oranguru\n|-damage|p1a: Oranguru|206/315\n|-unboost|p1a: Oranguru|spd|1\n|move|p1a: Oranguru|Psyshock|p2a: Duraludon\n|-resisted|p2a: Duraludon\n|-damage|p2a: Duraludon|0 fnt\n|faint|p2a: Duraludon\n|\n|upkeep\n|\n|t:|1782862312\n|switch|p2a: Quagsire|Quagsire, L84, F|297/297\n|turn|15\n|\n|t:|1782862316\n|move|p1a: Oranguru|Psyshock|p2a: Quagsire\n|-damage|p2a: Quagsire|150/297\n|move|p2a: Quagsire|Earthquake|p1a: Oranguru\n|-damage|p1a: Oranguru|107/315\n|\n|-heal|p2a: Quagsire|168/297|[from] item: Leftovers\n|upkeep\n|turn|16\n|\n|t:|1782862320\n|move|p1a: Oranguru|Psyshock|p2a: Quagsire\n|-damage|p2a: Quagsire|9/297\n|move|p2a: Quagsire|Earthquake|p1a: Oranguru\n|-damage|p1a: Oranguru|5/315\n|\n|-heal|p2a: Quagsire|27/297|[from] item: Leftovers\n|upkeep\n|turn|17\n|\n|t:|1782862324\n|move|p1a: Oranguru|Psyshock|p2a: Quagsire\n|-damage|p2a: Quagsire|0 fnt\n|faint|p2a: Quagsire\n|\n|upkeep\n|\n|t:|1782862327\n|switch|p2a: Seviper|Seviper, L93, F|287/287\n|turn|18\n|\n|t:|1782862330\n|move|p2a: Seviper|Trailblaze|p1a: Oranguru\n|-damage|p1a: Oranguru|0 fnt\n|-boost|p2a: Seviper|spe|1\n|faint|p1a: Oranguru\n|\n|upkeep\n|\n|t:|1782862333\n|switch|p1a: Mewtwo|Mewtwo, L72|272/272\n|-damage|p1a: Mewtwo|238/272|[from] Stealth Rock\n|-ability|p1a: Mewtwo|Pressure\n|turn|19\n|\n|t:|1782862337\n|move|p2a: Seviper|Gunk Shot|p1a: Mewtwo\n|-damage|p1a: Mewtwo|63/272\n|move|p1a: Mewtwo|Psystrike|p2a: Seviper\n|-supereffective|p2a: Seviper\n|-damage|p2a: Seviper|0 fnt\n|faint|p2a: Seviper\n|-damage|p1a: Mewtwo|36/272|[from] item: Life Orb\n|\n|win|myrang\n|raw|myrang's rating: 1892 &rarr; <strong>1913</strong><br />(+21 for winning)\n|raw|muslerasinmanos's rating: 1901 &rarr; <strong>1880</strong><br />(-21 for losing)\n", "inputlog": ">version f8ac14003a5f27e1bdc8d8c59608a773c1cb96e5\n>start {\"formatid\":\"gen9randombattle\",\"seed\":\"sodium,8e18ec158d179377cef3c4af1dfc36a3\",\"rated\":\"Rated battle\"}\n>player p1 {\"name\":\"myrang\",\"avatar\":\"170\",\"rating\":1892,\"seed\":\"sodium,f5a88ad3f6e8084ef2458a774345566f\"}\n>player p2 {\"name\":\"muslerasinmanos\",\"avatar\":\"roxie\",\"rating\":1901,\"seed\":\"sodium,619340bea537b7cdc095c28d6efbd644\"}\n>p1 move knockoff\n>p2 switch 2\n>p1 move closecombat\n>p2 move stealthrock\n>p1 move facade\n>p2 switch 4\n>p2 switch 4\n>p1 move closecombat\n>p2 move earthquake\n>p2 switch 3\n>p1 switch 3\n>p2 move leafstorm\n>p1 move hornleech\n>p2 move terablast terastallize\n>p1 move earthquake\n>p2 move terablast\n>p2 switch 6\n>p1 move earthquake\n>p2 move flashcannon\n>p1 switch 5\n>p1 move icebeam\n>p2 move dragontail\n>p1 switch 2\n>p2 move flashcannon\n>p1 move protect\n>p2 move dragontail\n>p1 move icebeam\n>p2 move dragontail\n>p1 move icebeam\n>p2 move dragontail\n>p1 move psyshock\n>p2 move flashcannon\n>p2 switch 2\n>p1 move psyshock\n>p2 move earthquake\n>p1 move psyshock\n>p2 move earthquake\n>p1 move psyshock\n>p2 move recover\n>p2 switch 5\n>p1 move psyshock\n>p2 move trailblaze\n>p1 switch 6\n>p1 move psystrike\n>p2 move gunkshot", "uploadtime": 1782862337, "views": 5, "formatid": "gen9randombattle", "rating": 1880, "private": 0, "password": null, "player_dets": [{"name": "myrang", "avatar": "170", "rating": 1892, "seed": "sodium,f5a88ad3f6e8084ef2458a774345566f"}, {"name": "muslerasinmanos", "avatar": "roxie", "rating": 1901, "seed": "sodium,619340bea537b7cdc095c28d6efbd644"}], "teams_full": [{"Zangoose": {"name": "Zangoose", "species": "Zangoose", "speciesId": "zangoose", "gender": "M", "shiny": false, "level": 85, "moves": ["closecombat", "quickattack", "knockoff", "facade"], "ability": "Toxic Boost", "evs": {"hp": 85, "atk": 85, "def": 85, "spa": 85, "spd": 85, "spe": 85}, "ivs": {"hp": 31, "atk": 31, "def": 31, "spa": 31, "spd": 31, "spe": 31}, "item": "Toxic Orb", "teraType": "Normal", "role": "Fast Attacker", "bvs": {"hp": 73, "atk": 115, "def": 60, "spa": 60, "spd": 60, "spe": 90}, "stats": {"hp": 263, "atk": 244, "def": 151, "spa": 151, "spd": 151, "spe": 202}, "types": ["Normal"]}, "Comfey": {"name": "Comfey", "species": "Comfey", "speciesId": "comfey", "gender": "F", "shiny": false, "level": 85, "moves": ["gigadrain", "calmmind", "drainingkiss", "terablast"], "ability": "Triage", "evs": {"hp": 85, "atk": 0, "def": 85, "spa": 85, "spd": 85, "spe": 85}, "ivs": {"hp": 31, "atk": 0, "def": 31, "spa": 31, "spd": 31, "spe": 31}, "item": "Leftovers", "teraType": "Ground", "role": "Tera Blast user", "bvs": {"hp": 51, "atk": 52, "def": 90, "spa": 82, "spd": 110, "spe": 100}, "stats": {"hp": 225, "atk": 93, "def": 202, "spa": 188, "spd": 236, "spe": 219}, "types": ["Fairy"]}, "Gogoat": {"name": "Gogoat", "species": "Gogoat", "speciesId": "gogoat", "gender": "F", "shiny": false, "level": 88, "moves": ["hornleech", "bulkup", "milkdrink", "earthquake"], "ability": "Sap Sipper", "evs": {"hp": 85, "atk": 85, "def": 85, "spa": 85, "spd": 85, "spe": 85}, "ivs": {"hp": 31, "atk": 31, "def": 31, "spa": 31, "spd": 31, "spe": 31}, "item": "Leftovers", "teraType": "Ground", "role": "Bulky Setup", "bvs": {"hp": 123, "atk": 100, "def": 62, "spa": 97, "spd": 81, "spe": 68}, "stats": {"hp": 360, "atk": 226, "def": 159, "spa": 221, "spd": 193, "spe": 170}, "types": ["Grass"]}, "Oranguru": {"name": "Oranguru", "species": "Oranguru", "speciesId": "oranguru", "gender": "F", "shiny": false, "level": 92, "moves": ["hypervoice", "thunderbolt", "focusblast", "psyshock"], "ability": "Inner Focus", "evs": {"hp": 85, "atk": 0, "def": 85, "spa": 85, "spd": 85, "spe": 85}, "ivs": {"hp": 31, "atk": 0, "def": 31, "spa": 31, "spd": 31, "spe": 31}, "item": "Choice Specs", "teraType": "Fighting", "role": "Wallbreaker", "bvs": {"hp": 90, "atk": 60, "def": 80, "spa": 90, "spd": 110, "spe": 60}, "stats": {"hp": 315, "atk": 115, "def": 200, "spa": 218, "spd": 255, "spe": 163}, "types": ["Normal", "Psychic"]}, "Vaporeon": {"name": "Vaporeon", "species": "Vaporeon", "speciesId": "vaporeon", "gender": "F", "shiny": false, "level": 86, "moves": ["scald", "protect", "wish", "icebeam"], "ability": "Water Absorb", "evs": {"hp": 85, "atk": 0, "def": 85, "spa": 85, "spd": 85, "spe": 85}, "ivs": {"hp": 31, "atk": 0, "def": 31, "spa": 31, "spd": 31, "spe": 31}, "item": "Leftovers", "teraType": "Poison", "role": "Bulky Support", "bvs": {"hp": 130, "atk": 65, "def": 60, "spa": 110, "spd": 95, "spe": 65}, "stats": {"hp": 364, "atk": 116, "def": 152, "spa": 238, "spd": 213, "spe": 161}, "types": ["Water"]}, "Mewtwo": {"name": "Mewtwo", "species": "Mewtwo", "speciesId": "mewtwo", "gender": "N", "shiny": false, "level": 72, "moves": ["fireblast", "psystrike", "nastyplot", "aurasphere"], "ability": "Pressure", "evs": {"hp": 85, "atk": 0, "def": 85, "spa": 85, "spd": 85, "spe": 85}, "ivs": {"hp": 31, "atk": 0, "def": 31, "spa": 31, "spd": 31, "spe": 31}, "item": "Life Orb", "teraType": "Psychic", "role": "Setup Sweeper", "bvs": {"hp": 106, "atk": 110, "def": 90, "spa": 154, "spd": 90, "spe": 130}, "stats": {"hp": 272, "atk": 163, "def": 172, "spa": 264, "spd": 172, "spe": 229}, "types": ["Psychic"]}}, {"Quagsire": {"name": "Quagsire", "species": "Quagsire", "speciesId": "quagsire", "gender": "F", "shiny": false, "level": 84, "moves": ["toxic", "recover", "spikes", "earthquake"], "ability": "Unaware", "evs": {"hp": 85, "atk": 85, "def": 85, "spa": 85, "spd": 85, "spe": 85}, "ivs": {"hp": 31, "atk": 31, "def": 31, "spa": 31, "spd": 31, "spe": 31}, "item": "Leftovers", "teraType": "Poison", "role": "Bulky Support", "bvs": {"hp": 95, "atk": 85, "def": 85, "spa": 65, "spd": 65, "spe": 35}, "stats": {"hp": 297, "atk": 191, "def": 191, "spa": 157, "spd": 157, "spe": 107}, "types": ["Water", "Ground"]}, "Stonjourner": {"name": "Stonjourner", "species": "Stonjourner", "speciesId": "stonjourner", "gender": "M", "shiny": false, "level": 91, "moves": ["earthquake", "heatcrash", "stoneedge", "stealthrock"], "ability": "Power Spot", "evs": {"hp": 85, "atk": 85, "def": 85, "spa": 85, "spd": 85, "spe": 85}, "ivs": {"hp": 31, "atk": 31, "def": 31, "spa": 31, "spd": 31, "spe": 31}, "item": "Life Orb", "teraType": "Fire", "role": "Fast Attacker", "bvs": {"hp": 100, "atk": 125, "def": 135, "spa": 20, "spd": 20, "spe": 70}, "stats": {"hp": 330, "atk": 279, "def": 298, "spa": 88, "spd": 88, "spe": 179}, "types": ["Rock"]}, "Serperior": {"name": "Serperior", "species": "Serperior", "speciesId": "serperior", "gender": "M", "shiny": false, "level": 79, "moves": ["leafstorm", "synthesis", "terablast", "glare"], "ability": "Contrary", "evs": {"hp": 85, "atk": 85, "def": 85, "spa": 85, "spd": 85, "spe": 85}, "ivs": {"hp": 31, "atk": 31, "def": 31, "spa": 31, "spd": 31, "spe": 31}, "item": "Life Orb", "teraType": "Fire", "role": "Tera Blast user", "bvs": {"hp": 75, "atk": 75, "def": 95, "spa": 75, "spd": 95, "spe": 113}, "stats": {"hp": 248, "atk": 164, "def": 196, "spa": 164, "spd": 196, "spe": 224}, "types": ["Grass"]}, "Latias": {"name": "Latias", "species": "Latias", "speciesId": "latias", "gender": "F", "shiny": false, "level": 79, "moves": ["recover", "dracometeor", "psyshock", "calmmind"], "ability": "Levitate", "evs": {"hp": 85, "atk": 0, "def": 85, "spa": 85, "spd": 85, "spe": 85}, "ivs": {"hp": 31, "atk": 0, "def": 31, "spa": 31, "spd": 31, "spe": 31}, "item": "Soul Dew", "teraType": "Steel", "role": "Fast Bulky Setup", "bvs": {"hp": 80, "atk": 80, "def": 90, "spa": 110, "spd": 130, "spe": 110}, "stats": {"hp": 256, "atk": 131, "def": 188, "spa": 219, "spd": 251, "spe": 219}, "types": ["Dragon", "Psychic"]}, "Seviper": {"name": "Seviper", "species": "Seviper", "speciesId": "seviper", "gender": "F", "shiny": false, "level": 93, "moves": ["earthquake", "swordsdance", "gunkshot", "trailblaze"], "ability": "Shed Skin", "evs": {"hp": 85, "atk": 85, "def": 85, "spa": 85, "spd": 85, "spe": 85}, "ivs": {"hp": 31, "atk": 31, "def": 31, "spa": 31, "spd": 31, "spe": 31}, "item": "Leftovers", "teraType": "Ground", "role": "Bulky Setup", "bvs": {"hp": 73, "atk": 100, "def": 60, "spa": 100, "spd": 60, "spe": 65}, "stats": {"hp": 287, "atk": 239, "def": 164, "spa": 239, "spd": 164, "spe": 174}, "types": ["Poison"]}, "Duraludon": {"name": "Duraludon", "species": "Duraludon", "speciesId": "duraludon", "gender": "M", "shiny": false, "level": 82, "moves": ["flashcannon", "dragontail", "dracometeor", "bodypress"], "ability": "Light Metal", "evs": {"hp": 85, "atk": 85, "def": 85, "spa": 85, "spd": 85, "spe": 85}, "ivs": {"hp": 31, "atk": 31, "def": 31, "spa": 31, "spd": 31, "spe": 31}, "item": "Eviolite", "teraType": "Fighting", "role": "Bulky Attacker", "bvs": {"hp": 70, "atk": 95, "def": 115, "spa": 120, "spd": 50, "spe": 85}, "stats": {"hp": 249, "atk": 203, "def": 236, "spa": 244, "spd": 129, "spe": 187}, "types": ["Steel", "Dragon"]}}]}