{"id": "gen9randombattle-2642115603", "format": "[Gen 9] Random Battle", "players": ["lekkerinten", "Foster The Sheeple"], "log": "|j|\u2606lekkerinten\n|j|\u2606Foster The Sheeple\n|t:|1782893307\n|gametype|singles\n|player|p1|lekkerinten|guitarist-gen4|1891\n|player|p2|Foster The Sheeple|dancer|1916\n|gen|9\n|tier|[Gen 9] Random Battle\n|rated|\n|rule|Species Clause: Limit one of each Pok\u00e9mon\n|rule|HP Percentage Mod: HP is shown in percentages\n|rule|Sleep Clause Mod: Limit one foe put to sleep\n|rule|Illusion Level Mod: Illusion disguises the Pok\u00e9mon's true level\n|\n|t:|1782893307\n|teamsize|p1|6\n|teamsize|p2|6\n|start\n|switch|p1a: Alcremie|Alcremie-Rainbow-Swirl, L90, F|263/263\n|switch|p2a: Persian|Persian-Alola, L86, M|252/252\n|turn|1\n|inactive|Battle timer is ON: inactive players will automatically lose when time's up. (requested by Foster The Sheeple)\n|\n|t:|1782893322\n|move|p2a: Persian|Parting Shot|p1a: Alcremie\n|-unboost|p1a: Alcremie|atk|1\n|-unboost|p1a: Alcremie|spa|1\n|\n|t:|1782893338\n|switch|p2a: Piloswine|Piloswine, L85, F|309/309|[from] Parting Shot\n|move|p1a: Alcremie|Alluring Voice|p2a: Piloswine\n|-damage|p2a: Piloswine|240/309\n|\n|upkeep\n|turn|2\n|inactive|lekkerinten has 120 seconds left.\n|\n|t:|1782893378\n|move|p1a: Alcremie|Calm Mind|p1a: Alcremie\n|-boost|p1a: Alcremie|spa|1\n|-boost|p1a: Alcremie|spd|1\n|move|p2a: Piloswine|Stealth Rock|p1a: Alcremie\n|-sidestart|p1: lekkerinten|move: Stealth Rock\n|\n|upkeep\n|turn|3\n|\n|t:|1782893396\n|move|p1a: Alcremie|Alluring Voice|p2a: Piloswine\n|-damage|p2a: Piloswine|140/309\n|move|p2a: Piloswine|Earthquake|p1a: Alcremie\n|-damage|p1a: Alcremie|140/263\n|\n|-heal|p1a: Alcremie|156/263|[from] item: Leftovers\n|upkeep\n|turn|4\n|\n|t:|1782893403\n|switch|p2a: Persian|Persian-Alola, L86, M|252/252\n|move|p1a: Alcremie|Alluring Voice|p2a: Persian\n|-supereffective|p2a: Persian\n|-damage|p2a: Persian|0 fnt\n|faint|p2a: Persian\n|\n|-heal|p1a: Alcremie|172/263|[from] item: Leftovers\n|upkeep\n|\n|t:|1782893414\n|switch|p2a: Iron Boulder|Iron Boulder, L77|265/265\n|turn|5\n|\n|t:|1782893421\n|move|p2a: Iron Boulder|Swords Dance|p2a: Iron Boulder\n|-boost|p2a: Iron Boulder|atk|2\n|move|p1a: Alcremie|Alluring Voice|p2a: Iron Boulder\n|-damage|p2a: Iron Boulder|159/265\n|-start|p2a: Iron Boulder|confusion\n|\n|-heal|p1a: Alcremie|188/263|[from] item: Leftovers\n|upkeep\n|turn|6\n|\n|t:|1782893425\n|-activate|p2a: Iron Boulder|confusion\n|move|p2a: Iron Boulder|Mighty Cleave|p1a: Alcremie\n|-damage|p1a: Alcremie|0 fnt\n|faint|p1a: Alcremie\n|-damage|p2a: Iron Boulder|133/265|[from] item: Life Orb\n|\n|upkeep\n|\n|t:|1782893434\n|switch|p1a: Electrode|Electrode-Hisui, L87|246/246\n|-damage|p1a: Electrode|216/246|[from] Stealth Rock\n|turn|7\n|\n|t:|1782893441\n|-end|p2a: Iron Boulder|Quark Drive|[silent]\n|switch|p2a: Thundurus|Thundurus-Therian, L80, M|258/258\n|move|p1a: Electrode|Giga Drain|p2a: Thundurus\n|-resisted|p2a: Thundurus\n|-damage|p2a: Thundurus|203/258\n|-heal|p1a: Electrode|244/246|[from] drain|[of] p2a: Thundurus\n|-damage|p1a: Electrode|220/246|[from] item: Life Orb\n|\n|upkeep\n|turn|8\n|\n|t:|1782893451\n|switch|p1a: Farigiraf|Farigiraf, L90, M|362/362\n|-damage|p1a: Farigiraf|317/362|[from] Stealth Rock\n|move|p2a: Thundurus|Nasty Plot|p2a: Thundurus\n|-boost|p2a: Thundurus|spa|2\n|\n|-heal|p1a: Farigiraf|339/362|[from] item: Leftovers\n|upkeep\n|turn|9\n|\n|t:|1782893470\n|move|p2a: Thundurus|Nasty Plot|p2a: Thundurus\n|-boost|p2a: Thundurus|spa|2\n|move|p1a: Farigiraf|Psychic Noise|p2a: Thundurus\n|-damage|p2a: Thundurus|94/258\n|-start|p2a: Thundurus|move: Heal Block\n|\n|-heal|p1a: Farigiraf|361/362|[from] item: Leftovers\n|upkeep\n|turn|10\n|\n|t:|1782893475\n|move|p2a: Thundurus|Thunderbolt|p1a: Farigiraf\n|-damage|p1a: Farigiraf|0 fnt\n|faint|p1a: Farigiraf\n|\n|-end|p2a: Thundurus|move: Heal Block\n|upkeep\n|\n|t:|1782893481\n|switch|p1a: Salamence|Salamence, L77, F|273/273\n|-ability|p1a: Salamence|Intimidate|boost\n|-unboost|p2a: Thundurus|atk|1\n|turn|11\n|\n|t:|1782893490\n|-terastallize|p2a: Thundurus|Flying\n|-terastallize|p1a: Salamence|Ground\n|move|p2a: Thundurus|Tera Blast|p1a: Salamence|[anim] Tera Blast Flying\n|-damage|p1a: Salamence|0 fnt\n|faint|p1a: Salamence\n|\n|upkeep\n|\n|t:|1782893505\n|switch|p1a: Overqwil|Overqwil, L82, F|274/274\n|-damage|p1a: Overqwil|240/274|[from] Stealth Rock\n|-ability|p1a: Overqwil|Intimidate|boost\n|-unboost|p2a: Thundurus|atk|1\n|turn|12\n|\n|t:|1782893511\n|move|p1a: Overqwil|Aqua Jet|p2a: Thundurus\n|-damage|p2a: Thundurus|36/258\n|move|p2a: Thundurus|Thunderbolt|p1a: Overqwil\n|-damage|p1a: Overqwil|0 fnt\n|faint|p1a: Overqwil\n|\n|upkeep\n|\n|t:|1782893514\n|switch|p1a: Electrode|Electrode-Hisui, L87|220/246\n|-damage|p1a: Electrode|190/246|[from] Stealth Rock\n|turn|13\n|\n|t:|1782893522\n|move|p1a: Electrode|Giga Drain|p2a: Thundurus\n|-resisted|p2a: Thundurus\n|-damage|p2a: Thundurus|0 fnt\n|-heal|p1a: Electrode|208/246|[from] drain|[of] p2a: Thundurus\n|faint|p2a: Thundurus\n|-damage|p1a: Electrode|184/246|[from] item: Life Orb\n|\n|upkeep\n|\n|t:|1782893551\n|switch|p2a: Braviary|Braviary-Hisui, L85, M|326/326\n|turn|14\n|\n|t:|1782893561\n|move|p1a: Electrode|Thunderbolt|p2a: Braviary\n|-supereffective|p2a: Braviary\n|-damage|p2a: Braviary|50/326\n|-damage|p1a: Electrode|160/246|[from] item: Life Orb\n|move|p2a: Braviary|Esper Wing|p1a: Electrode\n|-damage|p1a: Electrode|57/246\n|-boost|p2a: Braviary|spe|1\n|\n|upkeep\n|turn|15\n|\n|t:|1782893575\n|move|p1a: Electrode|Giga Drain|p2a: Braviary\n|-resisted|p2a: Braviary\n|-damage|p2a: Braviary|0 fnt\n|-heal|p1a: Electrode|82/246|[from] drain|[of] p2a: Braviary\n|faint|p2a: Braviary\n|-damage|p1a: Electrode|58/246|[from] item: Life Orb\n|\n|upkeep\n|\n|t:|1782893582\n|switch|p2a: Piloswine|Piloswine, L85, F|140/309\n|turn|16\n|\n|t:|1782893590\n|switch|p1a: Mudsdale|Mudsdale, L83, M|302/302\n|-damage|p1a: Mudsdale|284/302|[from] Stealth Rock\n|move|p2a: Piloswine|Ice Shard|p1a: Mudsdale\n|-supereffective|p1a: Mudsdale\n|-damage|p1a: Mudsdale|204/302\n|-ability|p1a: Mudsdale|Stamina|boost\n|-boost|p1a: Mudsdale|def|1\n|\n|-heal|p1a: Mudsdale|222/302|[from] item: Leftovers\n|upkeep\n|turn|17\n|\n|t:|1782893600\n|switch|p2a: Palafin|Palafin, L77, M|281/281\n|move|p1a: Mudsdale|Heavy Slam|p2a: Palafin\n|-resisted|p2a: Palafin\n|-damage|p2a: Palafin|221/281\n|\n|-heal|p2a: Palafin|238/281|[from] item: Leftovers\n|-heal|p1a: Mudsdale|240/302|[from] item: Leftovers\n|upkeep\n|turn|18\n|\n|t:|1782893606\n|detailschange|p2a: Palafin|Palafin-Hero, L77, M\n|switch|p2a: Iron Boulder|Iron Boulder, L77|133/265\n|move|p1a: Mudsdale|Earthquake|p2a: Iron Boulder\n|-supereffective|p2a: Iron Boulder\n|-crit|p2a: Iron Boulder\n|-damage|p2a: Iron Boulder|0 fnt\n|faint|p2a: Iron Boulder\n|-end|p2a: Iron Boulder|Quark Drive|[silent]\n|\n|-heal|p1a: Mudsdale|258/302|[from] item: Leftovers\n|upkeep\n|\n|t:|1782893611\n|switch|p2a: Palafin|Palafin-Hero, L77, M|238/281\n|-activate|p2a: Palafin|ability: Zero to Hero\n|turn|19\n|\n|t:|1782893617\n|move|p2a: Palafin|Bulk Up|p2a: Palafin\n|-boost|p2a: Palafin|atk|1\n|-boost|p2a: Palafin|def|1\n|move|p1a: Mudsdale|Earthquake|p2a: Palafin\n|-damage|p2a: Palafin|148/281\n|\n|-heal|p2a: Palafin|165/281|[from] item: Leftovers\n|-heal|p1a: Mudsdale|276/302|[from] item: Leftovers\n|upkeep\n|turn|20\n|\n|t:|1782893625\n|move|p2a: Palafin|Jet Punch|p1a: Mudsdale\n|-supereffective|p1a: Mudsdale\n|-damage|p1a: Mudsdale|130/302\n|-ability|p1a: Mudsdale|Stamina|boost\n|-boost|p1a: Mudsdale|def|1\n|move|p1a: Mudsdale|Roar|p2a: Palafin\n|drag|p2a: Piloswine|Piloswine, L85, F|140/309\n|\n|-heal|p1a: Mudsdale|148/302|[from] item: Leftovers\n|upkeep\n|turn|21\n|\n|t:|1782893646\n|move|p2a: Piloswine|Icicle Crash|p1a: Mudsdale\n|-supereffective|p1a: Mudsdale\n|-damage|p1a: Mudsdale|64/302\n|-ability|p1a: Mudsdale|Stamina|boost\n|-boost|p1a: Mudsdale|def|1\n|move|p1a: Mudsdale|Earthquake|p2a: Piloswine\n|-damage|p2a: Piloswine|46/309\n|\n|-heal|p1a: Mudsdale|82/302|[from] item: Leftovers\n|upkeep\n|turn|22\n|\n|t:|1782893654\n|move|p2a: Piloswine|Icicle Crash|p1a: Mudsdale\n|-supereffective|p1a: Mudsdale\n|-damage|p1a: Mudsdale|4/302\n|-ability|p1a: Mudsdale|Stamina|boost\n|-boost|p1a: Mudsdale|def|1\n|cant|p1a: Mudsdale|flinch\n|\n|-heal|p1a: Mudsdale|22/302|[from] item: Leftovers\n|upkeep\n|turn|23\n|\n|t:|1782893663\n|move|p2a: Piloswine|Earthquake|p1a: Mudsdale\n|-damage|p1a: Mudsdale|0 fnt\n|faint|p1a: Mudsdale\n|\n|upkeep\n|\n|t:|1782893665\n|switch|p1a: Electrode|Electrode-Hisui, L87|58/246\n|-damage|p1a: Electrode|28/246|[from] Stealth Rock\n|turn|24\n|\n|t:|1782893669\n|move|p2a: Piloswine|Ice Shard|p1a: Electrode\n|-supereffective|p1a: Electrode\n|-damage|p1a: Electrode|0 fnt\n|faint|p1a: Electrode\n|\n|win|Foster The Sheeple\n|raw|lekkerinten's rating: 1891 &rarr; <strong>1872</strong><br />(-19 for losing)\n|raw|Foster The Sheeple's rating: 1916 &rarr; <strong>1935</strong><br />(+19 for winning)\n|l|\u2606lekkerinten\n|player|p1|\n", "inputlog": ">version f8ac14003a5f27e1bdc8d8c59608a773c1cb96e5\n>start {\"formatid\":\"gen9randombattle\",\"seed\":\"sodium,592b04e2f7cb12c4957db86f15fe6012\",\"rated\":\"Rated battle\"}\n>player p1 {\"name\":\"lekkerinten\",\"avatar\":\"guitarist-gen4\",\"rating\":1891,\"seed\":\"sodium,8092e464a9c71c1c3429e724af09088d\"}\n>player p2 {\"name\":\"Foster The Sheeple\",\"avatar\":\"dancer\",\"rating\":1916,\"seed\":\"sodium,1ac824187d14684eaefcafd41be358ce\"}\n>p1 move alluringvoice\n>p2 move partingshot\n>p2 switch 5\n>p1 move calmmind\n>p2 move stealthrock\n>p1 move alluringvoice\n>p2 move earthquake\n>p1 move alluringvoice\n>p2 switch 5\n>p2 switch 6\n>p1 move alluringvoice\n>p2 move swordsdance\n>p1 move alluringvoice\n>p2 move mightycleave\n>p1 switch 3\n>p1 move gigadrain\n>p2 switch 4\n>p1 switch 4\n>p2 move nastyplot\n>p1 move psychicnoise\n>p2 move nastyplot\n>p1 move psychicnoise\n>p2 move thunderbolt\n>p1 switch 2\n>p1 move dragondance terastallize\n>p2 move terablast terastallize\n>p1 switch 6\n>p1 move aquajet\n>p2 move thunderbolt\n>p1 switch 4\n>p1 move gigadrain\n>p2 move terablast\n>p2 switch 2\n>p1 move thunderbolt\n>p2 move esperwing\n>p1 move gigadrain\n>p2 move esperwing\n>p2 switch 5\n>p1 switch 5\n>p2 move iceshard\n>p1 move heavyslam\n>p2 switch 3\n>p1 move earthquake\n>p2 switch 4\n>p2 switch 4\n>p1 move earthquake\n>p2 move bulkup\n>p1 move roar\n>p2 move jetpunch\n>p1 move earthquake\n>p2 move iciclecrash\n>p1 move earthquake\n>p2 move iciclecrash\n>p1 move earthquake\n>p2 move earthquake\n>p1 switch 5\n>p1 move gigadrain\n>p2 move iceshard", "uploadtime": 1782893674, "views": 4, "formatid": "gen9randombattle", "rating": 1872, "private": 0, "password": null, "player_dets": [{"name": "lekkerinten", "avatar": "guitarist-gen4", "rating": 1891, "seed": "sodium,8092e464a9c71c1c3429e724af09088d"}, {"name": "Foster The Sheeple", "avatar": "dancer", "rating": 1916, "seed": "sodium,1ac824187d14684eaefcafd41be358ce"}], "teams_full": [{"Alcremie": {"name": "Alcremie", "species": "Alcremie-Rainbow-Swirl", "speciesId": "alcremie", "gender": "F", "shiny": false, "level": 90, "moves": ["psyshock", "recover", "calmmind", "alluringvoice"], "ability": "Aroma Veil", "evs": {"hp": 85, "atk": 0, "def": 85, "spa": 85, "spd": 85, "spe": 85}, "ivs": {"hp": 31, "atk": 0, "def": 31, "spa": 31, "spd": 31, "spe": 31}, "item": "Leftovers", "teraType": "Poison", "role": "Bulky Setup", "bvs": {"hp": 65, "atk": 60, "def": 75, "spa": 110, "spd": 121, "spe": 64}, "stats": {"hp": 263, "atk": 113, "def": 186, "spa": 249, "spd": 269, "spe": 167}, "types": ["Fairy"]}, "Salamence": {"name": "Salamence", "species": "Salamence", "speciesId": "salamence", "gender": "F", "shiny": false, "level": 77, "moves": ["earthquake", "dualwingbeat", "outrage", "dragondance"], "ability": "Intimidate", "evs": {"hp": 85, "atk": 85, "def": 85, "spa": 85, "spd": 85, "spe": 85}, "ivs": {"hp": 31, "atk": 31, "def": 31, "spa": 31, "spd": 31, "spe": 31}, "item": "Heavy-Duty Boots", "teraType": "Ground", "role": "Setup Sweeper", "bvs": {"hp": 95, "atk": 135, "def": 80, "spa": 110, "spd": 80, "spe": 100}, "stats": {"hp": 273, "atk": 252, "def": 168, "spa": 214, "spd": 168, "spe": 199}, "types": ["Dragon", "Flying"]}, "Electrode": {"name": "Electrode", "species": "Electrode-Hisui", "speciesId": "electrodehisui", "gender": "N", "shiny": false, "level": 87, "moves": ["thunderbolt", "voltswitch", "gigadrain", "thunderwave"], "ability": "Aftermath", "evs": {"hp": 85, "atk": 0, "def": 85, "spa": 85, "spd": 85, "spe": 85}, "ivs": {"hp": 31, "atk": 0, "def": 31, "spa": 31, "spd": 31, "spe": 31}, "item": "Life Orb", "teraType": "Grass", "role": "Fast Attacker", "bvs": {"hp": 60, "atk": 50, "def": 70, "spa": 80, "spd": 80, "spe": 150}, "stats": {"hp": 246, "atk": 92, "def": 172, "spa": 189, "spd": 189, "spe": 311}, "types": ["Electric", "Grass"]}, "Farigiraf": {"name": "Farigiraf", "species": "Farigiraf", "speciesId": "farigiraf", "gender": "M", "shiny": false, "level": 90, "moves": ["wish", "bodyslam", "psychicnoise", "protect"], "ability": "Sap Sipper", "evs": {"hp": 85, "atk": 85, "def": 85, "spa": 85, "spd": 85, "spe": 85}, "ivs": {"hp": 31, "atk": 31, "def": 31, "spa": 31, "spd": 31, "spe": 31}, "item": "Leftovers", "teraType": "Fairy", "role": "Bulky Support", "bvs": {"hp": 120, "atk": 90, "def": 70, "spa": 110, "spd": 70, "spe": 60}, "stats": {"hp": 362, "atk": 213, "def": 177, "spa": 249, "spd": 177, "spe": 159}, "types": ["Normal", "Psychic"]}, "Mudsdale": {"name": "Mudsdale", "species": "Mudsdale", "speciesId": "mudsdale", "gender": "M", "shiny": false, "level": 83, "moves": ["heavyslam", "stealthrock", "earthquake", "roar"], "ability": "Stamina", "evs": {"hp": 85, "atk": 85, "def": 85, "spa": 85, "spd": 85, "spe": 85}, "ivs": {"hp": 31, "atk": 31, "def": 31, "spa": 31, "spd": 31, "spe": 31}, "item": "Leftovers", "teraType": "Steel", "role": "Bulky Attacker", "bvs": {"hp": 100, "atk": 125, "def": 100, "spa": 55, "spd": 85, "spe": 35}, "stats": {"hp": 302, "atk": 255, "def": 214, "spa": 139, "spd": 189, "spe": 106}, "types": ["Ground"]}, "Overqwil": {"name": "Overqwil", "species": "Overqwil", "speciesId": "overqwil", "gender": "F", "shiny": false, "level": 82, "moves": ["crunch", "liquidation", "aquajet", "gunkshot"], "ability": "Intimidate", "evs": {"hp": 85, "atk": 85, "def": 85, "spa": 85, "spd": 85, "spe": 85}, "ivs": {"hp": 31, "atk": 31, "def": 31, "spa": 31, "spd": 31, "spe": 31}, "item": "Choice Band", "teraType": "Water", "role": "Fast Attacker", "bvs": {"hp": 85, "atk": 115, "def": 95, "spa": 65, "spd": 65, "spe": 85}, "stats": {"hp": 274, "atk": 236, "def": 203, "spa": 154, "spd": 154, "spe": 187}, "types": ["Dark", "Poison"]}}, {"Persian": {"name": "Persian", "species": "Persian-Alola", "speciesId": "persianalola", "gender": "M", "shiny": false, "level": 86, "moves": ["taunt", "foulplay", "partingshot", "thunderwave"], "ability": "Fur Coat", "evs": {"hp": 85, "atk": 0, "def": 85, "spa": 85, "spd": 85, "spe": 85}, "ivs": {"hp": 31, "atk": 0, "def": 31, "spa": 31, "spd": 31, "spe": 31}, "item": "Heavy-Duty Boots", "teraType": "Ghost", "role": "Fast Support", "bvs": {"hp": 65, "atk": 60, "def": 60, "spa": 75, "spd": 65, "spe": 115}, "stats": {"hp": 252, "atk": 108, "def": 152, "spa": 178, "spd": 161, "spe": 247}, "types": ["Dark"]}, "Braviary": {"name": "Braviary", "species": "Braviary-Hisui", "speciesId": "braviaryhisui", "gender": "M", "shiny": false, "level": 85, "moves": ["hurricane", "roost", "esperwing", "defog"], "ability": "Tinted Lens", "evs": {"hp": 85, "atk": 0, "def": 85, "spa": 85, "spd": 85, "spe": 85}, "ivs": {"hp": 31, "atk": 0, "def": 31, "spa": 31, "spd": 31, "spe": 31}, "item": "Heavy-Duty Boots", "teraType": "Steel", "role": "Bulky Attacker", "bvs": {"hp": 110, "atk": 83, "def": 70, "spa": 112, "spd": 70, "spe": 65}, "stats": {"hp": 326, "atk": 146, "def": 168, "spa": 239, "spd": 168, "spe": 159}, "types": ["Psychic", "Flying"]}, "Palafin": {"name": "Palafin", "species": "Palafin", "speciesId": "palafin", "gender": "M", "shiny": false, "level": 77, "moves": ["bulkup", "wavecrash", "icepunch", "jetpunch"], "ability": "Zero to Hero", "evs": {"hp": 85, "atk": 85, "def": 85, "spa": 85, "spd": 85, "spe": 85}, "ivs": {"hp": 31, "atk": 31, "def": 31, "spa": 31, "spd": 31, "spe": 31}, "item": "Leftovers", "teraType": "Steel", "role": "Bulky Setup", "bvs": {"hp": 100, "atk": 70, "def": 72, "spa": 53, "spd": 62, "spe": 100}, "stats": {"hp": 281, "atk": 152, "def": 155, "spa": 126, "spd": 140, "spe": 199}, "types": ["Water"]}, "Thundurus": {"name": "Thundurus", "species": "Thundurus-Therian", "speciesId": "thundurustherian", "gender": "M", "shiny": false, "level": 80, "moves": ["thunderbolt", "terablast", "nastyplot", "focusblast"], "ability": "Volt Absorb", "evs": {"hp": 85, "atk": 0, "def": 85, "spa": 85, "spd": 85, "spe": 85}, "ivs": {"hp": 31, "atk": 0, "def": 31, "spa": 31, "spd": 31, "spe": 31}, "item": "Heavy-Duty Boots", "teraType": "Flying", "role": "Tera Blast user", "bvs": {"hp": 79, "atk": 105, "def": 70, "spa": 145, "spd": 80, "spe": 101}, "stats": {"hp": 258, "atk": 173, "def": 158, "spa": 278, "spd": 174, "spe": 208}, "types": ["Electric", "Flying"]}, "Piloswine": {"name": "Piloswine", "species": "Piloswine", "speciesId": "piloswine", "gender": "F", "shiny": false, "level": 85, "moves": ["iciclecrash", "stealthrock", "iceshard", "earthquake"], "ability": "Thick Fat", "evs": {"hp": 85, "atk": 85, "def": 85, "spa": 85, "spd": 85, "spe": 85}, "ivs": {"hp": 31, "atk": 31, "def": 31, "spa": 31, "spd": 31, "spe": 31}, "item": "Eviolite", "teraType": "Poison", "role": "Bulky Support", "bvs": {"hp": 100, "atk": 100, "def": 80, "spa": 60, "spd": 60, "spe": 50}, "stats": {"hp": 309, "atk": 219, "def": 185, "spa": 151, "spd": 151, "spe": 134}, "types": ["Ice", "Ground"]}, "Iron Boulder": {"name": "Iron Boulder", "species": "Iron Boulder", "speciesId": "ironboulder", "gender": "N", "shiny": false, "level": 77, "moves": ["zenheadbutt", "mightycleave", "swordsdance", "closecombat"], "ability": "Quark Drive", "evs": {"hp": 85, "atk": 85, "def": 85, "spa": 85, "spd": 85, "spe": 85}, "ivs": {"hp": 31, "atk": 31, "def": 31, "spa": 31, "spd": 31, "spe": 31}, "item": "Life Orb", "teraType": "Fighting", "role": "Setup Sweeper", "bvs": {"hp": 90, "atk": 120, "def": 80, "spa": 68, "spd": 108, "spe": 124}, "stats": {"hp": 265, "atk": 229, "def": 168, "spa": 149, "spd": 211, "spe": 236}, "types": ["Rock", "Psychic"]}}]}