{"id": "gen9randombattle-2642171215", "format": "[Gen 9] Random Battle", "players": ["Lord Doryphore", "forcemajor14"], "log": "|j|\u2606Lord Doryphore\n|j|\u2606forcemajor14\n|t:|1782904878\n|gametype|singles\n|player|p1|Lord Doryphore|lady-gen4|2205\n|player|p2|forcemajor14|266|2103\n|gen|9\n|tier|[Gen 9] Random Battle\n|rated|\n|rule|Species Clause: Limit one of each Pok\u00e9mon\n|rule|HP Percentage Mod: HP is shown in percentages\n|rule|Sleep Clause Mod: Limit one foe put to sleep\n|rule|Illusion Level Mod: Illusion disguises the Pok\u00e9mon's true level\n|\n|t:|1782904878\n|teamsize|p1|6\n|teamsize|p2|6\n|start\n|switch|p1a: Golduck|Golduck, L90, F|290/290\n|switch|p2a: Heracross|Heracross, L80, F|259/259\n|-ability|p1a: Golduck|Cloud Nine\n|turn|1\n|inactive|Battle timer is ON: inactive players will automatically lose when time's up. (requested by forcemajor14)\n|\n|t:|1782904887\n|move|p1a: Golduck|Hydro Pump|p2a: Heracross\n|-damage|p2a: Heracross|123/259\n|move|p2a: Heracross|Trailblaze|p1a: Golduck\n|-supereffective|p1a: Golduck\n|-damage|p1a: Golduck|210/290\n|-boost|p2a: Heracross|spe|1\n|\n|-heal|p1a: Golduck|228/290|[from] item: Leftovers\n|-status|p2a: Heracross|brn|[from] item: Flame Orb\n|upkeep\n|turn|2\n|\n|t:|1782904898\n|switch|p1a: Tropius|Tropius, L91, M|328/328\n|move|p2a: Heracross|Close Combat|p1a: Tropius\n|-resisted|p1a: Tropius\n|-damage|p1a: Tropius|226/328\n|-unboost|p2a: Heracross|def|1\n|-unboost|p2a: Heracross|spd|1\n|\n|-damage|p2a: Heracross|107/259 brn|[from] brn\n|upkeep\n|turn|3\n|\n|t:|1782904903\n|-terastallize|p2a: Heracross|Normal\n|move|p2a: Heracross|Facade|p1a: Tropius\n|-damage|p1a: Tropius|0 fnt\n|faint|p1a: Tropius\n|\n|-damage|p2a: Heracross|91/259 brn|[from] brn\n|upkeep\n|\n|t:|1782904905\n|switch|p1a: Regieleki|Regieleki, L79|256/256\n|turn|4\n|\n|t:|1782904908\n|switch|p2a: Venusaur|Venusaur, L84, M|272/272\n|move|p1a: Regieleki|Thunderbolt|p2a: Venusaur\n|-resisted|p2a: Venusaur\n|-damage|p2a: Venusaur|210/272\n|\n|-heal|p2a: Venusaur|227/272|[from] item: Leftovers\n|upkeep\n|turn|5\n|\n|t:|1782904912\n|move|p1a: Regieleki|Volt Switch|p2a: Venusaur\n|-resisted|p2a: Venusaur\n|-damage|p2a: Venusaur|179/272\n|\n|t:|1782904916\n|switch|p1a: Dugtrio|Dugtrio-Alola, L84, M|196/196|[from] Volt Switch\n|move|p2a: Venusaur|Sleep Powder|p1a: Dugtrio\n|-status|p1a: Dugtrio|slp|[from] move: Sleep Powder\n|\n|-heal|p2a: Venusaur|196/272|[from] item: Leftovers\n|upkeep\n|turn|6\n|\n|t:|1782904919\n|switch|p1a: Slowking|Slowking-Galar, L85, M|300/300\n|switch|p2a: Heracross|Heracross, L80, F, tera:Normal|91/259 brn\n|\n|-damage|p2a: Heracross|75/259 brn|[from] brn\n|upkeep\n|turn|7\n|l|\u2606forcemajor14\n|inactive|forcemajor14 disconnected and has a minute to reconnect!\n|player|p2|\n|\n|t:|1782904925\n|move|p2a: Heracross|Facade|p1a: Slowking\n|-damage|p1a: Slowking|48/300\n|move|p1a: Slowking|Sludge Bomb|p2a: Heracross\n|-damage|p2a: Heracross|0 fnt\n|faint|p2a: Heracross\n|\n|-heal|p1a: Slowking|66/300|[from] item: Leftovers\n|upkeep\n|j|\u2606forcemajor14\n|inactive|forcemajor14 reconnected and has 150 seconds left.\n|player|p2|forcemajor14|266|\n|\n|t:|1782904935\n|switch|p2a: Glalie|Glalie, L96, F|309/309\n|turn|8\n|\n|t:|1782904945\n|switch|p1a: Regieleki|Regieleki, L79|256/256\n|move|p2a: Glalie|Earthquake|p1a: Regieleki\n|-supereffective|p1a: Regieleki\n|-damage|p1a: Regieleki|12/256\n|\n|upkeep\n|turn|9\n|\n|t:|1782904958\n|move|p1a: Regieleki|Volt Switch|p2a: Glalie\n|-crit|p2a: Glalie\n|-damage|p2a: Glalie|171/309\n|\n|t:|1782904960\n|switch|p1a: Golduck|Golduck, L90, F|228/290|[from] Volt Switch\n|-ability|p1a: Golduck|Cloud Nine\n|move|p2a: Glalie|Spikes|p1a: Golduck\n|-sidestart|p1: Lord Doryphore|Spikes\n|\n|-heal|p1a: Golduck|246/290|[from] item: Leftovers\n|upkeep\n|turn|10\n|\n|t:|1782904963\n|move|p2a: Glalie|Freeze-Dry|p1a: Golduck\n|-supereffective|p1a: Golduck\n|-damage|p1a: Golduck|90/290\n|move|p1a: Golduck|Hydro Pump|p2a: Glalie\n|-damage|p2a: Glalie|51/309\n|\n|-heal|p1a: Golduck|108/290|[from] item: Leftovers\n|upkeep\n|turn|11\n|\n|t:|1782904969\n|move|p2a: Glalie|Freeze-Dry|p1a: Golduck\n|-supereffective|p1a: Golduck\n|-damage|p1a: Golduck|0 fnt\n|faint|p1a: Golduck\n|\n|upkeep\n|-message|Lord Doryphore forfeited.\n|\n|win|forcemajor14\n|raw|Lord Doryphore's rating: 2205 &rarr; <strong>2178</strong><br />(-27 for losing)\n|raw|forcemajor14's rating: 2082 &rarr; <strong>2109</strong><br />(+27 for winning)\n", "inputlog": ">version f8ac14003a5f27e1bdc8d8c59608a773c1cb96e5\n>start {\"formatid\":\"gen9randombattle\",\"seed\":\"sodium,e7effc2774b6bc232d4a3c7386683862\",\"rated\":\"Rated battle\"}\n>player p1 {\"name\":\"Lord Doryphore\",\"avatar\":\"lady-gen4\",\"rating\":2205,\"seed\":\"sodium,fa66090ca39fc9c95c71ec30f6f53dad\"}\n>player p2 {\"name\":\"forcemajor14\",\"avatar\":\"266\",\"rating\":2103,\"seed\":\"sodium,0cc7250bed28bd7d8a399028179b8e99\"}\n>p1 move hydropump\n>p2 move trailblaze\n>p1 switch 6\n>p2 move closecombat\n>p1 move dualwingbeat\n>p2 move facade terastallize\n>p1 switch 5\n>p1 move thunderbolt\n>p2 switch 2\n>p1 move voltswitch\n>p2 move sleeppowder\n>p1 switch 4\n>p1 switch 2\n>p2 switch 2\n>p1 move sludgebomb\n>p2 move facade\n>p2 switch 4\n>p1 switch 4\n>p2 move earthquake\n>p1 move voltswitch\n>p2 move spikes\n>p1 switch 6\n>p1 move hydropump\n>p2 move freezedry\n>p1 move hydropump\n>p2 move freezedry\n>forcelose p1", "uploadtime": 1782904976, "views": 3, "formatid": "gen9randombattle", "rating": 2109, "private": 0, "password": null, "player_dets": [{"name": "Lord Doryphore", "avatar": "lady-gen4", "rating": 2205, "seed": "sodium,fa66090ca39fc9c95c71ec30f6f53dad"}, {"name": "forcemajor14", "avatar": "266", "rating": 2103, "seed": "sodium,0cc7250bed28bd7d8a399028179b8e99"}], "teams_full": [{"Golduck": {"name": "Golduck", "species": "Golduck", "speciesId": "golduck", "gender": "F", "shiny": false, "level": 90, "moves": ["nastyplot", "icebeam", "hydropump", "grassknot"], "ability": "Cloud Nine", "evs": {"hp": 85, "atk": 0, "def": 85, "spa": 85, "spd": 85, "spe": 85}, "ivs": {"hp": 31, "atk": 0, "def": 31, "spa": 31, "spd": 31, "spe": 31}, "item": "Leftovers", "teraType": "Water", "role": "Bulky Setup", "bvs": {"hp": 80, "atk": 82, "def": 78, "spa": 95, "spd": 80, "spe": 85}, "stats": {"hp": 290, "atk": 152, "def": 192, "spa": 222, "spd": 195, "spe": 204}, "types": ["Water"]}, "Slowking": {"name": "Slowking", "species": "Slowking-Galar", "speciesId": "slowkinggalar", "gender": "M", "shiny": false, "level": 85, "moves": ["sludgebomb", "slackoff", "psyshock", "fireblast"], "ability": "Regenerator", "evs": {"hp": 85, "atk": 0, "def": 85, "spa": 85, "spd": 85, "spe": 85}, "ivs": {"hp": 31, "atk": 0, "def": 31, "spa": 31, "spd": 31, "spe": 31}, "item": "Leftovers", "teraType": "Dark", "role": "Bulky Attacker", "bvs": {"hp": 95, "atk": 65, "def": 80, "spa": 110, "spd": 110, "spe": 30}, "stats": {"hp": 300, "atk": 115, "def": 185, "spa": 236, "spd": 236, "spe": 100}, "types": ["Poison", "Psychic"]}, "Walking Wake": {"name": "Walking Wake", "species": "Walking Wake", "speciesId": "walkingwake", "gender": "N", "shiny": false, "level": 79, "moves": ["dracometeor", "flipturn", "hydropump", "flamethrower"], "ability": "Protosynthesis", "evs": {"hp": 85, "atk": 85, "def": 85, "spa": 85, "spd": 85, "spe": 85}, "ivs": {"hp": 31, "atk": 31, "def": 31, "spa": 31, "spd": 31, "spe": 31}, "item": "Choice Specs", "teraType": "Fire", "role": "Wallbreaker", "bvs": {"hp": 99, "atk": 83, "def": 91, "spa": 125, "spd": 83, "spe": 109}, "stats": {"hp": 286, "atk": 177, "def": 189, "spa": 243, "spd": 177, "spe": 218}, "types": ["Water", "Dragon"]}, "Dugtrio": {"name": "Dugtrio", "species": "Dugtrio-Alola", "speciesId": "dugtrioalola", "gender": "M", "shiny": false, "level": 84, "moves": ["ironhead", "earthquake", "stealthrock", "stoneedge"], "ability": "Tangling Hair", "evs": {"hp": 85, "atk": 85, "def": 85, "spa": 85, "spd": 85, "spe": 85}, "ivs": {"hp": 31, "atk": 31, "def": 31, "spa": 31, "spd": 31, "spe": 31}, "item": "Life Orb", "teraType": "Steel", "role": "Fast Attacker", "bvs": {"hp": 35, "atk": 100, "def": 60, "spa": 50, "spd": 70, "spe": 110}, "stats": {"hp": 196, "atk": 216, "def": 149, "spa": 132, "spd": 166, "spe": 233}, "types": ["Ground", "Steel"]}, "Regieleki": {"name": "Regieleki", "species": "Regieleki", "speciesId": "regieleki", "gender": "N", "shiny": false, "level": 79, "moves": ["rapidspin", "thunderbolt", "terablast", "voltswitch"], "ability": "Transistor", "evs": {"hp": 85, "atk": 85, "def": 85, "spa": 85, "spd": 85, "spe": 85}, "ivs": {"hp": 31, "atk": 31, "def": 31, "spa": 31, "spd": 31, "spe": 31}, "item": "Magnet", "teraType": "Ice", "role": "Tera Blast user", "bvs": {"hp": 80, "atk": 100, "def": 50, "spa": 100, "spd": 50, "spe": 200}, "stats": {"hp": 256, "atk": 204, "def": 125, "spa": 204, "spd": 125, "spe": 362}, "types": ["Electric"]}, "Tropius": {"name": "Tropius", "species": "Tropius", "speciesId": "tropius", "gender": "M", "shiny": false, "level": 91, "moves": ["dragondance", "dualwingbeat", "leafblade", "earthquake"], "ability": "Harvest", "evs": {"hp": 85, "atk": 85, "def": 85, "spa": 85, "spd": 85, "spe": 85}, "ivs": {"hp": 31, "atk": 31, "def": 31, "spa": 31, "spd": 31, "spe": 31}, "item": "Sitrus Berry", "teraType": "Ground", "role": "Setup Sweeper", "bvs": {"hp": 99, "atk": 68, "def": 83, "spa": 72, "spd": 87, "spe": 51}, "stats": {"hp": 328, "atk": 176, "def": 203, "spa": 183, "spd": 210, "spe": 145}, "types": ["Grass", "Flying"]}}, {"Heracross": {"name": "Heracross", "species": "Heracross", "speciesId": "heracross", "gender": "F", "shiny": false, "level": 80, "moves": ["facade", "knockoff", "trailblaze", "closecombat"], "ability": "Guts", "evs": {"hp": 85, "atk": 85, "def": 85, "spa": 85, "spd": 85, "spe": 85}, "ivs": {"hp": 31, "atk": 31, "def": 31, "spa": 31, "spd": 31, "spe": 31}, "item": "Flame Orb", "teraType": "Normal", "role": "Setup Sweeper", "bvs": {"hp": 80, "atk": 125, "def": 75, "spa": 40, "spd": 95, "spe": 85}, "stats": {"hp": 259, "atk": 246, "def": 166, "spa": 110, "spd": 198, "spe": 182}, "types": ["Bug", "Fighting"]}, "Venusaur": {"name": "Venusaur", "species": "Venusaur", "speciesId": "venusaur", "gender": "M", "shiny": false, "level": 84, "moves": ["sludgebomb", "sleeppowder", "knockoff", "synthesis"], "ability": "Chlorophyll", "evs": {"hp": 85, "atk": 85, "def": 85, "spa": 85, "spd": 85, "spe": 85}, "ivs": {"hp": 31, "atk": 31, "def": 31, "spa": 31, "spd": 31, "spe": 31}, "item": "Leftovers", "teraType": "Dark", "role": "Bulky Attacker", "bvs": {"hp": 80, "atk": 82, "def": 83, "spa": 100, "spd": 100, "spe": 80}, "stats": {"hp": 272, "atk": 186, "def": 188, "spa": 216, "spd": 216, "spe": 183}, "types": ["Grass", "Poison"]}, "Rotom": {"name": "Rotom", "species": "Rotom-Wash", "speciesId": "rotomwash", "gender": "N", "shiny": false, "level": 82, "moves": ["voltswitch", "discharge", "hydropump", "willowisp"], "ability": "Levitate", "evs": {"hp": 85, "atk": 0, "def": 85, "spa": 85, "spd": 85, "spe": 85}, "ivs": {"hp": 31, "atk": 0, "def": 31, "spa": 31, "spd": 31, "spe": 31}, "item": "Leftovers", "teraType": "Electric", "role": "Bulky Support", "bvs": {"hp": 50, "atk": 65, "def": 107, "spa": 105, "spd": 107, "spe": 86}, "stats": {"hp": 216, "atk": 111, "def": 223, "spa": 219, "spd": 223, "spe": 188}, "types": ["Electric", "Water"]}, "Glalie": {"name": "Glalie", "species": "Glalie", "speciesId": "glalie", "gender": "F", "shiny": false, "level": 96, "moves": ["spikes", "taunt", "freezedry", "earthquake"], "ability": "Inner Focus", "evs": {"hp": 85, "atk": 85, "def": 85, "spa": 85, "spd": 85, "spe": 85}, "ivs": {"hp": 31, "atk": 31, "def": 31, "spa": 31, "spd": 31, "spe": 31}, "item": "Heavy-Duty Boots", "teraType": "Ground", "role": "Fast Support", "bvs": {"hp": 80, "atk": 80, "def": 80, "spa": 80, "spd": 80, "spe": 80}, "stats": {"hp": 309, "atk": 208, "def": 208, "spa": 208, "spd": 208, "spe": 208}, "types": ["Ice"]}, "Glimmora": {"name": "Glimmora", "species": "Glimmora", "speciesId": "glimmora", "gender": "M", "shiny": false, "level": 75, "moves": ["meteorbeam", "sludgewave", "energyball", "earthpower"], "ability": "Toxic Debris", "evs": {"hp": 85, "atk": 0, "def": 85, "spa": 85, "spd": 85, "spe": 85}, "ivs": {"hp": 31, "atk": 0, "def": 31, "spa": 31, "spd": 31, "spe": 31}, "item": "Power Herb", "teraType": "Grass", "role": "Setup Sweeper", "bvs": {"hp": 83, "atk": 55, "def": 90, "spa": 130, "spd": 81, "spe": 86}, "stats": {"hp": 248, "atk": 87, "def": 179, "spa": 239, "spd": 165, "spe": 173}, "types": ["Rock", "Poison"]}, "Mewtwo": {"name": "Mewtwo", "species": "Mewtwo", "speciesId": "mewtwo", "gender": "N", "shiny": false, "level": 72, "moves": ["psystrike", "fireblast", "nastyplot", "darkpulse"], "ability": "Unnerve", "evs": {"hp": 85, "atk": 0, "def": 85, "spa": 85, "spd": 85, "spe": 85}, "ivs": {"hp": 31, "atk": 0, "def": 31, "spa": 31, "spd": 31, "spe": 31}, "item": "Life Orb", "teraType": "Dark", "role": "Setup Sweeper", "bvs": {"hp": 106, "atk": 110, "def": 90, "spa": 154, "spd": 90, "spe": 130}, "stats": {"hp": 272, "atk": 163, "def": 172, "spa": 264, "spd": 172, "spe": 229}, "types": ["Psychic"]}}]}