{"id": "gen9randombattle-2642046313", "format": "[Gen 9] Random Battle", "players": ["tui888888", "48/N"], "log": "|j|\u2606tui888888\n|j|\u260648/N\n|t:|1782878817\n|gametype|singles\n|player|p1|tui888888|2|1049\n|player|p2|48/N|101|1058\n|gen|9\n|tier|[Gen 9] Random Battle\n|rated|\n|rule|Species Clause: Limit one of each Pok\u00e9mon\n|rule|HP Percentage Mod: HP is shown in percentages\n|rule|Sleep Clause Mod: Limit one foe put to sleep\n|rule|Illusion Level Mod: Illusion disguises the Pok\u00e9mon's true level\n|\n|t:|1782878817\n|teamsize|p1|6\n|teamsize|p2|6\n|start\n|switch|p1a: Tornadus|Tornadus, L82, M|263/263\n|switch|p2a: Donphan|Donphan, L84, F|288/288\n|turn|1\n|inactive|Battle timer is ON: inactive players will automatically lose when time's up. (requested by 48/N)\n|\n|t:|1782878835\n|switch|p1a: Groudon|Groudon, L72|263/263\n|-weather|SunnyDay|[from] ability: Drought|[of] p1a: Groudon\n|move|p2a: Donphan|Knock Off|p1a: Groudon\n|-damage|p1a: Groudon|194/263\n|-enditem|p1a: Groudon|Leftovers|[from] move: Knock Off|[of] p2a: Donphan\n|\n|-weather|SunnyDay|[upkeep]\n|upkeep\n|turn|2\n|\n|t:|1782878845\n|move|p2a: Donphan|Ice Shard|p1a: Groudon\n|-supereffective|p1a: Groudon\n|-damage|p1a: Groudon|140/263\n|move|p1a: Groudon|Precipice Blades|p2a: Donphan\n|-damage|p2a: Donphan|191/288\n|\n|-weather|SunnyDay|[upkeep]\n|upkeep\n|turn|3\n|\n|t:|1782878858\n|move|p1a: Groudon|Heat Crash|p2a: Donphan\n|-damage|p2a: Donphan|80/288\n|move|p2a: Donphan|Earthquake|p1a: Groudon\n|-damage|p1a: Groudon|37/263\n|\n|-weather|SunnyDay|[upkeep]\n|upkeep\n|turn|4\n|\n|t:|1782878865\n|move|p2a: Donphan|Ice Shard|p1a: Groudon\n|-supereffective|p1a: Groudon\n|-crit|p1a: Groudon\n|-damage|p1a: Groudon|0 fnt\n|faint|p1a: Groudon\n|\n|-weather|SunnyDay|[upkeep]\n|upkeep\n|\n|t:|1782878874\n|switch|p1a: Espeon|Espeon, L84, M|246/246\n|turn|5\n|\n|t:|1782878900\n|move|p1a: Espeon|Psyshock|p2a: Donphan\n|-damage|p2a: Donphan|0 fnt\n|faint|p2a: Donphan\n|-damage|p1a: Espeon|222/246|[from] item: Life Orb\n|\n|-weather|none\n|upkeep\n|inactive|48/N has 120 seconds left.\n|\n|t:|1782878912\n|switch|p2a: Veluza|Veluza, L85, M|292/292\n|turn|6\n|\n|t:|1782878921\n|move|p1a: Espeon|Shadow Ball|p2a: Veluza\n|-supereffective|p2a: Veluza\n|-damage|p2a: Veluza|61/292\n|-unboost|p2a: Veluza|spd|1\n|-damage|p1a: Espeon|198/246|[from] item: Life Orb\n|move|p2a: Veluza|Night Slash|p1a: Espeon\n|-supereffective|p1a: Espeon\n|-damage|p1a: Espeon|0 fnt\n|faint|p1a: Espeon\n|\n|upkeep\n|\n|t:|1782878936\n|switch|p1a: Mimikyu|Mimikyu, L79, M|216/216\n|turn|7\n|\n|t:|1782878955\n|switch|p2a: Tropius|Tropius, L91, M|328/328\n|move|p1a: Mimikyu|Shadow Sneak|p2a: Tropius\n|-damage|p2a: Tropius|281/328\n|-damage|p1a: Mimikyu|195/216|[from] item: Life Orb\n|\n|upkeep\n|turn|8\n|\n|t:|1782878964\n|-terastallize|p1a: Mimikyu|Ghost\n|move|p1a: Mimikyu|Swords Dance|p1a: Mimikyu\n|-boost|p1a: Mimikyu|atk|2\n|move|p2a: Tropius|Dragon Dance|p2a: Tropius\n|-boost|p2a: Tropius|atk|1\n|-boost|p2a: Tropius|spe|1\n|\n|upkeep\n|turn|9\n|\n|t:|1782878974\n|move|p2a: Tropius|Dual Wingbeat|p1a: Mimikyu\n|-activate|p1a: Mimikyu|ability: Disguise\n|-damage|p1a: Mimikyu|195/216\n|detailschange|p1a: Mimikyu|Mimikyu-Busted, L79, M, tera:Ghost\n|-damage|p1a: Mimikyu|168/216|[from] pokemon: Mimikyu-Busted\n|-damage|p1a: Mimikyu|101/216\n|-hitcount|p1a: Mimikyu|2\n|move|p1a: Mimikyu|Shadow Claw|p2a: Tropius\n|-crit|p2a: Tropius\n|-damage|p2a: Tropius|0 fnt\n|faint|p2a: Tropius\n|-damage|p1a: Mimikyu|80/216|[from] item: Life Orb\n|\n|upkeep\n|\n|t:|1782878994\n|switch|p2a: Sandy Shocks|Sandy Shocks, L80|267/267\n|turn|10\n|\n|t:|1782879008\n|move|p1a: Mimikyu|Shadow Sneak|p2a: Sandy Shocks\n|-damage|p2a: Sandy Shocks|142/267\n|-damage|p1a: Mimikyu|59/216|[from] item: Life Orb\n|move|p2a: Sandy Shocks|Thunderbolt|p1a: Mimikyu\n|-damage|p1a: Mimikyu|0 fnt\n|faint|p1a: Mimikyu\n|\n|upkeep\n|\n|t:|1782879017\n|switch|p1a: Vileplume|Vileplume, L85, M|266/266\n|turn|11\n|\n|t:|1782879026\n|move|p2a: Sandy Shocks|Volt Switch|p1a: Vileplume\n|-resisted|p1a: Vileplume\n|-damage|p1a: Vileplume|224/266\n|\n|t:|1782879030\n|-end|p2a: Sandy Shocks|Protosynthesis|[silent]\n|switch|p2a: Galvantula|Galvantula, L82, M|249/249|[from] Volt Switch\n|move|p1a: Vileplume|Giga Drain|p2a: Galvantula\n|-resisted|p2a: Galvantula\n|-damage|p2a: Galvantula|188/249\n|-heal|p1a: Vileplume|255/266|[from] drain|[of] p2a: Galvantula\n|\n|-heal|p1a: Vileplume|266/266|[from] item: Leftovers\n|upkeep\n|turn|12\n|\n|t:|1782879054\n|move|p2a: Galvantula|Bug Buzz|p1a: Vileplume\n|-damage|p1a: Vileplume|172/266\n|move|p1a: Vileplume|Sleep Powder|p2a: Galvantula\n|-status|p2a: Galvantula|slp|[from] move: Sleep Powder\n|\n|-heal|p1a: Vileplume|188/266|[from] item: Leftovers\n|upkeep\n|turn|13\n|\n|t:|1782879062\n|switch|p2a: Cetitan|Cetitan, L82, F|412/412\n|switch|p1a: Tornadus|Tornadus, L82, M|263/263\n|\n|upkeep\n|turn|14\n|\n|t:|1782879069\n|move|p1a: Tornadus|Heat Wave|p2a: Cetitan\n|-supereffective|p2a: Cetitan\n|-damage|p2a: Cetitan|252/412\n|move|p2a: Cetitan|Ice Spinner|p1a: Tornadus\n|-supereffective|p1a: Tornadus\n|-damage|p1a: Tornadus|63/263\n|\n|upkeep\n|turn|15\n|\n|t:|1782879076\n|move|p2a: Cetitan|Ice Shard|p1a: Tornadus\n|-supereffective|p1a: Tornadus\n|-damage|p1a: Tornadus|0 fnt\n|faint|p1a: Tornadus\n|\n|upkeep\n|\n|t:|1782879083\n|switch|p1a: Munkidori|Munkidori, L79, M|269/269\n|turn|16\n|\n|t:|1782879089\n|move|p1a: Munkidori|Fake Out|p2a: Cetitan\n|-damage|p2a: Cetitan|225/412\n|cant|p2a: Cetitan|flinch\n|\n|upkeep\n|turn|17\n|\n|t:|1782879095\n|move|p1a: Munkidori|Sludge Wave|p2a: Cetitan\n|-damage|p2a: Cetitan|60/412\n|-enditem|p2a: Cetitan|Sitrus Berry|[eat]\n|-heal|p2a: Cetitan|163/412|[from] item: Sitrus Berry\n|move|p2a: Cetitan|Earthquake|p1a: Munkidori\n|-supereffective|p1a: Munkidori\n|-damage|p1a: Munkidori|67/269\n|\n|upkeep\n|turn|18\n|\n|t:|1782879103\n|move|p2a: Cetitan|Ice Shard|p1a: Munkidori\n|-damage|p1a: Munkidori|9/269\n|move|p1a: Munkidori|Sludge Wave|p2a: Cetitan\n|-damage|p2a: Cetitan|0 fnt\n|faint|p2a: Cetitan\n|\n|upkeep\n|\n|t:|1782879110\n|switch|p2a: Sandy Shocks|Sandy Shocks, L80|142/267\n|turn|19\n|\n|t:|1782879116\n|move|p1a: Munkidori|Sludge Wave|p2a: Sandy Shocks\n|-resisted|p2a: Sandy Shocks\n|-damage|p2a: Sandy Shocks|81/267\n|move|p2a: Sandy Shocks|Volt Switch|p1a: Munkidori\n|-damage|p1a: Munkidori|0 fnt\n|faint|p1a: Munkidori\n|\n|t:|1782879121\n|-end|p2a: Sandy Shocks|Protosynthesis|[silent]\n|switch|p2a: Veluza|Veluza, L85, M|61/292|[from] Volt Switch\n|\n|upkeep\n|\n|t:|1782879125\n|switch|p1a: Vileplume|Vileplume, L85, M|188/266\n|turn|20\n|\n|t:|1782879129\n|move|p2a: Veluza|Psycho Cut|p1a: Vileplume\n|-supereffective|p1a: Vileplume\n|-damage|p1a: Vileplume|0 fnt\n|faint|p1a: Vileplume\n|\n|win|48/N\n|raw|tui888888's rating: 1049 &rarr; <strong>1032</strong><br />(-17 for losing)\n|raw|48&#x2f;N's rating: 1058 &rarr; <strong>1088</strong><br />(+30 for winning)\n|l|\u2606tui888888\n|player|p1|\n", "inputlog": ">version f8ac14003a5f27e1bdc8d8c59608a773c1cb96e5\n>start {\"formatid\":\"gen9randombattle\",\"seed\":\"sodium,cfd5716d685a427f4077154f2a286d68\",\"rated\":\"Rated battle\"}\n>player p1 {\"name\":\"tui888888\",\"avatar\":\"2\",\"rating\":1049,\"seed\":\"sodium,9674b105f9f8ccd8738263e54ac56739\"}\n>player p2 {\"name\":\"48/N\",\"avatar\":\"101\",\"rating\":1058,\"seed\":\"sodium,c195ee5f174a19fb779ae74a64d08bc2\"}\n>p1 switch 2\n>p2 move knockoff\n>p1 move precipiceblades\n>p2 move iceshard\n>p1 move heatcrash\n>p2 move earthquake\n>p1 move precipiceblades\n>p2 move iceshard\n>p1 switch 5\n>p1 move psyshock\n>p2 move knockoff\n>p2 switch 6\n>p1 move shadowball\n>p2 move nightslash\n>p1 switch 4\n>p1 move shadowsneak\n>p2 switch 3\n>p1 move swordsdance terastallize\n>p2 move dragondance\n>p1 move shadowclaw\n>p2 move dualwingbeat\n>p2 switch 4\n>p1 move shadowsneak\n>p2 move thunderbolt\n>p1 switch 3\n>p1 move gigadrain\n>p2 move voltswitch\n>p2 switch 5\n>p1 move sleeppowder\n>p2 move bugbuzz\n>p1 switch 2\n>p2 switch 2\n>p1 move heatwave\n>p2 move icespinner\n>p1 move heatwave\n>p2 move iceshard\n>p1 switch 6\n>p1 move fakeout\n>p2 move earthquake\n>p1 move sludgewave\n>p2 move earthquake\n>p1 move sludgewave\n>p2 move iceshard\n>p2 switch 5\n>p1 move sludgewave\n>p2 move voltswitch\n>p2 switch 3\n>p1 switch 2\n>p1 move gigadrain\n>p2 move psychocut", "uploadtime": 1782879147, "views": 2, "formatid": "gen9randombattle", "rating": 1032, "private": 0, "password": null, "player_dets": [{"name": "tui888888", "avatar": "2", "rating": 1049, "seed": "sodium,9674b105f9f8ccd8738263e54ac56739"}, {"name": "48/N", "avatar": "101", "rating": 1058, "seed": "sodium,c195ee5f174a19fb779ae74a64d08bc2"}], "teams_full": [{"Tornadus": {"name": "Tornadus", "species": "Tornadus", "speciesId": "tornadus", "gender": "M", "shiny": false, "level": 82, "moves": ["focusblast", "heatwave", "bleakwindstorm", "uturn"], "ability": "Defiant", "evs": {"hp": 81, "atk": 85, "def": 85, "spa": 85, "spd": 85, "spe": 85}, "ivs": {"hp": 31, "atk": 31, "def": 31, "spa": 31, "spd": 31, "spe": 31}, "item": "Choice Specs", "teraType": "Fighting", "role": "Fast Attacker", "bvs": {"hp": 79, "atk": 115, "def": 70, "spa": 125, "spd": 80, "spe": 111}, "stats": {"hp": 263, "atk": 236, "def": 162, "spa": 252, "spd": 178, "spe": 229}, "types": ["Flying"]}, "Groudon": {"name": "Groudon", "species": "Groudon", "speciesId": "groudon", "gender": "N", "shiny": false, "level": 72, "moves": ["heatcrash", "stoneedge", "willowisp", "precipiceblades"], "ability": "Drought", "evs": {"hp": 85, "atk": 85, "def": 85, "spa": 85, "spd": 85, "spe": 85}, "ivs": {"hp": 31, "atk": 31, "def": 31, "spa": 31, "spd": 31, "spe": 31}, "item": "Leftovers", "teraType": "Fire", "role": "Bulky Attacker", "bvs": {"hp": 100, "atk": 150, "def": 140, "spa": 100, "spd": 90, "spe": 90}, "stats": {"hp": 263, "atk": 258, "def": 244, "spa": 186, "spd": 172, "spe": 172}, "types": ["Ground"]}, "Vileplume": {"name": "Vileplume", "species": "Vileplume", "speciesId": "vileplume", "gender": "M", "shiny": false, "level": 85, "moves": ["sludgebomb", "gigadrain", "sleeppowder", "strengthsap"], "ability": "Effect Spore", "evs": {"hp": 85, "atk": 0, "def": 85, "spa": 85, "spd": 85, "spe": 85}, "ivs": {"hp": 31, "atk": 0, "def": 31, "spa": 31, "spd": 31, "spe": 31}, "item": "Leftovers", "teraType": "Steel", "role": "Bulky Attacker", "bvs": {"hp": 75, "atk": 80, "def": 85, "spa": 110, "spd": 90, "spe": 50}, "stats": {"hp": 266, "atk": 141, "def": 193, "spa": 236, "spd": 202, "spe": 134}, "types": ["Grass", "Poison"]}, "Mimikyu": {"name": "Mimikyu", "species": "Mimikyu", "speciesId": "mimikyu", "gender": "M", "shiny": false, "level": 79, "moves": ["swordsdance", "shadowclaw", "shadowsneak", "playrough"], "ability": "Disguise", "evs": {"hp": 85, "atk": 85, "def": 85, "spa": 85, "spd": 85, "spe": 85}, "ivs": {"hp": 31, "atk": 31, "def": 31, "spa": 31, "spd": 31, "spe": 31}, "item": "Life Orb", "teraType": "Ghost", "role": "Fast Bulky Setup", "bvs": {"hp": 55, "atk": 90, "def": 80, "spa": 50, "spd": 105, "spe": 96}, "stats": {"hp": 216, "atk": 188, "def": 172, "spa": 125, "spd": 211, "spe": 197}, "types": ["Ghost", "Fairy"]}, "Espeon": {"name": "Espeon", "species": "Espeon", "speciesId": "espeon", "gender": "M", "shiny": false, "level": 84, "moves": ["alluringvoice", "morningsun", "shadowball", "psyshock"], "ability": "Magic Bounce", "evs": {"hp": 85, "atk": 0, "def": 85, "spa": 85, "spd": 85, "spe": 85}, "ivs": {"hp": 31, "atk": 0, "def": 31, "spa": 31, "spd": 31, "spe": 31}, "item": "Life Orb", "teraType": "Psychic", "role": "Fast Attacker", "bvs": {"hp": 65, "atk": 65, "def": 60, "spa": 130, "spd": 95, "spe": 110}, "stats": {"hp": 246, "atk": 114, "def": 149, "spa": 267, "spd": 208, "spe": 233}, "types": ["Psychic"]}, "Munkidori": {"name": "Munkidori", "species": "Munkidori", "speciesId": "munkidori", "gender": "M", "shiny": false, "level": 79, "moves": ["psychicnoise", "sludgewave", "uturn", "fakeout"], "ability": "Toxic Chain", "evs": {"hp": 85, "atk": 85, "def": 85, "spa": 85, "spd": 85, "spe": 85}, "ivs": {"hp": 31, "atk": 31, "def": 31, "spa": 31, "spd": 31, "spe": 31}, "item": "Assault Vest", "teraType": "Dark", "role": "AV Pivot", "bvs": {"hp": 88, "atk": 75, "def": 66, "spa": 130, "spd": 90, "spe": 106}, "stats": {"hp": 269, "atk": 164, "def": 150, "spa": 251, "spd": 188, "spe": 213}, "types": ["Poison", "Psychic"]}}, {"Donphan": {"name": "Donphan", "species": "Donphan", "speciesId": "donphan", "gender": "F", "shiny": false, "level": 84, "moves": ["earthquake", "rapidspin", "knockoff", "iceshard"], "ability": "Sturdy", "evs": {"hp": 85, "atk": 85, "def": 85, "spa": 85, "spd": 85, "spe": 85}, "ivs": {"hp": 31, "atk": 31, "def": 31, "spa": 31, "spd": 31, "spe": 31}, "item": "Assault Vest", "teraType": "Water", "role": "Bulky Support", "bvs": {"hp": 90, "atk": 120, "def": 120, "spa": 60, "spd": 60, "spe": 50}, "stats": {"hp": 288, "atk": 250, "def": 250, "spa": 149, "spd": 149, "spe": 132}, "types": ["Ground"]}, "Cetitan": {"name": "Cetitan", "species": "Cetitan", "speciesId": "cetitan", "gender": "F", "shiny": false, "level": 82, "moves": ["bellydrum", "iceshard", "earthquake", "icespinner"], "ability": "Thick Fat", "evs": {"hp": 81, "atk": 85, "def": 85, "spa": 85, "spd": 85, "spe": 85}, "ivs": {"hp": 31, "atk": 31, "def": 31, "spa": 31, "spd": 31, "spe": 31}, "item": "Sitrus Berry", "teraType": "Ice", "role": "Bulky Setup", "bvs": {"hp": 170, "atk": 113, "def": 65, "spa": 45, "spd": 55, "spe": 73}, "stats": {"hp": 412, "atk": 232, "def": 154, "spa": 121, "spd": 137, "spe": 167}, "types": ["Ice"]}, "Tropius": {"name": "Tropius", "species": "Tropius", "speciesId": "tropius", "gender": "M", "shiny": false, "level": 91, "moves": ["earthquake", "dualwingbeat", "dragondance", "leafblade"], "ability": "Harvest", "evs": {"hp": 85, "atk": 85, "def": 85, "spa": 85, "spd": 85, "spe": 85}, "ivs": {"hp": 31, "atk": 31, "def": 31, "spa": 31, "spd": 31, "spe": 31}, "item": "Sitrus Berry", "teraType": "Ground", "role": "Setup Sweeper", "bvs": {"hp": 99, "atk": 68, "def": 83, "spa": 72, "spd": 87, "spe": 51}, "stats": {"hp": 328, "atk": 176, "def": 203, "spa": 183, "spd": 210, "spe": 145}, "types": ["Grass", "Flying"]}, "Sandy Shocks": {"name": "Sandy Shocks", "species": "Sandy Shocks", "speciesId": "sandyshocks", "gender": "N", "shiny": false, "level": 80, "moves": ["thunderbolt", "spikes", "voltswitch", "earthpower"], "ability": "Protosynthesis", "evs": {"hp": 85, "atk": 0, "def": 85, "spa": 85, "spd": 85, "spe": 85}, "ivs": {"hp": 31, "atk": 0, "def": 31, "spa": 31, "spd": 31, "spe": 31}, "item": "Heavy-Duty Boots", "teraType": "Ground", "role": "Fast Support", "bvs": {"hp": 85, "atk": 81, "def": 97, "spa": 121, "spd": 85, "spe": 101}, "stats": {"hp": 267, "atk": 134, "def": 201, "spa": 240, "spd": 182, "spe": 208}, "types": ["Electric", "Ground"]}, "Galvantula": {"name": "Galvantula", "species": "Galvantula", "speciesId": "galvantula", "gender": "M", "shiny": false, "level": 82, "moves": ["voltswitch", "thunder", "stickyweb", "bugbuzz"], "ability": "Compound Eyes", "evs": {"hp": 85, "atk": 0, "def": 85, "spa": 85, "spd": 85, "spe": 85}, "ivs": {"hp": 31, "atk": 0, "def": 31, "spa": 31, "spd": 31, "spe": 31}, "item": "Heavy-Duty Boots", "teraType": "Electric", "role": "Fast Support", "bvs": {"hp": 70, "atk": 77, "def": 60, "spa": 97, "spd": 60, "spe": 108}, "stats": {"hp": 249, "atk": 131, "def": 146, "spa": 206, "spd": 146, "spe": 224}, "types": ["Bug", "Electric"]}, "Veluza": {"name": "Veluza", "species": "Veluza", "speciesId": "veluza", "gender": "M", "shiny": false, "level": 85, "moves": ["nightslash", "flipturn", "psychocut", "aquacutter"], "ability": "Sharpness", "evs": {"hp": 85, "atk": 85, "def": 85, "spa": 85, "spd": 85, "spe": 85}, "ivs": {"hp": 31, "atk": 31, "def": 31, "spa": 31, "spd": 31, "spe": 31}, "item": "Choice Band", "teraType": "Water", "role": "Fast Attacker", "bvs": {"hp": 90, "atk": 102, "def": 73, "spa": 78, "spd": 65, "spe": 70}, "stats": {"hp": 292, "atk": 222, "def": 173, "spa": 181, "spd": 159, "spe": 168}, "types": ["Water", "Psychic"]}}]}