{"id": "gen9randombattle-2641817500", "format": "[Gen 9] Random Battle", "players": ["masbahlilganteng", "munch857"], "log": "|j|\u2606masbahlilganteng\n|j|\u2606munch857\n|t:|1782845495\n|gametype|singles\n|player|p1|masbahlilganteng|hoopster|2016\n|player|p2|munch857|yellow|2044\n|gen|9\n|tier|[Gen 9] Random Battle\n|rated|\n|rule|Species Clause: Limit one of each Pok\u00e9mon\n|rule|HP Percentage Mod: HP is shown in percentages\n|rule|Sleep Clause Mod: Limit one foe put to sleep\n|rule|Illusion Level Mod: Illusion disguises the Pok\u00e9mon's true level\n|\n|t:|1782845495\n|teamsize|p1|6\n|teamsize|p2|6\n|start\n|switch|p1a: Deoxys|Deoxys, L74|196/196\n|switch|p2a: Oinkologne|Oinkologne-F, L92, F|361/361\n|-ability|p1a: Deoxys|Pressure\n|turn|1\n|inactive|Battle timer is ON: inactive players will automatically lose when time's up. (requested by masbahlilganteng)\n|inactive|munch857 has 120 seconds left.\n|\n|t:|1782845542\n|switch|p1a: Hitmonlee|Hitmonlee, L85, M|223/223\n|move|p2a: Oinkologne|Body Slam|p1a: Hitmonlee\n|-damage|p1a: Hitmonlee|84/223\n|\n|upkeep\n|turn|2\n|\n|t:|1782845567\n|switch|p2a: Volbeat|Volbeat, L90, M|263/263\n|move|p1a: Hitmonlee|High Jump Kick|p2a: Volbeat\n|-resisted|p2a: Volbeat\n|-damage|p2a: Volbeat|91/263\n|\n|upkeep\n|turn|3\n|\n|t:|1782845575\n|move|p2a: Volbeat|Roost|p2a: Volbeat\n|-heal|p2a: Volbeat|223/263\n|-singleturn|p2a: Volbeat|move: Roost\n|move|p1a: Hitmonlee|High Jump Kick|p2a: Volbeat\n|-resisted|p2a: Volbeat\n|-damage|p2a: Volbeat|65/263\n|\n|upkeep\n|turn|4\n|\n|t:|1782845582\n|switch|p2a: Trevenant|Trevenant, L89, F|296/296\n|move|p1a: Hitmonlee|High Jump Kick|p2a: Trevenant\n|-immune|p2a: Trevenant\n|-damage|p1a: Hitmonlee|0 fnt|[from] highjumpkick\n|faint|p1a: Hitmonlee\n|\n|upkeep\n|\n|t:|1782845603\n|switch|p1a: Cinccino|Cinccino, L83, F|260/260\n|turn|5\n|inactive|munch857 has 120 seconds left.\n|inactive|munch857 has 90 seconds left.\n|\n|t:|1782845686\n|move|p1a: Cinccino|Tidy Up|p1a: Cinccino\n|-boost|p1a: Cinccino|atk|1\n|-boost|p1a: Cinccino|spe|1\n|move|p2a: Trevenant|Drain Punch|p1a: Cinccino\n|-supereffective|p1a: Cinccino\n|-crit|p1a: Cinccino\n|-damage|p1a: Cinccino|0 fnt\n|faint|p1a: Cinccino\n|\n|upkeep\n|inactive|masbahlilganteng has 120 seconds left.\n|\n|t:|1782845703\n|switch|p1a: Giratina|Giratina-Origin, L72|335/335\n|turn|6\n|inactive|masbahlilganteng has 120 seconds left.\n|inactive|munch857 has 60 seconds left.\n|\n|t:|1782845732\n|move|p1a: Giratina|Poltergeist|p2a: Trevenant\n|-activate|p2a: Trevenant|move: Poltergeist|Sitrus Berry\n|-supereffective|p2a: Trevenant\n|-damage|p2a: Trevenant|48/296\n|-enditem|p2a: Trevenant|Sitrus Berry|[eat]\n|-heal|p2a: Trevenant|122/296|[from] item: Sitrus Berry\n|move|p2a: Trevenant|Poltergeist|p1a: Giratina\n|-activate|p1a: Giratina|move: Poltergeist|Griseous Core\n|-supereffective|p1a: Giratina\n|-damage|p1a: Giratina|15/335\n|\n|upkeep\n|turn|7\n|inactive|masbahlilganteng has 120 seconds left.\n|inactive|munch857 has 60 seconds left.\n|\n|t:|1782845743\n|move|p2a: Trevenant|Protect|p2a: Trevenant\n|-singleturn|p2a: Trevenant|Protect\n|move|p1a: Giratina|Draco Meteor|p2a: Trevenant\n|-activate|p2a: Trevenant|move: Protect\n|\n|upkeep\n|turn|8\n|inactive|munch857 has 60 seconds left.\n|\n|t:|1782845783\n|switch|p2a: Oinkologne|Oinkologne-F, L92, F|361/361\n|move|p1a: Giratina|Poltergeist|p2a: Oinkologne\n|-immune|p2a: Oinkologne\n|\n|upkeep\n|turn|9\n|\n|t:|1782845791\n|move|p2a: Oinkologne|Lash Out|p1a: Giratina\n|-supereffective|p1a: Giratina\n|-damage|p1a: Giratina|0 fnt\n|faint|p1a: Giratina\n|\n|upkeep\n|\n|t:|1782845802\n|switch|p1a: Salamence|Salamence, L77, F|273/273\n|-ability|p1a: Salamence|Intimidate|boost\n|-unboost|p2a: Oinkologne|atk|1\n|turn|10\n|inactive|masbahlilganteng has 120 seconds left.\n|inactive|munch857 has 30 seconds left.\n|inactive|munch857 has 20 seconds left.\n|inactive|munch857 has 15 seconds left.\n|inactive|munch857 has 10 seconds left.\n|inactive|munch857 has 5 seconds left.\n|\n|t:|1782845854\n|move|p1a: Salamence|Dragon Dance|p1a: Salamence\n|-boost|p1a: Salamence|atk|1\n|-boost|p1a: Salamence|spe|1\n|move|p2a: Oinkologne|Body Slam|p1a: Salamence\n|-damage|p1a: Salamence|191/273\n|-status|p1a: Salamence|par\n|\n|upkeep\n|turn|11\n|inactive|munch857 has 15 seconds left this turn.\n|inactive|masbahlilganteng has 120 seconds left.\n|inactive|munch857 has 10 seconds left.\n|\n|t:|1782845864\n|move|p2a: Oinkologne|Curse|p2a: Oinkologne\n|-unboost|p2a: Oinkologne|spe|1\n|-boost|p2a: Oinkologne|atk|1\n|-boost|p2a: Oinkologne|def|1\n|move|p1a: Salamence|Dual Wingbeat|p2a: Oinkologne\n|-damage|p2a: Oinkologne|310/361\n|-damage|p2a: Oinkologne|259/361\n|-hitcount|p2a: Oinkologne|2\n|\n|-heal|p2a: Oinkologne|281/361|[from] item: Leftovers\n|upkeep\n|turn|12\n|inactive|munch857 has 20 seconds left this turn.\n|inactive|masbahlilganteng has 120 seconds left.\n|inactive|munch857 has 15 seconds left.\n|\n|t:|1782845879\n|cant|p1a: Salamence|par\n|move|p2a: Oinkologne|Curse|p2a: Oinkologne\n|-unboost|p2a: Oinkologne|spe|1\n|-boost|p2a: Oinkologne|atk|1\n|-boost|p2a: Oinkologne|def|1\n|\n|-heal|p2a: Oinkologne|303/361|[from] item: Leftovers\n|upkeep\n|turn|13\n|inactive|munch857 has 25 seconds left this turn.\n|inactive|masbahlilganteng has 120 seconds left.\n|\n|t:|1782845888\n|move|p1a: Salamence|Dual Wingbeat|p2a: Oinkologne\n|-damage|p2a: Oinkologne|267/361\n|-damage|p2a: Oinkologne|231/361\n|-hitcount|p2a: Oinkologne|2\n|move|p2a: Oinkologne|Curse|p2a: Oinkologne\n|-unboost|p2a: Oinkologne|spe|1\n|-boost|p2a: Oinkologne|atk|1\n|-boost|p2a: Oinkologne|def|1\n|\n|-heal|p2a: Oinkologne|253/361|[from] item: Leftovers\n|upkeep\n|turn|14\n|\n|t:|1782845896\n|move|p1a: Salamence|Dragon Dance|p1a: Salamence\n|-boost|p1a: Salamence|atk|1\n|-boost|p1a: Salamence|spe|1\n|move|p2a: Oinkologne|Body Slam|p1a: Salamence\n|-damage|p1a: Salamence|0 fnt\n|faint|p1a: Salamence\n|\n|-heal|p2a: Oinkologne|275/361|[from] item: Leftovers\n|upkeep\n|inactive|masbahlilganteng has 120 seconds left.\n|\n|t:|1782845910\n|switch|p1a: Meloetta|Meloetta, L82|298/298\n|turn|15\n|\n|t:|1782845920\n|move|p1a: Meloetta|Hyper Voice|p2a: Oinkologne\n|-damage|p2a: Oinkologne|119/361\n|move|p2a: Oinkologne|Body Slam|p1a: Meloetta\n|-damage|p1a: Meloetta|82/298\n|-status|p1a: Meloetta|par\n|\n|-heal|p2a: Oinkologne|141/361|[from] item: Leftovers\n|upkeep\n|turn|16\n|-message|masbahlilganteng forfeited.\n|\n|win|munch857\n|raw|masbahlilganteng's rating: 2016 &rarr; <strong>1998</strong><br />(-18 for losing)\n|raw|munch857's rating: 2044 &rarr; <strong>2062</strong><br />(+18 for winning)\n", "inputlog": ">version f8ac14003a5f27e1bdc8d8c59608a773c1cb96e5\n>start {\"formatid\":\"gen9randombattle\",\"seed\":\"sodium,43de7e247c88d58ab4b03546179cad35\",\"rated\":\"Rated battle\"}\n>player p1 {\"name\":\"masbahlilganteng\",\"avatar\":\"hoopster\",\"rating\":2016,\"seed\":\"sodium,0324c47be31ebb35da55ec337ce4f2c3\"}\n>player p2 {\"name\":\"munch857\",\"avatar\":\"yellow\",\"rating\":2044,\"seed\":\"sodium,6d87dbaaf885454795b56c1fde557f8e\"}\n>p1 switch 6\n>p2 move bodyslam\n>p1 move highjumpkick\n>p2 switch 2\n>p1 move highjumpkick\n>p2 move roost\n>p1 move highjumpkick\n>p2 switch 3\n>p1 switch 2\n>p1 move tidyup\n>p2 move drainpunch\n>p1 switch 5\n>p1 move poltergeist\n>p2 move poltergeist\n>p1 move dracometeor\n>p2 move protect\n>p1 move poltergeist\n>p2 switch 2\n>p1 move dracometeor\n>p2 move lashout\n>p1 switch 3\n>p1 move dragondance\n>p2 move bodyslam\n>p1 move dualwingbeat\n>p2 move curse\n>p1 move dualwingbeat\n>p2 move curse\n>p1 move dualwingbeat\n>p2 move curse\n>p1 move dragondance\n>p2 move bodyslam\n>p1 switch 4\n>p1 move hypervoice\n>p2 move bodyslam\n>forcelose p1", "uploadtime": 1782845932, "views": 7, "formatid": "gen9randombattle", "rating": 1998, "private": 0, "password": null, "player_dets": [{"name": "masbahlilganteng", "avatar": "hoopster", "rating": 2016, "seed": "sodium,0324c47be31ebb35da55ec337ce4f2c3"}, {"name": "munch857", "avatar": "yellow", "rating": 2044, "seed": "sodium,6d87dbaaf885454795b56c1fde557f8e"}], "teams_full": [{"Deoxys": {"name": "Deoxys", "species": "Deoxys", "speciesId": "deoxys", "gender": "N", "shiny": false, "level": 74, "moves": ["psychoboost", "knockoff", "superpower", "extremespeed"], "ability": "Pressure", "evs": {"hp": 85, "atk": 85, "def": 85, "spa": 85, "spd": 85, "spe": 85}, "ivs": {"hp": 31, "atk": 31, "def": 31, "spa": 31, "spd": 31, "spe": 31}, "item": "Life Orb", "teraType": "Normal", "role": "Fast Attacker", "bvs": {"hp": 50, "atk": 150, "def": 50, "spa": 150, "spd": 50, "spe": 150}, "stats": {"hp": 196, "atk": 265, "def": 117, "spa": 265, "spd": 117, "spe": 265}, "types": ["Psychic"]}, "Cinccino": {"name": "Cinccino", "species": "Cinccino", "speciesId": "cinccino", "gender": "F", "shiny": false, "level": 83, "moves": ["bulletseed", "tidyup", "tripleaxel", "tailslap"], "ability": "Technician", "evs": {"hp": 85, "atk": 85, "def": 85, "spa": 85, "spd": 85, "spe": 85}, "ivs": {"hp": 31, "atk": 31, "def": 31, "spa": 31, "spd": 31, "spe": 31}, "item": "Loaded Dice", "teraType": "Grass", "role": "Fast Attacker", "bvs": {"hp": 75, "atk": 95, "def": 60, "spa": 65, "spd": 60, "spe": 115}, "stats": {"hp": 260, "atk": 205, "def": 147, "spa": 156, "spd": 147, "spe": 239}, "types": ["Normal"]}, "Salamence": {"name": "Salamence", "species": "Salamence", "speciesId": "salamence", "gender": "F", "shiny": false, "level": 77, "moves": ["roost", "dragondance", "outrage", "dualwingbeat"], "ability": "Intimidate", "evs": {"hp": 85, "atk": 85, "def": 85, "spa": 85, "spd": 85, "spe": 85}, "ivs": {"hp": 31, "atk": 31, "def": 31, "spa": 31, "spd": 31, "spe": 31}, "item": "Heavy-Duty Boots", "teraType": "Dragon", "role": "Setup Sweeper", "bvs": {"hp": 95, "atk": 135, "def": 80, "spa": 110, "spd": 80, "spe": 100}, "stats": {"hp": 273, "atk": 252, "def": 168, "spa": 214, "spd": 168, "spe": 199}, "types": ["Dragon", "Flying"]}, "Meloetta": {"name": "Meloetta", "species": "Meloetta", "speciesId": "meloetta", "gender": "N", "shiny": false, "level": 82, "moves": ["focusblast", "hypervoice", "psyshock", "uturn"], "ability": "Serene Grace", "evs": {"hp": 85, "atk": 85, "def": 85, "spa": 85, "spd": 85, "spe": 85}, "ivs": {"hp": 31, "atk": 31, "def": 31, "spa": 31, "spd": 31, "spe": 31}, "item": "Choice Specs", "teraType": "Fighting", "role": "Bulky Attacker", "bvs": {"hp": 100, "atk": 77, "def": 77, "spa": 128, "spd": 128, "spe": 90}, "stats": {"hp": 298, "atk": 173, "def": 173, "spa": 257, "spd": 257, "spe": 195}, "types": ["Normal", "Psychic"]}, "Giratina": {"name": "Giratina", "species": "Giratina-Origin", "speciesId": "giratinaorigin", "gender": "N", "shiny": false, "level": 72, "moves": ["shadowsneak", "poltergeist", "dracometeor", "dragontail"], "ability": "Levitate", "evs": {"hp": 85, "atk": 85, "def": 85, "spa": 85, "spd": 85, "spe": 85}, "ivs": {"hp": 31, "atk": 31, "def": 31, "spa": 31, "spd": 31, "spe": 31}, "item": "Griseous Core", "teraType": "Ghost", "role": "Fast Attacker", "bvs": {"hp": 150, "atk": 120, "def": 100, "spa": 120, "spd": 100, "spe": 90}, "stats": {"hp": 335, "atk": 215, "def": 186, "spa": 215, "spd": 186, "spe": 172}, "types": ["Ghost", "Dragon"]}, "Hitmonlee": {"name": "Hitmonlee", "species": "Hitmonlee", "speciesId": "hitmonlee", "gender": "M", "shiny": false, "level": 85, "moves": ["highjumpkick", "knockoff", "stoneedge", "machpunch"], "ability": "Reckless", "evs": {"hp": 81, "atk": 85, "def": 85, "spa": 85, "spd": 85, "spe": 85}, "ivs": {"hp": 31, "atk": 31, "def": 31, "spa": 31, "spd": 31, "spe": 31}, "item": "Choice Band", "teraType": "Fighting", "role": "Fast Attacker", "bvs": {"hp": 50, "atk": 120, "def": 53, "spa": 35, "spd": 110, "spe": 87}, "stats": {"hp": 223, "atk": 253, "def": 139, "spa": 108, "spd": 236, "spe": 197}, "types": ["Fighting"]}}, {"Oinkologne": {"name": "Oinkologne", "species": "Oinkologne-F", "speciesId": "oinkolognef", "gender": "F", "shiny": false, "level": 92, "moves": ["highhorsepower", "lashout", "curse", "bodyslam"], "ability": "Thick Fat", "evs": {"hp": 85, "atk": 85, "def": 85, "spa": 85, "spd": 85, "spe": 85}, "ivs": {"hp": 31, "atk": 31, "def": 31, "spa": 31, "spd": 31, "spe": 31}, "item": "Leftovers", "teraType": "Ground", "role": "Bulky Setup", "bvs": {"hp": 115, "atk": 90, "def": 70, "spa": 59, "spd": 90, "spe": 65}, "stats": {"hp": 361, "atk": 218, "def": 181, "spa": 161, "spd": 218, "spe": 172}, "types": ["Normal"]}, "Volbeat": {"name": "Volbeat", "species": "Volbeat", "speciesId": "volbeat", "gender": "M", "shiny": false, "level": 90, "moves": ["lunge", "thunderwave", "encore", "roost"], "ability": "Prankster", "evs": {"hp": 85, "atk": 85, "def": 85, "spa": 85, "spd": 85, "spe": 85}, "ivs": {"hp": 31, "atk": 31, "def": 31, "spa": 31, "spd": 31, "spe": 31}, "item": "Heavy-Duty Boots", "teraType": "Water", "role": "Bulky Attacker", "bvs": {"hp": 65, "atk": 73, "def": 75, "spa": 47, "spd": 85, "spe": 85}, "stats": {"hp": 263, "atk": 183, "def": 186, "spa": 136, "spd": 204, "spe": 204}, "types": ["Bug"]}, "Trevenant": {"name": "Trevenant", "species": "Trevenant", "speciesId": "trevenant", "gender": "F", "shiny": false, "level": 89, "moves": ["poltergeist", "toxic", "drainpunch", "protect"], "ability": "Harvest", "evs": {"hp": 85, "atk": 85, "def": 85, "spa": 85, "spd": 85, "spe": 85}, "ivs": {"hp": 31, "atk": 31, "def": 31, "spa": 31, "spd": 31, "spe": 31}, "item": "Sitrus Berry", "teraType": "Steel", "role": "Bulky Support", "bvs": {"hp": 85, "atk": 110, "def": 76, "spa": 65, "spd": 82, "spe": 56}, "stats": {"hp": 296, "atk": 247, "def": 186, "spa": 166, "spd": 197, "spe": 150}, "types": ["Ghost", "Grass"]}, "Dragonite": {"name": "Dragonite", "species": "Dragonite", "speciesId": "dragonite", "gender": "M", "shiny": false, "level": 74, "moves": ["dragondance", "outrage", "ironhead", "earthquake"], "ability": "Multiscale", "evs": {"hp": 85, "atk": 85, "def": 85, "spa": 85, "spd": 85, "spe": 85}, "ivs": {"hp": 31, "atk": 31, "def": 31, "spa": 31, "spd": 31, "spe": 31}, "item": "Heavy-Duty Boots", "teraType": "Steel", "role": "Setup Sweeper", "bvs": {"hp": 91, "atk": 134, "def": 95, "spa": 100, "spd": 100, "spe": 80}, "stats": {"hp": 257, "atk": 241, "def": 184, "spa": 191, "spd": 191, "spe": 161}, "types": ["Dragon", "Flying"]}, "Sneasler": {"name": "Sneasler", "species": "Sneasler", "speciesId": "sneasler", "gender": "F", "shiny": false, "level": 74, "moves": ["swordsdance", "acrobatics", "direclaw", "closecombat"], "ability": "Unburden", "evs": {"hp": 85, "atk": 85, "def": 85, "spa": 85, "spd": 85, "spe": 85}, "ivs": {"hp": 31, "atk": 31, "def": 31, "spa": 31, "spd": 31, "spe": 31}, "item": "White Herb", "teraType": "Flying", "role": "Setup Sweeper", "bvs": {"hp": 80, "atk": 130, "def": 60, "spa": 40, "spd": 80, "spe": 120}, "stats": {"hp": 240, "atk": 235, "def": 132, "spa": 102, "spd": 161, "spe": 221}, "types": ["Fighting", "Poison"]}, "Reuniclus": {"name": "Reuniclus", "species": "Reuniclus", "speciesId": "reuniclus", "gender": "M", "shiny": false, "level": 88, "moves": ["calmmind", "psyshock", "focusblast", "recover"], "ability": "Magic Guard", "evs": {"hp": 85, "atk": 0, "def": 85, "spa": 85, "spd": 85, "spe": 85}, "ivs": {"hp": 31, "atk": 0, "def": 31, "spa": 31, "spd": 31, "spe": 31}, "item": "Life Orb", "teraType": "Steel", "role": "Bulky Setup", "bvs": {"hp": 110, "atk": 65, "def": 75, "spa": 125, "spd": 85, "spe": 30}, "stats": {"hp": 337, "atk": 119, "def": 182, "spa": 270, "spd": 200, "spe": 103}, "types": ["Psychic"]}}]}