{"id": "gen9randombattle-2642211578", "format": "[Gen 9] Random Battle", "players": ["jnpr010334", "LUFCYELLOW"], "log": "|j|\u2606jnpr010334\n|j|\u2606LUFCYELLOW\n|t:|1782911558\n|gametype|singles\n|player|p1|jnpr010334|265|1833\n|player|p2|LUFCYELLOW|brock|1824\n|gen|9\n|tier|[Gen 9] Random Battle\n|rated|\n|rule|Species Clause: Limit one of each Pok\u00e9mon\n|rule|HP Percentage Mod: HP is shown in percentages\n|rule|Sleep Clause Mod: Limit one foe put to sleep\n|rule|Illusion Level Mod: Illusion disguises the Pok\u00e9mon's true level\n|\n|t:|1782911558\n|teamsize|p1|6\n|teamsize|p2|6\n|start\n|switch|p1a: Vigoroth|Vigoroth, L85, M|275/275\n|switch|p2a: Gholdengo|Gholdengo, L77|261/261\n|turn|1\n|inactive|Battle timer is ON: inactive players will automatically lose when time's up. (requested by jnpr010334)\n|\n|t:|1782911564\n|move|p1a: Vigoroth|Knock Off|p2a: Gholdengo\n|-supereffective|p2a: Gholdengo\n|-damage|p2a: Gholdengo|131/261\n|-enditem|p2a: Gholdengo|Leftovers|[from] move: Knock Off|[of] p1a: Vigoroth\n|move|p2a: Gholdengo|Focus Blast|p1a: Vigoroth|[miss]\n|-miss|p2a: Gholdengo|p1a: Vigoroth\n|\n|upkeep\n|turn|2\n|\n|t:|1782911569\n|move|p1a: Vigoroth|Knock Off|p2a: Gholdengo\n|-supereffective|p2a: Gholdengo\n|-damage|p2a: Gholdengo|47/261\n|move|p2a: Gholdengo|Focus Blast|p1a: Vigoroth\n|-supereffective|p1a: Vigoroth\n|-damage|p1a: Vigoroth|97/275\n|\n|upkeep\n|turn|3\n|\n|t:|1782911575\n|move|p1a: Vigoroth|Slack Off|p1a: Vigoroth\n|-heal|p1a: Vigoroth|235/275\n|move|p2a: Gholdengo|Focus Blast|p1a: Vigoroth|[miss]\n|-miss|p2a: Gholdengo|p1a: Vigoroth\n|\n|upkeep\n|turn|4\n|\n|t:|1782911579\n|move|p1a: Vigoroth|Knock Off|p2a: Gholdengo\n|-supereffective|p2a: Gholdengo\n|-damage|p2a: Gholdengo|0 fnt\n|faint|p2a: Gholdengo\n|\n|upkeep\n|\n|t:|1782911581\n|switch|p2a: Lycanroc|Lycanroc-Dusk, L81, M|254/254\n|turn|5\n|\n|t:|1782911584\n|switch|p1a: Palossand|Palossand, L89, F|296/296\n|move|p2a: Lycanroc|Close Combat|p1a: Palossand\n|-immune|p1a: Palossand\n|\n|upkeep\n|turn|6\n|\n|t:|1782911589\n|switch|p2a: Froslass|Froslass, L87, F|263/263\n|move|p1a: Palossand|Stealth Rock|p2a: Froslass\n|-sidestart|p2: LUFCYELLOW|move: Stealth Rock\n|\n|upkeep\n|turn|7\n|\n|t:|1782911592\n|switch|p1a: Archaludon|Archaludon, L78, F|268/268\n|move|p2a: Froslass|Poltergeist|p1a: Archaludon\n|-activate|p1a: Archaludon|move: Poltergeist|Leftovers\n|-damage|p1a: Archaludon|190/268\n|-ability|p1a: Archaludon|Stamina|boost\n|-boost|p1a: Archaludon|def|1\n|\n|-heal|p1a: Archaludon|206/268|[from] item: Leftovers\n|upkeep\n|turn|8\n|\n|t:|1782911595\n|move|p2a: Froslass|Spikes|p1a: Archaludon\n|-sidestart|p1: jnpr010334|Spikes\n|move|p1a: Archaludon|Flash Cannon|p2a: Froslass\n|-supereffective|p2a: Froslass\n|-damage|p2a: Froslass|65/263\n|\n|-heal|p1a: Archaludon|222/268|[from] item: Leftovers\n|upkeep\n|turn|9\n|\n|t:|1782911599\n|move|p2a: Froslass|Destiny Bond|p2a: Froslass\n|-singlemove|p2a: Froslass|Destiny Bond\n|move|p1a: Archaludon|Flash Cannon|p2a: Froslass\n|-supereffective|p2a: Froslass\n|-damage|p2a: Froslass|0 fnt\n|faint|p2a: Froslass\n|-activate|p2a: Froslass|move: Destiny Bond\n|faint|p1a: Archaludon\n|\n|upkeep\n|\n|t:|1782911603\n|switch|p2a: Oranguru|Oranguru, L92, M|315/315\n|switch|p1a: Medicham|Medicham, L86, F|243/243\n|-damage|p1a: Medicham|213/243|[from] Spikes\n|-damage|p2a: Oranguru|276/315|[from] Stealth Rock\n|turn|10\n|\n|t:|1782911606\n|-terastallize|p1a: Medicham|Fighting\n|move|p1a: Medicham|Close Combat|p2a: Oranguru\n|-damage|p2a: Oranguru|0 fnt\n|-unboost|p1a: Medicham|def|1\n|-unboost|p1a: Medicham|spd|1\n|faint|p2a: Oranguru\n|\n|upkeep\n|\n|t:|1782911612\n|switch|p2a: Salazzle|Salazzle, L83, F|249/249\n|turn|11\n|\n|t:|1782911616\n|switch|p1a: Meowstic|Meowstic, L89, M|277/277\n|-damage|p1a: Meowstic|243/277|[from] Spikes\n|move|p2a: Salazzle|Fire Blast|p1a: Meowstic|[miss]\n|-miss|p2a: Salazzle|p1a: Meowstic\n|\n|-heal|p1a: Meowstic|260/277|[from] item: Leftovers\n|upkeep\n|turn|12\n|\n|t:|1782911625\n|move|p1a: Meowstic|Thunder Wave|p2a: Salazzle\n|-status|p2a: Salazzle|par\n|cant|p2a: Salazzle|par\n|\n|-heal|p1a: Meowstic|277/277|[from] item: Leftovers\n|upkeep\n|turn|13\n|-message|LUFCYELLOW forfeited.\n|\n|win|jnpr010334\n|raw|jnpr010334's rating: 1833 &rarr; <strong>1852</strong><br />(+19 for winning)\n|raw|LUFCYELLOW's rating: 1824 &rarr; <strong>1805</strong><br />(-19 for losing)\n", "inputlog": ">version f8ac14003a5f27e1bdc8d8c59608a773c1cb96e5\n>start {\"formatid\":\"gen9randombattle\",\"seed\":\"sodium,2542a4b9dfe669614cacbfddb020d9e3\",\"rated\":\"Rated battle\"}\n>player p1 {\"name\":\"jnpr010334\",\"avatar\":\"265\",\"rating\":1833,\"seed\":\"sodium,426bf83b63aa49817cd28a47532aab8b\"}\n>player p2 {\"name\":\"LUFCYELLOW\",\"avatar\":\"brock\",\"rating\":1824,\"seed\":\"sodium,29b739d89699127f9cfe0a56f9a9db31\"}\n>p1 move knockoff\n>p2 move focusblast\n>p1 move knockoff\n>p2 move focusblast\n>p1 move slackoff\n>p2 move focusblast\n>p1 move knockoff\n>p2 move focusblast\n>p2 switch 3\n>p1 switch 5\n>p2 move closecombat\n>p1 move stealthrock\n>p2 switch 4\n>p1 switch 6\n>p2 move poltergeist\n>p1 move flashcannon\n>p2 move spikes\n>p1 move flashcannon\n>p2 move destinybond\n>p1 switch 3\n>p2 switch 2\n>p1 move closecombat terastallize\n>p2 move psyshock\n>p2 switch 5\n>p1 switch 2\n>p2 move fireblast\n>p1 move thunderwave\n>p2 move fireblast\n>forcelose p2", "uploadtime": 1782911631, "views": 4, "formatid": "gen9randombattle", "rating": 1805, "private": 0, "password": null, "player_dets": [{"name": "jnpr010334", "avatar": "265", "rating": 1833, "seed": "sodium,426bf83b63aa49817cd28a47532aab8b"}, {"name": "LUFCYELLOW", "avatar": "brock", "rating": 1824, "seed": "sodium,29b739d89699127f9cfe0a56f9a9db31"}], "teams_full": [{"Vigoroth": {"name": "Vigoroth", "species": "Vigoroth", "speciesId": "vigoroth", "gender": "M", "shiny": false, "level": 85, "moves": ["knockoff", "slackoff", "bodyslam", "bulkup"], "ability": "Vital Spirit", "evs": {"hp": 85, "atk": 85, "def": 85, "spa": 85, "spd": 85, "spe": 85}, "ivs": {"hp": 31, "atk": 31, "def": 31, "spa": 31, "spd": 31, "spe": 31}, "item": "Eviolite", "teraType": "Ghost", "role": "Bulky Setup", "bvs": {"hp": 80, "atk": 80, "def": 80, "spa": 55, "spd": 55, "spe": 90}, "stats": {"hp": 275, "atk": 185, "def": 185, "spa": 142, "spd": 142, "spe": 202}, "types": ["Normal"]}, "Meowstic": {"name": "Meowstic", "species": "Meowstic", "speciesId": "meowstic", "gender": "M", "shiny": false, "level": 89, "moves": ["alluringvoice", "thunderwave", "yawn", "psychicnoise"], "ability": "Prankster", "evs": {"hp": 85, "atk": 0, "def": 85, "spa": 85, "spd": 85, "spe": 85}, "ivs": {"hp": 31, "atk": 0, "def": 31, "spa": 31, "spd": 31, "spe": 31}, "item": "Leftovers", "teraType": "Fairy", "role": "Bulky Support", "bvs": {"hp": 74, "atk": 48, "def": 76, "spa": 83, "spd": 81, "spe": 104}, "stats": {"hp": 277, "atk": 90, "def": 186, "spa": 199, "spd": 195, "spe": 236}, "types": ["Psychic"]}, "Medicham": {"name": "Medicham", "species": "Medicham", "speciesId": "medicham", "gender": "F", "shiny": false, "level": 86, "moves": ["icepunch", "closecombat", "zenheadbutt", "bulletpunch"], "ability": "Pure Power", "evs": {"hp": 85, "atk": 85, "def": 85, "spa": 85, "spd": 85, "spe": 85}, "ivs": {"hp": 31, "atk": 31, "def": 31, "spa": 31, "spd": 31, "spe": 31}, "item": "Choice Band", "teraType": "Fighting", "role": "Fast Attacker", "bvs": {"hp": 60, "atk": 60, "def": 75, "spa": 60, "spd": 75, "spe": 80}, "stats": {"hp": 243, "atk": 152, "def": 178, "spa": 152, "spd": 178, "spe": 187}, "types": ["Fighting", "Psychic"]}, "Palkia": {"name": "Palkia", "species": "Palkia", "speciesId": "palkia", "gender": "N", "shiny": false, "level": 75, "moves": ["spacialrend", "fireblast", "hydropump", "dracometeor"], "ability": "Pressure", "evs": {"hp": 85, "atk": 0, "def": 85, "spa": 85, "spd": 85, "spe": 85}, "ivs": {"hp": 31, "atk": 0, "def": 31, "spa": 31, "spd": 31, "spe": 31}, "item": "Choice Specs", "teraType": "Water", "role": "Fast Attacker", "bvs": {"hp": 90, "atk": 120, "def": 100, "spa": 150, "spd": 120, "spe": 100}, "stats": {"hp": 259, "atk": 185, "def": 194, "spa": 269, "spd": 224, "spe": 194}, "types": ["Water", "Dragon"]}, "Palossand": {"name": "Palossand", "species": "Palossand", "speciesId": "palossand", "gender": "F", "shiny": false, "level": 89, "moves": ["earthpower", "shadowball", "stealthrock", "shoreup"], "ability": "Water Compaction", "evs": {"hp": 85, "atk": 0, "def": 85, "spa": 85, "spd": 85, "spe": 85}, "ivs": {"hp": 31, "atk": 0, "def": 31, "spa": 31, "spd": 31, "spe": 31}, "item": "Leftovers", "teraType": "Water", "role": "Bulky Support", "bvs": {"hp": 85, "atk": 75, "def": 110, "spa": 100, "spd": 75, "spe": 35}, "stats": {"hp": 296, "atk": 138, "def": 247, "spa": 229, "spd": 184, "spe": 113}, "types": ["Ghost", "Ground"]}, "Archaludon": {"name": "Archaludon", "species": "Archaludon", "speciesId": "archaludon", "gender": "F", "shiny": false, "level": 78, "moves": ["dracometeor", "flashcannon", "bodypress", "thunderwave"], "ability": "Stamina", "evs": {"hp": 85, "atk": 0, "def": 85, "spa": 85, "spd": 85, "spe": 85}, "ivs": {"hp": 31, "atk": 0, "def": 31, "spa": 31, "spd": 31, "spe": 31}, "item": "Leftovers", "teraType": "Fighting", "role": "Bulky Attacker", "bvs": {"hp": 90, "atk": 105, "def": 130, "spa": 125, "spd": 65, "spe": 85}, "stats": {"hp": 268, "atk": 168, "def": 248, "spa": 240, "spd": 146, "spe": 178}, "types": ["Steel", "Dragon"]}}, {"Gholdengo": {"name": "Gholdengo", "species": "Gholdengo", "speciesId": "gholdengo", "gender": "N", "shiny": false, "level": 77, "moves": ["nastyplot", "focusblast", "shadowball", "makeitrain"], "ability": "Good as Gold", "evs": {"hp": 85, "atk": 0, "def": 85, "spa": 85, "spd": 85, "spe": 85}, "ivs": {"hp": 31, "atk": 0, "def": 31, "spa": 31, "spd": 31, "spe": 31}, "item": "Leftovers", "teraType": "Fighting", "role": "Bulky Attacker", "bvs": {"hp": 87, "atk": 60, "def": 95, "spa": 133, "spd": 91, "spe": 84}, "stats": {"hp": 261, "atk": 97, "def": 191, "spa": 249, "spd": 185, "spe": 174}, "types": ["Steel", "Ghost"]}, "Oranguru": {"name": "Oranguru", "species": "Oranguru", "speciesId": "oranguru", "gender": "M", "shiny": false, "level": 92, "moves": ["nastyplot", "thunderbolt", "psyshock", "hypervoice"], "ability": "Inner Focus", "evs": {"hp": 85, "atk": 0, "def": 85, "spa": 85, "spd": 85, "spe": 85}, "ivs": {"hp": 31, "atk": 0, "def": 31, "spa": 31, "spd": 31, "spe": 31}, "item": "Life Orb", "teraType": "Normal", "role": "Wallbreaker", "bvs": {"hp": 90, "atk": 60, "def": 80, "spa": 90, "spd": 110, "spe": 60}, "stats": {"hp": 315, "atk": 115, "def": 200, "spa": 218, "spd": 255, "spe": 163}, "types": ["Normal", "Psychic"]}, "Lycanroc": {"name": "Lycanroc", "species": "Lycanroc-Dusk", "speciesId": "lycanrocdusk", "gender": "M", "shiny": false, "level": 81, "moves": ["stoneedge", "closecombat", "psychicfangs", "accelerock"], "ability": "Tough Claws", "evs": {"hp": 85, "atk": 85, "def": 85, "spa": 85, "spd": 85, "spe": 85}, "ivs": {"hp": 31, "atk": 31, "def": 31, "spa": 31, "spd": 31, "spe": 31}, "item": "Choice Band", "teraType": "Fighting", "role": "Wallbreaker", "bvs": {"hp": 75, "atk": 117, "def": 65, "spa": 55, "spd": 65, "spe": 110}, "stats": {"hp": 254, "atk": 236, "def": 152, "spa": 136, "spd": 152, "spe": 225}, "types": ["Rock"]}, "Froslass": {"name": "Froslass", "species": "Froslass", "speciesId": "froslass", "gender": "F", "shiny": false, "level": 87, "moves": ["tripleaxel", "spikes", "destinybond", "poltergeist"], "ability": "Cursed Body", "evs": {"hp": 81, "atk": 85, "def": 85, "spa": 85, "spd": 85, "spe": 85}, "ivs": {"hp": 31, "atk": 31, "def": 31, "spa": 31, "spd": 31, "spe": 31}, "item": "Wide Lens", "teraType": "Ghost", "role": "Fast Support", "bvs": {"hp": 70, "atk": 80, "def": 70, "spa": 80, "spd": 70, "spe": 110}, "stats": {"hp": 263, "atk": 189, "def": 172, "spa": 189, "spd": 172, "spe": 241}, "types": ["Ice", "Ghost"]}, "Salazzle": {"name": "Salazzle", "species": "Salazzle", "speciesId": "salazzle", "gender": "F", "shiny": false, "level": 83, "moves": ["sludgewave", "fireblast", "nastyplot", "terablast"], "ability": "Corrosion", "evs": {"hp": 85, "atk": 0, "def": 85, "spa": 85, "spd": 85, "spe": 85}, "ivs": {"hp": 31, "atk": 0, "def": 31, "spa": 31, "spd": 31, "spe": 31}, "item": "Heavy-Duty Boots", "teraType": "Grass", "role": "Tera Blast user", "bvs": {"hp": 68, "atk": 64, "def": 60, "spa": 111, "spd": 60, "spe": 117}, "stats": {"hp": 249, "atk": 111, "def": 147, "spa": 232, "spd": 147, "spe": 242}, "types": ["Poison", "Fire"]}, "Blastoise": {"name": "Blastoise", "species": "Blastoise", "speciesId": "blastoise", "gender": "M", "shiny": false, "level": 80, "moves": ["shellsmash", "hydropump", "icebeam", "earthquake"], "ability": "Torrent", "evs": {"hp": 85, "atk": 85, "def": 85, "spa": 85, "spd": 85, "spe": 85}, "ivs": {"hp": 31, "atk": 31, "def": 31, "spa": 31, "spd": 31, "spe": 31}, "item": "White Herb", "teraType": "Ground", "role": "Setup Sweeper", "bvs": {"hp": 79, "atk": 83, "def": 100, "spa": 85, "spd": 105, "spe": 78}, "stats": {"hp": 258, "atk": 179, "def": 206, "spa": 182, "spd": 214, "spe": 171}, "types": ["Water"]}}]}