{"id": "gen9randombattle-2642093169", "format": "[Gen 9] Random Battle", "players": ["toplaneisop", "nocomment3"], "log": "|j|\u2606toplaneisop\n|j|\u2606nocomment3\n|t:|1782888376\n|gametype|singles\n|player|p1|toplaneisop|266|1902\n|player|p2|nocomment3|1|1937\n|gen|9\n|tier|[Gen 9] Random Battle\n|rated|\n|rule|Species Clause: Limit one of each Pok\u00e9mon\n|rule|HP Percentage Mod: HP is shown in percentages\n|rule|Sleep Clause Mod: Limit one foe put to sleep\n|rule|Illusion Level Mod: Illusion disguises the Pok\u00e9mon's true level\n|\n|t:|1782888376\n|teamsize|p1|6\n|teamsize|p2|6\n|start\n|switch|p1a: Iron Hands|Iron Hands, L79|373/373\n|switch|p2a: Lokix|Lokix, L82, F|251/251\n|turn|1\n|\n|t:|1782888391\n|switch|p2a: Oranguru|Oranguru, L92, F|315/315\n|move|p1a: Iron Hands|Swords Dance|p1a: Iron Hands\n|-boost|p1a: Iron Hands|atk|2\n|\n|upkeep\n|turn|2\n|\n|t:|1782888396\n|move|p2a: Oranguru|Nasty Plot|p2a: Oranguru\n|-boost|p2a: Oranguru|spa|2\n|move|p1a: Iron Hands|Drain Punch|p2a: Oranguru\n|-damage|p2a: Oranguru|125/315\n|\n|-heal|p2a: Oranguru|144/315|[from] item: Leftovers\n|upkeep\n|turn|3\n|\n|t:|1782888403\n|-end|p1a: Iron Hands|Quark Drive|[silent]\n|switch|p1a: Cacturne|Cacturne, L92, M|278/278\n|move|p2a: Oranguru|Psychic|p1a: Cacturne\n|-immune|p1a: Cacturne\n|\n|-heal|p2a: Oranguru|163/315|[from] item: Leftovers\n|upkeep\n|turn|4\n|\n|t:|1782888406\n|move|p2a: Oranguru|Focus Blast|p1a: Cacturne\n|-supereffective|p1a: Cacturne\n|-damage|p1a: Cacturne|0 fnt\n|faint|p1a: Cacturne\n|\n|-heal|p2a: Oranguru|182/315|[from] item: Leftovers\n|upkeep\n|\n|t:|1782888413\n|switch|p1a: Uxie|Uxie, L83|260/260\n|turn|5\n|\n|t:|1782888417\n|move|p1a: Uxie|Knock Off|p2a: Oranguru\n|-supereffective|p2a: Oranguru\n|-damage|p2a: Oranguru|62/315\n|-enditem|p2a: Oranguru|Leftovers|[from] move: Knock Off|[of] p1a: Uxie\n|move|p2a: Oranguru|Thunderbolt|p1a: Uxie\n|-damage|p1a: Uxie|150/260\n|\n|-heal|p1a: Uxie|166/260|[from] item: Leftovers\n|upkeep\n|turn|6\n|\n|t:|1782888420\n|move|p1a: Uxie|Knock Off|p2a: Oranguru\n|-supereffective|p2a: Oranguru\n|-damage|p2a: Oranguru|0 fnt\n|faint|p2a: Oranguru\n|\n|-heal|p1a: Uxie|182/260|[from] item: Leftovers\n|upkeep\n|\n|t:|1782888424\n|switch|p2a: Lokix|Lokix, L82, F|251/251\n|turn|7\n|\n|t:|1782888430\n|move|p1a: Uxie|Yawn|p2a: Lokix\n|-start|p2a: Lokix|move: Yawn|[of] p1a: Uxie\n|move|p2a: Lokix|Knock Off|p1a: Uxie\n|-supereffective|p1a: Uxie\n|-damage|p1a: Uxie|18/260\n|-enditem|p1a: Uxie|Leftovers|[from] move: Knock Off|[of] p2a: Lokix\n|\n|upkeep\n|turn|8\n|\n|t:|1782888436\n|move|p1a: Uxie|Knock Off|p2a: Lokix\n|-resisted|p2a: Lokix\n|-damage|p2a: Lokix|220/251\n|-enditem|p2a: Lokix|Silver Powder|[from] move: Knock Off|[of] p1a: Uxie\n|move|p2a: Lokix|U-turn|p1a: Uxie\n|-supereffective|p1a: Uxie\n|-damage|p1a: Uxie|0 fnt\n|faint|p1a: Uxie\n|\n|t:|1782888439\n|switch|p2a: Hitmonchan|Hitmonchan, L87, M|229/229|[from] U-turn\n|\n|upkeep\n|\n|t:|1782888445\n|switch|p1a: Iron Hands|Iron Hands, L79|373/373\n|turn|9\n|\n|t:|1782888454\n|switch|p2a: Hydrapple|Hydrapple, L83, F|312/312\n|move|p1a: Iron Hands|Swords Dance|p1a: Iron Hands\n|-boost|p1a: Iron Hands|atk|2\n|\n|upkeep\n|turn|10\n|\n|t:|1782888484\n|-terastallize|p2a: Hydrapple|Dragon\n|move|p1a: Iron Hands|Ice Punch|p2a: Hydrapple\n|-supereffective|p2a: Hydrapple\n|-damage|p2a: Hydrapple|92/312\n|move|p2a: Hydrapple|Fickle Beam|p1a: Iron Hands|[anim] Fickle Beam All Out\n|-activate|p2a: Hydrapple|move: Fickle Beam\n|-damage|p1a: Iron Hands|0 fnt\n|faint|p1a: Iron Hands\n|-end|p1a: Iron Hands|Quark Drive|[silent]\n|\n|upkeep\n|\n|t:|1782888496\n|switch|p1a: Mismagius|Mismagius, L86, F|243/243\n|turn|11\n|\n|t:|1782888503\n|switch|p2a: Gouging Fire|Gouging Fire, L74|277/277\n|move|p1a: Mismagius|Shadow Ball|p2a: Gouging Fire\n|-damage|p2a: Gouging Fire|124/277\n|\n|upkeep\n|turn|12\n|\n|t:|1782888511\n|-end|p2a: Gouging Fire|Protosynthesis|[silent]\n|switch|p2a: Tauros|Tauros, L82, M|257/257\n|move|p1a: Mismagius|Shadow Ball|p2a: Tauros\n|-immune|p2a: Tauros\n|\n|upkeep\n|turn|13\n|\n|t:|1782888516\n|switch|p1a: Piloswine|Piloswine, L85, M|309/309\n|move|p2a: Tauros|Body Slam|p1a: Piloswine\n|-damage|p1a: Piloswine|202/309\n|\n|upkeep\n|turn|14\n|\n|t:|1782888531\n|switch|p2a: Gouging Fire|Gouging Fire, L74|124/277\n|move|p1a: Piloswine|Icicle Crash|p2a: Gouging Fire\n|-damage|p2a: Gouging Fire|42/277\n|\n|upkeep\n|turn|15\n|\n|t:|1782888539\n|move|p2a: Gouging Fire|Heat Crash|p1a: Piloswine\n|-supereffective|p1a: Piloswine\n|-damage|p1a: Piloswine|118/309\n|move|p1a: Piloswine|Stealth Rock|p2a: Gouging Fire\n|-sidestart|p2: nocomment3|move: Stealth Rock\n|\n|upkeep\n|turn|16\n|\n|t:|1782888543\n|move|p1a: Piloswine|Ice Shard|p2a: Gouging Fire\n|-damage|p2a: Gouging Fire|2/277\n|move|p2a: Gouging Fire|Heat Crash|p1a: Piloswine\n|-supereffective|p1a: Piloswine\n|-damage|p1a: Piloswine|38/309\n|\n|upkeep\n|turn|17\n|\n|t:|1782888546\n|move|p1a: Piloswine|Ice Shard|p2a: Gouging Fire\n|-damage|p2a: Gouging Fire|0 fnt\n|faint|p2a: Gouging Fire\n|-end|p2a: Gouging Fire|Protosynthesis|[silent]\n|\n|upkeep\n|\n|t:|1782888549\n|switch|p2a: Hitmonchan|Hitmonchan, L87, M|229/229\n|-damage|p2a: Hitmonchan|215/229|[from] Stealth Rock\n|turn|18\n|\n|t:|1782888552\n|switch|p1a: Mismagius|Mismagius, L86, F|243/243\n|move|p2a: Hitmonchan|Bulk Up|p2a: Hitmonchan\n|-boost|p2a: Hitmonchan|atk|1\n|-boost|p2a: Hitmonchan|def|1\n|\n|-heal|p2a: Hitmonchan|229/229|[from] item: Leftovers\n|upkeep\n|turn|19\n|\n|t:|1782888555\n|move|p1a: Mismagius|Shadow Ball|p2a: Hitmonchan\n|-damage|p2a: Hitmonchan|114/229\n|-unboost|p2a: Hitmonchan|spd|1\n|move|p2a: Hitmonchan|Knock Off|p1a: Mismagius\n|-supereffective|p1a: Mismagius\n|-damage|p1a: Mismagius|0 fnt\n|-enditem|p1a: Mismagius|Choice Specs|[from] move: Knock Off|[of] p2a: Hitmonchan\n|faint|p1a: Mismagius\n|\n|-heal|p2a: Hitmonchan|128/229|[from] item: Leftovers\n|upkeep\n|\n|t:|1782888558\n|switch|p1a: Haxorus|Haxorus, L77, F|244/244\n|-ability|p1a: Haxorus|Mold Breaker\n|turn|20\n|\n|t:|1782888560\n|-terastallize|p1a: Haxorus|Steel\n|move|p1a: Haxorus|Dragon Dance|p1a: Haxorus\n|-boost|p1a: Haxorus|atk|1\n|-boost|p1a: Haxorus|spe|1\n|move|p2a: Hitmonchan|Drain Punch|p1a: Haxorus\n|-supereffective|p1a: Haxorus\n|-damage|p1a: Haxorus|0 fnt\n|-heal|p2a: Hitmonchan|229/229|[from] drain|[of] p1a: Haxorus\n|faint|p1a: Haxorus\n|\n|upkeep\n|-message|toplaneisop forfeited.\n|\n|win|nocomment3\n|raw|toplaneisop's rating: 1927 &rarr; <strong>1908</strong><br />(-19 for losing)\n|raw|nocomment3's rating: 1937 &rarr; <strong>1956</strong><br />(+19 for winning)\n", "inputlog": ">version f8ac14003a5f27e1bdc8d8c59608a773c1cb96e5\n>start {\"formatid\":\"gen9randombattle\",\"seed\":\"sodium,741b85e3e4e110ffa0dc0e265e3b7d00\",\"rated\":\"Rated battle\"}\n>player p1 {\"name\":\"toplaneisop\",\"avatar\":\"266\",\"rating\":1902,\"seed\":\"sodium,323f2ee0f8fbffe1960b12eb1577c2af\"}\n>player p2 {\"name\":\"nocomment3\",\"avatar\":\"1\",\"rating\":1937,\"seed\":\"sodium,6809313f79a06099888ddabea291f46a\"}\n>p1 move swordsdance\n>p2 switch 6\n>p1 move drainpunch\n>p2 move nastyplot\n>p1 switch 3\n>p2 move psychic\n>p1 move knockoff\n>p2 move focusblast\n>p1 switch 2\n>p1 move knockoff\n>p2 move thunderbolt\n>p1 move knockoff\n>p2 move thunderbolt\n>p2 switch 6\n>p1 move yawn\n>p2 move knockoff\n>p1 move knockoff\n>p2 move uturn\n>p2 switch 5\n>p1 switch 3\n>p1 move swordsdance\n>p2 switch 3\n>p1 move icepunch\n>p2 move ficklebeam terastallize\n>p1 switch 5\n>p1 move shadowball\n>p2 switch 2\n>p1 move shadowball\n>p2 switch 4\n>p1 switch 6\n>p2 move bodyslam\n>p1 move iciclecrash\n>p2 switch 4\n>p1 move stealthrock\n>p2 move heatcrash\n>p1 move iceshard\n>p2 move heatcrash\n>p1 move iceshard\n>p2 move heatcrash\n>p2 switch 3\n>p1 switch 6\n>p2 move bulkup\n>p1 move shadowball\n>p2 move knockoff\n>p1 switch 4\n>p1 move dragondance terastallize\n>p2 move drainpunch\n>forcelose p1", "uploadtime": 1782888564, "views": 2, "formatid": "gen9randombattle", "rating": 1908, "private": 0, "password": null, "player_dets": [{"name": "toplaneisop", "avatar": "266", "rating": 1902, "seed": "sodium,323f2ee0f8fbffe1960b12eb1577c2af"}, {"name": "nocomment3", "avatar": "1", "rating": 1937, "seed": "sodium,6809313f79a06099888ddabea291f46a"}], "teams_full": [{"Iron Hands": {"name": "Iron Hands", "species": "Iron Hands", "speciesId": "ironhands", "gender": "N", "shiny": false, "level": 79, "moves": ["drainpunch", "swordsdance", "icepunch", "thunderpunch"], "ability": "Quark Drive", "evs": {"hp": 85, "atk": 85, "def": 85, "spa": 85, "spd": 85, "spe": 85}, "ivs": {"hp": 31, "atk": 31, "def": 31, "spa": 31, "spd": 31, "spe": 31}, "item": "Leftovers", "teraType": "Flying", "role": "Bulky Attacker", "bvs": {"hp": 154, "atk": 140, "def": 108, "spa": 50, "spd": 68, "spe": 50}, "stats": {"hp": 373, "atk": 267, "def": 216, "spa": 125, "spd": 153, "spe": 125}, "types": ["Fighting", "Electric"]}, "Uxie": {"name": "Uxie", "species": "Uxie", "speciesId": "uxie", "gender": "N", "shiny": false, "level": 83, "moves": ["encore", "yawn", "knockoff", "psychicnoise"], "ability": "Levitate", "evs": {"hp": 85, "atk": 85, "def": 85, "spa": 85, "spd": 85, "spe": 85}, "ivs": {"hp": 31, "atk": 31, "def": 31, "spa": 31, "spd": 31, "spe": 31}, "item": "Leftovers", "teraType": "Steel", "role": "Bulky Support", "bvs": {"hp": 75, "atk": 75, "def": 130, "spa": 75, "spd": 130, "spe": 95}, "stats": {"hp": 260, "atk": 172, "def": 263, "spa": 172, "spd": 263, "spe": 205}, "types": ["Psychic"]}, "Cacturne": {"name": "Cacturne", "species": "Cacturne", "speciesId": "cacturne", "gender": "M", "shiny": false, "level": 92, "moves": ["leafstorm", "suckerpunch", "toxicspikes", "knockoff"], "ability": "Water Absorb", "evs": {"hp": 85, "atk": 85, "def": 85, "spa": 85, "spd": 85, "spe": 85}, "ivs": {"hp": 31, "atk": 31, "def": 31, "spa": 31, "spd": 31, "spe": 31}, "item": "Life Orb", "teraType": "Poison", "role": "Wallbreaker", "bvs": {"hp": 70, "atk": 115, "def": 60, "spa": 115, "spd": 60, "spe": 55}, "stats": {"hp": 278, "atk": 264, "def": 163, "spa": 264, "spd": 163, "spe": 154}, "types": ["Grass", "Dark"]}, "Haxorus": {"name": "Haxorus", "species": "Haxorus", "speciesId": "haxorus", "gender": "F", "shiny": false, "level": 77, "moves": ["ironhead", "outrage", "dragondance", "earthquake"], "ability": "Mold Breaker", "evs": {"hp": 85, "atk": 85, "def": 85, "spa": 85, "spd": 85, "spe": 85}, "ivs": {"hp": 31, "atk": 31, "def": 31, "spa": 31, "spd": 31, "spe": 31}, "item": "Lum Berry", "teraType": "Steel", "role": "Setup Sweeper", "bvs": {"hp": 76, "atk": 147, "def": 90, "spa": 60, "spd": 70, "spe": 97}, "stats": {"hp": 244, "atk": 271, "def": 183, "spa": 137, "spd": 152, "spe": 194}, "types": ["Dragon"]}, "Mismagius": {"name": "Mismagius", "species": "Mismagius", "speciesId": "mismagius", "gender": "F", "shiny": false, "level": 86, "moves": ["thunderbolt", "energyball", "trick", "shadowball"], "ability": "Levitate", "evs": {"hp": 85, "atk": 0, "def": 85, "spa": 85, "spd": 85, "spe": 85}, "ivs": {"hp": 31, "atk": 0, "def": 31, "spa": 31, "spd": 31, "spe": 31}, "item": "Choice Specs", "teraType": "Ghost", "role": "Wallbreaker", "bvs": {"hp": 60, "atk": 60, "def": 60, "spa": 105, "spd": 105, "spe": 105}, "stats": {"hp": 243, "atk": 108, "def": 152, "spa": 230, "spd": 230, "spe": 230}, "types": ["Ghost"]}, "Piloswine": {"name": "Piloswine", "species": "Piloswine", "speciesId": "piloswine", "gender": "M", "shiny": false, "level": 85, "moves": ["iciclecrash", "stealthrock", "earthquake", "iceshard"], "ability": "Thick Fat", "evs": {"hp": 85, "atk": 85, "def": 85, "spa": 85, "spd": 85, "spe": 85}, "ivs": {"hp": 31, "atk": 31, "def": 31, "spa": 31, "spd": 31, "spe": 31}, "item": "Eviolite", "teraType": "Poison", "role": "Bulky Support", "bvs": {"hp": 100, "atk": 100, "def": 80, "spa": 60, "spd": 60, "spe": 50}, "stats": {"hp": 309, "atk": 219, "def": 185, "spa": 151, "spd": 151, "spe": 134}, "types": ["Ice", "Ground"]}}, {"Lokix": {"name": "Lokix", "species": "Lokix", "speciesId": "lokix", "gender": "F", "shiny": false, "level": 82, "moves": ["suckerpunch", "uturn", "firstimpression", "knockoff"], "ability": "Tinted Lens", "evs": {"hp": 85, "atk": 85, "def": 85, "spa": 85, "spd": 85, "spe": 85}, "ivs": {"hp": 31, "atk": 31, "def": 31, "spa": 31, "spd": 31, "spe": 31}, "item": "Silver Powder", "teraType": "Bug", "role": "Fast Attacker", "bvs": {"hp": 71, "atk": 102, "def": 78, "spa": 52, "spd": 55, "spe": 92}, "stats": {"hp": 251, "atk": 214, "def": 175, "spa": 132, "spd": 137, "spe": 198}, "types": ["Bug", "Dark"]}, "Gouging Fire": {"name": "Gouging Fire", "species": "Gouging Fire", "speciesId": "gougingfire", "gender": "N", "shiny": false, "level": 74, "moves": ["earthquake", "outrage", "dragondance", "heatcrash"], "ability": "Protosynthesis", "evs": {"hp": 85, "atk": 85, "def": 85, "spa": 85, "spd": 85, "spe": 85}, "ivs": {"hp": 31, "atk": 31, "def": 31, "spa": 31, "spd": 31, "spe": 31}, "item": "Heavy-Duty Boots", "teraType": "Ground", "role": "Setup Sweeper", "bvs": {"hp": 105, "atk": 115, "def": 121, "spa": 65, "spd": 93, "spe": 91}, "stats": {"hp": 277, "atk": 213, "def": 222, "spa": 139, "spd": 181, "spe": 178}, "types": ["Fire", "Dragon"]}, "Hydrapple": {"name": "Hydrapple", "species": "Hydrapple", "speciesId": "hydrapple", "gender": "F", "shiny": false, "level": 83, "moves": ["ficklebeam", "dracometeor", "earthpower", "leafstorm"], "ability": "Regenerator", "evs": {"hp": 85, "atk": 0, "def": 85, "spa": 85, "spd": 85, "spe": 85}, "ivs": {"hp": 31, "atk": 0, "def": 31, "spa": 31, "spd": 31, "spe": 31}, "item": "Choice Specs", "teraType": "Dragon", "role": "Wallbreaker", "bvs": {"hp": 106, "atk": 80, "def": 110, "spa": 120, "spd": 80, "spe": 44}, "stats": {"hp": 312, "atk": 137, "def": 230, "spa": 247, "spd": 180, "spe": 121}, "types": ["Grass", "Dragon"]}, "Tauros": {"name": "Tauros", "species": "Tauros", "speciesId": "tauros", "gender": "M", "shiny": false, "level": 82, "moves": ["closecombat", "zenheadbutt", "bodyslam", "throatchop"], "ability": "Sheer Force", "evs": {"hp": 85, "atk": 85, "def": 85, "spa": 85, "spd": 85, "spe": 85}, "ivs": {"hp": 31, "atk": 31, "def": 31, "spa": 31, "spd": 31, "spe": 31}, "item": "Life Orb", "teraType": "Psychic", "role": "Wallbreaker", "bvs": {"hp": 75, "atk": 100, "def": 95, "spa": 40, "spd": 70, "spe": 110}, "stats": {"hp": 257, "atk": 211, "def": 203, "spa": 113, "spd": 162, "spe": 228}, "types": ["Normal"]}, "Hitmonchan": {"name": "Hitmonchan", "species": "Hitmonchan", "speciesId": "hitmonchan", "gender": "M", "shiny": false, "level": 87, "moves": ["rapidspin", "drainpunch", "bulkup", "knockoff"], "ability": "Iron Fist", "evs": {"hp": 85, "atk": 85, "def": 85, "spa": 85, "spd": 85, "spe": 85}, "ivs": {"hp": 31, "atk": 31, "def": 31, "spa": 31, "spd": 31, "spe": 31}, "item": "Leftovers", "teraType": "Dark", "role": "Bulky Setup", "bvs": {"hp": 50, "atk": 105, "def": 79, "spa": 35, "spd": 110, "spe": 76}, "stats": {"hp": 229, "atk": 232, "def": 187, "spa": 111, "spd": 241, "spe": 182}, "types": ["Fighting"]}, "Oranguru": {"name": "Oranguru", "species": "Oranguru", "speciesId": "oranguru", "gender": "F", "shiny": false, "level": 92, "moves": ["nastyplot", "focusblast", "psychic", "thunderbolt"], "ability": "Inner Focus", "evs": {"hp": 85, "atk": 0, "def": 85, "spa": 85, "spd": 85, "spe": 85}, "ivs": {"hp": 31, "atk": 0, "def": 31, "spa": 31, "spd": 31, "spe": 31}, "item": "Leftovers", "teraType": "Psychic", "role": "Bulky Attacker", "bvs": {"hp": 90, "atk": 60, "def": 80, "spa": 90, "spd": 110, "spe": 60}, "stats": {"hp": 315, "atk": 115, "def": 200, "spa": 218, "spd": 255, "spe": 163}, "types": ["Normal", "Psychic"]}}]}