{"id": "gen9randombattle-2641916770", "format": "[Gen 9] Random Battle", "players": ["SigurdZZ", "Chakraisgae"], "log": "|badge|p1|bronze|gen9randombattle|100-9\n|html|<div class=\"broadcast-red\"><strong>This battle is required to be public due to one or more player having a season medal.</strong><br />During the public phase, you can discuss the state of the ladder <a href=\"/seasondiscussion\">in a special chatroom.</a></div>\n|uhtml|medal-msg|<div class=\"broadcast-blue\">Curious what those medals under the avatar are? PS now has Ladder Seasons! For more information, check out the <a href=\"https://www.smogon.com/forums/threads/3740067/\">thread on Smogon.</a></div>\n|badge|p2|bronze|gen9randombattle|100-9\n|uhtml|medal-msg|<div class=\"broadcast-blue\">Curious what those medals under the avatar are? PS now has Ladder Seasons! For more information, check out the <a href=\"https://www.smogon.com/forums/threads/3740067/\">thread on Smogon.</a></div>\n|raw|<div class=\"broadcast-blue\"><strong>This battle is required to be public due to a player having a name starting with 'medal'.</div>\n|j|\u2606SigurdZZ\n|j|\u2606Chakraisgae\n|t:|1782858266\n|gametype|singles\n|player|p1|SigurdZZ|misty|2326\n|player|p2|Chakraisgae|2|2336\n|gen|9\n|tier|[Gen 9] Random Battle\n|rated|\n|rule|Species Clause: Limit one of each Pok\u00e9mon\n|rule|HP Percentage Mod: HP is shown in percentages\n|rule|Sleep Clause Mod: Limit one foe put to sleep\n|rule|Illusion Level Mod: Illusion disguises the Pok\u00e9mon's true level\n|\n|t:|1782858266\n|teamsize|p1|6\n|teamsize|p2|6\n|start\n|switch|p1a: Frosmoth|Frosmoth, L82, M|249/249\n|switch|p2a: Minun|Minun, L95, M|268/268\n|turn|1\n|inactive|Battle timer is ON: inactive players will automatically lose when time's up. (requested by SigurdZZ)\n|\n|t:|1782858282\n|switch|p2a: Blissey|Blissey, L85, F|572/572\n|move|p1a: Frosmoth|Ice Beam|p2a: Blissey\n|-damage|p2a: Blissey|494/572\n|\n|-heal|p2a: Blissey|529/572|[from] item: Leftovers\n|upkeep\n|turn|2\n|\n|t:|1782858289\n|switch|p1a: Rhydon|Rhydon, L85, M|317/317\n|move|p2a: Blissey|Seismic Toss|p1a: Rhydon\n|-damage|p1a: Rhydon|232/317\n|\n|-heal|p2a: Blissey|564/572|[from] item: Leftovers\n|upkeep\n|turn|3\n|\n|t:|1782858293\n|switch|p2a: Hatterene|Hatterene, L85, F|236/236\n|move|p1a: Rhydon|Swords Dance|p1a: Rhydon\n|-boost|p1a: Rhydon|atk|2\n|\n|upkeep\n|turn|4\n|inactive|Chakraisgae has 120 seconds left.\n|\n|t:|1782858339\n|switch|p2a: Lugia|Lugia, L73|275/275\n|move|p1a: Rhydon|Stone Edge|p2a: Lugia\n|-supereffective|p2a: Lugia\n|-damage|p2a: Lugia|55/275\n|\n|upkeep\n|turn|5\n|\n|t:|1782858357\n|move|p2a: Lugia|Earth Power|p1a: Rhydon\n|-supereffective|p1a: Rhydon\n|-damage|p1a: Rhydon|134/317\n|move|p1a: Rhydon|Megahorn|p2a: Lugia\n|-damage|p2a: Lugia|0 fnt\n|faint|p2a: Lugia\n|\n|upkeep\n|\n|t:|1782858371\n|switch|p2a: Minun|Minun, L95, M|268/268\n|turn|6\n|\n|t:|1782858377\n|switch|p1a: Porygon-Z|Porygon-Z, L83|277/277\n|-ability|p1a: Porygon-Z|Download|boost\n|-boost|p1a: Porygon-Z|atk|1\n|move|p2a: Minun|Grass Knot|p1a: Porygon-Z\n|-damage|p1a: Porygon-Z|209/277\n|-damage|p2a: Minun|242/268|[from] item: Life Orb\n|\n|upkeep\n|turn|7\n|\n|t:|1782858382\n|switch|p2a: Clodsire|Clodsire, L81, M|343/343\n|move|p1a: Porygon-Z|Trick|p2a: Clodsire\n|-activate|p1a: Porygon-Z|move: Trick|[of] p2a: Clodsire\n|-item|p2a: Clodsire|Choice Scarf|[from] move: Trick\n|-item|p1a: Porygon-Z|Leftovers|[from] move: Trick\n|\n|-heal|p1a: Porygon-Z|226/277|[from] item: Leftovers\n|upkeep\n|turn|8\n|inactive|Chakraisgae has 120 seconds left.\n|\n|t:|1782858390\n|move|p1a: Porygon-Z|Ice Beam|p2a: Clodsire\n|-supereffective|p2a: Clodsire\n|-damage|p2a: Clodsire|177/343\n|move|p2a: Clodsire|Earthquake|p1a: Porygon-Z\n|-damage|p1a: Porygon-Z|132/277\n|\n|-heal|p1a: Porygon-Z|149/277|[from] item: Leftovers\n|upkeep\n|turn|9\n|\n|t:|1782858406\n|switch|p1a: Cetitan|Cetitan, L82, M|412/412\n|switch|p2a: Minun|Minun, L95, M|242/268\n|\n|upkeep\n|turn|10\n|\n|t:|1782858414\n|move|p2a: Minun|Thunderbolt|p1a: Cetitan\n|-damage|p1a: Cetitan|220/412\n|-damage|p2a: Minun|216/268|[from] item: Life Orb\n|move|p1a: Cetitan|Belly Drum|p1a: Cetitan\n|-damage|p1a: Cetitan|14/412\n|-setboost|p1a: Cetitan|atk|6|[from] move: Belly Drum\n|-enditem|p1a: Cetitan|Sitrus Berry|[eat]\n|-heal|p1a: Cetitan|117/412|[from] item: Sitrus Berry\n|\n|upkeep\n|turn|11\n|j| me and kd\n|\n|t:|1782858431\n|move|p1a: Cetitan|Ice Shard|p2a: Minun\n|-damage|p2a: Minun|0 fnt\n|faint|p2a: Minun\n|\n|upkeep\n|c| me and kd|wemby??\n|\n|t:|1782858446\n|switch|p2a: Blissey|Blissey, L85, F|564/572\n|turn|12\n|\n|t:|1782858459\n|move|p1a: Cetitan|Earthquake|p2a: Blissey\n|-damage|p2a: Blissey|0 fnt\n|faint|p2a: Blissey\n|\n|upkeep\n|-message|Chakraisgae forfeited.\n|\n|win|SigurdZZ\n|raw|SigurdZZ's rating: 2326 &rarr; <strong>2347</strong><br />(+21 for winning)\n|raw|Chakraisgae's rating: 2336 &rarr; <strong>2315</strong><br />(-21 for losing)\n", "inputlog": ">version f8ac14003a5f27e1bdc8d8c59608a773c1cb96e5\n>start {\"formatid\":\"gen9randombattle\",\"seed\":\"sodium,9a4388607d7f8c85ca2f6a60786e3914\",\"rated\":\"Rated battle\"}\n>player p1 {\"name\":\"SigurdZZ\",\"avatar\":\"misty\",\"rating\":2326,\"seed\":\"sodium,2dd65575686a6fafe6cfba4030b12706\"}\n>player p2 {\"name\":\"Chakraisgae\",\"avatar\":\"2\",\"rating\":2336,\"seed\":\"sodium,3b3bb0ba56fda698b5b3e33f29e5553e\"}\n>p1 move icebeam\n>p2 switch 5\n>p1 switch 5\n>p2 move seismictoss\n>p1 move swordsdance\n>p2 switch 6\n>p1 move stoneedge\n>p2 switch 4\n>p1 move megahorn\n>p2 move earthpower\n>p2 switch 5\n>p1 switch 2\n>p2 move grassknot\n>p1 move trick\n>p2 switch 3\n>p1 move icebeam\n>p2 move earthquake\n>p1 switch 6\n>p2 switch 3\n>p1 move bellydrum\n>p2 move thunderbolt\n>p1 move iceshard\n>p2 move thunderbolt\n>chat  me and kd|wemby??\n>p2 switch 6\n>p1 move earthquake\n>p2 move seismictoss\n>forcelose p2", "uploadtime": 1782858470, "views": 8, "formatid": "gen9randombattle", "rating": 2315, "private": 0, "password": null, "player_dets": [{"name": "SigurdZZ", "avatar": "misty", "rating": 2326, "seed": "sodium,2dd65575686a6fafe6cfba4030b12706"}, {"name": "Chakraisgae", "avatar": "2", "rating": 2336, "seed": "sodium,3b3bb0ba56fda698b5b3e33f29e5553e"}], "teams_full": [{"Frosmoth": {"name": "Frosmoth", "species": "Frosmoth", "speciesId": "frosmoth", "gender": "M", "shiny": false, "level": 82, "moves": ["terablast", "bugbuzz", "icebeam", "quiverdance"], "ability": "Ice Scales", "evs": {"hp": 85, "atk": 0, "def": 85, "spa": 85, "spd": 85, "spe": 85}, "ivs": {"hp": 31, "atk": 0, "def": 31, "spa": 31, "spd": 31, "spe": 31}, "item": "Heavy-Duty Boots", "teraType": "Ground", "role": "Tera Blast user", "bvs": {"hp": 70, "atk": 65, "def": 60, "spa": 125, "spd": 90, "spe": 65}, "stats": {"hp": 249, "atk": 111, "def": 146, "spa": 252, "spd": 195, "spe": 154}, "types": ["Ice", "Bug"]}, "Porygon-Z": {"name": "Porygon-Z", "species": "Porygon-Z", "speciesId": "porygonz", "gender": "N", "shiny": false, "level": 83, "moves": ["triattack", "icebeam", "shadowball", "trick"], "ability": "Download", "evs": {"hp": 85, "atk": 0, "def": 85, "spa": 85, "spd": 85, "spe": 85}, "ivs": {"hp": 31, "atk": 0, "def": 31, "spa": 31, "spd": 31, "spe": 31}, "item": "Choice Scarf", "teraType": "Ghost", "role": "Fast Attacker", "bvs": {"hp": 85, "atk": 80, "def": 70, "spa": 135, "spd": 75, "spe": 90}, "stats": {"hp": 277, "atk": 137, "def": 164, "spa": 272, "spd": 172, "spe": 197}, "types": ["Normal"]}, "Lumineon": {"name": "Lumineon", "species": "Lumineon", "speciesId": "lumineon", "gender": "F", "shiny": false, "level": 93, "moves": ["icebeam", "encore", "hydropump", "alluringvoice"], "ability": "Storm Drain", "evs": {"hp": 85, "atk": 0, "def": 85, "spa": 85, "spd": 85, "spe": 85}, "ivs": {"hp": 31, "atk": 0, "def": 31, "spa": 31, "spd": 31, "spe": 31}, "item": "Life Orb", "teraType": "Water", "role": "Fast Attacker", "bvs": {"hp": 69, "atk": 69, "def": 76, "spa": 69, "spd": 86, "spe": 91}, "stats": {"hp": 279, "atk": 133, "def": 194, "spa": 181, "spd": 213, "spe": 222}, "types": ["Water"]}, "Chandelure": {"name": "Chandelure", "species": "Chandelure", "speciesId": "chandelure", "gender": "M", "shiny": false, "level": 83, "moves": ["energyball", "shadowball", "fireblast", "calmmind"], "ability": "Flash Fire", "evs": {"hp": 85, "atk": 0, "def": 85, "spa": 85, "spd": 85, "spe": 85}, "ivs": {"hp": 31, "atk": 0, "def": 31, "spa": 31, "spd": 31, "spe": 31}, "item": "Heavy-Duty Boots", "teraType": "Grass", "role": "Fast Bulky Setup", "bvs": {"hp": 60, "atk": 55, "def": 90, "spa": 145, "spd": 90, "spe": 80}, "stats": {"hp": 235, "atk": 96, "def": 197, "spa": 288, "spd": 197, "spe": 180}, "types": ["Ghost", "Fire"]}, "Rhydon": {"name": "Rhydon", "species": "Rhydon", "speciesId": "rhydon", "gender": "M", "shiny": false, "level": 85, "moves": ["stoneedge", "swordsdance", "earthquake", "megahorn"], "ability": "Lightning Rod", "evs": {"hp": 85, "atk": 85, "def": 85, "spa": 85, "spd": 85, "spe": 85}, "ivs": {"hp": 31, "atk": 31, "def": 31, "spa": 31, "spd": 31, "spe": 31}, "item": "Eviolite", "teraType": "Dragon", "role": "Bulky Attacker", "bvs": {"hp": 105, "atk": 130, "def": 120, "spa": 45, "spd": 45, "spe": 40}, "stats": {"hp": 317, "atk": 270, "def": 253, "spa": 125, "spd": 125, "spe": 117}, "types": ["Ground", "Rock"]}, "Cetitan": {"name": "Cetitan", "species": "Cetitan", "speciesId": "cetitan", "gender": "M", "shiny": false, "level": 82, "moves": ["earthquake", "bellydrum", "iceshard", "icespinner"], "ability": "Thick Fat", "evs": {"hp": 81, "atk": 85, "def": 85, "spa": 85, "spd": 85, "spe": 85}, "ivs": {"hp": 31, "atk": 31, "def": 31, "spa": 31, "spd": 31, "spe": 31}, "item": "Sitrus Berry", "teraType": "Ice", "role": "Bulky Setup", "bvs": {"hp": 170, "atk": 113, "def": 65, "spa": 45, "spd": 55, "spe": 73}, "stats": {"hp": 412, "atk": 232, "def": 154, "spa": 121, "spd": 137, "spe": 167}, "types": ["Ice"]}}, {"Minun": {"name": "Minun", "species": "Minun", "speciesId": "minun", "gender": "M", "shiny": false, "level": 95, "moves": ["nastyplot", "grassknot", "thunderbolt", "encore"], "ability": "Volt Absorb", "evs": {"hp": 85, "atk": 0, "def": 85, "spa": 85, "spd": 85, "spe": 85}, "ivs": {"hp": 31, "atk": 0, "def": 31, "spa": 31, "spd": 31, "spe": 31}, "item": "Life Orb", "teraType": "Electric", "role": "Setup Sweeper", "bvs": {"hp": 60, "atk": 40, "def": 50, "spa": 75, "spd": 85, "spe": 95}, "stats": {"hp": 268, "atk": 81, "def": 149, "spa": 196, "spd": 215, "spe": 234}, "types": ["Electric"]}, "Zekrom": {"name": "Zekrom", "species": "Zekrom", "speciesId": "zekrom", "gender": "N", "shiny": false, "level": 71, "moves": ["dragondance", "boltstrike", "outrage", "substitute"], "ability": "Teravolt", "evs": {"hp": 85, "atk": 85, "def": 85, "spa": 85, "spd": 85, "spe": 85}, "ivs": {"hp": 31, "atk": 31, "def": 31, "spa": 31, "spd": 31, "spe": 31}, "item": "Leftovers", "teraType": "Grass", "role": "Setup Sweeper", "bvs": {"hp": 100, "atk": 150, "def": 120, "spa": 120, "spd": 100, "spe": 90}, "stats": {"hp": 259, "atk": 254, "def": 212, "spa": 212, "spd": 183, "spe": 169}, "types": ["Dragon", "Electric"]}, "Clodsire": {"name": "Clodsire", "species": "Clodsire", "speciesId": "clodsire", "gender": "M", "shiny": false, "level": 81, "moves": ["earthquake", "toxic", "poisonjab", "recover"], "ability": "Water Absorb", "evs": {"hp": 85, "atk": 85, "def": 85, "spa": 85, "spd": 85, "spe": 85}, "ivs": {"hp": 31, "atk": 31, "def": 31, "spa": 31, "spd": 31, "spe": 31}, "item": "Leftovers", "teraType": "Flying", "role": "Bulky Support", "bvs": {"hp": 130, "atk": 75, "def": 60, "spa": 45, "spd": 100, "spe": 20}, "stats": {"hp": 343, "atk": 168, "def": 144, "spa": 120, "spd": 209, "spe": 79}, "types": ["Poison", "Ground"]}, "Lugia": {"name": "Lugia", "species": "Lugia", "speciesId": "lugia", "gender": "N", "shiny": false, "level": 73, "moves": ["calmmind", "aeroblast", "recover", "earthpower"], "ability": "Multiscale", "evs": {"hp": 85, "atk": 0, "def": 85, "spa": 85, "spd": 85, "spe": 85}, "ivs": {"hp": 31, "atk": 0, "def": 31, "spa": 31, "spd": 31, "spe": 31}, "item": "Heavy-Duty Boots", "teraType": "Steel", "role": "Bulky Setup", "bvs": {"hp": 106, "atk": 90, "def": 130, "spa": 90, "spd": 154, "spe": 110}, "stats": {"hp": 275, "atk": 136, "def": 232, "spa": 174, "spd": 267, "spe": 203}, "types": ["Psychic", "Flying"]}, "Blissey": {"name": "Blissey", "species": "Blissey", "speciesId": "blissey", "gender": "F", "shiny": false, "level": 85, "moves": ["healbell", "seismictoss", "softboiled", "thunderwave"], "ability": "Natural Cure", "evs": {"hp": 85, "atk": 0, "def": 85, "spa": 85, "spd": 85, "spe": 85}, "ivs": {"hp": 31, "atk": 0, "def": 31, "spa": 31, "spd": 31, "spe": 31}, "item": "Leftovers", "teraType": "Fairy", "role": "Bulky Support", "bvs": {"hp": 255, "atk": 10, "def": 10, "spa": 75, "spd": 135, "spe": 55}, "stats": {"hp": 572, "atk": 22, "def": 66, "spa": 176, "spd": 278, "spe": 142}, "types": ["Normal"]}, "Hatterene": {"name": "Hatterene", "species": "Hatterene", "speciesId": "hatterene", "gender": "F", "shiny": false, "level": 85, "moves": ["mysticalfire", "drainingkiss", "psyshock", "calmmind"], "ability": "Magic Bounce", "evs": {"hp": 85, "atk": 0, "def": 85, "spa": 85, "spd": 85, "spe": 85}, "ivs": {"hp": 31, "atk": 0, "def": 31, "spa": 31, "spd": 31, "spe": 31}, "item": "Leftovers", "teraType": "Fairy", "role": "Bulky Setup", "bvs": {"hp": 57, "atk": 90, "def": 95, "spa": 136, "spd": 103, "spe": 29}, "stats": {"hp": 236, "atk": 158, "def": 210, "spa": 280, "spd": 224, "spe": 98}, "types": ["Psychic", "Fairy"]}}]}