{"id": "gen9randombattle-2631598929", "format": "[Gen 9] Random Battle", "players": ["GhiDarkGamesYT", "Srta13"], "log": "|j|\u2606GhiDarkGamesYT\n|j|\u2606Srta13\n|t:|1781406723\n|gametype|singles\n|player|p1|GhiDarkGamesYT|169|\n|player|p2|Srta13|sabrina|\n|gen|9\n|tier|[Gen 9] Random Battle\n|rule|Species Clause: Limit one of each Pok\u00e9mon\n|rule|HP Percentage Mod: HP is shown in percentages\n|rule|Sleep Clause Mod: Limit one foe put to sleep\n|rule|Illusion Level Mod: Illusion disguises the Pok\u00e9mon's true level\n|\n|t:|1781406723\n|teamsize|p1|6\n|teamsize|p2|6\n|start\n|switch|p1a: Noctowl|Noctowl, L95, M|344/344\n|switch|p2a: Dragalge|Dragalge, L88, F|258/258\n|turn|1\n|\n|t:|1781406735\n|switch|p1a: Duraludon|Duraludon, L82, F|249/249\n|move|p2a: Dragalge|Flip Turn|p1a: Duraludon\n|-resisted|p1a: Duraludon\n|-damage|p1a: Duraludon|238/249\n|\n|t:|1781406749\n|switch|p2a: Arceus|Arceus-Ghost, L69|280/280|[from] Flip Turn\n|\n|upkeep\n|turn|2\n|\n|t:|1781406755\n|switch|p1a: Noctowl|Noctowl, L95, M|344/344\n|move|p2a: Arceus|Calm Mind|p2a: Arceus\n|-boost|p2a: Arceus|spa|1\n|-boost|p2a: Arceus|spd|1\n|\n|upkeep\n|turn|3\n|\n|t:|1781406759\n|move|p2a: Arceus|Focus Blast|p1a: Noctowl\n|-damage|p1a: Noctowl|263/344\n|move|p1a: Noctowl|Calm Mind|p1a: Noctowl\n|-boost|p1a: Noctowl|spa|1\n|-boost|p1a: Noctowl|spd|1\n|\n|upkeep\n|turn|4\n|\n|t:|1781406785\n|move|p2a: Arceus|Calm Mind|p2a: Arceus\n|-boost|p2a: Arceus|spa|1\n|-boost|p2a: Arceus|spd|1\n|move|p1a: Noctowl|Calm Mind|p1a: Noctowl\n|-boost|p1a: Noctowl|spa|1\n|-boost|p1a: Noctowl|spd|1\n|\n|upkeep\n|turn|5\n|\n|t:|1781406792\n|move|p2a: Arceus|Calm Mind|p2a: Arceus\n|-boost|p2a: Arceus|spa|1\n|-boost|p2a: Arceus|spd|1\n|move|p1a: Noctowl|Calm Mind|p1a: Noctowl\n|-boost|p1a: Noctowl|spa|1\n|-boost|p1a: Noctowl|spd|1\n|\n|upkeep\n|turn|6\n|\n|t:|1781406799\n|move|p2a: Arceus|Calm Mind|p2a: Arceus\n|-boost|p2a: Arceus|spa|1\n|-boost|p2a: Arceus|spd|1\n|move|p1a: Noctowl|Hurricane|p2a: Arceus\n|-damage|p2a: Arceus|172/280\n|-start|p2a: Arceus|confusion\n|\n|upkeep\n|turn|7\n|\n|t:|1781406816\n|-activate|p2a: Arceus|confusion\n|-damage|p2a: Arceus|153/280|[from] confusion\n|move|p1a: Noctowl|Calm Mind|p1a: Noctowl\n|-boost|p1a: Noctowl|spa|1\n|-boost|p1a: Noctowl|spd|1\n|\n|upkeep\n|turn|8\n|\n|t:|1781406820\n|-activate|p2a: Arceus|confusion\n|move|p2a: Arceus|Recover|p2a: Arceus\n|-heal|p2a: Arceus|280/280\n|move|p1a: Noctowl|Hurricane|p2a: Arceus\n|-damage|p2a: Arceus|160/280\n|\n|upkeep\n|turn|9\n|\n|t:|1781406827\n|-end|p2a: Arceus|confusion\n|move|p2a: Arceus|Calm Mind|p2a: Arceus\n|-boost|p2a: Arceus|spa|1\n|-boost|p2a: Arceus|spd|1\n|move|p1a: Noctowl|Hurricane|p2a: Arceus|[miss]\n|-miss|p1a: Noctowl|p2a: Arceus\n|\n|upkeep\n|turn|10\n|\n|t:|1781406837\n|move|p2a: Arceus|Recover|p2a: Arceus\n|-heal|p2a: Arceus|280/280\n|move|p1a: Noctowl|Calm Mind|p1a: Noctowl\n|-boost|p1a: Noctowl|spa|1\n|-boost|p1a: Noctowl|spd|1\n|\n|upkeep\n|turn|11\n|\n|t:|1781406843\n|move|p2a: Arceus|Calm Mind|p2a: Arceus\n|-boost|p2a: Arceus|spa|1\n|-boost|p2a: Arceus|spd|1\n|move|p1a: Noctowl|Hurricane|p2a: Arceus\n|-damage|p2a: Arceus|166/280\n|\n|upkeep\n|turn|12\n|\n|t:|1781406850\n|move|p2a: Arceus|Focus Blast|p1a: Noctowl\n|-damage|p1a: Noctowl|196/344\n|move|p1a: Noctowl|Hurricane|p2a: Arceus\n|-damage|p2a: Arceus|48/280\n|\n|upkeep\n|turn|13\n|\n|t:|1781406861\n|move|p2a: Arceus|Focus Blast|p1a: Noctowl\n|-damage|p1a: Noctowl|132/344\n|-unboost|p1a: Noctowl|spd|1\n|move|p1a: Noctowl|Roost|p1a: Noctowl\n|-heal|p1a: Noctowl|304/344\n|-singleturn|p1a: Noctowl|move: Roost\n|\n|upkeep\n|turn|14\n|\n|t:|1781406868\n|move|p2a: Arceus|Recover|p2a: Arceus\n|-heal|p2a: Arceus|188/280\n|move|p1a: Noctowl|Calm Mind|p1a: Noctowl\n|-boost|p1a: Noctowl|spa|1\n|-boost|p1a: Noctowl|spd|1\n|\n|upkeep\n|turn|15\n|\n|t:|1781406873\n|move|p2a: Arceus|Focus Blast|p1a: Noctowl|[miss]\n|-miss|p2a: Arceus|p1a: Noctowl\n|move|p1a: Noctowl|Hurricane|p2a: Arceus\n|-damage|p2a: Arceus|52/280\n|\n|upkeep\n|turn|16\n|\n|t:|1781406881\n|move|p2a: Arceus|Recover|p2a: Arceus\n|-heal|p2a: Arceus|192/280\n|move|p1a: Noctowl|Hurricane|p2a: Arceus\n|-damage|p2a: Arceus|56/280\n|\n|upkeep\n|turn|17\n|\n|t:|1781406887\n|move|p2a: Arceus|Recover|p2a: Arceus\n|-heal|p2a: Arceus|196/280\n|move|p1a: Noctowl|Hurricane|p2a: Arceus\n|-damage|p2a: Arceus|73/280\n|\n|upkeep\n|turn|18\n|\n|t:|1781406893\n|move|p2a: Arceus|Recover|p2a: Arceus\n|-heal|p2a: Arceus|213/280\n|move|p1a: Noctowl|Hurricane|p2a: Arceus\n|-damage|p2a: Arceus|77/280\n|-start|p2a: Arceus|confusion\n|\n|upkeep\n|turn|19\n|\n|t:|1781406900\n|-activate|p2a: Arceus|confusion\n|move|p2a: Arceus|Recover|p2a: Arceus\n|-heal|p2a: Arceus|217/280\n|move|p1a: Noctowl|Hurricane|p2a: Arceus|[miss]\n|-miss|p1a: Noctowl|p2a: Arceus\n|\n|upkeep\n|turn|20\n|\n|t:|1781406904\n|-end|p2a: Arceus|confusion\n|move|p2a: Arceus|Focus Blast|p1a: Noctowl|[miss]\n|-miss|p2a: Arceus|p1a: Noctowl\n|move|p1a: Noctowl|Hurricane|p2a: Arceus\n|-damage|p2a: Arceus|79/280\n|-start|p2a: Arceus|confusion\n|\n|upkeep\n|turn|21\n|\n|t:|1781406916\n|-activate|p2a: Arceus|confusion\n|move|p2a: Arceus|Recover|p2a: Arceus\n|-heal|p2a: Arceus|219/280\n|move|p1a: Noctowl|Hurricane|p2a: Arceus|[miss]\n|-miss|p1a: Noctowl|p2a: Arceus\n|\n|upkeep\n|turn|22\n|\n|t:|1781406924\n|-activate|p2a: Arceus|confusion\n|move|p2a: Arceus|Focus Blast|p1a: Noctowl\n|-damage|p1a: Noctowl|235/344\n|move|p1a: Noctowl|Hurricane|p2a: Arceus\n|-damage|p2a: Arceus|98/280\n|\n|upkeep\n|turn|23\n|\n|t:|1781406934\n|-activate|p2a: Arceus|confusion\n|move|p2a: Arceus|Focus Blast|p1a: Noctowl\n|-damage|p1a: Noctowl|173/344\n|move|p1a: Noctowl|Calm Mind|p1a: Noctowl\n|-boost|p1a: Noctowl|spa|0\n|-boost|p1a: Noctowl|spd|1\n|\n|upkeep\n|turn|24\n|\n|t:|1781406940\n|-end|p2a: Arceus|confusion\n|move|p2a: Arceus|Focus Blast|p1a: Noctowl\n|-damage|p1a: Noctowl|118/344\n|move|p1a: Noctowl|Roost|p1a: Noctowl\n|-heal|p1a: Noctowl|290/344\n|-singleturn|p1a: Noctowl|move: Roost\n|\n|upkeep\n|turn|25\n|\n|t:|1781406953\n|move|p2a: Arceus|Judgment|p1a: Noctowl\n|-immune|p1a: Noctowl\n|move|p1a: Noctowl|Hurricane|p2a: Arceus|[miss]\n|-miss|p1a: Noctowl|p2a: Arceus\n|\n|upkeep\n|turn|26\n|\n|t:|1781406960\n|move|p2a: Arceus|Judgment|p1a: Noctowl\n|-immune|p1a: Noctowl\n|move|p1a: Noctowl|Hurricane|p2a: Arceus|[miss]\n|-miss|p1a: Noctowl|p2a: Arceus\n|\n|upkeep\n|turn|27\n|\n|t:|1781406971\n|move|p2a: Arceus|Calm Mind|p2a: Arceus\n|-boost|p2a: Arceus|spa|0\n|-boost|p2a: Arceus|spd|0\n|move|p1a: Noctowl|Roost|p1a: Noctowl\n|-heal|p1a: Noctowl|344/344\n|-singleturn|p1a: Noctowl|move: Roost\n|\n|upkeep\n|turn|28\n|\n|t:|1781406977\n|move|p2a: Arceus|Calm Mind|p2a: Arceus\n|-boost|p2a: Arceus|spa|0\n|-boost|p2a: Arceus|spd|0\n|move|p1a: Noctowl|Hurricane|p2a: Arceus|[miss]\n|-miss|p1a: Noctowl|p2a: Arceus\n|\n|upkeep\n|turn|29\n|\n|t:|1781407002\n|move|p2a: Arceus|Calm Mind|p2a: Arceus\n|-boost|p2a: Arceus|spa|0\n|-boost|p2a: Arceus|spd|0\n|move|p1a: Noctowl|Hyper Voice|p2a: Arceus\n|-immune|p2a: Arceus\n|\n|upkeep\n|turn|30\n|\n|t:|1781407016\n|move|p2a: Arceus|Calm Mind|p2a: Arceus\n|-boost|p2a: Arceus|spa|0\n|-boost|p2a: Arceus|spd|0\n|move|p1a: Noctowl|Calm Mind|p1a: Noctowl\n|-boost|p1a: Noctowl|spa|0\n|-boost|p1a: Noctowl|spd|0\n|\n|upkeep\n|turn|31\n|\n|t:|1781407021\n|move|p2a: Arceus|Calm Mind|p2a: Arceus\n|-boost|p2a: Arceus|spa|0\n|-boost|p2a: Arceus|spd|0\n|move|p1a: Noctowl|Calm Mind|p1a: Noctowl\n|-boost|p1a: Noctowl|spa|0\n|-boost|p1a: Noctowl|spd|0\n|\n|upkeep\n|turn|32\n|\n|t:|1781407025\n|move|p2a: Arceus|Calm Mind|p2a: Arceus\n|-boost|p2a: Arceus|spa|0\n|-boost|p2a: Arceus|spd|0\n|move|p1a: Noctowl|Calm Mind|p1a: Noctowl\n|-boost|p1a: Noctowl|spa|0\n|-boost|p1a: Noctowl|spd|0\n|\n|upkeep\n|turn|33\n|\n|t:|1781407033\n|move|p2a: Arceus|Calm Mind|p2a: Arceus\n|-boost|p2a: Arceus|spa|0\n|-boost|p2a: Arceus|spd|0\n|move|p1a: Noctowl|Calm Mind|p1a: Noctowl\n|-boost|p1a: Noctowl|spa|0\n|-boost|p1a: Noctowl|spd|0\n|\n|upkeep\n|turn|34\n|\n|t:|1781407039\n|move|p2a: Arceus|Calm Mind|p2a: Arceus\n|-boost|p2a: Arceus|spa|0\n|-boost|p2a: Arceus|spd|0\n|move|p1a: Noctowl|Hyper Voice|p2a: Arceus\n|-immune|p2a: Arceus\n|\n|upkeep\n|turn|35\n|\n|t:|1781407044\n|move|p2a: Arceus|Calm Mind|p2a: Arceus\n|-boost|p2a: Arceus|spa|0\n|-boost|p2a: Arceus|spd|0\n|move|p1a: Noctowl|Calm Mind|p1a: Noctowl\n|-boost|p1a: Noctowl|spa|0\n|-boost|p1a: Noctowl|spd|0\n|\n|upkeep\n|turn|36\n|\n|t:|1781407051\n|move|p2a: Arceus|Calm Mind|p2a: Arceus\n|-boost|p2a: Arceus|spa|0\n|-boost|p2a: Arceus|spd|0\n|move|p1a: Noctowl|Calm Mind|p1a: Noctowl\n|-boost|p1a: Noctowl|spa|0\n|-boost|p1a: Noctowl|spd|0\n|\n|upkeep\n|turn|37\n|\n|t:|1781407060\n|move|p2a: Arceus|Calm Mind|p2a: Arceus\n|-boost|p2a: Arceus|spa|0\n|-boost|p2a: Arceus|spd|0\n|move|p1a: Noctowl|Calm Mind|p1a: Noctowl\n|-boost|p1a: Noctowl|spa|0\n|-boost|p1a: Noctowl|spd|0\n|\n|upkeep\n|turn|38\n|\n|t:|1781407067\n|move|p2a: Arceus|Calm Mind|p2a: Arceus\n|-boost|p2a: Arceus|spa|0\n|-boost|p2a: Arceus|spd|0\n|move|p1a: Noctowl|Calm Mind|p1a: Noctowl\n|-boost|p1a: Noctowl|spa|0\n|-boost|p1a: Noctowl|spd|0\n|\n|upkeep\n|turn|39\n|\n|t:|1781407072\n|move|p2a: Arceus|Calm Mind|p2a: Arceus\n|-boost|p2a: Arceus|spa|0\n|-boost|p2a: Arceus|spd|0\n|move|p1a: Noctowl|Calm Mind|p1a: Noctowl\n|-boost|p1a: Noctowl|spa|0\n|-boost|p1a: Noctowl|spd|0\n|\n|upkeep\n|turn|40\n|\n|t:|1781407076\n|move|p2a: Arceus|Calm Mind|p2a: Arceus\n|-boost|p2a: Arceus|spa|0\n|-boost|p2a: Arceus|spd|0\n|move|p1a: Noctowl|Calm Mind|p1a: Noctowl\n|-boost|p1a: Noctowl|spa|0\n|-boost|p1a: Noctowl|spd|0\n|\n|upkeep\n|turn|41\n|\n|t:|1781407084\n|move|p2a: Arceus|Calm Mind|p2a: Arceus\n|-boost|p2a: Arceus|spa|0\n|-boost|p2a: Arceus|spd|0\n|move|p1a: Noctowl|Calm Mind|p1a: Noctowl\n|-boost|p1a: Noctowl|spa|0\n|-boost|p1a: Noctowl|spd|0\n|\n|upkeep\n|turn|42\n|\n|t:|1781407088\n|move|p2a: Arceus|Calm Mind|p2a: Arceus\n|-boost|p2a: Arceus|spa|0\n|-boost|p2a: Arceus|spd|0\n|move|p1a: Noctowl|Calm Mind|p1a: Noctowl\n|-boost|p1a: Noctowl|spa|0\n|-boost|p1a: Noctowl|spd|0\n|\n|upkeep\n|turn|43\n|\n|t:|1781407090\n|move|p2a: Arceus|Calm Mind|p2a: Arceus\n|-boost|p2a: Arceus|spa|0\n|-boost|p2a: Arceus|spd|0\n|move|p1a: Noctowl|Calm Mind|p1a: Noctowl\n|-boost|p1a: Noctowl|spa|0\n|-boost|p1a: Noctowl|spd|0\n|\n|upkeep\n|turn|44\n|\n|t:|1781407093\n|move|p2a: Arceus|Calm Mind|p2a: Arceus\n|-boost|p2a: Arceus|spa|0\n|-boost|p2a: Arceus|spd|0\n|move|p1a: Noctowl|Calm Mind|p1a: Noctowl\n|-boost|p1a: Noctowl|spa|0\n|-boost|p1a: Noctowl|spd|0\n|\n|upkeep\n|turn|45\n|\n|t:|1781407096\n|move|p2a: Arceus|Calm Mind|p2a: Arceus\n|-boost|p2a: Arceus|spa|0\n|-boost|p2a: Arceus|spd|0\n|move|p1a: Noctowl|Calm Mind|p1a: Noctowl\n|-boost|p1a: Noctowl|spa|0\n|-boost|p1a: Noctowl|spd|0\n|\n|upkeep\n|turn|46\n|\n|t:|1781407099\n|move|p2a: Arceus|Judgment|p1a: Noctowl\n|-immune|p1a: Noctowl\n|move|p1a: Noctowl|Calm Mind|p1a: Noctowl\n|-boost|p1a: Noctowl|spa|0\n|-boost|p1a: Noctowl|spd|0\n|\n|upkeep\n|turn|47\n|\n|t:|1781407102\n|move|p2a: Arceus|Judgment|p1a: Noctowl\n|-immune|p1a: Noctowl\n|move|p1a: Noctowl|Calm Mind|p1a: Noctowl\n|-boost|p1a: Noctowl|spa|0\n|-boost|p1a: Noctowl|spd|0\n|\n|upkeep\n|turn|48\n|\n|t:|1781407104\n|move|p2a: Arceus|Calm Mind|p2a: Arceus\n|-boost|p2a: Arceus|spa|0\n|-boost|p2a: Arceus|spd|0\n|move|p1a: Noctowl|Calm Mind|p1a: Noctowl\n|-boost|p1a: Noctowl|spa|0\n|-boost|p1a: Noctowl|spd|0\n|\n|upkeep\n|turn|49\n|\n|t:|1781407106\n|move|p2a: Arceus|Calm Mind|p2a: Arceus\n|-boost|p2a: Arceus|spa|0\n|-boost|p2a: Arceus|spd|0\n|move|p1a: Noctowl|Calm Mind|p1a: Noctowl\n|-boost|p1a: Noctowl|spa|0\n|-boost|p1a: Noctowl|spd|0\n|\n|upkeep\n|turn|50\n|\n|t:|1781407109\n|move|p2a: Arceus|Calm Mind|p2a: Arceus\n|-boost|p2a: Arceus|spa|0\n|-boost|p2a: Arceus|spd|0\n|move|p1a: Noctowl|Calm Mind|p1a: Noctowl\n|-boost|p1a: Noctowl|spa|0\n|-boost|p1a: Noctowl|spd|0\n|\n|upkeep\n|turn|51\n|\n|t:|1781407111\n|move|p2a: Arceus|Calm Mind|p2a: Arceus\n|-boost|p2a: Arceus|spa|0\n|-boost|p2a: Arceus|spd|0\n|move|p1a: Noctowl|Calm Mind|p1a: Noctowl\n|-boost|p1a: Noctowl|spa|0\n|-boost|p1a: Noctowl|spd|0\n|\n|upkeep\n|turn|52\n|\n|t:|1781407114\n|move|p2a: Arceus|Calm Mind|p2a: Arceus\n|-boost|p2a: Arceus|spa|0\n|-boost|p2a: Arceus|spd|0\n|move|p1a: Noctowl|Calm Mind|p1a: Noctowl\n|-boost|p1a: Noctowl|spa|0\n|-boost|p1a: Noctowl|spd|0\n|\n|upkeep\n|turn|53\n|\n|t:|1781407117\n|move|p2a: Arceus|Calm Mind|p2a: Arceus\n|-boost|p2a: Arceus|spa|0\n|-boost|p2a: Arceus|spd|0\n|move|p1a: Noctowl|Calm Mind|p1a: Noctowl\n|-boost|p1a: Noctowl|spa|0\n|-boost|p1a: Noctowl|spd|0\n|\n|upkeep\n|turn|54\n|\n|t:|1781407120\n|move|p2a: Arceus|Calm Mind|p2a: Arceus\n|-boost|p2a: Arceus|spa|0\n|-boost|p2a: Arceus|spd|0\n|move|p1a: Noctowl|Calm Mind|p1a: Noctowl\n|-boost|p1a: Noctowl|spa|0\n|-boost|p1a: Noctowl|spd|0\n|\n|upkeep\n|turn|55\n|\n|t:|1781407122\n|move|p2a: Arceus|Judgment|p1a: Noctowl\n|-immune|p1a: Noctowl\n|move|p1a: Noctowl|Calm Mind|p1a: Noctowl\n|-boost|p1a: Noctowl|spa|0\n|-boost|p1a: Noctowl|spd|0\n|\n|upkeep\n|turn|56\n|\n|t:|1781407127\n|move|p2a: Arceus|Judgment|p1a: Noctowl\n|-immune|p1a: Noctowl\n|move|p1a: Noctowl|Hyper Voice|p2a: Arceus\n|-immune|p2a: Arceus\n|\n|upkeep\n|turn|57\n|\n|t:|1781407132\n|move|p2a: Arceus|Judgment|p1a: Noctowl\n|-immune|p1a: Noctowl\n|move|p1a: Noctowl|Roost||[still]\n|-fail|p1a: Noctowl|heal\n|\n|upkeep\n|turn|58\n|\n|t:|1781407137\n|move|p2a: Arceus|Judgment|p1a: Noctowl\n|-immune|p1a: Noctowl\n|move|p1a: Noctowl|Hyper Voice|p2a: Arceus\n|-immune|p2a: Arceus\n|\n|upkeep\n|turn|59\n|\n|t:|1781407140\n|move|p2a: Arceus|Judgment|p1a: Noctowl\n|-immune|p1a: Noctowl\n|move|p1a: Noctowl|Hyper Voice|p2a: Arceus\n|-immune|p2a: Arceus\n|\n|upkeep\n|turn|60\n|\n|t:|1781407142\n|move|p2a: Arceus|Judgment|p1a: Noctowl\n|-immune|p1a: Noctowl\n|move|p1a: Noctowl|Hyper Voice|p2a: Arceus\n|-immune|p2a: Arceus\n|\n|upkeep\n|turn|61\n|\n|t:|1781407144\n|move|p2a: Arceus|Judgment|p1a: Noctowl\n|-immune|p1a: Noctowl\n|move|p1a: Noctowl|Roost||[still]\n|-fail|p1a: Noctowl|heal\n|\n|upkeep\n|turn|62\n|\n|t:|1781407148\n|move|p2a: Arceus|Judgment|p1a: Noctowl\n|-immune|p1a: Noctowl\n|move|p1a: Noctowl|Hyper Voice|p2a: Arceus\n|-immune|p2a: Arceus\n|\n|upkeep\n|turn|63\n|\n|t:|1781407150\n|move|p2a: Arceus|Judgment|p1a: Noctowl\n|-immune|p1a: Noctowl\n|move|p1a: Noctowl|Hyper Voice|p2a: Arceus\n|-immune|p2a: Arceus\n|\n|upkeep\n|turn|64\n|\n|t:|1781407152\n|move|p2a: Arceus|Judgment|p1a: Noctowl\n|-immune|p1a: Noctowl\n|move|p1a: Noctowl|Hyper Voice|p2a: Arceus\n|-immune|p2a: Arceus\n|\n|upkeep\n|turn|65\n|\n|t:|1781407154\n|move|p2a: Arceus|Judgment|p1a: Noctowl\n|-immune|p1a: Noctowl\n|move|p1a: Noctowl|Hyper Voice|p2a: Arceus\n|-immune|p2a: Arceus\n|\n|upkeep\n|turn|66\n|\n|t:|1781407160\n|move|p2a: Arceus|Judgment|p1a: Noctowl\n|-immune|p1a: Noctowl\n|move|p1a: Noctowl|Roost||[still]\n|-fail|p1a: Noctowl|heal\n|\n|upkeep\n|turn|67\n|\n|t:|1781407166\n|-activate|p2a: Arceus|move: Struggle\n|move|p2a: Arceus|Struggle|p1a: Noctowl\n|-damage|p1a: Noctowl|312/344\n|-damage|p2a: Arceus|28/280|[from] recoil\n|move|p1a: Noctowl|Hyper Voice|p2a: Arceus\n|-immune|p2a: Arceus\n|\n|upkeep\n|turn|68\n|\n|t:|1781407172\n|-activate|p2a: Arceus|move: Struggle\n|move|p2a: Arceus|Struggle|p1a: Noctowl\n|-damage|p1a: Noctowl|280/344\n|-damage|p2a: Arceus|0 fnt|[from] recoil\n|faint|p2a: Arceus\n|move|p1a: Noctowl|Roost|p1a: Noctowl\n|-heal|p1a: Noctowl|344/344\n|-singleturn|p1a: Noctowl|move: Roost\n|\n|upkeep\n|\n|t:|1781407209\n|switch|p2a: Lokix|Lokix, L82, F|251/251\n|turn|69\n|\n|t:|1781407216\n|move|p2a: Lokix|Knock Off|p1a: Noctowl\n|-crit|p1a: Noctowl\n|-damage|p1a: Noctowl|89/344\n|-enditem|p1a: Noctowl|Heavy-Duty Boots|[from] move: Knock Off|[of] p2a: Lokix\n|-damage|p2a: Lokix|226/251|[from] item: Life Orb\n|move|p1a: Noctowl|Hyper Voice|p2a: Lokix\n|-damage|p2a: Lokix|0 fnt\n|faint|p2a: Lokix\n|\n|upkeep\n|\n|t:|1781407250\n|switch|p2a: Ariados|Ariados, L95, M|287/287\n|turn|70\n|\n|t:|1781407260\n|-terastallize|p2a: Ariados|Ghost\n|move|p1a: Noctowl|Roost|p1a: Noctowl\n|-heal|p1a: Noctowl|261/344\n|-singleturn|p1a: Noctowl|move: Roost\n|move|p2a: Ariados|Sticky Web|p1a: Noctowl\n|-sidestart|p1: GhiDarkGamesYT|move: Sticky Web\n|\n|upkeep\n|turn|71\n|\n|t:|1781407273\n|move|p1a: Noctowl|Hyper Voice|p2a: Ariados\n|-immune|p2a: Ariados\n|move|p2a: Ariados|Toxic Spikes|p1a: Noctowl\n|-sidestart|p1: GhiDarkGamesYT|move: Toxic Spikes\n|\n|upkeep\n|turn|72\n|\n|t:|1781407279\n|move|p1a: Noctowl|Hyper Voice|p2a: Ariados\n|-immune|p2a: Ariados\n|move|p2a: Ariados|Toxic Spikes|p1a: Noctowl\n|-sidestart|p1: GhiDarkGamesYT|move: Toxic Spikes\n|\n|upkeep\n|turn|73\n|\n|t:|1781407283\n|move|p1a: Noctowl|Hyper Voice|p2a: Ariados\n|-immune|p2a: Ariados\n|move|p2a: Ariados|Poison Jab|p1a: Noctowl\n|-damage|p1a: Noctowl|117/344\n|\n|upkeep\n|turn|74\n|\n|t:|1781407291\n|move|p1a: Noctowl|Hyper Voice|p2a: Ariados\n|-immune|p2a: Ariados\n|move|p2a: Ariados|Poison Jab|p1a: Noctowl\n|-damage|p1a: Noctowl|0 fnt\n|faint|p1a: Noctowl\n|\n|upkeep\n|\n|t:|1781407297\n|switch|p1a: Piloswine|Piloswine, L85, M|309/309\n|-activate|p1a: Piloswine|move: Sticky Web\n|-unboost|p1a: Piloswine|spe|1\n|-status|p1a: Piloswine|tox\n|turn|75\n|\n|t:|1781407308\n|move|p2a: Ariados|Megahorn|p1a: Piloswine\n|-damage|p1a: Piloswine|206/309 tox\n|move|p1a: Piloswine|Stealth Rock|p2a: Ariados\n|-sidestart|p2: Srta13|move: Stealth Rock\n|\n|-damage|p1a: Piloswine|187/309 tox|[from] psn\n|upkeep\n|turn|76\n|\n|t:|1781407323\n|switch|p1a: Duraludon|Duraludon, L82, F|238/249\n|-activate|p1a: Duraludon|move: Sticky Web\n|-unboost|p1a: Duraludon|spe|1\n|move|p2a: Ariados|Megahorn|p1a: Duraludon\n|-resisted|p1a: Duraludon\n|-damage|p1a: Duraludon|194/249\n|\n|upkeep\n|turn|77\n|\n|t:|1781407341\n|move|p2a: Ariados|Megahorn|p1a: Duraludon\n|-resisted|p1a: Duraludon\n|-crit|p1a: Duraludon\n|-damage|p1a: Duraludon|135/249\n|move|p1a: Duraludon|Iron Defense|p1a: Duraludon\n|-boost|p1a: Duraludon|def|2\n|\n|upkeep\n|turn|78\n|\n|t:|1781407351\n|move|p2a: Ariados|Megahorn|p1a: Duraludon\n|-resisted|p1a: Duraludon\n|-damage|p1a: Duraludon|114/249\n|move|p1a: Duraludon|Flash Cannon|p2a: Ariados\n|-damage|p2a: Ariados|196/287\n|\n|upkeep\n|turn|79\n|\n|t:|1781407370\n|move|p2a: Ariados|Megahorn|p1a: Duraludon\n|-resisted|p1a: Duraludon\n|-crit|p1a: Duraludon\n|-damage|p1a: Duraludon|47/249\n|move|p1a: Duraludon|Flash Cannon|p2a: Ariados\n|-damage|p2a: Ariados|93/287\n|\n|upkeep\n|turn|80\n|\n|t:|1781407377\n|move|p2a: Ariados|Megahorn|p1a: Duraludon\n|-resisted|p1a: Duraludon\n|-damage|p1a: Duraludon|26/249\n|move|p1a: Duraludon|Draco Meteor|p2a: Ariados\n|-damage|p2a: Ariados|0 fnt\n|-unboost|p1a: Duraludon|spa|2\n|faint|p2a: Ariados\n|\n|upkeep\n|\n|t:|1781407394\n|switch|p2a: Manaphy|Manaphy, L78|284/284\n|-damage|p2a: Manaphy|249/284|[from] Stealth Rock\n|turn|81\n|\n|t:|1781407401\n|move|p2a: Manaphy|Tail Glow|p2a: Manaphy\n|-boost|p2a: Manaphy|spa|3\n|move|p1a: Duraludon|Body Press|p2a: Manaphy\n|-damage|p2a: Manaphy|135/284\n|\n|-heal|p2a: Manaphy|152/284|[from] item: Leftovers\n|upkeep\n|turn|82\n|\n|t:|1781407407\n|move|p2a: Manaphy|Ice Beam|p1a: Duraludon\n|-damage|p1a: Duraludon|0 fnt\n|faint|p1a: Duraludon\n|\n|-heal|p2a: Manaphy|169/284|[from] item: Leftovers\n|upkeep\n|\n|t:|1781407411\n|switch|p1a: Eiscue|Eiscue, L88, M|274/274\n|-activate|p1a: Eiscue|move: Sticky Web\n|-unboost|p1a: Eiscue|spe|1\n|-status|p1a: Eiscue|tox\n|turn|83\n|\n|t:|1781407421\n|move|p2a: Manaphy|Surf|p1a: Eiscue\n|-damage|p1a: Eiscue|87/274 tox\n|-enditem|p1a: Eiscue|Sitrus Berry|[eat]\n|-heal|p1a: Eiscue|155/274 tox|[from] item: Sitrus Berry\n|move|p1a: Eiscue|Belly Drum|p1a: Eiscue\n|-damage|p1a: Eiscue|18/274 tox\n|-setboost|p1a: Eiscue|atk|6|[from] move: Belly Drum\n|\n|-heal|p2a: Manaphy|186/284|[from] item: Leftovers\n|-damage|p1a: Eiscue|1/274 tox|[from] psn\n|upkeep\n|turn|84\n|\n|t:|1781407433\n|move|p2a: Manaphy|Surf|p1a: Eiscue\n|-damage|p1a: Eiscue|0 fnt\n|faint|p1a: Eiscue\n|\n|-heal|p2a: Manaphy|203/284|[from] item: Leftovers\n|upkeep\n|\n|t:|1781407441\n|switch|p1a: Luxray|Luxray, L88, F|283/283\n|-activate|p1a: Luxray|move: Sticky Web\n|-unboost|p1a: Luxray|spe|1\n|-status|p1a: Luxray|tox\n|turn|85\n|\n|t:|1781407447\n|switch|p2a: Dragalge|Dragalge, L88, F|258/258\n|-damage|p2a: Dragalge|226/258|[from] Stealth Rock\n|move|p1a: Luxray|Trailblaze|p2a: Dragalge\n|-resisted|p2a: Dragalge\n|-damage|p2a: Dragalge|209/258\n|-boost|p1a: Luxray|spe|1\n|\n|-damage|p1a: Luxray|266/283 tox|[from] psn\n|upkeep\n|turn|86\n|\n|t:|1781407458\n|move|p1a: Luxray|Trailblaze|p2a: Dragalge\n|-resisted|p2a: Dragalge\n|-damage|p2a: Dragalge|193/258\n|-boost|p1a: Luxray|spe|1\n|move|p2a: Dragalge|Sludge Wave|p1a: Luxray\n|-damage|p1a: Luxray|22/283 tox\n|\n|-damage|p1a: Luxray|0 fnt|[from] psn\n|faint|p1a: Luxray\n|upkeep\n|\n|t:|1781407461\n|switch|p1a: Piloswine|Piloswine, L85, M|187/309 tox\n|-activate|p1a: Piloswine|move: Sticky Web\n|-unboost|p1a: Piloswine|spe|1\n|turn|87\n|\n|t:|1781407473\n|switch|p1a: Oricorio|Oricorio, L84, F|263/263\n|move|p2a: Dragalge|Sludge Wave|p1a: Oricorio\n|-damage|p1a: Oricorio|0 fnt\n|faint|p1a: Oricorio\n|\n|upkeep\n|\n|t:|1781407479\n|switch|p1a: Piloswine|Piloswine, L85, M|187/309 tox\n|-activate|p1a: Piloswine|move: Sticky Web\n|-unboost|p1a: Piloswine|spe|1\n|turn|88\n|\n|t:|1781407484\n|move|p2a: Dragalge|Sludge Wave|p1a: Piloswine\n|-resisted|p1a: Piloswine\n|-damage|p1a: Piloswine|91/309 tox\n|move|p1a: Piloswine|Earthquake|p2a: Dragalge\n|-supereffective|p2a: Dragalge\n|-damage|p2a: Dragalge|0 fnt\n|faint|p2a: Dragalge\n|\n|-damage|p1a: Piloswine|72/309 tox|[from] psn\n|upkeep\n|\n|t:|1781407492\n|switch|p2a: Feraligatr|Feraligatr, L79, M|264/264\n|-damage|p2a: Feraligatr|231/264|[from] Stealth Rock\n|turn|89\n|\n|t:|1781407496\n|move|p2a: Feraligatr|Liquidation|p1a: Piloswine\n|-supereffective|p1a: Piloswine\n|-damage|p1a: Piloswine|0 fnt\n|faint|p1a: Piloswine\n|\n|win|Srta13\n", "uploadtime": 1781407499, "views": 14, "formatid": "gen9randombattle", "rating": null, "private": 0, "password": null}