{"id": "gen9randombattle-2631504659", "format": "[Gen 9] Random Battle", "players": ["Smart Gas", "irruushi"], "log": "|j|\u2606Smart Gas\n|j|\u2606irruushi\n|t:|1781393614\n|gametype|singles\n|player|p1|Smart Gas|clavell-s|1930\n|player|p2|irruushi|101|1947\n|gen|9\n|tier|[Gen 9] Random Battle\n|rated|\n|rule|Species Clause: Limit one of each Pok\u00e9mon\n|rule|HP Percentage Mod: HP is shown in percentages\n|rule|Sleep Clause Mod: Limit one foe put to sleep\n|rule|Illusion Level Mod: Illusion disguises the Pok\u00e9mon's true level\n|\n|t:|1781393614\n|teamsize|p1|6\n|teamsize|p2|6\n|start\n|switch|p1a: Iron Thorns|Iron Thorns, L83|302/302\n|switch|p2a: Misdreavus|Misdreavus, L90, M|254/254\n|-item|p1a: Iron Thorns|Air Balloon\n|turn|1\n|inactive|Battle timer is ON: inactive players will automatically lose when time's up. (requested by Smart Gas)\n|inactive|Smart Gas has 120 seconds left.\n|\n|t:|1781393662\n|-end|p1a: Iron Thorns|Quark Drive|[silent]\n|switch|p1a: Passimian|Passimian, L83, M|302/302\n|move|p2a: Misdreavus|Will-O-Wisp|p1a: Passimian\n|-status|p1a: Passimian|brn\n|\n|-damage|p1a: Passimian|284/302 brn|[from] brn\n|upkeep\n|turn|2\n|\n|t:|1781393685\n|switch|p2a: Avalugg|Avalugg, L88, F|310/310\n|move|p1a: Passimian|Knock Off|p2a: Avalugg\n|-crit|p2a: Avalugg\n|-damage|p2a: Avalugg|276/310\n|-enditem|p2a: Avalugg|Heavy-Duty Boots|[from] move: Knock Off|[of] p1a: Passimian\n|\n|-heal|p1a: Passimian|302/302 brn|[from] item: Leftovers\n|-damage|p1a: Passimian|284/302 brn|[from] brn\n|upkeep\n|turn|3\n|\n|t:|1781393694\n|switch|p1a: Diancie|Diancie, L82|216/216\n|move|p2a: Avalugg|Avalanche|p1a: Diancie\n|-crit|p1a: Diancie\n|-damage|p1a: Diancie|131/216\n|\n|upkeep\n|turn|4\n|inactive|irruushi has 120 seconds left.\n|\n|t:|1781393725\n|switch|p2a: Excadrill|Excadrill, L79, F|303/303\n|-ability|p2a: Excadrill|Mold Breaker\n|move|p1a: Diancie|Diamond Storm|p2a: Excadrill\n|-resisted|p2a: Excadrill\n|-damage|p2a: Excadrill|270/303\n|-boost|p1a: Diancie|def|2\n|\n|-heal|p2a: Excadrill|288/303|[from] item: Leftovers\n|upkeep\n|turn|5\n|inactive|irruushi has 120 seconds left.\n|\n|t:|1781393739\n|switch|p2a: Misdreavus|Misdreavus, L90, M|254/254\n|switch|p1a: Spiritomb|Spiritomb, L89, F|234/234\n|\n|upkeep\n|turn|6\n|inactive|irruushi has 120 seconds left.\n|\n|t:|1781393756\n|switch|p1a: Passimian|Passimian, L83, M|284/302 brn\n|move|p2a: Misdreavus|Will-O-Wisp|p1a: Passimian\n|-fail|p1a: Passimian|brn\n|\n|-heal|p1a: Passimian|302/302 brn|[from] item: Leftovers\n|-damage|p1a: Passimian|284/302 brn|[from] brn\n|upkeep\n|turn|7\n|\n|t:|1781393761\n|switch|p2a: Avalugg|Avalugg, L88, F|276/310\n|move|p1a: Passimian|Knock Off|p2a: Avalugg\n|-damage|p2a: Avalugg|260/310\n|\n|-heal|p1a: Passimian|302/302 brn|[from] item: Leftovers\n|-damage|p1a: Passimian|284/302 brn|[from] brn\n|upkeep\n|turn|8\n|\n|t:|1781393767\n|switch|p1a: Diancie|Diancie, L82|131/216\n|move|p2a: Avalugg|Avalanche|p1a: Diancie\n|-damage|p1a: Diancie|74/216\n|\n|upkeep\n|turn|9\n|\n|t:|1781393780\n|switch|p2a: Misdreavus|Misdreavus, L90, M|254/254\n|move|p1a: Diancie|Body Press|p2a: Misdreavus\n|-immune|p2a: Misdreavus\n|\n|upkeep\n|turn|10\n|-message|Smart Gas forfeited.\n|\n|win|irruushi\n", "uploadtime": 1781393617, "views": 3, "formatid": "gen9randombattle", "rating": null, "private": 0, "password": null}