{"id": "gen9randombattle-2631730522", "format": "[Gen 9] Random Battle", "players": ["vogabal", "symitry"], "log": "|j|\u2606vogabal\n|j|\u2606symitry\n|t:|1781430090\n|gametype|singles\n|player|p1|vogabal|169|2017\n|player|p2|symitry|102|2050\n|gen|9\n|tier|[Gen 9] Random Battle\n|rated|\n|rule|Species Clause: Limit one of each Pok\u00e9mon\n|rule|HP Percentage Mod: HP is shown in percentages\n|rule|Sleep Clause Mod: Limit one foe put to sleep\n|rule|Illusion Level Mod: Illusion disguises the Pok\u00e9mon's true level\n|\n|t:|1781430090\n|teamsize|p1|6\n|teamsize|p2|6\n|start\n|switch|p1a: Porygon2|Porygon2, L81|270/270\n|switch|p2a: Porygon-Z|Porygon-Z, L83|277/277\n|-ability|p1a: Porygon2|Download|boost\n|-boost|p1a: Porygon2|atk|1\n|turn|1\n|\n|t:|1781430094\n|move|p2a: Porygon-Z|Trick|p1a: Porygon2\n|-activate|p2a: Porygon-Z|move: Trick|[of] p1a: Porygon2\n|-item|p1a: Porygon2|Choice Scarf|[from] move: Trick\n|-item|p2a: Porygon-Z|Eviolite|[from] move: Trick\n|move|p1a: Porygon2|Thunder Wave|p2a: Porygon-Z\n|-status|p2a: Porygon-Z|par\n|\n|upkeep\n|turn|2\n|\n|t:|1781430119\n|switch|p1a: Wyrdeer|Wyrdeer, L87, F|321/321\n|-ability|p1a: Wyrdeer|Intimidate|boost\n|-unboost|p2a: Porygon-Z|atk|1\n|move|p2a: Porygon-Z|Tri Attack|p1a: Wyrdeer\n|-crit|p1a: Wyrdeer\n|-damage|p1a: Wyrdeer|87/321\n|-status|p1a: Wyrdeer|frz\n|\n|-heal|p1a: Wyrdeer|107/321 frz|[from] item: Leftovers\n|upkeep\n|turn|3\n|\n|t:|1781430125\n|switch|p2a: Bisharp|Bisharp, L79, M|232/232\n|cant|p1a: Wyrdeer|frz\n|\n|-heal|p1a: Wyrdeer|127/321 frz|[from] item: Leftovers\n|upkeep\n|turn|4\n|\n|t:|1781430143\n|switch|p1a: Hitmonchan|Hitmonchan, L87, M|229/229\n|move|p2a: Bisharp|Swords Dance|p2a: Bisharp\n|-boost|p2a: Bisharp|atk|2\n|\n|upkeep\n|turn|5\n|l|\u2606symitry\n|player|p2|\n|inactive|Battle timer is ON: inactive players will automatically lose when time's up. (requested by vogabal)\n|inactive|symitry has 30 seconds to reconnect!\n|inactive|symitry has 20 seconds to reconnect!\n|inactive|symitry has 15 seconds to reconnect!\n|inactive|symitry has 10 seconds to reconnect!\n|inactive|symitry has 5 seconds to reconnect!\n|-message|symitry lost due to inactivity.\n|\n|win|vogabal\n", "uploadtime": 1781430091, "views": 3, "formatid": "gen9randombattle", "rating": null, "private": 0, "password": null}