{"id": "gen9randombattle-2631462579", "format": "[Gen 9] Random Battle", "players": ["nickolassbomfim", "mistic_nobelking"], "log": "|j|\u2606nickolassbomfim\n|j|\u2606mistic_nobelking\n|t:|1781387702\n|gametype|singles\n|player|p1|nickolassbomfim|red-masters|1935\n|player|p2|mistic_nobelking|1|1938\n|gen|9\n|tier|[Gen 9] Random Battle\n|rated|\n|rule|Species Clause: Limit one of each Pok\u00e9mon\n|rule|HP Percentage Mod: HP is shown in percentages\n|rule|Sleep Clause Mod: Limit one foe put to sleep\n|rule|Illusion Level Mod: Illusion disguises the Pok\u00e9mon's true level\n|\n|t:|1781387702\n|teamsize|p1|6\n|teamsize|p2|6\n|start\n|switch|p1a: Mandibuzz|Mandibuzz, L85, F|326/326\n|switch|p2a: Moltres|Moltres, L81|278/278\n|turn|1\n|inactive|Battle timer is ON: inactive players will automatically lose when time's up. (requested by nickolassbomfim)\n|\n|t:|1781387712\n|switch|p2a: Hatterene|Hatterene, L85, F|236/236\n|move|p1a: Mandibuzz|Toxic|p2a: Hatterene\n|move|p2a: Hatterene|Toxic|p1a: Mandibuzz|[from] ability: Magic Bounce\n|-status|p1a: Mandibuzz|tox\n|\n|-damage|p1a: Mandibuzz|306/326 tox|[from] psn\n|upkeep\n|turn|2\n|\n|t:|1781387717\n|move|p1a: Mandibuzz|Knock Off|p2a: Hatterene\n|-damage|p2a: Hatterene|163/236\n|-enditem|p2a: Hatterene|Assault Vest|[from] move: Knock Off|[of] p1a: Mandibuzz\n|move|p2a: Hatterene|Draining Kiss|p1a: Mandibuzz\n|-supereffective|p1a: Mandibuzz\n|-damage|p1a: Mandibuzz|178/326 tox\n|-heal|p2a: Hatterene|236/236|[from] drain|[of] p1a: Mandibuzz\n|\n|-damage|p1a: Mandibuzz|138/326 tox|[from] psn\n|upkeep\n|turn|3\n|-message|nickolassbomfim forfeited.\n|\n|win|mistic_nobelking\n", "uploadtime": 1781387703, "views": 6, "formatid": "gen9randombattle", "rating": null, "private": 0, "password": null}