{"id": "gen9randombattle-2631961460", "format": "[Gen 9] Random Battle", "players": ["OshModi", "nanofan_lad"], "log": "|j|\u2606OshModi\n|j|\u2606nanofan_lad\n|t:|1781460257\n|gametype|singles\n|player|p1|OshModi|hilbert|1983\n|player|p2|nanofan_lad|1|1963\n|gen|9\n|tier|[Gen 9] Random Battle\n|rated|\n|rule|Species Clause: Limit one of each Pok\u00e9mon\n|rule|HP Percentage Mod: HP is shown in percentages\n|rule|Sleep Clause Mod: Limit one foe put to sleep\n|rule|Illusion Level Mod: Illusion disguises the Pok\u00e9mon's true level\n|\n|t:|1781460257\n|teamsize|p1|6\n|teamsize|p2|6\n|start\n|switch|p1a: Blastoise|Blastoise, L80, F|258/258\n|switch|p2a: Ribombee|Ribombee, L83, F|235/235\n|turn|1\n|inactive|Battle timer is ON: inactive players will automatically lose when time's up. (requested by nanofan_lad)\n|inactive|OshModi also wants the timer to be on.\n|inactive|OshModi has 120 seconds left.\n|\n|t:|1781460292\n|move|p2a: Ribombee|Stun Spore|p1a: Blastoise|[miss]\n|-miss|p2a: Ribombee|p1a: Blastoise\n|move|p1a: Blastoise|Shell Smash|p1a: Blastoise\n|-unboost|p1a: Blastoise|def|1\n|-unboost|p1a: Blastoise|spd|1\n|-boost|p1a: Blastoise|atk|2\n|-boost|p1a: Blastoise|spa|2\n|-boost|p1a: Blastoise|spe|2\n|-enditem|p1a: Blastoise|White Herb\n|-clearnegativeboost|p1a: Blastoise|[silent]\n|\n|upkeep\n|turn|2\n|\n|t:|1781460297\n|move|p1a: Blastoise|Hydro Pump|p2a: Ribombee\n|-crit|p2a: Ribombee\n|-enditem|p2a: Ribombee|Focus Sash\n|-damage|p2a: Ribombee|1/235\n|move|p2a: Ribombee|Stun Spore|p1a: Blastoise\n|-status|p1a: Blastoise|par\n|\n|upkeep\n|turn|3\n|\n|t:|1781460306\n|move|p2a: Ribombee|Sticky Web|p1a: Blastoise\n|-sidestart|p1: OshModi|move: Sticky Web\n|move|p1a: Blastoise|Shell Smash|p1a: Blastoise\n|-unboost|p1a: Blastoise|def|1\n|-unboost|p1a: Blastoise|spd|1\n|-boost|p1a: Blastoise|atk|2\n|-boost|p1a: Blastoise|spa|2\n|-boost|p1a: Blastoise|spe|2\n|\n|upkeep\n|turn|4\n|\n|t:|1781460324\n|cant|p1a: Blastoise|par\n|move|p2a: Ribombee|Moonblast|p1a: Blastoise\n|-damage|p1a: Blastoise|117/258 par\n|-unboost|p1a: Blastoise|spa|1\n|\n|upkeep\n|turn|5\n|inactive|nanofan_lad has 120 seconds left.\n|inactive|nanofan_lad has 90 seconds left.\n|inactive|nanofan_lad has 60 seconds left.\n|inactive|nanofan_lad has 30 seconds left.\n|inactive|nanofan_lad has 20 seconds left.\n|inactive|nanofan_lad has 15 seconds left.\n|inactive|nanofan_lad has 10 seconds left.\n|inactive|nanofan_lad has 5 seconds left.\n|-message|nanofan_lad lost due to inactivity.\n|\n|win|OshModi\n", "uploadtime": 1781460260, "views": 4, "formatid": "gen9randombattle", "rating": null, "private": 0, "password": null}