{"id": "gen9randombattle-2631886350", "format": "[Gen 9] Random Battle", "players": ["Rolfj", "arukanu"], "log": "|j|\u2606Rolfj\n|j|\u2606arukanu\n|t:|1781452077\n|gametype|singles\n|player|p1|Rolfj|169|1940\n|player|p2|arukanu|caitlin|1950\n|gen|9\n|tier|[Gen 9] Random Battle\n|rated|\n|rule|Species Clause: Limit one of each Pok\u00e9mon\n|rule|HP Percentage Mod: HP is shown in percentages\n|rule|Sleep Clause Mod: Limit one foe put to sleep\n|rule|Illusion Level Mod: Illusion disguises the Pok\u00e9mon's true level\n|\n|t:|1781452077\n|teamsize|p1|6\n|teamsize|p2|6\n|start\n|switch|p1a: Feraligatr|Feraligatr, L79, M|264/264\n|switch|p2a: Morpeko|Morpeko, L88, F|245/245\n|turn|1\n|\n|t:|1781452088\n|switch|p1a: Granbull|Granbull, L88, M|302/302\n|-ability|p1a: Granbull|Intimidate|boost\n|-unboost|p2a: Morpeko|atk|1\n|move|p2a: Morpeko|Aura Wheel|p1a: Granbull\n|-damage|p1a: Granbull|218/302\n|-boost|p2a: Morpeko|spe|1\n|\n|-heal|p1a: Granbull|236/302|[from] item: Leftovers\n|-formechange|p2a: Morpeko|Morpeko-Hangry||[from] ability: Hunger Switch\n|upkeep\n|turn|2\n|l|\u2606Rolfj\n|player|p1|\n|inactive|Battle timer is ON: inactive players will automatically lose when time's up. (requested by arukanu)\n|inactive|Rolfj has 30 seconds to reconnect!\n|inactive|Rolfj has 20 seconds to reconnect!\n|inactive|Rolfj has 15 seconds to reconnect!\n|inactive|Rolfj has 10 seconds to reconnect!\n|inactive|Rolfj has 5 seconds to reconnect!\n|-message|Rolfj lost due to inactivity.\n|\n|win|arukanu\n", "uploadtime": 1781452079, "views": 5, "formatid": "gen9randombattle", "rating": null, "private": 0, "password": null}