{"id": "gen9randombattle-2631508174", "format": "[Gen 9] Random Battle", "players": ["crustlemuscle", "fingerfonger"], "log": "|j|\u2606crustlemuscle\n|j|\u2606fingerfonger\n|t:|1781394094\n|gametype|singles\n|player|p1|crustlemuscle|102|1940\n|player|p2|fingerfonger|clerkf|2086\n|gen|9\n|tier|[Gen 9] Random Battle\n|rated|\n|rule|Species Clause: Limit one of each Pok\u00e9mon\n|rule|HP Percentage Mod: HP is shown in percentages\n|rule|Sleep Clause Mod: Limit one foe put to sleep\n|rule|Illusion Level Mod: Illusion disguises the Pok\u00e9mon's true level\n|\n|t:|1781394094\n|teamsize|p1|6\n|teamsize|p2|6\n|start\n|switch|p1a: Magearna|Magearna, L77|250/250\n|switch|p2a: Palossand|Palossand, L89, F|296/296\n|turn|1\n|inactive|Battle timer is ON: inactive players will automatically lose when time's up. (requested by fingerfonger)\n|inactive|crustlemuscle has 120 seconds left.\n|inactive|crustlemuscle has 90 seconds left.\n|inactive|crustlemuscle has 60 seconds left.\n|l|\u2606crustlemuscle\n|inactive|crustlemuscle disconnected and has a minute to reconnect!\n|player|p1|\n|inactive|crustlemuscle has 30 seconds left.\n|inactive|crustlemuscle has 20 seconds left.\n|inactive|crustlemuscle has 15 seconds left.\n|inactive|crustlemuscle has 10 seconds left.\n|inactive|crustlemuscle has 5 seconds left.\n|-message|crustlemuscle lost due to inactivity.\n|\n|win|fingerfonger\n", "uploadtime": 1781394095, "views": 4, "formatid": "gen9randombattle", "rating": null, "private": 0, "password": null}