{"id": "gen9randombattle-2631477959", "format": "[Gen 9] Random Battle", "players": ["Woahbub", "Jayjaythewtfplane"], "log": "|j|\u2606Woahbub\n|j|\u2606Jayjaythewtfplane\n|t:|1781389873\n|gametype|singles\n|player|p1|Woahbub|preschooler|1403\n|player|p2|Jayjaythewtfplane|170|1357\n|gen|9\n|tier|[Gen 9] Random Battle\n|rated|\n|rule|Species Clause: Limit one of each Pok\u00e9mon\n|rule|HP Percentage Mod: HP is shown in percentages\n|rule|Sleep Clause Mod: Limit one foe put to sleep\n|rule|Illusion Level Mod: Illusion disguises the Pok\u00e9mon's true level\n|\n|t:|1781389873\n|teamsize|p1|6\n|teamsize|p2|6\n|start\n|switch|p1a: Pincurchin|Pincurchin, M|258/258\n|switch|p2a: Thundurus|Thundurus-Therian, L80, M|258/258\n|-fieldstart|move: Electric Terrain|[from] ability: Electric Surge|[of] p1a: Pincurchin\n|turn|1\n|inactive|Battle timer is ON: inactive players will automatically lose when time's up. (requested by Woahbub)\n|\n|t:|1781389881\n|move|p2a: Thundurus|Nasty Plot|p2a: Thundurus\n|-boost|p2a: Thundurus|spa|2\n|move|p1a: Pincurchin|Curse|p1a: Pincurchin\n|-unboost|p1a: Pincurchin|spe|1\n|-boost|p1a: Pincurchin|atk|1\n|-boost|p1a: Pincurchin|def|1\n|\n|upkeep\n|turn|2\n|\n|t:|1781389894\n|move|p2a: Thundurus|Nasty Plot|p2a: Thundurus\n|-boost|p2a: Thundurus|spa|2\n|move|p1a: Pincurchin|Liquidation|p2a: Thundurus\n|-damage|p2a: Thundurus|87/258\n|\n|upkeep\n|turn|3\n|\n|t:|1781389900\n|move|p2a: Thundurus|Thunderbolt|p1a: Pincurchin\n|-resisted|p1a: Pincurchin\n|-damage|p1a: Pincurchin|99/258\n|move|p1a: Pincurchin|Liquidation|p2a: Thundurus\n|-damage|p2a: Thundurus|0 fnt\n|faint|p2a: Thundurus\n|\n|-heal|p1a: Pincurchin|115/258|[from] item: Leftovers\n|upkeep\n|c|\u2606Jayjaythewtfplane|showdown, you are a fucking cancer\n|n|\u203dJayjaythewtfplane|jayjaythewtfplane\n|c|~|/log Jayjaythewtfplane was locked from talking by Artemis. (\u2606Jayjaythewtfplane: showdown, you are a fucking cancer)\n|c|~|/raw <small>This action was done automatically. Want to learn more about the AI? <a href=\"https://www.smogon.com/forums/threads/3570628/#post-9056769\">Visit the information thread</a>.</small>\n|l|\u203dJayjaythewtfplane\n|inactive|Jayjaythewtfplane disconnected and has a minute to reconnect!\n|player|p2|\n|inactive|Jayjaythewtfplane has 30 seconds to reconnect!\n|inactive|Jayjaythewtfplane has 20 seconds to reconnect!\n|inactive|Jayjaythewtfplane has 15 seconds to reconnect!\n|inactive|Jayjaythewtfplane has 10 seconds to reconnect!\n|inactive|Jayjaythewtfplane has 5 seconds to reconnect!\n|-message|Jayjaythewtfplane lost due to inactivity.\n|\n|win|Woahbub\n", "uploadtime": 1781389914, "views": 2, "formatid": "gen9randombattle", "rating": null, "private": 0, "password": null}