{"id": "gen9randombattle-2631511033", "format": "[Gen 9] Random Battle", "players": ["MMF6G", "MandoWarrior"], "log": "|j|\u2606MMF6G\n|j|\u2606MandoWarrior\n|t:|1781394494\n|gametype|singles\n|player|p1|MMF6G|veteran|2047\n|player|p2|MandoWarrior|giovanni|2074\n|gen|9\n|tier|[Gen 9] Random Battle\n|rated|\n|rule|Species Clause: Limit one of each Pok\u00e9mon\n|rule|HP Percentage Mod: HP is shown in percentages\n|rule|Sleep Clause Mod: Limit one foe put to sleep\n|rule|Illusion Level Mod: Illusion disguises the Pok\u00e9mon's true level\n|\n|t:|1781394494\n|teamsize|p1|6\n|teamsize|p2|6\n|start\n|switch|p1a: Solgaleo|Solgaleo, L74|325/325\n|switch|p2a: Dondozo|Dondozo, L78, M|362/362\n|turn|1\n|inactive|Battle timer is ON: inactive players will automatically lose when time's up. (requested by MandoWarrior)\n|inactive|MMF6G also wants the timer to be on.\n|l|\u2606MMF6G\n|inactive|MMF6G disconnected and has a minute to reconnect!\n|player|p1|\n|j|\u2606MMF6G\n|inactive|MMF6G reconnected and has 120 seconds left.\n|player|p1|MMF6G|veteran|\n|\n|t:|1781394531\n|switch|p1a: Drifblim|Drifblim, L86, M|398/398\n|move|p2a: Dondozo|Curse|p2a: Dondozo\n|-unboost|p2a: Dondozo|spe|1\n|-boost|p2a: Dondozo|atk|1\n|-boost|p2a: Dondozo|def|1\n|\n|upkeep\n|turn|2\n|\n|t:|1781394536\n|switch|p2a: Ting-Lu|Ting-Lu, L78|370/370\n|-ability|p2a: Ting-Lu|Vessel of Ruin\n|move|p1a: Drifblim|Shadow Ball|p2a: Ting-Lu\n|-resisted|p2a: Ting-Lu\n|-damage|p2a: Ting-Lu|334/370\n|\n|-heal|p2a: Ting-Lu|357/370|[from] item: Leftovers\n|upkeep\n|turn|3\n|\n|t:|1781394547\n|switch|p1a: Conkeldurr|Conkeldurr, L80, F|299/299\n|move|p2a: Ting-Lu|Spikes|p1a: Conkeldurr\n|-sidestart|p1: MMF6G|Spikes\n|\n|-heal|p2a: Ting-Lu|370/370|[from] item: Leftovers\n|-status|p1a: Conkeldurr|brn|[from] item: Flame Orb\n|upkeep\n|turn|4\n|\n|t:|1781394553\n|switch|p2a: Whimsicott|Whimsicott, L84, M|238/238\n|move|p1a: Conkeldurr|Close Combat|p2a: Whimsicott\n|-resisted|p2a: Whimsicott\n|-damage|p2a: Whimsicott|112/238\n|-unboost|p1a: Conkeldurr|def|1\n|-unboost|p1a: Conkeldurr|spd|1\n|\n|-heal|p2a: Whimsicott|126/238|[from] item: Leftovers\n|-damage|p1a: Conkeldurr|281/299 brn|[from] brn\n|upkeep\n|turn|5\n|\n|t:|1781394561\n|switch|p1a: Solgaleo|Solgaleo, L74|325/325\n|-damage|p1a: Solgaleo|285/325|[from] Spikes\n|move|p2a: Whimsicott|Leech Seed|p1a: Solgaleo\n|-start|p1a: Solgaleo|move: Leech Seed\n|\n|-heal|p2a: Whimsicott|140/238|[from] item: Leftovers\n|-heal|p1a: Solgaleo|305/325|[from] item: Leftovers\n|-damage|p1a: Solgaleo|265/325|[from] Leech Seed|[of] p2a: Whimsicott\n|-heal|p2a: Whimsicott|180/238|[silent]\n|upkeep\n|turn|6\n|\n|t:|1781394567\n|switch|p2a: Ting-Lu|Ting-Lu, L78|370/370\n|-ability|p2a: Ting-Lu|Vessel of Ruin\n|move|p1a: Solgaleo|Sunsteel Strike|p2a: Ting-Lu\n|-damage|p2a: Ting-Lu|285/370\n|\n|-heal|p1a: Solgaleo|285/325|[from] item: Leftovers\n|-heal|p2a: Ting-Lu|308/370|[from] item: Leftovers\n|-damage|p1a: Solgaleo|245/325|[from] Leech Seed|[of] p2a: Ting-Lu\n|-heal|p2a: Ting-Lu|348/370|[silent]\n|upkeep\n|turn|7\n|\n|t:|1781394573\n|switch|p1a: Drifblim|Drifblim, L86, M|398/398\n|move|p2a: Ting-Lu|Whirlwind|p1a: Drifblim\n|drag|p1a: Torterra|Torterra, L78, M|276/276\n|-damage|p1a: Torterra|242/276|[from] Spikes\n|\n|-heal|p2a: Ting-Lu|370/370|[from] item: Leftovers\n|upkeep\n|turn|8\n|\n|t:|1781394582\n|switch|p1a: Drifblim|Drifblim, L86, M|398/398\n|switch|p2a: Tinkaton|Tinkaton, L82, F|274/274\n|-ability|p2a: Tinkaton|Mold Breaker\n|\n|upkeep\n|turn|9\n|\n|t:|1781394594\n|move|p2a: Tinkaton|Knock Off|p1a: Drifblim\n|-supereffective|p1a: Drifblim\n|-damage|p1a: Drifblim|216/398\n|-enditem|p1a: Drifblim|Heavy-Duty Boots|[from] move: Knock Off|[of] p2a: Tinkaton\n|move|p1a: Drifblim|Defog|p2a: Tinkaton\n|-unboost|p2a: Tinkaton|evasion|1\n|-sideend|p1: MMF6G|Spikes|[from] move: Defog|[of] p1a: Drifblim\n|\n|upkeep\n|turn|10\n|\n|t:|1781394597\n|move|p2a: Tinkaton|Gigaton Hammer|p1a: Drifblim\n|-damage|p1a: Drifblim|0 fnt\n|faint|p1a: Drifblim\n|\n|upkeep\n|\n|t:|1781394618\n|switch|p1a: Gyarados|Gyarados, L79, F|280/280\n|-ability|p1a: Gyarados|Intimidate|boost\n|-unboost|p2a: Tinkaton|atk|1\n|turn|11\n|\n|t:|1781394622\n|switch|p2a: Whimsicott|Whimsicott, L84, M|180/238\n|move|p1a: Gyarados|Dragon Dance|p1a: Gyarados\n|-boost|p1a: Gyarados|atk|1\n|-boost|p1a: Gyarados|spe|1\n|\n|-heal|p2a: Whimsicott|194/238|[from] item: Leftovers\n|upkeep\n|turn|12\n|\n|t:|1781394629\n|move|p2a: Whimsicott|Encore|p1a: Gyarados\n|-start|p1a: Gyarados|Encore\n|move|p1a: Gyarados|Dragon Dance|p1a: Gyarados\n|-boost|p1a: Gyarados|atk|1\n|-boost|p1a: Gyarados|spe|1\n|\n|-heal|p2a: Whimsicott|208/238|[from] item: Leftovers\n|upkeep\n|turn|13\n|\n|t:|1781394634\n|switch|p1a: Torterra|Torterra, L78, M|242/276\n|move|p2a: Whimsicott|Leech Seed|p1a: Torterra\n|-immune|p1a: Torterra\n|\n|-heal|p2a: Whimsicott|222/238|[from] item: Leftovers\n|upkeep\n|turn|14\n|\n|t:|1781394639\n|move|p2a: Whimsicott|Moonblast|p1a: Torterra\n|-damage|p1a: Torterra|146/276\n|-unboost|p1a: Torterra|spa|1\n|move|p1a: Torterra|Rock Blast|p2a: Whimsicott\n|-damage|p2a: Whimsicott|203/238\n|-damage|p2a: Whimsicott|185/238\n|-damage|p2a: Whimsicott|168/238\n|-damage|p2a: Whimsicott|150/238\n|-hitcount|p2a: Whimsicott|4\n|\n|-heal|p2a: Whimsicott|164/238|[from] item: Leftovers\n|upkeep\n|turn|15\n|\n|t:|1781394643\n|switch|p1a: Solgaleo|Solgaleo, L74|245/325\n|move|p2a: Whimsicott|Moonblast|p1a: Solgaleo\n|-resisted|p1a: Solgaleo\n|-damage|p1a: Solgaleo|196/325\n|\n|-heal|p2a: Whimsicott|178/238|[from] item: Leftovers\n|-heal|p1a: Solgaleo|216/325|[from] item: Leftovers\n|upkeep\n|turn|16\n|\n|t:|1781394647\n|switch|p2a: Ting-Lu|Ting-Lu, L78|370/370\n|-ability|p2a: Ting-Lu|Vessel of Ruin\n|move|p1a: Solgaleo|Morning Sun|p1a: Solgaleo\n|-heal|p1a: Solgaleo|325/325\n|\n|upkeep\n|turn|17\n|\n|t:|1781394666\n|switch|p1a: Conkeldurr|Conkeldurr, L80, F|281/299 brn\n|move|p2a: Ting-Lu|Spikes|p1a: Conkeldurr\n|-sidestart|p1: MMF6G|Spikes\n|\n|-damage|p1a: Conkeldurr|263/299 brn|[from] brn\n|upkeep\n|turn|18\n|\n|t:|1781394672\n|switch|p2a: Smeargle|Smeargle, L95, M|258/258\n|move|p1a: Conkeldurr|Knock Off|p2a: Smeargle\n|-damage|p2a: Smeargle|64/258\n|-enditem|p2a: Smeargle|Wide Lens|[from] move: Knock Off|[of] p1a: Conkeldurr\n|\n|-damage|p1a: Conkeldurr|245/299 brn|[from] brn\n|upkeep\n|turn|19\n|\n|t:|1781394676\n|move|p1a: Conkeldurr|Mach Punch|p2a: Smeargle\n|-supereffective|p2a: Smeargle\n|-damage|p2a: Smeargle|0 fnt\n|faint|p2a: Smeargle\n|\n|-damage|p1a: Conkeldurr|227/299 brn|[from] brn\n|upkeep\n|\n|t:|1781394678\n|switch|p2a: Whimsicott|Whimsicott, L84, M|178/238\n|turn|20\n|\n|t:|1781394682\n|move|p2a: Whimsicott|Leech Seed|p1a: Conkeldurr\n|-start|p1a: Conkeldurr|move: Leech Seed\n|move|p1a: Conkeldurr|Facade|p2a: Whimsicott\n|-damage|p2a: Whimsicott|0 fnt\n|faint|p2a: Whimsicott\n|\n|-damage|p1a: Conkeldurr|209/299 brn|[from] brn\n|upkeep\n|\n|t:|1781394688\n|switch|p2a: Golduck|Golduck, L90, M|290/290\n|-ability|p2a: Golduck|Cloud Nine\n|turn|21\n|\n|t:|1781394695\n|move|p2a: Golduck|Hydro Pump|p1a: Conkeldurr\n|-damage|p1a: Conkeldurr|0 fnt\n|faint|p1a: Conkeldurr\n|\n|upkeep\n|\n|t:|1781394709\n|switch|p1a: Gyarados|Gyarados, L79, F|280/280\n|-ability|p1a: Gyarados|Intimidate|boost\n|-unboost|p2a: Golduck|atk|1\n|turn|22\n|\n|t:|1781394711\n|switch|p2a: Dondozo|Dondozo, L78, M|362/362\n|move|p1a: Gyarados|Dragon Dance|p1a: Gyarados\n|-boost|p1a: Gyarados|atk|1\n|-boost|p1a: Gyarados|spe|1\n|\n|upkeep\n|turn|23\n|\n|t:|1781394715\n|move|p1a: Gyarados|Earthquake|p2a: Dondozo\n|-damage|p2a: Dondozo|289/362\n|move|p2a: Dondozo|Curse|p2a: Dondozo\n|-unboost|p2a: Dondozo|spe|1\n|-boost|p2a: Dondozo|atk|1\n|-boost|p2a: Dondozo|def|1\n|\n|-heal|p2a: Dondozo|311/362|[from] item: Leftovers\n|upkeep\n|turn|24\n|\n|t:|1781394719\n|switch|p1a: Torterra|Torterra, L78, M|146/276\n|-damage|p1a: Torterra|112/276|[from] Spikes\n|move|p2a: Dondozo|Curse|p2a: Dondozo\n|-unboost|p2a: Dondozo|spe|1\n|-boost|p2a: Dondozo|atk|1\n|-boost|p2a: Dondozo|def|1\n|\n|-heal|p2a: Dondozo|333/362|[from] item: Leftovers\n|upkeep\n|turn|25\n|\n|t:|1781394726\n|-terastallize|p1a: Torterra|Grass\n|move|p1a: Torterra|Shell Smash|p1a: Torterra\n|-unboost|p1a: Torterra|def|1\n|-unboost|p1a: Torterra|spd|1\n|-boost|p1a: Torterra|atk|2\n|-boost|p1a: Torterra|spa|2\n|-boost|p1a: Torterra|spe|2\n|move|p2a: Dondozo|Wave Crash|p1a: Torterra\n|-resisted|p1a: Torterra\n|-damage|p1a: Torterra|10/276\n|-damage|p2a: Dondozo|299/362|[from] Recoil\n|\n|-heal|p2a: Dondozo|321/362|[from] item: Leftovers\n|upkeep\n|turn|26\n|\n|t:|1781394728\n|move|p1a: Torterra|Bullet Seed|p2a: Dondozo\n|-supereffective|p2a: Dondozo\n|-damage|p2a: Dondozo|273/362\n|-supereffective|p2a: Dondozo\n|-damage|p2a: Dondozo|225/362\n|-supereffective|p2a: Dondozo\n|-damage|p2a: Dondozo|177/362\n|-supereffective|p2a: Dondozo\n|-damage|p2a: Dondozo|133/362\n|-supereffective|p2a: Dondozo\n|-damage|p2a: Dondozo|89/362\n|-hitcount|p2a: Dondozo|5\n|move|p2a: Dondozo|Wave Crash|p1a: Torterra\n|-resisted|p1a: Torterra\n|-damage|p1a: Torterra|0 fnt\n|faint|p1a: Torterra\n|-damage|p2a: Dondozo|86/362|[from] Recoil\n|\n|-heal|p2a: Dondozo|108/362|[from] item: Leftovers\n|upkeep\n|\n|t:|1781394744\n|switch|p1a: Rampardos|Rampardos, L90, F|321/321\n|-damage|p1a: Rampardos|281/321|[from] Spikes\n|turn|27\n|\n|t:|1781394750\n|switch|p2a: Ting-Lu|Ting-Lu, L78|370/370\n|-ability|p2a: Ting-Lu|Vessel of Ruin\n|move|p1a: Rampardos|Rock Slide|p2a: Ting-Lu\n|-resisted|p2a: Ting-Lu\n|-damage|p2a: Ting-Lu|273/370\n|\n|-heal|p2a: Ting-Lu|296/370|[from] item: Leftovers\n|upkeep\n|turn|28\n|\n|t:|1781394756\n|move|p1a: Rampardos|Fire Punch|p2a: Ting-Lu\n|-damage|p2a: Ting-Lu|162/370\n|move|p2a: Ting-Lu|Spikes|p1a: Rampardos\n|-sidestart|p1: MMF6G|Spikes\n|\n|-heal|p2a: Ting-Lu|185/370|[from] item: Leftovers\n|upkeep\n|turn|29\n|\n|t:|1781394763\n|switch|p1a: Gyarados|Gyarados, L79, F|280/280\n|-ability|p1a: Gyarados|Intimidate|boost\n|-unboost|p2a: Ting-Lu|atk|1\n|move|p2a: Ting-Lu|Earthquake|p1a: Gyarados\n|-immune|p1a: Gyarados\n|\n|-heal|p2a: Ting-Lu|208/370|[from] item: Leftovers\n|upkeep\n|turn|30\n|\n|t:|1781394765\n|move|p1a: Gyarados|Dragon Dance|p1a: Gyarados\n|-boost|p1a: Gyarados|atk|1\n|-boost|p1a: Gyarados|spe|1\n|move|p2a: Ting-Lu|Whirlwind|p1a: Gyarados\n|drag|p1a: Rampardos|Rampardos, L90, F|281/321\n|-damage|p1a: Rampardos|228/321|[from] Spikes\n|\n|-heal|p2a: Ting-Lu|231/370|[from] item: Leftovers\n|upkeep\n|turn|31\n|\n|t:|1781394770\n|move|p1a: Rampardos|Fire Punch|p2a: Ting-Lu\n|-damage|p2a: Ting-Lu|92/370\n|move|p2a: Ting-Lu|Earthquake|p1a: Rampardos\n|-supereffective|p1a: Rampardos\n|-damage|p1a: Rampardos|48/321\n|\n|-heal|p2a: Ting-Lu|115/370|[from] item: Leftovers\n|upkeep\n|turn|32\n|\n|t:|1781394775\n|move|p1a: Rampardos|Fire Punch|p2a: Ting-Lu\n|-damage|p2a: Ting-Lu|0 fnt\n|faint|p2a: Ting-Lu\n|\n|upkeep\n|\n|t:|1781394777\n|switch|p2a: Tinkaton|Tinkaton, L82, F|274/274\n|-ability|p2a: Tinkaton|Mold Breaker\n|turn|33\n|\n|t:|1781394785\n|move|p2a: Tinkaton|Knock Off|p1a: Rampardos\n|-damage|p1a: Rampardos|0 fnt\n|-enditem|p1a: Rampardos|Life Orb|[from] move: Knock Off|[of] p2a: Tinkaton\n|faint|p1a: Rampardos\n|\n|upkeep\n|\n|t:|1781394801\n|switch|p1a: Gyarados|Gyarados, L79, F|280/280\n|-ability|p1a: Gyarados|Intimidate|boost\n|-unboost|p2a: Tinkaton|atk|1\n|turn|34\n|\n|t:|1781394816\n|move|p2a: Tinkaton|Knock Off|p1a: Gyarados\n|-damage|p1a: Gyarados|238/280\n|-enditem|p1a: Gyarados|Heavy-Duty Boots|[from] move: Knock Off|[of] p2a: Tinkaton\n|move|p1a: Gyarados|Dragon Dance|p1a: Gyarados\n|-boost|p1a: Gyarados|atk|1\n|-boost|p1a: Gyarados|spe|1\n|\n|upkeep\n|turn|35\n|\n|t:|1781394824\n|move|p1a: Gyarados|Dragon Dance|p1a: Gyarados\n|-boost|p1a: Gyarados|atk|1\n|-boost|p1a: Gyarados|spe|1\n|move|p2a: Tinkaton|Gigaton Hammer|p1a: Gyarados\n|-resisted|p1a: Gyarados\n|-damage|p1a: Gyarados|190/280\n|\n|upkeep\n|turn|36\n|\n|t:|1781394835\n|move|p1a: Gyarados|Earthquake|p2a: Tinkaton\n|-supereffective|p2a: Tinkaton\n|-damage|p2a: Tinkaton|0 fnt\n|faint|p2a: Tinkaton\n|\n|upkeep\n|\n|t:|1781394837\n|switch|p2a: Dondozo|Dondozo, L78, M|108/362\n|turn|37\n|\n|t:|1781394840\n|move|p1a: Gyarados|Earthquake|p2a: Dondozo\n|-damage|p2a: Dondozo|42/362\n|move|p2a: Dondozo|Rest|p2a: Dondozo\n|-status|p2a: Dondozo|slp|[from] move: Rest\n|-heal|p2a: Dondozo|362/362 slp|[silent]\n|\n|upkeep\n|turn|38\n|\n|t:|1781394847\n|move|p1a: Gyarados|Earthquake|p2a: Dondozo\n|-damage|p2a: Dondozo|292/362 slp\n|cant|p2a: Dondozo|slp\n|move|p2a: Dondozo|Sleep Talk|p2a: Dondozo\n|move|p2a: Dondozo|Wave Crash|p1a: Gyarados|[from] move: Sleep Talk\n|-resisted|p1a: Gyarados\n|-damage|p1a: Gyarados|119/280\n|-damage|p2a: Dondozo|269/362 slp|[from] Recoil\n|\n|-heal|p2a: Dondozo|291/362 slp|[from] item: Leftovers\n|upkeep\n|turn|39\n|\n|t:|1781394849\n|move|p1a: Gyarados|Earthquake|p2a: Dondozo\n|-damage|p2a: Dondozo|222/362 slp\n|cant|p2a: Dondozo|slp\n|move|p2a: Dondozo|Sleep Talk|p2a: Dondozo\n|move|p2a: Dondozo|Wave Crash|p1a: Gyarados|[from] move: Sleep Talk\n|-resisted|p1a: Gyarados\n|-damage|p1a: Gyarados|50/280\n|-damage|p2a: Dondozo|199/362 slp|[from] Recoil\n|\n|-heal|p2a: Dondozo|221/362 slp|[from] item: Leftovers\n|upkeep\n|turn|40\n|\n|t:|1781394852\n|move|p1a: Gyarados|Earthquake|p2a: Dondozo\n|-damage|p2a: Dondozo|152/362 slp\n|-curestatus|p2a: Dondozo|slp|[msg]\n|move|p2a: Dondozo|Rest|p2a: Dondozo\n|-status|p2a: Dondozo|slp|[from] move: Rest\n|-heal|p2a: Dondozo|362/362 slp|[silent]\n|\n|upkeep\n|turn|41\n|\n|t:|1781394854\n|move|p1a: Gyarados|Earthquake|p2a: Dondozo\n|-damage|p2a: Dondozo|295/362 slp\n|cant|p2a: Dondozo|slp\n|move|p2a: Dondozo|Sleep Talk|p2a: Dondozo\n|move|p2a: Dondozo|Curse|p2a: Dondozo|[from] move: Sleep Talk\n|-unboost|p2a: Dondozo|spe|1\n|-boost|p2a: Dondozo|atk|1\n|-boost|p2a: Dondozo|def|1\n|\n|-heal|p2a: Dondozo|317/362 slp|[from] item: Leftovers\n|upkeep\n|turn|42\n|\n|t:|1781394856\n|move|p1a: Gyarados|Earthquake|p2a: Dondozo\n|-damage|p2a: Dondozo|274/362 slp\n|cant|p2a: Dondozo|slp\n|move|p2a: Dondozo|Sleep Talk|p2a: Dondozo\n|move|p2a: Dondozo|Curse|p2a: Dondozo|[from] move: Sleep Talk\n|-unboost|p2a: Dondozo|spe|1\n|-boost|p2a: Dondozo|atk|1\n|-boost|p2a: Dondozo|def|1\n|\n|-heal|p2a: Dondozo|296/362 slp|[from] item: Leftovers\n|upkeep\n|turn|43\n|\n|t:|1781394858\n|move|p1a: Gyarados|Earthquake|p2a: Dondozo\n|-damage|p2a: Dondozo|265/362 slp\n|-curestatus|p2a: Dondozo|slp|[msg]\n|move|p2a: Dondozo|Wave Crash|p1a: Gyarados\n|-resisted|p1a: Gyarados\n|-damage|p1a: Gyarados|0 fnt\n|faint|p1a: Gyarados\n|-damage|p2a: Dondozo|248/362|[from] Recoil\n|\n|-heal|p2a: Dondozo|270/362|[from] item: Leftovers\n|upkeep\n|-message|MMF6G forfeited.\n|\n|win|MandoWarrior\n", "uploadtime": 1781394495, "views": 3, "formatid": "gen9randombattle", "rating": null, "private": 0, "password": null}