{"id": "gen9randombattle-2631533065", "format": "[Gen 9] Random Battle", "players": ["iv4nch0", "Dar Karma15"], "log": "|j|\u2606iv4nch0\n|j|\u2606Dar Karma15\n|t:|1781397622\n|gametype|singles\n|player|p1|iv4nch0|steven|1000\n|player|p2|Dar Karma15|benga|1049\n|gen|9\n|tier|[Gen 9] Random Battle\n|rated|\n|rule|Species Clause: Limit one of each Pok\u00e9mon\n|rule|HP Percentage Mod: HP is shown in percentages\n|rule|Sleep Clause Mod: Limit one foe put to sleep\n|rule|Illusion Level Mod: Illusion disguises the Pok\u00e9mon's true level\n|\n|t:|1781397622\n|teamsize|p1|6\n|teamsize|p2|6\n|start\n|switch|p1a: Oranguru|Oranguru, L92, F|315/315\n|switch|p2a: Comfey|Comfey, L85, F|225/225\n|turn|1\n|inactive|Battle timer is ON: inactive players will automatically lose when time's up. (requested by iv4nch0)\n|inactive|iv4nch0 has 120 seconds left.\n|inactive|Dar Karma15 has 120 seconds left.\n|inactive|iv4nch0 has 90 seconds left.\n|inactive|iv4nch0 has 60 seconds left.\n|inactive|iv4nch0 has 30 seconds left.\n|inactive|iv4nch0 has 20 seconds left.\n|inactive|iv4nch0 has 15 seconds left.\n|inactive|iv4nch0 has 10 seconds left.\n|inactive|iv4nch0 has 5 seconds left.\n|-message|iv4nch0 lost due to inactivity.\n|\n|win|Dar Karma15\n|raw|iv4nch0's rating: 1000 &rarr; <strong>1000</strong><br />(+0 for losing)\n|raw|Dar Karma15's rating: 1049 &rarr; <strong>1077</strong><br />(+28 for winning)\n", "uploadtime": 1781397786, "views": 5, "formatid": "gen9randombattle", "rating": 1000, "private": 0, "password": null}