{"id": "gen9randombattle-2631462026", "format": "[Gen 9] Random Battle", "players": ["Fortre", "Cygnus11235"], "log": "|j|\u2606Fortre\n|j|\u2606Cygnus11235\n|t:|1781387630\n|gametype|singles\n|player|p1|Fortre|1|1966\n|player|p2|Cygnus11235|170|1983\n|gen|9\n|tier|[Gen 9] Random Battle\n|rated|\n|rule|Species Clause: Limit one of each Pok\u00e9mon\n|rule|HP Percentage Mod: HP is shown in percentages\n|rule|Sleep Clause Mod: Limit one foe put to sleep\n|rule|Illusion Level Mod: Illusion disguises the Pok\u00e9mon's true level\n|\n|t:|1781387630\n|teamsize|p1|6\n|teamsize|p2|6\n|start\n|switch|p1a: Azelf|Azelf, L82|257/257\n|switch|p2a: Latias|Latias, L79, F|256/256\n|turn|1\n|\n|t:|1781387638\n|move|p1a: Azelf|Nasty Plot|p1a: Azelf\n|-boost|p1a: Azelf|spa|2\n|move|p2a: Latias|Calm Mind|p2a: Latias\n|-boost|p2a: Latias|spa|1\n|-boost|p2a: Latias|spd|1\n|\n|upkeep\n|turn|2\n|\n|t:|1781387651\n|move|p1a: Azelf|Dazzling Gleam|p2a: Latias\n|-supereffective|p2a: Latias\n|-damage|p2a: Latias|82/256\n|-damage|p1a: Azelf|232/257|[from] item: Life Orb\n|move|p2a: Latias|Calm Mind|p2a: Latias\n|-boost|p2a: Latias|spa|1\n|-boost|p2a: Latias|spd|1\n|\n|upkeep\n|turn|3\n|\n|t:|1781387655\n|-terastallize|p2a: Latias|Steel\n|move|p1a: Azelf|Psyshock|p2a: Latias\n|-resisted|p2a: Latias\n|-damage|p2a: Latias|0 fnt\n|faint|p2a: Latias\n|-damage|p1a: Azelf|207/257|[from] item: Life Orb\n|\n|upkeep\n|-message|Cygnus11235 forfeited.\n|\n|win|Fortre\n", "uploadtime": 1781387631, "views": 8, "formatid": "gen9randombattle", "rating": null, "private": 0, "password": null}