{"id": "gen9randombattle-2632020546", "format": "[Gen 9] Random Battle", "players": ["LeandroBed2008", "TSM-Virgil"], "log": "|j|\u2606LeandroBed2008\n|j|\u2606TSM-Virgil\n|t:|1781466743\n|gametype|singles\n|player|p1|LeandroBed2008|1|2091\n|player|p2|TSM-Virgil|acetrainer|2064\n|gen|9\n|tier|[Gen 9] Random Battle\n|rated|\n|rule|Species Clause: Limit one of each Pok\u00e9mon\n|rule|HP Percentage Mod: HP is shown in percentages\n|rule|Sleep Clause Mod: Limit one foe put to sleep\n|rule|Illusion Level Mod: Illusion disguises the Pok\u00e9mon's true level\n|\n|t:|1781466743\n|teamsize|p1|6\n|teamsize|p2|6\n|start\n|switch|p1a: Vikavolt|Vikavolt, L83, M|263/263\n|switch|p2a: Dachsbun|Dachsbun, L92, M|254/254\n|turn|1\n|inactive|Battle timer is ON: inactive players will automatically lose when time's up. (requested by TSM-Virgil)\n|\n|t:|1781466748\n|switch|p2a: Emboar|Emboar, L84, F|322/322\n|move|p1a: Vikavolt|Thunderbolt|p2a: Emboar\n|-damage|p2a: Emboar|160/322\n|\n|upkeep\n|turn|2\n|\n|t:|1781466751\n|switch|p1a: Dondozo|Dondozo, L78, M|362/362\n|move|p2a: Emboar|Flare Blitz|p1a: Dondozo\n|-resisted|p1a: Dondozo\n|-damage|p1a: Dondozo|237/362\n|-damage|p2a: Emboar|119/322|[from] Recoil\n|\n|-heal|p1a: Dondozo|259/362|[from] item: Leftovers\n|upkeep\n|turn|3\n|\n|t:|1781466755\n|switch|p2a: Cacturne|Cacturne, L92, M|278/278\n|switch|p1a: Vikavolt|Vikavolt, L83, M|263/263\n|\n|upkeep\n|turn|4\n|\n|t:|1781466763\n|switch|p2a: Emboar|Emboar, L84, F|119/322\n|move|p1a: Vikavolt|Bug Buzz|p2a: Emboar\n|-resisted|p2a: Emboar\n|-damage|p2a: Emboar|76/322\n|\n|upkeep\n|turn|5\n|\n|t:|1781466766\n|move|p2a: Emboar|Head Smash|p1a: Vikavolt\n|-supereffective|p1a: Vikavolt\n|-crit|p1a: Vikavolt\n|-damage|p1a: Vikavolt|0 fnt\n|faint|p1a: Vikavolt\n|-damage|p2a: Emboar|0 fnt|[from] Recoil\n|faint|p2a: Emboar\n|\n|upkeep\n|\n|t:|1781466770\n|switch|p2a: Deoxys|Deoxys, L74|196/196\n|switch|p1a: Mudsdale|Mudsdale, L83, F|302/302\n|-ability|p2a: Deoxys|Pressure\n|turn|6\n|\n|t:|1781466775\n|-terastallize|p1a: Mudsdale|Steel\n|move|p2a: Deoxys|Psycho Boost|p1a: Mudsdale\n|-resisted|p1a: Mudsdale\n|-damage|p1a: Mudsdale|182/302\n|-unboost|p2a: Deoxys|spa|2\n|-ability|p1a: Mudsdale|Stamina|boost\n|-boost|p1a: Mudsdale|def|1\n|-damage|p2a: Deoxys|177/196|[from] item: Life Orb\n|move|p1a: Mudsdale|Heavy Slam|p2a: Deoxys\n|-damage|p2a: Deoxys|0 fnt\n|faint|p2a: Deoxys\n|\n|-heal|p1a: Mudsdale|200/302|[from] item: Leftovers\n|upkeep\n|\n|t:|1781466786\n|switch|p2a: Dudunsparce|Dudunsparce, L83, F|343/343\n|turn|7\n|\n|t:|1781466794\n|move|p2a: Dudunsparce|Calm Mind|p2a: Dudunsparce\n|-boost|p2a: Dudunsparce|spa|1\n|-boost|p2a: Dudunsparce|spd|1\n|move|p1a: Mudsdale|Heavy Slam|p2a: Dudunsparce\n|-damage|p2a: Dudunsparce|168/343\n|\n|-heal|p2a: Dudunsparce|189/343|[from] item: Leftovers\n|-heal|p1a: Mudsdale|218/302|[from] item: Leftovers\n|upkeep\n|turn|8\n|\n|t:|1781466807\n|move|p2a: Dudunsparce|Earth Power|p1a: Mudsdale\n|-supereffective|p1a: Mudsdale\n|-damage|p1a: Mudsdale|54/302\n|-ability|p1a: Mudsdale|Stamina|boost\n|-boost|p1a: Mudsdale|def|1\n|move|p1a: Mudsdale|Heavy Slam|p2a: Dudunsparce\n|-damage|p2a: Dudunsparce|15/343\n|\n|-heal|p2a: Dudunsparce|36/343|[from] item: Leftovers\n|-heal|p1a: Mudsdale|72/302|[from] item: Leftovers\n|upkeep\n|turn|9\n|\n|t:|1781466810\n|move|p2a: Dudunsparce|Boomburst|p1a: Mudsdale\n|-resisted|p1a: Mudsdale\n|-crit|p1a: Mudsdale\n|-damage|p1a: Mudsdale|0 fnt\n|faint|p1a: Mudsdale\n|\n|-heal|p2a: Dudunsparce|57/343|[from] item: Leftovers\n|upkeep\n|\n|t:|1781466820\n|switch|p1a: Perrserker|Perrserker, L89, M|269/269\n|turn|10\n|\n|t:|1781466830\n|move|p1a: Perrserker|Iron Head|p2a: Dudunsparce\n|-damage|p2a: Dudunsparce|0 fnt\n|faint|p2a: Dudunsparce\n|\n|upkeep\n|\n|t:|1781466831\n|switch|p2a: Swampert|Swampert, L83, F|302/302\n|turn|11\n|\n|t:|1781466838\n|switch|p1a: Bellossom|Bellossom, L84, M|263/263\n|move|p2a: Swampert|Earthquake|p1a: Bellossom\n|-resisted|p1a: Bellossom\n|-damage|p1a: Bellossom|206/263\n|\n|-heal|p1a: Bellossom|222/263|[from] item: Leftovers\n|upkeep\n|turn|12\n|\n|t:|1781466848\n|switch|p2a: Dachsbun|Dachsbun, L92, M|254/254\n|move|p1a: Bellossom|Quiver Dance|p1a: Bellossom\n|-boost|p1a: Bellossom|spa|1\n|-boost|p1a: Bellossom|spd|1\n|-boost|p1a: Bellossom|spe|1\n|\n|-heal|p1a: Bellossom|238/263|[from] item: Leftovers\n|upkeep\n|turn|13\n|\n|t:|1781466856\n|move|p2a: Dachsbun|Yawn|p1a: Bellossom\n|-start|p1a: Bellossom|move: Yawn|[of] p2a: Dachsbun\n|move|p1a: Bellossom|Quiver Dance|p1a: Bellossom\n|-boost|p1a: Bellossom|spa|1\n|-boost|p1a: Bellossom|spd|1\n|-boost|p1a: Bellossom|spe|1\n|\n|-heal|p1a: Bellossom|254/263|[from] item: Leftovers\n|upkeep\n|turn|14\n|\n|t:|1781466871\n|move|p1a: Bellossom|Quiver Dance|p1a: Bellossom\n|-boost|p1a: Bellossom|spa|1\n|-boost|p1a: Bellossom|spd|1\n|-boost|p1a: Bellossom|spe|1\n|move|p2a: Dachsbun|Play Rough|p1a: Bellossom\n|-damage|p1a: Bellossom|160/263\n|\n|-heal|p1a: Bellossom|176/263|[from] item: Leftovers\n|-end|p1a: Bellossom|move: Yawn|[silent]\n|-status|p1a: Bellossom|slp\n|upkeep\n|turn|15\n|\n|t:|1781466885\n|switch|p2a: Swampert|Swampert, L83, F|302/302\n|cant|p1a: Bellossom|slp\n|\n|-heal|p1a: Bellossom|192/263 slp|[from] item: Leftovers\n|upkeep\n|turn|16\n|\n|t:|1781466889\n|cant|p1a: Bellossom|slp\n|move|p2a: Swampert|Roar|p1a: Bellossom\n|drag|p1a: Perrserker|Perrserker, L89, M|269/269\n|\n|upkeep\n|turn|17\n|\n|t:|1781466894\n|switch|p1a: Dondozo|Dondozo, L78, M|259/362\n|move|p2a: Swampert|Earthquake|p1a: Dondozo\n|-damage|p1a: Dondozo|156/362\n|\n|-heal|p1a: Dondozo|178/362|[from] item: Leftovers\n|upkeep\n|turn|18\n|\n|t:|1781466898\n|switch|p2a: Cacturne|Cacturne, L92, M|278/278\n|move|p1a: Dondozo|Curse|p1a: Dondozo\n|-unboost|p1a: Dondozo|spe|1\n|-boost|p1a: Dondozo|atk|1\n|-boost|p1a: Dondozo|def|1\n|\n|-heal|p1a: Dondozo|200/362|[from] item: Leftovers\n|upkeep\n|turn|19\n|\n|t:|1781466901\n|move|p2a: Cacturne|Swords Dance|p2a: Cacturne\n|-boost|p2a: Cacturne|atk|2\n|move|p1a: Dondozo|Wave Crash|p2a: Cacturne\n|-immune|p2a: Cacturne|[from] ability: Water Absorb\n|\n|-heal|p1a: Dondozo|222/362|[from] item: Leftovers\n|upkeep\n|turn|20\n|\n|t:|1781466904\n|switch|p1a: Perrserker|Perrserker, L89, M|269/269\n|move|p2a: Cacturne|Swords Dance|p2a: Cacturne\n|-boost|p2a: Cacturne|atk|2\n|\n|upkeep\n|turn|21\n|\n|t:|1781466909\n|-terastallize|p2a: Cacturne|Dark\n|move|p2a: Cacturne|Knock Off|p1a: Perrserker\n|-damage|p1a: Perrserker|0 fnt\n|-enditem|p1a: Perrserker|Choice Band|[from] move: Knock Off|[of] p2a: Cacturne\n|faint|p1a: Perrserker\n|-damage|p2a: Cacturne|251/278|[from] item: Life Orb\n|\n|upkeep\n|-message|LeandroBed2008 forfeited.\n|\n|win|TSM-Virgil\n", "uploadtime": 1781466745, "views": 2, "formatid": "gen9randombattle", "rating": null, "private": 0, "password": null}