{"id": "gen9randombattle-2631706313", "format": "[Gen 9] Random Battle", "players": ["bimiuchiratnhieu", "yuwan23221"], "log": "|j|\u2606bimiuchiratnhieu\n|j|\u2606yuwan23221\n|t:|1781425580\n|gametype|singles\n|player|p1|bimiuchiratnhieu|hilda|2080\n|player|p2|yuwan23221|170|2109\n|gen|9\n|tier|[Gen 9] Random Battle\n|rated|\n|rule|Species Clause: Limit one of each Pok\u00e9mon\n|rule|HP Percentage Mod: HP is shown in percentages\n|rule|Sleep Clause Mod: Limit one foe put to sleep\n|rule|Illusion Level Mod: Illusion disguises the Pok\u00e9mon's true level\n|\n|t:|1781425580\n|teamsize|p1|6\n|teamsize|p2|6\n|start\n|switch|p1a: Stonjourner|Stonjourner, L91, M|330/330\n|switch|p2a: Squawkabilly|Squawkabilly, L85, F|278/278\n|turn|1\n|inactive|Battle timer is ON: inactive players will automatically lose when time's up. (requested by bimiuchiratnhieu)\n|\n|t:|1781425594\n|move|p2a: Squawkabilly|U-turn|p1a: Stonjourner\n|-damage|p1a: Stonjourner|298/330\n|\n|t:|1781425599\n|switch|p2a: Pawmot|Pawmot, L80, M|243/243|[from] U-turn\n|move|p1a: Stonjourner|Rock Polish|p1a: Stonjourner\n|-boost|p1a: Stonjourner|spe|2\n|\n|upkeep\n|turn|2\n|\n|t:|1781425608\n|switch|p2a: Zapdos|Zapdos-Galar, L77|265/265\n|move|p1a: Stonjourner|Earthquake|p2a: Zapdos\n|-immune|p2a: Zapdos\n|\n|upkeep\n|turn|3\n|\n|t:|1781425618\n|move|p1a: Stonjourner|Stone Edge|p2a: Zapdos\n|-damage|p2a: Zapdos|53/265\n|-damage|p1a: Stonjourner|265/330|[from] item: Life Orb\n|move|p2a: Zapdos|Close Combat|p1a: Stonjourner\n|-supereffective|p1a: Stonjourner\n|-damage|p1a: Stonjourner|89/330\n|-unboost|p2a: Zapdos|def|1\n|-unboost|p2a: Zapdos|spd|1\n|\n|upkeep\n|turn|4\n|\n|t:|1781425624\n|move|p1a: Stonjourner|Heat Crash|p2a: Zapdos\n|-damage|p2a: Zapdos|0 fnt\n|faint|p2a: Zapdos\n|-damage|p1a: Stonjourner|56/330|[from] item: Life Orb\n|\n|upkeep\n|\n|t:|1781425641\n|switch|p2a: Pawmot|Pawmot, L80, M|243/243\n|turn|5\n|\n|t:|1781425654\n|move|p1a: Stonjourner|Earthquake|p2a: Pawmot\n|-supereffective|p2a: Pawmot\n|-damage|p2a: Pawmot|0 fnt\n|faint|p2a: Pawmot\n|-damage|p1a: Stonjourner|23/330|[from] item: Life Orb\n|\n|upkeep\n|\n|t:|1781425665\n|switch|p2a: Dragalge|Dragalge, L88, F|258/258\n|turn|6\n|\n|t:|1781425674\n|switch|p2a: Squawkabilly|Squawkabilly, L85, F|278/278\n|move|p1a: Stonjourner|Earthquake|p2a: Squawkabilly\n|-immune|p2a: Squawkabilly\n|\n|-status|p2a: Squawkabilly|brn|[from] item: Flame Orb\n|upkeep\n|turn|7\n|\n|t:|1781425678\n|move|p2a: Squawkabilly|Quick Attack|p1a: Stonjourner\n|-resisted|p1a: Stonjourner\n|-damage|p1a: Stonjourner|2/330\n|move|p1a: Stonjourner|Stone Edge|p2a: Squawkabilly\n|-supereffective|p2a: Squawkabilly\n|-crit|p2a: Squawkabilly\n|-damage|p2a: Squawkabilly|0 fnt\n|faint|p2a: Squawkabilly\n|-damage|p1a: Stonjourner|0 fnt|[from] item: Life Orb\n|faint|p1a: Stonjourner\n|\n|upkeep\n|\n|t:|1781425686\n|switch|p2a: Dragalge|Dragalge, L88, F|258/258\n|switch|p1a: Dragapult|Dragapult, L77, M|262/262\n|turn|8\n|\n|t:|1781425689\n|move|p1a: Dragapult|Draco Meteor|p2a: Dragalge\n|-supereffective|p2a: Dragalge\n|-damage|p2a: Dragalge|12/258\n|-unboost|p1a: Dragapult|spa|2\n|move|p2a: Dragalge|Draco Meteor|p1a: Dragapult\n|-supereffective|p1a: Dragapult\n|-damage|p1a: Dragapult|0 fnt\n|-unboost|p2a: Dragalge|spa|2\n|faint|p1a: Dragapult\n|\n|-heal|p2a: Dragalge|28/258|[from] item: Leftovers\n|upkeep\n|\n|t:|1781425703\n|switch|p1a: Zangoose|Zangoose, L85, F|263/263\n|turn|9\n|\n|t:|1781425710\n|move|p1a: Zangoose|Facade|p2a: Dragalge\n|-damage|p2a: Dragalge|0 fnt\n|faint|p2a: Dragalge\n|\n|-status|p1a: Zangoose|tox|[from] item: Toxic Orb\n|upkeep\n|\n|t:|1781425715\n|switch|p2a: Weavile|Weavile, L79, M|240/240\n|turn|10\n|\n|t:|1781425731\n|-terastallize|p2a: Weavile|Ice\n|move|p2a: Weavile|Triple Axel|p1a: Zangoose\n|-damage|p1a: Zangoose|225/263 tox\n|-damage|p1a: Zangoose|143/263 tox\n|-damage|p1a: Zangoose|31/263 tox\n|-hitcount|p1a: Zangoose|3\n|move|p1a: Zangoose|Facade|p2a: Weavile\n|-damage|p2a: Weavile|0 fnt\n|faint|p2a: Weavile\n|\n|-damage|p1a: Zangoose|15/263 tox|[from] psn\n|upkeep\n|-message|yuwan23221 forfeited.\n|\n|win|bimiuchiratnhieu\n", "uploadtime": 1781425583, "views": 4, "formatid": "gen9randombattle", "rating": null, "private": 0, "password": null}