{"id": "gen9randombattle-2631926928", "format": "[Gen 9] Random Battle", "players": ["pikaerino", "AidsBasket"], "log": "|j|\u2606pikaerino\n|j|\u2606AidsBasket\n|t:|1781456455\n|gametype|singles\n|player|p1|pikaerino|ingo|1924\n|player|p2|AidsBasket|pilot|1903\n|gen|9\n|tier|[Gen 9] Random Battle\n|rated|\n|rule|Species Clause: Limit one of each Pok\u00e9mon\n|rule|HP Percentage Mod: HP is shown in percentages\n|rule|Sleep Clause Mod: Limit one foe put to sleep\n|rule|Illusion Level Mod: Illusion disguises the Pok\u00e9mon's true level\n|\n|t:|1781456455\n|teamsize|p1|6\n|teamsize|p2|6\n|start\n|switch|p1a: Meganium|Meganium, L90, F|290/290\n|switch|p2a: Smeargle|Smeargle, L95, F|258/258\n|turn|1\n|inactive|Battle timer is ON: inactive players will automatically lose when time's up. (requested by pikaerino)\n|inactive|AidsBasket also wants the timer to be on.\n|\n|t:|1781456470\n|switch|p2a: Chandelure|Chandelure, L83, F|235/235\n|move|p1a: Meganium|Knock Off|p2a: Chandelure\n|-supereffective|p2a: Chandelure\n|-damage|p2a: Chandelure|103/235\n|-enditem|p2a: Chandelure|Choice Scarf|[from] move: Knock Off|[of] p1a: Meganium\n|\n|upkeep\n|turn|2\n|\n|t:|1781456483\n|move|p1a: Meganium|Earthquake|p2a: Chandelure\n|-supereffective|p2a: Chandelure\n|-damage|p2a: Chandelure|0 fnt\n|faint|p2a: Chandelure\n|\n|upkeep\n|-message|AidsBasket forfeited.\n|\n|win|pikaerino\n|raw|pikaerino's rating: 1924 &rarr; <strong>1943</strong><br />(+19 for winning)\n|raw|AidsBasket's rating: 1903 &rarr; <strong>1884</strong><br />(-19 for losing)\n", "uploadtime": 1781456457, "views": 3, "formatid": "gen9randombattle", "rating": 1884, "private": 0, "password": null}