{"id": "gen9randombattle-2631504150", "format": "[Gen 9] Random Battle", "players": ["hddhgdydhdhdd", "Mystifromhh"], "log": "|j|\u2606hddhgdydhdhdd\n|j|\u2606Mystifromhh\n|t:|1781393542\n|gametype|singles\n|player|p1|hddhgdydhdhdd|265|1078\n|player|p2|Mystifromhh|flannery|1028\n|gen|9\n|tier|[Gen 9] Random Battle\n|rated|\n|rule|Species Clause: Limit one of each Pok\u00e9mon\n|rule|HP Percentage Mod: HP is shown in percentages\n|rule|Sleep Clause Mod: Limit one foe put to sleep\n|rule|Illusion Level Mod: Illusion disguises the Pok\u00e9mon's true level\n|\n|t:|1781393542\n|teamsize|p1|6\n|teamsize|p2|6\n|start\n|switch|p1a: Ursaluna|Ursaluna-Bloodmoon, L79, M|308/308\n|switch|p2a: Zebstrika|Zebstrika, L87, F|272/272\n|turn|1\n|\n|t:|1781393564\n|move|p2a: Zebstrika|Overheat|p1a: Ursaluna\n|-damage|p1a: Ursaluna|168/308\n|-unboost|p2a: Zebstrika|spa|2\n|-damage|p2a: Zebstrika|245/272|[from] item: Life Orb\n|move|p1a: Ursaluna|Blood Moon|p2a: Zebstrika\n|-damage|p2a: Zebstrika|20/272\n|\n|-heal|p1a: Ursaluna|187/308|[from] item: Leftovers\n|upkeep\n|turn|2\n|\n|t:|1781393579\n|move|p2a: Zebstrika|High Horsepower|p1a: Ursaluna\n|-damage|p1a: Ursaluna|114/308\n|-damage|p2a: Zebstrika|0 fnt|[from] item: Life Orb\n|faint|p2a: Zebstrika\n|move|p1a: Ursaluna|Moonlight|p1a: Ursaluna\n|-heal|p1a: Ursaluna|268/308\n|\n|-heal|p1a: Ursaluna|287/308|[from] item: Leftovers\n|upkeep\n|\n|t:|1781393583\n|switch|p2a: Morpeko|Morpeko, L88, M|245/245\n|turn|3\n|\n|t:|1781393595\n|move|p2a: Morpeko|Knock Off|p1a: Ursaluna\n|-damage|p1a: Ursaluna|196/308\n|-enditem|p1a: Ursaluna|Leftovers|[from] move: Knock Off|[of] p2a: Morpeko\n|move|p1a: Ursaluna|Earth Power|p2a: Morpeko\n|-supereffective|p2a: Morpeko\n|-damage|p2a: Morpeko|0 fnt\n|faint|p2a: Morpeko\n|\n|upkeep\n|-message|Mystifromhh forfeited.\n|\n|win|hddhgdydhdhdd\n|raw|hddhgdydhdhdd's rating: 1078 &rarr; <strong>1102</strong><br />(+24 for winning)\n|raw|Mystifromhh's rating: 1028 &rarr; <strong>1016</strong><br />(-12 for losing)\n|l|\u2606Mystifromhh\n|player|p2|\n", "uploadtime": 1781393605, "views": 2, "formatid": "gen9randombattle", "rating": 1016, "private": 0, "password": null}