{"id": "gen9randombattle-2631459450", "format": "[Gen 9] Random Battle", "players": ["KorujaS7", "gittattle"], "log": "|j|\u2606KorujaS7\n|j|\u2606gittattle\n|t:|1781387298\n|gametype|singles\n|player|p1|KorujaS7|clair|1350\n|player|p2|gittattle|roughneck-gen4|1302\n|gen|9\n|tier|[Gen 9] Random Battle\n|rated|\n|rule|Species Clause: Limit one of each Pok\u00e9mon\n|rule|HP Percentage Mod: HP is shown in percentages\n|rule|Sleep Clause Mod: Limit one foe put to sleep\n|rule|Illusion Level Mod: Illusion disguises the Pok\u00e9mon's true level\n|\n|t:|1781387298\n|teamsize|p1|6\n|teamsize|p2|6\n|start\n|switch|p1a: Cetitan|Cetitan, L82, M|412/412\n|switch|p2a: Torterra|Torterra, L78, F|276/276\n|turn|1\n|inactive|Battle timer is ON: inactive players will automatically lose when time's up. (requested by KorujaS7)\n|j| Dripakuma\n|c| Dripakuma|Shell gem\n|j| Gokuh34567\n|\n|t:|1781387323\n|switch|p2a: Mismagius|Mismagius, L86, M|243/243\n|move|p1a: Cetitan|Belly Drum|p1a: Cetitan\n|-damage|p1a: Cetitan|206/412\n|-setboost|p1a: Cetitan|atk|6|[from] move: Belly Drum\n|-enditem|p1a: Cetitan|Sitrus Berry|[eat]\n|-heal|p1a: Cetitan|309/412|[from] item: Sitrus Berry\n|\n|upkeep\n|turn|2\n|c| Dripakuma|The dude no one invited\n|c| Gokuh34567|You fucking suck\n|c| Gokuh34567|Yo its wraps bro just forfit\n|\n|t:|1781387344\n|move|p2a: Mismagius|Shadow Ball|p1a: Cetitan\n|-damage|p1a: Cetitan|92/412\n|-unboost|p1a: Cetitan|spd|1\n|move|p1a: Cetitan|Ice Spinner|p2a: Mismagius\n|-damage|p2a: Mismagius|0 fnt\n|faint|p2a: Mismagius\n|\n|upkeep\n|c| Dripakuma|No ice shard?\n|inactive|gittattle has 120 seconds left.\n|c| Gokuh34567|Ice shard prolly wouldn't have killed\n|\n|t:|1781387372\n|switch|p2a: Bellibolt|Bellibolt, L84, M|320/320\n|turn|3\n|\n|t:|1781387380\n|move|p1a: Cetitan|Earthquake|p2a: Bellibolt\n|-supereffective|p2a: Bellibolt\n|-damage|p2a: Bellibolt|0 fnt\n|faint|p2a: Bellibolt\n|\n|upkeep\n|c|\u2606gittattle|its so joever\n|\n|t:|1781387410\n|switch|p2a: Drednaw|Drednaw, L81, F|278/278\n|turn|4\n|inactive|KorujaS7 has 120 seconds left.\n|\n|t:|1781387443\n|move|p1a: Cetitan|Earthquake|p2a: Drednaw\n|-supereffective|p2a: Drednaw\n|-damage|p2a: Drednaw|0 fnt\n|faint|p2a: Drednaw\n|\n|upkeep\n|l| Gokuh34567\n|\n|t:|1781387448\n|switch|p2a: Vaporeon|Vaporeon, L86, M|364/364\n|turn|5\n|\n|t:|1781387455\n|move|p2a: Vaporeon|Protect|p2a: Vaporeon\n|-singleturn|p2a: Vaporeon|Protect\n|move|p1a: Cetitan|Earthquake|p2a: Vaporeon\n|-activate|p2a: Vaporeon|move: Protect\n|\n|upkeep\n|turn|6\n|inactive|gittattle has 120 seconds left.\n|j| Gokuh34567\n|c|\u2606gittattle|nothing thats faster\\\n|inactive|KorujaS7 has 120 seconds left.\n|c|\u2606gittattle|no super effective\n|\n|t:|1781387483\n|move|p1a: Cetitan|Earthquake|p2a: Vaporeon\n|-damage|p2a: Vaporeon|0 fnt\n|faint|p2a: Vaporeon\n|\n|upkeep\n|\n|t:|1781387487\n|switch|p2a: Regirock|Regirock, L83|268/268\n|turn|7\n|c| Gokuh34567|I love you Koruja\n|\n|t:|1781387501\n|move|p1a: Cetitan|Earthquake|p2a: Regirock\n|-supereffective|p2a: Regirock\n|-damage|p2a: Regirock|0 fnt\n|faint|p2a: Regirock\n|\n|upkeep\n|\n|t:|1781387506\n|switch|p2a: Torterra|Torterra, L78, F|276/276\n|turn|8\n|\n|t:|1781387512\n|move|p1a: Cetitan|Ice Spinner|p2a: Torterra\n|-supereffective|p2a: Torterra\n|-crit|p2a: Torterra\n|-damage|p2a: Torterra|0 fnt\n|faint|p2a: Torterra\n|\n|win|KorujaS7\n|raw|KorujaS7's rating: 1350 &rarr; <strong>1367</strong><br />(+17 for winning)\n|raw|gittattle's rating: 1302 &rarr; <strong>1285</strong><br />(-17 for losing)\n|l|\u2606KorujaS7\n|player|p1|\n|c| Gokuh34567|Deserved crit\n", "uploadtime": 1781387326, "views": 4, "formatid": "gen9randombattle", "rating": 1285, "private": 0, "password": null}