{"id": "gen9randombattle-2631668569", "format": "[Gen 9] Random Battle", "players": ["GGeodude1212", "Butterlol"], "log": "|j|\u2606GGeodude1212\n|j|\u2606Butterlol\n|t:|1781418260\n|gametype|singles\n|player|p1|GGeodude1212|drayden|1621\n|player|p2|Butterlol|sightseer|1670\n|gen|9\n|tier|[Gen 9] Random Battle\n|rated|\n|rule|Species Clause: Limit one of each Pok\u00e9mon\n|rule|HP Percentage Mod: HP is shown in percentages\n|rule|Sleep Clause Mod: Limit one foe put to sleep\n|rule|Illusion Level Mod: Illusion disguises the Pok\u00e9mon's true level\n|\n|t:|1781418260\n|teamsize|p1|6\n|teamsize|p2|6\n|start\n|switch|p1a: Fezandipiti|Fezandipiti, L82, M|278/278\n|switch|p2a: Primarina|Primarina, L83, M|268/268\n|turn|1\n|\n|t:|1781418296\n|switch|p2a: Snorlax|Snorlax, L82, F|397/397\n|move|p1a: Fezandipiti|Gunk Shot|p2a: Snorlax\n|-damage|p2a: Snorlax|252/397\n|-status|p2a: Snorlax|psn\n|\n|-heal|p2a: Snorlax|276/397 psn|[from] item: Leftovers\n|-damage|p2a: Snorlax|227/397 psn|[from] psn\n|upkeep\n|turn|2\n|\n|t:|1781418316\n|switch|p1a: Mismagius|Mismagius, L86, M|243/243\n|move|p2a: Snorlax|Rest|p2a: Snorlax\n|-status|p2a: Snorlax|slp|[from] move: Rest\n|-heal|p2a: Snorlax|397/397 slp|[silent]\n|\n|upkeep\n|turn|3\n|\n|t:|1781418329\n|switch|p2a: Morpeko|Morpeko, L88, M|245/245\n|move|p1a: Mismagius|Dazzling Gleam|p2a: Morpeko\n|-supereffective|p2a: Morpeko\n|-damage|p2a: Morpeko|0 fnt\n|faint|p2a: Morpeko\n|\n|upkeep\n|\n|t:|1781418339\n|switch|p2a: Blissey|Blissey, L85, F|572/572\n|turn|4\n|\n|t:|1781418348\n|switch|p1a: Trevenant|Trevenant, L89, M|296/296\n|move|p2a: Blissey|Stealth Rock|p1a: Trevenant\n|-sidestart|p1: GGeodude1212|move: Stealth Rock\n|\n|upkeep\n|turn|5\n|\n|t:|1781418353\n|move|p1a: Trevenant|Horn Leech|p2a: Blissey\n|-damage|p2a: Blissey|109/572\n|move|p2a: Blissey|Thunder Wave|p1a: Trevenant\n|-status|p1a: Trevenant|par\n|\n|-heal|p2a: Blissey|144/572|[from] item: Leftovers\n|upkeep\n|turn|6\n|\n|t:|1781418358\n|switch|p2a: Flareon|Flareon, L90, F|263/263\n|move|p1a: Trevenant|Horn Leech|p2a: Flareon\n|-resisted|p2a: Flareon\n|-damage|p2a: Flareon|170/263\n|\n|-status|p2a: Flareon|tox|[from] item: Toxic Orb\n|upkeep\n|turn|7\n|\n|t:|1781418365\n|-curestatus|p1a: Trevenant|par|[from] ability: Natural Cure|[silent]\n|switch|p1a: Floatzel|Floatzel, L86, F|286/286\n|-damage|p1a: Floatzel|251/286|[from] Stealth Rock\n|move|p2a: Flareon|Flare Blitz|p1a: Floatzel\n|-resisted|p1a: Floatzel\n|-damage|p1a: Floatzel|66/286\n|-damage|p2a: Flareon|109/263 tox|[from] Recoil\n|\n|-heal|p1a: Floatzel|83/286|[from] item: Leftovers\n|-damage|p2a: Flareon|93/263 tox|[from] psn\n|upkeep\n|turn|8\n|\n|t:|1781418374\n|move|p2a: Flareon|Quick Attack|p1a: Floatzel\n|-crit|p1a: Floatzel\n|-damage|p1a: Floatzel|0 fnt\n|faint|p1a: Floatzel\n|\n|-damage|p2a: Flareon|61/263 tox|[from] psn\n|upkeep\n|\n|t:|1781418380\n|switch|p1a: Mismagius|Mismagius, L86, M|243/243\n|-damage|p1a: Mismagius|213/243|[from] Stealth Rock\n|turn|9\n|\n|t:|1781418385\n|move|p1a: Mismagius|Energy Ball|p2a: Flareon\n|-resisted|p2a: Flareon\n|-damage|p2a: Flareon|22/263 tox\n|move|p2a: Flareon|Flare Blitz|p1a: Mismagius\n|-damage|p1a: Mismagius|0 fnt\n|faint|p1a: Mismagius\n|-damage|p2a: Flareon|0 fnt|[from] Recoil\n|faint|p2a: Flareon\n|\n|upkeep\n|\n|t:|1781418402\n|switch|p1a: Trevenant|Trevenant, L89, M|296/296\n|switch|p2a: Ampharos|Ampharos, L88, M|302/302\n|-damage|p1a: Trevenant|259/296|[from] Stealth Rock\n|turn|10\n|\n|t:|1781418406\n|move|p1a: Trevenant|Horn Leech|p2a: Ampharos\n|-damage|p2a: Ampharos|169/302\n|-heal|p1a: Trevenant|296/296|[from] drain|[of] p2a: Ampharos\n|-status|p1a: Trevenant|par|[from] ability: Static|[of] p2a: Ampharos\n|move|p2a: Ampharos|Volt Switch|p1a: Trevenant\n|-resisted|p1a: Trevenant\n|-damage|p1a: Trevenant|248/296 par\n|\n|t:|1781418410\n|switch|p2a: Snorlax|Snorlax, L82, F|397/397 slp|[from] Volt Switch\n|\n|upkeep\n|turn|11\n|\n|t:|1781418414\n|cant|p2a: Snorlax|slp\n|move|p2a: Snorlax|Sleep Talk|p2a: Snorlax\n|move|p2a: Snorlax|Rest||[from] move: Sleep Talk|[still]\n|-fail|p2a: Snorlax\n|move|p1a: Trevenant|Horn Leech|p2a: Snorlax\n|-damage|p2a: Snorlax|217/397 slp\n|-heal|p1a: Trevenant|296/296 par|[from] drain|[of] p2a: Snorlax\n|\n|-heal|p2a: Snorlax|241/397 slp|[from] item: Leftovers\n|upkeep\n|turn|12\n|\n|t:|1781418422\n|-curestatus|p1a: Trevenant|par|[from] ability: Natural Cure|[silent]\n|switch|p1a: Vespiquen|Vespiquen, L99, F|299/299\n|-ability|p1a: Vespiquen|Pressure\n|cant|p2a: Snorlax|slp\n|move|p2a: Snorlax|Sleep Talk|p2a: Snorlax\n|move|p2a: Snorlax|Curse|p2a: Snorlax|[from] move: Sleep Talk\n|-unboost|p2a: Snorlax|spe|1\n|-boost|p2a: Snorlax|atk|1\n|-boost|p2a: Snorlax|def|1\n|\n|-heal|p2a: Snorlax|265/397 slp|[from] item: Leftovers\n|upkeep\n|turn|13\n|\n|t:|1781418429\n|move|p1a: Vespiquen|Toxic Spikes|p2a: Snorlax\n|-sidestart|p2: Butterlol|move: Toxic Spikes\n|-curestatus|p2a: Snorlax|slp|[msg]\n|move|p2a: Snorlax|Body Slam|p1a: Vespiquen\n|-damage|p1a: Vespiquen|196/299\n|\n|-heal|p2a: Snorlax|289/397|[from] item: Leftovers\n|upkeep\n|turn|14\n|\n|t:|1781418434\n|move|p1a: Vespiquen|Toxic Spikes|p2a: Snorlax\n|-sidestart|p2: Butterlol|move: Toxic Spikes\n|move|p2a: Snorlax|Curse|p2a: Snorlax\n|-unboost|p2a: Snorlax|spe|1\n|-boost|p2a: Snorlax|atk|1\n|-boost|p2a: Snorlax|def|1\n|\n|-heal|p2a: Snorlax|313/397|[from] item: Leftovers\n|upkeep\n|turn|15\n|\n|t:|1781418438\n|move|p1a: Vespiquen|U-turn|p2a: Snorlax\n|-damage|p2a: Snorlax|255/397\n|\n|t:|1781418441\n|switch|p1a: Trevenant|Trevenant, L89, M|296/296|[from] U-turn\n|-damage|p1a: Trevenant|259/296|[from] Stealth Rock\n|move|p2a: Snorlax|Body Slam|p1a: Trevenant\n|-immune|p1a: Trevenant\n|\n|-heal|p2a: Snorlax|279/397|[from] item: Leftovers\n|upkeep\n|turn|16\n|\n|t:|1781418446\n|move|p1a: Trevenant|Horn Leech|p2a: Snorlax\n|-damage|p2a: Snorlax|192/397\n|-heal|p1a: Trevenant|296/296|[from] drain|[of] p2a: Snorlax\n|move|p2a: Snorlax|Curse|p2a: Snorlax\n|-unboost|p2a: Snorlax|spe|1\n|-boost|p2a: Snorlax|atk|1\n|-boost|p2a: Snorlax|def|1\n|\n|-heal|p2a: Snorlax|216/397|[from] item: Leftovers\n|upkeep\n|turn|17\n|\n|t:|1781418450\n|move|p1a: Trevenant|Horn Leech|p2a: Snorlax\n|-damage|p2a: Snorlax|138/397\n|move|p2a: Snorlax|Curse|p2a: Snorlax\n|-unboost|p2a: Snorlax|spe|1\n|-boost|p2a: Snorlax|atk|1\n|-boost|p2a: Snorlax|def|1\n|\n|-heal|p2a: Snorlax|162/397|[from] item: Leftovers\n|upkeep\n|turn|18\n|\n|t:|1781418455\n|move|p1a: Trevenant|Horn Leech|p2a: Snorlax\n|-damage|p2a: Snorlax|102/397\n|move|p2a: Snorlax|Curse|p2a: Snorlax\n|-unboost|p2a: Snorlax|spe|1\n|-boost|p2a: Snorlax|atk|1\n|-boost|p2a: Snorlax|def|1\n|\n|-heal|p2a: Snorlax|126/397|[from] item: Leftovers\n|upkeep\n|turn|19\n|\n|t:|1781418462\n|move|p1a: Trevenant|Horn Leech|p2a: Snorlax\n|-damage|p2a: Snorlax|69/397\n|move|p2a: Snorlax|Curse|p2a: Snorlax\n|-unboost|p2a: Snorlax|spe|1\n|-boost|p2a: Snorlax|atk|1\n|-boost|p2a: Snorlax|def|1\n|\n|-heal|p2a: Snorlax|93/397|[from] item: Leftovers\n|upkeep\n|turn|20\n|\n|t:|1781418466\n|move|p1a: Trevenant|Horn Leech|p2a: Snorlax\n|-damage|p2a: Snorlax|47/397\n|move|p2a: Snorlax|Rest|p2a: Snorlax\n|-status|p2a: Snorlax|slp|[from] move: Rest\n|-heal|p2a: Snorlax|397/397 slp|[silent]\n|\n|upkeep\n|turn|21\n|\n|t:|1781418480\n|move|p1a: Trevenant|Horn Leech|p2a: Snorlax\n|-damage|p2a: Snorlax|348/397 slp\n|cant|p2a: Snorlax|slp\n|\n|-heal|p2a: Snorlax|372/397 slp|[from] item: Leftovers\n|upkeep\n|turn|22\n|\n|t:|1781418487\n|move|p1a: Trevenant|Horn Leech|p2a: Snorlax\n|-damage|p2a: Snorlax|321/397 slp\n|cant|p2a: Snorlax|slp\n|\n|-heal|p2a: Snorlax|345/397 slp|[from] item: Leftovers\n|upkeep\n|turn|23\n|\n|t:|1781418494\n|move|p1a: Trevenant|Horn Leech|p2a: Snorlax\n|-damage|p2a: Snorlax|299/397 slp\n|-curestatus|p2a: Snorlax|slp|[msg]\n|move|p2a: Snorlax|Curse|p2a: Snorlax\n|\n|-heal|p2a: Snorlax|323/397|[from] item: Leftovers\n|upkeep\n|turn|24\n|\n|t:|1781418502\n|move|p1a: Trevenant|Horn Leech|p2a: Snorlax\n|-damage|p2a: Snorlax|278/397\n|move|p2a: Snorlax|Curse|p2a: Snorlax\n|\n|-heal|p2a: Snorlax|302/397|[from] item: Leftovers\n|upkeep\n|turn|25\n|\n|t:|1781418508\n|move|p1a: Trevenant|Horn Leech|p2a: Snorlax\n|-damage|p2a: Snorlax|253/397\n|move|p2a: Snorlax|Curse|p2a: Snorlax\n|\n|-heal|p2a: Snorlax|277/397|[from] item: Leftovers\n|upkeep\n|turn|26\n|\n|t:|1781418514\n|move|p1a: Trevenant|Horn Leech|p2a: Snorlax\n|-damage|p2a: Snorlax|229/397\n|move|p2a: Snorlax|Curse|p2a: Snorlax\n|\n|-heal|p2a: Snorlax|253/397|[from] item: Leftovers\n|upkeep\n|turn|27\n|\n|t:|1781418519\n|switch|p1a: Vespiquen|Vespiquen, L99, F|196/299\n|-ability|p1a: Vespiquen|Pressure\n|move|p2a: Snorlax|Rest|p2a: Snorlax\n|-status|p2a: Snorlax|slp|[from] move: Rest\n|-heal|p2a: Snorlax|397/397 slp|[silent]\n|\n|upkeep\n|turn|28\n|\n|t:|1781418536\n|move|p1a: Vespiquen|U-turn|p2a: Snorlax\n|-damage|p2a: Snorlax|370/397 slp\n|\n|t:|1781418538\n|switch|p1a: Trevenant|Trevenant, L89, M|296/296|[from] U-turn\n|-damage|p1a: Trevenant|259/296|[from] Stealth Rock\n|cant|p2a: Snorlax|slp\n|move|p2a: Snorlax|Sleep Talk|p2a: Snorlax\n|move|p2a: Snorlax|Rest||[from] move: Sleep Talk|[still]\n|-fail|p2a: Snorlax\n|\n|-heal|p2a: Snorlax|394/397 slp|[from] item: Leftovers\n|upkeep\n|turn|29\n|\n|t:|1781418543\n|move|p1a: Trevenant|Drain Punch|p2a: Snorlax\n|-supereffective|p2a: Snorlax\n|-damage|p2a: Snorlax|332/397 slp\n|-heal|p1a: Trevenant|290/296|[from] drain|[of] p2a: Snorlax\n|cant|p2a: Snorlax|slp\n|\n|-heal|p2a: Snorlax|356/397 slp|[from] item: Leftovers\n|upkeep\n|turn|30\n|\n|t:|1781418549\n|move|p1a: Trevenant|Drain Punch|p2a: Snorlax\n|-supereffective|p2a: Snorlax\n|-damage|p2a: Snorlax|292/397 slp\n|-heal|p1a: Trevenant|296/296|[from] drain|[of] p2a: Snorlax\n|-curestatus|p2a: Snorlax|slp|[msg]\n|move|p2a: Snorlax|Curse|p2a: Snorlax\n|\n|-heal|p2a: Snorlax|316/397|[from] item: Leftovers\n|upkeep\n|turn|31\n|\n|t:|1781418557\n|move|p1a: Trevenant|Drain Punch|p2a: Snorlax\n|-supereffective|p2a: Snorlax\n|-damage|p2a: Snorlax|248/397\n|move|p2a: Snorlax|Curse|p2a: Snorlax\n|\n|-heal|p2a: Snorlax|272/397|[from] item: Leftovers\n|upkeep\n|turn|32\n|\n|t:|1781418560\n|move|p1a: Trevenant|Drain Punch|p2a: Snorlax\n|-supereffective|p2a: Snorlax\n|-damage|p2a: Snorlax|204/397\n|move|p2a: Snorlax|Curse|p2a: Snorlax\n|\n|-heal|p2a: Snorlax|228/397|[from] item: Leftovers\n|upkeep\n|turn|33\n|\n|t:|1781418565\n|move|p1a: Trevenant|Drain Punch|p2a: Snorlax\n|-supereffective|p2a: Snorlax\n|-damage|p2a: Snorlax|168/397\n|move|p2a: Snorlax|Curse|p2a: Snorlax\n|\n|-heal|p2a: Snorlax|192/397|[from] item: Leftovers\n|upkeep\n|turn|34\n|\n|t:|1781418573\n|move|p1a: Trevenant|Drain Punch|p2a: Snorlax\n|-supereffective|p2a: Snorlax\n|-damage|p2a: Snorlax|130/397\n|move|p2a: Snorlax|Curse|p2a: Snorlax\n|\n|-heal|p2a: Snorlax|154/397|[from] item: Leftovers\n|upkeep\n|turn|35\n|\n|t:|1781418577\n|move|p1a: Trevenant|Drain Punch|p2a: Snorlax\n|-supereffective|p2a: Snorlax\n|-damage|p2a: Snorlax|88/397\n|move|p2a: Snorlax|Rest|p2a: Snorlax\n|-status|p2a: Snorlax|slp|[from] move: Rest\n|-heal|p2a: Snorlax|397/397 slp|[silent]\n|\n|upkeep\n|turn|36\n|\n|t:|1781418586\n|move|p1a: Trevenant|Drain Punch|p2a: Snorlax\n|-supereffective|p2a: Snorlax\n|-damage|p2a: Snorlax|329/397 slp\n|cant|p2a: Snorlax|slp\n|\n|-heal|p2a: Snorlax|353/397 slp|[from] item: Leftovers\n|upkeep\n|turn|37\n|\n|t:|1781418592\n|switch|p1a: Vespiquen|Vespiquen, L99, F|196/299\n|-ability|p1a: Vespiquen|Pressure\n|cant|p2a: Snorlax|slp\n|\n|-heal|p2a: Snorlax|377/397 slp|[from] item: Leftovers\n|upkeep\n|turn|38\n|\n|t:|1781418598\n|move|p1a: Vespiquen|U-turn|p2a: Snorlax\n|-damage|p2a: Snorlax|349/397 slp\n|\n|t:|1781418601\n|switch|p1a: Trevenant|Trevenant, L89, M|296/296|[from] U-turn\n|-damage|p1a: Trevenant|259/296|[from] Stealth Rock\n|-curestatus|p2a: Snorlax|slp|[msg]\n|move|p2a: Snorlax|Body Slam|p1a: Trevenant\n|-immune|p1a: Trevenant\n|\n|-heal|p2a: Snorlax|373/397|[from] item: Leftovers\n|upkeep\n|turn|39\n|\n|t:|1781418608\n|move|p1a: Trevenant|Drain Punch|p2a: Snorlax\n|-supereffective|p2a: Snorlax\n|-damage|p2a: Snorlax|313/397\n|-heal|p1a: Trevenant|289/296|[from] drain|[of] p2a: Snorlax\n|move|p2a: Snorlax|Curse|p2a: Snorlax\n|\n|-heal|p2a: Snorlax|337/397|[from] item: Leftovers\n|upkeep\n|turn|40\n|\n|t:|1781418615\n|move|p1a: Trevenant|Drain Punch|p2a: Snorlax\n|-supereffective|p2a: Snorlax\n|-damage|p2a: Snorlax|275/397\n|-heal|p1a: Trevenant|296/296|[from] drain|[of] p2a: Snorlax\n|move|p2a: Snorlax|Curse|p2a: Snorlax\n|\n|-heal|p2a: Snorlax|299/397|[from] item: Leftovers\n|upkeep\n|turn|41\n|\n|t:|1781418628\n|move|p1a: Trevenant|Drain Punch|p2a: Snorlax\n|-supereffective|p2a: Snorlax\n|-damage|p2a: Snorlax|237/397\n|move|p2a: Snorlax|Rest|p2a: Snorlax\n|-status|p2a: Snorlax|slp|[from] move: Rest\n|-heal|p2a: Snorlax|397/397 slp|[silent]\n|\n|upkeep\n|turn|42\n|\n|t:|1781418634\n|switch|p1a: Vespiquen|Vespiquen, L99, F|196/299\n|-ability|p1a: Vespiquen|Pressure\n|cant|p2a: Snorlax|slp\n|move|p2a: Snorlax|Sleep Talk|p2a: Snorlax\n|move|p2a: Snorlax|Rest||[from] move: Sleep Talk|[still]\n|-fail|p2a: Snorlax\n|\n|upkeep\n|turn|43\n|\n|t:|1781418640\n|move|p1a: Vespiquen|U-turn|p2a: Snorlax\n|-damage|p2a: Snorlax|369/397 slp\n|\n|t:|1781418642\n|switch|p1a: Trevenant|Trevenant, L89, M|296/296|[from] U-turn\n|-damage|p1a: Trevenant|259/296|[from] Stealth Rock\n|cant|p2a: Snorlax|slp\n|\n|-heal|p2a: Snorlax|393/397 slp|[from] item: Leftovers\n|upkeep\n|turn|44\n|\n|t:|1781418660\n|switch|p1a: Vespiquen|Vespiquen, L99, F|196/299\n|-ability|p1a: Vespiquen|Pressure\n|-curestatus|p2a: Snorlax|slp|[msg]\n|move|p2a: Snorlax|Sleep Talk||[still]\n|-fail|p2a: Snorlax\n|\n|-heal|p2a: Snorlax|397/397|[from] item: Leftovers\n|upkeep\n|turn|45\n|\n|t:|1781418664\n|move|p1a: Vespiquen|U-turn|p2a: Snorlax\n|-damage|p2a: Snorlax|369/397\n|\n|t:|1781418666\n|switch|p1a: Trevenant|Trevenant, L89, M|259/296|[from] U-turn\n|-damage|p1a: Trevenant|222/296|[from] Stealth Rock\n|move|p2a: Snorlax|Sleep Talk||[still]\n|-fail|p2a: Snorlax\n|\n|-heal|p2a: Snorlax|393/397|[from] item: Leftovers\n|upkeep\n|turn|46\n|\n|t:|1781418686\n|move|p1a: Trevenant|Drain Punch|p2a: Snorlax\n|-supereffective|p2a: Snorlax\n|-damage|p2a: Snorlax|333/397\n|-heal|p1a: Trevenant|252/296|[from] drain|[of] p2a: Snorlax\n|move|p2a: Snorlax|Body Slam|p1a: Trevenant\n|-immune|p1a: Trevenant\n|\n|-heal|p2a: Snorlax|357/397|[from] item: Leftovers\n|upkeep\n|turn|47\n|\n|t:|1781418695\n|move|p1a: Trevenant|Drain Punch|p2a: Snorlax\n|-supereffective|p2a: Snorlax\n|-damage|p2a: Snorlax|297/397\n|-heal|p1a: Trevenant|282/296|[from] drain|[of] p2a: Snorlax\n|move|p2a: Snorlax|Body Slam|p1a: Trevenant\n|-immune|p1a: Trevenant\n|\n|-heal|p2a: Snorlax|321/397|[from] item: Leftovers\n|upkeep\n|turn|48\n|\n|t:|1781418703\n|switch|p1a: Vespiquen|Vespiquen, L99, F|196/299\n|-ability|p1a: Vespiquen|Pressure\n|move|p2a: Snorlax|Body Slam|p1a: Vespiquen\n|-damage|p1a: Vespiquen|0 fnt\n|faint|p1a: Vespiquen\n|\n|-heal|p2a: Snorlax|345/397|[from] item: Leftovers\n|upkeep\n|\n|t:|1781418708\n|switch|p1a: Trevenant|Trevenant, L89, M|282/296\n|-damage|p1a: Trevenant|245/296|[from] Stealth Rock\n|turn|49\n|\n|t:|1781418711\n|move|p1a: Trevenant|Drain Punch|p2a: Snorlax\n|-supereffective|p2a: Snorlax\n|-damage|p2a: Snorlax|279/397\n|-heal|p1a: Trevenant|278/296|[from] drain|[of] p2a: Snorlax\n|move|p2a: Snorlax|Sleep Talk||[still]\n|-fail|p2a: Snorlax\n|\n|-heal|p2a: Snorlax|303/397|[from] item: Leftovers\n|upkeep\n|turn|50\n|\n|t:|1781418720\n|move|p1a: Trevenant|Drain Punch|p2a: Snorlax\n|-supereffective|p2a: Snorlax\n|-damage|p2a: Snorlax|243/397\n|-heal|p1a: Trevenant|296/296|[from] drain|[of] p2a: Snorlax\n|move|p2a: Snorlax|Rest|p2a: Snorlax\n|-status|p2a: Snorlax|slp|[from] move: Rest\n|-heal|p2a: Snorlax|397/397 slp|[silent]\n|\n|upkeep\n|turn|51\n|c|\u2606GGeodude1212|I'd love acrit\n|\n|t:|1781418743\n|move|p1a: Trevenant|Drain Punch|p2a: Snorlax\n|-supereffective|p2a: Snorlax\n|-damage|p2a: Snorlax|333/397 slp\n|cant|p2a: Snorlax|slp\n|move|p2a: Snorlax|Sleep Talk|p2a: Snorlax\n|move|p2a: Snorlax|Body Slam|p1a: Trevenant|[from] move: Sleep Talk\n|-immune|p1a: Trevenant\n|\n|-heal|p2a: Snorlax|357/397 slp|[from] item: Leftovers\n|upkeep\n|turn|52\n|c|\u2606Butterlol|i wouldnt love a crit\n|c|\u2606Butterlol|:)\n|\n|t:|1781418765\n|switch|p1a: Fezandipiti|Fezandipiti, L82, M|278/278\n|-damage|p1a: Fezandipiti|244/278|[from] Stealth Rock\n|cant|p2a: Snorlax|slp\n|\n|-heal|p1a: Fezandipiti|261/278|[from] item: Leftovers\n|-heal|p2a: Snorlax|381/397 slp|[from] item: Leftovers\n|upkeep\n|turn|53\n|\n|t:|1781418769\n|switch|p1a: Trevenant|Trevenant, L89, M|296/296\n|-damage|p1a: Trevenant|259/296|[from] Stealth Rock\n|-curestatus|p2a: Snorlax|slp|[msg]\n|move|p2a: Snorlax|Sleep Talk||[still]\n|-fail|p2a: Snorlax\n|\n|-heal|p2a: Snorlax|397/397|[from] item: Leftovers\n|upkeep\n|turn|54\n|\n|t:|1781418781\n|move|p1a: Trevenant|Horn Leech|p2a: Snorlax\n|-crit|p2a: Snorlax\n|-damage|p2a: Snorlax|117/397\n|-heal|p1a: Trevenant|296/296|[from] drain|[of] p2a: Snorlax\n|move|p2a: Snorlax|Body Slam|p1a: Trevenant\n|-immune|p1a: Trevenant\n|\n|-heal|p2a: Snorlax|141/397|[from] item: Leftovers\n|upkeep\n|turn|55\n|\n|t:|1781418787\n|switch|p1a: Fezandipiti|Fezandipiti, L82, M|261/278\n|-damage|p1a: Fezandipiti|227/278|[from] Stealth Rock\n|move|p2a: Snorlax|Rest|p2a: Snorlax\n|-status|p2a: Snorlax|slp|[from] move: Rest\n|-heal|p2a: Snorlax|397/397 slp|[silent]\n|\n|-heal|p1a: Fezandipiti|244/278|[from] item: Leftovers\n|upkeep\n|turn|56\n|c|\u2606Butterlol|well theres ur crit\n|c|\u2606GGeodude1212|worst timing\n|c|\u2606Butterlol|i know\n|\n|t:|1781418803\n|switch|p1a: Trevenant|Trevenant, L89, M|296/296\n|-damage|p1a: Trevenant|259/296|[from] Stealth Rock\n|cant|p2a: Snorlax|slp\n|move|p2a: Snorlax|Sleep Talk|p2a: Snorlax\n|move|p2a: Snorlax|Body Slam|p1a: Trevenant|[from] move: Sleep Talk\n|-immune|p1a: Trevenant\n|\n|upkeep\n|turn|57\n|\n|t:|1781418810\n|move|p1a: Trevenant|Wood Hammer|p2a: Snorlax\n|-damage|p2a: Snorlax|328/397 slp\n|-damage|p1a: Trevenant|236/296|[from] Recoil\n|cant|p2a: Snorlax|slp\n|\n|-heal|p2a: Snorlax|352/397 slp|[from] item: Leftovers\n|upkeep\n|turn|58\n|\n|t:|1781418816\n|move|p1a: Trevenant|Wood Hammer|p2a: Snorlax\n|-damage|p2a: Snorlax|282/397 slp\n|-damage|p1a: Trevenant|213/296|[from] Recoil\n|-curestatus|p2a: Snorlax|slp|[msg]\n|move|p2a: Snorlax|Body Slam|p1a: Trevenant\n|-immune|p1a: Trevenant\n|\n|-heal|p2a: Snorlax|306/397|[from] item: Leftovers\n|upkeep\n|turn|59\n|\n|t:|1781418821\n|move|p1a: Trevenant|Wood Hammer|p2a: Snorlax\n|-damage|p2a: Snorlax|227/397\n|-damage|p1a: Trevenant|187/296|[from] Recoil\n|move|p2a: Snorlax|Body Slam|p1a: Trevenant\n|-immune|p1a: Trevenant\n|\n|-heal|p2a: Snorlax|251/397|[from] item: Leftovers\n|upkeep\n|turn|60\n|\n|t:|1781418828\n|move|p1a: Trevenant|Wood Hammer|p2a: Snorlax\n|-damage|p2a: Snorlax|182/397\n|-damage|p1a: Trevenant|164/296|[from] Recoil\n|move|p2a: Snorlax|Sleep Talk||[still]\n|-fail|p2a: Snorlax\n|\n|-heal|p2a: Snorlax|206/397|[from] item: Leftovers\n|upkeep\n|turn|61\n|\n|t:|1781418834\n|move|p1a: Trevenant|Wood Hammer|p2a: Snorlax\n|-damage|p2a: Snorlax|130/397\n|-damage|p1a: Trevenant|139/296|[from] Recoil\n|move|p2a: Snorlax|Body Slam|p1a: Trevenant\n|-immune|p1a: Trevenant\n|\n|-heal|p2a: Snorlax|154/397|[from] item: Leftovers\n|upkeep\n|turn|62\n|\n|t:|1781418843\n|switch|p1a: Fezandipiti|Fezandipiti, L82, M|244/278\n|-damage|p1a: Fezandipiti|210/278|[from] Stealth Rock\n|move|p2a: Snorlax|Rest|p2a: Snorlax\n|-status|p2a: Snorlax|slp|[from] move: Rest\n|-heal|p2a: Snorlax|397/397 slp|[silent]\n|\n|-heal|p1a: Fezandipiti|227/278|[from] item: Leftovers\n|upkeep\n|turn|63\n|\n|t:|1781418850\n|switch|p1a: Trevenant|Trevenant, L89, M|139/296\n|-damage|p1a: Trevenant|102/296|[from] Stealth Rock\n|cant|p2a: Snorlax|slp\n|move|p2a: Snorlax|Sleep Talk|p2a: Snorlax\n|move|p2a: Snorlax|Rest||[from] move: Sleep Talk|[still]\n|-fail|p2a: Snorlax\n|\n|upkeep\n|turn|64\n|\n|t:|1781418853\n|move|p1a: Trevenant|Poltergeist|p2a: Snorlax\n|-immune|p2a: Snorlax\n|cant|p2a: Snorlax|slp\n|\n|upkeep\n|turn|65\n|\n|t:|1781418867\n|move|p1a: Trevenant|Poltergeist|p2a: Snorlax\n|-immune|p2a: Snorlax\n|-curestatus|p2a: Snorlax|slp|[msg]\n|move|p2a: Snorlax|Sleep Talk||[still]\n|-fail|p2a: Snorlax\n|\n|upkeep\n|turn|66\n|\n|t:|1781418875\n|move|p1a: Trevenant|Poltergeist|p2a: Snorlax\n|-immune|p2a: Snorlax\n|move|p2a: Snorlax|Sleep Talk||[still]\n|-fail|p2a: Snorlax\n|\n|upkeep\n|turn|67\n|\n|t:|1781418890\n|move|p1a: Trevenant|Poltergeist|p2a: Snorlax\n|-immune|p2a: Snorlax\n|move|p2a: Snorlax|Sleep Talk||[still]\n|-fail|p2a: Snorlax\n|\n|upkeep\n|turn|68\n|\n|t:|1781418892\n|move|p1a: Trevenant|Poltergeist|p2a: Snorlax\n|-immune|p2a: Snorlax\n|move|p2a: Snorlax|Sleep Talk||[still]\n|-fail|p2a: Snorlax\n|\n|upkeep\n|turn|69\n|\n|t:|1781418896\n|move|p1a: Trevenant|Poltergeist|p2a: Snorlax\n|-immune|p2a: Snorlax\n|move|p2a: Snorlax|Body Slam|p1a: Trevenant\n|-immune|p1a: Trevenant\n|\n|upkeep\n|turn|70\n|\n|t:|1781418900\n|move|p1a: Trevenant|Poltergeist|p2a: Snorlax\n|-immune|p2a: Snorlax\n|move|p2a: Snorlax|Body Slam|p1a: Trevenant\n|-immune|p1a: Trevenant\n|\n|upkeep\n|turn|71\n|\n|t:|1781418902\n|move|p1a: Trevenant|Poltergeist|p2a: Snorlax\n|-immune|p2a: Snorlax\n|move|p2a: Snorlax|Body Slam|p1a: Trevenant\n|-immune|p1a: Trevenant\n|\n|upkeep\n|turn|72\n|\n|t:|1781418916\n|switch|p1a: Fezandipiti|Fezandipiti, L82, M|227/278\n|-damage|p1a: Fezandipiti|193/278|[from] Stealth Rock\n|move|p2a: Snorlax|Body Slam|p1a: Fezandipiti\n|-damage|p1a: Fezandipiti|0 fnt\n|faint|p1a: Fezandipiti\n|\n|upkeep\n|\n|t:|1781418918\n|switch|p1a: Trevenant|Trevenant, L89, M|102/296\n|-damage|p1a: Trevenant|65/296|[from] Stealth Rock\n|turn|73\n|\n|t:|1781418921\n|move|p1a: Trevenant|Wood Hammer|p2a: Snorlax\n|-damage|p2a: Snorlax|319/397\n|-damage|p1a: Trevenant|39/296|[from] Recoil\n|move|p2a: Snorlax|Body Slam|p1a: Trevenant\n|-immune|p1a: Trevenant\n|\n|-heal|p2a: Snorlax|343/397|[from] item: Leftovers\n|upkeep\n|turn|74\n|\n|t:|1781418928\n|move|p1a: Trevenant|Wood Hammer|p2a: Snorlax\n|-damage|p2a: Snorlax|273/397\n|-damage|p1a: Trevenant|16/296|[from] Recoil\n|move|p2a: Snorlax|Body Slam|p1a: Trevenant\n|-immune|p1a: Trevenant\n|\n|-heal|p2a: Snorlax|297/397|[from] item: Leftovers\n|upkeep\n|turn|75\n|\n|t:|1781418941\n|move|p1a: Trevenant|Wood Hammer|p2a: Snorlax\n|-damage|p2a: Snorlax|224/397\n|-damage|p1a: Trevenant|0 fnt|[from] Recoil\n|faint|p1a: Trevenant\n|move|p2a: Snorlax|Body Slam|p1: Trevenant|[notarget]\n|-fail|p2a: Snorlax\n|\n|-heal|p2a: Snorlax|248/397|[from] item: Leftovers\n|upkeep\n|\n|t:|1781418948\n|switch|p1a: Rayquaza|Rayquaza, L72|270/270\n|-damage|p1a: Rayquaza|203/270|[from] Stealth Rock\n|-ability|p1a: Rayquaza|Air Lock\n|turn|76\n|c|\u2606Butterlol|unluckiest trevenant ever\n|\n|t:|1781418955\n|-terastallize|p1a: Rayquaza|Flying\n|move|p1a: Rayquaza|Dragon Ascent|p2a: Snorlax\n|-damage|p2a: Snorlax|190/397\n|-unboost|p1a: Rayquaza|def|1\n|-unboost|p1a: Rayquaza|spd|1\n|move|p2a: Snorlax|Body Slam|p1a: Rayquaza\n|-damage|p1a: Rayquaza|0 fnt\n|faint|p1a: Rayquaza\n|\n|win|Butterlol\n|raw|GGeodude1212's rating: 1621 &rarr; <strong>1604</strong><br />(-17 for losing)\n|raw|Butterlol's rating: 1670 &rarr; <strong>1687</strong><br />(+17 for winning)\n|c|\u2606GGeodude1212|gg\n|l|\u2606GGeodude1212\n|player|p1|\n|c|\u2606Butterlol|gg\n", "uploadtime": 1781418967, "views": 5, "formatid": "gen9randombattle", "rating": 1604, "private": 0, "password": null}