{"id": "gen9randombattle-2631444813", "format": "[Gen 9] Random Battle", "players": ["Meowerdoom", "Petilil37"], "log": "|j|\u2606Meowerdoom\n|j|\u203dPetilil37\n|t:|1781385483\n|gametype|singles\n|player|p1|Meowerdoom|burgh|2076\n|player|p2|Petilil37|2|2103\n|gen|9\n|tier|[Gen 9] Random Battle\n|rated|\n|rule|Species Clause: Limit one of each Pok\u00e9mon\n|rule|HP Percentage Mod: HP is shown in percentages\n|rule|Sleep Clause Mod: Limit one foe put to sleep\n|rule|Illusion Level Mod: Illusion disguises the Pok\u00e9mon's true level\n|\n|t:|1781385483\n|teamsize|p1|6\n|teamsize|p2|6\n|start\n|switch|p1a: Hatterene|Hatterene, L85, F|236/236\n|switch|p2a: Porygon-Z|Porygon-Z, L83|277/277\n|turn|1\n|\n|t:|1781385502\n|switch|p1a: Bisharp|Bisharp, L79, F|232/232\n|move|p2a: Porygon-Z|Nasty Plot|p2a: Porygon-Z\n|-boost|p2a: Porygon-Z|spa|2\n|\n|upkeep\n|turn|2\n|\n|t:|1781385511\n|-terastallize|p2a: Porygon-Z|Fighting\n|move|p2a: Porygon-Z|Tera Blast|p1a: Bisharp|[anim] Tera Blast Fighting\n|-supereffective|p1a: Bisharp\n|-damage|p1a: Bisharp|0 fnt\n|faint|p1a: Bisharp\n|-damage|p2a: Porygon-Z|250/277|[from] item: Life Orb\n|\n|upkeep\n|\n|t:|1781385531\n|switch|p1a: Ceruledge|Ceruledge, L78, M|245/245\n|turn|3\n|\n|t:|1781385534\n|-terastallize|p1a: Ceruledge|Fire\n|move|p2a: Porygon-Z|Shadow Ball|p1a: Ceruledge\n|-damage|p1a: Ceruledge|64/245\n|-damage|p2a: Porygon-Z|223/277|[from] item: Life Orb\n|move|p1a: Ceruledge|Bitter Blade|p2a: Porygon-Z\n|-damage|p2a: Porygon-Z|49/277\n|-heal|p1a: Ceruledge|151/245|[from] drain|[of] p2a: Porygon-Z\n|\n|upkeep\n|turn|4\n|c|\u2606Meowerdoom|yeah nothing I have outspeeds\n|c|\u2606Meowerdoom|lmfao\n|-message|Meowerdoom forfeited.\n|\n|win|Petilil37\n", "uploadtime": 1781385485, "views": 8, "formatid": "gen9randombattle", "rating": null, "private": 0, "password": null}