{"id": "gen9randombattle-2631571992", "format": "[Gen 9] Random Battle", "players": ["sirsh4rk", "UU Fent Dealer"], "log": "|j|\u2606sirsh4rk\n|j|\u2606UU Fent Dealer\n|t:|1781402980\n|gametype|singles\n|player|p1|sirsh4rk|steven-masters2|1368\n|player|p2|UU Fent Dealer|170|1344\n|gen|9\n|tier|[Gen 9] Random Battle\n|rated|\n|rule|Species Clause: Limit one of each Pok\u00e9mon\n|rule|HP Percentage Mod: HP is shown in percentages\n|rule|Sleep Clause Mod: Limit one foe put to sleep\n|rule|Illusion Level Mod: Illusion disguises the Pok\u00e9mon's true level\n|\n|t:|1781402980\n|teamsize|p1|6\n|teamsize|p2|6\n|start\n|switch|p1a: Illumise|Illumise, L91, F|266/266\n|switch|p2a: Wugtrio|Wugtrio, L91, F|212/212\n|turn|1\n|inactive|Battle timer is ON: inactive players will automatically lose when time's up. (requested by sirsh4rk)\n|\n|t:|1781402995\n|move|p1a: Illumise|Thunder Wave|p2a: Wugtrio|[miss]\n|-miss|p1a: Illumise|p2a: Wugtrio\n|move|p2a: Wugtrio|Liquidation|p1a: Illumise\n|-damage|p1a: Illumise|89/266\n|\n|upkeep\n|turn|2\n|\n|t:|1781403004\n|move|p1a: Illumise|Thunder Wave|p2a: Wugtrio\n|-status|p2a: Wugtrio|par\n|move|p2a: Wugtrio|Liquidation|p1a: Illumise\n|-damage|p1a: Illumise|0 fnt\n|faint|p1a: Illumise\n|\n|upkeep\n|\n|t:|1781403013\n|switch|p1a: Arceus|Arceus-Grass, L73|296/296\n|turn|3\n|\n|t:|1781403022\n|switch|p2a: Slowking|Slowking-Galar, L85, M|300/300\n|move|p1a: Arceus|Calm Mind|p1a: Arceus\n|-boost|p1a: Arceus|spa|1\n|-boost|p1a: Arceus|spd|1\n|\n|upkeep\n|turn|4\n|\n|t:|1781403026\n|-terastallize|p1a: Arceus|Ground\n|move|p1a: Arceus|Earth Power|p2a: Slowking\n|-supereffective|p2a: Slowking\n|-damage|p2a: Slowking|100/300\n|move|p2a: Slowking|Sludge Bomb|p1a: Arceus\n|-resisted|p1a: Arceus\n|-damage|p1a: Arceus|263/296\n|\n|-heal|p2a: Slowking|118/300|[from] item: Leftovers\n|upkeep\n|turn|5\n|\n|t:|1781403033\n|switch|p2a: Ditto|Ditto, L87|225/225\n|-transform|p2a: Ditto|p1a: Arceus|[from] ability: Imposter\n|move|p1a: Arceus|Earth Power|p2a: Ditto\n|-resisted|p2a: Ditto\n|-damage|p2a: Ditto|183/225\n|\n|upkeep\n|-start|p2a: Ditto|typechange|Grass|[silent]\n|turn|6\n|\n|t:|1781403041\n|switch|p1a: Delphox|Delphox, L84, F|263/263\n|move|p2a: Ditto|Ice Beam|p1a: Delphox\n|-resisted|p1a: Delphox\n|-damage|p1a: Delphox|215/263\n|\n|upkeep\n|turn|7\n|\n|t:|1781403052\n|switch|p2a: Luvdisc|Luvdisc, M|247/247\n|move|p1a: Delphox|Grass Knot|p2a: Luvdisc\n|-supereffective|p2a: Luvdisc\n|-damage|p2a: Luvdisc|199/247\n|\n|upkeep\n|turn|8\n|\n|t:|1781403058\n|switch|p1a: Cyclizar|Cyclizar, L83, M|252/252\n|move|p2a: Luvdisc|Substitute|p2a: Luvdisc\n|-start|p2a: Luvdisc|Substitute\n|-damage|p2a: Luvdisc|138/247\n|\n|upkeep\n|turn|9\n|\n|t:|1781403062\n|move|p2a: Luvdisc|Endeavor|p1a: Cyclizar\n|-damage|p1a: Cyclizar|138/252\n|move|p1a: Cyclizar|Shed Tail|p1a: Cyclizar\n|-start|p1a: Cyclizar|Substitute|[from] move: Shed Tail\n|-damage|p1a: Cyclizar|12/252\n|\n|t:|1781403066\n|switch|p1a: Calyrex|Calyrex-Shadow, L64|235/235|[from] Shed Tail\n|-ability|p1a: Calyrex|As One\n|-ability|p1a: Calyrex|Unnerve\n|\n|upkeep\n|turn|10\n|\n|t:|1781403069\n|move|p2a: Luvdisc|Surf|p1a: Calyrex\n|-end|p1a: Calyrex|Substitute\n|move|p1a: Calyrex|Astral Barrage|p2a: Luvdisc\n|-end|p2a: Luvdisc|Substitute\n|\n|upkeep\n|turn|11\n|\n|t:|1781403076\n|move|p2a: Luvdisc|Flip Turn|p1a: Calyrex\n|-damage|p1a: Calyrex|180/235\n|\n|t:|1781403079\n|switch|p2a: Gumshoos|Gumshoos, L95, F|321/321|[from] Flip Turn\n|move|p1a: Calyrex|Astral Barrage|p2a: Gumshoos\n|-immune|p2a: Gumshoos\n|\n|upkeep\n|turn|12\n|-message|sirsh4rk forfeited.\n|\n|win|UU Fent Dealer\n|raw|sirsh4rk's rating: 1368 &rarr; <strong>1347</strong><br />(-21 for losing)\n|raw|UU Fent Dealer's rating: 1344 &rarr; <strong>1365</strong><br />(+21 for winning)\n|l|\u2606sirsh4rk\n|player|p1|\n", "uploadtime": 1781403086, "views": 3, "formatid": "gen9randombattle", "rating": 1347, "private": 0, "password": null}