{"id": "gen9randombattle-2631405545", "format": "[Gen 9] Random Battle", "players": ["who is xi", "Zabalilla"], "log": "|j|\u2606who is xi\n|j|\u2606Zabalilla\n|t:|1781380724\n|gametype|singles\n|player|p1|who is xi|policeman|2112\n|player|p2|Zabalilla|170|2083\n|gen|9\n|tier|[Gen 9] Random Battle\n|rated|\n|rule|Species Clause: Limit one of each Pok\u00e9mon\n|rule|HP Percentage Mod: HP is shown in percentages\n|rule|Sleep Clause Mod: Limit one foe put to sleep\n|rule|Illusion Level Mod: Illusion disguises the Pok\u00e9mon's true level\n|\n|t:|1781380724\n|teamsize|p1|6\n|teamsize|p2|6\n|start\n|switch|p1a: Hydrapple|Hydrapple, L83, M|312/312\n|switch|p2a: Tornadus|Tornadus-Therian, L79, M|254/254\n|turn|1\n|inactive|Battle timer is ON: inactive players will automatically lose when time's up. (requested by who is xi)\n|\n|t:|1781380737\n|switch|p1a: Excadrill|Excadrill, L79, M|303/303\n|-ability|p1a: Excadrill|Mold Breaker\n|move|p2a: Tornadus|Bleakwind Storm|p1a: Excadrill\n|-resisted|p1a: Excadrill\n|-damage|p1a: Excadrill|230/303\n|\n|upkeep\n|turn|2\n|\n|t:|1781380745\n|move|p2a: Tornadus|Bleakwind Storm|p1a: Excadrill|[miss]\n|-miss|p2a: Tornadus|p1a: Excadrill\n|move|p1a: Excadrill|Rapid Spin|p2a: Tornadus\n|-crit|p2a: Tornadus\n|-damage|p2a: Tornadus|178/254\n|-boost|p1a: Excadrill|spe|1\n|\n|upkeep\n|turn|3\n|\n|t:|1781380754\n|switch|p2a: Gothitelle|Gothitelle, L90, M|272/272\n|move|p1a: Excadrill|Rock Slide|p2a: Gothitelle\n|-damage|p2a: Gothitelle|216/272\n|\n|-heal|p2a: Gothitelle|233/272|[from] item: Leftovers\n|upkeep\n|turn|4\n|\n|t:|1781380759\n|move|p1a: Excadrill|Earthquake|p2a: Gothitelle\n|-damage|p2a: Gothitelle|127/272\n|move|p2a: Gothitelle|Dark Pulse|p1a: Excadrill\n|-damage|p1a: Excadrill|175/303\n|\n|-heal|p2a: Gothitelle|144/272|[from] item: Leftovers\n|upkeep\n|turn|5\n|\n|t:|1781380764\n|switch|p2a: Barraskewda|Barraskewda, L81, M|231/231\n|move|p1a: Excadrill|Earthquake|p2a: Barraskewda\n|-damage|p2a: Barraskewda|77/231\n|\n|upkeep\n|turn|6\n|\n|t:|1781380769\n|move|p1a: Excadrill|Earthquake|p2a: Barraskewda\n|-damage|p2a: Barraskewda|0 fnt\n|faint|p2a: Barraskewda\n|\n|upkeep\n|\n|t:|1781380771\n|switch|p2a: Tornadus|Tornadus-Therian, L79, M|254/254\n|turn|7\n|\n|t:|1781380774\n|move|p1a: Excadrill|Rock Slide|p2a: Tornadus|[miss]\n|-miss|p1a: Excadrill|p2a: Tornadus\n|move|p2a: Tornadus|Heat Wave|p1a: Excadrill|[miss]\n|-miss|p2a: Tornadus|p1a: Excadrill\n|\n|upkeep\n|turn|8\n|\n|t:|1781380776\n|move|p1a: Excadrill|Rock Slide|p2a: Tornadus\n|-supereffective|p2a: Tornadus\n|-damage|p2a: Tornadus|108/254\n|move|p2a: Tornadus|Heat Wave|p1a: Excadrill\n|-supereffective|p1a: Excadrill\n|-damage|p1a: Excadrill|5/303\n|\n|upkeep\n|turn|9\n|\n|t:|1781380780\n|switch|p2a: Gothitelle|Gothitelle, L90, M|144/272\n|move|p1a: Excadrill|Rock Slide|p2a: Gothitelle\n|-damage|p2a: Gothitelle|93/272\n|\n|-heal|p2a: Gothitelle|110/272|[from] item: Leftovers\n|upkeep\n|turn|10\n|\n|t:|1781380783\n|move|p1a: Excadrill|Earthquake|p2a: Gothitelle\n|-damage|p2a: Gothitelle|0 fnt\n|faint|p2a: Gothitelle\n|\n|upkeep\n|\n|t:|1781380791\n|switch|p2a: Tornadus|Tornadus-Therian, L79, M|192/254\n|turn|11\n|\n|t:|1781380794\n|move|p1a: Excadrill|Iron Head|p2a: Tornadus\n|-damage|p2a: Tornadus|86/254\n|move|p2a: Tornadus|U-turn|p1a: Excadrill\n|-resisted|p1a: Excadrill\n|-damage|p1a: Excadrill|0 fnt\n|faint|p1a: Excadrill\n|\n|t:|1781380798\n|switch|p2a: Seviper|Seviper, L93, M|287/287|[from] U-turn\n|\n|upkeep\n|\n|t:|1781380801\n|switch|p1a: Latios|Latios, L78, M|253/253\n|turn|12\n|\n|t:|1781380807\n|move|p2a: Seviper|Switcheroo|p1a: Latios\n|-activate|p2a: Seviper|move: Trick|[of] p1a: Latios\n|-item|p1a: Latios|Choice Scarf|[from] move: Switcheroo\n|-item|p2a: Seviper|Choice Specs|[from] move: Switcheroo\n|move|p1a: Latios|Luster Purge|p2a: Seviper\n|-supereffective|p2a: Seviper\n|-damage|p2a: Seviper|15/287\n|-unboost|p2a: Seviper|spd|1\n|\n|upkeep\n|turn|13\n|\n|t:|1781380813\n|switch|p2a: Magnezone|Magnezone, L85|258/258\n|move|p1a: Latios|Luster Purge|p2a: Magnezone\n|-resisted|p2a: Magnezone\n|-damage|p2a: Magnezone|208/258\n|-unboost|p2a: Magnezone|spd|1\n|\n|-heal|p2a: Magnezone|224/258|[from] item: Leftovers\n|upkeep\n|turn|14\n|\n|t:|1781380818\n|move|p1a: Latios|Luster Purge|p2a: Magnezone\n|-resisted|p2a: Magnezone\n|-damage|p2a: Magnezone|149/258\n|-unboost|p2a: Magnezone|spd|1\n|move|p2a: Magnezone|Iron Defense|p2a: Magnezone\n|-boost|p2a: Magnezone|def|2\n|\n|-heal|p2a: Magnezone|165/258|[from] item: Leftovers\n|upkeep\n|turn|15\n|\n|t:|1781380823\n|move|p1a: Latios|Luster Purge|p2a: Magnezone\n|-resisted|p2a: Magnezone\n|-damage|p2a: Magnezone|63/258\n|move|p2a: Magnezone|Discharge|p1a: Latios\n|-resisted|p1a: Latios\n|-damage|p1a: Latios|203/253\n|\n|-heal|p2a: Magnezone|79/258|[from] item: Leftovers\n|upkeep\n|turn|16\n|\n|t:|1781380827\n|move|p1a: Latios|Luster Purge|p2a: Magnezone\n|-resisted|p2a: Magnezone\n|-damage|p2a: Magnezone|0 fnt\n|faint|p2a: Magnezone\n|\n|upkeep\n|\n|t:|1781380830\n|switch|p2a: Tornadus|Tornadus-Therian, L79, M|170/254\n|turn|17\n|\n|t:|1781380832\n|move|p1a: Latios|Luster Purge|p2a: Tornadus\n|-damage|p2a: Tornadus|53/254\n|move|p2a: Tornadus|Bleakwind Storm|p1a: Latios\n|-damage|p1a: Latios|68/253\n|-unboost|p1a: Latios|spe|1\n|\n|upkeep\n|turn|18\n|\n|t:|1781380834\n|move|p2a: Tornadus|Bleakwind Storm|p1a: Latios|[miss]\n|-miss|p2a: Tornadus|p1a: Latios\n|move|p1a: Latios|Luster Purge|p2a: Tornadus\n|-damage|p2a: Tornadus|0 fnt\n|faint|p2a: Tornadus\n|\n|upkeep\n|\n|t:|1781380835\n|switch|p2a: Thundurus|Thundurus-Therian, L80, M|258/258\n|turn|19\n|\n|t:|1781380838\n|switch|p1a: Rotom|Rotom-Mow, L87|229/229\n|move|p2a: Thundurus|Nasty Plot|p2a: Thundurus\n|-boost|p2a: Thundurus|spa|2\n|\n|upkeep\n|turn|20\n|\n|t:|1781380842\n|move|p2a: Thundurus|Sludge Wave|p1a: Rotom\n|-supereffective|p1a: Rotom\n|-damage|p1a: Rotom|0 fnt\n|faint|p1a: Rotom\n|\n|upkeep\n|\n|t:|1781380847\n|switch|p1a: Gastrodon|Gastrodon, L86, M|331/331\n|turn|21\n|\n|t:|1781380855\n|switch|p1a: Hydrapple|Hydrapple, L83, M|312/312\n|move|p2a: Thundurus|Psychic|p1a: Hydrapple\n|-damage|p1a: Hydrapple|146/312\n|\n|upkeep\n|turn|22\n|\n|t:|1781380861\n|move|p2a: Thundurus|Thunderbolt|p1a: Hydrapple\n|-resisted|p1a: Hydrapple\n|-damage|p1a: Hydrapple|82/312\n|move|p1a: Hydrapple|Fickle Beam|p2a: Thundurus\n|-damage|p2a: Thundurus|96/258\n|\n|upkeep\n|turn|23\n|\n|t:|1781380864\n|move|p2a: Thundurus|Sludge Wave|p1a: Hydrapple\n|-supereffective|p1a: Hydrapple\n|-damage|p1a: Hydrapple|0 fnt\n|faint|p1a: Hydrapple\n|\n|upkeep\n|\n|t:|1781380866\n|switch|p1a: Latios|Latios, L78, M|68/253\n|turn|24\n|\n|t:|1781380868\n|move|p1a: Latios|Luster Purge|p2a: Thundurus\n|-damage|p2a: Thundurus|0 fnt\n|faint|p2a: Thundurus\n|\n|upkeep\n|-message|Zabalilla forfeited.\n|\n|win|who is xi\n", "uploadtime": 1781380725, "views": 6, "formatid": "gen9randombattle", "rating": null, "private": 0, "password": null}