{"id": "gen9randombattle-2631745856", "format": "[Gen 9] Random Battle", "players": ["joebidenfan1245", "FireHowe"], "log": "|j|\u2606joebidenfan1245\n|j|\u2606FireHowe\n|t:|1781432814\n|gametype|singles\n|player|p1|joebidenfan1245|265|1933\n|player|p2|FireHowe|giovanni|1982\n|gen|9\n|tier|[Gen 9] Random Battle\n|rated|\n|rule|Species Clause: Limit one of each Pok\u00e9mon\n|rule|HP Percentage Mod: HP is shown in percentages\n|rule|Sleep Clause Mod: Limit one foe put to sleep\n|rule|Illusion Level Mod: Illusion disguises the Pok\u00e9mon's true level\n|\n|t:|1781432814\n|teamsize|p1|6\n|teamsize|p2|6\n|start\n|switch|p1a: Alomomola|Alomomola, L87, F|429/429\n|switch|p2a: Swalot|Swalot, L90, F|326/326\n|turn|1\n|inactive|Battle timer is ON: inactive players will automatically lose when time's up. (requested by FireHowe)\n|\n|t:|1781432825\n|move|p1a: Alomomola|Scald|p2a: Swalot\n|-damage|p2a: Swalot|278/326\n|move|p2a: Swalot|Swords Dance|p2a: Swalot\n|-boost|p2a: Swalot|atk|2\n|\n|-heal|p2a: Swalot|298/326|[from] item: Leftovers\n|upkeep\n|turn|2\n|\n|t:|1781432829\n|move|p1a: Alomomola|Scald|p2a: Swalot\n|-damage|p2a: Swalot|249/326\n|move|p2a: Swalot|Gunk Shot|p1a: Alomomola\n|-damage|p1a: Alomomola|195/429\n|\n|-heal|p2a: Swalot|269/326|[from] item: Leftovers\n|upkeep\n|turn|3\n|\n|t:|1781432840\n|move|p1a: Alomomola|Scald|p2a: Swalot\n|-damage|p2a: Swalot|223/326\n|move|p2a: Swalot|Gunk Shot|p1a: Alomomola\n|-damage|p1a: Alomomola|0 fnt\n|faint|p1a: Alomomola\n|\n|-heal|p2a: Swalot|243/326|[from] item: Leftovers\n|upkeep\n|-message|joebidenfan1245 forfeited.\n|\n|win|FireHowe\n", "uploadtime": 1781432816, "views": 3, "formatid": "gen9randombattle", "rating": null, "private": 0, "password": null}