{"id": "gen9randombattle-2631669069", "format": "[Gen 9] Random Battle", "players": ["SuperMachFlash", "froz3nwaffl3s"], "log": "|j|\u2606SuperMachFlash\n|j|\u2606froz3nwaffl3s\n|t:|1781418355\n|gametype|singles\n|player|p1|SuperMachFlash|ingo|1170\n|player|p2|froz3nwaffl3s|170|1131\n|gen|9\n|tier|[Gen 9] Random Battle\n|rated|\n|rule|Species Clause: Limit one of each Pok\u00e9mon\n|rule|HP Percentage Mod: HP is shown in percentages\n|rule|Sleep Clause Mod: Limit one foe put to sleep\n|rule|Illusion Level Mod: Illusion disguises the Pok\u00e9mon's true level\n|\n|t:|1781418355\n|teamsize|p1|6\n|teamsize|p2|6\n|start\n|switch|p1a: Hitmontop|Hitmontop, L88, M|231/231\n|switch|p2a: Lanturn|Lanturn, L89, F|367/367\n|turn|1\n|inactive|Battle timer is ON: inactive players will automatically lose when time's up. (requested by SuperMachFlash)\n|inactive|froz3nwaffl3s has 120 seconds left.\n|\n|t:|1781418387\n|switch|p1a: Garchomp|Garchomp, L74, F|282/282\n|move|p2a: Lanturn|Thunder Wave|p1a: Garchomp\n|-immune|p1a: Garchomp\n|\n|upkeep\n|turn|2\n|\n|t:|1781418397\n|move|p1a: Garchomp|Swords Dance|p1a: Garchomp\n|-boost|p1a: Garchomp|atk|2\n|move|p2a: Lanturn|Ice Beam|p1a: Garchomp\n|-supereffective|p1a: Garchomp\n|-damage|p1a: Garchomp|18/282\n|\n|upkeep\n|turn|3\n|\n|t:|1781418404\n|-terastallize|p2a: Lanturn|Flying\n|move|p1a: Garchomp|Earthquake|p2a: Lanturn\n|-immune|p2a: Lanturn\n|move|p2a: Lanturn|Ice Beam|p1a: Garchomp\n|-supereffective|p1a: Garchomp\n|-damage|p1a: Garchomp|0 fnt\n|faint|p1a: Garchomp\n|\n|upkeep\n|\n|t:|1781418417\n|switch|p1a: Milotic|Milotic, L83, M|293/293\n|turn|4\n|c|\u2606SuperMachFlash|fuck this man I want to die\n|-message|SuperMachFlash forfeited.\n|\n|win|froz3nwaffl3s\n", "uploadtime": 1781418429, "views": 3, "formatid": "gen9randombattle", "rating": null, "private": 0, "password": null}