{"id": "smogtours-gen9randombattle-946987", "format": "[Gen 9] Random Battle", "players": ["LANNNA", "skeiew"], "log": "|inactive|Battle timer is ON: inactive players will automatically lose when time's up.\n|t:|1781463279\n|gametype|singles\n|player|p1|LANNNA|#wcop2026brazil2|\n|player|p2|skeiew|#wcop2026brazil2|\n|gen|9\n|tier|[Gen 9] Random Battle\n|rule|Species Clause: Limit one of each Pok\u00e9mon\n|rule|HP Percentage Mod: HP is shown in percentages\n|rule|Sleep Clause Mod: Limit one foe put to sleep\n|rule|Illusion Level Mod: Illusion disguises the Pok\u00e9mon's true level\n|\n|t:|1781463279\n|teamsize|p1|6\n|teamsize|p2|6\n|start\n|switch|p1a: Minior|Minior-Indigo, L79|224/224\n|switch|p2a: Walking Wake|Walking Wake, L79|286/286\n|-formechange|p1a: Minior|Minior-Meteor||[from] ability: Shields Down\n|turn|1\n|c|+fate1q|safados\n|inactive|LANNNA has 270 seconds left.\n|inactive|skeiew has 270 seconds left.\n|-message|LANNNA forfeited.\n|\n|win|skeiew\n", "uploadtime": 1781463311, "views": 2, "formatid": "gen9randombattle", "rating": null, "private": 0, "password": null}