{"id": "smogtours-gen9randombattle-947035", "format": "[Gen 9] Random Battle", "players": ["LpX 4V", "vkkkkkk"], "log": "|inactive|Battle timer is ON: inactive players will automatically lose when time's up.\n|t:|1781464386\n|gametype|singles\n|player|p1|LpX 4V|#wcop2026brazil2|\n|player|p2|vkkkkkk|#wcop2026brazil2|\n|gen|9\n|tier|[Gen 9] Random Battle\n|rule|Species Clause: Limit one of each Pok\u00e9mon\n|rule|HP Percentage Mod: HP is shown in percentages\n|rule|Sleep Clause Mod: Limit one foe put to sleep\n|rule|Illusion Level Mod: Illusion disguises the Pok\u00e9mon's true level\n|\n|t:|1781464386\n|teamsize|p1|6\n|teamsize|p2|6\n|start\n|switch|p1a: Spidops|Spidops, L96, M|271/271\n|switch|p2a: Glalie|Glalie, L96, F|309/309\n|turn|1\n|\n|t:|1781464403\n|move|p2a: Glalie|Taunt|p1a: Spidops\n|-start|p1a: Spidops|move: Taunt\n|cant|p1a: Spidops|move: Taunt|Sticky Web\n|\n|upkeep\n|turn|2\n|\n|t:|1781464408\n|move|p2a: Glalie|Spikes|p1a: Spidops\n|-sidestart|p1: LpX 4V|Spikes\n|move|p1a: Spidops|Circle Throw|p2a: Glalie\n|-supereffective|p2a: Glalie\n|-damage|p2a: Glalie|225/309\n|drag|p2a: Toedscruel|Toedscruel, L87, M|281/281\n|\n|upkeep\n|turn|3\n|c|+raj.shoot|Didn't know vk moved to Brazil\n|\n|t:|1781464416\n|move|p2a: Toedscruel|Spore|p1a: Spidops\n|-status|p1a: Spidops|slp|[from] move: Spore\n|cant|p1a: Spidops|slp\n|\n|-end|p1a: Spidops|move: Taunt\n|upkeep\n|turn|4\n|c|\u2606vkkkkkk|he did\n|c|\u2606vkkkkkk|kkkkk\n|c|\u2606LpX 4V|you did*\n|\n|t:|1781464427\n|switch|p2a: Iron Thorns|Iron Thorns, L83|302/302\n|cant|p1a: Spidops|slp\n|\n|upkeep\n|turn|5\n|c|+raj.shoot|Kkkkkkkkk\n|c|\u2606LpX 4V|sorry team ggs\n|c|\u2606vkkkkkk|I did*\n|-message|LpX 4V forfeited.\n|\n|win|vkkkkkk\n", "uploadtime": 1781464437, "views": 3, "formatid": "gen9randombattle", "rating": null, "private": 0, "password": null}