{"id": "gen9randombattle-2631622428", "format": "[Gen 9] Random Battle", "players": ["suchalongnam", "Elite 4 Waally"], "log": "|j|\u2606suchalongnam\n|j|\u2606Elite 4 Waally\n|t:|1781410328\n|gametype|singles\n|player|p1|suchalongnam|266|1993\n|player|p2|Elite 4 Waally|wally|1939\n|gen|9\n|tier|[Gen 9] Random Battle\n|rated|\n|rule|Species Clause: Limit one of each Pok\u00e9mon\n|rule|HP Percentage Mod: HP is shown in percentages\n|rule|Sleep Clause Mod: Limit one foe put to sleep\n|rule|Illusion Level Mod: Illusion disguises the Pok\u00e9mon's true level\n|\n|t:|1781410328\n|teamsize|p1|6\n|teamsize|p2|6\n|start\n|switch|p1a: Conkeldurr|Conkeldurr, L80, F|299/299\n|switch|p2a: Amoonguss|Amoonguss, L82, M|321/321\n|turn|1\n|inactive|Battle timer is ON: inactive players will automatically lose when time's up. (requested by Elite 4 Waally)\n|\n|t:|1781410360\n|move|p1a: Conkeldurr|Knock Off|p2a: Amoonguss\n|-damage|p2a: Amoonguss|218/321\n|-enditem|p2a: Amoonguss|Leftovers|[from] move: Knock Off|[of] p1a: Conkeldurr\n|move|p2a: Amoonguss|Spore|p1a: Conkeldurr\n|-status|p1a: Conkeldurr|slp|[from] move: Spore\n|\n|upkeep\n|turn|2\n|\n|t:|1781410371\n|cant|p1a: Conkeldurr|slp\n|move|p2a: Amoonguss|Sludge Bomb|p1a: Conkeldurr\n|-crit|p1a: Conkeldurr\n|-damage|p1a: Conkeldurr|146/299 slp\n|\n|upkeep\n|turn|3\n|\n|t:|1781410375\n|switch|p1a: Duraludon|Duraludon, L82, M|249/249\n|move|p2a: Amoonguss|Sludge Bomb|p1a: Duraludon\n|-immune|p1a: Duraludon\n|\n|upkeep\n|turn|4\n|\n|t:|1781410379\n|switch|p2a: Whiscash|Whiscash, L88, M|337/337\n|move|p1a: Duraludon|Stealth Rock|p2a: Whiscash\n|-sidestart|p2: Elite 4 Waally|move: Stealth Rock\n|\n|upkeep\n|turn|5\n|\n|t:|1781410387\n|switch|p1a: Shiftry|Shiftry, L89, F|305/305\n|move|p2a: Whiscash|Stealth Rock|p1a: Shiftry\n|-sidestart|p1: suchalongnam|move: Stealth Rock\n|\n|upkeep\n|turn|6\n|\n|t:|1781410400\n|switch|p2a: Tentacruel|Tentacruel, L84, F|272/272\n|-damage|p2a: Tentacruel|238/272|[from] Stealth Rock\n|move|p1a: Shiftry|Swords Dance|p1a: Shiftry\n|-boost|p1a: Shiftry|atk|2\n|\n|upkeep\n|turn|7\n|\n|t:|1781410404\n|move|p1a: Shiftry|Sucker Punch|p2a: Tentacruel\n|-damage|p2a: Tentacruel|0 fnt\n|faint|p2a: Tentacruel\n|-damage|p1a: Shiftry|275/305|[from] item: Life Orb\n|\n|upkeep\n|\n|t:|1781410409\n|switch|p2a: Persian|Persian, L92, M|269/269\n|-damage|p2a: Persian|236/269|[from] Stealth Rock\n|turn|8\n|\n|t:|1781410414\n|move|p2a: Persian|Fake Out|p1a: Shiftry\n|-damage|p1a: Shiftry|193/305\n|cant|p1a: Shiftry|flinch\n|\n|upkeep\n|turn|9\n|\n|t:|1781410419\n|switch|p2a: Scrafty|Scrafty, L83, F|244/244\n|-damage|p2a: Scrafty|229/244|[from] Stealth Rock\n|move|p1a: Shiftry|Knock Off|p2a: Scrafty\n|-resisted|p2a: Scrafty\n|-damage|p2a: Scrafty|165/244\n|-enditem|p2a: Scrafty|Leftovers|[from] move: Knock Off|[of] p1a: Shiftry\n|-damage|p1a: Shiftry|163/305|[from] item: Life Orb\n|\n|upkeep\n|turn|10\n|\n|t:|1781410427\n|-terastallize|p2a: Scrafty|Poison\n|move|p1a: Shiftry|Leaf Blade|p2a: Scrafty\n|-resisted|p2a: Scrafty\n|-damage|p2a: Scrafty|49/244\n|-damage|p1a: Shiftry|133/305|[from] item: Life Orb\n|move|p2a: Scrafty|Drain Punch|p1a: Shiftry\n|-supereffective|p1a: Shiftry\n|-crit|p1a: Shiftry\n|-damage|p1a: Shiftry|0 fnt\n|-heal|p2a: Scrafty|116/244|[from] drain|[of] p1a: Shiftry\n|faint|p1a: Shiftry\n|\n|upkeep\n|\n|t:|1781410439\n|switch|p1a: Palafin|Palafin, L77, F|281/281\n|-damage|p1a: Palafin|246/281|[from] Stealth Rock\n|turn|11\n|\n|t:|1781410442\n|move|p1a: Palafin|Flip Turn|p2a: Scrafty\n|-damage|p2a: Scrafty|64/244\n|\n|t:|1781410444\n|detailschange|p1a: Palafin|Palafin-Hero, L77, F\n|switch|p1a: Conkeldurr|Conkeldurr, L80, F|146/299 slp|[from] Flip Turn\n|-damage|p1a: Conkeldurr|128/299 slp|[from] Stealth Rock\n|move|p2a: Scrafty|Bulk Up|p2a: Scrafty\n|-boost|p2a: Scrafty|atk|1\n|-boost|p2a: Scrafty|def|1\n|\n|upkeep\n|turn|12\n|\n|t:|1781410449\n|move|p2a: Scrafty|Drain Punch|p1a: Conkeldurr\n|-damage|p1a: Conkeldurr|14/299 slp\n|-heal|p2a: Scrafty|121/244|[from] drain|[of] p1a: Conkeldurr\n|-curestatus|p1a: Conkeldurr|slp|[msg]\n|move|p1a: Conkeldurr|Facade|p2a: Scrafty\n|-damage|p2a: Scrafty|90/244\n|\n|-status|p1a: Conkeldurr|brn|[from] item: Flame Orb\n|upkeep\n|turn|13\n|\n|t:|1781410454\n|move|p2a: Scrafty|Drain Punch|p1a: Conkeldurr\n|-damage|p1a: Conkeldurr|0 fnt\n|-heal|p2a: Scrafty|97/244|[from] drain|[of] p1a: Conkeldurr\n|faint|p1a: Conkeldurr\n|\n|upkeep\n|\n|t:|1781410456\n|switch|p1a: Gardevoir|Gardevoir, L83, F|249/249\n|-damage|p1a: Gardevoir|218/249|[from] Stealth Rock\n|-ability|p1a: Gardevoir|Shed Skin|Trace|[from] ability: Trace|[of] p2a: Scrafty\n|turn|14\n|\n|t:|1781410460\n|move|p1a: Gardevoir|Psyshock|p2a: Scrafty\n|-supereffective|p2a: Scrafty\n|-damage|p2a: Scrafty|0 fnt\n|faint|p2a: Scrafty\n|\n|upkeep\n|\n|t:|1781410465\n|switch|p2a: Whiscash|Whiscash, L88, M|337/337\n|-damage|p2a: Whiscash|316/337|[from] Stealth Rock\n|turn|15\n|\n|t:|1781410481\n|move|p1a: Gardevoir|Psyshock|p2a: Whiscash\n|-crit|p2a: Whiscash\n|-damage|p2a: Whiscash|154/337\n|move|p2a: Whiscash|Spikes|p1a: Gardevoir\n|-sidestart|p1: suchalongnam|Spikes\n|\n|-heal|p2a: Whiscash|175/337|[from] item: Leftovers\n|upkeep\n|turn|16\n|\n|t:|1781410488\n|move|p1a: Gardevoir|Psyshock|p2a: Whiscash\n|-damage|p2a: Whiscash|73/337\n|move|p2a: Whiscash|Earthquake|p1a: Gardevoir\n|-damage|p1a: Gardevoir|82/249\n|\n|-heal|p2a: Whiscash|94/337|[from] item: Leftovers\n|upkeep\n|turn|17\n|\n|t:|1781410491\n|move|p1a: Gardevoir|Psyshock|p2a: Whiscash\n|-damage|p2a: Whiscash|0 fnt\n|faint|p2a: Whiscash\n|\n|upkeep\n|\n|t:|1781410493\n|switch|p2a: Persian|Persian, L92, M|236/269\n|-damage|p2a: Persian|203/269|[from] Stealth Rock\n|turn|18\n|\n|t:|1781410496\n|switch|p1a: Duraludon|Duraludon, L82, M|249/249\n|-damage|p1a: Duraludon|234/249|[from] Stealth Rock\n|-damage|p1a: Duraludon|203/249|[from] Spikes\n|move|p2a: Persian|Fake Out|p1a: Duraludon\n|-resisted|p1a: Duraludon\n|-damage|p1a: Duraludon|182/249\n|\n|upkeep\n|turn|19\n|\n|t:|1781410500\n|move|p2a: Persian|U-turn|p1a: Duraludon\n|-resisted|p1a: Duraludon\n|-damage|p1a: Duraludon|168/249\n|\n|t:|1781410503\n|switch|p2a: Amoonguss|Amoonguss, L82, M|321/321|[from] U-turn\n|-damage|p2a: Amoonguss|281/321|[from] Stealth Rock\n|move|p1a: Duraludon|Flash Cannon|p2a: Amoonguss\n|-damage|p2a: Amoonguss|178/321\n|\n|upkeep\n|turn|20\n|\n|t:|1781410506\n|move|p1a: Duraludon|Draco Meteor|p2a: Amoonguss\n|-damage|p2a: Amoonguss|0 fnt\n|-unboost|p1a: Duraludon|spa|2\n|faint|p2a: Amoonguss\n|\n|upkeep\n|\n|t:|1781410510\n|switch|p2a: Abomasnow|Abomasnow, L84, M|287/287\n|-damage|p2a: Abomasnow|216/287|[from] Stealth Rock\n|-weather|Snowscape|[from] ability: Snow Warning|[of] p2a: Abomasnow\n|turn|21\n|\n|t:|1781410513\n|move|p1a: Duraludon|Body Press|p2a: Abomasnow\n|-supereffective|p2a: Abomasnow\n|-crit|p2a: Abomasnow\n|-damage|p2a: Abomasnow|84/287\n|move|p2a: Abomasnow|Aurora Veil|p2a: Abomasnow\n|-sidestart|p2: Elite 4 Waally|move: Aurora Veil\n|\n|-weather|Snowscape|[upkeep]\n|upkeep\n|turn|22\n|\n|t:|1781410516\n|move|p1a: Duraludon|Body Press|p2a: Abomasnow\n|-supereffective|p2a: Abomasnow\n|-damage|p2a: Abomasnow|38/287\n|move|p2a: Abomasnow|Blizzard|p1a: Duraludon\n|-damage|p1a: Duraludon|47/249\n|\n|-weather|Snowscape|[upkeep]\n|upkeep\n|turn|23\n|\n|t:|1781410519\n|move|p2a: Abomasnow|Ice Shard|p1a: Duraludon\n|-damage|p1a: Duraludon|23/249\n|move|p1a: Duraludon|Body Press|p2a: Abomasnow\n|-supereffective|p2a: Abomasnow\n|-damage|p2a: Abomasnow|0 fnt\n|faint|p2a: Abomasnow\n|\n|-weather|Snowscape|[upkeep]\n|upkeep\n|\n|t:|1781410522\n|switch|p2a: Persian|Persian, L92, M|203/269\n|-damage|p2a: Persian|170/269|[from] Stealth Rock\n|turn|24\n|\n|t:|1781410525\n|move|p2a: Persian|Knock Off|p1a: Duraludon\n|-damage|p1a: Duraludon|0 fnt\n|-enditem|p1a: Duraludon|Eviolite|[from] move: Knock Off|[of] p2a: Persian\n|faint|p1a: Duraludon\n|\n|-weather|Snowscape|[upkeep]\n|upkeep\n|\n|t:|1781410528\n|switch|p1a: Barraskewda|Barraskewda, L81, M|231/231\n|-damage|p1a: Barraskewda|203/231|[from] Stealth Rock\n|-damage|p1a: Barraskewda|175/231|[from] Spikes\n|turn|25\n|-message|Elite 4 Waally forfeited.\n|\n|win|suchalongnam\n", "inputlog": ">version a8376a258c1d4662feba110a92103f3664a72141\n>start {\"formatid\":\"gen9randombattle\",\"seed\":\"sodium,843b4b16272c96d80cced2cc9470af48\",\"rated\":\"Rated battle\"}\n>player p1 {\"name\":\"suchalongnam\",\"avatar\":\"266\",\"rating\":1993,\"seed\":\"sodium,ecc15a73b5a5224ab63ea91a741087a6\"}\n>player p2 {\"name\":\"Elite 4 Waally\",\"avatar\":\"wally\",\"rating\":1939,\"seed\":\"sodium,2867e41e8565f172f1f8750d68794d1e\"}\n>p1 move knockoff\n>p2 move spore\n>p1 move facade\n>p2 move sludgebomb\n>p1 switch 3\n>p2 move sludgebomb\n>p1 move stealthrock\n>p2 switch 6\n>p1 switch 4\n>p2 move stealthrock\n>p1 move swordsdance\n>p2 switch 5\n>p1 move suckerpunch\n>p2 move sludgebomb\n>p2 switch 4\n>p1 move knockoff\n>p2 move fakeout\n>p1 move knockoff\n>p2 switch 2\n>p1 move leafblade\n>p2 move drainpunch terastallize\n>p1 switch 2\n>p1 move flipturn\n>p2 move bulkup\n>p1 switch 3\n>p1 move facade\n>p2 move drainpunch\n>p1 move facade\n>p2 move drainpunch\n>p1 switch 6\n>p1 move psyshock\n>p2 move knockoff\n>p2 switch 5\n>p1 move psyshock\n>p2 move spikes\n>p1 move psyshock\n>p2 move earthquake\n>p1 move psyshock\n>p2 move earthquake\n>p2 switch 2\n>p1 switch 4\n>p2 move fakeout\n>p1 move flashcannon\n>p2 move uturn\n>p2 switch 6\n>p1 move dracometeor\n>p2 move spore\n>p2 switch 3\n>p1 move bodypress\n>p2 move auroraveil\n>p1 move bodypress\n>p2 move blizzard\n>p1 move bodypress\n>p2 move iceshard\n>p2 switch 6\n>p1 move bodypress\n>p2 move knockoff\n>p1 switch 5\n>forcelose p2", "uploadtime": 1781410329, "views": 5, "formatid": "gen9randombattle", "rating": null, "private": 0, "password": null, "player_dets": [{"name": "suchalongnam", "avatar": "266", "rating": 1993, "seed": "sodium,ecc15a73b5a5224ab63ea91a741087a6"}, {"name": "Elite 4 Waally", "avatar": "wally", "rating": 1939, "seed": "sodium,2867e41e8565f172f1f8750d68794d1e"}], "teams_full": [{"Conkeldurr": {"name": "Conkeldurr", "species": "Conkeldurr", "speciesId": "conkeldurr", "gender": "F", "shiny": false, "level": 80, "moves": ["machpunch", "knockoff", "facade", "closecombat"], "ability": "Guts", "evs": {"hp": 85, "atk": 85, "def": 85, "spa": 85, "spd": 85, "spe": 85}, "ivs": {"hp": 31, "atk": 31, "def": 31, "spa": 31, "spd": 31, "spe": 31}, "item": "Flame Orb", "teraType": "Normal", "role": "Wallbreaker", "bvs": {"hp": 105, "atk": 140, "def": 95, "spa": 55, "spd": 65, "spe": 45}, "stats": {"hp": 299, "atk": 270, "def": 198, "spa": 134, "spd": 150, "spe": 118}, "types": ["Fighting"]}, "Palafin": {"name": "Palafin", "species": "Palafin", "speciesId": "palafin", "gender": "F", "shiny": false, "level": 77, "moves": ["jetpunch", "flipturn", "closecombat", "wavecrash"], "ability": "Zero to Hero", "evs": {"hp": 85, "atk": 85, "def": 85, "spa": 85, "spd": 85, "spe": 85}, "ivs": {"hp": 31, "atk": 31, "def": 31, "spa": 31, "spd": 31, "spe": 31}, "item": "Choice Band", "teraType": "Water", "role": "Wallbreaker", "bvs": {"hp": 100, "atk": 70, "def": 72, "spa": 53, "spd": 62, "spe": 100}, "stats": {"hp": 281, "atk": 152, "def": 155, "spa": 126, "spd": 140, "spe": 199}, "types": ["Water"]}, "Duraludon": {"name": "Duraludon", "species": "Duraludon", "speciesId": "duraludon", "gender": "M", "shiny": false, "level": 82, "moves": ["bodypress", "dracometeor", "flashcannon", "stealthrock"], "ability": "Light Metal", "evs": {"hp": 85, "atk": 0, "def": 85, "spa": 85, "spd": 85, "spe": 85}, "ivs": {"hp": 31, "atk": 0, "def": 31, "spa": 31, "spd": 31, "spe": 31}, "item": "Eviolite", "teraType": "Fighting", "role": "Bulky Attacker", "bvs": {"hp": 70, "atk": 95, "def": 115, "spa": 120, "spd": 50, "spe": 85}, "stats": {"hp": 249, "atk": 160, "def": 236, "spa": 244, "spd": 129, "spe": 187}, "types": ["Steel", "Dragon"]}, "Shiftry": {"name": "Shiftry", "species": "Shiftry", "speciesId": "shiftry", "gender": "F", "shiny": false, "level": 89, "moves": ["leafblade", "suckerpunch", "swordsdance", "knockoff"], "ability": "Wind Rider", "evs": {"hp": 85, "atk": 85, "def": 85, "spa": 85, "spd": 85, "spe": 85}, "ivs": {"hp": 31, "atk": 31, "def": 31, "spa": 31, "spd": 31, "spe": 31}, "item": "Life Orb", "teraType": "Poison", "role": "Fast Bulky Setup", "bvs": {"hp": 90, "atk": 100, "def": 60, "spa": 90, "spd": 60, "spe": 80}, "stats": {"hp": 305, "atk": 229, "def": 158, "spa": 211, "spd": 158, "spe": 193}, "types": ["Grass", "Dark"]}, "Barraskewda": {"name": "Barraskewda", "species": "Barraskewda", "speciesId": "barraskewda", "gender": "M", "shiny": false, "level": 81, "moves": ["closecombat", "psychicfangs", "waterfall", "flipturn"], "ability": "Swift Swim", "evs": {"hp": 85, "atk": 85, "def": 85, "spa": 85, "spd": 85, "spe": 85}, "ivs": {"hp": 31, "atk": 31, "def": 31, "spa": 31, "spd": 31, "spe": 31}, "item": "Choice Band", "teraType": "Water", "role": "Wallbreaker", "bvs": {"hp": 61, "atk": 123, "def": 60, "spa": 60, "spd": 50, "spe": 136}, "stats": {"hp": 231, "atk": 246, "def": 144, "spa": 144, "spd": 128, "spe": 267}, "types": ["Water"]}, "Gardevoir": {"name": "Gardevoir", "species": "Gardevoir", "speciesId": "gardevoir", "gender": "F", "shiny": false, "level": 83, "moves": ["mysticalfire", "psyshock", "trick", "moonblast"], "ability": "Trace", "evs": {"hp": 85, "atk": 0, "def": 85, "spa": 85, "spd": 85, "spe": 85}, "ivs": {"hp": 31, "atk": 0, "def": 31, "spa": 31, "spd": 31, "spe": 31}, "item": "Choice Scarf", "teraType": "Fairy", "role": "Fast Attacker", "bvs": {"hp": 68, "atk": 65, "def": 65, "spa": 125, "spd": 115, "spe": 80}, "stats": {"hp": 249, "atk": 112, "def": 156, "spa": 255, "spd": 239, "spe": 180}, "types": ["Psychic", "Fairy"]}}, {"Amoonguss": {"name": "Amoonguss", "species": "Amoonguss", "speciesId": "amoonguss", "gender": "M", "shiny": false, "level": 82, "moves": ["spore", "gigadrain", "sludgebomb", "toxic"], "ability": "Regenerator", "evs": {"hp": 85, "atk": 0, "def": 85, "spa": 85, "spd": 85, "spe": 85}, "ivs": {"hp": 31, "atk": 0, "def": 31, "spa": 31, "spd": 31, "spe": 31}, "item": "Leftovers", "teraType": "Steel", "role": "Bulky Support", "bvs": {"hp": 114, "atk": 85, "def": 70, "spa": 85, "spd": 80, "spe": 30}, "stats": {"hp": 321, "atk": 144, "def": 162, "spa": 187, "spd": 178, "spe": 96}, "types": ["Grass", "Poison"]}, "Scrafty": {"name": "Scrafty", "species": "Scrafty", "speciesId": "scrafty", "gender": "F", "shiny": false, "level": 83, "moves": ["rest", "bulkup", "knockoff", "drainpunch"], "ability": "Shed Skin", "evs": {"hp": 85, "atk": 85, "def": 85, "spa": 85, "spd": 85, "spe": 85}, "ivs": {"hp": 31, "atk": 31, "def": 31, "spa": 31, "spd": 31, "spe": 31}, "item": "Leftovers", "teraType": "Poison", "role": "Bulky Setup", "bvs": {"hp": 65, "atk": 90, "def": 115, "spa": 45, "spd": 115, "spe": 58}, "stats": {"hp": 244, "atk": 197, "def": 239, "spa": 122, "spd": 239, "spe": 144}, "types": ["Dark", "Fighting"]}, "Abomasnow": {"name": "Abomasnow", "species": "Abomasnow", "speciesId": "abomasnow", "gender": "M", "shiny": false, "level": 84, "moves": ["iceshard", "blizzard", "earthquake", "auroraveil"], "ability": "Snow Warning", "evs": {"hp": 77, "atk": 85, "def": 85, "spa": 85, "spd": 85, "spe": 85}, "ivs": {"hp": 31, "atk": 31, "def": 31, "spa": 31, "spd": 31, "spe": 31}, "item": "Light Clay", "teraType": "Water", "role": "Bulky Support", "bvs": {"hp": 90, "atk": 92, "def": 75, "spa": 92, "spd": 85, "spe": 60}, "stats": {"hp": 287, "atk": 203, "def": 174, "spa": 203, "spd": 191, "spe": 149}, "types": ["Grass", "Ice"]}, "Persian": {"name": "Persian", "species": "Persian", "speciesId": "persian", "gender": "M", "shiny": false, "level": 92, "moves": ["knockoff", "uturn", "fakeout", "doubleedge"], "ability": "Technician", "evs": {"hp": 85, "atk": 85, "def": 85, "spa": 85, "spd": 85, "spe": 85}, "ivs": {"hp": 31, "atk": 31, "def": 31, "spa": 31, "spd": 31, "spe": 31}, "item": "Silk Scarf", "teraType": "Normal", "role": "Fast Attacker", "bvs": {"hp": 65, "atk": 70, "def": 60, "spa": 65, "spd": 65, "spe": 115}, "stats": {"hp": 269, "atk": 181, "def": 163, "spa": 172, "spd": 172, "spe": 264}, "types": ["Normal"]}, "Tentacruel": {"name": "Tentacruel", "species": "Tentacruel", "speciesId": "tentacruel", "gender": "F", "shiny": false, "level": 84, "moves": ["rapidspin", "sludgebomb", "surf", "flipturn"], "ability": "Liquid Ooze", "evs": {"hp": 85, "atk": 85, "def": 85, "spa": 85, "spd": 85, "spe": 85}, "ivs": {"hp": 31, "atk": 31, "def": 31, "spa": 31, "spd": 31, "spe": 31}, "item": "Assault Vest", "teraType": "Grass", "role": "Bulky Support", "bvs": {"hp": 80, "atk": 70, "def": 65, "spa": 80, "spd": 120, "spe": 100}, "stats": {"hp": 272, "atk": 166, "def": 157, "spa": 183, "spd": 250, "spe": 216}, "types": ["Water", "Poison"]}, "Whiscash": {"name": "Whiscash", "species": "Whiscash", "speciesId": "whiscash", "gender": "M", "shiny": false, "level": 88, "moves": ["earthquake", "stealthrock", "hydropump", "spikes"], "ability": "Oblivious", "evs": {"hp": 85, "atk": 85, "def": 85, "spa": 85, "spd": 85, "spe": 85}, "ivs": {"hp": 31, "atk": 31, "def": 31, "spa": 31, "spd": 31, "spe": 31}, "item": "Leftovers", "teraType": "Steel", "role": "Bulky Support", "bvs": {"hp": 110, "atk": 78, "def": 73, "spa": 76, "spd": 71, "spe": 60}, "stats": {"hp": 337, "atk": 188, "def": 179, "spa": 184, "spd": 175, "spe": 156}, "types": ["Water", "Ground"]}}]}