{"id": "gen9randombattle-2631739231", "format": "[Gen 9] Random Battle", "players": ["JeanPaulPot", "SoldRpp"], "log": "|j|\u2606JeanPaulPot\n|j|\u2606SoldRpp\n|t:|1781431666\n|gametype|singles\n|player|p1|JeanPaulPot|infielder|2015\n|player|p2|SoldRpp|265|1965\n|gen|9\n|tier|[Gen 9] Random Battle\n|rated|\n|rule|Species Clause: Limit one of each Pok\u00e9mon\n|rule|HP Percentage Mod: HP is shown in percentages\n|rule|Sleep Clause Mod: Limit one foe put to sleep\n|rule|Illusion Level Mod: Illusion disguises the Pok\u00e9mon's true level\n|\n|t:|1781431666\n|teamsize|p1|6\n|teamsize|p2|6\n|start\n|switch|p1a: Glaceon|Glaceon, L94, M|275/275\n|switch|p2a: Excadrill|Excadrill, L79, M|303/303\n|-ability|p2a: Excadrill|Mold Breaker\n|turn|1\n|inactive|Battle timer is ON: inactive players will automatically lose when time's up. (requested by SoldRpp)\n|inactive|JeanPaulPot has 120 seconds left.\n|\n|t:|1781431709\n|switch|p1a: Misdreavus|Misdreavus, L90, F|254/254\n|move|p2a: Excadrill|Iron Head|p1a: Misdreavus\n|-damage|p1a: Misdreavus|178/254\n|\n|upkeep\n|turn|2\n|\n|t:|1781431729\n|switch|p2a: Cinderace|Cinderace, L77, M|249/249\n|move|p1a: Misdreavus|Will-O-Wisp|p2a: Cinderace\n|-immune|p2a: Cinderace\n|\n|upkeep\n|turn|3\n|\n|t:|1781431751\n|switch|p1a: Palkia|Palkia, L75|259/259\n|-ability|p1a: Palkia|Pressure\n|move|p2a: Cinderace|U-turn|p1a: Palkia\n|-start|p2a: Cinderace|typechange|Bug|[from] ability: Libero\n|-damage|p1a: Palkia|190/259\n|inactive|SoldRpp has 120 seconds left.\n|\n|t:|1781431782\n|switch|p2a: Heracross|Heracross, L80, M|259/259|[from] U-turn\n|\n|-status|p2a: Heracross|brn|[from] item: Flame Orb\n|upkeep\n|turn|4\n|inactive|JeanPaulPot has 120 seconds left.\n|\n|t:|1781431821\n|switch|p1a: Trevenant|Trevenant, L89, F|296/296\n|move|p2a: Heracross|Trailblaze|p1a: Trevenant\n|-resisted|p1a: Trevenant\n|-damage|p1a: Trevenant|265/296\n|-boost|p2a: Heracross|spe|1\n|\n|-damage|p2a: Heracross|243/259 brn|[from] brn\n|upkeep\n|turn|5\n|\n|t:|1781431834\n|move|p2a: Heracross|Knock Off|p1a: Trevenant\n|-supereffective|p1a: Trevenant\n|-damage|p1a: Trevenant|37/296\n|-enditem|p1a: Trevenant|Life Orb|[from] move: Knock Off|[of] p2a: Heracross\n|move|p1a: Trevenant|Poltergeist|p2a: Heracross\n|-activate|p2a: Heracross|move: Poltergeist|Flame Orb\n|-damage|p2a: Heracross|66/259 brn\n|\n|-damage|p2a: Heracross|50/259 brn|[from] brn\n|upkeep\n|turn|6\n|\n|t:|1781431851\n|move|p2a: Heracross|Knock Off|p1a: Trevenant\n|-supereffective|p1a: Trevenant\n|-damage|p1a: Trevenant|0 fnt\n|faint|p1a: Trevenant\n|\n|-damage|p2a: Heracross|34/259 brn|[from] brn\n|upkeep\n|\n|t:|1781431867\n|switch|p1a: Misdreavus|Misdreavus, L90, F|178/254\n|turn|7\n|inactive|SoldRpp has 120 seconds left.\n|\n|t:|1781431878\n|move|p2a: Heracross|Knock Off|p1a: Misdreavus\n|-supereffective|p1a: Misdreavus\n|-damage|p1a: Misdreavus|0 fnt\n|-enditem|p1a: Misdreavus|Eviolite|[from] move: Knock Off|[of] p2a: Heracross\n|faint|p1a: Misdreavus\n|\n|-damage|p2a: Heracross|18/259 brn|[from] brn\n|upkeep\n|inactive|JeanPaulPot has 90 seconds left.\n|\n|t:|1781431903\n|switch|p1a: Glaceon|Glaceon, L94, M|275/275\n|turn|8\n|\n|t:|1781431908\n|move|p1a: Glaceon|Protect|p1a: Glaceon\n|-singleturn|p1a: Glaceon|Protect\n|move|p2a: Heracross|Close Combat|p1a: Glaceon\n|-activate|p1a: Glaceon|move: Protect\n|\n|-damage|p2a: Heracross|2/259 brn|[from] brn\n|upkeep\n|turn|9\n|\n|t:|1781431916\n|switch|p1a: Bastiodon|Bastiodon, L89, M|252/252\n|move|p2a: Heracross|Close Combat|p1a: Bastiodon\n|-supereffective|p1a: Bastiodon\n|-damage|p1a: Bastiodon|0 fnt\n|-unboost|p2a: Heracross|def|1\n|-unboost|p2a: Heracross|spd|1\n|faint|p1a: Bastiodon\n|\n|-damage|p2a: Heracross|0 fnt|[from] brn\n|faint|p2a: Heracross\n|upkeep\n|inactive|JeanPaulPot has 90 seconds left.\n|\n|t:|1781431940\n|switch|p2a: Spiritomb|Spiritomb, L89, F|234/234\n|switch|p1a: Palkia|Palkia, L75|190/259\n|-ability|p1a: Palkia|Pressure\n|turn|10\n|inactive|JeanPaulPot has 90 seconds left.\n|\n|t:|1781431949\n|move|p1a: Palkia|Hydro Pump|p2a: Spiritomb\n|-damage|p2a: Spiritomb|83/234\n|move|p2a: Spiritomb|Poltergeist|p1a: Palkia\n|-activate|p1a: Palkia|move: Poltergeist|Choice Specs\n|-damage|p1a: Palkia|61/259\n|\n|-heal|p2a: Spiritomb|97/234|[from] item: Leftovers\n|upkeep\n|turn|11\n|\n|t:|1781431957\n|move|p2a: Spiritomb|Shadow Sneak|p1a: Palkia\n|-damage|p1a: Palkia|16/259\n|move|p1a: Palkia|Hydro Pump|p2a: Spiritomb\n|-damage|p2a: Spiritomb|0 fnt\n|faint|p2a: Spiritomb\n|\n|upkeep\n|\n|t:|1781431970\n|switch|p2a: Cinderace|Cinderace, L77, M|249/249\n|turn|12\n|\n|t:|1781431976\n|move|p2a: Cinderace|U-turn|p1a: Palkia\n|-start|p2a: Cinderace|typechange|Bug|[from] ability: Libero\n|-damage|p1a: Palkia|0 fnt\n|faint|p1a: Palkia\n|\n|t:|1781431979\n|switch|p2a: Pecharunt|Pecharunt, L77|262/262|[from] U-turn\n|\n|upkeep\n|inactive|JeanPaulPot has 90 seconds left.\n|\n|t:|1781432018\n|switch|p1a: Glaceon|Glaceon, L94, M|275/275\n|turn|13\n|\n|t:|1781432026\n|move|p2a: Pecharunt|Malignant Chain|p1a: Glaceon\n|-damage|p1a: Glaceon|205/275\n|move|p1a: Glaceon|Freeze-Dry|p2a: Pecharunt\n|-damage|p2a: Pecharunt|127/262\n|\n|-heal|p2a: Pecharunt|143/262|[from] item: Leftovers\n|upkeep\n|turn|14\n|inactive|JeanPaulPot has 90 seconds left.\n|\n|t:|1781432038\n|move|p2a: Pecharunt|Malignant Chain|p1a: Glaceon\n|-damage|p1a: Glaceon|139/275\n|move|p1a: Glaceon|Calm Mind|p1a: Glaceon\n|-boost|p1a: Glaceon|spa|1\n|-boost|p1a: Glaceon|spd|1\n|\n|-heal|p2a: Pecharunt|159/262|[from] item: Leftovers\n|upkeep\n|turn|15\n|\n|t:|1781432042\n|move|p2a: Pecharunt|Malignant Chain|p1a: Glaceon\n|-damage|p1a: Glaceon|91/275\n|-status|p1a: Glaceon|tox\n|-start|p1a: Glaceon|confusion|[from] ability: Poison Puppeteer|[of] p2a: Pecharunt\n|-activate|p1a: Glaceon|confusion\n|-damage|p1a: Glaceon|76/275 tox|[from] confusion\n|\n|-heal|p2a: Pecharunt|175/262|[from] item: Leftovers\n|-damage|p1a: Glaceon|59/275 tox|[from] psn\n|upkeep\n|turn|16\n|\n|t:|1781432051\n|move|p2a: Pecharunt|Parting Shot|p1a: Glaceon\n|-unboost|p1a: Glaceon|atk|1\n|-unboost|p1a: Glaceon|spa|1\n|\n|t:|1781432059\n|switch|p2a: Excadrill|Excadrill, L79, M|303/303|[from] Parting Shot\n|-ability|p2a: Excadrill|Mold Breaker\n|-activate|p1a: Glaceon|confusion\n|move|p1a: Glaceon|Freeze-Dry|p2a: Excadrill\n|-damage|p2a: Excadrill|201/303\n|\n|-damage|p1a: Glaceon|25/275 tox|[from] psn\n|upkeep\n|turn|17\n|\n|t:|1781432083\n|move|p2a: Excadrill|Rapid Spin|p1a: Glaceon\n|-damage|p1a: Glaceon|0 fnt\n|-boost|p2a: Excadrill|spe|1\n|faint|p1a: Glaceon\n|\n|upkeep\n|\n|t:|1781432089\n|switch|p1a: Drednaw|Drednaw, L81, M|278/278\n|turn|18\n|\n|t:|1781432111\n|-terastallize|p1a: Drednaw|Dark\n|move|p2a: Excadrill|Rapid Spin|p1a: Drednaw\n|-damage|p1a: Drednaw|232/278\n|-boost|p2a: Excadrill|spe|1\n|move|p1a: Drednaw|Shell Smash|p1a: Drednaw\n|-unboost|p1a: Drednaw|def|1\n|-unboost|p1a: Drednaw|spd|1\n|-boost|p1a: Drednaw|atk|2\n|-boost|p1a: Drednaw|spa|2\n|-boost|p1a: Drednaw|spe|2\n|-enditem|p1a: Drednaw|White Herb\n|-clearnegativeboost|p1a: Drednaw|[silent]\n|\n|upkeep\n|turn|19\n|\n|t:|1781432124\n|move|p2a: Excadrill|Iron Head|p1a: Drednaw\n|-damage|p1a: Drednaw|123/278\n|cant|p1a: Drednaw|flinch\n|\n|upkeep\n|turn|20\n|\n|t:|1781432127\n|move|p2a: Excadrill|Iron Head|p1a: Drednaw\n|-damage|p1a: Drednaw|30/278\n|cant|p1a: Drednaw|flinch\n|\n|upkeep\n|turn|21\n|-message|JeanPaulPot forfeited.\n|\n|win|SoldRpp\n", "inputlog": ">version a8376a258c1d4662feba110a92103f3664a72141\n>start {\"formatid\":\"gen9randombattle\",\"seed\":\"sodium,7f24a671ab61f585d008dee130edf482\",\"rated\":\"Rated battle\"}\n>player p1 {\"name\":\"JeanPaulPot\",\"avatar\":\"infielder\",\"rating\":2015,\"seed\":\"sodium,f9c4c1c026af5b0507982347886df9fc\"}\n>player p2 {\"name\":\"SoldRpp\",\"avatar\":\"265\",\"rating\":1965,\"seed\":\"sodium,60aecc6bdc128cefe656fac78a3fd662\"}\n>p1 switch 5\n>p2 move ironhead\n>p1 move willowisp\n>p2 switch 5\n>p1 switch 4\n>p2 move uturn\n>p2 switch 2\n>p1 switch 6\n>p2 move trailblaze\n>p1 move poltergeist\n>p2 move knockoff\n>p1 move woodhammer\n>p2 move knockoff\n>p1 switch 4\n>p1 move drainingkiss\n>p2 move knockoff\n>p1 switch 5\n>p1 move protect\n>p2 move closecombat\n>p1 switch 2\n>p2 move closecombat\n>p1 switch 6\n>p2 switch 3\n>p1 move hydropump\n>p2 move poltergeist\n>p1 move hydropump\n>p2 move shadowsneak\n>p2 switch 2\n>p1 move hydropump\n>p2 move uturn\n>p2 switch 6\n>p1 switch 2\n>p1 move freezedry\n>p2 move malignantchain\n>p1 move calmmind\n>p2 move malignantchain\n>p1 move freezedry\n>p2 move malignantchain\n>p1 move freezedry\n>p2 move partingshot\n>p2 switch 5\n>p1 move freezedry\n>p2 move rapidspin\n>p1 switch 3\n>p1 move shellsmash terastallize\n>p2 move rapidspin\n>p1 move shellsmash\n>p2 move ironhead\n>p1 move shellsmash\n>p2 move ironhead\n>forcelose p1", "uploadtime": 1781431667, "views": 4, "formatid": "gen9randombattle", "rating": null, "private": 0, "password": null, "player_dets": [{"name": "JeanPaulPot", "avatar": "infielder", "rating": 2015, "seed": "sodium,f9c4c1c026af5b0507982347886df9fc"}, {"name": "SoldRpp", "avatar": "265", "rating": 1965, "seed": "sodium,60aecc6bdc128cefe656fac78a3fd662"}], "teams_full": [{"Glaceon": {"name": "Glaceon", "species": "Glaceon", "speciesId": "glaceon", "gender": "M", "shiny": false, "level": 94, "moves": ["calmmind", "protect", "wish", "freezedry"], "ability": "Ice Body", "evs": {"hp": 85, "atk": 0, "def": 85, "spa": 85, "spd": 85, "spe": 85}, "ivs": {"hp": 31, "atk": 0, "def": 31, "spa": 31, "spd": 31, "spe": 31}, "item": "Heavy-Duty Boots", "teraType": "Water", "role": "Bulky Setup", "bvs": {"hp": 65, "atk": 60, "def": 110, "spa": 130, "spd": 95, "spe": 65}, "stats": {"hp": 275, "atk": 117, "def": 260, "spa": 298, "spd": 232, "spe": 176}, "types": ["Ice"]}, "Bastiodon": {"name": "Bastiodon", "species": "Bastiodon", "speciesId": "bastiodon", "gender": "M", "shiny": false, "level": 89, "moves": ["rest", "irondefense", "bodypress", "foulplay"], "ability": "Soundproof", "evs": {"hp": 85, "atk": 0, "def": 85, "spa": 85, "spd": 85, "spe": 85}, "ivs": {"hp": 31, "atk": 0, "def": 31, "spa": 31, "spd": 31, "spe": 31}, "item": "Chesto Berry", "teraType": "Fighting", "role": "Bulky Setup", "bvs": {"hp": 60, "atk": 52, "def": 168, "spa": 47, "spd": 138, "spe": 30}, "stats": {"hp": 252, "atk": 97, "def": 350, "spa": 134, "spd": 296, "spe": 104}, "types": ["Rock", "Steel"]}, "Drednaw": {"name": "Drednaw", "species": "Drednaw", "speciesId": "drednaw", "gender": "M", "shiny": false, "level": 81, "moves": ["liquidation", "crunch", "shellsmash", "stoneedge"], "ability": "Strong Jaw", "evs": {"hp": 85, "atk": 85, "def": 85, "spa": 85, "spd": 85, "spe": 85}, "ivs": {"hp": 31, "atk": 31, "def": 31, "spa": 31, "spd": 31, "spe": 31}, "item": "White Herb", "teraType": "Dark", "role": "Setup Sweeper", "bvs": {"hp": 90, "atk": 115, "def": 90, "spa": 48, "spd": 68, "spe": 74}, "stats": {"hp": 278, "atk": 233, "def": 192, "spa": 124, "spd": 157, "spe": 167}, "types": ["Water", "Rock"]}, "Palkia": {"name": "Palkia", "species": "Palkia", "speciesId": "palkia", "gender": "N", "shiny": false, "level": 75, "moves": ["spacialrend", "fireblast", "dracometeor", "hydropump"], "ability": "Pressure", "evs": {"hp": 85, "atk": 0, "def": 85, "spa": 85, "spd": 85, "spe": 85}, "ivs": {"hp": 31, "atk": 0, "def": 31, "spa": 31, "spd": 31, "spe": 31}, "item": "Choice Specs", "teraType": "Water", "role": "Fast Attacker", "bvs": {"hp": 90, "atk": 120, "def": 100, "spa": 150, "spd": 120, "spe": 100}, "stats": {"hp": 259, "atk": 185, "def": 194, "spa": 269, "spd": 224, "spe": 194}, "types": ["Water", "Dragon"]}, "Misdreavus": {"name": "Misdreavus", "species": "Misdreavus", "speciesId": "misdreavus", "gender": "F", "shiny": false, "level": 90, "moves": ["willowisp", "drainingkiss", "shadowball", "calmmind"], "ability": "Levitate", "evs": {"hp": 85, "atk": 0, "def": 85, "spa": 85, "spd": 85, "spe": 85}, "ivs": {"hp": 31, "atk": 0, "def": 31, "spa": 31, "spd": 31, "spe": 31}, "item": "Eviolite", "teraType": "Fairy", "role": "Bulky Setup", "bvs": {"hp": 60, "atk": 60, "def": 60, "spa": 85, "spd": 85, "spe": 85}, "stats": {"hp": 254, "atk": 113, "def": 159, "spa": 204, "spd": 204, "spe": 204}, "types": ["Ghost"]}, "Trevenant": {"name": "Trevenant", "species": "Trevenant", "speciesId": "trevenant", "gender": "F", "shiny": false, "level": 89, "moves": ["willowisp", "woodhammer", "drainpunch", "poltergeist"], "ability": "Natural Cure", "evs": {"hp": 85, "atk": 85, "def": 85, "spa": 85, "spd": 85, "spe": 85}, "ivs": {"hp": 31, "atk": 31, "def": 31, "spa": 31, "spd": 31, "spe": 31}, "item": "Life Orb", "teraType": "Fighting", "role": "Wallbreaker", "bvs": {"hp": 85, "atk": 110, "def": 76, "spa": 65, "spd": 82, "spe": 56}, "stats": {"hp": 296, "atk": 247, "def": 186, "spa": 166, "spd": 197, "spe": 150}, "types": ["Ghost", "Grass"]}}, {"Excadrill": {"name": "Excadrill", "species": "Excadrill", "speciesId": "excadrill", "gender": "M", "shiny": false, "level": 79, "moves": ["ironhead", "earthquake", "rapidspin", "rockslide"], "ability": "Mold Breaker", "evs": {"hp": 85, "atk": 85, "def": 85, "spa": 85, "spd": 85, "spe": 85}, "ivs": {"hp": 31, "atk": 31, "def": 31, "spa": 31, "spd": 31, "spe": 31}, "item": "Assault Vest", "teraType": "Water", "role": "AV Pivot", "bvs": {"hp": 110, "atk": 135, "def": 60, "spa": 50, "spd": 65, "spe": 88}, "stats": {"hp": 303, "atk": 259, "def": 140, "spa": 125, "spd": 148, "spe": 185}, "types": ["Ground", "Steel"]}, "Heracross": {"name": "Heracross", "species": "Heracross", "speciesId": "heracross", "gender": "M", "shiny": false, "level": 80, "moves": ["facade", "closecombat", "trailblaze", "knockoff"], "ability": "Guts", "evs": {"hp": 85, "atk": 85, "def": 85, "spa": 85, "spd": 85, "spe": 85}, "ivs": {"hp": 31, "atk": 31, "def": 31, "spa": 31, "spd": 31, "spe": 31}, "item": "Flame Orb", "teraType": "Normal", "role": "Setup Sweeper", "bvs": {"hp": 80, "atk": 125, "def": 75, "spa": 40, "spd": 95, "spe": 85}, "stats": {"hp": 259, "atk": 246, "def": 166, "spa": 110, "spd": 198, "spe": 182}, "types": ["Bug", "Fighting"]}, "Spiritomb": {"name": "Spiritomb", "species": "Spiritomb", "speciesId": "spiritomb", "gender": "F", "shiny": false, "level": 89, "moves": ["poltergeist", "toxic", "shadowsneak", "foulplay"], "ability": "Infiltrator", "evs": {"hp": 85, "atk": 85, "def": 85, "spa": 85, "spd": 85, "spe": 85}, "ivs": {"hp": 31, "atk": 31, "def": 31, "spa": 31, "spd": 31, "spe": 31}, "item": "Leftovers", "teraType": "Poison", "role": "Bulky Support", "bvs": {"hp": 50, "atk": 92, "def": 108, "spa": 92, "spd": 108, "spe": 35}, "stats": {"hp": 234, "atk": 215, "def": 243, "spa": 215, "spd": 243, "spe": 113}, "types": ["Ghost", "Dark"]}, "Crawdaunt": {"name": "Crawdaunt", "species": "Crawdaunt", "speciesId": "crawdaunt", "gender": "M", "shiny": false, "level": 84, "moves": ["aquajet", "knockoff", "dragondance", "crabhammer"], "ability": "Adaptability", "evs": {"hp": 85, "atk": 85, "def": 85, "spa": 85, "spd": 85, "spe": 85}, "ivs": {"hp": 31, "atk": 31, "def": 31, "spa": 31, "spd": 31, "spe": 31}, "item": "Life Orb", "teraType": "Water", "role": "Setup Sweeper", "bvs": {"hp": 63, "atk": 120, "def": 85, "spa": 90, "spd": 55, "spe": 55}, "stats": {"hp": 243, "atk": 250, "def": 191, "spa": 199, "spd": 141, "spe": 141}, "types": ["Water", "Dark"]}, "Cinderace": {"name": "Cinderace", "species": "Cinderace", "speciesId": "cinderace", "gender": "M", "shiny": false, "level": 77, "moves": ["courtchange", "highjumpkick", "uturn", "pyroball"], "ability": "Libero", "evs": {"hp": 81, "atk": 85, "def": 85, "spa": 85, "spd": 85, "spe": 85}, "ivs": {"hp": 31, "atk": 31, "def": 31, "spa": 31, "spd": 31, "spe": 31}, "item": "Heavy-Duty Boots", "teraType": "Fighting", "role": "Fast Attacker", "bvs": {"hp": 80, "atk": 116, "def": 75, "spa": 65, "spd": 75, "spe": 119}, "stats": {"hp": 249, "atk": 223, "def": 160, "spa": 145, "spd": 160, "spe": 228}, "types": ["Fire"]}, "Pecharunt": {"name": "Pecharunt", "species": "Pecharunt", "speciesId": "pecharunt", "gender": "N", "shiny": false, "level": 77, "moves": ["shadowball", "partingshot", "recover", "malignantchain"], "ability": "Poison Puppeteer", "evs": {"hp": 85, "atk": 0, "def": 85, "spa": 85, "spd": 85, "spe": 85}, "ivs": {"hp": 31, "atk": 0, "def": 31, "spa": 31, "spd": 31, "spe": 31}, "item": "Leftovers", "teraType": "Dark", "role": "Bulky Attacker", "bvs": {"hp": 88, "atk": 88, "def": 160, "spa": 88, "spd": 88, "spe": 88}, "stats": {"hp": 262, "atk": 140, "def": 291, "spa": 180, "spd": 180, "spe": 180}, "types": ["Poison", "Ghost"]}}]}