{"id": "gen9randombattle-2631378350", "format": "[Gen 9] Random Battle", "players": ["Magikarpitalism", "nano jump"], "log": "|j|\u2606Magikarpitalism\n|j|\u2606nano jump\n|t:|1781377592\n|gametype|singles\n|player|p1|Magikarpitalism|steven|2200\n|player|p2|nano jump|steven-masters|2298\n|gen|9\n|tier|[Gen 9] Random Battle\n|rated|\n|rule|Species Clause: Limit one of each Pok\u00e9mon\n|rule|HP Percentage Mod: HP is shown in percentages\n|rule|Sleep Clause Mod: Limit one foe put to sleep\n|rule|Illusion Level Mod: Illusion disguises the Pok\u00e9mon's true level\n|\n|t:|1781377592\n|teamsize|p1|6\n|teamsize|p2|6\n|start\n|switch|p1a: Tropius|Tropius, L91, F|328/328\n|switch|p2a: Brambleghast|Brambleghast, L88, F|240/240\n|turn|1\n|\n|t:|1781377628\n|move|p2a: Brambleghast|Poltergeist|p1a: Tropius|[miss]\n|-miss|p2a: Brambleghast|p1a: Tropius\n|move|p1a: Tropius|Substitute|p1a: Tropius\n|-start|p1a: Tropius|Substitute\n|-damage|p1a: Tropius|246/328\n|\n|upkeep\n|turn|2\n|\n|t:|1781377631\n|move|p2a: Brambleghast|Poltergeist|p1a: Tropius\n|-activate|p1a: Tropius|move: Poltergeist|Sitrus Berry\n|-end|p1a: Tropius|Substitute\n|move|p1a: Tropius|Air Slash|p2a: Brambleghast\n|-supereffective|p2a: Brambleghast\n|-damage|p2a: Brambleghast|54/240\n|\n|-heal|p2a: Brambleghast|69/240|[from] item: Leftovers\n|upkeep\n|turn|3\n|\n|t:|1781377636\n|move|p2a: Brambleghast|Poltergeist|p1a: Tropius\n|-activate|p1a: Tropius|move: Poltergeist|Sitrus Berry\n|-damage|p1a: Tropius|95/328\n|-enditem|p1a: Tropius|Sitrus Berry|[eat]\n|-heal|p1a: Tropius|177/328|[from] item: Sitrus Berry\n|move|p1a: Tropius|Substitute|p1a: Tropius\n|-start|p1a: Tropius|Substitute\n|-damage|p1a: Tropius|95/328\n|\n|-heal|p2a: Brambleghast|84/240|[from] item: Leftovers\n|upkeep\n|turn|4\n|\n|t:|1781377641\n|move|p2a: Brambleghast|Poltergeist||[still]\n|-fail|p2a: Brambleghast\n|move|p1a: Tropius|Air Slash|p2a: Brambleghast\n|-supereffective|p2a: Brambleghast\n|-damage|p2a: Brambleghast|0 fnt\n|faint|p2a: Brambleghast\n|\n|-item|p1a: Tropius|Sitrus Berry|[from] ability: Harvest\n|upkeep\n|-enditem|p1a: Tropius|Sitrus Berry|[eat]\n|-heal|p1a: Tropius|177/328|[from] item: Sitrus Berry\n|\n|t:|1781377647\n|switch|p2a: Iron Boulder|Iron Boulder, L77|265/265\n|turn|5\n|\n|t:|1781377650\n|move|p1a: Tropius|Protect|p1a: Tropius\n|-singleturn|p1a: Tropius|Protect\n|move|p2a: Iron Boulder|Mighty Cleave|p1a: Tropius\n|-supereffective|p1a: Tropius\n|-end|p1a: Tropius|Substitute\n|-damage|p2a: Iron Boulder|239/265|[from] item: Life Orb\n|\n|-item|p1a: Tropius|Sitrus Berry|[from] ability: Harvest\n|upkeep\n|turn|6\n|inactive|Battle timer is ON: inactive players will automatically lose when time's up. (requested by nano jump)\n|\n|t:|1781377674\n|switch|p1a: Suicune|Suicune, L82|298/298\n|-ability|p1a: Suicune|Pressure\n|move|p2a: Iron Boulder|Swords Dance|p2a: Iron Boulder\n|-boost|p2a: Iron Boulder|atk|2\n|\n|upkeep\n|turn|7\n|\n|t:|1781377679\n|move|p2a: Iron Boulder|Mighty Cleave|p1a: Suicune\n|-damage|p1a: Suicune|87/298\n|-damage|p2a: Iron Boulder|213/265|[from] item: Life Orb\n|move|p1a: Suicune|Scald|p2a: Iron Boulder\n|-supereffective|p2a: Iron Boulder\n|-damage|p2a: Iron Boulder|81/265\n|\n|-heal|p1a: Suicune|105/298|[from] item: Leftovers\n|upkeep\n|turn|8\n|\n|t:|1781377688\n|move|p2a: Iron Boulder|Mighty Cleave|p1a: Suicune\n|-damage|p1a: Suicune|0 fnt\n|faint|p1a: Suicune\n|-damage|p2a: Iron Boulder|55/265|[from] item: Life Orb\n|\n|upkeep\n|\n|t:|1781377691\n|switch|p1a: Weavile|Weavile, L79, F|240/240\n|turn|9\n|\n|t:|1781377694\n|-end|p2a: Iron Boulder|Quark Drive|[silent]\n|switch|p2a: Bisharp|Bisharp, L79, M|232/232\n|move|p1a: Weavile|Knock Off|p2a: Bisharp\n|-resisted|p2a: Bisharp\n|-damage|p2a: Bisharp|196/232\n|-enditem|p2a: Bisharp|Eviolite|[from] move: Knock Off|[of] p1a: Weavile\n|\n|upkeep\n|turn|10\n|\n|t:|1781377710\n|-terastallize|p2a: Bisharp|Ghost\n|move|p1a: Weavile|Low Kick|p2a: Bisharp\n|-immune|p2a: Bisharp\n|move|p2a: Bisharp|Iron Head|p1a: Weavile\n|-supereffective|p1a: Weavile\n|-damage|p1a: Weavile|12/240\n|\n|upkeep\n|turn|11\n|\n|t:|1781377726\n|switch|p1a: Chansey|Chansey, L85, F|564/564\n|move|p2a: Bisharp|Sucker Punch||[still]\n|-fail|p2a: Bisharp\n|\n|upkeep\n|turn|12\n|\n|t:|1781377730\n|move|p2a: Bisharp|Swords Dance|p2a: Bisharp\n|-boost|p2a: Bisharp|atk|2\n|move|p1a: Chansey|Thunder Wave|p2a: Bisharp\n|-status|p2a: Bisharp|par\n|\n|upkeep\n|turn|13\n|\n|t:|1781377735\n|move|p1a: Chansey|Stealth Rock|p2a: Bisharp\n|-sidestart|p2: nano jump|move: Stealth Rock\n|move|p2a: Bisharp|Swords Dance|p2a: Bisharp\n|-boost|p2a: Bisharp|atk|2\n|\n|upkeep\n|turn|14\n|\n|t:|1781377739\n|switch|p1a: Weavile|Weavile, L79, F|12/240\n|move|p2a: Bisharp|Throat Chop|p1a: Weavile\n|-resisted|p1a: Weavile\n|-crit|p1a: Weavile\n|-damage|p1a: Weavile|0 fnt\n|faint|p1a: Weavile\n|\n|upkeep\n|\n|t:|1781377746\n|switch|p1a: Malamar|Malamar, L82, M|275/275\n|turn|15\n|\n|t:|1781377749\n|move|p1a: Malamar|Knock Off|p2a: Bisharp\n|-supereffective|p2a: Bisharp\n|-damage|p2a: Bisharp|76/232 par\n|move|p2a: Bisharp|Throat Chop|p1a: Malamar\n|-crit|p1a: Malamar\n|-damage|p1a: Malamar|0 fnt\n|faint|p1a: Malamar\n|\n|upkeep\n|\n|t:|1781377752\n|switch|p1a: Tropius|Tropius, L91, F|177/328\n|turn|16\n|\n|t:|1781377755\n|cant|p2a: Bisharp|par\n|move|p1a: Tropius|Substitute|p1a: Tropius\n|-start|p1a: Tropius|Substitute\n|-damage|p1a: Tropius|95/328\n|-enditem|p1a: Tropius|Sitrus Berry|[eat]\n|-heal|p1a: Tropius|177/328|[from] item: Sitrus Berry\n|\n|upkeep\n|turn|17\n|\n|t:|1781377761\n|move|p1a: Tropius|Leech Seed|p2a: Bisharp\n|-start|p2a: Bisharp|move: Leech Seed\n|cant|p2a: Bisharp|par\n|\n|-damage|p2a: Bisharp|47/232 par|[from] Leech Seed|[of] p1a: Tropius\n|-heal|p1a: Tropius|206/328|[silent]\n|upkeep\n|turn|18\n|\n|t:|1781377765\n|move|p1a: Tropius|Protect|p1a: Tropius\n|-singleturn|p1a: Tropius|Protect\n|cant|p2a: Bisharp|par\n|\n|-damage|p2a: Bisharp|18/232 par|[from] Leech Seed|[of] p1a: Tropius\n|-heal|p1a: Tropius|235/328|[silent]\n|upkeep\n|turn|19\n|\n|t:|1781377770\n|move|p2a: Bisharp|Sucker Punch|p1a: Tropius\n|-end|p1a: Tropius|Substitute\n|move|p1a: Tropius|Air Slash|p2a: Bisharp\n|-damage|p2a: Bisharp|0 fnt\n|faint|p2a: Bisharp\n|\n|-item|p1a: Tropius|Sitrus Berry|[from] ability: Harvest\n|upkeep\n|\n|t:|1781377772\n|switch|p2a: Iron Boulder|Iron Boulder, L77|55/265\n|-damage|p2a: Iron Boulder|22/265|[from] Stealth Rock\n|turn|20\n|\n|t:|1781377775\n|switch|p1a: Chansey|Chansey, L85, F|564/564\n|move|p2a: Iron Boulder|Mighty Cleave|p1a: Chansey\n|-damage|p1a: Chansey|286/564\n|-damage|p2a: Iron Boulder|0 fnt|[from] item: Life Orb\n|faint|p2a: Iron Boulder\n|-end|p2a: Iron Boulder|Quark Drive|[silent]\n|\n|upkeep\n|\n|t:|1781377783\n|switch|p2a: Toedscruel|Toedscruel, L87, F|281/281\n|-damage|p2a: Toedscruel|264/281|[from] Stealth Rock\n|turn|21\n|\n|t:|1781377795\n|move|p2a: Toedscruel|Rapid Spin|p1a: Chansey\n|-damage|p1a: Chansey|215/564\n|-boost|p2a: Toedscruel|spe|1\n|-sideend|p2: nano jump|Stealth Rock|[from] move: Rapid Spin|[of] p2a: Toedscruel\n|move|p1a: Chansey|Soft-Boiled|p1a: Chansey\n|-heal|p1a: Chansey|497/564\n|\n|-heal|p2a: Toedscruel|281/281|[from] item: Leftovers\n|upkeep\n|turn|22\n|\n|t:|1781377798\n|move|p1a: Chansey|Seismic Toss|p2a: Toedscruel\n|-damage|p2a: Toedscruel|196/281\n|move|p2a: Toedscruel|Toxic|p1a: Chansey\n|-status|p1a: Chansey|tox\n|\n|-heal|p2a: Toedscruel|213/281|[from] item: Leftovers\n|-damage|p1a: Chansey|462/564 tox|[from] psn\n|upkeep\n|turn|23\n|\n|t:|1781377804\n|move|p1a: Chansey|Seismic Toss|p2a: Toedscruel\n|-damage|p2a: Toedscruel|128/281\n|move|p2a: Toedscruel|Toxic|p1a: Chansey\n|-fail|p1a: Chansey|tox\n|\n|-heal|p2a: Toedscruel|145/281|[from] item: Leftovers\n|-damage|p1a: Chansey|392/564 tox|[from] psn\n|upkeep\n|turn|24\n|\n|t:|1781377806\n|move|p2a: Toedscruel|Rapid Spin|p1a: Chansey\n|-damage|p1a: Chansey|321/564 tox\n|-boost|p2a: Toedscruel|spe|1\n|move|p1a: Chansey|Seismic Toss|p2a: Toedscruel\n|-damage|p2a: Toedscruel|60/281\n|\n|-heal|p2a: Toedscruel|77/281|[from] item: Leftovers\n|-damage|p1a: Chansey|216/564 tox|[from] psn\n|upkeep\n|turn|25\n|\n|t:|1781377810\n|move|p2a: Toedscruel|Rapid Spin|p1a: Chansey\n|-damage|p1a: Chansey|151/564 tox\n|-boost|p2a: Toedscruel|spe|1\n|move|p1a: Chansey|Seismic Toss|p2a: Toedscruel\n|-damage|p2a: Toedscruel|0 fnt\n|faint|p2a: Toedscruel\n|\n|-damage|p1a: Chansey|11/564 tox|[from] psn\n|upkeep\n|\n|t:|1781377820\n|switch|p2a: Palkia|Palkia-Origin, L72|249/249\n|-ability|p2a: Palkia|Pressure\n|turn|26\n|\n|t:|1781377827\n|move|p2a: Palkia|Fire Blast|p1a: Chansey\n|-damage|p1a: Chansey|0 fnt\n|faint|p1a: Chansey\n|\n|upkeep\n|\n|t:|1781377832\n|switch|p1a: Arceus|Arceus-Ice, L72|291/291\n|turn|27\n|\n|t:|1781377836\n|-terastallize|p1a: Arceus|Electric\n|move|p1a: Arceus|Calm Mind|p1a: Arceus\n|-boost|p1a: Arceus|spa|1\n|-boost|p1a: Arceus|spd|1\n|move|p2a: Palkia|Thunder Wave|p1a: Arceus\n|-immune|p1a: Arceus\n|\n|upkeep\n|turn|28\n|\n|t:|1781377839\n|switch|p2a: Misdreavus|Misdreavus, L90, F|254/254\n|move|p1a: Arceus|Thunderbolt|p2a: Misdreavus\n|-damage|p2a: Misdreavus|172/254\n|\n|upkeep\n|turn|29\n|\n|t:|1781377844\n|move|p1a: Arceus|Thunderbolt|p2a: Misdreavus\n|-damage|p2a: Misdreavus|96/254\n|move|p2a: Misdreavus|Calm Mind|p2a: Misdreavus\n|-boost|p2a: Misdreavus|spa|1\n|-boost|p2a: Misdreavus|spd|1\n|\n|upkeep\n|turn|30\n|\n|t:|1781377849\n|move|p1a: Arceus|Judgment|p2a: Misdreavus\n|-damage|p2a: Misdreavus|23/254\n|move|p2a: Misdreavus|Draining Kiss|p1a: Arceus\n|-damage|p1a: Arceus|257/291\n|-heal|p2a: Misdreavus|49/254|[from] drain|[of] p1a: Arceus\n|\n|upkeep\n|turn|31\n|\n|t:|1781377853\n|move|p1a: Arceus|Thunderbolt|p2a: Misdreavus\n|-damage|p2a: Misdreavus|0 fnt\n|faint|p2a: Misdreavus\n|\n|upkeep\n|\n|t:|1781377857\n|switch|p2a: Palkia|Palkia-Origin, L72|249/249\n|-ability|p2a: Palkia|Pressure\n|turn|32\n|\n|t:|1781377859\n|move|p1a: Arceus|Judgment|p2a: Palkia\n|-damage|p2a: Palkia|111/249\n|move|p2a: Palkia|Hydro Pump|p1a: Arceus\n|-damage|p1a: Arceus|175/291\n|\n|upkeep\n|turn|33\n|\n|t:|1781377862\n|move|p1a: Arceus|Judgment|p2a: Palkia\n|-damage|p2a: Palkia|0 fnt\n|faint|p2a: Palkia\n|\n|win|Magikarpitalism\n|raw|Magikarpitalism's rating: 2200 &rarr; <strong>2225</strong><br />(+25 for winning)\n|raw|nano jump's rating: 2298 &rarr; <strong>2273</strong><br />(-25 for losing)\n", "inputlog": ">version a8376a258c1d4662feba110a92103f3664a72141\n>start {\"formatid\":\"gen9randombattle\",\"seed\":\"sodium,900a28cb6d80cb0c766b5e612cae8c9e\",\"rated\":\"Rated battle\"}\n>player p1 {\"name\":\"Magikarpitalism\",\"avatar\":\"steven\",\"rating\":2200,\"seed\":\"sodium,6ed21cb6ef9c572b2e69ed9b4bc5f34a\"}\n>player p2 {\"name\":\"nano jump\",\"avatar\":\"steven-masters\",\"rating\":2298,\"seed\":\"sodium,66c46f1fa657010c5b058e0a69388af4\"}\n>p1 move substitute\n>p2 move poltergeist\n>p1 move airslash\n>p2 move poltergeist\n>p1 move substitute\n>p2 move poltergeist\n>p1 move airslash\n>p2 move poltergeist\n>p2 switch 4\n>p1 move protect\n>p2 move mightycleave\n>p1 switch 4\n>p2 move swordsdance\n>p1 move scald\n>p2 move mightycleave\n>p1 move scald\n>p2 move mightycleave\n>p1 switch 2\n>p1 move knockoff\n>p2 switch 5\n>p1 move lowkick\n>p2 move ironhead terastallize\n>p1 switch 6\n>p2 move suckerpunch\n>p1 move thunderwave\n>p2 move swordsdance\n>p1 move stealthrock\n>p2 move swordsdance\n>p1 switch 6\n>p2 move throatchop\n>p1 switch 5\n>p1 move knockoff\n>p2 move throatchop\n>p1 switch 4\n>p1 move substitute\n>p2 move suckerpunch\n>p1 move leechseed\n>p2 move throatchop\n>p1 move protect\n>p2 move throatchop\n>p1 move airslash\n>p2 move suckerpunch\n>p2 switch 5\n>p1 switch 6\n>p2 move mightycleave\n>p2 switch 3\n>p1 move softboiled\n>p2 move rapidspin\n>p1 move seismictoss\n>p2 move toxic\n>p1 move seismictoss\n>p2 move toxic\n>p1 move seismictoss\n>p2 move rapidspin\n>p1 move seismictoss\n>p2 move rapidspin\n>p2 switch 6\n>p1 move thunderwave\n>p2 move fireblast\n>p1 switch 3\n>p1 move calmmind terastallize\n>p2 move thunderwave\n>p1 move thunderbolt\n>p2 switch 2\n>p1 move thunderbolt\n>p2 move calmmind\n>p1 move judgment\n>p2 move drainingkiss\n>p1 move thunderbolt\n>p2 move drainingkiss\n>p2 switch 2\n>p1 move judgment\n>p2 move hydropump\n>p1 move judgment\n>p2 move hydropump", "uploadtime": 1781377593, "views": 8, "formatid": "gen9randombattle", "rating": 2225, "private": 0, "password": null, "player_dets": [{"name": "Magikarpitalism", "avatar": "steven", "rating": 2200, "seed": "sodium,6ed21cb6ef9c572b2e69ed9b4bc5f34a"}, {"name": "nano jump", "avatar": "steven-masters", "rating": 2298, "seed": "sodium,66c46f1fa657010c5b058e0a69388af4"}], "teams_full": [{"Tropius": {"name": "Tropius", "species": "Tropius", "speciesId": "tropius", "gender": "F", "shiny": false, "level": 91, "moves": ["substitute", "leechseed", "airslash", "protect"], "ability": "Harvest", "evs": {"hp": 85, "atk": 0, "def": 85, "spa": 85, "spd": 85, "spe": 85}, "ivs": {"hp": 31, "atk": 0, "def": 31, "spa": 31, "spd": 31, "spe": 31}, "item": "Sitrus Berry", "teraType": "Steel", "role": "Bulky Support", "bvs": {"hp": 99, "atk": 68, "def": 83, "spa": 72, "spd": 87, "spe": 51}, "stats": {"hp": 328, "atk": 128, "def": 203, "spa": 183, "spd": 210, "spe": 145}, "types": ["Grass", "Flying"]}, "Weavile": {"name": "Weavile", "species": "Weavile", "speciesId": "weavile", "gender": "F", "shiny": false, "level": 79, "moves": ["tripleaxel", "swordsdance", "knockoff", "lowkick"], "ability": "Pickpocket", "evs": {"hp": 85, "atk": 85, "def": 85, "spa": 85, "spd": 85, "spe": 85}, "ivs": {"hp": 31, "atk": 31, "def": 31, "spa": 31, "spd": 31, "spe": 31}, "item": "Heavy-Duty Boots", "teraType": "Fighting", "role": "Fast Attacker", "bvs": {"hp": 70, "atk": 120, "def": 65, "spa": 45, "spd": 85, "spe": 125}, "stats": {"hp": 240, "atk": 235, "def": 148, "spa": 117, "spd": 180, "spe": 243}, "types": ["Dark", "Ice"]}, "Arceus": {"name": "Arceus", "species": "Arceus-Ice", "speciesId": "arceusice", "gender": "N", "shiny": false, "level": 72, "moves": ["recover", "thunderbolt", "calmmind", "judgment"], "ability": "Multitype", "evs": {"hp": 81, "atk": 0, "def": 85, "spa": 85, "spd": 85, "spe": 85}, "ivs": {"hp": 31, "atk": 0, "def": 31, "spa": 31, "spd": 31, "spe": 31}, "item": "Icicle Plate", "teraType": "Electric", "role": "Bulky Setup", "bvs": {"hp": 120, "atk": 120, "def": 120, "spa": 120, "spd": 120, "spe": 120}, "stats": {"hp": 291, "atk": 177, "def": 215, "spa": 215, "spd": 215, "spe": 215}, "types": ["Ice"]}, "Suicune": {"name": "Suicune", "species": "Suicune", "speciesId": "suicune", "gender": "N", "shiny": false, "level": 82, "moves": ["rest", "calmmind", "sleeptalk", "scald"], "ability": "Pressure", "evs": {"hp": 85, "atk": 0, "def": 85, "spa": 85, "spd": 85, "spe": 85}, "ivs": {"hp": 31, "atk": 0, "def": 31, "spa": 31, "spd": 31, "spe": 31}, "item": "Leftovers", "teraType": "Steel", "role": "Bulky Attacker", "bvs": {"hp": 100, "atk": 75, "def": 115, "spa": 90, "spd": 115, "spe": 85}, "stats": {"hp": 298, "atk": 127, "def": 236, "spa": 195, "spd": 236, "spe": 187}, "types": ["Water"]}, "Malamar": {"name": "Malamar", "species": "Malamar", "speciesId": "malamar", "gender": "M", "shiny": false, "level": 82, "moves": ["superpower", "knockoff", "sleeptalk", "rest"], "ability": "Contrary", "evs": {"hp": 85, "atk": 85, "def": 85, "spa": 85, "spd": 85, "spe": 85}, "ivs": {"hp": 31, "atk": 31, "def": 31, "spa": 31, "spd": 31, "spe": 31}, "item": "Leftovers", "teraType": "Poison", "role": "Bulky Setup", "bvs": {"hp": 86, "atk": 92, "def": 88, "spa": 68, "spd": 75, "spe": 73}, "stats": {"hp": 275, "atk": 198, "def": 191, "spa": 159, "spd": 170, "spe": 167}, "types": ["Dark", "Psychic"]}, "Chansey": {"name": "Chansey", "species": "Chansey", "speciesId": "chansey", "gender": "F", "shiny": false, "level": 85, "moves": ["seismictoss", "stealthrock", "thunderwave", "softboiled"], "ability": "Natural Cure", "evs": {"hp": 85, "atk": 0, "def": 85, "spa": 85, "spd": 85, "spe": 85}, "ivs": {"hp": 31, "atk": 0, "def": 31, "spa": 31, "spd": 31, "spe": 31}, "item": "Eviolite", "teraType": "Poison", "role": "Bulky Support", "bvs": {"hp": 250, "atk": 5, "def": 5, "spa": 35, "spd": 105, "spe": 50}, "stats": {"hp": 564, "atk": 13, "def": 57, "spa": 108, "spd": 227, "spe": 134}, "types": ["Normal"]}}, {"Brambleghast": {"name": "Brambleghast", "species": "Brambleghast", "speciesId": "brambleghast", "gender": "F", "shiny": false, "level": 88, "moves": ["powerwhip", "substitute", "poltergeist", "leechseed"], "ability": "Wind Rider", "evs": {"hp": 85, "atk": 85, "def": 85, "spa": 85, "spd": 85, "spe": 85}, "ivs": {"hp": 31, "atk": 31, "def": 31, "spa": 31, "spd": 31, "spe": 31}, "item": "Leftovers", "teraType": "Water", "role": "Fast Support", "bvs": {"hp": 55, "atk": 115, "def": 70, "spa": 80, "spd": 70, "spe": 90}, "stats": {"hp": 240, "atk": 253, "def": 173, "spa": 191, "spd": 173, "spe": 209}, "types": ["Grass", "Ghost"]}, "Misdreavus": {"name": "Misdreavus", "species": "Misdreavus", "speciesId": "misdreavus", "gender": "F", "shiny": false, "level": 90, "moves": ["willowisp", "shadowball", "drainingkiss", "calmmind"], "ability": "Levitate", "evs": {"hp": 85, "atk": 0, "def": 85, "spa": 85, "spd": 85, "spe": 85}, "ivs": {"hp": 31, "atk": 0, "def": 31, "spa": 31, "spd": 31, "spe": 31}, "item": "Eviolite", "teraType": "Fairy", "role": "Bulky Setup", "bvs": {"hp": 60, "atk": 60, "def": 60, "spa": 85, "spd": 85, "spe": 85}, "stats": {"hp": 254, "atk": 113, "def": 159, "spa": 204, "spd": 204, "spe": 204}, "types": ["Ghost"]}, "Toedscruel": {"name": "Toedscruel", "species": "Toedscruel", "speciesId": "toedscruel", "gender": "F", "shiny": false, "level": 87, "moves": ["earthpower", "toxic", "rapidspin", "leafstorm"], "ability": "Mycelium Might", "evs": {"hp": 85, "atk": 85, "def": 85, "spa": 85, "spd": 85, "spe": 85}, "ivs": {"hp": 31, "atk": 31, "def": 31, "spa": 31, "spd": 31, "spe": 31}, "item": "Leftovers", "teraType": "Water", "role": "Bulky Support", "bvs": {"hp": 80, "atk": 70, "def": 65, "spa": 80, "spd": 120, "spe": 100}, "stats": {"hp": 281, "atk": 172, "def": 163, "spa": 189, "spd": 259, "spe": 224}, "types": ["Ground", "Grass"]}, "Iron Boulder": {"name": "Iron Boulder", "species": "Iron Boulder", "speciesId": "ironboulder", "gender": "N", "shiny": false, "level": 77, "moves": ["zenheadbutt", "swordsdance", "closecombat", "mightycleave"], "ability": "Quark Drive", "evs": {"hp": 85, "atk": 85, "def": 85, "spa": 85, "spd": 85, "spe": 85}, "ivs": {"hp": 31, "atk": 31, "def": 31, "spa": 31, "spd": 31, "spe": 31}, "item": "Life Orb", "teraType": "Fighting", "role": "Setup Sweeper", "bvs": {"hp": 90, "atk": 120, "def": 80, "spa": 68, "spd": 108, "spe": 124}, "stats": {"hp": 265, "atk": 229, "def": 168, "spa": 149, "spd": 211, "spe": 236}, "types": ["Rock", "Psychic"]}, "Bisharp": {"name": "Bisharp", "species": "Bisharp", "speciesId": "bisharp", "gender": "M", "shiny": false, "level": 79, "moves": ["suckerpunch", "ironhead", "throatchop", "swordsdance"], "ability": "Defiant", "evs": {"hp": 85, "atk": 85, "def": 85, "spa": 85, "spd": 85, "spe": 85}, "ivs": {"hp": 31, "atk": 31, "def": 31, "spa": 31, "spd": 31, "spe": 31}, "item": "Eviolite", "teraType": "Ghost", "role": "Bulky Attacker", "bvs": {"hp": 65, "atk": 125, "def": 100, "spa": 60, "spd": 70, "spe": 70}, "stats": {"hp": 232, "atk": 243, "def": 204, "spa": 140, "spd": 156, "spe": 156}, "types": ["Dark", "Steel"]}, "Palkia": {"name": "Palkia", "species": "Palkia-Origin", "speciesId": "palkiaorigin", "gender": "N", "shiny": false, "level": 72, "moves": ["thunderwave", "hydropump", "fireblast", "dracometeor"], "ability": "Pressure", "evs": {"hp": 85, "atk": 0, "def": 85, "spa": 85, "spd": 85, "spe": 85}, "ivs": {"hp": 31, "atk": 0, "def": 31, "spa": 31, "spd": 31, "spe": 31}, "item": "Lustrous Globe", "teraType": "Fire", "role": "Bulky Attacker", "bvs": {"hp": 90, "atk": 100, "def": 100, "spa": 150, "spd": 120, "spe": 120}, "stats": {"hp": 249, "atk": 149, "def": 186, "spa": 258, "spd": 215, "spe": 215}, "types": ["Water", "Dragon"]}}]}