{"id": "gen9randombattle-2631580305", "format": "[Gen 9] Random Battle", "players": ["mayqueen nyannyan", "nocomment3"], "log": "|j|\u2606mayqueen nyannyan\n|j|\u2606nocomment3\n|t:|1781404130\n|gametype|singles\n|player|p1|mayqueen nyannyan|169|2319\n|player|p2|nocomment3|265|2258\n|gen|9\n|tier|[Gen 9] Random Battle\n|rated|\n|rule|Species Clause: Limit one of each Pok\u00e9mon\n|rule|HP Percentage Mod: HP is shown in percentages\n|rule|Sleep Clause Mod: Limit one foe put to sleep\n|rule|Illusion Level Mod: Illusion disguises the Pok\u00e9mon's true level\n|\n|t:|1781404130\n|teamsize|p1|6\n|teamsize|p2|6\n|start\n|switch|p1a: Persian|Persian, L92, M|269/269\n|switch|p2a: Poliwrath|Poliwrath, L88, F|302/302\n|turn|1\n|\n|t:|1781404137\n|move|p1a: Persian|U-turn|p2a: Poliwrath\n|-resisted|p2a: Poliwrath\n|-damage|p2a: Poliwrath|271/302\n|\n|t:|1781404138\n|switch|p1a: Brambleghast|Brambleghast, L88, F|240/240|[from] U-turn\n|move|p2a: Poliwrath|Rain Dance|p2a: Poliwrath\n|-weather|RainDance\n|\n|-weather|RainDance|[upkeep]\n|upkeep\n|turn|2\n|\n|t:|1781404143\n|move|p2a: Poliwrath|Knock Off|p1a: Brambleghast\n|-supereffective|p1a: Brambleghast\n|-damage|p1a: Brambleghast|35/240\n|-enditem|p1a: Brambleghast|Heavy-Duty Boots|[from] move: Knock Off|[of] p2a: Poliwrath\n|-damage|p2a: Poliwrath|241/302|[from] item: Life Orb\n|move|p1a: Brambleghast|Power Whip|p2a: Poliwrath\n|-supereffective|p2a: Poliwrath\n|-damage|p2a: Poliwrath|0 fnt\n|faint|p2a: Poliwrath\n|\n|-weather|RainDance|[upkeep]\n|upkeep\n|\n|t:|1781404149\n|switch|p2a: Keldeo|Keldeo-Resolute, L79|273/273\n|turn|3\n|\n|t:|1781404154\n|switch|p1a: Arboliva|Arboliva, L91, F|288/288\n|move|p2a: Keldeo|Hydro Pump|p1a: Arboliva\n|-resisted|p1a: Arboliva\n|-damage|p1a: Arboliva|216/288\n|\n|-weather|RainDance|[upkeep]\n|upkeep\n|turn|4\n|\n|t:|1781404171\n|-terastallize|p2a: Keldeo|Steel\n|move|p2a: Keldeo|Secret Sword|p1a: Arboliva\n|-supereffective|p1a: Arboliva\n|-damage|p1a: Arboliva|24/288\n|-enditem|p1a: Arboliva|Sitrus Berry|[eat]\n|-heal|p1a: Arboliva|96/288|[from] item: Sitrus Berry\n|move|p1a: Arboliva|Leech Seed|p2a: Keldeo\n|-start|p2a: Keldeo|move: Leech Seed\n|\n|-weather|RainDance|[upkeep]\n|-damage|p2a: Keldeo|239/273|[from] Leech Seed|[of] p1a: Arboliva\n|-heal|p1a: Arboliva|130/288|[silent]\n|-item|p1a: Arboliva|Sitrus Berry|[from] ability: Harvest\n|upkeep\n|-enditem|p1a: Arboliva|Sitrus Berry|[eat]\n|-heal|p1a: Arboliva|202/288|[from] item: Sitrus Berry\n|turn|5\n|\n|t:|1781404180\n|move|p2a: Keldeo|Secret Sword|p1a: Arboliva\n|-supereffective|p1a: Arboliva\n|-damage|p1a: Arboliva|34/288\n|move|p1a: Arboliva|Hyper Voice|p2a: Keldeo\n|-resisted|p2a: Keldeo\n|-damage|p2a: Keldeo|167/273\n|\n|-weather|none\n|-heal|p2a: Keldeo|184/273|[from] item: Leftovers\n|-damage|p2a: Keldeo|150/273|[from] Leech Seed|[of] p1a: Arboliva\n|-heal|p1a: Arboliva|68/288|[silent]\n|upkeep\n|turn|6\n|\n|t:|1781404185\n|move|p1a: Arboliva|Protect|p1a: Arboliva\n|-singleturn|p1a: Arboliva|Protect\n|move|p2a: Keldeo|Hydro Pump|p1a: Arboliva\n|-activate|p1a: Arboliva|move: Protect\n|\n|-heal|p2a: Keldeo|167/273|[from] item: Leftovers\n|-damage|p2a: Keldeo|133/273|[from] Leech Seed|[of] p1a: Arboliva\n|-heal|p1a: Arboliva|102/288|[silent]\n|-item|p1a: Arboliva|Sitrus Berry|[from] ability: Harvest\n|upkeep\n|-enditem|p1a: Arboliva|Sitrus Berry|[eat]\n|-heal|p1a: Arboliva|174/288|[from] item: Sitrus Berry\n|turn|7\n|\n|t:|1781404190\n|move|p2a: Keldeo|Secret Sword|p1a: Arboliva\n|-supereffective|p1a: Arboliva\n|-crit|p1a: Arboliva\n|-damage|p1a: Arboliva|0 fnt\n|faint|p1a: Arboliva\n|\n|-heal|p2a: Keldeo|150/273|[from] item: Leftovers\n|upkeep\n|\n|t:|1781404201\n|switch|p1a: Iron Crown|Iron Crown, L78|268/268\n|turn|8\n|\n|t:|1781404206\n|switch|p2a: Toedscruel|Toedscruel, L87, M|281/281\n|move|p1a: Iron Crown|Focus Blast|p2a: Toedscruel\n|-damage|p2a: Toedscruel|176/281\n|\n|-heal|p2a: Toedscruel|193/281|[from] item: Leftovers\n|upkeep\n|turn|9\n|\n|t:|1781404214\n|-end|p1a: Iron Crown|Quark Drive|[silent]\n|switch|p1a: Brambleghast|Brambleghast, L88, F|35/240\n|move|p2a: Toedscruel|Earth Power|p1a: Brambleghast\n|-resisted|p1a: Brambleghast\n|-damage|p1a: Brambleghast|0 fnt\n|faint|p1a: Brambleghast\n|\n|-heal|p2a: Toedscruel|210/281|[from] item: Leftovers\n|upkeep\n|\n|t:|1781404216\n|switch|p1a: Persian|Persian, L92, M|269/269\n|turn|10\n|\n|t:|1781404230\n|move|p1a: Persian|Double-Edge|p2a: Toedscruel\n|-damage|p2a: Toedscruel|0 fnt\n|faint|p2a: Toedscruel\n|-damage|p1a: Persian|200/269|[from] Recoil\n|\n|upkeep\n|\n|t:|1781404238\n|switch|p2a: Keldeo|Keldeo-Resolute, L79, tera:Steel|150/273\n|turn|11\n|\n|t:|1781404241\n|switch|p1a: Iron Crown|Iron Crown, L78|268/268\n|move|p2a: Keldeo|Hydro Pump|p1a: Iron Crown\n|-damage|p1a: Iron Crown|156/268\n|\n|-heal|p2a: Keldeo|167/273|[from] item: Leftovers\n|upkeep\n|turn|12\n|\n|t:|1781404247\n|switch|p2a: Typhlosion|Typhlosion, L84, M|267/267\n|move|p1a: Iron Crown|Focus Blast|p2a: Typhlosion|[miss]\n|-miss|p1a: Iron Crown|p2a: Typhlosion\n|\n|upkeep\n|turn|13\n|\n|t:|1781404252\n|-end|p1a: Iron Crown|Quark Drive|[silent]\n|switch|p1a: Flareon|Flareon, L90, F|263/263\n|move|p2a: Typhlosion|Eruption|p1a: Flareon\n|-resisted|p1a: Flareon\n|-damage|p1a: Flareon|166/263\n|\n|-status|p1a: Flareon|tox|[from] item: Toxic Orb\n|upkeep\n|turn|14\n|\n|t:|1781404256\n|move|p2a: Typhlosion|Eruption|p1a: Flareon\n|-resisted|p1a: Flareon\n|-damage|p1a: Flareon|71/263 tox\n|move|p1a: Flareon|Facade|p2a: Typhlosion\n|-damage|p2a: Typhlosion|33/267\n|\n|-damage|p1a: Flareon|55/263 tox|[from] psn\n|upkeep\n|turn|15\n|\n|t:|1781404260\n|move|p1a: Flareon|Quick Attack|p2a: Typhlosion\n|-damage|p2a: Typhlosion|0 fnt\n|faint|p2a: Typhlosion\n|\n|-damage|p1a: Flareon|23/263 tox|[from] psn\n|upkeep\n|inactive|Battle timer is ON: inactive players will automatically lose when time's up. (requested by mayqueen nyannyan)\n|\n|t:|1781404283\n|switch|p2a: Keldeo|Keldeo-Resolute, L79, tera:Steel|167/273\n|turn|16\n|\n|t:|1781404287\n|move|p2a: Keldeo|Secret Sword|p1a: Flareon\n|-damage|p1a: Flareon|0 fnt\n|faint|p1a: Flareon\n|\n|-heal|p2a: Keldeo|184/273|[from] item: Leftovers\n|upkeep\n|\n|t:|1781404292\n|switch|p1a: Iron Crown|Iron Crown, L78|156/268\n|turn|17\n|\n|t:|1781404305\n|move|p2a: Keldeo|Calm Mind|p2a: Keldeo\n|-boost|p2a: Keldeo|spa|1\n|-boost|p2a: Keldeo|spd|1\n|move|p1a: Iron Crown|Focus Blast|p2a: Keldeo|[miss]\n|-miss|p1a: Iron Crown|p2a: Keldeo\n|\n|-heal|p2a: Keldeo|201/273|[from] item: Leftovers\n|upkeep\n|turn|18\n|\n|t:|1781404310\n|move|p2a: Keldeo|Hydro Pump|p1a: Iron Crown|[miss]\n|-miss|p2a: Keldeo|p1a: Iron Crown\n|move|p1a: Iron Crown|Focus Blast|p2a: Keldeo|[miss]\n|-miss|p1a: Iron Crown|p2a: Keldeo\n|\n|-heal|p2a: Keldeo|218/273|[from] item: Leftovers\n|upkeep\n|turn|19\n|\n|t:|1781404315\n|move|p2a: Keldeo|Hydro Pump|p1a: Iron Crown|[miss]\n|-miss|p2a: Keldeo|p1a: Iron Crown\n|move|p1a: Iron Crown|Focus Blast|p2a: Keldeo\n|-supereffective|p2a: Keldeo\n|-damage|p2a: Keldeo|38/273\n|\n|-heal|p2a: Keldeo|55/273|[from] item: Leftovers\n|upkeep\n|turn|20\n|\n|t:|1781404320\n|move|p2a: Keldeo|Hydro Pump|p1a: Iron Crown\n|-damage|p1a: Iron Crown|0 fnt\n|faint|p1a: Iron Crown\n|-end|p1a: Iron Crown|Quark Drive|[silent]\n|\n|-heal|p2a: Keldeo|72/273|[from] item: Leftovers\n|upkeep\n|\n|t:|1781404321\n|switch|p1a: Persian|Persian, L92, M|200/269\n|turn|21\n|\n|t:|1781404326\n|move|p1a: Persian|Double-Edge|p2a: Keldeo\n|-resisted|p2a: Keldeo\n|-damage|p2a: Keldeo|0 fnt\n|faint|p2a: Keldeo\n|-damage|p1a: Persian|176/269|[from] Recoil\n|\n|upkeep\n|\n|t:|1781404329\n|switch|p2a: Indeedee|Indeedee, L84, M|238/238\n|-fieldstart|move: Psychic Terrain|[from] ability: Psychic Surge|[of] p2a: Indeedee\n|turn|22\n|\n|t:|1781404337\n|move|p2a: Indeedee|Expanding Force|p1a: Persian\n|-crit|p1a: Persian\n|-damage|p1a: Persian|0 fnt\n|faint|p1a: Persian\n|\n|upkeep\n|\n|t:|1781404339\n|switch|p1a: Landorus|Landorus-Therian, L76, M|260/260\n|-ability|p1a: Landorus|Intimidate|boost\n|-unboost|p2a: Indeedee|atk|1\n|turn|23\n|\n|t:|1781404341\n|-terastallize|p1a: Landorus|Ground\n|move|p2a: Indeedee|Expanding Force|p1a: Landorus\n|-damage|p1a: Landorus|44/260\n|move|p1a: Landorus|Earthquake|p2a: Indeedee\n|-damage|p2a: Indeedee|12/238\n|\n|-heal|p1a: Landorus|60/260|[from] item: Leftovers\n|upkeep\n|turn|24\n|\n|t:|1781404345\n|move|p2a: Indeedee|Expanding Force|p1a: Landorus\n|-damage|p1a: Landorus|0 fnt\n|faint|p1a: Landorus\n|\n|win|nocomment3\n", "inputlog": ">version a8376a258c1d4662feba110a92103f3664a72141\n>start {\"formatid\":\"gen9randombattle\",\"seed\":\"sodium,e0e76884efe33b8f7b72e7dedb05603b\",\"rated\":\"Rated battle\"}\n>player p1 {\"name\":\"mayqueen nyannyan\",\"avatar\":\"169\",\"rating\":2319,\"seed\":\"sodium,b86aab8b9eb991a31c7aa02146542ee2\"}\n>player p2 {\"name\":\"nocomment3\",\"avatar\":\"265\",\"rating\":2258,\"seed\":\"sodium,bfe67ca23a581349d44eb3c10cd8cbd5\"}\n>p1 move uturn\n>p2 move raindance\n>p1 switch 2\n>p1 move powerwhip\n>p2 move knockoff\n>p2 switch 2\n>p1 switch 4\n>p2 move hydropump\n>p1 move leechseed\n>p2 move secretsword terastallize\n>p1 move hypervoice\n>p2 move secretsword\n>p1 move protect\n>p2 move hydropump\n>p1 move hypervoice\n>p2 move secretsword\n>p1 switch 5\n>p1 move focusblast\n>p2 switch 4\n>p1 switch 4\n>p2 move earthpower\n>p1 switch 2\n>p1 move doubleedge\n>p2 move earthpower\n>p2 switch 4\n>p1 switch 4\n>p2 move hydropump\n>p1 move focusblast\n>p2 switch 3\n>p1 switch 6\n>p2 move eruption\n>p1 move facade\n>p2 move eruption\n>p1 move quickattack\n>p2 move eruption\n>p2 switch 3\n>p1 move flareblitz\n>p2 move secretsword\n>p1 switch 6\n>p1 move focusblast\n>p2 move calmmind\n>p1 move focusblast\n>p2 move hydropump\n>p1 move focusblast\n>p2 move hydropump\n>p1 move focusblast\n>p2 move hydropump\n>p1 switch 4\n>p1 move doubleedge\n>p2 move secretsword\n>p2 switch 5\n>p1 move doubleedge\n>p2 move expandingforce\n>p1 switch 3\n>p1 move earthquake terastallize\n>p2 move expandingforce\n>p1 move earthquake\n>p2 move expandingforce", "uploadtime": 1781404132, "views": 4, "formatid": "gen9randombattle", "rating": null, "private": 0, "password": null, "player_dets": [{"name": "mayqueen nyannyan", "avatar": "169", "rating": 2319, "seed": "sodium,b86aab8b9eb991a31c7aa02146542ee2"}, {"name": "nocomment3", "avatar": "265", "rating": 2258, "seed": "sodium,bfe67ca23a581349d44eb3c10cd8cbd5"}], "teams_full": [{"Persian": {"name": "Persian", "species": "Persian", "speciesId": "persian", "gender": "M", "shiny": false, "level": 92, "moves": ["uturn", "switcheroo", "knockoff", "doubleedge"], "ability": "Limber", "evs": {"hp": 85, "atk": 85, "def": 85, "spa": 85, "spd": 85, "spe": 85}, "ivs": {"hp": 31, "atk": 31, "def": 31, "spa": 31, "spd": 31, "spe": 31}, "item": "Choice Band", "teraType": "Ghost", "role": "Wallbreaker", "bvs": {"hp": 65, "atk": 70, "def": 60, "spa": 65, "spd": 65, "spe": 115}, "stats": {"hp": 269, "atk": 181, "def": 163, "spa": 172, "spd": 172, "spe": 264}}, "Brambleghast": {"name": "Brambleghast", "species": "Brambleghast", "speciesId": "brambleghast", "gender": "F", "shiny": false, "level": 88, "moves": ["poltergeist", "strengthsap", "powerwhip", "rapidspin"], "ability": "Wind Rider", "evs": {"hp": 85, "atk": 85, "def": 85, "spa": 85, "spd": 85, "spe": 85}, "ivs": {"hp": 31, "atk": 31, "def": 31, "spa": 31, "spd": 31, "spe": 31}, "item": "Heavy-Duty Boots", "teraType": "Water", "role": "Fast Support", "bvs": {"hp": 55, "atk": 115, "def": 70, "spa": 80, "spd": 70, "spe": 90}, "stats": {"hp": 240, "atk": 253, "def": 173, "spa": 191, "spd": 173, "spe": 209}}, "Landorus": {"name": "Landorus", "species": "Landorus-Therian", "speciesId": "landorustherian", "gender": "M", "shiny": false, "level": 76, "moves": ["uturn", "earthquake", "stoneedge", "taunt"], "ability": "Intimidate", "evs": {"hp": 85, "atk": 85, "def": 85, "spa": 85, "spd": 85, "spe": 85}, "ivs": {"hp": 31, "atk": 31, "def": 31, "spa": 31, "spd": 31, "spe": 31}, "item": "Leftovers", "teraType": "Ground", "role": "Bulky Support", "bvs": {"hp": 89, "atk": 145, "def": 90, "spa": 105, "spd": 80, "spe": 91}, "stats": {"hp": 260, "atk": 264, "def": 181, "spa": 204, "spd": 166, "spe": 182}}, "Arboliva": {"name": "Arboliva", "species": "Arboliva", "speciesId": "arboliva", "gender": "F", "shiny": false, "level": 91, "moves": ["protect", "substitute", "hypervoice", "leechseed"], "ability": "Harvest", "evs": {"hp": 77, "atk": 0, "def": 85, "spa": 85, "spd": 85, "spe": 85}, "ivs": {"hp": 31, "atk": 0, "def": 31, "spa": 31, "spd": 31, "spe": 31}, "item": "Sitrus Berry", "teraType": "Poison", "role": "Bulky Support", "bvs": {"hp": 78, "atk": 69, "def": 90, "spa": 125, "spd": 109, "spe": 39}, "stats": {"hp": 288, "atk": 130, "def": 216, "spa": 279, "spd": 250, "spe": 123}}, "Iron Crown": {"name": "Iron Crown", "species": "Iron Crown", "speciesId": "ironcrown", "gender": "N", "shiny": false, "level": 78, "moves": ["focusblast", "psyshock", "tachyoncutter", "voltswitch"], "ability": "Quark Drive", "evs": {"hp": 85, "atk": 0, "def": 85, "spa": 85, "spd": 85, "spe": 85}, "ivs": {"hp": 31, "atk": 0, "def": 31, "spa": 31, "spd": 31, "spe": 31}, "item": "Choice Specs", "teraType": "Fighting", "role": "Wallbreaker", "bvs": {"hp": 90, "atk": 72, "def": 100, "spa": 122, "spd": 108, "spe": 98}, "stats": {"hp": 268, "atk": 117, "def": 201, "spa": 235, "spd": 214, "spe": 198}}, "Flareon": {"name": "Flareon", "species": "Flareon", "speciesId": "flareon", "gender": "F", "shiny": false, "level": 90, "moves": ["trailblaze", "quickattack", "flareblitz", "facade"], "ability": "Guts", "evs": {"hp": 85, "atk": 85, "def": 85, "spa": 85, "spd": 85, "spe": 85}, "ivs": {"hp": 31, "atk": 31, "def": 31, "spa": 31, "spd": 31, "spe": 31}, "item": "Toxic Orb", "teraType": "Normal", "role": "Setup Sweeper", "bvs": {"hp": 65, "atk": 130, "def": 60, "spa": 95, "spd": 110, "spe": 65}, "stats": {"hp": 263, "atk": 285, "def": 159, "spa": 222, "spd": 249, "spe": 168}}}, {"Poliwrath": {"name": "Poliwrath", "species": "Poliwrath", "speciesId": "poliwrath", "gender": "F", "shiny": false, "level": 88, "moves": ["knockoff", "liquidation", "raindance", "closecombat"], "ability": "Swift Swim", "evs": {"hp": 85, "atk": 85, "def": 85, "spa": 85, "spd": 85, "spe": 85}, "ivs": {"hp": 31, "atk": 31, "def": 31, "spa": 31, "spd": 31, "spe": 31}, "item": "Life Orb", "teraType": "Fighting", "role": "Setup Sweeper", "bvs": {"hp": 90, "atk": 95, "def": 95, "spa": 70, "spd": 90, "spe": 70}, "stats": {"hp": 302, "atk": 217, "def": 217, "spa": 173, "spd": 209, "spe": 173}}, "Keldeo": {"name": "Keldeo", "species": "Keldeo-Resolute", "speciesId": "keldeoresolute", "gender": "N", "shiny": false, "level": 79, "moves": ["substitute", "secretsword", "hydropump", "calmmind"], "ability": "Justified", "evs": {"hp": 85, "atk": 0, "def": 85, "spa": 85, "spd": 85, "spe": 85}, "ivs": {"hp": 31, "atk": 0, "def": 31, "spa": 31, "spd": 31, "spe": 31}, "item": "Leftovers", "teraType": "Steel", "role": "Bulky Setup", "bvs": {"hp": 91, "atk": 72, "def": 90, "spa": 129, "spd": 90, "spe": 108}, "stats": {"hp": 273, "atk": 118, "def": 188, "spa": 249, "spd": 188, "spe": 216}}, "Typhlosion": {"name": "Typhlosion", "species": "Typhlosion", "speciesId": "typhlosion", "gender": "M", "shiny": false, "level": 84, "moves": ["focusblast", "fireblast", "eruption", "scorchingsands"], "ability": "Flash Fire", "evs": {"hp": 81, "atk": 0, "def": 85, "spa": 85, "spd": 85, "spe": 85}, "ivs": {"hp": 31, "atk": 0, "def": 31, "spa": 31, "spd": 31, "spe": 31}, "item": "Choice Specs", "teraType": "Fire", "role": "Fast Attacker", "bvs": {"hp": 78, "atk": 84, "def": 78, "spa": 109, "spd": 85, "spe": 100}, "stats": {"hp": 267, "atk": 146, "def": 179, "spa": 231, "spd": 191, "spe": 216}}, "Toedscruel": {"name": "Toedscruel", "species": "Toedscruel", "speciesId": "toedscruel", "gender": "M", "shiny": false, "level": 87, "moves": ["rapidspin", "toxic", "gigadrain", "earthpower"], "ability": "Mycelium Might", "evs": {"hp": 85, "atk": 85, "def": 85, "spa": 85, "spd": 85, "spe": 85}, "ivs": {"hp": 31, "atk": 31, "def": 31, "spa": 31, "spd": 31, "spe": 31}, "item": "Leftovers", "teraType": "Water", "role": "Bulky Support", "bvs": {"hp": 80, "atk": 70, "def": 65, "spa": 80, "spd": 120, "spe": 100}, "stats": {"hp": 281, "atk": 172, "def": 163, "spa": 189, "spd": 259, "spe": 224}}, "Indeedee": {"name": "Indeedee", "species": "Indeedee", "speciesId": "indeedee", "gender": "M", "shiny": false, "level": 84, "moves": ["dazzlinggleam", "expandingforce", "healingwish", "hypervoice"], "ability": "Psychic Surge", "evs": {"hp": 85, "atk": 0, "def": 85, "spa": 85, "spd": 85, "spe": 85}, "ivs": {"hp": 31, "atk": 0, "def": 31, "spa": 31, "spd": 31, "spe": 31}, "item": "Choice Scarf", "teraType": "Psychic", "role": "Fast Attacker", "bvs": {"hp": 60, "atk": 65, "def": 55, "spa": 105, "spd": 95, "spe": 95}, "stats": {"hp": 238, "atk": 114, "def": 141, "spa": 225, "spd": 208, "spe": 208}}, "Chi-Yu": {"name": "Chi-Yu", "species": "Chi-Yu", "speciesId": "chiyu", "gender": "N", "shiny": false, "level": 77, "moves": ["darkpulse", "psychic", "flamethrower", "overheat"], "ability": "Beads of Ruin", "evs": {"hp": 85, "atk": 0, "def": 85, "spa": 85, "spd": 85, "spe": 85}, "ivs": {"hp": 31, "atk": 0, "def": 31, "spa": 31, "spd": 31, "spe": 31}, "item": "Choice Scarf", "teraType": "Fire", "role": "Fast Attacker", "bvs": {"hp": 55, "atk": 80, "def": 80, "spa": 135, "spd": 120, "spe": 100}, "stats": {"hp": 211, "atk": 128, "def": 168, "spa": 252, "spd": 229, "spe": 199}}}]}