{"id": "gen9randombattle-2631834268", "format": "[Gen 9] Random Battle", "players": ["Brunobattle2", "Cygnus11235"], "log": "|j|\u2606Brunobattle2\n|j|\u2606Cygnus11235\n|t:|1781446053\n|gametype|singles\n|player|p1|Brunobattle2|bruno|1905\n|player|p2|Cygnus11235|169|1936\n|gen|9\n|tier|[Gen 9] Random Battle\n|rated|\n|rule|Species Clause: Limit one of each Pok\u00e9mon\n|rule|HP Percentage Mod: HP is shown in percentages\n|rule|Sleep Clause Mod: Limit one foe put to sleep\n|rule|Illusion Level Mod: Illusion disguises the Pok\u00e9mon's true level\n|\n|t:|1781446053\n|teamsize|p1|6\n|teamsize|p2|6\n|start\n|switch|p1a: Regirock|Regirock, L83|268/268\n|switch|p2a: Hypno|Hypno, L95, F|315/315\n|turn|1\n|\n|t:|1781446069\n|switch|p1a: Phione|Phione, L91|293/293\n|move|p2a: Hypno|Toxic|p1a: Phione\n|-status|p1a: Phione|tox\n|\n|-damage|p1a: Phione|275/293 tox|[from] psn\n|upkeep\n|turn|2\n|\n|t:|1781446076\n|move|p1a: Phione|Take Heart|p1a: Phione\n|-boost|p1a: Phione|spa|1\n|-boost|p1a: Phione|spd|1\n|-curestatus|p1a: Phione|tox|[msg]\n|move|p2a: Hypno|Encore|p1a: Phione\n|-start|p1a: Phione|Encore\n|\n|-heal|p1a: Phione|293/293|[from] item: Leftovers\n|upkeep\n|turn|3\n|\n|t:|1781446088\n|switch|p1a: Trevenant|Trevenant, L89, M|296/296\n|move|p2a: Hypno|Knock Off|p1a: Trevenant\n|-supereffective|p1a: Trevenant\n|-damage|p1a: Trevenant|136/296\n|-enditem|p1a: Trevenant|Life Orb|[from] move: Knock Off|[of] p2a: Hypno\n|\n|upkeep\n|turn|4\n|\n|t:|1781446114\n|switch|p2a: Kingambit|Kingambit, L74, F|270/270\n|move|p1a: Trevenant|Horn Leech|p2a: Kingambit\n|-resisted|p2a: Kingambit\n|-damage|p2a: Kingambit|228/270\n|-heal|p1a: Trevenant|157/296|[from] drain|[of] p2a: Kingambit\n|\n|-heal|p2a: Kingambit|244/270|[from] item: Leftovers\n|upkeep\n|turn|5\n|\n|t:|1781446124\n|move|p2a: Kingambit|Sucker Punch|p1a: Trevenant\n|-supereffective|p1a: Trevenant\n|-damage|p1a: Trevenant|1/296\n|move|p1a: Trevenant|Drain Punch|p2a: Kingambit\n|-supereffective|p2a: Kingambit\n|-crit|p2a: Kingambit\n|-damage|p2a: Kingambit|0 fnt\n|-heal|p1a: Trevenant|123/296|[from] drain|[of] p2a: Kingambit\n|faint|p2a: Kingambit\n|-end|p2a: Kingambit|fallenundefined|[silent]\n|\n|upkeep\n|\n|t:|1781446128\n|switch|p2a: Basculegion|Basculegion-F, L83, F|335/335\n|turn|6\n|\n|t:|1781446148\n|switch|p1a: Phione|Phione, L91|293/293\n|move|p2a: Basculegion|Shadow Ball|p1a: Phione\n|-damage|p1a: Phione|129/293\n|\n|-heal|p1a: Phione|147/293|[from] item: Leftovers\n|upkeep\n|turn|7\n|\n|t:|1781446156\n|move|p1a: Phione|Take Heart|p1a: Phione\n|-boost|p1a: Phione|spa|1\n|-boost|p1a: Phione|spd|1\n|move|p2a: Basculegion|Shadow Ball|p1a: Phione\n|-damage|p1a: Phione|33/293\n|\n|-heal|p1a: Phione|51/293|[from] item: Leftovers\n|upkeep\n|turn|8\n|\n|t:|1781446163\n|move|p1a: Phione|Grass Knot|p2a: Basculegion\n|-supereffective|p2a: Basculegion\n|-damage|p2a: Basculegion|87/335\n|move|p2a: Basculegion|Shadow Ball|p1a: Phione\n|-damage|p1a: Phione|0 fnt\n|faint|p1a: Phione\n|\n|upkeep\n|\n|t:|1781446171\n|switch|p1a: Pachirisu|Pachirisu, L96, F|271/271\n|turn|9\n|\n|t:|1781446174\n|switch|p2a: Hypno|Hypno, L95, F|315/315\n|move|p1a: Pachirisu|Discharge|p2a: Hypno\n|-damage|p2a: Hypno|267/315\n|\n|-heal|p2a: Hypno|286/315|[from] item: Leftovers\n|upkeep\n|turn|10\n|\n|t:|1781446181\n|move|p1a: Pachirisu|U-turn|p2a: Hypno\n|-supereffective|p2a: Hypno\n|-damage|p2a: Hypno|198/315\n|\n|t:|1781446184\n|switch|p1a: Trevenant|Trevenant, L89, M|123/296|[from] U-turn\n|move|p2a: Hypno|Knock Off|p1a: Trevenant\n|-supereffective|p1a: Trevenant\n|-damage|p1a: Trevenant|15/296\n|\n|-heal|p2a: Hypno|217/315|[from] item: Leftovers\n|upkeep\n|turn|11\n|\n|t:|1781446190\n|move|p2a: Hypno|Knock Off|p1a: Trevenant\n|-supereffective|p1a: Trevenant\n|-damage|p1a: Trevenant|0 fnt\n|faint|p1a: Trevenant\n|\n|-heal|p2a: Hypno|236/315|[from] item: Leftovers\n|upkeep\n|\n|t:|1781446213\n|switch|p1a: Scream Tail|Scream Tail, L84|330/330\n|turn|12\n|\n|t:|1781446218\n|-terastallize|p1a: Scream Tail|Steel\n|move|p1a: Scream Tail|Thunder Wave|p2a: Hypno\n|-status|p2a: Hypno|par\n|move|p2a: Hypno|Toxic|p1a: Scream Tail\n|-immune|p1a: Scream Tail\n|\n|-heal|p2a: Hypno|255/315 par|[from] item: Leftovers\n|upkeep\n|turn|13\n|\n|t:|1781446225\n|move|p1a: Scream Tail|Play Rough|p2a: Hypno\n|-damage|p2a: Hypno|179/315 par\n|move|p2a: Hypno|Encore|p1a: Scream Tail\n|-start|p1a: Scream Tail|Encore\n|\n|-heal|p2a: Hypno|198/315 par|[from] item: Leftovers\n|upkeep\n|turn|14\n|\n|t:|1781446233\n|move|p1a: Scream Tail|Play Rough|p2a: Hypno\n|-damage|p2a: Hypno|129/315 par\n|cant|p2a: Hypno|par\n|\n|-heal|p2a: Hypno|148/315 par|[from] item: Leftovers\n|upkeep\n|turn|15\n|\n|t:|1781446250\n|move|p1a: Scream Tail|Play Rough|p2a: Hypno\n|-damage|p2a: Hypno|72/315 par\n|move|p2a: Hypno|Knock Off|p1a: Scream Tail\n|-damage|p1a: Scream Tail|267/330\n|-enditem|p1a: Scream Tail|Leftovers|[from] move: Knock Off|[of] p2a: Hypno\n|\n|-heal|p2a: Hypno|91/315 par|[from] item: Leftovers\n|upkeep\n|turn|16\n|\n|t:|1781446256\n|move|p1a: Scream Tail|Play Rough|p2a: Hypno\n|-damage|p2a: Hypno|12/315 par\n|move|p2a: Hypno|Encore||[still]\n|-fail|p2a: Hypno\n|\n|-heal|p2a: Hypno|31/315 par|[from] item: Leftovers\n|-end|p1a: Scream Tail|Encore\n|upkeep\n|turn|17\n|\n|t:|1781446263\n|move|p1a: Scream Tail|Play Rough|p2a: Hypno\n|-damage|p2a: Hypno|0 fnt\n|faint|p2a: Hypno\n|\n|upkeep\n|\n|t:|1781446274\n|switch|p2a: Terapagos|Terapagos, L77, M|265/265\n|-activate|p2a: Terapagos|ability: Tera Shift\n|detailschange|p2a: Terapagos|Terapagos-Terastal, L77, M\n|-heal|p2a: Terapagos|273/273|[silent]\n|turn|18\n|\n|t:|1781446286\n|move|p1a: Scream Tail|Thunder Wave|p2a: Terapagos\n|-status|p2a: Terapagos|par\n|move|p2a: Terapagos|Calm Mind|p2a: Terapagos\n|-boost|p2a: Terapagos|spa|1\n|-boost|p2a: Terapagos|spd|1\n|\n|upkeep\n|turn|19\n|\n|t:|1781446295\n|-end|p1a: Scream Tail|Protosynthesis|[silent]\n|switch|p1a: Regirock|Regirock, L83|268/268\n|move|p2a: Terapagos|Calm Mind|p2a: Terapagos\n|-boost|p2a: Terapagos|spa|1\n|-boost|p2a: Terapagos|spd|1\n|\n|upkeep\n|turn|20\n|\n|t:|1781446301\n|switch|p2a: Basculegion|Basculegion-F, L83, F|87/335\n|move|p1a: Regirock|Body Press|p2a: Basculegion\n|-immune|p2a: Basculegion\n|\n|upkeep\n|turn|21\n|\n|t:|1781446318\n|switch|p1a: Pachirisu|Pachirisu, L96, F|271/271\n|move|p2a: Basculegion|Hydro Pump|p1a: Pachirisu|[miss]\n|-miss|p2a: Basculegion|p1a: Pachirisu\n|\n|upkeep\n|turn|22\n|\n|t:|1781446324\n|switch|p2a: Terapagos|Terapagos-Terastal, L77, M|273/273 par\n|move|p1a: Pachirisu|Discharge|p2a: Terapagos\n|-activate|p2a: Terapagos|ability: Tera Shell\n|-resisted|p2a: Terapagos\n|-damage|p2a: Terapagos|241/273 par\n|\n|upkeep\n|turn|23\n|\n|t:|1781446331\n|switch|p2a: Basculegion|Basculegion-F, L83, F|87/335\n|move|p1a: Pachirisu|Super Fang|p2a: Basculegion\n|-immune|p2a: Basculegion\n|\n|upkeep\n|turn|24\n|\n|t:|1781446341\n|switch|p2a: Terapagos|Terapagos-Terastal, L77, M|241/273 par\n|move|p1a: Pachirisu|Discharge|p2a: Terapagos\n|-damage|p2a: Terapagos|183/273 par\n|\n|upkeep\n|turn|25\n|\n|t:|1781446346\n|move|p1a: Pachirisu|Super Fang|p2a: Terapagos\n|-damage|p2a: Terapagos|92/273 par\n|cant|p2a: Terapagos|par\n|\n|upkeep\n|turn|26\n|\n|t:|1781446352\n|move|p1a: Pachirisu|Discharge|p2a: Terapagos\n|-damage|p2a: Terapagos|37/273 par\n|move|p2a: Terapagos|Rest|p2a: Terapagos\n|-status|p2a: Terapagos|slp|[from] move: Rest\n|-heal|p2a: Terapagos|273/273 slp|[silent]\n|-enditem|p2a: Terapagos|Chesto Berry|[eat]\n|-curestatus|p2a: Terapagos|slp|[msg]\n|\n|upkeep\n|turn|27\n|\n|t:|1781446362\n|move|p1a: Pachirisu|Encore|p2a: Terapagos\n|-start|p2a: Terapagos|Encore\n|move|p2a: Terapagos|Rest|p2a: Terapagos\n|-fail|p2a: Terapagos|heal\n|\n|upkeep\n|turn|28\n|\n|t:|1781446368\n|move|p1a: Pachirisu|Super Fang|p2a: Terapagos\n|-damage|p2a: Terapagos|137/273\n|move|p2a: Terapagos|Rest|p2a: Terapagos\n|-status|p2a: Terapagos|slp|[from] move: Rest\n|-heal|p2a: Terapagos|273/273 slp|[silent]\n|\n|upkeep\n|turn|29\n|\n|t:|1781446373\n|move|p1a: Pachirisu|Super Fang|p2a: Terapagos\n|-damage|p2a: Terapagos|137/273 slp\n|cant|p2a: Terapagos|slp\n|\n|-end|p2a: Terapagos|Encore\n|upkeep\n|turn|30\n|\n|t:|1781446382\n|switch|p2a: Inteleon|Inteleon, L81, M|246/246\n|move|p1a: Pachirisu|Discharge|p2a: Inteleon\n|-supereffective|p2a: Inteleon\n|-damage|p2a: Inteleon|84/246\n|-status|p2a: Inteleon|par\n|\n|upkeep\n|turn|31\n|-message|Cygnus11235 forfeited.\n|\n|win|Brunobattle2\n", "inputlog": ">version a8376a258c1d4662feba110a92103f3664a72141\n>start {\"formatid\":\"gen9randombattle\",\"seed\":\"sodium,89f51a199dd63934ad850f318c15526b\",\"rated\":\"Rated battle\"}\n>player p1 {\"name\":\"Brunobattle2\",\"avatar\":\"bruno\",\"rating\":1905,\"seed\":\"sodium,71da19995c490798a70205b70a65f3a8\"}\n>player p2 {\"name\":\"Cygnus11235\",\"avatar\":\"169\",\"rating\":1936,\"seed\":\"sodium,9f881c0be31fe908a6996093f5cd789c\"}\n>p1 switch 5\n>p2 move toxic\n>p1 move takeheart\n>p2 move encore\n>p1 switch 6\n>p2 move knockoff\n>p1 move hornleech\n>p2 switch 4\n>p1 move drainpunch\n>p2 move suckerpunch\n>p2 switch 3\n>p1 switch 6\n>p2 move shadowball\n>p1 move takeheart\n>p2 move shadowball\n>p1 move grassknot\n>p2 move shadowball\n>p1 switch 2\n>p1 move discharge\n>p2 switch 4\n>p1 move uturn\n>p2 move knockoff\n>p1 switch 6\n>p1 move rest\n>p2 move knockoff\n>p1 switch 4\n>p1 move thunderwave terastallize\n>p2 move toxic\n>p1 move playrough\n>p2 move encore\n>p1 move playrough\n>p2 move knockoff\n>p1 move playrough\n>p2 move knockoff\n>p1 move playrough\n>p2 move encore\n>p1 move playrough\n>p2 move encore\n>p2 switch 5\n>p1 move thunderwave\n>p2 move calmmind\n>p1 switch 5\n>p2 move calmmind\n>p1 move bodypress\n>p2 switch 4\n>p1 switch 6\n>p2 move hydropump\n>p1 move discharge\n>p2 switch 4\n>p1 move superfang\n>p2 switch 4\n>p1 move discharge\n>p2 switch 4\n>p1 move superfang\n>p2 move terastarstorm\n>p1 move discharge\n>p2 move rest\n>p1 move encore\n>p2 move calmmind\n>p1 move superfang\n>p2 move rest\n>p1 move superfang\n>p2 move rest\n>p1 move discharge\n>p2 switch 6\n>forcelose p2", "uploadtime": 1781446054, "views": 5, "formatid": "gen9randombattle", "rating": null, "private": 0, "password": null, "player_dets": [{"name": "Brunobattle2", "avatar": "bruno", "rating": 1905, "seed": "sodium,71da19995c490798a70205b70a65f3a8"}, {"name": "Cygnus11235", "avatar": "169", "rating": 1936, "seed": "sodium,9f881c0be31fe908a6996093f5cd789c"}], "teams_full": [{"Regirock": {"name": "Regirock", "species": "Regirock", "speciesId": "regirock", "gender": "N", "shiny": false, "level": 83, "moves": ["stealthrock", "thunderwave", "bodypress", "stoneedge"], "ability": "Clear Body", "evs": {"hp": 85, "atk": 85, "def": 85, "spa": 85, "spd": 85, "spe": 85}, "ivs": {"hp": 31, "atk": 31, "def": 31, "spa": 31, "spd": 31, "spe": 31}, "item": "Leftovers", "teraType": "Fighting", "role": "Bulky Attacker", "bvs": {"hp": 80, "atk": 100, "def": 200, "spa": 50, "spd": 100, "spe": 50}, "stats": {"hp": 268, "atk": 214, "def": 380, "spa": 131, "spd": 214, "spe": 131}}, "Pachirisu": {"name": "Pachirisu", "species": "Pachirisu", "speciesId": "pachirisu", "gender": "F", "shiny": false, "level": 96, "moves": ["superfang", "encore", "uturn", "discharge"], "ability": "Volt Absorb", "evs": {"hp": 85, "atk": 85, "def": 85, "spa": 85, "spd": 85, "spe": 85}, "ivs": {"hp": 31, "atk": 31, "def": 31, "spa": 31, "spd": 31, "spe": 31}, "item": "Heavy-Duty Boots", "teraType": "Flying", "role": "Fast Support", "bvs": {"hp": 60, "atk": 45, "def": 70, "spa": 45, "spd": 90, "spe": 95}, "stats": {"hp": 271, "atk": 141, "def": 189, "spa": 141, "spd": 227, "spe": 237}}, "Avalugg": {"name": "Avalugg", "species": "Avalugg-Hisui", "speciesId": "avalugghisui", "gender": "F", "shiny": false, "level": 90, "moves": ["stoneedge", "recover", "avalanche", "rapidspin"], "ability": "Sturdy", "evs": {"hp": 85, "atk": 85, "def": 85, "spa": 85, "spd": 85, "spe": 85}, "ivs": {"hp": 31, "atk": 31, "def": 31, "spa": 31, "spd": 31, "spe": 31}, "item": "Heavy-Duty Boots", "teraType": "Poison", "role": "Bulky Attacker", "bvs": {"hp": 95, "atk": 127, "def": 184, "spa": 34, "spd": 36, "spe": 38}, "stats": {"hp": 317, "atk": 280, "def": 383, "spa": 113, "spd": 116, "spe": 120}}, "Scream Tail": {"name": "Scream Tail", "species": "Scream Tail", "speciesId": "screamtail", "gender": "N", "shiny": false, "level": 84, "moves": ["wish", "thunderwave", "playrough", "protect"], "ability": "Protosynthesis", "evs": {"hp": 85, "atk": 85, "def": 85, "spa": 85, "spd": 85, "spe": 85}, "ivs": {"hp": 31, "atk": 31, "def": 31, "spa": 31, "spd": 31, "spe": 31}, "item": "Leftovers", "teraType": "Steel", "role": "Bulky Support", "bvs": {"hp": 115, "atk": 65, "def": 99, "spa": 65, "spd": 115, "spe": 111}, "stats": {"hp": 330, "atk": 157, "def": 215, "spa": 157, "spd": 241, "spe": 235}}, "Phione": {"name": "Phione", "species": "Phione", "speciesId": "phione", "gender": "N", "shiny": false, "level": 91, "moves": ["icebeam", "takeheart", "scald", "grassknot"], "ability": "Hydration", "evs": {"hp": 85, "atk": 0, "def": 85, "spa": 85, "spd": 85, "spe": 85}, "ivs": {"hp": 31, "atk": 0, "def": 31, "spa": 31, "spd": 31, "spe": 31}, "item": "Leftovers", "teraType": "Grass", "role": "Bulky Attacker", "bvs": {"hp": 80, "atk": 80, "def": 80, "spa": 80, "spd": 80, "spe": 80}, "stats": {"hp": 293, "atk": 150, "def": 197, "spa": 197, "spd": 197, "spe": 197}}, "Trevenant": {"name": "Trevenant", "species": "Trevenant", "speciesId": "trevenant", "gender": "M", "shiny": false, "level": 89, "moves": ["poltergeist", "rest", "drainpunch", "hornleech"], "ability": "Natural Cure", "evs": {"hp": 85, "atk": 85, "def": 85, "spa": 85, "spd": 85, "spe": 85}, "ivs": {"hp": 31, "atk": 31, "def": 31, "spa": 31, "spd": 31, "spe": 31}, "item": "Life Orb", "teraType": "Fighting", "role": "Wallbreaker", "bvs": {"hp": 85, "atk": 110, "def": 76, "spa": 65, "spd": 82, "spe": 56}, "stats": {"hp": 296, "atk": 247, "def": 186, "spa": 166, "spd": 197, "spe": 150}}}, {"Hypno": {"name": "Hypno", "species": "Hypno", "speciesId": "hypno", "gender": "F", "shiny": false, "level": 95, "moves": ["knockoff", "psychicnoise", "encore", "toxic"], "ability": "Insomnia", "evs": {"hp": 85, "atk": 85, "def": 85, "spa": 85, "spd": 85, "spe": 85}, "ivs": {"hp": 31, "atk": 31, "def": 31, "spa": 31, "spd": 31, "spe": 31}, "item": "Leftovers", "teraType": "Steel", "role": "Bulky Support", "bvs": {"hp": 85, "atk": 73, "def": 70, "spa": 73, "spd": 115, "spe": 67}, "stats": {"hp": 315, "atk": 193, "def": 187, "spa": 193, "spd": 272, "spe": 181}}, "Lucario": {"name": "Lucario", "species": "Lucario", "speciesId": "lucario", "gender": "M", "shiny": false, "level": 84, "moves": ["flashcannon", "nastyplot", "aurasphere", "vacuumwave"], "ability": "Inner Focus", "evs": {"hp": 85, "atk": 0, "def": 85, "spa": 85, "spd": 85, "spe": 85}, "ivs": {"hp": 31, "atk": 0, "def": 31, "spa": 31, "spd": 31, "spe": 31}, "item": "Life Orb", "teraType": "Fighting", "role": "Setup Sweeper", "bvs": {"hp": 70, "atk": 110, "def": 70, "spa": 115, "spd": 70, "spe": 90}, "stats": {"hp": 255, "atk": 189, "def": 166, "spa": 241, "spd": 166, "spe": 199}}, "Basculegion": {"name": "Basculegion", "species": "Basculegion-F", "speciesId": "basculegionf", "gender": "F", "shiny": false, "level": 83, "moves": ["shadowball", "flipturn", "hydropump", "icebeam"], "ability": "Adaptability", "evs": {"hp": 85, "atk": 85, "def": 85, "spa": 85, "spd": 85, "spe": 85}, "ivs": {"hp": 31, "atk": 31, "def": 31, "spa": 31, "spd": 31, "spe": 31}, "item": "Choice Specs", "teraType": "Water", "role": "Wallbreaker", "bvs": {"hp": 120, "atk": 92, "def": 65, "spa": 100, "spd": 75, "spe": 78}, "stats": {"hp": 335, "atk": 200, "def": 156, "spa": 214, "spd": 172, "spe": 177}}, "Kingambit": {"name": "Kingambit", "species": "Kingambit", "speciesId": "kingambit", "gender": "F", "shiny": false, "level": 74, "moves": ["kowtowcleave", "suckerpunch", "ironhead", "swordsdance"], "ability": "Supreme Overlord", "evs": {"hp": 85, "atk": 85, "def": 85, "spa": 85, "spd": 85, "spe": 85}, "ivs": {"hp": 31, "atk": 31, "def": 31, "spa": 31, "spd": 31, "spe": 31}, "item": "Leftovers", "teraType": "Flying", "role": "Bulky Attacker", "bvs": {"hp": 100, "atk": 135, "def": 120, "spa": 60, "spd": 85, "spe": 50}, "stats": {"hp": 270, "atk": 243, "def": 221, "spa": 132, "spd": 169, "spe": 117}}, "Terapagos": {"name": "Terapagos", "species": "Terapagos", "speciesId": "terapagos", "gender": "M", "shiny": false, "level": 77, "moves": ["darkpulse", "calmmind", "terastarstorm", "rest"], "ability": "Tera Shift", "evs": {"hp": 85, "atk": 0, "def": 85, "spa": 85, "spd": 85, "spe": 85}, "ivs": {"hp": 31, "atk": 0, "def": 31, "spa": 31, "spd": 31, "spe": 31}, "item": "Chesto Berry", "teraType": "Stellar", "role": "Setup Sweeper", "bvs": {"hp": 90, "atk": 65, "def": 85, "spa": 65, "spd": 85, "spe": 60}, "stats": {"hp": 265, "atk": 105, "def": 175, "spa": 145, "spd": 175, "spe": 137}}, "Inteleon": {"name": "Inteleon", "species": "Inteleon", "speciesId": "inteleon", "gender": "M", "shiny": false, "level": 81, "moves": ["icebeam", "scald", "uturn", "hydropump"], "ability": "Torrent", "evs": {"hp": 85, "atk": 85, "def": 85, "spa": 85, "spd": 85, "spe": 85}, "ivs": {"hp": 31, "atk": 31, "def": 31, "spa": 31, "spd": 31, "spe": 31}, "item": "Choice Specs", "teraType": "Water", "role": "Wallbreaker", "bvs": {"hp": 70, "atk": 85, "def": 65, "spa": 125, "spd": 65, "spe": 120}, "stats": {"hp": 246, "atk": 184, "def": 152, "spa": 249, "spd": 152, "spe": 241}}}]}