{"id": "gen9randombattle-2631604839", "format": "[Gen 9] Random Battle", "players": ["Meowerdoom", "azztheddicaff"], "log": "|j|\u2606Meowerdoom\n|j|\u2606azztheddicaff\n|t:|1781407628\n|gametype|singles\n|player|p1|Meowerdoom|burgh|2081\n|player|p2|azztheddicaff|265|2058\n|gen|9\n|tier|[Gen 9] Random Battle\n|rated|\n|rule|Species Clause: Limit one of each Pok\u00e9mon\n|rule|HP Percentage Mod: HP is shown in percentages\n|rule|Sleep Clause Mod: Limit one foe put to sleep\n|rule|Illusion Level Mod: Illusion disguises the Pok\u00e9mon's true level\n|\n|t:|1781407628\n|teamsize|p1|6\n|teamsize|p2|6\n|start\n|switch|p1a: Espeon|Espeon, L84, F|246/246\n|switch|p2a: Lurantis|Lurantis, L87, F|264/264\n|turn|1\n|inactive|Battle timer is ON: inactive players will automatically lose when time's up. (requested by azztheddicaff)\n|\n|t:|1781407645\n|switch|p1a: Oricorio|Oricorio, L84, F|263/263\n|move|p2a: Lurantis|Knock Off|p1a: Oricorio\n|-damage|p1a: Oricorio|171/263\n|-enditem|p1a: Oricorio|Heavy-Duty Boots|[from] move: Knock Off|[of] p2a: Lurantis\n|\n|upkeep\n|turn|2\n|\n|t:|1781407668\n|switch|p2a: Greninja|Greninja, L80, M|246/246\n|move|p1a: Oricorio|Roost|p1a: Oricorio\n|-heal|p1a: Oricorio|263/263\n|-singleturn|p1a: Oricorio|move: Roost\n|\n|upkeep\n|turn|3\n|\n|t:|1781407676\n|switch|p1a: Wo-Chien|Wo-Chien, L83|277/277\n|-ability|p1a: Wo-Chien|Tablets of Ruin\n|move|p2a: Greninja|Spikes|p1a: Wo-Chien\n|-start|p2a: Greninja|typechange|Ground|[from] ability: Protean\n|-sidestart|p1: Meowerdoom|Spikes\n|\n|upkeep\n|turn|4\n|\n|t:|1781407690\n|switch|p2a: Perrserker|Perrserker, L89, F|269/269\n|move|p1a: Wo-Chien|Stun Spore|p2a: Perrserker|[miss]\n|-miss|p1a: Wo-Chien|p2a: Perrserker\n|\n|upkeep\n|turn|5\n|\n|t:|1781407696\n|move|p1a: Wo-Chien|Knock Off|p2a: Perrserker\n|-damage|p2a: Perrserker|196/269\n|-enditem|p2a: Perrserker|Choice Band|[from] move: Knock Off|[of] p1a: Wo-Chien\n|move|p2a: Perrserker|U-turn|p1a: Wo-Chien\n|-supereffective|p1a: Wo-Chien\n|-damage|p1a: Wo-Chien|37/277\n|\n|t:|1781407712\n|switch|p2a: Greninja|Greninja, L80, M|246/246|[from] U-turn\n|\n|-heal|p1a: Wo-Chien|54/277|[from] item: Leftovers\n|upkeep\n|turn|6\n|\n|t:|1781407718\n|move|p2a: Greninja|Ice Beam|p1a: Wo-Chien\n|-start|p2a: Greninja|typechange|Ice|[from] ability: Protean\n|-supereffective|p1a: Wo-Chien\n|-damage|p1a: Wo-Chien|0 fnt\n|faint|p1a: Wo-Chien\n|-damage|p2a: Greninja|222/246|[from] item: Life Orb\n|\n|upkeep\n|\n|t:|1781407743\n|switch|p1a: Venomoth|Venomoth, L84, F|255/255\n|turn|7\n|\n|t:|1781407754\n|switch|p2a: Perrserker|Perrserker, L89, F|196/269\n|move|p1a: Venomoth|Quiver Dance|p1a: Venomoth\n|-boost|p1a: Venomoth|spa|1\n|-boost|p1a: Venomoth|spd|1\n|-boost|p1a: Venomoth|spe|1\n|\n|upkeep\n|turn|8\n|\n|t:|1781407758\n|move|p1a: Venomoth|Sleep Powder|p2a: Perrserker\n|-status|p2a: Perrserker|slp|[from] move: Sleep Powder\n|cant|p2a: Perrserker|slp\n|\n|upkeep\n|turn|9\n|\n|t:|1781407760\n|move|p1a: Venomoth|Bug Buzz|p2a: Perrserker\n|-resisted|p2a: Perrserker\n|-damage|p2a: Perrserker|42/269 slp\n|cant|p2a: Perrserker|slp\n|\n|upkeep\n|turn|10\n|\n|t:|1781407771\n|switch|p2a: Lurantis|Lurantis, L87, F|264/264\n|move|p1a: Venomoth|Bug Buzz|p2a: Lurantis\n|-supereffective|p2a: Lurantis\n|-damage|p2a: Lurantis|0 fnt\n|faint|p2a: Lurantis\n|\n|upkeep\n|\n|t:|1781407774\n|switch|p2a: Kingambit|Kingambit, L74, M|270/270\n|-activate|p2a: Kingambit|ability: Supreme Overlord\n|-start|p2a: Kingambit|fallen1|[silent]\n|turn|11\n|\n|t:|1781407781\n|move|p1a: Venomoth|Bug Buzz|p2a: Kingambit\n|-damage|p2a: Kingambit|113/270\n|move|p2a: Kingambit|Kowtow Cleave|p1a: Venomoth\n|-damage|p1a: Venomoth|129/255\n|\n|-heal|p2a: Kingambit|129/270|[from] item: Leftovers\n|upkeep\n|turn|12\n|\n|t:|1781407789\n|-terastallize|p2a: Kingambit|Dark\n|move|p2a: Kingambit|Sucker Punch|p1a: Venomoth\n|-damage|p1a: Venomoth|0 fnt\n|faint|p1a: Venomoth\n|\n|-heal|p2a: Kingambit|145/270|[from] item: Leftovers\n|upkeep\n|\n|t:|1781407795\n|switch|p1a: Orthworm|Orthworm, L88, M|266/266\n|-damage|p1a: Orthworm|233/266|[from] Spikes\n|turn|13\n|\n|t:|1781407800\n|-end|p2a: Kingambit|fallen1|[silent]\n|switch|p2a: Keldeo|Keldeo-Resolute, L79|273/273\n|move|p1a: Orthworm|Coil|p1a: Orthworm\n|-boost|p1a: Orthworm|atk|1\n|-boost|p1a: Orthworm|def|1\n|-boost|p1a: Orthworm|accuracy|1\n|\n|upkeep\n|turn|14\n|\n|t:|1781407812\n|switch|p1a: Espeon|Espeon, L84, F|246/246\n|-damage|p1a: Espeon|216/246|[from] Spikes\n|move|p2a: Keldeo|Hydro Pump|p1a: Espeon\n|-damage|p1a: Espeon|36/246\n|\n|upkeep\n|turn|15\n|\n|t:|1781407820\n|switch|p2a: Perrserker|Perrserker, L89, F|42/269 slp\n|-terastallize|p1a: Espeon|Fairy\n|move|p1a: Espeon|Alluring Voice|p2a: Perrserker\n|-resisted|p2a: Perrserker\n|-damage|p2a: Perrserker|0 fnt\n|faint|p2a: Perrserker\n|\n|upkeep\n|\n|t:|1781407831\n|switch|p2a: Greninja|Greninja, L80, M|222/246\n|turn|16\n|\n|t:|1781407834\n|move|p2a: Greninja|Ice Beam|p1a: Espeon\n|-start|p2a: Greninja|typechange|Ice|[from] ability: Protean\n|-damage|p1a: Espeon|0 fnt\n|faint|p1a: Espeon\n|-damage|p2a: Greninja|198/246|[from] item: Life Orb\n|\n|upkeep\n|\n|t:|1781407850\n|switch|p1a: Oricorio|Oricorio, L84, F|263/263\n|turn|17\n|\n|t:|1781407852\n|move|p2a: Greninja|Hydro Pump|p1a: Oricorio\n|-supereffective|p1a: Oricorio\n|-damage|p1a: Oricorio|11/263\n|-damage|p2a: Greninja|174/246|[from] item: Life Orb\n|move|p1a: Oricorio|Quiver Dance|p1a: Oricorio\n|-boost|p1a: Oricorio|spa|1\n|-boost|p1a: Oricorio|spd|1\n|-boost|p1a: Oricorio|spe|1\n|\n|upkeep\n|turn|18\n|\n|t:|1781407855\n|move|p1a: Oricorio|Revelation Dance|p2a: Greninja\n|-supereffective|p2a: Greninja\n|-damage|p2a: Greninja|0 fnt\n|faint|p2a: Greninja\n|\n|upkeep\n|\n|t:|1781407857\n|switch|p2a: Keldeo|Keldeo-Resolute, L79|273/273\n|turn|19\n|\n|t:|1781407860\n|move|p2a: Keldeo|Vacuum Wave|p1a: Oricorio\n|-resisted|p1a: Oricorio\n|-damage|p1a: Oricorio|0 fnt\n|faint|p1a: Oricorio\n|\n|upkeep\n|\n|t:|1781407864\n|switch|p1a: Mewtwo|Mewtwo, L72|272/272\n|-damage|p1a: Mewtwo|238/272|[from] Spikes\n|-ability|p1a: Mewtwo|Pressure\n|turn|20\n|\n|t:|1781407869\n|move|p2a: Keldeo|Vacuum Wave|p1a: Mewtwo\n|-resisted|p1a: Mewtwo\n|-damage|p1a: Mewtwo|196/272\n|move|p1a: Mewtwo|Aura Sphere|p2a: Keldeo\n|-damage|p2a: Keldeo|191/273\n|-damage|p1a: Mewtwo|169/272|[from] item: Life Orb\n|\n|upkeep\n|turn|21\n|\n|t:|1781407876\n|move|p2a: Keldeo|Vacuum Wave|p1a: Mewtwo\n|-resisted|p1a: Mewtwo\n|-damage|p1a: Mewtwo|128/272\n|move|p1a: Mewtwo|Psystrike|p2a: Keldeo\n|-supereffective|p2a: Keldeo\n|-damage|p2a: Keldeo|0 fnt\n|faint|p2a: Keldeo\n|-damage|p1a: Mewtwo|101/272|[from] item: Life Orb\n|\n|upkeep\n|\n|t:|1781407878\n|switch|p2a: Kingambit|Kingambit, L74, M, tera:Dark|145/270\n|-activate|p2a: Kingambit|ability: Supreme Overlord\n|-start|p2a: Kingambit|fallen4|[silent]\n|turn|22\n|\n|t:|1781407884\n|switch|p1a: Orthworm|Orthworm, L88, M|233/266\n|-damage|p1a: Orthworm|200/266|[from] Spikes\n|move|p2a: Kingambit|Sucker Punch||[still]\n|-fail|p2a: Kingambit\n|\n|-heal|p2a: Kingambit|161/270|[from] item: Leftovers\n|upkeep\n|turn|23\n|\n|t:|1781407888\n|-end|p2a: Kingambit|fallen4|[silent]\n|switch|p2a: Sneasler|Sneasler, L74, M|240/240\n|move|p1a: Orthworm|Coil|p1a: Orthworm\n|-boost|p1a: Orthworm|atk|1\n|-boost|p1a: Orthworm|def|1\n|-boost|p1a: Orthworm|accuracy|1\n|\n|upkeep\n|turn|24\n|\n|t:|1781407894\n|move|p2a: Sneasler|Close Combat|p1a: Orthworm\n|-supereffective|p1a: Orthworm\n|-damage|p1a: Orthworm|48/266\n|-unboost|p2a: Sneasler|def|1\n|-unboost|p2a: Sneasler|spd|1\n|move|p1a: Orthworm|Iron Tail|p2a: Sneasler\n|-damage|p2a: Sneasler|0 fnt\n|faint|p2a: Sneasler\n|\n|upkeep\n|\n|t:|1781407897\n|switch|p2a: Kingambit|Kingambit, L74, M, tera:Dark|161/270\n|-activate|p2a: Kingambit|ability: Supreme Overlord\n|-start|p2a: Kingambit|fallen5|[silent]\n|turn|25\n|\n|t:|1781407902\n|move|p1a: Orthworm|Rest|p1a: Orthworm\n|-status|p1a: Orthworm|slp|[from] move: Rest\n|-heal|p1a: Orthworm|266/266 slp|[silent]\n|-enditem|p1a: Orthworm|Chesto Berry|[eat]\n|-curestatus|p1a: Orthworm|slp|[msg]\n|move|p2a: Kingambit|Swords Dance|p2a: Kingambit\n|-boost|p2a: Kingambit|atk|2\n|\n|-heal|p2a: Kingambit|177/270|[from] item: Leftovers\n|upkeep\n|turn|26\n|\n|t:|1781407907\n|move|p2a: Kingambit|Sucker Punch|p1a: Orthworm\n|-damage|p1a: Orthworm|140/266\n|move|p1a: Orthworm|Body Press|p2a: Kingambit\n|-supereffective|p2a: Kingambit\n|-damage|p2a: Kingambit|0 fnt\n|faint|p2a: Kingambit\n|-end|p2a: Kingambit|fallen5|[silent]\n|\n|win|Meowerdoom\n", "inputlog": ">version a8376a258c1d4662feba110a92103f3664a72141\n>start {\"formatid\":\"gen9randombattle\",\"seed\":\"sodium,fad1bc9cfd656ac5df9ef7db2ba8e395\",\"rated\":\"Rated battle\"}\n>player p1 {\"name\":\"Meowerdoom\",\"avatar\":\"burgh\",\"rating\":2081,\"seed\":\"sodium,0462ec98a8912d4ea5a63434b6f51f95\"}\n>player p2 {\"name\":\"azztheddicaff\",\"avatar\":\"265\",\"rating\":2058,\"seed\":\"sodium,59222f8e0f336bd907f69c1edfcdd747\"}\n>p1 switch 4\n>p2 move knockoff\n>p1 move roost\n>p2 switch 6\n>p1 switch 6\n>p2 move spikes\n>p1 move stunspore\n>p2 switch 2\n>p1 move knockoff\n>p2 move uturn\n>p2 switch 2\n>p1 move gigadrain\n>p2 move icebeam\n>p1 switch 3\n>p1 move quiverdance\n>p2 switch 2\n>p1 move sleeppowder\n>p2 move ironhead\n>p1 move bugbuzz\n>p2 move ironhead\n>p1 move bugbuzz\n>p2 switch 6\n>p2 switch 3\n>p1 move bugbuzz\n>p2 move kowtowcleave\n>p1 move bugbuzz\n>p2 move suckerpunch terastallize\n>p1 switch 2\n>p1 move coil\n>p2 switch 5\n>p1 switch 4\n>p2 move hydropump\n>p1 move alluringvoice terastallize\n>p2 switch 6\n>p2 switch 2\n>p1 move alluringvoice\n>p2 move icebeam\n>p1 switch 6\n>p1 move quiverdance\n>p2 move hydropump\n>p1 move revelationdance\n>p2 move hydropump\n>p2 switch 6\n>p1 move hurricane\n>p2 move vacuumwave\n>p1 switch 5\n>p1 move aurasphere\n>p2 move vacuumwave\n>p1 move psystrike\n>p2 move vacuumwave\n>p2 switch 5\n>p1 switch 4\n>p2 move suckerpunch\n>p1 move coil\n>p2 switch 4\n>p1 move irontail\n>p2 move closecombat\n>p2 switch 4\n>p1 move rest\n>p2 move swordsdance\n>p1 move bodypress\n>p2 move suckerpunch", "uploadtime": 1781407630, "views": 6, "formatid": "gen9randombattle", "rating": null, "private": 0, "password": null, "player_dets": [{"name": "Meowerdoom", "avatar": "burgh", "rating": 2081, "seed": "sodium,0462ec98a8912d4ea5a63434b6f51f95"}, {"name": "azztheddicaff", "avatar": "265", "rating": 2058, "seed": "sodium,59222f8e0f336bd907f69c1edfcdd747"}], "teams_full": [{"Espeon": {"name": "Espeon", "species": "Espeon", "speciesId": "espeon", "gender": "F", "shiny": false, "level": 84, "moves": ["trick", "shadowball", "psyshock", "alluringvoice"], "ability": "Magic Bounce", "evs": {"hp": 85, "atk": 0, "def": 85, "spa": 85, "spd": 85, "spe": 85}, "ivs": {"hp": 31, "atk": 0, "def": 31, "spa": 31, "spd": 31, "spe": 31}, "item": "Choice Specs", "teraType": "Fairy", "role": "Fast Attacker", "bvs": {"hp": 65, "atk": 65, "def": 60, "spa": 130, "spd": 95, "spe": 110}, "stats": {"hp": 246, "atk": 114, "def": 149, "spa": 267, "spd": 208, "spe": 233}, "types": ["Psychic"]}, "Orthworm": {"name": "Orthworm", "species": "Orthworm", "speciesId": "orthworm", "gender": "M", "shiny": false, "level": 88, "moves": ["rest", "coil", "bodypress", "irontail"], "ability": "Earth Eater", "evs": {"hp": 85, "atk": 85, "def": 85, "spa": 85, "spd": 85, "spe": 85}, "ivs": {"hp": 31, "atk": 31, "def": 31, "spa": 31, "spd": 31, "spe": 31}, "item": "Chesto Berry", "teraType": "Electric", "role": "Bulky Setup", "bvs": {"hp": 70, "atk": 85, "def": 145, "spa": 60, "spd": 55, "spe": 65}, "stats": {"hp": 266, "atk": 200, "def": 305, "spa": 156, "spd": 147, "spe": 165}, "types": ["Steel"]}, "Venomoth": {"name": "Venomoth", "species": "Venomoth", "speciesId": "venomoth", "gender": "F", "shiny": false, "level": 84, "moves": ["sludgewave", "quiverdance", "bugbuzz", "sleeppowder"], "ability": "Tinted Lens", "evs": {"hp": 85, "atk": 0, "def": 85, "spa": 85, "spd": 85, "spe": 85}, "ivs": {"hp": 31, "atk": 0, "def": 31, "spa": 31, "spd": 31, "spe": 31}, "item": "Heavy-Duty Boots", "teraType": "Steel", "role": "Setup Sweeper", "bvs": {"hp": 70, "atk": 65, "def": 60, "spa": 90, "spd": 75, "spe": 90}, "stats": {"hp": 255, "atk": 114, "def": 149, "spa": 199, "spd": 174, "spe": 199}, "types": ["Bug", "Poison"]}, "Oricorio": {"name": "Oricorio", "species": "Oricorio", "speciesId": "oricorio", "gender": "F", "shiny": false, "level": 84, "moves": ["quiverdance", "hurricane", "revelationdance", "roost"], "ability": "Dancer", "evs": {"hp": 85, "atk": 0, "def": 85, "spa": 85, "spd": 85, "spe": 85}, "ivs": {"hp": 31, "atk": 0, "def": 31, "spa": 31, "spd": 31, "spe": 31}, "item": "Heavy-Duty Boots", "teraType": "Ground", "role": "Setup Sweeper", "bvs": {"hp": 75, "atk": 70, "def": 70, "spa": 98, "spd": 70, "spe": 93}, "stats": {"hp": 263, "atk": 122, "def": 166, "spa": 213, "spd": 166, "spe": 204}, "types": ["Fire", "Flying"]}, "Mewtwo": {"name": "Mewtwo", "species": "Mewtwo", "speciesId": "mewtwo", "gender": "N", "shiny": false, "level": 72, "moves": ["psystrike", "darkpulse", "nastyplot", "aurasphere"], "ability": "Pressure", "evs": {"hp": 85, "atk": 0, "def": 85, "spa": 85, "spd": 85, "spe": 85}, "ivs": {"hp": 31, "atk": 0, "def": 31, "spa": 31, "spd": 31, "spe": 31}, "item": "Life Orb", "teraType": "Psychic", "role": "Setup Sweeper", "bvs": {"hp": 106, "atk": 110, "def": 90, "spa": 154, "spd": 90, "spe": 130}, "stats": {"hp": 272, "atk": 163, "def": 172, "spa": 264, "spd": 172, "spe": 229}, "types": ["Psychic"]}, "Wo-Chien": {"name": "Wo-Chien", "species": "Wo-Chien", "speciesId": "wochien", "gender": "N", "shiny": false, "level": 83, "moves": ["ruination", "knockoff", "gigadrain", "stunspore"], "ability": "Tablets of Ruin", "evs": {"hp": 85, "atk": 85, "def": 85, "spa": 85, "spd": 85, "spe": 85}, "ivs": {"hp": 31, "atk": 31, "def": 31, "spa": 31, "spd": 31, "spe": 31}, "item": "Leftovers", "teraType": "Poison", "role": "Bulky Support", "bvs": {"hp": 85, "atk": 85, "def": 100, "spa": 95, "spd": 135, "spe": 70}, "stats": {"hp": 277, "atk": 189, "def": 214, "spa": 205, "spd": 272, "spe": 164}, "types": ["Dark", "Grass"]}}, {"Lurantis": {"name": "Lurantis", "species": "Lurantis", "speciesId": "lurantis", "gender": "F", "shiny": false, "level": 87, "moves": ["leafstorm", "knockoff", "synthesis", "superpower"], "ability": "Contrary", "evs": {"hp": 85, "atk": 85, "def": 85, "spa": 85, "spd": 85, "spe": 85}, "ivs": {"hp": 31, "atk": 31, "def": 31, "spa": 31, "spd": 31, "spe": 31}, "item": "Leftovers", "teraType": "Fighting", "role": "Bulky Attacker", "bvs": {"hp": 70, "atk": 105, "def": 90, "spa": 80, "spd": 90, "spe": 45}, "stats": {"hp": 264, "atk": 232, "def": 206, "spa": 189, "spd": 206, "spe": 128}, "types": ["Grass"]}, "Perrserker": {"name": "Perrserker", "species": "Perrserker", "speciesId": "perrserker", "gender": "F", "shiny": false, "level": 89, "moves": ["knockoff", "closecombat", "uturn", "ironhead"], "ability": "Tough Claws", "evs": {"hp": 85, "atk": 85, "def": 85, "spa": 85, "spd": 85, "spe": 85}, "ivs": {"hp": 31, "atk": 31, "def": 31, "spa": 31, "spd": 31, "spe": 31}, "item": "Choice Band", "teraType": "Fighting", "role": "Fast Attacker", "bvs": {"hp": 70, "atk": 110, "def": 100, "spa": 50, "spd": 60, "spe": 50}, "stats": {"hp": 269, "atk": 247, "def": 229, "spa": 140, "spd": 158, "spe": 140}, "types": ["Steel"]}, "Kingambit": {"name": "Kingambit", "species": "Kingambit", "speciesId": "kingambit", "gender": "M", "shiny": false, "level": 74, "moves": ["swordsdance", "suckerpunch", "ironhead", "kowtowcleave"], "ability": "Supreme Overlord", "evs": {"hp": 85, "atk": 85, "def": 85, "spa": 85, "spd": 85, "spe": 85}, "ivs": {"hp": 31, "atk": 31, "def": 31, "spa": 31, "spd": 31, "spe": 31}, "item": "Leftovers", "teraType": "Dark", "role": "Bulky Attacker", "bvs": {"hp": 100, "atk": 135, "def": 120, "spa": 60, "spd": 85, "spe": 50}, "stats": {"hp": 270, "atk": 243, "def": 221, "spa": 132, "spd": 169, "spe": 117}, "types": ["Dark", "Steel"]}, "Sneasler": {"name": "Sneasler", "species": "Sneasler", "speciesId": "sneasler", "gender": "M", "shiny": false, "level": 74, "moves": ["uturn", "closecombat", "throatchop", "direclaw"], "ability": "Poison Touch", "evs": {"hp": 85, "atk": 85, "def": 85, "spa": 85, "spd": 85, "spe": 85}, "ivs": {"hp": 31, "atk": 31, "def": 31, "spa": 31, "spd": 31, "spe": 31}, "item": "Choice Band", "teraType": "Dark", "role": "Fast Attacker", "bvs": {"hp": 80, "atk": 130, "def": 60, "spa": 40, "spd": 80, "spe": 120}, "stats": {"hp": 240, "atk": 235, "def": 132, "spa": 102, "spd": 161, "spe": 221}, "types": ["Fighting", "Poison"]}, "Keldeo": {"name": "Keldeo", "species": "Keldeo-Resolute", "speciesId": "keldeoresolute", "gender": "N", "shiny": false, "level": 79, "moves": ["airslash", "vacuumwave", "secretsword", "hydropump"], "ability": "Justified", "evs": {"hp": 85, "atk": 0, "def": 85, "spa": 85, "spd": 85, "spe": 85}, "ivs": {"hp": 31, "atk": 0, "def": 31, "spa": 31, "spd": 31, "spe": 31}, "item": "Choice Specs", "teraType": "Fighting", "role": "Fast Attacker", "bvs": {"hp": 91, "atk": 72, "def": 90, "spa": 129, "spd": 90, "spe": 108}, "stats": {"hp": 273, "atk": 118, "def": 188, "spa": 249, "spd": 188, "spe": 216}, "types": ["Water", "Fighting"]}, "Greninja": {"name": "Greninja", "species": "Greninja", "speciesId": "greninja", "gender": "M", "shiny": false, "level": 80, "moves": ["spikes", "icebeam", "gunkshot", "hydropump"], "ability": "Protean", "evs": {"hp": 85, "atk": 85, "def": 85, "spa": 85, "spd": 85, "spe": 85}, "ivs": {"hp": 31, "atk": 31, "def": 31, "spa": 31, "spd": 31, "spe": 31}, "item": "Life Orb", "teraType": "Poison", "role": "Wallbreaker", "bvs": {"hp": 72, "atk": 95, "def": 67, "spa": 103, "spd": 71, "spe": 122}, "stats": {"hp": 246, "atk": 198, "def": 153, "spa": 211, "spd": 160, "spe": 241}, "types": ["Water", "Dark"]}}]}