{"id": "gen9randombattle-2631444107", "format": "[Gen 9] Random Battle", "players": ["gangsta spongebob", "A ninja kiwi"], "log": "|j|\u2606gangsta spongebob\n|j|\u2606A ninja kiwi\n|t:|1781385399\n|gametype|singles\n|player|p1|gangsta spongebob|265|1982\n|player|p2|A ninja kiwi|koga|2120\n|gen|9\n|tier|[Gen 9] Random Battle\n|rated|\n|rule|Species Clause: Limit one of each Pok\u00e9mon\n|rule|HP Percentage Mod: HP is shown in percentages\n|rule|Sleep Clause Mod: Limit one foe put to sleep\n|rule|Illusion Level Mod: Illusion disguises the Pok\u00e9mon's true level\n|\n|t:|1781385399\n|teamsize|p1|6\n|teamsize|p2|6\n|start\n|switch|p1a: Gliscor|Gliscor, L76, M|239/239\n|switch|p2a: Mew|Mew, L82|298/298\n|turn|1\n|c|\u2606gangsta spongebob|gl hf\n|inactive|Battle timer is ON: inactive players will automatically lose when time's up. (requested by gangsta spongebob)\n|c|\u2606A ninja kiwi|u2\n|\n|t:|1781385442\n|switch|p2a: Iron Jugulis|Iron Jugulis, L77|271/271\n|move|p1a: Gliscor|Protect||[still]\n|-fail|p1a: Gliscor\n|\n|-status|p1a: Gliscor|tox|[from] item: Toxic Orb\n|upkeep\n|turn|2\n|\n|t:|1781385451\n|switch|p1a: Luxray|Luxray, L88, M|284/284\n|-ability|p1a: Luxray|Intimidate|boost\n|-unboost|p2a: Iron Jugulis|atk|1\n|move|p2a: Iron Jugulis|Dark Pulse|p1a: Luxray\n|-damage|p1a: Luxray|194/284\n|\n|upkeep\n|turn|3\n|\n|t:|1781385462\n|-end|p2a: Iron Jugulis|Quark Drive|[silent]\n|switch|p2a: Electivire|Electivire, L84, M|263/263\n|move|p1a: Luxray|Volt Switch|p2a: Electivire\n|-ability|p2a: Electivire|Motor Drive|boost\n|-boost|p2a: Electivire|spe|1\n|\n|upkeep\n|turn|4\n|\n|t:|1781385474\n|switch|p1a: Suicune|Suicune, L82|298/298\n|-ability|p1a: Suicune|Pressure\n|move|p2a: Electivire|Ice Punch|p1a: Suicune\n|-resisted|p1a: Suicune\n|-damage|p1a: Suicune|264/298\n|-damage|p2a: Electivire|237/263|[from] item: Life Orb\n|\n|-heal|p1a: Suicune|282/298|[from] item: Leftovers\n|upkeep\n|turn|5\n|\n|t:|1781385487\n|switch|p1a: Luxray|Luxray, L88, M|194/284\n|-ability|p1a: Luxray|Intimidate|boost\n|-unboost|p2a: Electivire|atk|1\n|move|p2a: Electivire|Ice Punch|p1a: Luxray\n|-damage|p1a: Luxray|137/284\n|-damage|p2a: Electivire|211/263|[from] item: Life Orb\n|\n|upkeep\n|turn|6\n|\n|t:|1781385494\n|switch|p1a: Suicune|Suicune, L82|282/298\n|-ability|p1a: Suicune|Pressure\n|move|p2a: Electivire|Volt Switch|p1a: Suicune\n|-supereffective|p1a: Suicune\n|-crit|p1a: Suicune\n|-damage|p1a: Suicune|53/298\n|-damage|p2a: Electivire|185/263|[from] item: Life Orb\n|\n|t:|1781385513\n|switch|p2a: Iron Jugulis|Iron Jugulis, L77|271/271|[from] Volt Switch\n|\n|-heal|p1a: Suicune|71/298|[from] item: Leftovers\n|upkeep\n|turn|7\n|\n|t:|1781385526\n|move|p2a: Iron Jugulis|Dark Pulse|p1a: Suicune\n|-crit|p1a: Suicune\n|-damage|p1a: Suicune|0 fnt\n|faint|p1a: Suicune\n|\n|upkeep\n|\n|t:|1781385528\n|switch|p1a: Cinccino|Cinccino, L83, M|260/260\n|turn|8\n|\n|t:|1781385541\n|-end|p2a: Iron Jugulis|Quark Drive|[silent]\n|switch|p2a: Electivire|Electivire, L84, M|185/263\n|move|p1a: Cinccino|Triple Axel|p2a: Electivire\n|-damage|p2a: Electivire|160/263\n|-damage|p2a: Electivire|114/263\n|-damage|p2a: Electivire|39/263\n|-hitcount|p2a: Electivire|3\n|\n|upkeep\n|turn|9\n|\n|t:|1781385545\n|move|p1a: Cinccino|Bullet Seed|p2a: Electivire\n|-damage|p2a: Electivire|9/263\n|-damage|p2a: Electivire|0 fnt\n|faint|p2a: Electivire\n|-hitcount|p2: Electivire|2\n|\n|upkeep\n|\n|t:|1781385550\n|switch|p2a: Mew|Mew, L82|298/298\n|turn|10\n|\n|t:|1781385555\n|move|p1a: Cinccino|U-turn|p2a: Mew\n|-supereffective|p2a: Mew\n|-damage|p2a: Mew|210/298\n|\n|t:|1781385557\n|switch|p1a: Espeon|Espeon, L84, M|246/246|[from] U-turn\n|move|p2a: Mew|Close Combat|p1a: Espeon\n|-resisted|p1a: Espeon\n|-damage|p1a: Espeon|175/246\n|-unboost|p2a: Mew|def|1\n|-unboost|p2a: Mew|spd|1\n|-damage|p2a: Mew|181/298|[from] item: Life Orb\n|\n|upkeep\n|turn|11\n|\n|t:|1781385563\n|move|p1a: Espeon|Shadow Ball|p2a: Mew\n|-supereffective|p2a: Mew\n|-damage|p2a: Mew|0 fnt\n|faint|p2a: Mew\n|\n|upkeep\n|\n|t:|1781385566\n|switch|p2a: Iron Jugulis|Iron Jugulis, L77|271/271\n|turn|12\n|\n|t:|1781385577\n|switch|p1a: Luxray|Luxray, L88, M|137/284\n|-ability|p1a: Luxray|Intimidate|boost\n|-unboost|p2a: Iron Jugulis|atk|1\n|move|p2a: Iron Jugulis|Dark Pulse|p1a: Luxray\n|-damage|p1a: Luxray|49/284\n|\n|upkeep\n|turn|13\n|\n|t:|1781385588\n|move|p2a: Iron Jugulis|Dark Pulse|p1a: Luxray\n|-damage|p1a: Luxray|0 fnt\n|faint|p1a: Luxray\n|\n|upkeep\n|\n|t:|1781385607\n|switch|p1a: Cinccino|Cinccino, L83, M|260/260\n|turn|14\n|\n|t:|1781385623\n|move|p1a: Cinccino|Triple Axel|p2a: Iron Jugulis\n|-supereffective|p2a: Iron Jugulis\n|-damage|p2a: Iron Jugulis|225/271\n|-supereffective|p2a: Iron Jugulis\n|-damage|p2a: Iron Jugulis|127/271\n|-supereffective|p2a: Iron Jugulis\n|-damage|p2a: Iron Jugulis|0 fnt\n|faint|p2a: Iron Jugulis\n|-end|p2a: Iron Jugulis|Quark Drive|[silent]\n|-hitcount|p2: Iron Jugulis|3\n|\n|upkeep\n|\n|t:|1781385633\n|switch|p2a: Cinccino|Cinccino, L83, M|260/260\n|turn|15\n|\n|t:|1781385649\n|switch|p1a: Mimikyu|Mimikyu, L79, F|216/216\n|move|p2a: Cinccino|Tidy Up|p2a: Cinccino\n|-boost|p2a: Cinccino|atk|1\n|-boost|p2a: Cinccino|spe|1\n|\n|upkeep\n|turn|16\n|\n|t:|1781385664\n|-terastallize|p2a: Cinccino|Grass\n|move|p2a: Cinccino|Bullet Seed|p1a: Mimikyu\n|-activate|p1a: Mimikyu|ability: Disguise\n|-damage|p1a: Mimikyu|216/216\n|detailschange|p1a: Mimikyu|Mimikyu-Busted, L79, F\n|-damage|p1a: Mimikyu|189/216|[from] pokemon: Mimikyu-Busted\n|-damage|p1a: Mimikyu|122/216\n|-damage|p1a: Mimikyu|58/216\n|-damage|p1a: Mimikyu|0 fnt\n|faint|p1a: Mimikyu\n|-hitcount|p1: Mimikyu|4\n|\n|upkeep\n|\n|t:|1781385671\n|switch|p1a: Gliscor|Gliscor, L76, M|239/239 tox\n|turn|17\n|\n|t:|1781385681\n|-terastallize|p1a: Gliscor|Water\n|move|p2a: Cinccino|Bullet Seed|p1a: Gliscor\n|-supereffective|p1a: Gliscor\n|-damage|p1a: Gliscor|141/239 tox\n|-supereffective|p1a: Gliscor\n|-damage|p1a: Gliscor|49/239 tox\n|-supereffective|p1a: Gliscor\n|-damage|p1a: Gliscor|0 fnt\n|faint|p1a: Gliscor\n|-hitcount|p1: Gliscor|3\n|\n|upkeep\n|c|\u2606gangsta spongebob|gg\n|-message|gangsta spongebob forfeited.\n|\n|win|A ninja kiwi\n", "inputlog": ">version a8376a258c1d4662feba110a92103f3664a72141\n>start {\"formatid\":\"gen9randombattle\",\"seed\":\"sodium,bd88c29e90df512642ee37de97c681c8\",\"rated\":\"Rated battle\"}\n>player p1 {\"name\":\"gangsta spongebob\",\"avatar\":\"265\",\"rating\":1982,\"seed\":\"sodium,b0abc859a2f5b2bc3a7325dcca5f240b\"}\n>player p2 {\"name\":\"A ninja kiwi\",\"avatar\":\"koga\",\"rating\":2120,\"seed\":\"sodium,e1fab6d191b552dc8b341cf634a44f6e\"}\n>chat \u2606gangsta spongebob|gl hf\n>chat \u2606A ninja kiwi|u2\n>p1 move protect\n>p2 switch 6\n>p1 switch 5\n>p2 move darkpulse\n>p1 move voltswitch\n>p2 switch 5\n>p1 switch 4\n>p2 move icepunch\n>p1 switch 4\n>p2 move icepunch\n>p1 switch 4\n>p2 move voltswitch\n>p2 switch 5\n>p1 move rest\n>p2 move darkpulse\n>p1 switch 6\n>p1 move tripleaxel\n>p2 switch 5\n>p1 move bulletseed\n>p2 move icepunch\n>p2 switch 6\n>p1 move uturn\n>p2 move closecombat\n>p1 switch 3\n>p1 move shadowball\n>p2 move leechlife\n>p2 switch 5\n>p1 switch 4\n>p2 move darkpulse\n>p1 move voltswitch\n>p2 move darkpulse\n>p1 switch 3\n>p1 move tripleaxel\n>p2 move darkpulse\n>p2 switch 3\n>p1 switch 2\n>p2 move tidyup\n>p1 move drainpunch\n>p2 move bulletseed terastallize\n>p1 switch 5\n>p1 move toxic terastallize\n>p2 move bulletseed\n>chat \u2606gangsta spongebob|gg\n>forcelose p1", "uploadtime": 1781385402, "views": 8, "formatid": "gen9randombattle", "rating": null, "private": 0, "password": null, "player_dets": [{"name": "gangsta spongebob", "avatar": "265", "rating": 1982, "seed": "sodium,b0abc859a2f5b2bc3a7325dcca5f240b"}, {"name": "A ninja kiwi", "avatar": "koga", "rating": 2120, "seed": "sodium,e1fab6d191b552dc8b341cf634a44f6e"}], "teams_full": [{"Gliscor": {"name": "Gliscor", "species": "Gliscor", "speciesId": "gliscor", "gender": "M", "shiny": false, "level": 76, "moves": ["earthquake", "protect", "toxic", "knockoff"], "ability": "Poison Heal", "evs": {"hp": 85, "atk": 85, "def": 85, "spa": 85, "spd": 85, "spe": 85}, "ivs": {"hp": 31, "atk": 31, "def": 31, "spa": 31, "spd": 31, "spe": 31}, "item": "Toxic Orb", "teraType": "Water", "role": "Bulky Support", "bvs": {"hp": 75, "atk": 95, "def": 125, "spa": 45, "spd": 75, "spe": 95}, "stats": {"hp": 239, "atk": 188, "def": 234, "spa": 112, "spd": 158, "spe": 188}, "types": ["Ground", "Flying"]}, "Mimikyu": {"name": "Mimikyu", "species": "Mimikyu", "speciesId": "mimikyu", "gender": "F", "shiny": false, "level": 79, "moves": ["playrough", "swordsdance", "drainpunch", "shadowsneak"], "ability": "Disguise", "evs": {"hp": 85, "atk": 85, "def": 85, "spa": 85, "spd": 85, "spe": 85}, "ivs": {"hp": 31, "atk": 31, "def": 31, "spa": 31, "spd": 31, "spe": 31}, "item": "Life Orb", "teraType": "Fighting", "role": "Setup Sweeper", "bvs": {"hp": 55, "atk": 90, "def": 80, "spa": 50, "spd": 105, "spe": 96}, "stats": {"hp": 216, "atk": 188, "def": 172, "spa": 125, "spd": 211, "spe": 197}, "types": ["Ghost", "Fairy"]}, "Espeon": {"name": "Espeon", "species": "Espeon", "speciesId": "espeon", "gender": "M", "shiny": false, "level": 84, "moves": ["alluringvoice", "shadowball", "trick", "psyshock"], "ability": "Magic Bounce", "evs": {"hp": 85, "atk": 0, "def": 85, "spa": 85, "spd": 85, "spe": 85}, "ivs": {"hp": 31, "atk": 0, "def": 31, "spa": 31, "spd": 31, "spe": 31}, "item": "Choice Specs", "teraType": "Fairy", "role": "Fast Attacker", "bvs": {"hp": 65, "atk": 65, "def": 60, "spa": 130, "spd": 95, "spe": 110}, "stats": {"hp": 246, "atk": 114, "def": 149, "spa": 267, "spd": 208, "spe": 233}, "types": ["Psychic"]}, "Suicune": {"name": "Suicune", "species": "Suicune", "speciesId": "suicune", "gender": "N", "shiny": false, "level": 82, "moves": ["sleeptalk", "scald", "calmmind", "rest"], "ability": "Pressure", "evs": {"hp": 85, "atk": 0, "def": 85, "spa": 85, "spd": 85, "spe": 85}, "ivs": {"hp": 31, "atk": 0, "def": 31, "spa": 31, "spd": 31, "spe": 31}, "item": "Leftovers", "teraType": "Dragon", "role": "Bulky Attacker", "bvs": {"hp": 100, "atk": 75, "def": 115, "spa": 90, "spd": 115, "spe": 85}, "stats": {"hp": 298, "atk": 127, "def": 236, "spa": 195, "spd": 236, "spe": 187}, "types": ["Water"]}, "Luxray": {"name": "Luxray", "species": "Luxray", "speciesId": "luxray", "gender": "M", "shiny": false, "level": 88, "moves": ["throatchop", "playrough", "voltswitch", "wildcharge"], "ability": "Intimidate", "evs": {"hp": 85, "atk": 85, "def": 85, "spa": 85, "spd": 85, "spe": 85}, "ivs": {"hp": 31, "atk": 31, "def": 31, "spa": 31, "spd": 31, "spe": 31}, "item": "Assault Vest", "teraType": "Electric", "role": "AV Pivot", "bvs": {"hp": 80, "atk": 120, "def": 79, "spa": 95, "spd": 79, "spe": 70}, "stats": {"hp": 284, "atk": 261, "def": 189, "spa": 217, "spd": 189, "spe": 173}, "types": ["Electric"]}, "Cinccino": {"name": "Cinccino", "species": "Cinccino", "speciesId": "cinccino", "gender": "M", "shiny": false, "level": 83, "moves": ["uturn", "tripleaxel", "bulletseed", "tailslap"], "ability": "Technician", "evs": {"hp": 85, "atk": 85, "def": 85, "spa": 85, "spd": 85, "spe": 85}, "ivs": {"hp": 31, "atk": 31, "def": 31, "spa": 31, "spd": 31, "spe": 31}, "item": "Loaded Dice", "teraType": "Ice", "role": "Fast Attacker", "bvs": {"hp": 75, "atk": 95, "def": 60, "spa": 65, "spd": 60, "spe": 115}, "stats": {"hp": 260, "atk": 205, "def": 147, "spa": 156, "spd": 147, "spe": 239}, "types": ["Normal"]}}, {"Mew": {"name": "Mew", "species": "Mew", "speciesId": "mew", "gender": "N", "shiny": false, "level": 82, "moves": ["swordsdance", "leechlife", "closecombat", "psychicfangs"], "ability": "Synchronize", "evs": {"hp": 85, "atk": 85, "def": 85, "spa": 85, "spd": 85, "spe": 85}, "ivs": {"hp": 31, "atk": 31, "def": 31, "spa": 31, "spd": 31, "spe": 31}, "item": "Life Orb", "teraType": "Fighting", "role": "Setup Sweeper", "bvs": {"hp": 100, "atk": 100, "def": 100, "spa": 100, "spd": 100, "spe": 100}, "stats": {"hp": 298, "atk": 211, "def": 211, "spa": 211, "spd": 211, "spe": 211}, "types": ["Psychic"]}, "Calyrex": {"name": "Calyrex", "species": "Calyrex-Shadow", "speciesId": "calyrexshadow", "gender": "N", "shiny": false, "level": 64, "moves": ["astralbarrage", "nastyplot", "pollenpuff", "psyshock"], "ability": "As One (Spectrier)", "evs": {"hp": 85, "atk": 0, "def": 85, "spa": 85, "spd": 85, "spe": 85}, "ivs": {"hp": 31, "atk": 0, "def": 31, "spa": 31, "spd": 31, "spe": 31}, "item": "Life Orb", "teraType": "Dark", "role": "Fast Attacker", "bvs": {"hp": 100, "atk": 85, "def": 80, "spa": 165, "spd": 100, "spe": 150}, "stats": {"hp": 235, "atk": 113, "def": 140, "spa": 249, "spd": 166, "spe": 230}, "types": ["Psychic", "Ghost"]}, "Cinccino": {"name": "Cinccino", "species": "Cinccino", "speciesId": "cinccino", "gender": "M", "shiny": false, "level": 83, "moves": ["bulletseed", "tailslap", "tidyup", "tripleaxel"], "ability": "Technician", "evs": {"hp": 85, "atk": 85, "def": 85, "spa": 85, "spd": 85, "spe": 85}, "ivs": {"hp": 31, "atk": 31, "def": 31, "spa": 31, "spd": 31, "spe": 31}, "item": "Loaded Dice", "teraType": "Grass", "role": "Fast Attacker", "bvs": {"hp": 75, "atk": 95, "def": 60, "spa": 65, "spd": 60, "spe": 115}, "stats": {"hp": 260, "atk": 205, "def": 147, "spa": 156, "spd": 147, "spe": 239}, "types": ["Normal"]}, "Dodrio": {"name": "Dodrio", "species": "Dodrio", "speciesId": "dodrio", "gender": "F", "shiny": false, "level": 85, "moves": ["bravebird", "doubleedge", "quickattack", "drillrun"], "ability": "Early Bird", "evs": {"hp": 85, "atk": 85, "def": 85, "spa": 85, "spd": 85, "spe": 85}, "ivs": {"hp": 31, "atk": 31, "def": 31, "spa": 31, "spd": 31, "spe": 31}, "item": "Choice Band", "teraType": "Ground", "role": "Fast Attacker", "bvs": {"hp": 60, "atk": 110, "def": 70, "spa": 60, "spd": 60, "spe": 110}, "stats": {"hp": 241, "atk": 236, "def": 168, "spa": 151, "spd": 151, "spe": 236}, "types": ["Normal", "Flying"]}, "Electivire": {"name": "Electivire", "species": "Electivire", "speciesId": "electivire", "gender": "M", "shiny": false, "level": 84, "moves": ["voltswitch", "flamethrower", "supercellslam", "icepunch"], "ability": "Motor Drive", "evs": {"hp": 85, "atk": 85, "def": 85, "spa": 85, "spd": 85, "spe": 85}, "ivs": {"hp": 31, "atk": 31, "def": 31, "spa": 31, "spd": 31, "spe": 31}, "item": "Life Orb", "teraType": "Ice", "role": "Fast Attacker", "bvs": {"hp": 75, "atk": 123, "def": 67, "spa": 95, "spd": 85, "spe": 95}, "stats": {"hp": 263, "atk": 255, "def": 161, "spa": 208, "spd": 191, "spe": 208}, "types": ["Electric"]}, "Iron Jugulis": {"name": "Iron Jugulis", "species": "Iron Jugulis", "speciesId": "ironjugulis", "gender": "N", "shiny": false, "level": 77, "moves": ["darkpulse", "hydropump", "earthpower", "hurricane"], "ability": "Quark Drive", "evs": {"hp": 85, "atk": 0, "def": 85, "spa": 85, "spd": 85, "spe": 85}, "ivs": {"hp": 31, "atk": 0, "def": 31, "spa": 31, "spd": 31, "spe": 31}, "item": "Choice Specs", "teraType": "Flying", "role": "Wallbreaker", "bvs": {"hp": 94, "atk": 80, "def": 86, "spa": 122, "spd": 80, "spe": 108}, "stats": {"hp": 271, "atk": 128, "def": 177, "spa": 232, "spd": 168, "spe": 211}, "types": ["Dark", "Flying"]}}]}