{"id": "gen9randombattle-2631653544", "format": "[Gen 9] Random Battle", "players": ["Elysia_773", "sonoffin"], "log": "|j|\u2606Elysia_773\n|j|\u2606sonoffin\n|t:|1781415513\n|gametype|singles\n|player|p1|Elysia_773|miku-flying|2126\n|player|p2|sonoffin|hilbert-wonderlauncher|2233\n|gen|9\n|tier|[Gen 9] Random Battle\n|rated|\n|rule|Species Clause: Limit one of each Pok\u00e9mon\n|rule|HP Percentage Mod: HP is shown in percentages\n|rule|Sleep Clause Mod: Limit one foe put to sleep\n|rule|Illusion Level Mod: Illusion disguises the Pok\u00e9mon's true level\n|\n|t:|1781415513\n|teamsize|p1|6\n|teamsize|p2|6\n|start\n|switch|p1a: Mandibuzz|Mandibuzz, L85, F|326/326\n|switch|p2a: Toxtricity|Toxtricity, L82, M|257/257\n|turn|1\n|inactive|Battle timer is ON: inactive players will automatically lose when time's up. (requested by Elysia_773)\n|\n|t:|1781415524\n|switch|p1a: Dugtrio|Dugtrio-Alola, L84, F|196/196\n|move|p2a: Toxtricity|Overdrive|p1a: Dugtrio\n|-immune|p1a: Dugtrio\n|\n|upkeep\n|turn|2\n|\n|t:|1781415531\n|switch|p2a: Bronzong|Bronzong, L88|261/261\n|move|p1a: Dugtrio|Swords Dance|p1a: Dugtrio\n|-boost|p1a: Dugtrio|atk|2\n|\n|upkeep\n|turn|3\n|\n|t:|1781415540\n|move|p1a: Dugtrio|Iron Head|p2a: Bronzong\n|-resisted|p2a: Bronzong\n|-damage|p2a: Bronzong|170/261\n|-damage|p1a: Dugtrio|177/196|[from] item: Life Orb\n|move|p2a: Bronzong|Iron Defense|p2a: Bronzong\n|-boost|p2a: Bronzong|def|2\n|\n|-heal|p2a: Bronzong|186/261|[from] item: Leftovers\n|upkeep\n|turn|4\n|\n|t:|1781415548\n|move|p1a: Dugtrio|Sucker Punch||[still]\n|-fail|p1a: Dugtrio\n|move|p2a: Bronzong|Iron Defense|p2a: Bronzong\n|-boost|p2a: Bronzong|def|2\n|\n|-heal|p2a: Bronzong|202/261|[from] item: Leftovers\n|upkeep\n|turn|5\n|-message|Elysia_773 forfeited.\n|\n|win|sonoffin\n", "inputlog": ">version a8376a258c1d4662feba110a92103f3664a72141\n>start {\"formatid\":\"gen9randombattle\",\"seed\":\"sodium,92e31e1b772b78bb34153083b63d75a6\",\"rated\":\"Rated battle\"}\n>player p1 {\"name\":\"Elysia_773\",\"avatar\":\"miku-flying\",\"rating\":2126,\"seed\":\"sodium,72c75cf7c120bc9772bad5aee77d0b46\"}\n>player p2 {\"name\":\"sonoffin\",\"avatar\":\"hilbert-wonderlauncher\",\"rating\":2233,\"seed\":\"sodium,05e2a5525a52431f19d680fad0e6ee6b\"}\n>p1 switch 3\n>p2 move overdrive\n>p1 move swordsdance\n>p2 switch 3\n>p1 move ironhead\n>p2 move irondefense\n>p1 move suckerpunch\n>p2 move irondefense\n>forcelose p1", "uploadtime": 1781415515, "views": 4, "formatid": "gen9randombattle", "rating": null, "private": 0, "password": null}