{"id": "gen9randombattle-2631369937", "format": "[Gen 9] Random Battle", "players": ["qiuescent", "UnviaSai"], "log": "|badge|p1|bronze|gen9randombattle|100-9\n|uhtml|medal-msg|<div class=\"broadcast-blue\">Curious what those medals under the avatar are? PS now has Ladder Seasons! For more information, check out the <a href=\"https://www.smogon.com/forums/threads/3740067/\">thread on Smogon.</a></div>\n|j|\u203dqiuescent\n|j|\u2606UnviaSai\n|t:|1781376629\n|gametype|singles\n|player|p1|qiuescent|265|2204\n|player|p2|UnviaSai|unknown|2184\n|gen|9\n|tier|[Gen 9] Random Battle\n|rated|\n|rule|Species Clause: Limit one of each Pok\u00e9mon\n|rule|HP Percentage Mod: HP is shown in percentages\n|rule|Sleep Clause Mod: Limit one foe put to sleep\n|rule|Illusion Level Mod: Illusion disguises the Pok\u00e9mon's true level\n|\n|t:|1781376629\n|teamsize|p1|6\n|teamsize|p2|6\n|start\n|switch|p1a: Tauros|Tauros-Paldea-Blaze, L81, M|254/254\n|switch|p2a: Glalie|Glalie, L96, M|309/309\n|-ability|p1a: Tauros|Intimidate|boost\n|-fail|p2a: Glalie|unboost|Attack|[from] ability: Inner Focus|[of] p2a: Glalie\n|turn|1\n|\n|t:|1781376636\n|switch|p2a: Uxie|Uxie, L83|260/260\n|move|p1a: Tauros|Close Combat|p2a: Uxie\n|-resisted|p2a: Uxie\n|-crit|p2a: Uxie\n|-damage|p2a: Uxie|143/260\n|-unboost|p1a: Tauros|def|1\n|-unboost|p1a: Tauros|spd|1\n|\n|-heal|p2a: Uxie|159/260|[from] item: Leftovers\n|upkeep\n|turn|2\n|inactive|Battle timer is ON: inactive players will automatically lose when time's up. (requested by UnviaSai)\n|\n|t:|1781376641\n|switch|p1a: Perrserker|Perrserker, L89, F|269/269\n|move|p2a: Uxie|Thunder Wave|p1a: Perrserker\n|-status|p1a: Perrserker|par\n|\n|-heal|p2a: Uxie|175/260|[from] item: Leftovers\n|upkeep\n|turn|3\n|\n|t:|1781376643\n|move|p2a: Uxie|U-turn|p1a: Perrserker\n|-resisted|p1a: Perrserker\n|-damage|p1a: Perrserker|253/269 par\n|\n|t:|1781376645\n|switch|p2a: Hydrapple|Hydrapple, L83, F|312/312|[from] U-turn\n|cant|p1a: Perrserker|par\n|\n|upkeep\n|turn|4\n|\n|t:|1781376647\n|move|p2a: Hydrapple|Earth Power|p1a: Perrserker\n|-supereffective|p1a: Perrserker\n|-damage|p1a: Perrserker|0 fnt\n|faint|p1a: Perrserker\n|-damage|p2a: Hydrapple|281/312|[from] item: Life Orb\n|\n|upkeep\n|\n|t:|1781376652\n|switch|p1a: Goodra|Goodra, L85, F|292/292\n|turn|5\n|\n|t:|1781376664\n|switch|p2a: Glalie|Glalie, L96, M|309/309\n|move|p1a: Goodra|Draco Meteor|p2a: Glalie\n|-damage|p2a: Glalie|155/309\n|-unboost|p1a: Goodra|spa|2\n|\n|upkeep\n|turn|6\n|\n|t:|1781376670\n|switch|p1a: Oinkologne|Oinkologne, L92, M|352/352\n|move|p2a: Glalie|Spikes|p1a: Oinkologne\n|-sidestart|p1: qiuescent|Spikes\n|\n|upkeep\n|turn|7\n|\n|t:|1781376673\n|move|p2a: Glalie|Taunt|p1a: Oinkologne\n|-start|p1a: Oinkologne|move: Taunt\n|move|p1a: Oinkologne|Double-Edge|p2a: Glalie\n|-damage|p2a: Glalie|14/309\n|-damage|p1a: Oinkologne|305/352|[from] Recoil\n|\n|-heal|p1a: Oinkologne|327/352|[from] item: Leftovers\n|upkeep\n|turn|8\n|\n|t:|1781376685\n|move|p2a: Glalie|Spikes|p1a: Oinkologne\n|-sidestart|p1: qiuescent|Spikes\n|move|p1a: Oinkologne|Double-Edge|p2a: Glalie\n|-damage|p2a: Glalie|0 fnt\n|faint|p2a: Glalie\n|-damage|p1a: Oinkologne|322/352|[from] Recoil\n|\n|-heal|p1a: Oinkologne|344/352|[from] item: Leftovers\n|upkeep\n|\n|t:|1781376689\n|switch|p2a: Lurantis|Lurantis, L87, F|264/264\n|turn|9\n|\n|t:|1781376694\n|switch|p1a: Goodra|Goodra, L85, F|292/292\n|-damage|p1a: Goodra|244/292|[from] Spikes\n|move|p2a: Lurantis|Superpower|p1a: Goodra\n|-damage|p1a: Goodra|131/292\n|-boost|p2a: Lurantis|atk|1\n|-boost|p2a: Lurantis|def|1\n|\n|upkeep\n|turn|10\n|\n|t:|1781376699\n|move|p1a: Goodra|Fire Blast|p2a: Lurantis\n|-supereffective|p2a: Lurantis\n|-crit|p2a: Lurantis\n|-damage|p2a: Lurantis|0 fnt\n|faint|p2a: Lurantis\n|\n|upkeep\n|\n|t:|1781376710\n|switch|p2a: Plusle|Plusle, L95, M|268/268\n|turn|11\n|\n|t:|1781376720\n|-terastallize|p1a: Goodra|Fire\n|move|p2a: Plusle|Alluring Voice|p1a: Goodra\n|-resisted|p1a: Goodra\n|-damage|p1a: Goodra|112/292\n|-damage|p2a: Plusle|242/268|[from] item: Life Orb\n|move|p1a: Goodra|Draco Meteor|p2a: Plusle\n|-damage|p2a: Plusle|74/268\n|-unboost|p1a: Goodra|spa|2\n|\n|upkeep\n|turn|12\n|\n|t:|1781376726\n|move|p2a: Plusle|Encore|p1a: Goodra\n|-start|p1a: Goodra|Encore\n|move|p1a: Goodra|Draco Meteor|p2a: Plusle\n|-damage|p2a: Plusle|0 fnt\n|-unboost|p1a: Goodra|spa|2\n|faint|p2a: Plusle\n|\n|upkeep\n|\n|t:|1781376730\n|switch|p2a: Minior|Minior, L79|224/224\n|-formechange|p2a: Minior|Minior-Meteor||[from] ability: Shields Down\n|turn|13\n|\n|t:|1781376740\n|switch|p1a: Rhyperior|Rhyperior, L82, M|323/323\n|-damage|p1a: Rhyperior|270/323|[from] Spikes\n|move|p2a: Minior|Shell Smash|p2a: Minior\n|-unboost|p2a: Minior|def|1\n|-unboost|p2a: Minior|spd|1\n|-boost|p2a: Minior|atk|2\n|-boost|p2a: Minior|spa|2\n|-boost|p2a: Minior|spe|2\n|-enditem|p2a: Minior|White Herb\n|-clearnegativeboost|p2a: Minior|[silent]\n|\n|upkeep\n|turn|14\n|\n|t:|1781376745\n|-terastallize|p2a: Minior|Steel\n|move|p2a: Minior|Earthquake|p1a: Rhyperior\n|-supereffective|p1a: Rhyperior\n|-damage|p1a: Rhyperior|174/323\n|move|p1a: Rhyperior|Stone Edge|p2a: Minior\n|-resisted|p2a: Minior\n|-damage|p2a: Minior|135/224\n|\n|upkeep\n|turn|15\n|\n|t:|1781376749\n|move|p2a: Minior|Earthquake|p1a: Rhyperior\n|-supereffective|p1a: Rhyperior\n|-damage|p1a: Rhyperior|66/323\n|move|p1a: Rhyperior|Stone Edge|p2a: Minior\n|-resisted|p2a: Minior\n|-damage|p2a: Minior|42/224\n|\n|-formechange|p2a: Minior|Minior||[from] ability: Shields Down\n|upkeep\n|turn|16\n|\n|t:|1781376752\n|move|p2a: Minior|Earthquake|p1a: Rhyperior\n|-supereffective|p1a: Rhyperior\n|-damage|p1a: Rhyperior|0 fnt\n|faint|p1a: Rhyperior\n|\n|upkeep\n|\n|t:|1781376761\n|switch|p1a: Tauros|Tauros-Paldea-Blaze, L81, M|254/254\n|-damage|p1a: Tauros|212/254|[from] Spikes\n|-ability|p1a: Tauros|Intimidate|boost\n|-unboost|p2a: Minior|atk|1\n|turn|17\n|\n|t:|1781376767\n|move|p2a: Minior|Acrobatics|p1a: Tauros\n|-supereffective|p1a: Tauros\n|-damage|p1a: Tauros|0 fnt\n|faint|p1a: Tauros\n|\n|upkeep\n|\n|t:|1781376768\n|switch|p1a: Oinkologne|Oinkologne, L92, M|344/352\n|-damage|p1a: Oinkologne|286/352|[from] Spikes\n|turn|18\n|\n|t:|1781376774\n|move|p2a: Minior|Acrobatics|p1a: Oinkologne\n|-damage|p1a: Oinkologne|132/352\n|move|p1a: Oinkologne|High Horsepower|p2a: Minior\n|-supereffective|p2a: Minior\n|-damage|p2a: Minior|0 fnt\n|faint|p2a: Minior\n|\n|-heal|p1a: Oinkologne|154/352|[from] item: Leftovers\n|upkeep\n|\n|t:|1781376780\n|switch|p2a: Hydrapple|Hydrapple, L83, F|312/312\n|turn|19\n|\n|t:|1781376787\n|move|p1a: Oinkologne|Double-Edge|p2a: Hydrapple\n|-damage|p2a: Hydrapple|177/312\n|-damage|p1a: Oinkologne|109/352|[from] Recoil\n|move|p2a: Hydrapple|Fickle Beam|p1a: Oinkologne\n|-damage|p1a: Oinkologne|0 fnt\n|faint|p1a: Oinkologne\n|-damage|p2a: Hydrapple|146/312|[from] item: Life Orb\n|\n|upkeep\n|\n|t:|1781376790\n|switch|p1a: Goodra|Goodra, L85, F, tera:Fire|112/292\n|-damage|p1a: Goodra|64/292|[from] Spikes\n|turn|20\n|\n|t:|1781376793\n|switch|p2a: Uxie|Uxie, L83|175/260\n|move|p1a: Goodra|Draco Meteor|p2a: Uxie\n|-damage|p2a: Uxie|49/260\n|-unboost|p1a: Goodra|spa|2\n|\n|-heal|p2a: Uxie|65/260|[from] item: Leftovers\n|upkeep\n|turn|21\n|\n|t:|1781376800\n|move|p2a: Uxie|Thunder Wave|p1a: Goodra\n|-status|p1a: Goodra|par\n|move|p1a: Goodra|Knock Off|p2a: Uxie\n|-supereffective|p2a: Uxie\n|-damage|p2a: Uxie|0 fnt\n|-enditem|p2a: Uxie|Leftovers|[from] move: Knock Off|[of] p1a: Goodra\n|faint|p2a: Uxie\n|\n|upkeep\n|\n|t:|1781376802\n|switch|p2a: Hydrapple|Hydrapple, L83, F|250/312\n|turn|22\n|\n|t:|1781376804\n|move|p2a: Hydrapple|Earth Power|p1a: Goodra\n|-supereffective|p1a: Goodra\n|-damage|p1a: Goodra|0 fnt\n|faint|p1a: Goodra\n|-damage|p2a: Hydrapple|219/312|[from] item: Life Orb\n|\n|upkeep\n|\n|t:|1781376805\n|switch|p1a: Cramorant|Cramorant, L86, M|261/261\n|turn|23\n|\n|t:|1781376808\n|move|p1a: Cramorant|Brave Bird|p2a: Hydrapple\n|-supereffective|p2a: Hydrapple\n|-damage|p2a: Hydrapple|15/312\n|-damage|p1a: Cramorant|194/261|[from] Recoil\n|move|p2a: Hydrapple|Fickle Beam|p1a: Cramorant\n|-damage|p1a: Cramorant|81/261\n|-damage|p2a: Hydrapple|0 fnt|[from] item: Life Orb\n|faint|p2a: Hydrapple\n|\n|win|qiuescent\n", "inputlog": ">version a8376a258c1d4662feba110a92103f3664a72141\n>start {\"formatid\":\"gen9randombattle\",\"seed\":\"sodium,db7b3d000f731d9cb952fd1e5f31d58b\",\"rated\":\"Rated battle\"}\n>player p1 {\"name\":\"qiuescent\",\"avatar\":\"265\",\"rating\":2204,\"seed\":\"sodium,493f127c1d27b34e228060bbdd65f130\"}\n>player p2 {\"name\":\"UnviaSai\",\"avatar\":\"unknown\",\"rating\":2184,\"seed\":\"sodium,4cd4240440e032785d9bc583fbc40f5b\"}\n>p1 move closecombat\n>p2 switch 3\n>p1 switch 5\n>p2 move thunderwave\n>p1 move uturn\n>p2 move uturn\n>p2 switch 5\n>p1 move uturn\n>p2 move earthpower\n>p1 switch 3\n>p1 move dracometeor\n>p2 switch 3\n>p1 switch 6\n>p2 move spikes\n>p1 move doubleedge\n>p2 move taunt\n>p1 move doubleedge\n>p2 move spikes\n>p2 switch 4\n>p1 switch 6\n>p2 move superpower\n>p1 move fireblast\n>p2 move synthesis\n>p2 switch 2\n>p1 move dracometeor terastallize\n>p2 move alluringvoice\n>p1 move knockoff\n>p2 move encore\n>p2 switch 6\n>p1 switch 2\n>p2 move shellsmash\n>p1 move stoneedge\n>p2 move earthquake terastallize\n>p1 move stoneedge\n>p2 move earthquake\n>p1 move stoneedge\n>p2 move earthquake\n>p1 switch 5\n>p1 move flareblitz\n>p2 move acrobatics\n>p1 switch 6\n>p1 move highhorsepower\n>p2 move acrobatics\n>p2 switch 3\n>p1 move doubleedge\n>p2 move ficklebeam\n>p1 switch 2\n>p1 move dracometeor\n>p2 switch 5\n>p1 move knockoff\n>p2 move thunderwave\n>p2 switch 5\n>p1 move dracometeor\n>p2 move earthpower\n>p1 switch 4\n>p1 move bravebird\n>p2 move ficklebeam", "uploadtime": 1781376630, "views": 8, "formatid": "gen9randombattle", "rating": null, "private": 0, "password": null, "player_dets": [{"name": "qiuescent", "avatar": "265", "rating": 2204, "seed": "sodium,493f127c1d27b34e228060bbdd65f130"}, {"name": "UnviaSai", "avatar": "unknown", "rating": 2184, "seed": "sodium,4cd4240440e032785d9bc583fbc40f5b"}], "teams_full": [{"Tauros": {"name": "Tauros", "species": "Tauros-Paldea-Blaze", "speciesId": "taurospaldeablaze", "gender": "M", "shiny": false, "level": 81, "moves": ["closecombat", "stoneedge", "wildcharge", "flareblitz"], "ability": "Intimidate", "evs": {"hp": 85, "atk": 85, "def": 85, "spa": 85, "spd": 85, "spe": 85}, "ivs": {"hp": 31, "atk": 31, "def": 31, "spa": 31, "spd": 31, "spe": 31}, "item": "Choice Band", "teraType": "Fighting", "role": "Wallbreaker", "bvs": {"hp": 75, "atk": 110, "def": 105, "spa": 30, "spd": 70, "spe": 100}, "stats": {"hp": 254, "atk": 225, "def": 217, "spa": 95, "spd": 160, "spe": 209}, "types": ["Fighting", "Fire"]}, "Rhyperior": {"name": "Rhyperior", "species": "Rhyperior", "speciesId": "rhyperior", "gender": "M", "shiny": false, "level": 82, "moves": ["megahorn", "stoneedge", "icepunch", "earthquake"], "ability": "Solid Rock", "evs": {"hp": 85, "atk": 85, "def": 85, "spa": 85, "spd": 85, "spe": 85}, "ivs": {"hp": 31, "atk": 31, "def": 31, "spa": 31, "spd": 31, "spe": 31}, "item": "Choice Band", "teraType": "Bug", "role": "Bulky Attacker", "bvs": {"hp": 115, "atk": 140, "def": 130, "spa": 55, "spd": 55, "spe": 40}, "stats": {"hp": 323, "atk": 277, "def": 260, "spa": 137, "spd": 137, "spe": 113}, "types": ["Ground", "Rock"]}, "Goodra": {"name": "Goodra", "species": "Goodra", "speciesId": "goodra", "gender": "F", "shiny": false, "level": 85, "moves": ["dracometeor", "knockoff", "sludgebomb", "fireblast"], "ability": "Sap Sipper", "evs": {"hp": 85, "atk": 85, "def": 85, "spa": 85, "spd": 85, "spe": 85}, "ivs": {"hp": 31, "atk": 31, "def": 31, "spa": 31, "spd": 31, "spe": 31}, "item": "Assault Vest", "teraType": "Fire", "role": "AV Pivot", "bvs": {"hp": 90, "atk": 100, "def": 70, "spa": 110, "spd": 150, "spe": 80}, "stats": {"hp": 292, "atk": 219, "def": 168, "spa": 236, "spd": 304, "spe": 185}, "types": ["Dragon"]}, "Cramorant": {"name": "Cramorant", "species": "Cramorant", "speciesId": "cramorant", "gender": "M", "shiny": false, "level": 86, "moves": ["defog", "roost", "surf", "bravebird"], "ability": "Gulp Missile", "evs": {"hp": 85, "atk": 85, "def": 85, "spa": 85, "spd": 85, "spe": 85}, "ivs": {"hp": 31, "atk": 31, "def": 31, "spa": 31, "spd": 31, "spe": 31}, "item": "Heavy-Duty Boots", "teraType": "Ground", "role": "Bulky Support", "bvs": {"hp": 70, "atk": 85, "def": 55, "spa": 85, "spd": 95, "spe": 85}, "stats": {"hp": 261, "atk": 195, "def": 144, "spa": 195, "spd": 213, "spe": 195}, "types": ["Flying", "Water"]}, "Perrserker": {"name": "Perrserker", "species": "Perrserker", "speciesId": "perrserker", "gender": "F", "shiny": false, "level": 89, "moves": ["ironhead", "knockoff", "closecombat", "uturn"], "ability": "Tough Claws", "evs": {"hp": 85, "atk": 85, "def": 85, "spa": 85, "spd": 85, "spe": 85}, "ivs": {"hp": 31, "atk": 31, "def": 31, "spa": 31, "spd": 31, "spe": 31}, "item": "Choice Band", "teraType": "Fighting", "role": "Fast Attacker", "bvs": {"hp": 70, "atk": 110, "def": 100, "spa": 50, "spd": 60, "spe": 50}, "stats": {"hp": 269, "atk": 247, "def": 229, "spa": 140, "spd": 158, "spe": 140}, "types": ["Steel"]}, "Oinkologne": {"name": "Oinkologne", "species": "Oinkologne", "speciesId": "oinkologne", "gender": "M", "shiny": false, "level": 92, "moves": ["doubleedge", "curse", "lashout", "highhorsepower"], "ability": "Thick Fat", "evs": {"hp": 85, "atk": 85, "def": 85, "spa": 85, "spd": 85, "spe": 85}, "ivs": {"hp": 31, "atk": 31, "def": 31, "spa": 31, "spd": 31, "spe": 31}, "item": "Leftovers", "teraType": "Ground", "role": "Bulky Setup", "bvs": {"hp": 110, "atk": 100, "def": 75, "spa": 59, "spd": 80, "spe": 65}, "stats": {"hp": 352, "atk": 236, "def": 190, "spa": 161, "spd": 200, "spe": 172}, "types": ["Normal"]}}, {"Glalie": {"name": "Glalie", "species": "Glalie", "speciesId": "glalie", "gender": "M", "shiny": false, "level": 96, "moves": ["freezedry", "spikes", "taunt", "earthquake"], "ability": "Inner Focus", "evs": {"hp": 85, "atk": 85, "def": 85, "spa": 85, "spd": 85, "spe": 85}, "ivs": {"hp": 31, "atk": 31, "def": 31, "spa": 31, "spd": 31, "spe": 31}, "item": "Heavy-Duty Boots", "teraType": "Ghost", "role": "Fast Support", "bvs": {"hp": 80, "atk": 80, "def": 80, "spa": 80, "spd": 80, "spe": 80}, "stats": {"hp": 309, "atk": 208, "def": 208, "spa": 208, "spd": 208, "spe": 208}, "types": ["Ice"]}, "Plusle": {"name": "Plusle", "species": "Plusle", "speciesId": "plusle", "gender": "M", "shiny": false, "level": 95, "moves": ["alluringvoice", "encore", "thunderbolt", "nastyplot"], "ability": "Lightning Rod", "evs": {"hp": 85, "atk": 0, "def": 85, "spa": 85, "spd": 85, "spe": 85}, "ivs": {"hp": 31, "atk": 0, "def": 31, "spa": 31, "spd": 31, "spe": 31}, "item": "Life Orb", "teraType": "Fairy", "role": "Setup Sweeper", "bvs": {"hp": 60, "atk": 50, "def": 40, "spa": 85, "spd": 75, "spe": 95}, "stats": {"hp": 268, "atk": 100, "def": 130, "spa": 215, "spd": 196, "spe": 234}, "types": ["Electric"]}, "Uxie": {"name": "Uxie", "species": "Uxie", "speciesId": "uxie", "gender": "N", "shiny": false, "level": 83, "moves": ["encore", "thunderwave", "psychicnoise", "uturn"], "ability": "Levitate", "evs": {"hp": 85, "atk": 85, "def": 85, "spa": 85, "spd": 85, "spe": 85}, "ivs": {"hp": 31, "atk": 31, "def": 31, "spa": 31, "spd": 31, "spe": 31}, "item": "Leftovers", "teraType": "Electric", "role": "Bulky Support", "bvs": {"hp": 75, "atk": 75, "def": 130, "spa": 75, "spd": 130, "spe": 95}, "stats": {"hp": 260, "atk": 172, "def": 263, "spa": 172, "spd": 263, "spe": 205}, "types": ["Psychic"]}, "Lurantis": {"name": "Lurantis", "species": "Lurantis", "speciesId": "lurantis", "gender": "F", "shiny": false, "level": 87, "moves": ["knockoff", "synthesis", "leafstorm", "superpower"], "ability": "Contrary", "evs": {"hp": 85, "atk": 85, "def": 85, "spa": 85, "spd": 85, "spe": 85}, "ivs": {"hp": 31, "atk": 31, "def": 31, "spa": 31, "spd": 31, "spe": 31}, "item": "Leftovers", "teraType": "Fighting", "role": "Bulky Attacker", "bvs": {"hp": 70, "atk": 105, "def": 90, "spa": 80, "spd": 90, "spe": 45}, "stats": {"hp": 264, "atk": 232, "def": 206, "spa": 189, "spd": 206, "spe": 128}, "types": ["Grass"]}, "Hydrapple": {"name": "Hydrapple", "species": "Hydrapple", "speciesId": "hydrapple", "gender": "F", "shiny": false, "level": 83, "moves": ["earthpower", "gigadrain", "nastyplot", "ficklebeam"], "ability": "Regenerator", "evs": {"hp": 85, "atk": 0, "def": 85, "spa": 85, "spd": 85, "spe": 85}, "ivs": {"hp": 31, "atk": 0, "def": 31, "spa": 31, "spd": 31, "spe": 31}, "item": "Life Orb", "teraType": "Steel", "role": "Fast Bulky Setup", "bvs": {"hp": 106, "atk": 80, "def": 110, "spa": 120, "spd": 80, "spe": 44}, "stats": {"hp": 312, "atk": 137, "def": 230, "spa": 247, "spd": 180, "spe": 121}, "types": ["Grass", "Dragon"]}, "Minior": {"name": "Minior", "species": "Minior", "speciesId": "minior", "gender": "N", "shiny": false, "level": 79, "moves": ["powergem", "acrobatics", "shellsmash", "earthquake"], "ability": "Shields Down", "evs": {"hp": 85, "atk": 85, "def": 85, "spa": 85, "spd": 85, "spe": 85}, "ivs": {"hp": 31, "atk": 31, "def": 31, "spa": 31, "spd": 31, "spe": 31}, "item": "White Herb", "teraType": "Steel", "role": "Setup Sweeper", "bvs": {"hp": 60, "atk": 100, "def": 60, "spa": 100, "spd": 60, "spe": 120}, "stats": {"hp": 224, "atk": 204, "def": 140, "spa": 204, "spd": 140, "spe": 235}, "types": ["Rock", "Flying"]}}]}