{"id": "gen9randombattle-2631517678", "format": "[Gen 9] Random Battle", "players": ["nitro crate", "lkj47"], "log": "|j|\u2606nitro crate\n|j|\u2606lkj47\n|t:|1781395467\n|gametype|singles\n|player|p1|nitro crate|1|2009\n|player|p2|lkj47|hilbert|1942\n|gen|9\n|tier|[Gen 9] Random Battle\n|rated|\n|rule|Species Clause: Limit one of each Pok\u00e9mon\n|rule|HP Percentage Mod: HP is shown in percentages\n|rule|Sleep Clause Mod: Limit one foe put to sleep\n|rule|Illusion Level Mod: Illusion disguises the Pok\u00e9mon's true level\n|\n|t:|1781395467\n|teamsize|p1|6\n|teamsize|p2|6\n|start\n|switch|p1a: Mewtwo|Mewtwo, L72|235/235\n|switch|p2a: Giratina|Giratina-Origin, L72|335/335\n|turn|1\n|inactive|Battle timer is ON: inactive players will automatically lose when time's up. (requested by nitro crate)\n|\n|t:|1781395478\n|move|p1a: Mewtwo|Dark Pulse|p2a: Giratina\n|-supereffective|p2a: Giratina\n|-damage|p2a: Giratina|39/335\n|-damage|p1a: Mewtwo|212/235|[from] item: Life Orb\n|move|p2a: Giratina|Will-O-Wisp|p1a: Mewtwo\n|-status|p1a: Mewtwo|brn\n|\n|-damage|p1a: Mewtwo|198/235 brn|[from] brn\n|upkeep\n|turn|2\n|\n|t:|1781395484\n|switch|p2a: Toxicroak|Toxicroak, L84, F|277/277\n|move|p1a: Mewtwo|Psychic|p2a: Toxicroak\n|-supereffective|p2a: Toxicroak\n|-damage|p2a: Toxicroak|0 fnt\n|faint|p2a: Toxicroak\n|-damage|p1a: Mewtwo|175/235 brn|[from] item: Life Orb\n|\n|-damage|p1a: Mewtwo|161/235 brn|[from] brn\n|upkeep\n|\n|t:|1781395489\n|switch|p2a: Dewgong|Dewgong, L94, M|322/322\n|turn|3\n|\n|t:|1781395495\n|switch|p1a: Quaquaval|Quaquaval, L79, F|264/264\n|move|p2a: Dewgong|Surf|p1a: Quaquaval\n|-resisted|p1a: Quaquaval\n|-damage|p1a: Quaquaval|211/264\n|\n|upkeep\n|turn|4\n|\n|t:|1781395500\n|move|p2a: Dewgong|Flip Turn|p1a: Quaquaval\n|-resisted|p1a: Quaquaval\n|-crit|p1a: Quaquaval\n|-damage|p1a: Quaquaval|162/264\n|\n|t:|1781395502\n|switch|p2a: Qwilfish|Qwilfish, L86, F|252/252|[from] Flip Turn\n|-ability|p2a: Qwilfish|Intimidate|boost\n|-unboost|p1a: Quaquaval|atk|1\n|move|p1a: Quaquaval|Knock Off|p2a: Qwilfish\n|-damage|p2a: Qwilfish|178/252\n|-enditem|p2a: Qwilfish|Leftovers|[from] move: Knock Off|[of] p1a: Quaquaval\n|\n|upkeep\n|turn|5\n|\n|t:|1781395522\n|switch|p1a: Volcanion|Volcanion, L79|255/255\n|move|p2a: Qwilfish|Spikes|p1a: Volcanion\n|-sidestart|p1: nitro crate|Spikes\n|\n|upkeep\n|turn|6\n|\n|t:|1781395528\n|switch|p2a: Eelektross|Eelektross, L87, F|290/290\n|move|p1a: Volcanion|Earth Power|p2a: Eelektross\n|-immune|p2a: Eelektross|[from] ability: Levitate\n|\n|upkeep\n|turn|7\n|\n|t:|1781395535\n|switch|p1a: Incineroar|Incineroar, L82, F|290/290\n|-ability|p1a: Incineroar|Intimidate|boost\n|-unboost|p2a: Eelektross|atk|1\n|move|p2a: Eelektross|Discharge|p1a: Incineroar\n|-damage|p1a: Incineroar|190/290\n|\n|upkeep\n|turn|8\n|\n|t:|1781395540\n|switch|p2a: Giratina|Giratina-Origin, L72|39/335\n|move|p1a: Incineroar|Knock Off|p2a: Giratina\n|-supereffective|p2a: Giratina\n|-damage|p2a: Giratina|0 fnt\n|faint|p2a: Giratina\n|\n|upkeep\n|\n|t:|1781395543\n|switch|p2a: Qwilfish|Qwilfish, L86, F|178/252\n|-ability|p2a: Qwilfish|Intimidate|boost\n|-unboost|p1a: Incineroar|atk|1\n|turn|9\n|\n|t:|1781395546\n|switch|p1a: Volcanion|Volcanion, L79|255/255\n|-damage|p1a: Volcanion|224/255|[from] Spikes\n|move|p2a: Qwilfish|Gunk Shot|p1a: Volcanion|[miss]\n|-miss|p2a: Qwilfish|p1a: Volcanion\n|\n|upkeep\n|turn|10\n|\n|t:|1781395553\n|switch|p2a: Eelektross|Eelektross, L87, F|290/290\n|move|p1a: Volcanion|Steam Eruption|p2a: Eelektross\n|-damage|p2a: Eelektross|203/290\n|\n|upkeep\n|turn|11\n|\n|t:|1781395556\n|move|p1a: Volcanion|Steam Eruption|p2a: Eelektross\n|-damage|p2a: Eelektross|113/290\n|move|p2a: Eelektross|Discharge|p1a: Volcanion\n|-supereffective|p1a: Volcanion\n|-damage|p1a: Volcanion|14/255\n|-status|p1a: Volcanion|par\n|\n|upkeep\n|turn|12\n|\n|t:|1781395560\n|move|p2a: Eelektross|Giga Drain|p1a: Volcanion\n|-damage|p1a: Volcanion|0 fnt\n|-heal|p2a: Eelektross|120/290|[from] drain|[of] p1a: Volcanion\n|faint|p1a: Volcanion\n|\n|upkeep\n|\n|t:|1781395586\n|switch|p1a: Mewtwo|Mewtwo, L72|272/272\n|-ability|p1a: Mewtwo|Unnerve\n|-damage|p1a: Mewtwo|238/272|[from] Spikes\n|turn|13\n|\n|t:|1781395592\n|move|p1a: Mewtwo|Psystrike|p2a: Eelektross\n|-damage|p2a: Eelektross|0 fnt\n|faint|p2a: Eelektross\n|-damage|p1a: Mewtwo|211/272|[from] item: Life Orb\n|\n|upkeep\n|\n|t:|1781395598\n|switch|p2a: Dewgong|Dewgong, L94, M|322/322\n|turn|14\n|\n|t:|1781395609\n|move|p1a: Mewtwo|Aura Sphere|p2a: Dewgong\n|-supereffective|p2a: Dewgong\n|-damage|p2a: Dewgong|234/322\n|-damage|p1a: Mewtwo|184/272|[from] item: Life Orb\n|move|p2a: Dewgong|Surf|p1a: Mewtwo\n|-damage|p1a: Mewtwo|85/272\n|\n|upkeep\n|turn|15\n|\n|t:|1781395618\n|move|p1a: Mewtwo|Psystrike|p2a: Dewgong\n|-damage|p2a: Dewgong|82/322\n|-damage|p1a: Mewtwo|58/272|[from] item: Life Orb\n|move|p2a: Dewgong|Knock Off|p1a: Mewtwo\n|-supereffective|p1a: Mewtwo\n|-damage|p1a: Mewtwo|0 fnt\n|-enditem|p1a: Mewtwo|Life Orb|[from] move: Knock Off|[of] p2a: Dewgong\n|faint|p1a: Mewtwo\n|\n|upkeep\n|\n|t:|1781395622\n|switch|p1a: Zangoose|Zangoose, L85, F|263/263\n|-damage|p1a: Zangoose|231/263|[from] Spikes\n|turn|16\n|\n|t:|1781395629\n|move|p1a: Zangoose|Facade|p2a: Dewgong\n|-damage|p2a: Dewgong|3/322\n|move|p2a: Dewgong|Knock Off|p1a: Zangoose\n|-damage|p1a: Zangoose|150/263\n|-enditem|p1a: Zangoose|Toxic Orb|[from] move: Knock Off|[of] p2a: Dewgong\n|\n|upkeep\n|turn|17\n|\n|t:|1781395636\n|switch|p2a: Qwilfish|Qwilfish, L86, F|178/252\n|-ability|p2a: Qwilfish|Intimidate|boost\n|-unboost|p1a: Zangoose|atk|1\n|move|p1a: Zangoose|Facade|p2a: Qwilfish\n|-damage|p2a: Qwilfish|118/252\n|\n|upkeep\n|turn|18\n|\n|t:|1781395647\n|move|p1a: Zangoose|Facade|p2a: Qwilfish\n|-damage|p2a: Qwilfish|58/252\n|move|p2a: Qwilfish|Waterfall|p1a: Zangoose\n|-damage|p1a: Zangoose|26/263\n|\n|upkeep\n|turn|19\n|\n|t:|1781395653\n|switch|p2a: Toucannon|Toucannon, L88, F|284/284\n|move|p1a: Zangoose|Facade|p2a: Toucannon\n|-damage|p2a: Toucannon|223/284\n|\n|upkeep\n|turn|20\n|\n|t:|1781395657\n|move|p1a: Zangoose|Facade|p2a: Toucannon\n|-damage|p2a: Toucannon|157/284\n|move|p2a: Toucannon|Bullet Seed|p1a: Zangoose\n|-damage|p1a: Zangoose|0 fnt\n|faint|p1a: Zangoose\n|-hitcount|p1: Zangoose|1\n|\n|upkeep\n|\n|t:|1781395663\n|switch|p1a: Incineroar|Incineroar, L82, F|190/290\n|-ability|p1a: Incineroar|Intimidate|boost\n|-unboost|p2a: Toucannon|atk|1\n|turn|21\n|\n|t:|1781395672\n|move|p2a: Toucannon|Roost|p2a: Toucannon\n|-heal|p2a: Toucannon|284/284\n|-singleturn|p2a: Toucannon|move: Roost\n|move|p1a: Incineroar|Parting Shot|p2a: Toucannon\n|-unboost|p2a: Toucannon|atk|1\n|-unboost|p2a: Toucannon|spa|1\n|\n|t:|1781395682\n|switch|p1a: Quaquaval|Quaquaval, L79, F|162/264|[from] Parting Shot\n|-damage|p1a: Quaquaval|129/264|[from] Spikes\n|\n|upkeep\n|turn|22\n|\n|t:|1781395695\n|switch|p1a: Incineroar|Incineroar, L82, F|190/290\n|-ability|p1a: Incineroar|Intimidate|boost\n|-unboost|p2a: Toucannon|atk|1\n|-singleturn|p2a: Toucannon|move: Beak Blast\n|move|p2a: Toucannon|Beak Blast|p1a: Incineroar\n|-damage|p1a: Incineroar|138/290\n|\n|upkeep\n|turn|23\n|\n|t:|1781395705\n|move|p2a: Toucannon|Boomburst|p1a: Incineroar\n|-damage|p1a: Incineroar|47/290\n|move|p1a: Incineroar|Flare Blitz|p2a: Toucannon\n|-damage|p2a: Toucannon|140/284\n|-damage|p1a: Incineroar|0 fnt|[from] Recoil\n|faint|p1a: Incineroar\n|\n|upkeep\n|\n|t:|1781395709\n|switch|p1a: Quaquaval|Quaquaval, L79, F|161/235 brn\n|-damage|p1a: Quaquaval|132/235 brn|[from] Spikes\n|turn|24\n|\n|t:|1781395715\n|move|p1a: Quaquaval|Dark Pulse|p2a: Toucannon\n|-damage|p2a: Toucannon|2/284\n|-damage|p1a: Quaquaval|109/235 brn|[from] item: Life Orb\n|move|p2a: Toucannon|Roost|p2a: Toucannon\n|-heal|p2a: Toucannon|144/284\n|-singleturn|p2a: Toucannon|move: Roost\n|\n|-damage|p1a: Quaquaval|95/235 brn|[from] brn\n|upkeep\n|turn|25\n|\n|t:|1781395722\n|switch|p2a: Dewgong|Dewgong, L94, M|3/322\n|move|p1a: Quaquaval|Dark Pulse|p2a: Dewgong\n|-damage|p2a: Dewgong|0 fnt\n|faint|p2a: Dewgong\n|-damage|p1a: Quaquaval|72/235 brn|[from] item: Life Orb\n|\n|-damage|p1a: Quaquaval|58/235 brn|[from] brn\n|upkeep\n|\n|t:|1781395725\n|switch|p2a: Toucannon|Toucannon, L88, F|144/284\n|turn|26\n|\n|t:|1781395732\n|-terastallize|p1a: Quaquaval|Poison\n|move|p1a: Quaquaval|Sludge Bomb|p2a: Toucannon\n|-damage|p2a: Toucannon|0 fnt\n|faint|p2a: Toucannon\n|-damage|p1a: Quaquaval|35/235 brn|[from] item: Life Orb\n|\n|-damage|p1a: Quaquaval|21/235 brn|[from] brn\n|upkeep\n|\n|t:|1781395735\n|switch|p2a: Qwilfish|Qwilfish, L86, F|58/252\n|-ability|p2a: Qwilfish|Intimidate|boost\n|-unboost|p1a: Quaquaval|atk|1\n|turn|27\n|\n|t:|1781395739\n|move|p1a: Quaquaval|Dark Pulse|p2a: Qwilfish\n|-damage|p2a: Qwilfish|0 fnt\n|faint|p2a: Qwilfish\n|-damage|p1a: Quaquaval|0 fnt|[from] item: Life Orb\n|faint|p1a: Quaquaval\n|\n|win|nitro crate\n", "inputlog": ">version a8376a258c1d4662feba110a92103f3664a72141\n>start {\"formatid\":\"gen9randombattle\",\"seed\":\"sodium,8179277b218da34ee4e9fe0960222e0f\",\"rated\":\"Rated battle\"}\n>player p1 {\"name\":\"nitro crate\",\"avatar\":\"1\",\"rating\":2009,\"seed\":\"sodium,a000c6dfd4ebcad9b7cd2314527fc81f\"}\n>player p2 {\"name\":\"lkj47\",\"avatar\":\"hilbert\",\"rating\":1942,\"seed\":\"sodium,92ce8311552d9666feb9910e7dcfc4de\"}\n>p1 move darkpulse\n>p2 move willowisp\n>p1 move psychic\n>p2 switch 4\n>p2 switch 6\n>p1 switch 3\n>p2 move surf\n>p1 move knockoff\n>p2 move flipturn\n>p2 switch 5\n>p1 switch 2\n>p2 move spikes\n>p1 move earthpower\n>p2 switch 2\n>p1 switch 5\n>p2 move discharge\n>p1 move knockoff\n>p2 switch 4\n>p2 switch 2\n>p1 switch 5\n>p2 move gunkshot\n>p1 move steameruption\n>p2 switch 4\n>p1 move steameruption\n>p2 move discharge\n>p1 move steameruption\n>p2 move gigadrain\n>p1 switch 6\n>p1 move psystrike\n>p2 move discharge\n>p2 switch 5\n>p1 move aurasphere\n>p2 move surf\n>p1 move psystrike\n>p2 move knockoff\n>p1 switch 4\n>p1 move facade\n>p2 move knockoff\n>p1 move facade\n>p2 switch 4\n>p1 move facade\n>p2 move waterfall\n>p1 move facade\n>p2 switch 3\n>p1 move facade\n>p2 move bulletseed\n>p1 switch 5\n>p1 move partingshot\n>p2 move roost\n>p1 switch 2\n>p1 switch 2\n>p2 move beakblast\n>p1 move flareblitz\n>p2 move boomburst\n>p1 switch 3\n>p1 move darkpulse\n>p2 move roost\n>p1 move darkpulse\n>p2 switch 4\n>p2 switch 4\n>p1 move sludgebomb terastallize\n>p2 move roost\n>p2 switch 3\n>p1 move darkpulse\n>p2 move waterfall", "uploadtime": 1781395469, "views": 5, "formatid": "gen9randombattle", "rating": null, "private": 0, "password": null, "player_dets": [{"name": "nitro crate", "avatar": "1", "rating": 2009, "seed": "sodium,a000c6dfd4ebcad9b7cd2314527fc81f"}, {"name": "lkj47", "avatar": "hilbert", "rating": 1942, "seed": "sodium,92ce8311552d9666feb9910e7dcfc4de"}], "teams_full": [{"Zoroark": {"name": "Zoroark", "species": "Zoroark", "speciesId": "zoroark", "gender": "F", "shiny": false, "level": 83, "moves": ["sludgebomb", "psychic", "nastyplot", "darkpulse"], "ability": "Illusion", "evs": {"hp": 85, "atk": 0, "def": 85, "spa": 85, "spd": 85, "spe": 85}, "ivs": {"hp": 31, "atk": 0, "def": 31, "spa": 31, "spd": 31, "spe": 31}, "item": "Life Orb", "teraType": "Poison", "role": "Setup Sweeper", "bvs": {"hp": 60, "atk": 105, "def": 60, "spa": 120, "spd": 60, "spe": 105}, "stats": {"hp": 235, "atk": 179, "def": 147, "spa": 247, "spd": 147, "spe": 222}}, "Volcanion": {"name": "Volcanion", "species": "Volcanion", "speciesId": "volcanion", "gender": "N", "shiny": false, "level": 79, "moves": ["flamethrower", "sludgebomb", "earthpower", "steameruption"], "ability": "Water Absorb", "evs": {"hp": 81, "atk": 0, "def": 85, "spa": 85, "spd": 85, "spe": 85}, "ivs": {"hp": 31, "atk": 0, "def": 31, "spa": 31, "spd": 31, "spe": 31}, "item": "Choice Scarf", "teraType": "Fire", "role": "Bulky Attacker", "bvs": {"hp": 80, "atk": 110, "def": 120, "spa": 130, "spd": 90, "spe": 70}, "stats": {"hp": 255, "atk": 178, "def": 235, "spa": 251, "spd": 188, "spe": 156}}, "Quaquaval": {"name": "Quaquaval", "species": "Quaquaval", "speciesId": "quaquaval", "gender": "F", "shiny": false, "level": 79, "moves": ["aquastep", "tripleaxel", "knockoff", "closecombat"], "ability": "Moxie", "evs": {"hp": 85, "atk": 85, "def": 85, "spa": 85, "spd": 85, "spe": 85}, "ivs": {"hp": 31, "atk": 31, "def": 31, "spa": 31, "spd": 31, "spe": 31}, "item": "Choice Band", "teraType": "Water", "role": "Wallbreaker", "bvs": {"hp": 85, "atk": 120, "def": 80, "spa": 85, "spd": 75, "spe": 85}, "stats": {"hp": 264, "atk": 235, "def": 172, "spa": 180, "spd": 164, "spe": 180}}, "Zangoose": {"name": "Zangoose", "species": "Zangoose", "speciesId": "zangoose", "gender": "F", "shiny": false, "level": 85, "moves": ["swordsdance", "quickattack", "knockoff", "facade"], "ability": "Toxic Boost", "evs": {"hp": 85, "atk": 85, "def": 85, "spa": 85, "spd": 85, "spe": 85}, "ivs": {"hp": 31, "atk": 31, "def": 31, "spa": 31, "spd": 31, "spe": 31}, "item": "Toxic Orb", "teraType": "Normal", "role": "Fast Attacker", "bvs": {"hp": 73, "atk": 115, "def": 60, "spa": 60, "spd": 60, "spe": 90}, "stats": {"hp": 263, "atk": 244, "def": 151, "spa": 151, "spd": 151, "spe": 202}}, "Incineroar": {"name": "Incineroar", "species": "Incineroar", "speciesId": "incineroar", "gender": "F", "shiny": false, "level": 82, "moves": ["flareblitz", "knockoff", "earthquake", "partingshot"], "ability": "Intimidate", "evs": {"hp": 85, "atk": 85, "def": 85, "spa": 85, "spd": 85, "spe": 85}, "ivs": {"hp": 31, "atk": 31, "def": 31, "spa": 31, "spd": 31, "spe": 31}, "item": "Heavy-Duty Boots", "teraType": "Water", "role": "Fast Attacker", "bvs": {"hp": 95, "atk": 115, "def": 90, "spa": 80, "spd": 90, "spe": 60}, "stats": {"hp": 290, "atk": 236, "def": 195, "spa": 178, "spd": 195, "spe": 146}}, "Mewtwo": {"name": "Mewtwo", "species": "Mewtwo", "speciesId": "mewtwo", "gender": "N", "shiny": false, "level": 72, "moves": ["nastyplot", "psystrike", "fireblast", "aurasphere"], "ability": "Unnerve", "evs": {"hp": 85, "atk": 0, "def": 85, "spa": 85, "spd": 85, "spe": 85}, "ivs": {"hp": 31, "atk": 0, "def": 31, "spa": 31, "spd": 31, "spe": 31}, "item": "Life Orb", "teraType": "Fire", "role": "Setup Sweeper", "bvs": {"hp": 106, "atk": 110, "def": 90, "spa": 154, "spd": 90, "spe": 130}, "stats": {"hp": 272, "atk": 163, "def": 172, "spa": 264, "spd": 172, "spe": 229}}}, {"Giratina": {"name": "Giratina", "species": "Giratina-Origin", "speciesId": "giratinaorigin", "gender": "N", "shiny": false, "level": 72, "moves": ["willowisp", "dracometeor", "defog", "poltergeist"], "ability": "Levitate", "evs": {"hp": 85, "atk": 85, "def": 85, "spa": 85, "spd": 85, "spe": 85}, "ivs": {"hp": 31, "atk": 31, "def": 31, "spa": 31, "spd": 31, "spe": 31}, "item": "Griseous Core", "teraType": "Fairy", "role": "Fast Attacker", "bvs": {"hp": 150, "atk": 120, "def": 100, "spa": 120, "spd": 100, "spe": 90}, "stats": {"hp": 335, "atk": 215, "def": 186, "spa": 215, "spd": 186, "spe": 172}}, "Eelektross": {"name": "Eelektross", "species": "Eelektross", "speciesId": "eelektross", "gender": "F", "shiny": false, "level": 87, "moves": ["closecombat", "gigadrain", "uturn", "discharge"], "ability": "Levitate", "evs": {"hp": 85, "atk": 85, "def": 85, "spa": 85, "spd": 85, "spe": 85}, "ivs": {"hp": 31, "atk": 31, "def": 31, "spa": 31, "spd": 31, "spe": 31}, "item": "Assault Vest", "teraType": "Steel", "role": "AV Pivot", "bvs": {"hp": 85, "atk": 115, "def": 80, "spa": 105, "spd": 80, "spe": 50}, "stats": {"hp": 290, "atk": 250, "def": 189, "spa": 232, "spd": 189, "spe": 137}}, "Toucannon": {"name": "Toucannon", "species": "Toucannon", "speciesId": "toucannon", "gender": "F", "shiny": false, "level": 88, "moves": ["boomburst", "roost", "bulletseed", "beakblast"], "ability": "Skill Link", "evs": {"hp": 85, "atk": 85, "def": 85, "spa": 85, "spd": 85, "spe": 85}, "ivs": {"hp": 31, "atk": 31, "def": 31, "spa": 31, "spd": 31, "spe": 31}, "item": "Heavy-Duty Boots", "teraType": "Steel", "role": "Bulky Support", "bvs": {"hp": 80, "atk": 120, "def": 75, "spa": 75, "spd": 75, "spe": 60}, "stats": {"hp": 284, "atk": 261, "def": 182, "spa": 182, "spd": 182, "spe": 156}}, "Toxicroak": {"name": "Toxicroak", "species": "Toxicroak", "speciesId": "toxicroak", "gender": "F", "shiny": false, "level": 84, "moves": ["closecombat", "gunkshot", "knockoff", "earthquake"], "ability": "Dry Skin", "evs": {"hp": 85, "atk": 85, "def": 85, "spa": 85, "spd": 85, "spe": 85}, "ivs": {"hp": 31, "atk": 31, "def": 31, "spa": 31, "spd": 31, "spe": 31}, "item": "Choice Band", "teraType": "Dark", "role": "Fast Attacker", "bvs": {"hp": 83, "atk": 106, "def": 65, "spa": 86, "spd": 65, "spe": 85}, "stats": {"hp": 277, "atk": 226, "def": 157, "spa": 193, "spd": 157, "spe": 191}}, "Qwilfish": {"name": "Qwilfish", "species": "Qwilfish", "speciesId": "qwilfish", "gender": "F", "shiny": false, "level": 86, "moves": ["waterfall", "spikes", "taunt", "gunkshot"], "ability": "Intimidate", "evs": {"hp": 85, "atk": 85, "def": 85, "spa": 85, "spd": 85, "spe": 85}, "ivs": {"hp": 31, "atk": 31, "def": 31, "spa": 31, "spd": 31, "spe": 31}, "item": "Leftovers", "teraType": "Grass", "role": "Bulky Support", "bvs": {"hp": 65, "atk": 95, "def": 85, "spa": 55, "spd": 55, "spe": 85}, "stats": {"hp": 252, "atk": 213, "def": 195, "spa": 144, "spd": 144, "spe": 195}}, "Dewgong": {"name": "Dewgong", "species": "Dewgong", "speciesId": "dewgong", "gender": "M", "shiny": false, "level": 94, "moves": ["tripleaxel", "knockoff", "surf", "flipturn"], "ability": "Thick Fat", "evs": {"hp": 85, "atk": 85, "def": 85, "spa": 85, "spd": 85, "spe": 85}, "ivs": {"hp": 31, "atk": 31, "def": 31, "spa": 31, "spd": 31, "spe": 31}, "item": "Assault Vest", "teraType": "Dragon", "role": "Bulky Attacker", "bvs": {"hp": 90, "atk": 70, "def": 80, "spa": 70, "spd": 95, "spe": 70}, "stats": {"hp": 322, "atk": 185, "def": 204, "spa": 185, "spd": 232, "spe": 185}}}]}