{"id": "gen9randombattle-2631513992", "format": "[Gen 9] Random Battle", "players": ["renz3554", "AcquiredWolf"], "log": "|j|\u2606renz3554\n|j|\u2606AcquiredWolf\n|t:|1781394912\n|gametype|singles\n|player|p1|renz3554|169|2111\n|player|p2|AcquiredWolf|diantha|2070\n|gen|9\n|tier|[Gen 9] Random Battle\n|rated|\n|rule|Species Clause: Limit one of each Pok\u00e9mon\n|rule|HP Percentage Mod: HP is shown in percentages\n|rule|Sleep Clause Mod: Limit one foe put to sleep\n|rule|Illusion Level Mod: Illusion disguises the Pok\u00e9mon's true level\n|\n|t:|1781394912\n|teamsize|p1|6\n|teamsize|p2|6\n|start\n|switch|p1a: Piloswine|Piloswine, L85, M|309/309\n|switch|p2a: Hariyama|Hariyama, L87, F|392/392\n|turn|1\n|inactive|Battle timer is ON: inactive players will automatically lose when time's up. (requested by AcquiredWolf)\n|\n|t:|1781394922\n|switch|p1a: Vespiquen|Vespiquen, L99, F|299/299\n|-ability|p1a: Vespiquen|Pressure\n|move|p2a: Hariyama|Knock Off|p1a: Vespiquen\n|-damage|p1a: Vespiquen|236/299\n|-enditem|p1a: Vespiquen|Heavy-Duty Boots|[from] move: Knock Off|[of] p2a: Hariyama\n|\n|-status|p2a: Hariyama|brn|[from] item: Flame Orb\n|upkeep\n|turn|2\n|\n|t:|1781394937\n|switch|p2a: Bellibolt|Bellibolt, L84, M|320/320\n|move|p1a: Vespiquen|Hurricane|p2a: Bellibolt\n|-resisted|p2a: Bellibolt\n|-damage|p2a: Bellibolt|253/320\n|-start|p2a: Bellibolt|confusion\n|-start|p2a: Bellibolt|Charge|Hurricane|[from] ability: Electromorphosis\n|\n|-heal|p2a: Bellibolt|273/320|[from] item: Leftovers\n|upkeep\n|turn|3\n|\n|t:|1781394949\n|move|p1a: Vespiquen|Spikes|p2a: Bellibolt\n|-sidestart|p2: AcquiredWolf|Spikes\n|-activate|p2a: Bellibolt|confusion\n|-damage|p2a: Bellibolt|259/320|[from] confusion\n|\n|-heal|p2a: Bellibolt|279/320|[from] item: Leftovers\n|upkeep\n|turn|4\n|\n|t:|1781394956\n|move|p1a: Vespiquen|U-turn|p2a: Bellibolt\n|-damage|p2a: Bellibolt|188/320\n|-start|p2a: Bellibolt|Charge|U-turn|[from] ability: Electromorphosis\n|\n|t:|1781394960\n|switch|p1a: Garchomp|Garchomp, L74, M|282/282|[from] U-turn\n|-activate|p2a: Bellibolt|confusion\n|move|p2a: Bellibolt|Toxic|p1a: Garchomp\n|-status|p1a: Garchomp|tox\n|\n|-heal|p2a: Bellibolt|208/320|[from] item: Leftovers\n|-damage|p1a: Garchomp|265/282 tox|[from] psn\n|upkeep\n|turn|5\n|\n|t:|1781394975\n|switch|p2a: Primarina|Primarina, L83, F|268/268\n|-damage|p2a: Primarina|235/268|[from] Spikes\n|move|p1a: Garchomp|Dragon Tail|p2a: Primarina\n|-immune|p2a: Primarina\n|\n|-heal|p2a: Primarina|251/268|[from] item: Leftovers\n|-damage|p1a: Garchomp|231/282 tox|[from] psn\n|upkeep\n|turn|6\n|\n|t:|1781394986\n|switch|p1a: Sceptile|Sceptile, L87, F|264/264\n|move|p2a: Primarina|Calm Mind|p2a: Primarina\n|-boost|p2a: Primarina|spa|1\n|-boost|p2a: Primarina|spd|1\n|\n|-heal|p2a: Primarina|267/268|[from] item: Leftovers\n|upkeep\n|turn|7\n|\n|t:|1781395015\n|switch|p2a: Gothitelle|Gothitelle, L90, F|272/272\n|-damage|p2a: Gothitelle|238/272|[from] Spikes\n|move|p1a: Sceptile|Giga Drain|p2a: Gothitelle\n|-damage|p2a: Gothitelle|148/272\n|-damage|p1a: Sceptile|238/264|[from] item: Life Orb\n|\n|-heal|p2a: Gothitelle|165/272|[from] item: Leftovers\n|upkeep\n|turn|8\n|\n|t:|1781395028\n|move|p1a: Sceptile|Shed Tail|p1a: Sceptile\n|-start|p1a: Sceptile|Substitute|[from] move: Shed Tail\n|-damage|p1a: Sceptile|106/264\n|\n|t:|1781395043\n|switch|p1a: Vespiquen|Vespiquen, L99, F|236/299|[from] Shed Tail\n|-ability|p1a: Vespiquen|Pressure\n|move|p2a: Gothitelle|Psychic Noise|p1a: Vespiquen\n|-damage|p1a: Vespiquen|169/299\n|-start|p1a: Vespiquen|move: Heal Block\n|\n|-heal|p2a: Gothitelle|182/272|[from] item: Leftovers\n|upkeep\n|turn|9\n|\n|t:|1781395062\n|move|p2a: Gothitelle|Thunderbolt|p1a: Vespiquen\n|-supereffective|p1a: Vespiquen\n|-end|p1a: Vespiquen|Substitute\n|move|p1a: Vespiquen|Spikes|p2a: Gothitelle\n|-sidestart|p2: AcquiredWolf|Spikes\n|\n|-heal|p2a: Gothitelle|199/272|[from] item: Leftovers\n|-end|p1a: Vespiquen|move: Heal Block\n|upkeep\n|turn|10\n|\n|t:|1781395071\n|move|p2a: Gothitelle|Thunderbolt|p1a: Vespiquen\n|-supereffective|p1a: Vespiquen\n|-damage|p1a: Vespiquen|59/299\n|-status|p1a: Vespiquen|par\n|cant|p1a: Vespiquen|par\n|\n|-heal|p2a: Gothitelle|216/272|[from] item: Leftovers\n|upkeep\n|turn|11\n|\n|t:|1781395080\n|move|p2a: Gothitelle|Psychic Noise|p1a: Vespiquen\n|-damage|p1a: Vespiquen|0 fnt\n|faint|p1a: Vespiquen\n|\n|-heal|p2a: Gothitelle|233/272|[from] item: Leftovers\n|upkeep\n|\n|t:|1781395086\n|switch|p1a: Garchomp|Garchomp, L74, M|231/282 tox\n|turn|12\n|-message|renz3554 forfeited.\n|\n|win|AcquiredWolf\n", "inputlog": ">version a8376a258c1d4662feba110a92103f3664a72141\n>start {\"formatid\":\"gen9randombattle\",\"seed\":\"sodium,58849783df92826a4412c01e7f4f5443\",\"rated\":\"Rated battle\"}\n>player p1 {\"name\":\"renz3554\",\"avatar\":\"169\",\"rating\":2111,\"seed\":\"sodium,906ac0909f6f541b17d5f286d294096c\"}\n>player p2 {\"name\":\"AcquiredWolf\",\"avatar\":\"diantha\",\"rating\":2070,\"seed\":\"sodium,60ffc21661e079ba2812b44929efbd6d\"}\n>p1 switch 3\n>p2 move knockoff\n>p1 move hurricane\n>p2 switch 2\n>p1 move spikes\n>p2 move toxic\n>p1 move uturn\n>p2 move toxic\n>p1 switch 5\n>p1 move dragontail\n>p2 switch 3\n>p1 switch 2\n>p2 move calmmind\n>p1 move gigadrain\n>p2 switch 6\n>p1 move shedtail\n>p2 move psychicnoise\n>p1 switch 5\n>p1 move spikes\n>p2 move thunderbolt\n>p1 move uturn\n>p2 move thunderbolt\n>p1 move uturn\n>p2 move psychicnoise\n>p1 switch 2\n>forcelose p1", "uploadtime": 1781394914, "views": 7, "formatid": "gen9randombattle", "rating": null, "private": 0, "password": null, "player_dets": [{"name": "renz3554", "avatar": "169", "rating": 2111, "seed": "sodium,906ac0909f6f541b17d5f286d294096c"}, {"name": "AcquiredWolf", "avatar": "diantha", "rating": 2070, "seed": "sodium,60ffc21661e079ba2812b44929efbd6d"}], "teams_full": [{"Piloswine": {"name": "Piloswine", "species": "Piloswine", "speciesId": "piloswine", "gender": "M", "shiny": false, "level": 85, "moves": ["earthquake", "iceshard", "iciclecrash", "roar"], "ability": "Thick Fat", "evs": {"hp": 85, "atk": 85, "def": 85, "spa": 85, "spd": 85, "spe": 85}, "ivs": {"hp": 31, "atk": 31, "def": 31, "spa": 31, "spd": 31, "spe": 31}, "item": "Eviolite", "teraType": "Poison", "role": "Bulky Support", "bvs": {"hp": 100, "atk": 100, "def": 80, "spa": 60, "spd": 60, "spe": 50}, "stats": {"hp": 309, "atk": 219, "def": 185, "spa": 151, "spd": 151, "spe": 134}}, "Sceptile": {"name": "Sceptile", "species": "Sceptile", "speciesId": "sceptile", "gender": "F", "shiny": false, "level": 87, "moves": ["gigadrain", "rockslide", "shedtail", "earthquake"], "ability": "Overgrow", "evs": {"hp": 85, "atk": 85, "def": 85, "spa": 85, "spd": 85, "spe": 85}, "ivs": {"hp": 31, "atk": 31, "def": 31, "spa": 31, "spd": 31, "spe": 31}, "item": "Life Orb", "teraType": "Ground", "role": "Fast Attacker", "bvs": {"hp": 70, "atk": 85, "def": 65, "spa": 105, "spd": 85, "spe": 120}, "stats": {"hp": 264, "atk": 198, "def": 163, "spa": 232, "spd": 198, "spe": 259}}, "Vespiquen": {"name": "Vespiquen", "species": "Vespiquen", "speciesId": "vespiquen", "gender": "F", "shiny": false, "level": 99, "moves": ["hurricane", "roost", "uturn", "spikes"], "ability": "Pressure", "evs": {"hp": 85, "atk": 85, "def": 85, "spa": 85, "spd": 85, "spe": 85}, "ivs": {"hp": 31, "atk": 31, "def": 31, "spa": 31, "spd": 31, "spe": 31}, "item": "Heavy-Duty Boots", "teraType": "Steel", "role": "Bulky Support", "bvs": {"hp": 70, "atk": 80, "def": 102, "spa": 80, "spd": 102, "spe": 40}, "stats": {"hp": 299, "atk": 214, "def": 258, "spa": 214, "spd": 258, "spe": 135}}, "Kingdra": {"name": "Kingdra", "species": "Kingdra", "speciesId": "kingdra", "gender": "F", "shiny": false, "level": 84, "moves": ["hurricane", "wavecrash", "dracometeor", "raindance"], "ability": "Swift Swim", "evs": {"hp": 85, "atk": 85, "def": 85, "spa": 85, "spd": 85, "spe": 85}, "ivs": {"hp": 31, "atk": 31, "def": 31, "spa": 31, "spd": 31, "spe": 31}, "item": "Life Orb", "teraType": "Water", "role": "Fast Attacker", "bvs": {"hp": 75, "atk": 95, "def": 95, "spa": 95, "spd": 95, "spe": 85}, "stats": {"hp": 263, "atk": 208, "def": 208, "spa": 208, "spd": 208, "spe": 191}}, "Garchomp": {"name": "Garchomp", "species": "Garchomp", "speciesId": "garchomp", "gender": "M", "shiny": false, "level": 74, "moves": ["spikes", "outrage", "dragontail", "earthquake"], "ability": "Rough Skin", "evs": {"hp": 85, "atk": 85, "def": 85, "spa": 85, "spd": 85, "spe": 85}, "ivs": {"hp": 31, "atk": 31, "def": 31, "spa": 31, "spd": 31, "spe": 31}, "item": "Rocky Helmet", "teraType": "Ground", "role": "Fast Support", "bvs": {"hp": 108, "atk": 130, "def": 95, "spa": 80, "spd": 85, "spe": 102}, "stats": {"hp": 282, "atk": 235, "def": 184, "spa": 161, "spd": 169, "spe": 194}}, "Ditto": {"name": "Ditto", "species": "Ditto", "speciesId": "ditto", "gender": "N", "shiny": false, "level": 87, "moves": ["transform"], "ability": "Imposter", "evs": {"hp": 85, "atk": 85, "def": 85, "spa": 85, "spd": 85, "spe": 85}, "ivs": {"hp": 31, "atk": 31, "def": 31, "spa": 31, "spd": 31, "spe": 31}, "item": "Choice Scarf", "teraType": "Ghost", "role": "Fast Support", "bvs": {"hp": 48, "atk": 48, "def": 48, "spa": 48, "spd": 48, "spe": 48}, "stats": {"hp": 225, "atk": 133, "def": 133, "spa": 133, "spd": 133, "spe": 133}}}, {"Hariyama": {"name": "Hariyama", "species": "Hariyama", "speciesId": "hariyama", "gender": "F", "shiny": false, "level": 87, "moves": ["closecombat", "headlongrush", "knockoff", "facade"], "ability": "Guts", "evs": {"hp": 85, "atk": 85, "def": 85, "spa": 85, "spd": 85, "spe": 85}, "ivs": {"hp": 31, "atk": 31, "def": 31, "spa": 31, "spd": 31, "spe": 31}, "item": "Flame Orb", "teraType": "Normal", "role": "Wallbreaker", "bvs": {"hp": 144, "atk": 120, "def": 60, "spa": 40, "spd": 60, "spe": 50}, "stats": {"hp": 392, "atk": 259, "def": 154, "spa": 119, "spd": 154, "spe": 137}}, "Bellibolt": {"name": "Bellibolt", "species": "Bellibolt", "speciesId": "bellibolt", "gender": "M", "shiny": false, "level": 84, "moves": ["toxic", "muddywater", "thunderbolt", "slackoff"], "ability": "Electromorphosis", "evs": {"hp": 85, "atk": 0, "def": 85, "spa": 85, "spd": 85, "spe": 85}, "ivs": {"hp": 31, "atk": 0, "def": 31, "spa": 31, "spd": 31, "spe": 31}, "item": "Leftovers", "teraType": "Water", "role": "Bulky Attacker", "bvs": {"hp": 109, "atk": 64, "def": 91, "spa": 103, "spd": 83, "spe": 45}, "stats": {"hp": 320, "atk": 112, "def": 201, "spa": 221, "spd": 188, "spe": 124}}, "Primarina": {"name": "Primarina", "species": "Primarina", "speciesId": "primarina", "gender": "F", "shiny": false, "level": 83, "moves": ["moonblast", "drainingkiss", "psychicnoise", "calmmind"], "ability": "Liquid Voice", "evs": {"hp": 85, "atk": 0, "def": 85, "spa": 85, "spd": 85, "spe": 85}, "ivs": {"hp": 31, "atk": 0, "def": 31, "spa": 31, "spd": 31, "spe": 31}, "item": "Leftovers", "teraType": "Fairy", "role": "Bulky Setup", "bvs": {"hp": 80, "atk": 74, "def": 74, "spa": 126, "spd": 116, "spe": 60}, "stats": {"hp": 268, "atk": 127, "def": 171, "spa": 257, "spd": 240, "spe": 147}}, "Armarouge": {"name": "Armarouge", "species": "Armarouge", "speciesId": "armarouge", "gender": "F", "shiny": false, "level": 80, "moves": ["armorcannon", "psyshock", "energyball", "aurasphere"], "ability": "Weak Armor", "evs": {"hp": 85, "atk": 0, "def": 85, "spa": 85, "spd": 85, "spe": 85}, "ivs": {"hp": 31, "atk": 0, "def": 31, "spa": 31, "spd": 31, "spe": 31}, "item": "Choice Specs", "teraType": "Grass", "role": "Wallbreaker", "bvs": {"hp": 85, "atk": 60, "def": 100, "spa": 125, "spd": 80, "spe": 75}, "stats": {"hp": 267, "atk": 101, "def": 206, "spa": 246, "spd": 174, "spe": 166}}, "Arceus": {"name": "Arceus", "species": "Arceus", "speciesId": "arceus", "gender": "N", "shiny": false, "level": 68, "moves": ["shadowclaw", "swordsdance", "earthquake", "extremespeed"], "ability": "Multitype", "evs": {"hp": 85, "atk": 85, "def": 85, "spa": 85, "spd": 85, "spe": 85}, "ivs": {"hp": 31, "atk": 31, "def": 31, "spa": 31, "spd": 31, "spe": 31}, "item": "Life Orb", "teraType": "Ghost", "role": "Fast Bulky Setup", "bvs": {"hp": 120, "atk": 120, "def": 120, "spa": 120, "spd": 120, "spe": 120}, "stats": {"hp": 276, "atk": 203, "def": 203, "spa": 203, "spd": 203, "spe": 203}}, "Gothitelle": {"name": "Gothitelle", "species": "Gothitelle", "speciesId": "gothitelle", "gender": "F", "shiny": false, "level": 90, "moves": ["focusblast", "thunderbolt", "calmmind", "psychicnoise"], "ability": "Shadow Tag", "evs": {"hp": 85, "atk": 0, "def": 85, "spa": 85, "spd": 85, "spe": 85}, "ivs": {"hp": 31, "atk": 0, "def": 31, "spa": 31, "spd": 31, "spe": 31}, "item": "Leftovers", "teraType": "Ground", "role": "Bulky Setup", "bvs": {"hp": 70, "atk": 55, "def": 95, "spa": 95, "spd": 110, "spe": 65}, "stats": {"hp": 272, "atk": 104, "def": 222, "spa": 222, "spd": 249, "spe": 168}}}]}