{"id": "gen9randombattle-2631492812", "format": "[Gen 9] Random Battle", "players": ["flamingtiger56", "crustlemuscle"], "log": "|j|\u2606flamingtiger56\n|j|\u2606crustlemuscle\n|t:|1781391969\n|gametype|singles\n|player|p1|flamingtiger56|169|1916\n|player|p2|crustlemuscle|102|1958\n|gen|9\n|tier|[Gen 9] Random Battle\n|rated|\n|rule|Species Clause: Limit one of each Pok\u00e9mon\n|rule|HP Percentage Mod: HP is shown in percentages\n|rule|Sleep Clause Mod: Limit one foe put to sleep\n|rule|Illusion Level Mod: Illusion disguises the Pok\u00e9mon's true level\n|\n|t:|1781391969\n|teamsize|p1|6\n|teamsize|p2|6\n|start\n|switch|p1a: Cacturne|Cacturne, L92, M|278/278\n|switch|p2a: Rhydon|Rhydon, L85, F|317/317\n|turn|1\n|inactive|Battle timer is ON: inactive players will automatically lose when time's up. (requested by flamingtiger56)\n|\n|t:|1781391977\n|move|p1a: Cacturne|Spikes|p2a: Rhydon\n|-sidestart|p2: crustlemuscle|Spikes\n|move|p2a: Rhydon|Megahorn|p1a: Cacturne\n|-supereffective|p1a: Cacturne\n|-damage|p1a: Cacturne|0 fnt\n|faint|p1a: Cacturne\n|\n|upkeep\n|\n|t:|1781391994\n|switch|p1a: Groudon|Groudon, L72|263/263\n|-weather|SunnyDay|[from] ability: Drought|[of] p1a: Groudon\n|turn|2\n|\n|t:|1781392011\n|move|p1a: Groudon|Spikes|p2a: Rhydon\n|-sidestart|p2: crustlemuscle|Spikes\n|move|p2a: Rhydon|Earthquake|p1a: Groudon\n|-damage|p1a: Groudon|155/263\n|\n|-weather|SunnyDay|[upkeep]\n|-heal|p1a: Groudon|171/263|[from] item: Leftovers\n|upkeep\n|turn|3\n|\n|t:|1781392020\n|switch|p2a: Arceus|Arceus-Flying, L69|279/279\n|move|p1a: Groudon|Precipice Blades|p2a: Arceus\n|-immune|p2a: Arceus\n|\n|-weather|SunnyDay|[upkeep]\n|-heal|p1a: Groudon|187/263|[from] item: Leftovers\n|upkeep\n|turn|4\n|\n|t:|1781392029\n|move|p2a: Arceus|Judgment|p1a: Groudon\n|-damage|p1a: Groudon|69/263\n|move|p1a: Groudon|Spikes|p2a: Arceus\n|-sidestart|p2: crustlemuscle|Spikes\n|\n|-weather|SunnyDay|[upkeep]\n|-heal|p1a: Groudon|85/263|[from] item: Leftovers\n|upkeep\n|turn|5\n|\n|t:|1781392036\n|switch|p1a: Diancie|Diancie, L82|216/216\n|move|p2a: Arceus|Judgment|p1a: Diancie\n|-resisted|p1a: Diancie\n|-damage|p1a: Diancie|195/216\n|\n|-weather|SunnyDay|[upkeep]\n|upkeep\n|turn|6\n|\n|t:|1781392045\n|switch|p2a: Palossand|Palossand, L89, F|296/296\n|-damage|p2a: Palossand|222/296|[from] Spikes\n|move|p1a: Diancie|Diamond Storm|p2a: Palossand\n|-resisted|p2a: Palossand\n|-damage|p2a: Palossand|181/296\n|\n|-weather|none\n|-heal|p2a: Palossand|199/296|[from] item: Leftovers\n|upkeep\n|turn|7\n|\n|t:|1781392056\n|switch|p1a: Persian|Persian-Alola, L86, F|252/252\n|move|p2a: Palossand|Stealth Rock|p1a: Persian\n|-sidestart|p1: flamingtiger56|move: Stealth Rock\n|\n|-heal|p2a: Palossand|217/296|[from] item: Leftovers\n|upkeep\n|turn|8\n|\n|t:|1781392076\n|switch|p2a: Revavroom|Revavroom, L79, F|256/256\n|-damage|p2a: Revavroom|192/256|[from] Spikes\n|move|p1a: Persian|Nasty Plot|p1a: Persian\n|-boost|p1a: Persian|spa|2\n|\n|upkeep\n|turn|9\n|\n|t:|1781392091\n|move|p1a: Persian|Dark Pulse|p2a: Revavroom\n|-damage|p2a: Revavroom|0 fnt\n|faint|p2a: Revavroom\n|-damage|p1a: Persian|227/252|[from] item: Life Orb\n|\n|upkeep\n|\n|t:|1781392099\n|switch|p2a: Abomasnow|Abomasnow, L84, M|287/287\n|-damage|p2a: Abomasnow|216/287|[from] Spikes\n|-weather|Snowscape|[from] ability: Snow Warning|[of] p2a: Abomasnow\n|turn|10\n|\n|t:|1781392106\n|-terastallize|p1a: Persian|Poison\n|move|p1a: Persian|Tera Blast|p2a: Abomasnow|[anim] Tera Blast Poison\n|-supereffective|p2a: Abomasnow\n|-damage|p2a: Abomasnow|0 fnt\n|faint|p2a: Abomasnow\n|-damage|p1a: Persian|202/252|[from] item: Life Orb\n|\n|-weather|Snowscape|[upkeep]\n|upkeep\n|\n|t:|1781392113\n|switch|p2a: Rhydon|Rhydon, L85, F|317/317\n|-damage|p2a: Rhydon|238/317|[from] Spikes\n|turn|11\n|\n|t:|1781392120\n|move|p1a: Persian|Dark Pulse|p2a: Rhydon\n|-damage|p2a: Rhydon|22/317\n|-damage|p1a: Persian|177/252|[from] item: Life Orb\n|move|p2a: Rhydon|Earthquake|p1a: Persian\n|-supereffective|p1a: Persian\n|-damage|p1a: Persian|0 fnt\n|faint|p1a: Persian\n|\n|-weather|Snowscape|[upkeep]\n|upkeep\n|\n|t:|1781392128\n|switch|p1a: Diancie|Diancie, L82|195/216\n|-damage|p1a: Diancie|168/216|[from] Stealth Rock\n|turn|12\n|\n|t:|1781392132\n|move|p1a: Diancie|Moonblast|p2a: Rhydon\n|-damage|p2a: Rhydon|0 fnt\n|faint|p2a: Rhydon\n|\n|-weather|Snowscape|[upkeep]\n|upkeep\n|\n|t:|1781392141\n|switch|p2a: Palossand|Palossand, L89, F|217/296\n|-damage|p2a: Palossand|143/296|[from] Spikes\n|turn|13\n|\n|t:|1781392148\n|move|p1a: Diancie|Moonblast|p2a: Palossand\n|-damage|p2a: Palossand|35/296\n|move|p2a: Palossand|Shore Up|p2a: Palossand\n|-heal|p2a: Palossand|183/296\n|\n|-weather|Snowscape|[upkeep]\n|-heal|p2a: Palossand|201/296|[from] item: Leftovers\n|upkeep\n|turn|14\n|\n|t:|1781392155\n|switch|p1a: Tropius|Tropius, L91, M|328/328\n|-damage|p1a: Tropius|246/328|[from] Stealth Rock\n|move|p2a: Palossand|Earth Power|p1a: Tropius\n|-immune|p1a: Tropius\n|\n|-weather|none\n|-heal|p2a: Palossand|219/296|[from] item: Leftovers\n|upkeep\n|turn|15\n|\n|t:|1781392164\n|switch|p2a: Volbeat|Volbeat, L90, M|263/263\n|move|p1a: Tropius|Leech Seed|p2a: Volbeat\n|-start|p2a: Volbeat|move: Leech Seed\n|\n|-damage|p2a: Volbeat|231/263|[from] Leech Seed|[of] p1a: Tropius\n|-heal|p1a: Tropius|278/328|[silent]\n|upkeep\n|turn|16\n|\n|t:|1781392172\n|switch|p1a: Groudon|Groudon, L72|85/263\n|-damage|p1a: Groudon|69/263|[from] Stealth Rock\n|-weather|SunnyDay|[from] ability: Drought|[of] p1a: Groudon\n|move|p2a: Volbeat|Encore||[still]\n|-fail|p2a: Volbeat\n|\n|-weather|SunnyDay|[upkeep]\n|-heal|p1a: Groudon|85/263|[from] item: Leftovers\n|-damage|p2a: Volbeat|199/263|[from] Leech Seed|[of] p1a: Groudon\n|-heal|p1a: Groudon|117/263|[silent]\n|upkeep\n|turn|17\n|\n|t:|1781392184\n|move|p2a: Volbeat|U-turn|p1a: Groudon\n|-damage|p1a: Groudon|62/263\n|\n|t:|1781392190\n|switch|p2a: Palossand|Palossand, L89, F|219/296|[from] U-turn\n|-damage|p2a: Palossand|145/296|[from] Spikes\n|move|p1a: Groudon|Heat Crash|p2a: Palossand\n|-damage|p2a: Palossand|72/296\n|\n|-weather|SunnyDay|[upkeep]\n|-heal|p1a: Groudon|78/263|[from] item: Leftovers\n|-heal|p2a: Palossand|90/296|[from] item: Leftovers\n|upkeep\n|turn|18\n|\n|t:|1781392200\n|move|p1a: Groudon|Heat Crash|p2a: Palossand\n|-damage|p2a: Palossand|15/296\n|move|p2a: Palossand|Shore Up|p2a: Palossand\n|-heal|p2a: Palossand|163/296\n|\n|-weather|SunnyDay|[upkeep]\n|-heal|p1a: Groudon|94/263|[from] item: Leftovers\n|-heal|p2a: Palossand|181/296|[from] item: Leftovers\n|upkeep\n|turn|19\n|\n|t:|1781392207\n|switch|p1a: Tropius|Tropius, L91, M|278/328\n|-damage|p1a: Tropius|196/328|[from] Stealth Rock\n|move|p2a: Palossand|Shadow Ball|p1a: Tropius\n|-damage|p1a: Tropius|111/328\n|-enditem|p1a: Tropius|Sitrus Berry|[eat]\n|-heal|p1a: Tropius|193/328|[from] item: Sitrus Berry\n|\n|-weather|SunnyDay|[upkeep]\n|-heal|p2a: Palossand|199/296|[from] item: Leftovers\n|-item|p1a: Tropius|Sitrus Berry|[from] ability: Harvest\n|upkeep\n|turn|20\n|\n|t:|1781392223\n|move|p1a: Tropius|Leech Seed|p2a: Palossand\n|-start|p2a: Palossand|move: Leech Seed\n|move|p2a: Palossand|Shadow Ball|p1a: Tropius\n|-damage|p1a: Tropius|106/328\n|-unboost|p1a: Tropius|spd|1\n|-enditem|p1a: Tropius|Sitrus Berry|[eat]\n|-heal|p1a: Tropius|188/328|[from] item: Sitrus Berry\n|\n|-weather|none\n|-heal|p2a: Palossand|217/296|[from] item: Leftovers\n|-damage|p2a: Palossand|180/296|[from] Leech Seed|[of] p1a: Tropius\n|-heal|p1a: Tropius|225/328|[silent]\n|upkeep\n|turn|21\n|\n|t:|1781392243\n|switch|p2a: Arceus|Arceus-Flying, L69|279/279\n|move|p1a: Tropius|Air Slash|p2a: Arceus\n|-damage|p2a: Arceus|207/279\n|\n|upkeep\n|turn|22\n|\n|t:|1781392250\n|switch|p1a: Diancie|Diancie, L82|168/216\n|-damage|p1a: Diancie|141/216|[from] Stealth Rock\n|move|p2a: Arceus|Calm Mind|p2a: Arceus\n|-boost|p2a: Arceus|spa|1\n|-boost|p2a: Arceus|spd|1\n|\n|upkeep\n|turn|23\n|\n|t:|1781392260\n|move|p2a: Arceus|Earth Power|p1a: Diancie\n|-supereffective|p1a: Diancie\n|-damage|p1a: Diancie|71/216\n|move|p1a: Diancie|Diamond Storm|p2a: Arceus\n|-supereffective|p2a: Arceus\n|-damage|p2a: Arceus|7/279\n|-boost|p1a: Diancie|def|2\n|\n|upkeep\n|turn|24\n|\n|t:|1781392269\n|move|p2a: Arceus|Earth Power|p1a: Diancie\n|-supereffective|p1a: Diancie\n|-damage|p1a: Diancie|0 fnt\n|faint|p1a: Diancie\n|\n|upkeep\n|\n|t:|1781392275\n|switch|p1a: Houndstone|Houndstone, L86, F|264/264\n|-damage|p1a: Houndstone|231/264|[from] Stealth Rock\n|turn|25\n|\n|t:|1781392283\n|move|p2a: Arceus|Recover|p2a: Arceus\n|-heal|p2a: Arceus|147/279\n|move|p1a: Houndstone|Poltergeist|p2a: Arceus\n|-activate|p2a: Arceus|move: Poltergeist|Sky Plate\n|-damage|p2a: Arceus|38/279\n|\n|-heal|p1a: Houndstone|247/264|[from] item: Leftovers\n|upkeep\n|turn|26\n|\n|t:|1781392291\n|move|p2a: Arceus|Recover|p2a: Arceus\n|-heal|p2a: Arceus|178/279\n|move|p1a: Houndstone|Poltergeist|p2a: Arceus\n|-activate|p2a: Arceus|move: Poltergeist|Sky Plate\n|-damage|p2a: Arceus|55/279\n|\n|-heal|p1a: Houndstone|263/264|[from] item: Leftovers\n|upkeep\n|turn|27\n|\n|t:|1781392299\n|move|p2a: Arceus|Recover|p2a: Arceus\n|-heal|p2a: Arceus|195/279\n|move|p1a: Houndstone|Poltergeist|p2a: Arceus|[miss]\n|-miss|p1a: Houndstone|p2a: Arceus\n|\n|-heal|p1a: Houndstone|264/264|[from] item: Leftovers\n|upkeep\n|turn|28\n|\n|t:|1781392306\n|move|p2a: Arceus|Judgment|p1a: Houndstone\n|-damage|p1a: Houndstone|125/264\n|move|p1a: Houndstone|Poltergeist|p2a: Arceus\n|-activate|p2a: Arceus|move: Poltergeist|Sky Plate\n|-damage|p2a: Arceus|75/279\n|\n|-heal|p1a: Houndstone|141/264|[from] item: Leftovers\n|upkeep\n|turn|29\n|\n|t:|1781392315\n|move|p2a: Arceus|Recover|p2a: Arceus\n|-heal|p2a: Arceus|215/279\n|move|p1a: Houndstone|Poltergeist|p2a: Arceus\n|-activate|p2a: Arceus|move: Poltergeist|Sky Plate\n|-damage|p2a: Arceus|88/279\n|\n|-heal|p1a: Houndstone|157/264|[from] item: Leftovers\n|upkeep\n|turn|30\n|\n|t:|1781392324\n|move|p2a: Arceus|Recover|p2a: Arceus\n|-heal|p2a: Arceus|228/279\n|move|p1a: Houndstone|Poltergeist|p2a: Arceus\n|-activate|p2a: Arceus|move: Poltergeist|Sky Plate\n|-crit|p2a: Arceus\n|-damage|p2a: Arceus|38/279\n|\n|-heal|p1a: Houndstone|173/264|[from] item: Leftovers\n|upkeep\n|turn|31\n|\n|t:|1781392334\n|move|p2a: Arceus|Recover|p2a: Arceus\n|-heal|p2a: Arceus|178/279\n|move|p1a: Houndstone|Poltergeist|p2a: Arceus\n|-activate|p2a: Arceus|move: Poltergeist|Sky Plate\n|-damage|p2a: Arceus|55/279\n|\n|-heal|p1a: Houndstone|189/264|[from] item: Leftovers\n|upkeep\n|turn|32\n|\n|t:|1781392346\n|move|p2a: Arceus|Recover|p2a: Arceus\n|-heal|p2a: Arceus|195/279\n|move|p1a: Houndstone|Poltergeist|p2a: Arceus\n|-activate|p2a: Arceus|move: Poltergeist|Sky Plate\n|-damage|p2a: Arceus|65/279\n|\n|-heal|p1a: Houndstone|205/264|[from] item: Leftovers\n|upkeep\n|turn|33\n|\n|t:|1781392354\n|move|p2a: Arceus|Judgment|p1a: Houndstone\n|-damage|p1a: Houndstone|67/264\n|move|p1a: Houndstone|Body Press|p2a: Arceus\n|-resisted|p2a: Arceus\n|-damage|p2a: Arceus|38/279\n|\n|-heal|p1a: Houndstone|83/264|[from] item: Leftovers\n|upkeep\n|turn|34\n|\n|t:|1781392361\n|move|p2a: Arceus|Judgment|p1a: Houndstone\n|-damage|p1a: Houndstone|0 fnt\n|faint|p1a: Houndstone\n|\n|upkeep\n|\n|t:|1781392364\n|switch|p1a: Groudon|Groudon, L72|94/263\n|-damage|p1a: Groudon|78/263|[from] Stealth Rock\n|-weather|SunnyDay|[from] ability: Drought|[of] p1a: Groudon\n|turn|35\n|\n|t:|1781392372\n|move|p2a: Arceus|Judgment|p1a: Groudon\n|-damage|p1a: Groudon|0 fnt\n|faint|p1a: Groudon\n|\n|-weather|SunnyDay|[upkeep]\n|upkeep\n|\n|t:|1781392376\n|switch|p1a: Tropius|Tropius, L91, M|225/328\n|-damage|p1a: Tropius|143/328|[from] Stealth Rock\n|turn|36\n|\n|t:|1781392382\n|move|p2a: Arceus|Recover|p2a: Arceus\n|-heal|p2a: Arceus|178/279\n|move|p1a: Tropius|Leech Seed|p2a: Arceus\n|-start|p2a: Arceus|move: Leech Seed\n|\n|-weather|SunnyDay|[upkeep]\n|-damage|p2a: Arceus|144/279|[from] Leech Seed|[of] p1a: Tropius\n|-heal|p1a: Tropius|177/328|[silent]\n|-item|p1a: Tropius|Sitrus Berry|[from] ability: Harvest\n|upkeep\n|turn|37\n|\n|t:|1781392390\n|move|p2a: Arceus|Judgment|p1a: Tropius\n|-supereffective|p1a: Tropius\n|-damage|p1a: Tropius|0 fnt\n|faint|p1a: Tropius\n|\n|win|crustlemuscle\n", "inputlog": ">version a8376a258c1d4662feba110a92103f3664a72141\n>start {\"formatid\":\"gen9randombattle\",\"seed\":\"sodium,01d28659478485878f1359fbd10977da\",\"rated\":\"Rated battle\"}\n>player p1 {\"name\":\"flamingtiger56\",\"avatar\":\"169\",\"rating\":1916,\"seed\":\"sodium,2b8ea2b3bd1d09b3e386357671bec6fc\"}\n>player p2 {\"name\":\"crustlemuscle\",\"avatar\":\"102\",\"rating\":1958,\"seed\":\"sodium,0b95df2caff0619a6b011960b841b1cc\"}\n>p1 move spikes\n>p2 move megahorn\n>p1 switch 5\n>p1 move spikes\n>p2 move earthquake\n>p1 move precipiceblades\n>p2 switch 3\n>p1 move spikes\n>p2 move judgment\n>p1 switch 6\n>p2 move judgment\n>p1 move diamondstorm\n>p2 switch 4\n>p1 switch 2\n>p2 move stealthrock\n>p1 move nastyplot\n>p2 switch 2\n>p1 move darkpulse\n>p2 move shiftgear\n>p2 switch 6\n>p1 move terablast terastallize\n>p2 move auroraveil\n>p2 switch 3\n>p1 move darkpulse\n>p2 move earthquake\n>p1 switch 2\n>p1 move moonblast\n>p2 move earthquake\n>p2 switch 2\n>p1 move moonblast\n>p2 move shoreup\n>p1 switch 4\n>p2 move earthpower\n>p1 move leechseed\n>p2 switch 5\n>p1 switch 6\n>p2 move encore\n>p1 move heatcrash\n>p2 move uturn\n>p2 switch 5\n>p1 move heatcrash\n>p2 move shoreup\n>p1 switch 6\n>p2 move shadowball\n>p1 move leechseed\n>p2 move shadowball\n>p1 move airslash\n>p2 switch 4\n>p1 switch 4\n>p2 move calmmind\n>p1 move diamondstorm\n>p2 move earthpower\n>p1 move bodypress\n>p2 move earthpower\n>p1 switch 3\n>p1 move poltergeist\n>p2 move recover\n>p1 move poltergeist\n>p2 move recover\n>p1 move poltergeist\n>p2 move recover\n>p1 move poltergeist\n>p2 move judgment\n>p1 move poltergeist\n>p2 move recover\n>p1 move poltergeist\n>p2 move recover\n>p1 move poltergeist\n>p2 move recover\n>p1 move poltergeist\n>p2 move recover\n>p1 move bodypress\n>p2 move judgment\n>p1 move bodypress\n>p2 move judgment\n>p1 switch 6\n>p1 move heatcrash\n>p2 move judgment\n>p1 switch 4\n>p1 move leechseed\n>p2 move recover\n>p1 move airslash\n>p2 move judgment", "uploadtime": 1781391971, "views": 4, "formatid": "gen9randombattle", "rating": null, "private": 0, "password": null, "player_dets": [{"name": "flamingtiger56", "avatar": "169", "rating": 1916, "seed": "sodium,2b8ea2b3bd1d09b3e386357671bec6fc"}, {"name": "crustlemuscle", "avatar": "102", "rating": 1958, "seed": "sodium,0b95df2caff0619a6b011960b841b1cc"}], "teams_full": [{"Cacturne": {"name": "Cacturne", "species": "Cacturne", "speciesId": "cacturne", "gender": "M", "shiny": false, "level": 92, "moves": ["leafstorm", "suckerpunch", "spikes", "knockoff"], "ability": "Water Absorb", "evs": {"hp": 85, "atk": 85, "def": 85, "spa": 85, "spd": 85, "spe": 85}, "ivs": {"hp": 31, "atk": 31, "def": 31, "spa": 31, "spd": 31, "spe": 31}, "item": "Life Orb", "teraType": "Grass", "role": "Wallbreaker", "bvs": {"hp": 70, "atk": 115, "def": 60, "spa": 115, "spd": 60, "spe": 55}, "stats": {"hp": 278, "atk": 264, "def": 163, "spa": 264, "spd": 163, "spe": 154}}, "Persian": {"name": "Persian", "species": "Persian-Alola", "speciesId": "persianalola", "gender": "F", "shiny": false, "level": 86, "moves": ["thunderbolt", "nastyplot", "darkpulse", "terablast"], "ability": "Fur Coat", "evs": {"hp": 85, "atk": 0, "def": 85, "spa": 85, "spd": 85, "spe": 85}, "ivs": {"hp": 31, "atk": 0, "def": 31, "spa": 31, "spd": 31, "spe": 31}, "item": "Life Orb", "teraType": "Poison", "role": "Tera Blast user", "bvs": {"hp": 65, "atk": 60, "def": 60, "spa": 75, "spd": 65, "spe": 115}, "stats": {"hp": 252, "atk": 108, "def": 152, "spa": 178, "spd": 161, "spe": 247}}, "Houndstone": {"name": "Houndstone", "species": "Houndstone", "speciesId": "houndstone", "gender": "F", "shiny": false, "level": 86, "moves": ["bodypress", "poltergeist", "sleeptalk", "rest"], "ability": "Fluffy", "evs": {"hp": 85, "atk": 85, "def": 85, "spa": 85, "spd": 85, "spe": 85}, "ivs": {"hp": 31, "atk": 31, "def": 31, "spa": 31, "spd": 31, "spe": 31}, "item": "Leftovers", "teraType": "Fighting", "role": "Bulky Support", "bvs": {"hp": 72, "atk": 101, "def": 100, "spa": 50, "spd": 97, "spe": 68}, "stats": {"hp": 264, "atk": 223, "def": 221, "spa": 135, "spd": 216, "spe": 166}}, "Tropius": {"name": "Tropius", "species": "Tropius", "speciesId": "tropius", "gender": "M", "shiny": false, "level": 91, "moves": ["substitute", "airslash", "protect", "leechseed"], "ability": "Harvest", "evs": {"hp": 85, "atk": 0, "def": 85, "spa": 85, "spd": 85, "spe": 85}, "ivs": {"hp": 31, "atk": 0, "def": 31, "spa": 31, "spd": 31, "spe": 31}, "item": "Sitrus Berry", "teraType": "Steel", "role": "Bulky Support", "bvs": {"hp": 99, "atk": 68, "def": 83, "spa": 72, "spd": 87, "spe": 51}, "stats": {"hp": 328, "atk": 128, "def": 203, "spa": 183, "spd": 210, "spe": 145}}, "Groudon": {"name": "Groudon", "species": "Groudon", "speciesId": "groudon", "gender": "N", "shiny": false, "level": 72, "moves": ["roar", "heatcrash", "precipiceblades", "spikes"], "ability": "Drought", "evs": {"hp": 85, "atk": 85, "def": 85, "spa": 85, "spd": 85, "spe": 85}, "ivs": {"hp": 31, "atk": 31, "def": 31, "spa": 31, "spd": 31, "spe": 31}, "item": "Leftovers", "teraType": "Fire", "role": "Bulky Attacker", "bvs": {"hp": 100, "atk": 150, "def": 140, "spa": 100, "spd": 90, "spe": 90}, "stats": {"hp": 263, "atk": 258, "def": 244, "spa": 186, "spd": 172, "spe": 172}}, "Diancie": {"name": "Diancie", "species": "Diancie", "speciesId": "diancie", "gender": "N", "shiny": false, "level": 82, "moves": ["moonblast", "diamondstorm", "bodypress", "earthpower"], "ability": "Clear Body", "evs": {"hp": 85, "atk": 85, "def": 85, "spa": 85, "spd": 85, "spe": 85}, "ivs": {"hp": 31, "atk": 31, "def": 31, "spa": 31, "spd": 31, "spe": 31}, "item": "Assault Vest", "teraType": "Fighting", "role": "Bulky Attacker", "bvs": {"hp": 50, "atk": 100, "def": 150, "spa": 100, "spd": 150, "spe": 50}, "stats": {"hp": 216, "atk": 211, "def": 293, "spa": 211, "spd": 293, "spe": 129}}}, {"Rhydon": {"name": "Rhydon", "species": "Rhydon", "speciesId": "rhydon", "gender": "F", "shiny": false, "level": 85, "moves": ["earthquake", "stoneedge", "megahorn", "swordsdance"], "ability": "Lightning Rod", "evs": {"hp": 85, "atk": 85, "def": 85, "spa": 85, "spd": 85, "spe": 85}, "ivs": {"hp": 31, "atk": 31, "def": 31, "spa": 31, "spd": 31, "spe": 31}, "item": "Eviolite", "teraType": "Flying", "role": "Bulky Attacker", "bvs": {"hp": 105, "atk": 130, "def": 120, "spa": 45, "spd": 45, "spe": 40}, "stats": {"hp": 317, "atk": 270, "def": 253, "spa": 125, "spd": 125, "spe": 117}}, "Revavroom": {"name": "Revavroom", "species": "Revavroom", "speciesId": "revavroom", "gender": "F", "shiny": false, "level": 79, "moves": ["ironhead", "highhorsepower", "gunkshot", "shiftgear"], "ability": "Filter", "evs": {"hp": 85, "atk": 85, "def": 85, "spa": 85, "spd": 85, "spe": 85}, "ivs": {"hp": 31, "atk": 31, "def": 31, "spa": 31, "spd": 31, "spe": 31}, "item": "Life Orb", "teraType": "Ground", "role": "Fast Attacker", "bvs": {"hp": 80, "atk": 119, "def": 90, "spa": 54, "spd": 67, "spe": 90}, "stats": {"hp": 256, "atk": 234, "def": 188, "spa": 131, "spd": 151, "spe": 188}}, "Arceus": {"name": "Arceus", "species": "Arceus-Flying", "speciesId": "arceusflying", "gender": "N", "shiny": false, "level": 69, "moves": ["recover", "calmmind", "judgment", "earthpower"], "ability": "Multitype", "evs": {"hp": 81, "atk": 0, "def": 85, "spa": 85, "spd": 85, "spe": 85}, "ivs": {"hp": 31, "atk": 0, "def": 31, "spa": 31, "spd": 31, "spe": 31}, "item": "Sky Plate", "teraType": "Steel", "role": "Bulky Setup", "bvs": {"hp": 120, "atk": 120, "def": 120, "spa": 120, "spd": 120, "spe": 120}, "stats": {"hp": 279, "atk": 170, "def": 206, "spa": 206, "spd": 206, "spe": 206}}, "Palossand": {"name": "Palossand", "species": "Palossand", "speciesId": "palossand", "gender": "F", "shiny": false, "level": 89, "moves": ["stealthrock", "earthpower", "shoreup", "shadowball"], "ability": "Water Compaction", "evs": {"hp": 85, "atk": 0, "def": 85, "spa": 85, "spd": 85, "spe": 85}, "ivs": {"hp": 31, "atk": 0, "def": 31, "spa": 31, "spd": 31, "spe": 31}, "item": "Leftovers", "teraType": "Poison", "role": "Bulky Support", "bvs": {"hp": 85, "atk": 75, "def": 110, "spa": 100, "spd": 75, "spe": 35}, "stats": {"hp": 296, "atk": 138, "def": 247, "spa": 229, "spd": 184, "spe": 113}}, "Volbeat": {"name": "Volbeat", "species": "Volbeat", "speciesId": "volbeat", "gender": "M", "shiny": false, "level": 90, "moves": ["roost", "uturn", "encore", "thunderwave"], "ability": "Prankster", "evs": {"hp": 85, "atk": 85, "def": 85, "spa": 85, "spd": 85, "spe": 85}, "ivs": {"hp": 31, "atk": 31, "def": 31, "spa": 31, "spd": 31, "spe": 31}, "item": "Heavy-Duty Boots", "teraType": "Water", "role": "Bulky Support", "bvs": {"hp": 65, "atk": 73, "def": 75, "spa": 47, "spd": 85, "spe": 85}, "stats": {"hp": 263, "atk": 183, "def": 186, "spa": 136, "spd": 204, "spe": 204}}, "Abomasnow": {"name": "Abomasnow", "species": "Abomasnow", "speciesId": "abomasnow", "gender": "M", "shiny": false, "level": 84, "moves": ["iceshard", "auroraveil", "woodhammer", "blizzard"], "ability": "Snow Warning", "evs": {"hp": 77, "atk": 85, "def": 85, "spa": 85, "spd": 85, "spe": 85}, "ivs": {"hp": 31, "atk": 31, "def": 31, "spa": 31, "spd": 31, "spe": 31}, "item": "Light Clay", "teraType": "Water", "role": "Bulky Support", "bvs": {"hp": 90, "atk": 92, "def": 75, "spa": 92, "spd": 85, "spe": 60}, "stats": {"hp": 287, "atk": 203, "def": 174, "spa": 203, "spd": 191, "spe": 149}}}]}