{"id": "gen9randombattle-2631848508", "format": "[Gen 9] Random Battle", "players": ["Vulva zol", "kheladi7"], "log": "|j|\u2606Vulva zol\n|j|\u2606kheladi7\n|t:|1781447786\n|gametype|singles\n|player|p1|Vulva zol|1|2054\n|player|p2|kheladi7|102|1988\n|gen|9\n|tier|[Gen 9] Random Battle\n|rated|\n|rule|Species Clause: Limit one of each Pok\u00e9mon\n|rule|HP Percentage Mod: HP is shown in percentages\n|rule|Sleep Clause Mod: Limit one foe put to sleep\n|rule|Illusion Level Mod: Illusion disguises the Pok\u00e9mon's true level\n|\n|t:|1781447786\n|teamsize|p1|6\n|teamsize|p2|6\n|start\n|switch|p1a: Koraidon|Koraidon, L64|235/235\n|switch|p2a: Cryogonal|Cryogonal, L89|287/287\n|-weather|SunnyDay|[from] ability: Orichalcum Pulse|[of] p1a: Koraidon\n|-activate|p1a: Koraidon|Orichalcum Pulse|[source]\n|turn|1\n|inactive|Battle timer is ON: inactive players will automatically lose when time's up. (requested by Vulva zol)\n|\n|t:|1781447805\n|-terastallize|p1a: Koraidon|Fire\n|move|p2a: Cryogonal|Ice Beam|p1a: Koraidon\n|-resisted|p1a: Koraidon\n|-damage|p1a: Koraidon|175/235\n|move|p1a: Koraidon|Swords Dance|p1a: Koraidon\n|-boost|p1a: Koraidon|atk|2\n|\n|-weather|SunnyDay|[upkeep]\n|upkeep\n|turn|2\n|\n|t:|1781447819\n|move|p2a: Cryogonal|Ice Beam|p1a: Koraidon\n|-resisted|p1a: Koraidon\n|-damage|p1a: Koraidon|118/235\n|move|p1a: Koraidon|Scale Shot|p2a: Cryogonal\n|-damage|p2a: Cryogonal|209/287\n|-damage|p2a: Cryogonal|127/287\n|-damage|p2a: Cryogonal|48/287\n|-damage|p2a: Cryogonal|0 fnt\n|faint|p2a: Cryogonal\n|-hitcount|p2: Cryogonal|4\n|-unboost|p1a: Koraidon|def|1\n|-boost|p1a: Koraidon|spe|1\n|\n|-weather|SunnyDay|[upkeep]\n|upkeep\n|inactive|kheladi7 has 120 seconds left.\n|\n|t:|1781447846\n|switch|p2a: Yanmega|Yanmega, L82, M|275/275\n|turn|3\n|\n|t:|1781447852\n|move|p1a: Koraidon|Flare Blitz|p2a: Yanmega\n|-supereffective|p2a: Yanmega\n|-damage|p2a: Yanmega|0 fnt\n|faint|p2a: Yanmega\n|-damage|p1a: Koraidon|27/235|[from] Recoil\n|\n|-weather|SunnyDay|[upkeep]\n|upkeep\n|\n|t:|1781447860\n|switch|p2a: Sceptile|Sceptile, L87, M|264/264\n|turn|4\n|\n|t:|1781447869\n|move|p1a: Koraidon|Collision Course|p2a: Sceptile\n|-damage|p2a: Sceptile|23/264\n|move|p2a: Sceptile|Earthquake|p1a: Koraidon\n|-supereffective|p1a: Koraidon\n|-damage|p1a: Koraidon|0 fnt\n|faint|p1a: Koraidon\n|-damage|p2a: Sceptile|0 fnt|[from] item: Life Orb\n|faint|p2a: Sceptile\n|\n|-weather|SunnyDay|[upkeep]\n|upkeep\n|inactive|kheladi7 has 120 seconds left.\n|\n|t:|1781447912\n|switch|p2a: Toxtricity|Toxtricity, L82, M|257/257\n|switch|p1a: Sneasler|Sneasler, L74, M|240/240\n|turn|5\n|\n|t:|1781447926\n|move|p2a: Toxtricity|Overdrive|p1a: Sneasler\n|-damage|p1a: Sneasler|96/240\n|move|p1a: Sneasler|U-turn|p2a: Toxtricity\n|-resisted|p2a: Toxtricity\n|-damage|p2a: Toxtricity|209/257\n|inactive|Vulva zol has 120 seconds left.\n|\n|t:|1781447941\n|switch|p1a: Golem|Golem-Alola, L93, F|300/300|[from] U-turn\n|\n|-weather|none\n|upkeep\n|turn|6\n|inactive|Vulva zol has 120 seconds left.\n|\n|t:|1781447954\n|switch|p2a: Cinccino|Cinccino, L83, M|260/260\n|move|p1a: Golem|Rock Polish|p1a: Golem\n|-boost|p1a: Golem|spe|2\n|\n|upkeep\n|turn|7\n|inactive|Vulva zol has 120 seconds left.\n|\n|t:|1781447965\n|move|p1a: Golem|Double-Edge|p2a: Cinccino\n|-damage|p2a: Cinccino|0 fnt\n|faint|p2a: Cinccino\n|-damage|p1a: Golem|214/300|[from] Recoil\n|-damage|p1a: Golem|184/300|[from] item: Life Orb\n|\n|upkeep\n|\n|t:|1781447971\n|switch|p2a: Toxtricity|Toxtricity, L82, M|209/257\n|turn|8\n|\n|t:|1781447977\n|move|p1a: Golem|Rock Polish|p1a: Golem\n|-boost|p1a: Golem|spe|2\n|move|p2a: Toxtricity|Boomburst|p1a: Golem\n|-resisted|p1a: Golem\n|-damage|p1a: Golem|102/300\n|\n|upkeep\n|turn|9\n|\n|t:|1781447986\n|move|p1a: Golem|Earthquake|p2a: Toxtricity\n|-supereffective|p2a: Toxtricity\n|-damage|p2a: Toxtricity|0 fnt\n|faint|p2a: Toxtricity\n|-damage|p1a: Golem|72/300|[from] item: Life Orb\n|\n|upkeep\n|-message|kheladi7 forfeited.\n|\n|win|Vulva zol\n", "inputlog": ">version a8376a258c1d4662feba110a92103f3664a72141\n>start {\"formatid\":\"gen9randombattle\",\"seed\":\"sodium,0063f4a2a6f94b0f0e338d217e88c7a9\",\"rated\":\"Rated battle\"}\n>player p1 {\"name\":\"Vulva zol\",\"avatar\":\"1\",\"rating\":2054,\"seed\":\"sodium,292c383ae61936d532e3e43ad2fb3c35\"}\n>player p2 {\"name\":\"kheladi7\",\"avatar\":\"102\",\"rating\":1988,\"seed\":\"sodium,f1dd65e2ac8767fca6a96363c966311f\"}\n>p1 move swordsdance terastallize\n>p2 move icebeam\n>p1 move scaleshot\n>p2 move icebeam\n>p2 switch 2\n>p1 move flareblitz\n>p2 move bugbuzz\n>p2 switch 3\n>p1 move collisioncourse\n>p2 move earthquake\n>p1 switch 5\n>p2 switch 5\n>p1 move uturn\n>p2 move overdrive\n>p1 switch 6\n>p1 move rockpolish\n>p2 switch 4\n>p1 move doubleedge\n>p2 move bulletseed\n>p2 switch 4\n>p1 move rockpolish\n>p2 move boomburst\n>p1 move earthquake\n>p2 move boomburst\n>forcelose p2", "uploadtime": 1781447787, "views": 7, "formatid": "gen9randombattle", "rating": null, "private": 0, "password": null, "player_dets": [{"name": "Vulva zol", "avatar": "1", "rating": 2054, "seed": "sodium,292c383ae61936d532e3e43ad2fb3c35"}, {"name": "kheladi7", "avatar": "102", "rating": 1988, "seed": "sodium,f1dd65e2ac8767fca6a96363c966311f"}], "teams_full": [{"Koraidon": {"name": "Koraidon", "species": "Koraidon", "speciesId": "koraidon", "gender": "N", "shiny": false, "level": 64, "moves": ["collisioncourse", "swordsdance", "scaleshot", "flareblitz"], "ability": "Orichalcum Pulse", "evs": {"hp": 85, "atk": 85, "def": 85, "spa": 85, "spd": 85, "spe": 85}, "ivs": {"hp": 31, "atk": 31, "def": 31, "spa": 31, "spd": 31, "spe": 31}, "item": "Loaded Dice", "teraType": "Fire", "role": "Setup Sweeper", "bvs": {"hp": 100, "atk": 135, "def": 115, "spa": 85, "spd": 100, "spe": 135}, "stats": {"hp": 235, "atk": 211, "def": 185, "spa": 147, "spd": 166, "spe": 211}}, "Amoonguss": {"name": "Amoonguss", "species": "Amoonguss", "speciesId": "amoonguss", "gender": "F", "shiny": false, "level": 82, "moves": ["gigadrain", "sludgebomb", "stompingtantrum", "spore"], "ability": "Regenerator", "evs": {"hp": 85, "atk": 85, "def": 85, "spa": 85, "spd": 85, "spe": 85}, "ivs": {"hp": 31, "atk": 31, "def": 31, "spa": 31, "spd": 31, "spe": 31}, "item": "Leftovers", "teraType": "Water", "role": "Bulky Attacker", "bvs": {"hp": 114, "atk": 85, "def": 70, "spa": 85, "spd": 80, "spe": 30}, "stats": {"hp": 321, "atk": 187, "def": 162, "spa": 187, "spd": 178, "spe": 96}}, "Alcremie": {"name": "Alcremie", "species": "Alcremie-Rainbow-Swirl", "speciesId": "alcremie", "gender": "F", "shiny": false, "level": 90, "moves": ["calmmind", "terablast", "alluringvoice", "recover"], "ability": "Aroma Veil", "evs": {"hp": 85, "atk": 0, "def": 85, "spa": 85, "spd": 85, "spe": 85}, "ivs": {"hp": 31, "atk": 0, "def": 31, "spa": 31, "spd": 31, "spe": 31}, "item": "Leftovers", "teraType": "Ground", "role": "Tera Blast user", "bvs": {"hp": 65, "atk": 60, "def": 75, "spa": 110, "spd": 121, "spe": 64}, "stats": {"hp": 263, "atk": 113, "def": 186, "spa": 249, "spd": 269, "spe": 167}}, "Altaria": {"name": "Altaria", "species": "Altaria", "speciesId": "altaria", "gender": "F", "shiny": false, "level": 89, "moves": ["roost", "earthquake", "bravebird", "dragondance"], "ability": "Natural Cure", "evs": {"hp": 85, "atk": 85, "def": 85, "spa": 85, "spd": 85, "spe": 85}, "ivs": {"hp": 31, "atk": 31, "def": 31, "spa": 31, "spd": 31, "spe": 31}, "item": "Heavy-Duty Boots", "teraType": "Ground", "role": "Bulky Setup", "bvs": {"hp": 75, "atk": 70, "def": 90, "spa": 70, "spd": 105, "spe": 80}, "stats": {"hp": 278, "atk": 175, "def": 211, "spa": 175, "spd": 238, "spe": 193}}, "Sneasler": {"name": "Sneasler", "species": "Sneasler", "speciesId": "sneasler", "gender": "M", "shiny": false, "level": 74, "moves": ["direclaw", "closecombat", "throatchop", "uturn"], "ability": "Poison Touch", "evs": {"hp": 85, "atk": 85, "def": 85, "spa": 85, "spd": 85, "spe": 85}, "ivs": {"hp": 31, "atk": 31, "def": 31, "spa": 31, "spd": 31, "spe": 31}, "item": "Choice Band", "teraType": "Dark", "role": "Fast Attacker", "bvs": {"hp": 80, "atk": 130, "def": 60, "spa": 40, "spd": 80, "spe": 120}, "stats": {"hp": 240, "atk": 235, "def": 132, "spa": 102, "spd": 161, "spe": 221}}, "Golem": {"name": "Golem", "species": "Golem-Alola", "speciesId": "golemalola", "gender": "F", "shiny": false, "level": 93, "moves": ["stoneedge", "rockpolish", "earthquake", "doubleedge"], "ability": "Galvanize", "evs": {"hp": 85, "atk": 85, "def": 85, "spa": 85, "spd": 85, "spe": 85}, "ivs": {"hp": 31, "atk": 31, "def": 31, "spa": 31, "spd": 31, "spe": 31}, "item": "Life Orb", "teraType": "Grass", "role": "Setup Sweeper", "bvs": {"hp": 80, "atk": 120, "def": 130, "spa": 55, "spd": 65, "spe": 45}, "stats": {"hp": 300, "atk": 276, "def": 295, "spa": 155, "spd": 174, "spe": 137}}}, {"Cryogonal": {"name": "Cryogonal", "species": "Cryogonal", "speciesId": "cryogonal", "gender": "N", "shiny": false, "level": 89, "moves": ["terablast", "icebeam", "recover", "rapidspin"], "ability": "Levitate", "evs": {"hp": 85, "atk": 85, "def": 85, "spa": 85, "spd": 85, "spe": 85}, "ivs": {"hp": 31, "atk": 31, "def": 31, "spa": 31, "spd": 31, "spe": 31}, "item": "Heavy-Duty Boots", "teraType": "Electric", "role": "Tera Blast user", "bvs": {"hp": 80, "atk": 50, "def": 50, "spa": 95, "spd": 135, "spe": 105}, "stats": {"hp": 287, "atk": 140, "def": 140, "spa": 220, "spd": 291, "spe": 238}}, "Yanmega": {"name": "Yanmega", "species": "Yanmega", "speciesId": "yanmega", "gender": "M", "shiny": false, "level": 82, "moves": ["bugbuzz", "airslash", "uturn", "gigadrain"], "ability": "Tinted Lens", "evs": {"hp": 85, "atk": 85, "def": 85, "spa": 85, "spd": 85, "spe": 85}, "ivs": {"hp": 31, "atk": 31, "def": 31, "spa": 31, "spd": 31, "spe": 31}, "item": "Choice Specs", "teraType": "Bug", "role": "Wallbreaker", "bvs": {"hp": 86, "atk": 76, "def": 86, "spa": 116, "spd": 56, "spe": 95}, "stats": {"hp": 275, "atk": 172, "def": 188, "spa": 237, "spd": 139, "spe": 203}}, "Sceptile": {"name": "Sceptile", "species": "Sceptile", "speciesId": "sceptile", "gender": "M", "shiny": false, "level": 87, "moves": ["leafblade", "rockslide", "swordsdance", "earthquake"], "ability": "Overgrow", "evs": {"hp": 85, "atk": 85, "def": 85, "spa": 85, "spd": 85, "spe": 85}, "ivs": {"hp": 31, "atk": 31, "def": 31, "spa": 31, "spd": 31, "spe": 31}, "item": "Life Orb", "teraType": "Rock", "role": "Setup Sweeper", "bvs": {"hp": 70, "atk": 85, "def": 65, "spa": 105, "spd": 85, "spe": 120}, "stats": {"hp": 264, "atk": 198, "def": 163, "spa": 232, "spd": 198, "spe": 259}}, "Cinccino": {"name": "Cinccino", "species": "Cinccino", "speciesId": "cinccino", "gender": "M", "shiny": false, "level": 83, "moves": ["tripleaxel", "uturn", "tailslap", "bulletseed"], "ability": "Technician", "evs": {"hp": 85, "atk": 85, "def": 85, "spa": 85, "spd": 85, "spe": 85}, "ivs": {"hp": 31, "atk": 31, "def": 31, "spa": 31, "spd": 31, "spe": 31}, "item": "Loaded Dice", "teraType": "Normal", "role": "Fast Attacker", "bvs": {"hp": 75, "atk": 95, "def": 60, "spa": 65, "spd": 60, "spe": 115}, "stats": {"hp": 260, "atk": 205, "def": 147, "spa": 156, "spd": 147, "spe": 239}}, "Toxtricity": {"name": "Toxtricity", "species": "Toxtricity", "speciesId": "toxtricity", "gender": "M", "shiny": false, "level": 82, "moves": ["sludgewave", "boomburst", "overdrive", "voltswitch"], "ability": "Punk Rock", "evs": {"hp": 85, "atk": 0, "def": 85, "spa": 85, "spd": 85, "spe": 85}, "ivs": {"hp": 31, "atk": 0, "def": 31, "spa": 31, "spd": 31, "spe": 31}, "item": "Choice Scarf", "teraType": "Normal", "role": "Fast Attacker", "bvs": {"hp": 75, "atk": 98, "def": 70, "spa": 114, "spd": 70, "spe": 75}, "stats": {"hp": 257, "atk": 165, "def": 162, "spa": 234, "spd": 162, "spe": 170}}, "Greninja": {"name": "Greninja", "species": "Greninja-Bond", "speciesId": "greninjabond", "gender": "M", "shiny": false, "level": 80, "moves": ["icebeam", "gunkshot", "darkpulse", "hydropump"], "ability": "Battle Bond", "evs": {"hp": 85, "atk": 85, "def": 85, "spa": 85, "spd": 85, "spe": 85}, "ivs": {"hp": 31, "atk": 31, "def": 31, "spa": 31, "spd": 31, "spe": 31}, "item": "Life Orb", "teraType": "Water", "role": "Fast Attacker", "bvs": {"hp": 72, "atk": 95, "def": 67, "spa": 103, "spd": 71, "spe": 122}, "stats": {"hp": 246, "atk": 198, "def": 153, "spa": 211, "spd": 160, "spe": 241}}}]}