{"id": "gen9randombattle-2631665668", "format": "[Gen 9] Random Battle", "players": ["TaleThatWasntRight", "Fartsbloods"], "log": "|j|\u2606TaleThatWasntRight\n|j|\u203dFartsbloods\n|t:|1781417710\n|gametype|singles\n|player|p1|TaleThatWasntRight|battlegirl-gen4|1056\n|player|p2|Fartsbloods|2|1040\n|gen|9\n|tier|[Gen 9] Random Battle\n|rated|\n|rule|Species Clause: Limit one of each Pok\u00e9mon\n|rule|HP Percentage Mod: HP is shown in percentages\n|rule|Sleep Clause Mod: Limit one foe put to sleep\n|rule|Illusion Level Mod: Illusion disguises the Pok\u00e9mon's true level\n|\n|t:|1781417710\n|teamsize|p1|6\n|teamsize|p2|6\n|start\n|switch|p1a: Alomomola|Alomomola, L87, M|429/429\n|switch|p2a: Garchomp|Garchomp, L74, F|282/282\n|turn|1\n|inactive|Battle timer is ON: inactive players will automatically lose when time's up. (requested by TaleThatWasntRight)\n|\n|t:|1781417729\n|switch|p2a: Lurantis|Lurantis, L87, M|264/264\n|move|p1a: Alomomola|Scald|p2a: Lurantis\n|-resisted|p2a: Lurantis\n|-damage|p2a: Lurantis|249/264\n|\n|upkeep\n|turn|2\n|\n|t:|1781417740\n|switch|p1a: Lugia|Lugia, L73|275/275\n|move|p2a: Lurantis|Superpower|p1a: Lugia\n|-resisted|p1a: Lugia\n|-damage|p1a: Lugia|265/275\n|-boost|p2a: Lurantis|atk|1\n|-boost|p2a: Lurantis|def|1\n|\n|upkeep\n|turn|3\n|\n|t:|1781417753\n|move|p1a: Lugia|Aeroblast|p2a: Lurantis\n|-supereffective|p2a: Lurantis\n|-crit|p2a: Lurantis\n|-damage|p2a: Lurantis|105/264\n|move|p2a: Lurantis|Knock Off|p1a: Lugia\n|-supereffective|p1a: Lugia\n|-damage|p1a: Lugia|63/275\n|-enditem|p1a: Lugia|Heavy-Duty Boots|[from] move: Knock Off|[of] p2a: Lurantis\n|\n|upkeep\n|turn|4\n|inactive|TaleThatWasntRight has 120 seconds left.\n|inactive|TaleThatWasntRight has 90 seconds left.\n|\n|t:|1781417830\n|move|p1a: Lugia|Aeroblast|p2a: Lurantis\n|-supereffective|p2a: Lurantis\n|-crit|p2a: Lurantis\n|-damage|p2a: Lurantis|0 fnt\n|faint|p2a: Lurantis\n|\n|upkeep\n|inactive|Fartsbloods has 120 seconds left.\n|\n|t:|1781417852\n|switch|p2a: Corviknight|Corviknight, L80, F|288/288\n|turn|5\n|\n|t:|1781417859\n|switch|p1a: Alomomola|Alomomola, L87, M|429/429\n|move|p2a: Corviknight|Brave Bird|p1a: Alomomola\n|-damage|p1a: Alomomola|320/429\n|-damage|p2a: Corviknight|252/288|[from] Recoil\n|\n|-heal|p1a: Alomomola|346/429|[from] item: Leftovers\n|-heal|p2a: Corviknight|270/288|[from] item: Leftovers\n|upkeep\n|turn|6\n|\n|t:|1781417869\n|switch|p2a: Malamar|Malamar, L82, F|275/275\n|move|p1a: Alomomola|Scald|p2a: Malamar\n|-damage|p2a: Malamar|220/275\n|\n|-heal|p2a: Malamar|237/275|[from] item: Leftovers\n|-heal|p1a: Alomomola|372/429|[from] item: Leftovers\n|upkeep\n|turn|7\n|inactive|TaleThatWasntRight has 90 seconds left.\n|\n|t:|1781417888\n|move|p2a: Malamar|Superpower|p1a: Alomomola\n|-damage|p1a: Alomomola|295/429\n|-boost|p2a: Malamar|atk|1\n|-boost|p2a: Malamar|def|1\n|move|p1a: Alomomola|Scald|p2a: Malamar\n|-damage|p2a: Malamar|182/275\n|\n|-heal|p2a: Malamar|199/275|[from] item: Leftovers\n|-heal|p1a: Alomomola|321/429|[from] item: Leftovers\n|upkeep\n|turn|8\n|c|\u2606TaleThatWasntRight|30%...\n|\n|t:|1781417897\n|move|p2a: Malamar|Knock Off|p1a: Alomomola\n|-damage|p1a: Alomomola|180/429\n|-enditem|p1a: Alomomola|Leftovers|[from] move: Knock Off|[of] p2a: Malamar\n|move|p1a: Alomomola|Scald|p2a: Malamar\n|-crit|p2a: Malamar\n|-damage|p2a: Malamar|115/275\n|\n|-heal|p2a: Malamar|132/275|[from] item: Leftovers\n|upkeep\n|turn|9\n|\n|t:|1781417906\n|move|p2a: Malamar|Superpower|p1a: Alomomola\n|-damage|p1a: Alomomola|52/429\n|-boost|p2a: Malamar|atk|1\n|-boost|p2a: Malamar|def|1\n|move|p1a: Alomomola|Scald|p2a: Malamar\n|-damage|p2a: Malamar|74/275\n|-status|p2a: Malamar|brn\n|\n|-heal|p2a: Malamar|91/275 brn|[from] item: Leftovers\n|-damage|p2a: Malamar|74/275 brn|[from] brn\n|upkeep\n|turn|10\n|\n|t:|1781417911\n|move|p2a: Malamar|Rest|p2a: Malamar\n|-status|p2a: Malamar|slp|[from] move: Rest\n|-heal|p2a: Malamar|275/275 slp|[silent]\n|move|p1a: Alomomola|Wish|p1a: Alomomola\n|\n|upkeep\n|turn|11\n|\n|t:|1781417919\n|switch|p1a: Rotom|Rotom-Mow, L87|229/229\n|cant|p2a: Malamar|slp\n|move|p2a: Malamar|Sleep Talk|p2a: Malamar\n|move|p2a: Malamar|Superpower|p1a: Rotom|[from] move: Sleep Talk\n|-damage|p1a: Rotom|107/229\n|-boost|p2a: Malamar|atk|1\n|-boost|p2a: Malamar|def|1\n|\n|-heal|p1a: Rotom|229/229|[from] move: Wish|[wisher] Alomomola\n|upkeep\n|turn|12\n|inactive|TaleThatWasntRight has 120 seconds left.\n|\n|t:|1781417928\n|move|p1a: Rotom|Thunderbolt|p2a: Malamar\n|-damage|p2a: Malamar|151/275 slp\n|cant|p2a: Malamar|slp\n|move|p2a: Malamar|Sleep Talk|p2a: Malamar\n|move|p2a: Malamar|Knock Off|p1a: Rotom|[from] move: Sleep Talk\n|-damage|p1a: Rotom|43/229\n|-enditem|p1a: Rotom|Leftovers|[from] move: Knock Off|[of] p2a: Malamar\n|\n|-heal|p2a: Malamar|168/275 slp|[from] item: Leftovers\n|upkeep\n|turn|13\n|\n|t:|1781417936\n|move|p1a: Rotom|Leaf Storm|p2a: Malamar|[miss]\n|-miss|p1a: Rotom|p2a: Malamar\n|-curestatus|p2a: Malamar|slp|[msg]\n|move|p2a: Malamar|Superpower|p1a: Rotom\n|-damage|p1a: Rotom|0 fnt\n|-boost|p2a: Malamar|atk|1\n|-boost|p2a: Malamar|def|1\n|faint|p1a: Rotom\n|\n|-heal|p2a: Malamar|185/275|[from] item: Leftovers\n|upkeep\n|\n|t:|1781417939\n|switch|p1a: Typhlosion|Typhlosion, L84, F|267/267\n|turn|14\n|\n|t:|1781417950\n|move|p1a: Typhlosion|Eruption|p2a: Malamar\n|-damage|p2a: Malamar|0 fnt\n|faint|p2a: Malamar\n|\n|upkeep\n|\n|t:|1781417956\n|switch|p2a: Scream Tail|Scream Tail, L84|330/330\n|turn|15\n|\n|t:|1781417970\n|move|p1a: Typhlosion|Eruption|p2a: Scream Tail\n|-damage|p2a: Scream Tail|185/330\n|move|p2a: Scream Tail|Thunder Wave|p1a: Typhlosion\n|-status|p1a: Typhlosion|par\n|\n|-heal|p2a: Scream Tail|205/330|[from] item: Leftovers\n|upkeep\n|turn|16\n|\n|t:|1781417979\n|switch|p1a: Alomomola|Alomomola, L87, M|195/429\n|move|p2a: Scream Tail|Wish|p2a: Scream Tail\n|\n|-heal|p2a: Scream Tail|225/330|[from] item: Leftovers\n|upkeep\n|turn|17\n|\n|t:|1781417985\n|-end|p2a: Scream Tail|Protosynthesis|[silent]\n|switch|p2a: Garchomp|Garchomp, L74, F|282/282\n|move|p1a: Alomomola|Wish|p1a: Alomomola\n|\n|upkeep\n|turn|18\n|\n|t:|1781417993\n|switch|p2a: Sawsbuck|Sawsbuck-Winter, L88, F|284/284\n|move|p1a: Alomomola|Scald|p2a: Sawsbuck\n|-resisted|p2a: Sawsbuck\n|-damage|p2a: Sawsbuck|258/284\n|\n|-heal|p1a: Alomomola|409/429|[from] move: Wish|[wisher] Alomomola\n|upkeep\n|turn|19\n|\n|t:|1781418009\n|move|p2a: Sawsbuck|High Horsepower|p1a: Alomomola\n|-crit|p1a: Alomomola\n|-damage|p1a: Alomomola|256/429\n|-damage|p2a: Sawsbuck|230/284|[from] item: Life Orb\n|move|p1a: Alomomola|Scald|p2a: Sawsbuck\n|-resisted|p2a: Sawsbuck\n|-damage|p2a: Sawsbuck|202/284\n|\n|upkeep\n|turn|20\n|\n|t:|1781418016\n|move|p2a: Sawsbuck|Swords Dance|p2a: Sawsbuck\n|-boost|p2a: Sawsbuck|atk|2\n|move|p1a: Alomomola|Scald|p2a: Sawsbuck\n|-resisted|p2a: Sawsbuck\n|-damage|p2a: Sawsbuck|177/284\n|-status|p2a: Sawsbuck|brn\n|\n|-damage|p2a: Sawsbuck|160/284 brn|[from] brn\n|upkeep\n|turn|21\n|\n|t:|1781418022\n|switch|p1a: Mienshao|Mienshao, L83, M|244/244\n|move|p2a: Sawsbuck|Headbutt|p1a: Mienshao\n|-damage|p1a: Mienshao|108/244\n|-damage|p2a: Sawsbuck|132/284 brn|[from] item: Life Orb\n|\n|-damage|p2a: Sawsbuck|115/284 brn|[from] brn\n|upkeep\n|turn|22\n|\n|t:|1781418034\n|switch|p2a: Corviknight|Corviknight, L80, F|270/288\n|move|p1a: Mienshao|Triple Axel|p2a: Corviknight\n|-damage|p2a: Corviknight|251/288\n|-damage|p2a: Corviknight|213/288\n|-damage|p2a: Corviknight|151/288\n|-hitcount|p2a: Corviknight|3\n|-damage|p1a: Mienshao|84/244|[from] item: Life Orb\n|\n|-heal|p2a: Corviknight|169/288|[from] item: Leftovers\n|upkeep\n|turn|23\n|\n|t:|1781418041\n|move|p1a: Mienshao|Close Combat|p2a: Corviknight\n|-damage|p2a: Corviknight|0 fnt\n|-unboost|p1a: Mienshao|def|1\n|-unboost|p1a: Mienshao|spd|1\n|faint|p2a: Corviknight\n|-damage|p1a: Mienshao|60/244|[from] item: Life Orb\n|\n|upkeep\n|\n|t:|1781418046\n|switch|p2a: Garchomp|Garchomp, L74, F|282/282\n|turn|24\n|\n|t:|1781418050\n|move|p1a: Mienshao|Triple Axel|p2a: Garchomp\n|-supereffective|p2a: Garchomp\n|-damage|p2a: Garchomp|183/282\n|-damage|p1a: Mienshao|30/244|[from] ability: Rough Skin|[of] p2a: Garchomp\n|-damage|p1a: Mienshao|0 fnt|[from] item: Rocky Helmet|[of] p2a: Garchomp\n|faint|p1a: Mienshao\n|-hitcount|p2a: Garchomp|1\n|move|p2a: Garchomp|Earthquake|p1: Mienshao|[notarget]\n|-fail|p2a: Garchomp\n|\n|upkeep\n|\n|t:|1781418058\n|switch|p1a: Virizion|Virizion, L82|283/283\n|turn|25\n|\n|t:|1781418067\n|switch|p2a: Scream Tail|Scream Tail, L84|225/330\n|move|p1a: Virizion|Leaf Blade|p2a: Scream Tail\n|-damage|p2a: Scream Tail|122/330\n|-damage|p1a: Virizion|255/283|[from] item: Life Orb\n|\n|-heal|p2a: Scream Tail|142/330|[from] item: Leftovers\n|upkeep\n|turn|26\n|\n|t:|1781418074\n|-terastallize|p1a: Virizion|Rock\n|move|p2a: Scream Tail|Thunder Wave|p1a: Virizion|[miss]\n|-miss|p2a: Scream Tail|p1a: Virizion\n|move|p1a: Virizion|Swords Dance|p1a: Virizion\n|-boost|p1a: Virizion|atk|2\n|\n|-heal|p2a: Scream Tail|162/330|[from] item: Leftovers\n|upkeep\n|turn|27\n|-message|Fartsbloods forfeited.\n|\n|win|TaleThatWasntRight\n|raw|TaleThatWasntRight's rating: 1056 &rarr; <strong>1086</strong><br />(+30 for winning)\n|raw|Fartsbloods's rating: 1040 &rarr; <strong>1025</strong><br />(-15 for losing)\n|l|\u203dFartsbloods\n|player|p2|\n", "inputlog": ">version a8376a258c1d4662feba110a92103f3664a72141\n>start {\"formatid\":\"gen9randombattle\",\"seed\":\"sodium,104c1747540597983ed645431e813f79\",\"rated\":\"Rated battle\"}\n>player p1 {\"name\":\"TaleThatWasntRight\",\"avatar\":\"battlegirl-gen4\",\"rating\":1056,\"seed\":\"sodium,af515ad3238f1012649ea19ed13bdfdd\"}\n>player p2 {\"name\":\"Fartsbloods\",\"avatar\":\"2\",\"rating\":1040,\"seed\":\"sodium,c02c7c1ed63d4df69f18b2b3b842cb5a\"}\n>p1 move scald\n>p2 switch 6\n>p1 switch 6\n>p2 move superpower\n>p1 move aeroblast\n>p2 move knockoff\n>p1 move aeroblast\n>p2 move knockoff\n>p2 switch 4\n>p1 switch 6\n>p2 move bravebird\n>p1 move scald\n>p2 switch 3\n>p1 move scald\n>p2 move superpower\n>chat \u2606TaleThatWasntRight|30%...\n>p1 move scald\n>p2 move knockoff\n>p1 move scald\n>p2 move superpower\n>p1 move wish\n>p2 move rest\n>p1 switch 4\n>p2 move sleeptalk\n>p1 move thunderbolt\n>p2 move sleeptalk\n>p1 move leafstorm\n>p2 move superpower\n>p1 switch 2\n>p1 move eruption\n>p2 move superpower\n>p2 switch 2\n>p1 move eruption\n>p2 move thunderwave\n>p1 switch 4\n>p2 move wish\n>p1 move wish\n>p2 switch 6\n>p1 move scald\n>p2 switch 5\n>p1 move scald\n>p2 move highhorsepower\n>p1 move scald\n>p2 move swordsdance\n>p1 switch 3\n>p2 move headbutt\n>p1 move tripleaxel\n>p2 switch 3\n>p1 move closecombat\n>p2 move bravebird\n>p2 switch 5\n>p1 move tripleaxel\n>p2 move earthquake\n>p1 switch 5\n>p1 move leafblade\n>p2 switch 6\n>p1 move swordsdance terastallize\n>p2 move thunderwave\n>forcelose p2", "uploadtime": 1781418084, "views": 9, "formatid": "gen9randombattle", "rating": 1025, "private": 0, "password": null, "player_dets": [{"name": "TaleThatWasntRight", "avatar": "battlegirl-gen4", "rating": 1056, "seed": "sodium,af515ad3238f1012649ea19ed13bdfdd"}, {"name": "Fartsbloods", "avatar": "2", "rating": 1040, "seed": "sodium,c02c7c1ed63d4df69f18b2b3b842cb5a"}], "teams_full": [{"Alomomola": {"name": "Alomomola", "species": "Alomomola", "speciesId": "alomomola", "gender": "M", "shiny": false, "level": 87, "moves": ["wish", "scald", "protect", "flipturn"], "ability": "Regenerator", "evs": {"hp": 85, "atk": 85, "def": 85, "spa": 85, "spd": 85, "spe": 85}, "ivs": {"hp": 31, "atk": 31, "def": 31, "spa": 31, "spd": 31, "spe": 31}, "item": "Leftovers", "teraType": "Poison", "role": "Bulky Support", "bvs": {"hp": 165, "atk": 75, "def": 80, "spa": 40, "spd": 45, "spe": 65}, "stats": {"hp": 429, "atk": 180, "def": 189, "spa": 119, "spd": 128, "spe": 163}, "types": ["Water"]}, "Typhlosion": {"name": "Typhlosion", "species": "Typhlosion", "speciesId": "typhlosion", "gender": "F", "shiny": false, "level": 84, "moves": ["scorchingsands", "fireblast", "focusblast", "eruption"], "ability": "Blaze", "evs": {"hp": 81, "atk": 0, "def": 85, "spa": 85, "spd": 85, "spe": 85}, "ivs": {"hp": 31, "atk": 0, "def": 31, "spa": 31, "spd": 31, "spe": 31}, "item": "Choice Scarf", "teraType": "Fire", "role": "Fast Attacker", "bvs": {"hp": 78, "atk": 84, "def": 78, "spa": 109, "spd": 85, "spe": 100}, "stats": {"hp": 267, "atk": 146, "def": 179, "spa": 231, "spd": 191, "spe": 216}, "types": ["Fire"]}, "Mienshao": {"name": "Mienshao", "species": "Mienshao", "speciesId": "mienshao", "gender": "M", "shiny": false, "level": 83, "moves": ["knockoff", "closecombat", "swordsdance", "tripleaxel"], "ability": "Regenerator", "evs": {"hp": 85, "atk": 85, "def": 85, "spa": 85, "spd": 85, "spe": 85}, "ivs": {"hp": 31, "atk": 31, "def": 31, "spa": 31, "spd": 31, "spe": 31}, "item": "Life Orb", "teraType": "Fighting", "role": "Setup Sweeper", "bvs": {"hp": 65, "atk": 125, "def": 60, "spa": 95, "spd": 60, "spe": 105}, "stats": {"hp": 244, "atk": 255, "def": 147, "spa": 205, "spd": 147, "spe": 222}, "types": ["Fighting"]}, "Rotom": {"name": "Rotom", "species": "Rotom-Mow", "speciesId": "rotommow", "gender": "N", "shiny": false, "level": 87, "moves": ["leafstorm", "willowisp", "thunderbolt", "nastyplot"], "ability": "Levitate", "evs": {"hp": 85, "atk": 0, "def": 85, "spa": 85, "spd": 85, "spe": 85}, "ivs": {"hp": 31, "atk": 0, "def": 31, "spa": 31, "spd": 31, "spe": 31}, "item": "Leftovers", "teraType": "Grass", "role": "Bulky Attacker", "bvs": {"hp": 50, "atk": 65, "def": 107, "spa": 105, "spd": 107, "spe": 86}, "stats": {"hp": 229, "atk": 118, "def": 236, "spa": 232, "spd": 236, "spe": 199}, "types": ["Electric", "Grass"]}, "Virizion": {"name": "Virizion", "species": "Virizion", "speciesId": "virizion", "gender": "N", "shiny": false, "level": 82, "moves": ["stoneedge", "closecombat", "leafblade", "swordsdance"], "ability": "Justified", "evs": {"hp": 85, "atk": 85, "def": 85, "spa": 85, "spd": 85, "spe": 85}, "ivs": {"hp": 31, "atk": 31, "def": 31, "spa": 31, "spd": 31, "spe": 31}, "item": "Life Orb", "teraType": "Rock", "role": "Setup Sweeper", "bvs": {"hp": 91, "atk": 90, "def": 72, "spa": 90, "spd": 129, "spe": 108}, "stats": {"hp": 283, "atk": 195, "def": 165, "spa": 195, "spd": 259, "spe": 224}, "types": ["Grass", "Fighting"]}, "Lugia": {"name": "Lugia", "species": "Lugia", "speciesId": "lugia", "gender": "N", "shiny": false, "level": 73, "moves": ["aeroblast", "recover", "calmmind", "psychicnoise"], "ability": "Multiscale", "evs": {"hp": 85, "atk": 0, "def": 85, "spa": 85, "spd": 85, "spe": 85}, "ivs": {"hp": 31, "atk": 0, "def": 31, "spa": 31, "spd": 31, "spe": 31}, "item": "Heavy-Duty Boots", "teraType": "Steel", "role": "Setup Sweeper", "bvs": {"hp": 106, "atk": 90, "def": 130, "spa": 90, "spd": 154, "spe": 110}, "stats": {"hp": 275, "atk": 136, "def": 232, "spa": 174, "spd": 267, "spe": 203}, "types": ["Psychic", "Flying"]}}, {"Garchomp": {"name": "Garchomp", "species": "Garchomp", "speciesId": "garchomp", "gender": "F", "shiny": false, "level": 74, "moves": ["earthquake", "outrage", "stealthrock", "dragontail"], "ability": "Rough Skin", "evs": {"hp": 85, "atk": 85, "def": 85, "spa": 85, "spd": 85, "spe": 85}, "ivs": {"hp": 31, "atk": 31, "def": 31, "spa": 31, "spd": 31, "spe": 31}, "item": "Rocky Helmet", "teraType": "Steel", "role": "Fast Support", "bvs": {"hp": 108, "atk": 130, "def": 95, "spa": 80, "spd": 85, "spe": 102}, "stats": {"hp": 282, "atk": 235, "def": 184, "spa": 161, "spd": 169, "spe": 194}, "types": ["Dragon", "Ground"]}, "Scream Tail": {"name": "Scream Tail", "species": "Scream Tail", "speciesId": "screamtail", "gender": "N", "shiny": false, "level": 84, "moves": ["playrough", "protect", "wish", "thunderwave"], "ability": "Protosynthesis", "evs": {"hp": 85, "atk": 85, "def": 85, "spa": 85, "spd": 85, "spe": 85}, "ivs": {"hp": 31, "atk": 31, "def": 31, "spa": 31, "spd": 31, "spe": 31}, "item": "Leftovers", "teraType": "Steel", "role": "Bulky Support", "bvs": {"hp": 115, "atk": 65, "def": 99, "spa": 65, "spd": 115, "spe": 111}, "stats": {"hp": 330, "atk": 157, "def": 215, "spa": 157, "spd": 241, "spe": 235}, "types": ["Fairy", "Psychic"]}, "Malamar": {"name": "Malamar", "species": "Malamar", "speciesId": "malamar", "gender": "F", "shiny": false, "level": 82, "moves": ["sleeptalk", "rest", "knockoff", "superpower"], "ability": "Contrary", "evs": {"hp": 85, "atk": 85, "def": 85, "spa": 85, "spd": 85, "spe": 85}, "ivs": {"hp": 31, "atk": 31, "def": 31, "spa": 31, "spd": 31, "spe": 31}, "item": "Leftovers", "teraType": "Fighting", "role": "Bulky Setup", "bvs": {"hp": 86, "atk": 92, "def": 88, "spa": 68, "spd": 75, "spe": 73}, "stats": {"hp": 275, "atk": 198, "def": 191, "spa": 159, "spd": 170, "spe": 167}, "types": ["Dark", "Psychic"]}, "Corviknight": {"name": "Corviknight", "species": "Corviknight", "speciesId": "corviknight", "gender": "F", "shiny": false, "level": 80, "moves": ["bravebird", "roost", "bodypress", "defog"], "ability": "Mirror Armor", "evs": {"hp": 85, "atk": 85, "def": 85, "spa": 85, "spd": 85, "spe": 85}, "ivs": {"hp": 31, "atk": 31, "def": 31, "spa": 31, "spd": 31, "spe": 31}, "item": "Leftovers", "teraType": "Dragon", "role": "Bulky Support", "bvs": {"hp": 98, "atk": 87, "def": 105, "spa": 53, "spd": 85, "spe": 67}, "stats": {"hp": 288, "atk": 185, "def": 214, "spa": 131, "spd": 182, "spe": 153}, "types": ["Flying", "Steel"]}, "Sawsbuck": {"name": "Sawsbuck", "species": "Sawsbuck-Winter", "speciesId": "sawsbuck", "gender": "F", "shiny": false, "level": 88, "moves": ["highhorsepower", "hornleech", "swordsdance", "headbutt"], "ability": "Serene Grace", "evs": {"hp": 85, "atk": 85, "def": 85, "spa": 85, "spd": 85, "spe": 85}, "ivs": {"hp": 31, "atk": 31, "def": 31, "spa": 31, "spd": 31, "spe": 31}, "item": "Life Orb", "teraType": "Normal", "role": "Fast Attacker", "bvs": {"hp": 80, "atk": 100, "def": 70, "spa": 60, "spd": 70, "spe": 95}, "stats": {"hp": 284, "atk": 226, "def": 173, "spa": 156, "spd": 173, "spe": 217}, "types": ["Normal", "Grass"]}, "Lurantis": {"name": "Lurantis", "species": "Lurantis", "speciesId": "lurantis", "gender": "M", "shiny": false, "level": 87, "moves": ["superpower", "leafstorm", "knockoff", "leechlife"], "ability": "Contrary", "evs": {"hp": 85, "atk": 85, "def": 85, "spa": 85, "spd": 85, "spe": 85}, "ivs": {"hp": 31, "atk": 31, "def": 31, "spa": 31, "spd": 31, "spe": 31}, "item": "Assault Vest", "teraType": "Fighting", "role": "AV Pivot", "bvs": {"hp": 70, "atk": 105, "def": 90, "spa": 80, "spd": 90, "spe": 45}, "stats": {"hp": 264, "atk": 232, "def": 206, "spa": 189, "spd": 206, "spe": 128}, "types": ["Grass"]}}]}