{"id": "gen9randombattle-2631823880", "format": "[Gen 9] Random Battle", "players": ["ZamaBinLadan", "DiamondIyes"], "log": "|j|\u2606ZamaBinLadan\n|j|\u2606DiamondIyes\n|t:|1781444763\n|gametype|singles\n|player|p1|ZamaBinLadan|170|1918\n|player|p2|DiamondIyes|az|1938\n|gen|9\n|tier|[Gen 9] Random Battle\n|rated|\n|rule|Species Clause: Limit one of each Pok\u00e9mon\n|rule|HP Percentage Mod: HP is shown in percentages\n|rule|Sleep Clause Mod: Limit one foe put to sleep\n|rule|Illusion Level Mod: Illusion disguises the Pok\u00e9mon's true level\n|\n|t:|1781444763\n|teamsize|p1|6\n|teamsize|p2|6\n|start\n|switch|p1a: Dunsparce|Dunsparce, L86, M|312/312\n|switch|p2a: Bellossom|Bellossom, L84, M|263/263\n|turn|1\n|\n|t:|1781444770\n|switch|p2a: Spidops|Spidops, L96, M|271/271\n|move|p1a: Dunsparce|Body Slam|p2a: Spidops\n|-damage|p2a: Spidops|213/271\n|\n|upkeep\n|turn|2\n|inactive|Battle timer is ON: inactive players will automatically lose when time's up. (requested by ZamaBinLadan)\n|\n|t:|1781444782\n|move|p1a: Dunsparce|Body Slam|p2a: Spidops\n|-damage|p2a: Spidops|149/271\n|move|p2a: Spidops|Knock Off|p1a: Dunsparce\n|-damage|p1a: Dunsparce|254/312\n|-enditem|p1a: Dunsparce|Eviolite|[from] move: Knock Off|[of] p2a: Spidops\n|\n|upkeep\n|turn|3\n|\n|t:|1781444787\n|move|p1a: Dunsparce|Body Slam|p2a: Spidops\n|-damage|p2a: Spidops|80/271\n|move|p2a: Spidops|Sticky Web|p1a: Dunsparce\n|-sidestart|p1: ZamaBinLadan|move: Sticky Web\n|\n|upkeep\n|turn|4\n|\n|t:|1781444794\n|move|p1a: Dunsparce|Body Slam|p2a: Spidops\n|-damage|p2a: Spidops|13/271\n|move|p2a: Spidops|Circle Throw|p1a: Dunsparce\n|-supereffective|p1a: Dunsparce\n|-damage|p1a: Dunsparce|134/312\n|drag|p1a: Oricorio|Oricorio-Pom-Pom, L82, M|257/257\n|\n|upkeep\n|turn|5\n|\n|t:|1781444803\n|move|p1a: Oricorio|Revelation Dance|p2a: Spidops\n|-damage|p2a: Spidops|0 fnt\n|faint|p2a: Spidops\n|\n|upkeep\n|\n|t:|1781444809\n|switch|p2a: Gastrodon|Gastrodon, L86, F|331/331\n|turn|6\n|\n|t:|1781444815\n|switch|p1a: Weezing|Weezing, L88, M|258/258\n|move|p2a: Gastrodon|Stealth Rock|p1a: Weezing\n|-sidestart|p1: ZamaBinLadan|move: Stealth Rock\n|\n|upkeep\n|turn|7\n|\n|t:|1781444819\n|move|p1a: Weezing|Toxic Spikes|p2a: Gastrodon\n|-sidestart|p2: DiamondIyes|move: Toxic Spikes\n|move|p2a: Gastrodon|Surf|p1a: Weezing\n|-damage|p1a: Weezing|153/258\n|\n|-heal|p1a: Weezing|169/258|[from] item: Leftovers\n|upkeep\n|turn|8\n|\n|t:|1781444823\n|move|p1a: Weezing|Toxic Spikes|p2a: Gastrodon\n|-sidestart|p2: DiamondIyes|move: Toxic Spikes\n|move|p2a: Gastrodon|Surf|p1a: Weezing\n|-damage|p1a: Weezing|64/258\n|\n|-heal|p1a: Weezing|80/258|[from] item: Leftovers\n|upkeep\n|turn|9\n|\n|t:|1781444826\n|move|p1a: Weezing|Pain Split|p2a: Gastrodon\n|-sethp|p2a: Gastrodon|205/331|[from] move: Pain Split|[silent]\n|-sethp|p1a: Weezing|205/258|[from] move: Pain Split\n|move|p2a: Gastrodon|Surf|p1a: Weezing\n|-damage|p1a: Weezing|105/258\n|\n|-heal|p1a: Weezing|121/258|[from] item: Leftovers\n|-heal|p2a: Gastrodon|225/331|[from] item: Leftovers\n|upkeep\n|turn|10\n|\n|t:|1781444835\n|switch|p1a: Roaring Moon|Roaring Moon, L72|270/270\n|-activate|p1a: Roaring Moon|move: Sticky Web\n|-unboost|p1a: Roaring Moon|spe|1\n|-damage|p1a: Roaring Moon|237/270|[from] Stealth Rock\n|-enditem|p1a: Roaring Moon|Booster Energy\n|-activate|p1a: Roaring Moon|ability: Protosynthesis|[fromitem]\n|-start|p1a: Roaring Moon|protosynthesisatk\n|move|p2a: Gastrodon|Surf|p1a: Roaring Moon\n|-resisted|p1a: Roaring Moon\n|-damage|p1a: Roaring Moon|190/270\n|\n|-heal|p2a: Gastrodon|245/331|[from] item: Leftovers\n|upkeep\n|turn|11\n|\n|t:|1781444844\n|move|p1a: Roaring Moon|Dragon Dance|p1a: Roaring Moon\n|-boost|p1a: Roaring Moon|atk|1\n|-boost|p1a: Roaring Moon|spe|1\n|move|p2a: Gastrodon|Earthquake|p1a: Roaring Moon\n|-damage|p1a: Roaring Moon|45/270\n|\n|-heal|p2a: Gastrodon|265/331|[from] item: Leftovers\n|upkeep\n|turn|12\n|\n|t:|1781444851\n|move|p1a: Roaring Moon|Outrage|p2a: Gastrodon\n|-damage|p2a: Gastrodon|0 fnt\n|faint|p2a: Gastrodon\n|\n|upkeep\n|\n|t:|1781444856\n|switch|p2a: Amoonguss|Amoonguss, L82, M|321/321\n|-sideend|p2: DiamondIyes|move: Toxic Spikes|[of] p2a: Amoonguss\n|turn|13\n|\n|t:|1781444861\n|move|p1a: Roaring Moon|Outrage|p2a: Amoonguss|[from] lockedmove\n|-damage|p2a: Amoonguss|24/321\n|-start|p1a: Roaring Moon|confusion|[fatigue]\n|move|p2a: Amoonguss|Giga Drain|p1a: Roaring Moon\n|-resisted|p1a: Roaring Moon\n|-damage|p1a: Roaring Moon|8/270\n|-heal|p2a: Amoonguss|43/321|[from] drain|[of] p1a: Roaring Moon\n|\n|-heal|p2a: Amoonguss|63/321|[from] item: Leftovers\n|upkeep\n|turn|14\n|\n|t:|1781444867\n|switch|p2a: Bellossom|Bellossom, L84, M|263/263\n|-activate|p1a: Roaring Moon|confusion\n|move|p1a: Roaring Moon|Knock Off|p2a: Bellossom\n|-damage|p2a: Bellossom|70/263\n|-enditem|p2a: Bellossom|Leftovers|[from] move: Knock Off|[of] p1a: Roaring Moon\n|\n|upkeep\n|turn|15\n|\n|t:|1781444874\n|-activate|p1a: Roaring Moon|confusion\n|move|p1a: Roaring Moon|Knock Off|p2a: Bellossom\n|-damage|p2a: Bellossom|0 fnt\n|faint|p2a: Bellossom\n|\n|upkeep\n|\n|t:|1781444878\n|switch|p2a: Darkrai|Darkrai, L77|235/235\n|turn|16\n|\n|t:|1781444889\n|move|p2a: Darkrai|Dark Pulse|p1a: Roaring Moon\n|-resisted|p1a: Roaring Moon\n|-damage|p1a: Roaring Moon|0 fnt\n|faint|p1a: Roaring Moon\n|-end|p1a: Roaring Moon|Protosynthesis|[silent]\n|\n|upkeep\n|\n|t:|1781444895\n|switch|p1a: Dunsparce|Dunsparce, L86, M|134/312\n|-activate|p1a: Dunsparce|move: Sticky Web\n|-unboost|p1a: Dunsparce|spe|1\n|-damage|p1a: Dunsparce|95/312|[from] Stealth Rock\n|turn|17\n|\n|t:|1781444899\n|move|p2a: Darkrai|Dark Pulse|p1a: Dunsparce\n|-damage|p1a: Dunsparce|0 fnt\n|faint|p1a: Dunsparce\n|\n|upkeep\n|\n|t:|1781444908\n|switch|p1a: Oricorio|Oricorio-Pom-Pom, L82, M|257/257\n|turn|18\n|\n|t:|1781444910\n|move|p2a: Darkrai|Dark Pulse|p1a: Oricorio\n|-damage|p1a: Oricorio|79/257\n|cant|p1a: Oricorio|flinch\n|\n|upkeep\n|turn|19\n|\n|t:|1781444917\n|move|p2a: Darkrai|Dark Pulse|p1a: Oricorio\n|-damage|p1a: Oricorio|0 fnt\n|faint|p1a: Oricorio\n|\n|upkeep\n|\n|t:|1781444919\n|switch|p1a: Golurk|Golurk, L87|297/297\n|-activate|p1a: Golurk|move: Sticky Web\n|-unboost|p1a: Golurk|spe|1\n|-damage|p1a: Golurk|279/297|[from] Stealth Rock\n|turn|20\n|\n|t:|1781444925\n|-terastallize|p1a: Golurk|Ground\n|move|p2a: Darkrai|Dark Pulse|p1a: Golurk\n|-damage|p1a: Golurk|120/297\n|move|p1a: Golurk|Earthquake|p2a: Darkrai\n|-damage|p2a: Darkrai|0 fnt\n|replace|p2a: Zoroark|Zoroark, L83, F\n|-end|p2a: Zoroark|Illusion\n|-hint|Illusion Level Mod is active, so this Pok\u00e9mon's true level was hidden.\n|faint|p2a: Zoroark\n|-damage|p1a: Golurk|91/297|[from] item: Life Orb\n|\n|upkeep\n|\n|t:|1781444934\n|switch|p2a: Darkrai|Darkrai, L77|234/234\n|turn|21\n|-message|ZamaBinLadan forfeited.\n|\n|win|DiamondIyes\n", "inputlog": ">version a8376a258c1d4662feba110a92103f3664a72141\n>start {\"formatid\":\"gen9randombattle\",\"seed\":\"sodium,f124188dbc776d16a63ba6087483b029\",\"rated\":\"Rated battle\"}\n>player p1 {\"name\":\"ZamaBinLadan\",\"avatar\":\"170\",\"rating\":1918,\"seed\":\"sodium,23430f5dc09333607dce587f8265e616\"}\n>player p2 {\"name\":\"DiamondIyes\",\"avatar\":\"az\",\"rating\":1938,\"seed\":\"sodium,4bad1cbb3f7430364d8f7198333eccdc\"}\n>p1 move bodyslam\n>p2 switch 5\n>p1 move bodyslam\n>p2 move knockoff\n>p1 move bodyslam\n>p2 move stickyweb\n>p1 move bodyslam\n>p2 move circlethrow\n>p1 move revelationdance\n>p2 move circlethrow\n>p2 switch 3\n>p1 switch 4\n>p2 move stealthrock\n>p1 move toxicspikes\n>p2 move surf\n>p1 move toxicspikes\n>p2 move surf\n>p1 move painsplit\n>p2 move surf\n>p1 switch 6\n>p2 move surf\n>p1 move dragondance\n>p2 move earthquake\n>p1 move outrage\n>p2 move earthquake\n>p2 switch 2\n>p1 move outrage\n>p2 move gigadrain\n>p1 move knockoff\n>p2 switch 5\n>p1 move knockoff\n>p2 move strengthsap\n>p2 switch 4\n>p1 move outrage\n>p2 move darkpulse\n>p1 switch 2\n>p1 move bodyslam\n>p2 move darkpulse\n>p1 switch 4\n>p1 move quiverdance\n>p2 move darkpulse\n>p1 move quiverdance\n>p2 move darkpulse\n>p1 switch 5\n>p1 move earthquake terastallize\n>p2 move darkpulse\n>p2 switch 6\n>forcelose p1", "uploadtime": 1781444765, "views": 8, "formatid": "gen9randombattle", "rating": null, "private": 0, "password": null, "player_dets": [{"name": "ZamaBinLadan", "avatar": "170", "rating": 1918, "seed": "sodium,23430f5dc09333607dce587f8265e616"}, {"name": "DiamondIyes", "avatar": "az", "rating": 1938, "seed": "sodium,4bad1cbb3f7430364d8f7198333eccdc"}], "teams_full": [{"Dunsparce": {"name": "Dunsparce", "species": "Dunsparce", "speciesId": "dunsparce", "gender": "M", "shiny": false, "level": 86, "moves": ["roost", "coil", "earthquake", "bodyslam"], "ability": "Serene Grace", "evs": {"hp": 85, "atk": 85, "def": 85, "spa": 85, "spd": 85, "spe": 85}, "ivs": {"hp": 31, "atk": 31, "def": 31, "spa": 31, "spd": 31, "spe": 31}, "item": "Eviolite", "teraType": "Ghost", "role": "Bulky Setup", "bvs": {"hp": 100, "atk": 70, "def": 70, "spa": 65, "spd": 65, "spe": 45}, "stats": {"hp": 312, "atk": 170, "def": 170, "spa": 161, "spd": 161, "spe": 127}, "types": ["Normal"]}, "Oricorio": {"name": "Oricorio", "species": "Oricorio-Pom-Pom", "speciesId": "oricoriopompom", "gender": "M", "shiny": false, "level": 82, "moves": ["revelationdance", "roost", "hurricane", "quiverdance"], "ability": "Dancer", "evs": {"hp": 85, "atk": 0, "def": 85, "spa": 85, "spd": 85, "spe": 85}, "ivs": {"hp": 31, "atk": 0, "def": 31, "spa": 31, "spd": 31, "spe": 31}, "item": "Heavy-Duty Boots", "teraType": "Ground", "role": "Setup Sweeper", "bvs": {"hp": 75, "atk": 70, "def": 70, "spa": 98, "spd": 70, "spe": 93}, "stats": {"hp": 257, "atk": 119, "def": 162, "spa": 208, "spd": 162, "spe": 200}, "types": ["Electric", "Flying"]}, "Indeedee": {"name": "Indeedee", "species": "Indeedee", "speciesId": "indeedee", "gender": "M", "shiny": false, "level": 84, "moves": ["dazzlinggleam", "expandingforce", "hypervoice", "healingwish"], "ability": "Psychic Surge", "evs": {"hp": 85, "atk": 0, "def": 85, "spa": 85, "spd": 85, "spe": 85}, "ivs": {"hp": 31, "atk": 0, "def": 31, "spa": 31, "spd": 31, "spe": 31}, "item": "Choice Scarf", "teraType": "Psychic", "role": "Fast Attacker", "bvs": {"hp": 60, "atk": 65, "def": 55, "spa": 105, "spd": 95, "spe": 95}, "stats": {"hp": 238, "atk": 114, "def": 141, "spa": 225, "spd": 208, "spe": 208}, "types": ["Psychic", "Normal"]}, "Weezing": {"name": "Weezing", "species": "Weezing", "speciesId": "weezing", "gender": "M", "shiny": false, "level": 88, "moves": ["toxicspikes", "fireblast", "painsplit", "sludgebomb"], "ability": "Levitate", "evs": {"hp": 85, "atk": 0, "def": 85, "spa": 85, "spd": 85, "spe": 85}, "ivs": {"hp": 31, "atk": 0, "def": 31, "spa": 31, "spd": 31, "spe": 31}, "item": "Leftovers", "teraType": "Steel", "role": "Bulky Attacker", "bvs": {"hp": 65, "atk": 90, "def": 120, "spa": 85, "spd": 70, "spe": 60}, "stats": {"hp": 258, "atk": 163, "def": 261, "spa": 200, "spd": 173, "spe": 156}, "types": ["Poison"]}, "Golurk": {"name": "Golurk", "species": "Golurk", "speciesId": "golurk", "gender": "N", "shiny": false, "level": 87, "moves": ["stealthrock", "dynamicpunch", "earthquake", "poltergeist"], "ability": "No Guard", "evs": {"hp": 85, "atk": 85, "def": 85, "spa": 85, "spd": 85, "spe": 85}, "ivs": {"hp": 31, "atk": 31, "def": 31, "spa": 31, "spd": 31, "spe": 31}, "item": "Life Orb", "teraType": "Ground", "role": "Wallbreaker", "bvs": {"hp": 89, "atk": 124, "def": 80, "spa": 55, "spd": 80, "spe": 55}, "stats": {"hp": 297, "atk": 266, "def": 189, "spa": 145, "spd": 189, "spe": 145}, "types": ["Ground", "Ghost"]}, "Roaring Moon": {"name": "Roaring Moon", "species": "Roaring Moon", "speciesId": "roaringmoon", "gender": "N", "shiny": false, "level": 72, "moves": ["ironhead", "knockoff", "dragondance", "outrage"], "ability": "Protosynthesis", "evs": {"hp": 85, "atk": 85, "def": 85, "spa": 85, "spd": 85, "spe": 85}, "ivs": {"hp": 31, "atk": 31, "def": 31, "spa": 31, "spd": 31, "spe": 31}, "item": "Booster Energy", "teraType": "Steel", "role": "Fast Bulky Setup", "bvs": {"hp": 105, "atk": 139, "def": 71, "spa": 55, "spd": 101, "spe": 119}, "stats": {"hp": 270, "atk": 242, "def": 144, "spa": 121, "spd": 187, "spe": 213}, "types": ["Dragon", "Dark"]}}, {"Bellossom": {"name": "Bellossom", "species": "Bellossom", "speciesId": "bellossom", "gender": "M", "shiny": false, "level": 84, "moves": ["strengthsap", "gigadrain", "terablast", "quiverdance"], "ability": "Chlorophyll", "evs": {"hp": 85, "atk": 0, "def": 85, "spa": 85, "spd": 85, "spe": 85}, "ivs": {"hp": 31, "atk": 0, "def": 31, "spa": 31, "spd": 31, "spe": 31}, "item": "Leftovers", "teraType": "Fire", "role": "Tera Blast user", "bvs": {"hp": 75, "atk": 80, "def": 95, "spa": 90, "spd": 100, "spe": 50}, "stats": {"hp": 263, "atk": 139, "def": 208, "spa": 199, "spd": 216, "spe": 132}, "types": ["Grass"]}, "Amoonguss": {"name": "Amoonguss", "species": "Amoonguss", "speciesId": "amoonguss", "gender": "M", "shiny": false, "level": 82, "moves": ["spore", "gigadrain", "stompingtantrum", "sludgebomb"], "ability": "Regenerator", "evs": {"hp": 85, "atk": 85, "def": 85, "spa": 85, "spd": 85, "spe": 85}, "ivs": {"hp": 31, "atk": 31, "def": 31, "spa": 31, "spd": 31, "spe": 31}, "item": "Leftovers", "teraType": "Steel", "role": "Bulky Attacker", "bvs": {"hp": 114, "atk": 85, "def": 70, "spa": 85, "spd": 80, "spe": 30}, "stats": {"hp": 321, "atk": 187, "def": 162, "spa": 187, "spd": 178, "spe": 96}, "types": ["Grass", "Poison"]}, "Gastrodon": {"name": "Gastrodon", "species": "Gastrodon", "speciesId": "gastrodon", "gender": "F", "shiny": false, "level": 86, "moves": ["recover", "stealthrock", "surf", "earthquake"], "ability": "Storm Drain", "evs": {"hp": 85, "atk": 85, "def": 85, "spa": 85, "spd": 85, "spe": 85}, "ivs": {"hp": 31, "atk": 31, "def": 31, "spa": 31, "spd": 31, "spe": 31}, "item": "Leftovers", "teraType": "Steel", "role": "Bulky Attacker", "bvs": {"hp": 111, "atk": 83, "def": 68, "spa": 92, "spd": 82, "spe": 39}, "stats": {"hp": 331, "atk": 192, "def": 166, "spa": 207, "spd": 190, "spe": 116}, "types": ["Water", "Ground"]}, "Zoroark": {"name": "Zoroark", "species": "Zoroark", "speciesId": "zoroark", "gender": "F", "shiny": false, "level": 83, "moves": ["focusblast", "darkpulse", "sludgebomb", "trick"], "ability": "Illusion", "evs": {"hp": 85, "atk": 0, "def": 85, "spa": 85, "spd": 85, "spe": 85}, "ivs": {"hp": 31, "atk": 0, "def": 31, "spa": 31, "spd": 31, "spe": 31}, "item": "Choice Specs", "teraType": "Poison", "role": "Wallbreaker", "bvs": {"hp": 60, "atk": 105, "def": 60, "spa": 120, "spd": 60, "spe": 105}, "stats": {"hp": 235, "atk": 179, "def": 147, "spa": 247, "spd": 147, "spe": 222}, "types": ["Dark"]}, "Spidops": {"name": "Spidops", "species": "Spidops", "speciesId": "spidops", "gender": "M", "shiny": false, "level": 96, "moves": ["stickyweb", "knockoff", "uturn", "circlethrow"], "ability": "Stakeout", "evs": {"hp": 85, "atk": 85, "def": 85, "spa": 85, "spd": 85, "spe": 85}, "ivs": {"hp": 31, "atk": 31, "def": 31, "spa": 31, "spd": 31, "spe": 31}, "item": "Heavy-Duty Boots", "teraType": "Ghost", "role": "Bulky Support", "bvs": {"hp": 60, "atk": 79, "def": 92, "spa": 52, "spd": 86, "spe": 35}, "stats": {"hp": 271, "atk": 206, "def": 231, "spa": 154, "spd": 220, "spe": 122}, "types": ["Bug"]}, "Darkrai": {"name": "Darkrai", "species": "Darkrai", "speciesId": "darkrai", "gender": "N", "shiny": false, "level": 77, "moves": ["nastyplot", "darkpulse", "sludgebomb", "substitute"], "ability": "Bad Dreams", "evs": {"hp": 85, "atk": 0, "def": 85, "spa": 85, "spd": 85, "spe": 85}, "ivs": {"hp": 31, "atk": 0, "def": 31, "spa": 31, "spd": 31, "spe": 31}, "item": "Leftovers", "teraType": "Poison", "role": "Setup Sweeper", "bvs": {"hp": 70, "atk": 90, "def": 90, "spa": 135, "spd": 90, "spe": 125}, "stats": {"hp": 234, "atk": 143, "def": 183, "spa": 252, "spd": 183, "spe": 237}, "types": ["Dark"]}}]}