{"id": "gen9randombattle-2631947163", "format": "[Gen 9] Random Battle", "players": ["Haxland", "zicafeliped"], "log": "|j|\u2606Haxland\n|j|\u2606zicafeliped\n|t:|1781458713\n|gametype|singles\n|player|p1|Haxland|102|2181\n|player|p2|zicafeliped|beauty-gen4dp|2211\n|gen|9\n|tier|[Gen 9] Random Battle\n|rated|\n|rule|Species Clause: Limit one of each Pok\u00e9mon\n|rule|HP Percentage Mod: HP is shown in percentages\n|rule|Sleep Clause Mod: Limit one foe put to sleep\n|rule|Illusion Level Mod: Illusion disguises the Pok\u00e9mon's true level\n|\n|t:|1781458713\n|teamsize|p1|6\n|teamsize|p2|6\n|start\n|switch|p1a: Kommo-o|Kommo-o, L78, F|245/245\n|switch|p2a: Raikou|Raikou, L81|278/278\n|-ability|p2a: Raikou|Pressure\n|turn|1\n|inactive|Battle timer is ON: inactive players will automatically lose when time's up. (requested by zicafeliped)\n|inactive|zicafeliped has 120 seconds left.\n|\n|t:|1781458751\n|switch|p2a: Camerupt|Camerupt, L91, F|275/275\n|move|p1a: Kommo-o|Clangorous Soul|p1a: Kommo-o\n|-boost|p1a: Kommo-o|atk|1\n|-boost|p1a: Kommo-o|def|1\n|-boost|p1a: Kommo-o|spa|1\n|-boost|p1a: Kommo-o|spd|1\n|-boost|p1a: Kommo-o|spe|1\n|-damage|p1a: Kommo-o|165/245\n|-enditem|p1a: Kommo-o|Throat Spray\n|-boost|p1a: Kommo-o|spa|1|[from] item: Throat Spray\n|\n|upkeep\n|turn|2\n|\n|t:|1781458777\n|move|p1a: Kommo-o|Drain Punch|p2a: Camerupt\n|-damage|p2a: Camerupt|151/275\n|-heal|p1a: Kommo-o|227/245|[from] drain|[of] p2a: Camerupt\n|move|p2a: Camerupt|Stealth Rock|p1a: Kommo-o\n|-sidestart|p1: Haxland|move: Stealth Rock\n|\n|-heal|p2a: Camerupt|168/275|[from] item: Leftovers\n|upkeep\n|turn|3\n|\n|t:|1781458783\n|switch|p2a: Clefable|Clefable, L83, F|293/293\n|move|p1a: Kommo-o|Boomburst|p2a: Clefable\n|-damage|p2a: Clefable|212/293\n|\n|-heal|p2a: Clefable|230/293|[from] item: Leftovers\n|upkeep\n|turn|4\n|inactive|Haxland has 120 seconds left.\n|\n|t:|1781458831\n|switch|p1a: Ogerpon|Ogerpon-Hearthflame, L74, F|239/239\n|-damage|p1a: Ogerpon|180/239|[from] Stealth Rock\n|-ability|p1a: Ogerpon|Mold Breaker\n|move|p2a: Clefable|Moonblast|p1a: Ogerpon\n|-resisted|p1a: Ogerpon\n|-damage|p1a: Ogerpon|132/239\n|\n|-heal|p2a: Clefable|248/293|[from] item: Leftovers\n|upkeep\n|turn|5\n|\n|t:|1781458841\n|switch|p2a: Camerupt|Camerupt, L91, F|168/275\n|move|p1a: Ogerpon|Trailblaze|p2a: Camerupt\n|-damage|p2a: Camerupt|102/275\n|-boost|p1a: Ogerpon|spe|1\n|\n|-heal|p2a: Camerupt|119/275|[from] item: Leftovers\n|upkeep\n|turn|6\n|\n|t:|1781458851\n|move|p1a: Ogerpon|Power Whip|p2a: Camerupt\n|-damage|p2a: Camerupt|0 fnt\n|faint|p2a: Camerupt\n|\n|upkeep\n|\n|t:|1781458863\n|switch|p2a: Archaludon|Archaludon, L78, M|268/268\n|turn|7\n|inactive|Haxland has 120 seconds left.\n|\n|t:|1781458870\n|move|p1a: Ogerpon|Swords Dance|p1a: Ogerpon\n|-boost|p1a: Ogerpon|atk|2\n|move|p2a: Archaludon|Swords Dance|p2a: Archaludon\n|-boost|p2a: Archaludon|atk|2\n|\n|upkeep\n|turn|8\n|inactive|Haxland has 120 seconds left.\n|\n|t:|1781458889\n|-terastallize|p1a: Ogerpon|Fire\n|detailschange|p1a: Ogerpon|Ogerpon-Hearthflame-Tera, L74, F, tera:Fire\n|-ability|p1a: Ogerpon|Embody Aspect (Hearthflame)|boost\n|-boost|p1a: Ogerpon|atk|1\n|move|p1a: Ogerpon|Ivy Cudgel|p2a: Archaludon|[anim] Ivy Cudgel Fire\n|-damage|p2a: Archaludon|0 fnt\n|faint|p2a: Archaludon\n|\n|upkeep\n|\n|t:|1781458899\n|switch|p2a: Raikou|Raikou, L81|278/278\n|-ability|p2a: Raikou|Pressure\n|turn|9\n|\n|t:|1781458904\n|-terastallize|p2a: Raikou|Water\n|move|p1a: Ogerpon|Power Whip|p2a: Raikou\n|-supereffective|p2a: Raikou\n|-damage|p2a: Raikou|0 fnt\n|faint|p2a: Raikou\n|\n|upkeep\n|-message|zicafeliped forfeited.\n|\n|win|Haxland\n", "inputlog": ">version a8376a258c1d4662feba110a92103f3664a72141\n>start {\"formatid\":\"gen9randombattle\",\"seed\":\"sodium,aa80e76fa8a09e77fea8732a36c7dec9\",\"rated\":\"Rated battle\"}\n>player p1 {\"name\":\"Haxland\",\"avatar\":\"102\",\"rating\":2181,\"seed\":\"sodium,35309b6ba417a0dca36ee9e40343c3c1\"}\n>player p2 {\"name\":\"zicafeliped\",\"avatar\":\"beauty-gen4dp\",\"rating\":2211,\"seed\":\"sodium,640a3bd4ec9b2f25f50fca4bfdb33f02\"}\n>p1 move clangoroussoul\n>p2 switch 6\n>p1 move drainpunch\n>p2 move stealthrock\n>p1 move boomburst\n>p2 switch 5\n>p1 switch 2\n>p2 move moonblast\n>p1 move trailblaze\n>p2 switch 5\n>p1 move powerwhip\n>p2 move earthquake\n>p2 switch 4\n>p1 move swordsdance\n>p2 move swordsdance\n>p1 move ivycudgel terastallize\n>p2 move earthquake\n>p2 switch 6\n>p1 move powerwhip\n>p2 move scald terastallize\n>forcelose p2", "uploadtime": 1781458715, "views": 6, "formatid": "gen9randombattle", "rating": null, "private": 0, "password": null, "player_dets": [{"name": "Haxland", "avatar": "102", "rating": 2181, "seed": "sodium,35309b6ba417a0dca36ee9e40343c3c1"}, {"name": "zicafeliped", "avatar": "beauty-gen4dp", "rating": 2211, "seed": "sodium,640a3bd4ec9b2f25f50fca4bfdb33f02"}], "teams_full": [{"Kommo-o": {"name": "Kommo-o", "species": "Kommo-o", "speciesId": "kommoo", "gender": "F", "shiny": false, "level": 78, "moves": ["boomburst", "drainpunch", "clangoroussoul", "clangingscales"], "ability": "Soundproof", "evs": {"hp": 85, "atk": 85, "def": 85, "spa": 85, "spd": 85, "spe": 85}, "ivs": {"hp": 31, "atk": 31, "def": 31, "spa": 31, "spd": 31, "spe": 31}, "item": "Throat Spray", "teraType": "Normal", "role": "Fast Bulky Setup", "bvs": {"hp": 75, "atk": 110, "def": 125, "spa": 100, "spd": 105, "spe": 85}, "stats": {"hp": 245, "atk": 217, "def": 240, "spa": 201, "spd": 209, "spe": 178}}, "Ogerpon": {"name": "Ogerpon", "species": "Ogerpon-Hearthflame", "speciesId": "ogerponhearthflame", "gender": "F", "shiny": false, "level": 74, "moves": ["ivycudgel", "swordsdance", "powerwhip", "trailblaze"], "ability": "Mold Breaker", "evs": {"hp": 77, "atk": 85, "def": 85, "spa": 85, "spd": 85, "spe": 85}, "ivs": {"hp": 31, "atk": 31, "def": 31, "spa": 31, "spd": 31, "spe": 31}, "item": "Hearthflame Mask", "teraType": "Fire", "role": "Setup Sweeper", "bvs": {"hp": 80, "atk": 120, "def": 84, "spa": 60, "spd": 96, "spe": 110}, "stats": {"hp": 239, "atk": 221, "def": 167, "spa": 132, "spd": 185, "spe": 206}}, "Arceus": {"name": "Arceus", "species": "Arceus-Fairy", "speciesId": "arceusfairy", "gender": "N", "shiny": false, "level": 69, "moves": ["judgment", "calmmind", "earthpower", "recover"], "ability": "Multitype", "evs": {"hp": 85, "atk": 0, "def": 85, "spa": 85, "spd": 85, "spe": 85}, "ivs": {"hp": 31, "atk": 0, "def": 31, "spa": 31, "spd": 31, "spe": 31}, "item": "Pixie Plate", "teraType": "Steel", "role": "Bulky Setup", "bvs": {"hp": 120, "atk": 120, "def": 120, "spa": 120, "spd": 120, "spe": 120}, "stats": {"hp": 280, "atk": 170, "def": 206, "spa": 206, "spd": 206, "spe": 206}}, "Flamigo": {"name": "Flamigo", "species": "Flamigo", "speciesId": "flamigo", "gender": "M", "shiny": false, "level": 82, "moves": ["closecombat", "swordsdance", "throatchop", "bravebird"], "ability": "Scrappy", "evs": {"hp": 85, "atk": 85, "def": 85, "spa": 85, "spd": 85, "spe": 85}, "ivs": {"hp": 31, "atk": 31, "def": 31, "spa": 31, "spd": 31, "spe": 31}, "item": "Life Orb", "teraType": "Fighting", "role": "Setup Sweeper", "bvs": {"hp": 82, "atk": 115, "def": 74, "spa": 75, "spd": 64, "spe": 90}, "stats": {"hp": 269, "atk": 236, "def": 169, "spa": 170, "spd": 152, "spe": 195}}, "Iron Bundle": {"name": "Iron Bundle", "species": "Iron Bundle", "speciesId": "ironbundle", "gender": "N", "shiny": false, "level": 78, "moves": ["icebeam", "flipturn", "freezedry", "hydropump"], "ability": "Quark Drive", "evs": {"hp": 85, "atk": 85, "def": 85, "spa": 85, "spd": 85, "spe": 85}, "ivs": {"hp": 31, "atk": 31, "def": 31, "spa": 31, "spd": 31, "spe": 31}, "item": "Choice Specs", "teraType": "Ice", "role": "Fast Attacker", "bvs": {"hp": 56, "atk": 80, "def": 114, "spa": 124, "spd": 60, "spe": 136}, "stats": {"hp": 215, "atk": 170, "def": 223, "spa": 239, "spd": 139, "spe": 257}}, "Persian": {"name": "Persian", "species": "Persian", "speciesId": "persian", "gender": "M", "shiny": false, "level": 92, "moves": ["uturn", "knockoff", "fakeout", "doubleedge"], "ability": "Technician", "evs": {"hp": 85, "atk": 85, "def": 85, "spa": 85, "spd": 85, "spe": 85}, "ivs": {"hp": 31, "atk": 31, "def": 31, "spa": 31, "spd": 31, "spe": 31}, "item": "Silk Scarf", "teraType": "Normal", "role": "Fast Attacker", "bvs": {"hp": 65, "atk": 70, "def": 60, "spa": 65, "spd": 65, "spe": 115}, "stats": {"hp": 269, "atk": 181, "def": 163, "spa": 172, "spd": 172, "spe": 264}}}, {"Raikou": {"name": "Raikou", "species": "Raikou", "speciesId": "raikou", "gender": "N", "shiny": false, "level": 81, "moves": ["calmmind", "shadowball", "thunderbolt", "scald"], "ability": "Pressure", "evs": {"hp": 85, "atk": 0, "def": 85, "spa": 85, "spd": 85, "spe": 85}, "ivs": {"hp": 31, "atk": 0, "def": 31, "spa": 31, "spd": 31, "spe": 31}, "item": "Leftovers", "teraType": "Water", "role": "Bulky Attacker", "bvs": {"hp": 90, "atk": 85, "def": 75, "spa": 115, "spd": 100, "spe": 115}, "stats": {"hp": 278, "atk": 142, "def": 168, "spa": 233, "spd": 209, "spe": 233}}, "Jumpluff": {"name": "Jumpluff", "species": "Jumpluff", "speciesId": "jumpluff", "gender": "M", "shiny": false, "level": 87, "moves": ["strengthsap", "acrobatics", "substitute", "leechseed"], "ability": "Infiltrator", "evs": {"hp": 81, "atk": 85, "def": 85, "spa": 85, "spd": 85, "spe": 85}, "ivs": {"hp": 31, "atk": 31, "def": 31, "spa": 31, "spd": 31, "spe": 31}, "item": "", "teraType": "Steel", "role": "Bulky Support", "bvs": {"hp": 75, "atk": 55, "def": 70, "spa": 55, "spd": 95, "spe": 110}, "stats": {"hp": 271, "atk": 145, "def": 172, "spa": 145, "spd": 215, "spe": 241}}, "Scizor": {"name": "Scizor", "species": "Scizor", "speciesId": "scizor", "gender": "M", "shiny": false, "level": 79, "moves": ["knockoff", "uturn", "bulletpunch", "closecombat"], "ability": "Technician", "evs": {"hp": 85, "atk": 85, "def": 85, "spa": 85, "spd": 85, "spe": 85}, "ivs": {"hp": 31, "atk": 31, "def": 31, "spa": 31, "spd": 31, "spe": 31}, "item": "Choice Band", "teraType": "Steel", "role": "Wallbreaker", "bvs": {"hp": 70, "atk": 130, "def": 100, "spa": 55, "spd": 80, "spe": 65}, "stats": {"hp": 240, "atk": 251, "def": 204, "spa": 132, "spd": 172, "spe": 148}}, "Archaludon": {"name": "Archaludon", "species": "Archaludon", "speciesId": "archaludon", "gender": "M", "shiny": false, "level": 78, "moves": ["outrage", "ironhead", "earthquake", "swordsdance"], "ability": "Stamina", "evs": {"hp": 85, "atk": 85, "def": 85, "spa": 85, "spd": 85, "spe": 85}, "ivs": {"hp": 31, "atk": 31, "def": 31, "spa": 31, "spd": 31, "spe": 31}, "item": "Lum Berry", "teraType": "Ground", "role": "Bulky Setup", "bvs": {"hp": 90, "atk": 105, "def": 130, "spa": 125, "spd": 65, "spe": 85}, "stats": {"hp": 268, "atk": 209, "def": 248, "spa": 240, "spd": 146, "spe": 178}}, "Clefable": {"name": "Clefable", "species": "Clefable", "speciesId": "clefable", "gender": "F", "shiny": false, "level": 83, "moves": ["fireblast", "moonblast", "moonlight", "calmmind"], "ability": "Unaware", "evs": {"hp": 85, "atk": 0, "def": 85, "spa": 85, "spd": 85, "spe": 85}, "ivs": {"hp": 31, "atk": 0, "def": 31, "spa": 31, "spd": 31, "spe": 31}, "item": "Leftovers", "teraType": "Fire", "role": "Bulky Setup", "bvs": {"hp": 95, "atk": 70, "def": 73, "spa": 95, "spd": 90, "spe": 60}, "stats": {"hp": 293, "atk": 121, "def": 169, "spa": 205, "spd": 197, "spe": 147}}, "Camerupt": {"name": "Camerupt", "species": "Camerupt", "speciesId": "camerupt", "gender": "F", "shiny": false, "level": 91, "moves": ["stealthrock", "earthquake", "willowisp", "overheat"], "ability": "Solid Rock", "evs": {"hp": 85, "atk": 85, "def": 85, "spa": 85, "spd": 85, "spe": 85}, "ivs": {"hp": 31, "atk": 31, "def": 31, "spa": 31, "spd": 31, "spe": 31}, "item": "Leftovers", "teraType": "Grass", "role": "Bulky Support", "bvs": {"hp": 70, "atk": 100, "def": 70, "spa": 105, "spd": 75, "spe": 40}, "stats": {"hp": 275, "atk": 234, "def": 179, "spa": 243, "spd": 188, "spe": 125}}}]}