{"id": "gen9randombattle-2632015383", "format": "[Gen 9] Random Battle", "players": ["fabbe360", "UU Fent Dealer"], "log": "|j|\u2606fabbe360\n|j|\u2606UU Fent Dealer\n|t:|1781466169\n|gametype|singles\n|player|p1|fabbe360|steven|1387\n|player|p2|UU Fent Dealer|2|1346\n|gen|9\n|tier|[Gen 9] Random Battle\n|rated|\n|rule|Species Clause: Limit one of each Pok\u00e9mon\n|rule|HP Percentage Mod: HP is shown in percentages\n|rule|Sleep Clause Mod: Limit one foe put to sleep\n|rule|Illusion Level Mod: Illusion disguises the Pok\u00e9mon's true level\n|\n|t:|1781466169\n|teamsize|p1|6\n|teamsize|p2|6\n|start\n|switch|p1a: Bronzong|Bronzong, L88|261/261\n|switch|p2a: Flygon|Flygon, L82, M|265/265\n|turn|1\n|inactive|Battle timer is ON: inactive players will automatically lose when time's up. (requested by UU Fent Dealer)\n|\n|t:|1781466179\n|move|p2a: Flygon|U-turn|p1a: Bronzong\n|-damage|p1a: Bronzong|225/261\n|\n|t:|1781466186\n|switch|p2a: Greninja|Greninja, L80, M|246/246|[from] U-turn\n|move|p1a: Bronzong|Iron Defense|p1a: Bronzong\n|-boost|p1a: Bronzong|def|2\n|\n|-heal|p1a: Bronzong|241/261|[from] item: Leftovers\n|upkeep\n|turn|2\n|\n|t:|1781466212\n|-terastallize|p1a: Bronzong|Fighting\n|move|p2a: Greninja|Dark Pulse|p1a: Bronzong\n|-resisted|p1a: Bronzong\n|-damage|p1a: Bronzong|198/261\n|-damage|p2a: Greninja|222/246|[from] item: Life Orb\n|move|p1a: Bronzong|Body Press|p2a: Greninja\n|-supereffective|p2a: Greninja\n|-damage|p2a: Greninja|0 fnt\n|faint|p2a: Greninja\n|\n|-heal|p1a: Bronzong|214/261|[from] item: Leftovers\n|upkeep\n|\n|t:|1781466227\n|switch|p2a: Chimecho|Chimecho, L93, F|290/290\n|turn|3\n|\n|t:|1781466241\n|switch|p1a: Hitmontop|Hitmontop, L88, M|219/219\n|move|p2a: Chimecho|Psychic Noise|p1a: Hitmontop\n|-damage|p1a: Hitmontop|77/219\n|-start|p1a: Hitmontop|move: Heal Block\n|replace|p1a: Zoroark|Zoroark-Hisui, L80, M\n|-end|p1a: Zoroark|Illusion\n|-hint|Illusion Level Mod is active, so this Pok\u00e9mon's true level was hidden.\n|\n|upkeep\n|turn|4\n|\n|t:|1781466253\n|switch|p2a: Terapagos|Terapagos, L77, M|265/265\n|-activate|p2a: Terapagos|ability: Tera Shift\n|detailschange|p2a: Terapagos|Terapagos-Terastal, L77, M\n|-heal|p2a: Terapagos|273/273|[silent]\n|move|p1a: Zoroark|Poltergeist|p2a: Terapagos\n|-immune|p2a: Terapagos\n|\n|-end|p1a: Zoroark|move: Heal Block\n|upkeep\n|turn|5\n|\n|t:|1781466271\n|move|p1a: Zoroark|Focus Blast|p2a: Terapagos\n|-activate|p2a: Terapagos|ability: Tera Shell\n|-resisted|p2a: Terapagos\n|-damage|p2a: Terapagos|217/273\n|-damage|p1a: Zoroark|56/219|[from] item: Life Orb\n|move|p2a: Terapagos|Calm Mind|p2a: Terapagos\n|-boost|p2a: Terapagos|spa|1\n|-boost|p2a: Terapagos|spd|1\n|\n|upkeep\n|turn|6\n|\n|t:|1781466284\n|-terastallize|p2a: Terapagos|Stellar\n|detailschange|p2a: Terapagos|Terapagos-Stellar, L77, M, tera:Stellar\n|-heal|p2a: Terapagos|317/373|[silent]\n|move|p1a: Zoroark|Focus Blast|p2a: Terapagos|[miss]\n|-miss|p1a: Zoroark|p2a: Terapagos\n|move|p2a: Terapagos|Earth Power|p1a: Zoroark\n|-damage|p1a: Zoroark|0 fnt\n|faint|p1a: Zoroark\n|\n|upkeep\n|inactive|fabbe360 has 120 seconds left.\n|\n|t:|1781466317\n|switch|p1a: Glaceon|Glaceon, L94, F|275/275\n|turn|7\n|\n|t:|1781466326\n|move|p1a: Glaceon|Freeze-Dry|p2a: Terapagos\n|-crit|p2a: Terapagos\n|-damage|p2a: Terapagos|169/373\n|-status|p2a: Terapagos|frz\n|-curestatus|p2a: Terapagos|frz|[msg]\n|move|p2a: Terapagos|Rapid Spin|p1a: Glaceon\n|-damage|p1a: Glaceon|215/275\n|-boost|p2a: Terapagos|spe|1\n|\n|upkeep\n|turn|8\n|inactive|fabbe360 has 120 seconds left.\n|\n|t:|1781466339\n|move|p2a: Terapagos|Tera Starstorm|p1a: Glaceon\n|-damage|p1a: Glaceon|90/275\n|move|p1a: Glaceon|Freeze-Dry|p2a: Terapagos\n|-damage|p2a: Terapagos|100/373\n|\n|upkeep\n|turn|9\n|inactive|fabbe360 has 120 seconds left.\n|\n|t:|1781466346\n|move|p2a: Terapagos|Tera Starstorm|p1a: Glaceon\n|-damage|p1a: Glaceon|0 fnt\n|faint|p1a: Glaceon\n|\n|upkeep\n|inactive|fabbe360 has 120 seconds left.\n|\n|t:|1781466355\n|switch|p1a: Bronzong|Bronzong, L88, tera:Fighting|214/261\n|turn|10\n|\n|t:|1781466358\n|move|p2a: Terapagos|Tera Starstorm|p1a: Bronzong\n|-supereffective|p1a: Bronzong\n|-damage|p1a: Bronzong|0 fnt\n|faint|p1a: Bronzong\n|\n|upkeep\n|\n|t:|1781466367\n|switch|p1a: Stonjourner|Stonjourner, L91, F|330/330\n|turn|11\n|\n|t:|1781466375\n|move|p2a: Terapagos|Earth Power|p1a: Stonjourner\n|-supereffective|p1a: Stonjourner\n|-crit|p1a: Stonjourner\n|-damage|p1a: Stonjourner|0 fnt\n|faint|p1a: Stonjourner\n|\n|upkeep\n|\n|t:|1781466380\n|switch|p1a: Hitmontop|Hitmontop, L88, M|231/231\n|-ability|p1a: Hitmontop|Intimidate|boost\n|-unboost|p2a: Terapagos|atk|1\n|turn|12\n|\n|t:|1781466387\n|move|p1a: Hitmontop|Sucker Punch|p2a: Terapagos\n|-damage|p2a: Terapagos|48/373\n|move|p2a: Terapagos|Tera Starstorm|p1a: Hitmontop\n|-crit|p1a: Hitmontop\n|-damage|p1a: Hitmontop|99/231\n|\n|upkeep\n|turn|13\n|\n|t:|1781466395\n|move|p2a: Terapagos|Calm Mind|p2a: Terapagos\n|-boost|p2a: Terapagos|spa|1\n|-boost|p2a: Terapagos|spd|1\n|move|p1a: Hitmontop|Earthquake|p2a: Terapagos\n|-damage|p2a: Terapagos|0 fnt\n|faint|p2a: Terapagos\n|detailschange|p2: Terapagos|Terapagos, L77, M|[silent]\n|\n|upkeep\n|\n|t:|1781466402\n|switch|p2a: Flygon|Flygon, L82, M|265/265\n|turn|14\n|\n|t:|1781466416\n|move|p2a: Flygon|Earthquake|p1a: Hitmontop\n|-damage|p1a: Hitmontop|5/231\n|move|p1a: Hitmontop|Close Combat|p2a: Flygon\n|-damage|p2a: Flygon|121/265\n|-unboost|p1a: Hitmontop|def|1\n|-unboost|p1a: Hitmontop|spd|1\n|\n|upkeep\n|turn|15\n|\n|t:|1781466425\n|move|p1a: Hitmontop|Sucker Punch|p2a: Flygon\n|-damage|p2a: Flygon|61/265\n|move|p2a: Flygon|Earthquake|p1a: Hitmontop\n|-damage|p1a: Hitmontop|0 fnt\n|faint|p1a: Hitmontop\n|\n|upkeep\n|\n|t:|1781466429\n|switch|p1a: Inteleon|Inteleon, L81, M|246/246\n|turn|16\n|\n|t:|1781466437\n|move|p2a: Flygon|Earthquake|p1a: Inteleon\n|-damage|p1a: Inteleon|116/246\n|move|p1a: Inteleon|Ice Beam|p2a: Flygon\n|-supereffective|p2a: Flygon\n|-damage|p2a: Flygon|0 fnt\n|faint|p2a: Flygon\n|\n|upkeep\n|\n|t:|1781466444\n|switch|p2a: Raichu|Raichu, L88, M|249/249\n|turn|17\n|\n|t:|1781466456\n|move|p2a: Raichu|Thunderbolt|p1a: Inteleon\n|-supereffective|p1a: Inteleon\n|-damage|p1a: Inteleon|0 fnt\n|faint|p1a: Inteleon\n|\n|win|UU Fent Dealer\n|raw|fabbe360's rating: 1387 &rarr; <strong>1365</strong><br />(-22 for losing)\n|raw|UU Fent Dealer's rating: 1346 &rarr; <strong>1368</strong><br />(+22 for winning)\n|c|\u2606fabbe360|ggs\n", "inputlog": ">version a8376a258c1d4662feba110a92103f3664a72141\n>start {\"formatid\":\"gen9randombattle\",\"seed\":\"sodium,736c740435ccff77f21f11f7a535e69c\",\"rated\":\"Rated battle\"}\n>player p1 {\"name\":\"fabbe360\",\"avatar\":\"steven\",\"rating\":1387,\"seed\":\"sodium,44dbb05ee78f7b2011fbc545133daca9\"}\n>player p2 {\"name\":\"UU Fent Dealer\",\"avatar\":\"2\",\"rating\":1346,\"seed\":\"sodium,f36d779975c06c2bab4fd7712fa983fc\"}\n>p1 move irondefense\n>p2 move uturn\n>p2 switch 4\n>p1 move bodypress terastallize\n>p2 move darkpulse\n>p2 switch 2\n>p1 switch 4\n>p2 move psychicnoise\n>p1 move poltergeist\n>p2 switch 3\n>p1 move focusblast\n>p2 move calmmind\n>p1 move focusblast\n>p2 move earthpower terastallize\n>p1 switch 2\n>p1 move freezedry\n>p2 move rapidspin\n>p1 move freezedry\n>p2 move terastarstorm\n>p1 move mudshot\n>p2 move terastarstorm\n>p1 switch 4\n>p1 move bodypress\n>p2 move terastarstorm\n>p1 switch 3\n>p1 move earthquake\n>p2 move earthpower\n>p1 switch 6\n>p1 move suckerpunch\n>p2 move terastarstorm\n>p1 move earthquake\n>p2 move calmmind\n>p2 switch 4\n>p1 move closecombat\n>p2 move earthquake\n>p1 move suckerpunch\n>p2 move earthquake\n>p1 switch 5\n>p1 move icebeam\n>p2 move earthquake\n>p2 switch 5\n>p1 move icebeam\n>p2 move thunderbolt", "uploadtime": 1781466462, "views": 2, "formatid": "gen9randombattle", "rating": 1365, "private": 0, "password": null, "player_dets": [{"name": "fabbe360", "avatar": "steven", "rating": 1387, "seed": "sodium,44dbb05ee78f7b2011fbc545133daca9"}, {"name": "UU Fent Dealer", "avatar": "2", "rating": 1346, "seed": "sodium,f36d779975c06c2bab4fd7712fa983fc"}], "teams_full": [{"Bronzong": {"name": "Bronzong", "species": "Bronzong", "speciesId": "bronzong", "gender": "N", "shiny": false, "level": 88, "moves": ["ironhead", "irondefense", "psychicnoise", "bodypress"], "ability": "Levitate", "evs": {"hp": 85, "atk": 85, "def": 85, "spa": 85, "spd": 85, "spe": 85}, "ivs": {"hp": 31, "atk": 31, "def": 31, "spa": 31, "spd": 31, "spe": 31}, "item": "Leftovers", "teraType": "Fighting", "role": "Bulky Setup", "bvs": {"hp": 67, "atk": 89, "def": 116, "spa": 79, "spd": 116, "spe": 33}, "stats": {"hp": 261, "atk": 207, "def": 254, "spa": 189, "spd": 254, "spe": 108}}, "Glaceon": {"name": "Glaceon", "species": "Glaceon", "speciesId": "glaceon", "gender": "F", "shiny": false, "level": 94, "moves": ["wish", "mudshot", "freezedry", "protect"], "ability": "Ice Body", "evs": {"hp": 85, "atk": 0, "def": 85, "spa": 85, "spd": 85, "spe": 85}, "ivs": {"hp": 31, "atk": 0, "def": 31, "spa": 31, "spd": 31, "spe": 31}, "item": "Heavy-Duty Boots", "teraType": "Ground", "role": "Bulky Attacker", "bvs": {"hp": 65, "atk": 60, "def": 110, "spa": 130, "spd": 95, "spe": 65}, "stats": {"hp": 275, "atk": 117, "def": 260, "spa": 298, "spd": 232, "spe": 176}}, "Stonjourner": {"name": "Stonjourner", "species": "Stonjourner", "speciesId": "stonjourner", "gender": "F", "shiny": false, "level": 91, "moves": ["stoneedge", "heatcrash", "earthquake", "stealthrock"], "ability": "Power Spot", "evs": {"hp": 85, "atk": 85, "def": 85, "spa": 85, "spd": 85, "spe": 85}, "ivs": {"hp": 31, "atk": 31, "def": 31, "spa": 31, "spd": 31, "spe": 31}, "item": "Life Orb", "teraType": "Fire", "role": "Fast Attacker", "bvs": {"hp": 100, "atk": 125, "def": 135, "spa": 20, "spd": 20, "spe": 70}, "stats": {"hp": 330, "atk": 279, "def": 298, "spa": 88, "spd": 88, "spe": 179}}, "Zoroark": {"name": "Zoroark", "species": "Zoroark-Hisui", "speciesId": "zoroarkhisui", "gender": "M", "shiny": false, "level": 80, "moves": ["focusblast", "poltergeist", "hypervoice", "willowisp"], "ability": "Illusion", "evs": {"hp": 85, "atk": 85, "def": 85, "spa": 85, "spd": 85, "spe": 85}, "ivs": {"hp": 31, "atk": 31, "def": 31, "spa": 31, "spd": 31, "spe": 31}, "item": "Life Orb", "teraType": "Fighting", "role": "Fast Attacker", "bvs": {"hp": 55, "atk": 100, "def": 60, "spa": 125, "spd": 60, "spe": 110}, "stats": {"hp": 219, "atk": 206, "def": 142, "spa": 246, "spd": 142, "spe": 222}}, "Inteleon": {"name": "Inteleon", "species": "Inteleon", "speciesId": "inteleon", "gender": "M", "shiny": false, "level": 81, "moves": ["uturn", "scald", "hydropump", "icebeam"], "ability": "Torrent", "evs": {"hp": 85, "atk": 85, "def": 85, "spa": 85, "spd": 85, "spe": 85}, "ivs": {"hp": 31, "atk": 31, "def": 31, "spa": 31, "spd": 31, "spe": 31}, "item": "Choice Specs", "teraType": "Water", "role": "Wallbreaker", "bvs": {"hp": 70, "atk": 85, "def": 65, "spa": 125, "spd": 65, "spe": 120}, "stats": {"hp": 246, "atk": 184, "def": 152, "spa": 249, "spd": 152, "spe": 241}}, "Hitmontop": {"name": "Hitmontop", "species": "Hitmontop", "speciesId": "hitmontop", "gender": "M", "shiny": false, "level": 88, "moves": ["rapidspin", "closecombat", "suckerpunch", "earthquake"], "ability": "Intimidate", "evs": {"hp": 85, "atk": 85, "def": 85, "spa": 85, "spd": 85, "spe": 85}, "ivs": {"hp": 31, "atk": 31, "def": 31, "spa": 31, "spd": 31, "spe": 31}, "item": "Assault Vest", "teraType": "Steel", "role": "Bulky Support", "bvs": {"hp": 50, "atk": 95, "def": 95, "spa": 35, "spd": 110, "spe": 70}, "stats": {"hp": 231, "atk": 217, "def": 217, "spa": 112, "spd": 244, "spe": 173}}}, {"Flygon": {"name": "Flygon", "species": "Flygon", "speciesId": "flygon", "gender": "M", "shiny": false, "level": 82, "moves": ["earthquake", "outrage", "stoneedge", "uturn"], "ability": "Levitate", "evs": {"hp": 85, "atk": 85, "def": 85, "spa": 85, "spd": 85, "spe": 85}, "ivs": {"hp": 31, "atk": 31, "def": 31, "spa": 31, "spd": 31, "spe": 31}, "item": "Choice Scarf", "teraType": "Rock", "role": "Fast Attacker", "bvs": {"hp": 80, "atk": 100, "def": 80, "spa": 80, "spd": 80, "spe": 100}, "stats": {"hp": 265, "atk": 211, "def": 178, "spa": 178, "spd": 178, "spe": 211}}, "Chimecho": {"name": "Chimecho", "species": "Chimecho", "speciesId": "chimecho", "gender": "F", "shiny": false, "level": 93, "moves": ["calmmind", "recover", "dazzlinggleam", "psychicnoise"], "ability": "Levitate", "evs": {"hp": 85, "atk": 0, "def": 85, "spa": 85, "spd": 85, "spe": 85}, "ivs": {"hp": 31, "atk": 0, "def": 31, "spa": 31, "spd": 31, "spe": 31}, "item": "Leftovers", "teraType": "Steel", "role": "Bulky Setup", "bvs": {"hp": 75, "atk": 50, "def": 80, "spa": 95, "spd": 90, "spe": 65}, "stats": {"hp": 290, "atk": 98, "def": 202, "spa": 230, "spd": 220, "spe": 174}}, "Terapagos": {"name": "Terapagos", "species": "Terapagos", "speciesId": "terapagos", "gender": "M", "shiny": false, "level": 77, "moves": ["rapidspin", "calmmind", "terastarstorm", "earthpower"], "ability": "Tera Shift", "evs": {"hp": 85, "atk": 85, "def": 85, "spa": 85, "spd": 85, "spe": 85}, "ivs": {"hp": 31, "atk": 31, "def": 31, "spa": 31, "spd": 31, "spe": 31}, "item": "Heavy-Duty Boots", "teraType": "Stellar", "role": "Fast Bulky Setup", "bvs": {"hp": 90, "atk": 65, "def": 85, "spa": 65, "spd": 85, "spe": 60}, "stats": {"hp": 265, "atk": 145, "def": 175, "spa": 145, "spd": 175, "spe": 137}}, "Greninja": {"name": "Greninja", "species": "Greninja-Bond", "speciesId": "greninjabond", "gender": "M", "shiny": false, "level": 80, "moves": ["icebeam", "gunkshot", "darkpulse", "hydropump"], "ability": "Battle Bond", "evs": {"hp": 85, "atk": 85, "def": 85, "spa": 85, "spd": 85, "spe": 85}, "ivs": {"hp": 31, "atk": 31, "def": 31, "spa": 31, "spd": 31, "spe": 31}, "item": "Life Orb", "teraType": "Water", "role": "Fast Attacker", "bvs": {"hp": 72, "atk": 95, "def": 67, "spa": 103, "spd": 71, "spe": 122}, "stats": {"hp": 246, "atk": 198, "def": 153, "spa": 211, "spd": 160, "spe": 241}}, "Raichu": {"name": "Raichu", "species": "Raichu", "speciesId": "raichu", "gender": "M", "shiny": false, "level": 88, "moves": ["grassknot", "knockoff", "surf", "thunderbolt"], "ability": "Lightning Rod", "evs": {"hp": 85, "atk": 85, "def": 85, "spa": 85, "spd": 85, "spe": 85}, "ivs": {"hp": 31, "atk": 31, "def": 31, "spa": 31, "spd": 31, "spe": 31}, "item": "Assault Vest", "teraType": "Grass", "role": "Fast Support", "bvs": {"hp": 60, "atk": 90, "def": 55, "spa": 90, "spd": 80, "spe": 110}, "stats": {"hp": 249, "atk": 209, "def": 147, "spa": 209, "spd": 191, "spe": 244}}, "Sunflora": {"name": "Sunflora", "species": "Sunflora", "speciesId": "sunflora", "gender": "M", "shiny": false, "level": 100, "moves": ["sunnyday", "solarbeam", "weatherball", "earthpower"], "ability": "Chlorophyll", "evs": {"hp": 85, "atk": 0, "def": 85, "spa": 85, "spd": 85, "spe": 85}, "ivs": {"hp": 31, "atk": 0, "def": 31, "spa": 31, "spd": 31, "spe": 31}, "item": "Life Orb", "teraType": "Fire", "role": "Setup Sweeper", "bvs": {"hp": 75, "atk": 75, "def": 55, "spa": 105, "spd": 85, "spe": 30}, "stats": {"hp": 312, "atk": 155, "def": 167, "spa": 267, "spd": 227, "spe": 117}}}]}