{"id": "gen9randombattle-2631808469", "format": "[Gen 9] Random Battle", "players": ["kapersthekrap", "MasterJ007"], "log": "|badge|p2|bronze|gen9randombattle|100-9\n|uhtml|medal-msg|<div class=\"broadcast-blue\">Curious what those medals under the avatar are? PS now has Ladder Seasons! For more information, check out the <a href=\"https://www.smogon.com/forums/threads/3740067/\">thread on Smogon.</a></div>\n|j|\u2606kapersthekrap\n|j|\u2606MasterJ007\n|t:|1781442703\n|gametype|singles\n|player|p1|kapersthekrap|alder|2117\n|player|p2|MasterJ007|#rbtt7teamsuicune|2337\n|gen|9\n|tier|[Gen 9] Random Battle\n|rated|\n|rule|Species Clause: Limit one of each Pok\u00e9mon\n|rule|HP Percentage Mod: HP is shown in percentages\n|rule|Sleep Clause Mod: Limit one foe put to sleep\n|rule|Illusion Level Mod: Illusion disguises the Pok\u00e9mon's true level\n|\n|t:|1781442703\n|teamsize|p1|6\n|teamsize|p2|6\n|start\n|switch|p1a: Crabominable|Crabominable, L90, F|321/321\n|switch|p2a: Goodra|Goodra-Hisui, L82, F|265/265\n|turn|1\n|inactive|Battle timer is ON: inactive players will automatically lose when time's up. (requested by kapersthekrap)\n|inactive|MasterJ007 also wants the timer to be on.\n|inactive|MasterJ007 has 120 seconds left.\n|inactive|kapersthekrap has 120 seconds left.\n|\n|t:|1781442746\n|switch|p2a: Politoed|Politoed, L88, M|302/302\n|-weather|RainDance|[from] ability: Drizzle|[of] p2a: Politoed\n|move|p1a: Crabominable|Knock Off|p2a: Politoed\n|-damage|p2a: Politoed|183/302\n|-enditem|p2a: Politoed|Chesto Berry|[from] move: Knock Off|[of] p1a: Crabominable\n|\n|-weather|RainDance|[upkeep]\n|upkeep\n|turn|2\n|inactive|kapersthekrap has 120 seconds left.\n|\n|t:|1781442782\n|move|p2a: Politoed|Surf|p1a: Crabominable\n|-damage|p1a: Crabominable|200/321\n|move|p1a: Crabominable|Drain Punch|p2a: Politoed\n|-damage|p2a: Politoed|35/302\n|-heal|p1a: Crabominable|274/321|[from] drain|[of] p2a: Politoed\n|\n|-weather|RainDance|[upkeep]\n|upkeep\n|turn|3\n|inactive|kapersthekrap has 120 seconds left.\n|\n|t:|1781442788\n|move|p2a: Politoed|Surf|p1a: Crabominable\n|-damage|p1a: Crabominable|160/321\n|move|p1a: Crabominable|Drain Punch|p2a: Politoed\n|-damage|p2a: Politoed|0 fnt\n|-heal|p1a: Crabominable|178/321|[from] drain|[of] p2a: Politoed\n|faint|p2a: Politoed\n|\n|-weather|RainDance|[upkeep]\n|upkeep\n|\n|t:|1781442795\n|switch|p2a: Sylveon|Sylveon, L85, M|300/300\n|turn|4\n|inactive|kapersthekrap has 120 seconds left.\n|\n|t:|1781442813\n|switch|p1a: Perrserker|Perrserker, L89, F|269/269\n|move|p2a: Sylveon|Hyper Voice|p1a: Perrserker\n|-resisted|p1a: Perrserker\n|-damage|p1a: Perrserker|191/269\n|\n|-weather|RainDance|[upkeep]\n|upkeep\n|turn|5\n|\n|t:|1781442828\n|move|p2a: Sylveon|Protect|p2a: Sylveon\n|-singleturn|p2a: Sylveon|Protect\n|move|p1a: Perrserker|Stealth Rock|p2a: Sylveon\n|-sidestart|p2: MasterJ007|move: Stealth Rock\n|\n|-weather|none\n|upkeep\n|turn|6\n|\n|t:|1781442832\n|switch|p2a: Goodra|Goodra-Hisui, L82, F|265/265\n|-damage|p2a: Goodra|249/265|[from] Stealth Rock\n|move|p1a: Perrserker|U-turn|p2a: Goodra\n|-resisted|p2a: Goodra\n|-damage|p2a: Goodra|197/265\n|-damage|p1a: Perrserker|165/269|[from] item: Life Orb\n|\n|t:|1781442835\n|switch|p1a: Crabominable|Crabominable, L90, F|178/321|[from] U-turn\n|\n|upkeep\n|turn|7\n|\n|t:|1781442840\n|switch|p2a: Sylveon|Sylveon, L85, M|300/300\n|-damage|p2a: Sylveon|263/300|[from] Stealth Rock\n|move|p1a: Crabominable|Drain Punch|p2a: Sylveon\n|-resisted|p2a: Sylveon\n|-damage|p2a: Sylveon|171/300\n|-heal|p1a: Crabominable|224/321|[from] drain|[of] p2a: Sylveon\n|\n|-heal|p2a: Sylveon|189/300|[from] item: Leftovers\n|upkeep\n|turn|8\n|\n|t:|1781442847\n|switch|p1a: Grafaiai|Grafaiai, L86, M|249/249\n|move|p2a: Sylveon|Hyper Voice|p1a: Grafaiai\n|-resisted|p1a: Grafaiai\n|-damage|p1a: Grafaiai|171/249\n|\n|-heal|p2a: Sylveon|207/300|[from] item: Leftovers\n|upkeep\n|turn|9\n|\n|t:|1781442854\n|move|p2a: Sylveon|Protect|p2a: Sylveon\n|-singleturn|p2a: Sylveon|Protect\n|move|p1a: Grafaiai|Knock Off|p2a: Sylveon\n|-activate|p2a: Sylveon|move: Protect\n|\n|-heal|p2a: Sylveon|225/300|[from] item: Leftovers\n|upkeep\n|turn|10\n|\n|t:|1781442860\n|switch|p2a: Goodra|Goodra-Hisui, L82, F|197/265\n|-damage|p2a: Goodra|181/265|[from] Stealth Rock\n|move|p1a: Grafaiai|Knock Off|p2a: Goodra\n|-damage|p2a: Goodra|95/265\n|-enditem|p2a: Goodra|Assault Vest|[from] move: Knock Off|[of] p1a: Grafaiai\n|-damage|p1a: Grafaiai|147/249|[from] item: Life Orb\n|\n|upkeep\n|turn|11\n|\n|t:|1781442865\n|move|p1a: Grafaiai|Low Kick|p2a: Goodra\n|-supereffective|p2a: Goodra\n|-damage|p2a: Goodra|0 fnt\n|faint|p2a: Goodra\n|-damage|p1a: Grafaiai|123/249|[from] item: Life Orb\n|\n|upkeep\n|\n|t:|1781442872\n|switch|p2a: Beartic|Beartic, L91, M|321/321\n|turn|12\n|\n|t:|1781442886\n|move|p1a: Grafaiai|Low Kick|p2a: Beartic\n|-supereffective|p2a: Beartic\n|-damage|p2a: Beartic|97/321\n|-damage|p1a: Grafaiai|99/249|[from] item: Life Orb\n|move|p2a: Beartic|Earthquake|p1a: Grafaiai\n|-supereffective|p1a: Grafaiai\n|-damage|p1a: Grafaiai|0 fnt\n|faint|p1a: Grafaiai\n|\n|upkeep\n|\n|t:|1781442899\n|switch|p1a: Sandaconda|Sandaconda, L84, F|258/258\n|turn|13\n|\n|t:|1781442903\n|move|p1a: Sandaconda|Earthquake|p2a: Beartic\n|-damage|p2a: Beartic|0 fnt\n|faint|p2a: Beartic\n|\n|upkeep\n|\n|t:|1781442911\n|switch|p2a: Victreebel|Victreebel, L90, M|290/290\n|-damage|p2a: Victreebel|254/290|[from] Stealth Rock\n|turn|14\n|\n|t:|1781442923\n|switch|p1a: Brambleghast|Brambleghast, L88, M|240/240\n|move|p2a: Victreebel|Power Whip|p1a: Brambleghast\n|-resisted|p1a: Brambleghast\n|-damage|p1a: Brambleghast|118/240\n|-damage|p2a: Victreebel|225/290|[from] item: Life Orb\n|\n|-heal|p1a: Brambleghast|133/240|[from] item: Leftovers\n|upkeep\n|turn|15\n|\n|t:|1781442933\n|move|p1a: Brambleghast|Poltergeist|p2a: Victreebel\n|-activate|p2a: Victreebel|move: Poltergeist|Life Orb\n|-damage|p2a: Victreebel|57/290\n|move|p2a: Victreebel|Sludge Wave|p1a: Brambleghast\n|-damage|p1a: Brambleghast|0 fnt\n|faint|p1a: Brambleghast\n|-damage|p2a: Victreebel|28/290|[from] item: Life Orb\n|\n|upkeep\n|\n|t:|1781442941\n|switch|p1a: Infernape|Infernape, L82, M|259/259\n|turn|16\n|\n|t:|1781442946\n|move|p1a: Infernape|U-turn|p2a: Victreebel\n|-damage|p2a: Victreebel|0 fnt\n|faint|p2a: Victreebel\n|\n|t:|1781442952\n|switch|p1a: Perrserker|Perrserker, L89, F|165/269|[from] U-turn\n|\n|upkeep\n|\n|t:|1781442955\n|switch|p2a: Oranguru|Oranguru, L92, F|315/315\n|-damage|p2a: Oranguru|276/315|[from] Stealth Rock\n|turn|17\n|\n|t:|1781442965\n|move|p2a: Oranguru|Hyper Voice|p1a: Perrserker\n|-resisted|p1a: Perrserker\n|-damage|p1a: Perrserker|72/269\n|move|p1a: Perrserker|U-turn|p2a: Oranguru\n|-supereffective|p2a: Oranguru\n|-damage|p2a: Oranguru|63/315\n|-damage|p1a: Perrserker|46/269|[from] item: Life Orb\n|\n|t:|1781442971\n|switch|p1a: Infernape|Infernape, L82, M|259/259|[from] U-turn\n|\n|upkeep\n|turn|18\n|\n|t:|1781442975\n|move|p1a: Infernape|U-turn|p2a: Oranguru\n|-supereffective|p2a: Oranguru\n|-damage|p2a: Oranguru|0 fnt\n|faint|p2a: Oranguru\n|\n|t:|1781442983\n|switch|p1a: Perrserker|Perrserker, L89, F|46/269|[from] U-turn\n|\n|upkeep\n|\n|t:|1781442985\n|switch|p2a: Sylveon|Sylveon, L85, M|225/300\n|-damage|p2a: Sylveon|188/300|[from] Stealth Rock\n|turn|19\n|\n|t:|1781442989\n|move|p2a: Sylveon|Protect|p2a: Sylveon\n|-singleturn|p2a: Sylveon|Protect\n|move|p1a: Perrserker|Iron Head|p2a: Sylveon\n|-activate|p2a: Sylveon|move: Protect\n|\n|-heal|p2a: Sylveon|206/300|[from] item: Leftovers\n|upkeep\n|turn|20\n|\n|t:|1781442992\n|move|p2a: Sylveon|Hyper Voice|p1a: Perrserker\n|-resisted|p1a: Perrserker\n|-damage|p1a: Perrserker|0 fnt\n|faint|p1a: Perrserker\n|\n|-heal|p2a: Sylveon|224/300|[from] item: Leftovers\n|upkeep\n|\n|t:|1781442995\n|switch|p1a: Sandaconda|Sandaconda, L84, F|258/258\n|turn|21\n|\n|t:|1781443007\n|-terastallize|p1a: Sandaconda|Steel\n|move|p1a: Sandaconda|Earthquake|p2a: Sylveon\n|-damage|p2a: Sylveon|82/300\n|move|p2a: Sylveon|Wish|p2a: Sylveon\n|\n|-heal|p2a: Sylveon|100/300|[from] item: Leftovers\n|upkeep\n|turn|22\n|\n|t:|1781443019\n|move|p1a: Sandaconda|Coil|p1a: Sandaconda\n|-boost|p1a: Sandaconda|atk|1\n|-boost|p1a: Sandaconda|def|1\n|-boost|p1a: Sandaconda|accuracy|1\n|move|p2a: Sylveon|Hyper Voice|p1a: Sandaconda\n|-resisted|p1a: Sandaconda\n|-damage|p1a: Sandaconda|177/258\n|\n|-heal|p2a: Sylveon|250/300|[from] move: Wish|[wisher] Sylveon\n|-heal|p1a: Sandaconda|193/258|[from] item: Leftovers\n|-heal|p2a: Sylveon|268/300|[from] item: Leftovers\n|upkeep\n|turn|23\n|\n|t:|1781443024\n|move|p1a: Sandaconda|Earthquake|p2a: Sylveon\n|-damage|p2a: Sylveon|66/300\n|move|p2a: Sylveon|Hyper Voice|p1a: Sandaconda\n|-resisted|p1a: Sandaconda\n|-damage|p1a: Sandaconda|111/258\n|\n|-heal|p1a: Sandaconda|127/258|[from] item: Leftovers\n|-heal|p2a: Sylveon|84/300|[from] item: Leftovers\n|upkeep\n|turn|24\n|\n|t:|1781443028\n|move|p1a: Sandaconda|Earthquake|p2a: Sylveon\n|-damage|p2a: Sylveon|0 fnt\n|faint|p2a: Sylveon\n|\n|win|kapersthekrap\n", "inputlog": ">version a8376a258c1d4662feba110a92103f3664a72141\n>start {\"formatid\":\"gen9randombattle\",\"seed\":\"sodium,da39ae500f1988dd53c220c2d755c879\",\"rated\":\"Rated battle\"}\n>player p1 {\"name\":\"kapersthekrap\",\"avatar\":\"alder\",\"rating\":2117,\"seed\":\"sodium,e509ff18341c6757df7f34fe6ec64dd6\"}\n>player p2 {\"name\":\"MasterJ007\",\"avatar\":\"#rbtt7teamsuicune\",\"rating\":2337,\"seed\":\"sodium,637401e03d2a609b8f77bbedb90eaa91\"}\n>p1 move knockoff\n>p2 switch 5\n>p1 move drainpunch\n>p2 move surf\n>p1 move drainpunch\n>p2 move surf\n>p2 switch 4\n>p1 switch 3\n>p2 move hypervoice\n>p1 move stealthrock\n>p2 move protect\n>p1 move uturn\n>p2 switch 5\n>p1 switch 3\n>p1 move drainpunch\n>p2 switch 5\n>p1 switch 5\n>p2 move hypervoice\n>p1 move knockoff\n>p2 move protect\n>p1 move knockoff\n>p2 switch 5\n>p1 move lowkick\n>p2 move heavyslam\n>p2 switch 6\n>p1 move lowkick\n>p2 move earthquake\n>p1 switch 2\n>p1 move earthquake\n>p2 move iciclecrash\n>p2 switch 2\n>p1 switch 4\n>p2 move powerwhip\n>p1 move poltergeist\n>p2 move sludgewave\n>p1 switch 6\n>p1 move uturn\n>p2 move sludgewave\n>p1 switch 3\n>p2 switch 3\n>p1 move uturn\n>p2 move hypervoice\n>p1 switch 3\n>p1 move uturn\n>p2 move hypervoice\n>p1 switch 3\n>p2 switch 5\n>p1 move ironhead\n>p2 move protect\n>p1 move ironhead\n>p2 move hypervoice\n>p1 switch 4\n>p1 move earthquake terastallize\n>p2 move wish\n>p1 move coil\n>p2 move hypervoice\n>p1 move earthquake\n>p2 move hypervoice\n>p1 move earthquake\n>p2 move hypervoice", "uploadtime": 1781442704, "views": 6, "formatid": "gen9randombattle", "rating": null, "private": 0, "password": null, "player_dets": [{"name": "kapersthekrap", "avatar": "alder", "rating": 2117, "seed": "sodium,e509ff18341c6757df7f34fe6ec64dd6"}, {"name": "MasterJ007", "avatar": "#rbtt7teamsuicune", "rating": 2337, "seed": "sodium,637401e03d2a609b8f77bbedb90eaa91"}], "teams_full": [{"Crabominable": {"name": "Crabominable", "species": "Crabominable", "speciesId": "crabominable", "gender": "F", "shiny": false, "level": 90, "moves": ["icehammer", "earthquake", "knockoff", "drainpunch"], "ability": "Iron Fist", "evs": {"hp": 85, "atk": 85, "def": 85, "spa": 85, "spd": 85, "spe": 85}, "ivs": {"hp": 31, "atk": 31, "def": 31, "spa": 31, "spd": 31, "spe": 31}, "item": "Assault Vest", "teraType": "Fighting", "role": "AV Pivot", "bvs": {"hp": 97, "atk": 132, "def": 77, "spa": 62, "spd": 67, "spe": 43}, "stats": {"hp": 321, "atk": 289, "def": 190, "spa": 163, "spd": 172, "spe": 129}}, "Sandaconda": {"name": "Sandaconda", "species": "Sandaconda", "speciesId": "sandaconda", "gender": "F", "shiny": false, "level": 84, "moves": ["coil", "rest", "stoneedge", "earthquake"], "ability": "Shed Skin", "evs": {"hp": 85, "atk": 85, "def": 85, "spa": 85, "spd": 85, "spe": 85}, "ivs": {"hp": 31, "atk": 31, "def": 31, "spa": 31, "spd": 31, "spe": 31}, "item": "Leftovers", "teraType": "Steel", "role": "Bulky Setup", "bvs": {"hp": 72, "atk": 107, "def": 125, "spa": 65, "spd": 70, "spe": 71}, "stats": {"hp": 258, "atk": 228, "def": 258, "spa": 157, "spd": 166, "spe": 167}}, "Perrserker": {"name": "Perrserker", "species": "Perrserker", "speciesId": "perrserker", "gender": "F", "shiny": false, "level": 89, "moves": ["stealthrock", "ironhead", "closecombat", "uturn"], "ability": "Tough Claws", "evs": {"hp": 85, "atk": 85, "def": 85, "spa": 85, "spd": 85, "spe": 85}, "ivs": {"hp": 31, "atk": 31, "def": 31, "spa": 31, "spd": 31, "spe": 31}, "item": "Life Orb", "teraType": "Fighting", "role": "Fast Attacker", "bvs": {"hp": 70, "atk": 110, "def": 100, "spa": 50, "spd": 60, "spe": 50}, "stats": {"hp": 269, "atk": 247, "def": 229, "spa": 140, "spd": 158, "spe": 140}}, "Brambleghast": {"name": "Brambleghast", "species": "Brambleghast", "speciesId": "brambleghast", "gender": "M", "shiny": false, "level": 88, "moves": ["spikes", "powerwhip", "strengthsap", "poltergeist"], "ability": "Wind Rider", "evs": {"hp": 85, "atk": 85, "def": 85, "spa": 85, "spd": 85, "spe": 85}, "ivs": {"hp": 31, "atk": 31, "def": 31, "spa": 31, "spd": 31, "spe": 31}, "item": "Leftovers", "teraType": "Steel", "role": "Fast Support", "bvs": {"hp": 55, "atk": 115, "def": 70, "spa": 80, "spd": 70, "spe": 90}, "stats": {"hp": 240, "atk": 253, "def": 173, "spa": 191, "spd": 173, "spe": 209}}, "Grafaiai": {"name": "Grafaiai", "species": "Grafaiai", "speciesId": "grafaiai", "gender": "M", "shiny": false, "level": 86, "moves": ["knockoff", "lowkick", "swordsdance", "gunkshot"], "ability": "Poison Touch", "evs": {"hp": 85, "atk": 85, "def": 85, "spa": 85, "spd": 85, "spe": 85}, "ivs": {"hp": 31, "atk": 31, "def": 31, "spa": 31, "spd": 31, "spe": 31}, "item": "Life Orb", "teraType": "Dark", "role": "Setup Sweeper", "bvs": {"hp": 63, "atk": 95, "def": 65, "spa": 80, "spd": 72, "spe": 110}, "stats": {"hp": 249, "atk": 213, "def": 161, "spa": 187, "spd": 173, "spe": 238}}, "Infernape": {"name": "Infernape", "species": "Infernape", "speciesId": "infernape", "gender": "M", "shiny": false, "level": 82, "moves": ["uturn", "flareblitz", "closecombat", "knockoff"], "ability": "Blaze", "evs": {"hp": 85, "atk": 85, "def": 85, "spa": 85, "spd": 85, "spe": 85}, "ivs": {"hp": 31, "atk": 31, "def": 31, "spa": 31, "spd": 31, "spe": 31}, "item": "Choice Band", "teraType": "Fire", "role": "Fast Support", "bvs": {"hp": 76, "atk": 104, "def": 71, "spa": 104, "spd": 71, "spe": 108}, "stats": {"hp": 259, "atk": 218, "def": 164, "spa": 218, "spd": 164, "spe": 224}}}, {"Goodra": {"name": "Goodra", "species": "Goodra-Hisui", "speciesId": "goodrahisui", "gender": "F", "shiny": false, "level": 82, "moves": ["dracometeor", "heavyslam", "earthquake", "hydropump"], "ability": "Sap Sipper", "evs": {"hp": 85, "atk": 85, "def": 85, "spa": 85, "spd": 85, "spe": 85}, "ivs": {"hp": 31, "atk": 31, "def": 31, "spa": 31, "spd": 31, "spe": 31}, "item": "Assault Vest", "teraType": "Water", "role": "AV Pivot", "bvs": {"hp": 80, "atk": 100, "def": 100, "spa": 110, "spd": 150, "spe": 60}, "stats": {"hp": 265, "atk": 211, "def": 211, "spa": 228, "spd": 293, "spe": 146}}, "Victreebel": {"name": "Victreebel", "species": "Victreebel", "speciesId": "victreebel", "gender": "M", "shiny": false, "level": 90, "moves": ["sunnyday", "sludgewave", "weatherball", "powerwhip"], "ability": "Chlorophyll", "evs": {"hp": 85, "atk": 85, "def": 85, "spa": 85, "spd": 85, "spe": 85}, "ivs": {"hp": 31, "atk": 31, "def": 31, "spa": 31, "spd": 31, "spe": 31}, "item": "Life Orb", "teraType": "Fire", "role": "Fast Attacker", "bvs": {"hp": 80, "atk": 105, "def": 65, "spa": 100, "spd": 70, "spe": 70}, "stats": {"hp": 290, "atk": 240, "def": 168, "spa": 231, "spd": 177, "spe": 177}}, "Oranguru": {"name": "Oranguru", "species": "Oranguru", "speciesId": "oranguru", "gender": "F", "shiny": false, "level": 92, "moves": ["thunderbolt", "psyshock", "trick", "hypervoice"], "ability": "Inner Focus", "evs": {"hp": 85, "atk": 0, "def": 85, "spa": 85, "spd": 85, "spe": 85}, "ivs": {"hp": 31, "atk": 0, "def": 31, "spa": 31, "spd": 31, "spe": 31}, "item": "Choice Specs", "teraType": "Normal", "role": "Wallbreaker", "bvs": {"hp": 90, "atk": 60, "def": 80, "spa": 90, "spd": 110, "spe": 60}, "stats": {"hp": 315, "atk": 115, "def": 200, "spa": 218, "spd": 255, "spe": 163}}, "Sylveon": {"name": "Sylveon", "species": "Sylveon", "speciesId": "sylveon", "gender": "M", "shiny": false, "level": 85, "moves": ["calmmind", "hypervoice", "wish", "protect"], "ability": "Pixilate", "evs": {"hp": 85, "atk": 0, "def": 85, "spa": 85, "spd": 85, "spe": 85}, "ivs": {"hp": 31, "atk": 0, "def": 31, "spa": 31, "spd": 31, "spe": 31}, "item": "Leftovers", "teraType": "Steel", "role": "Bulky Setup", "bvs": {"hp": 95, "atk": 65, "def": 65, "spa": 110, "spd": 130, "spe": 60}, "stats": {"hp": 300, "atk": 115, "def": 159, "spa": 236, "spd": 270, "spe": 151}}, "Politoed": {"name": "Politoed", "species": "Politoed", "speciesId": "politoed", "gender": "M", "shiny": false, "level": 88, "moves": ["surf", "encore", "rest", "icebeam"], "ability": "Drizzle", "evs": {"hp": 85, "atk": 0, "def": 85, "spa": 85, "spd": 85, "spe": 85}, "ivs": {"hp": 31, "atk": 0, "def": 31, "spa": 31, "spd": 31, "spe": 31}, "item": "Chesto Berry", "teraType": "Steel", "role": "Bulky Attacker", "bvs": {"hp": 90, "atk": 75, "def": 75, "spa": 90, "spd": 100, "spe": 70}, "stats": {"hp": 302, "atk": 137, "def": 182, "spa": 209, "spd": 226, "spe": 173}}, "Beartic": {"name": "Beartic", "species": "Beartic", "speciesId": "beartic", "gender": "M", "shiny": false, "level": 91, "moves": ["closecombat", "snowscape", "earthquake", "iciclecrash"], "ability": "Slush Rush", "evs": {"hp": 85, "atk": 85, "def": 85, "spa": 85, "spd": 85, "spe": 85}, "ivs": {"hp": 31, "atk": 31, "def": 31, "spa": 31, "spd": 31, "spe": 31}, "item": "Heavy-Duty Boots", "teraType": "Ground", "role": "Wallbreaker", "bvs": {"hp": 95, "atk": 130, "def": 80, "spa": 70, "spd": 80, "spe": 50}, "stats": {"hp": 321, "atk": 288, "def": 197, "spa": 179, "spd": 197, "spe": 143}}}]}