{"id": "gen9randombattle-2631526779", "format": "[Gen 9] Random Battle", "players": ["browtfisthisgame", "poronena"], "log": "|j|\u2606browtfisthisgame\n|j|\u2606poronena\n|t:|1781396753\n|gametype|singles\n|player|p1|browtfisthisgame|170|1234\n|player|p2|poronena|266|1181\n|gen|9\n|tier|[Gen 9] Random Battle\n|rated|\n|rule|Species Clause: Limit one of each Pok\u00e9mon\n|rule|HP Percentage Mod: HP is shown in percentages\n|rule|Sleep Clause Mod: Limit one foe put to sleep\n|rule|Illusion Level Mod: Illusion disguises the Pok\u00e9mon's true level\n|\n|t:|1781396753\n|teamsize|p1|6\n|teamsize|p2|6\n|start\n|switch|p1a: Smeargle|Smeargle, L95, F|258/258\n|switch|p2a: Sneasler|Sneasler, L74, M|240/240\n|turn|1\n|inactive|Battle timer is ON: inactive players will automatically lose when time's up. (requested by browtfisthisgame)\n|\n|t:|1781396772\n|switch|p1a: Chandelure|Chandelure, L83, M|235/235\n|-terastallize|p2a: Sneasler|Flying\n|move|p2a: Sneasler|Swords Dance|p2a: Sneasler\n|-boost|p2a: Sneasler|atk|2\n|\n|upkeep\n|turn|2\n|inactive|browtfisthisgame has 120 seconds left.\n|\n|t:|1781396826\n|move|p1a: Chandelure|Trick|p2a: Sneasler\n|-activate|p1a: Chandelure|move: Trick|[of] p2a: Sneasler\n|-item|p2a: Sneasler|Choice Scarf|[from] move: Trick\n|-item|p1a: Chandelure|White Herb|[from] move: Trick\n|move|p2a: Sneasler|Swords Dance|p2a: Sneasler\n|-boost|p2a: Sneasler|atk|2\n|\n|upkeep\n|turn|3\n|inactive|browtfisthisgame has 90 seconds left.\n|inactive|browtfisthisgame has 60 seconds left.\n|\n|t:|1781396877\n|move|p2a: Sneasler|Swords Dance|p2a: Sneasler\n|-boost|p2a: Sneasler|atk|2\n|move|p1a: Chandelure|Shadow Ball|p2a: Sneasler\n|-damage|p2a: Sneasler|107/240\n|\n|upkeep\n|turn|4\n|inactive|browtfisthisgame has 60 seconds left.\n|inactive|browtfisthisgame has 30 seconds left.\n|\n|t:|1781396926\n|switch|p2a: Dugtrio|Dugtrio, L84, M|196/196\n|move|p1a: Chandelure|Fire Blast|p2a: Dugtrio\n|-damage|p2a: Dugtrio|25/196\n|\n|upkeep\n|turn|5\n|inactive|browtfisthisgame has 30 seconds left.\n|-message|browtfisthisgame forfeited.\n|\n|win|poronena\n|raw|browtfisthisgame's rating: 1234 &rarr; <strong>1205</strong><br />(-29 for losing)\n|raw|poronena's rating: 1181 &rarr; <strong>1210</strong><br />(+29 for winning)\n|l|\u2606browtfisthisgame\n|player|p1|\n", "uploadtime": 1781396941, "views": 11, "formatid": "gen9randombattle", "rating": 1205, "private": 0, "password": null}