{"id": "gen9randombattle-2631539250", "format": "[Gen 9] Random Battle", "players": ["dududunsparces", "zephyrrw"], "log": "|j|\u2606dududunsparces\n|j|\u2606zephyrrw\n|t:|1781398485\n|gametype|singles\n|player|p1|dududunsparces|dawn|1231\n|player|p2|zephyrrw|caitlin|1182\n|gen|9\n|tier|[Gen 9] Random Battle\n|rated|\n|rule|Species Clause: Limit one of each Pok\u00e9mon\n|rule|HP Percentage Mod: HP is shown in percentages\n|rule|Sleep Clause Mod: Limit one foe put to sleep\n|rule|Illusion Level Mod: Illusion disguises the Pok\u00e9mon's true level\n|\n|t:|1781398485\n|teamsize|p1|6\n|teamsize|p2|6\n|start\n|switch|p1a: Cloyster|Cloyster, L80, M|211/211\n|switch|p2a: Rotom|Rotom-Frost, L87|229/229\n|turn|1\n|inactive|Battle timer is ON: inactive players will automatically lose when time's up. (requested by dududunsparces)\n|\n|t:|1781398506\n|-terastallize|p1a: Cloyster|Ground\n|move|p2a: Rotom|Thunderbolt|p1a: Cloyster\n|-immune|p1a: Cloyster\n|move|p1a: Cloyster|Shell Smash|p1a: Cloyster\n|-unboost|p1a: Cloyster|def|1\n|-unboost|p1a: Cloyster|spd|1\n|-boost|p1a: Cloyster|atk|2\n|-boost|p1a: Cloyster|spa|2\n|-boost|p1a: Cloyster|spe|2\n|-enditem|p1a: Cloyster|White Herb\n|-clearnegativeboost|p1a: Cloyster|[silent]\n|\n|upkeep\n|turn|2\n|\n|t:|1781398521\n|move|p1a: Cloyster|Rock Blast|p2a: Rotom\n|-supereffective|p2a: Rotom\n|-damage|p2a: Rotom|171/229\n|-supereffective|p2a: Rotom\n|-damage|p2a: Rotom|117/229\n|-supereffective|p2a: Rotom\n|-damage|p2a: Rotom|67/229\n|-supereffective|p2a: Rotom\n|-damage|p2a: Rotom|15/229\n|-supereffective|p2a: Rotom\n|-damage|p2a: Rotom|0 fnt\n|faint|p2a: Rotom\n|-hitcount|p2: Rotom|5\n|\n|upkeep\n|\n|t:|1781398531\n|switch|p2a: Glalie|Glalie, L96, F|309/309\n|turn|3\n|\n|t:|1781398554\n|move|p1a: Cloyster|Rock Blast|p2a: Glalie\n|-supereffective|p2a: Glalie\n|-damage|p2a: Glalie|245/309\n|-supereffective|p2a: Glalie\n|-damage|p2a: Glalie|187/309\n|-supereffective|p2a: Glalie\n|-damage|p2a: Glalie|123/309\n|-supereffective|p2a: Glalie\n|-damage|p2a: Glalie|61/309\n|-supereffective|p2a: Glalie\n|-damage|p2a: Glalie|0 fnt\n|faint|p2a: Glalie\n|-hitcount|p2: Glalie|5\n|\n|upkeep\n|\n|t:|1781398557\n|switch|p2a: Greninja|Greninja, L80, M|246/246\n|turn|4\n|inactive|dududunsparces has 120 seconds left.\n|\n|t:|1781398586\n|move|p1a: Cloyster|Rock Blast|p2a: Greninja\n|-damage|p2a: Greninja|204/246\n|-damage|p2a: Greninja|160/246\n|-damage|p2a: Greninja|115/246\n|-damage|p2a: Greninja|70/246\n|-damage|p2a: Greninja|25/246\n|-hitcount|p2a: Greninja|5\n|move|p2a: Greninja|Hydro Pump|p1a: Cloyster\n|-supereffective|p1a: Cloyster\n|-damage|p1a: Cloyster|0 fnt\n|faint|p1a: Cloyster\n|-ability|p2a: Greninja|Battle Bond|boost\n|-boost|p2a: Greninja|atk|1\n|-boost|p2a: Greninja|spa|1\n|-boost|p2a: Greninja|spe|1\n|-activate|p2a: Greninja|ability: Battle Bond\n|-damage|p2a: Greninja|1/246|[from] item: Life Orb\n|\n|upkeep\n|inactive|dududunsparces has 120 seconds left.\n|inactive|dududunsparces has 90 seconds left.\n|\n|t:|1781398636\n|switch|p1a: Dachsbun|Dachsbun, L92, M|254/254\n|turn|5\n|\n|t:|1781398643\n|move|p2a: Greninja|Gunk Shot|p1a: Dachsbun\n|-supereffective|p1a: Dachsbun\n|-damage|p1a: Dachsbun|23/254\n|-status|p1a: Dachsbun|psn\n|-damage|p2a: Greninja|0 fnt|[from] item: Life Orb\n|faint|p2a: Greninja\n|move|p1a: Dachsbun|Wish|p1a: Dachsbun\n|\n|-heal|p1a: Dachsbun|38/254 psn|[from] item: Leftovers\n|-damage|p1a: Dachsbun|7/254 psn|[from] psn\n|upkeep\n|\n|t:|1781398651\n|switch|p2a: Florges|Florges-White, L85, F|271/271\n|turn|6\n|inactive|dududunsparces has 90 seconds left.\n|\n|t:|1781398658\n|move|p1a: Dachsbun|Yawn|p2a: Florges\n|-start|p2a: Florges|move: Yawn|[of] p1a: Dachsbun\n|move|p2a: Florges|Calm Mind|p2a: Florges\n|-boost|p2a: Florges|spa|1\n|-boost|p2a: Florges|spd|1\n|\n|-heal|p1a: Dachsbun|134/254 psn|[from] move: Wish|[wisher] Dachsbun\n|-heal|p1a: Dachsbun|149/254 psn|[from] item: Leftovers\n|-damage|p1a: Dachsbun|118/254 psn|[from] psn\n|upkeep\n|turn|7\n|inactive|dududunsparces has 90 seconds left.\n|\n|t:|1781398674\n|switch|p2a: Revavroom|Revavroom, L79, F|256/256\n|move|p1a: Dachsbun|Play Rough|p2a: Revavroom\n|-resisted|p2a: Revavroom\n|-damage|p2a: Revavroom|229/256\n|\n|-heal|p1a: Dachsbun|133/254 psn|[from] item: Leftovers\n|-damage|p1a: Dachsbun|102/254 psn|[from] psn\n|upkeep\n|turn|8\n|inactive|dududunsparces has 90 seconds left.\n|\n|t:|1781398698\n|switch|p1a: Mabosstiff|Mabosstiff, L86, M|278/278\n|move|p2a: Revavroom|Shift Gear|p2a: Revavroom\n|-boost|p2a: Revavroom|spe|2\n|-boost|p2a: Revavroom|atk|1\n|\n|upkeep\n|turn|9\n|\n|t:|1781398715\n|move|p2a: Revavroom|Gunk Shot|p1a: Mabosstiff\n|-damage|p1a: Mabosstiff|19/278\n|-damage|p2a: Revavroom|204/256|[from] item: Life Orb\n|move|p1a: Mabosstiff|Crunch|p2a: Revavroom\n|-damage|p2a: Revavroom|30/256\n|\n|upkeep\n|turn|10\n|\n|t:|1781398728\n|move|p2a: Revavroom|Gunk Shot|p1a: Mabosstiff\n|-damage|p1a: Mabosstiff|0 fnt\n|faint|p1a: Mabosstiff\n|-damage|p2a: Revavroom|5/256|[from] item: Life Orb\n|\n|upkeep\n|inactive|dududunsparces has 60 seconds left.\n|\n|t:|1781398749\n|switch|p1a: Dachsbun|Dachsbun, L92, M|102/254 psn\n|turn|11\n|\n|t:|1781398756\n|move|p2a: Revavroom|Iron Head|p1a: Dachsbun\n|-supereffective|p1a: Dachsbun\n|-damage|p1a: Dachsbun|0 fnt\n|faint|p1a: Dachsbun\n|-damage|p2a: Revavroom|0 fnt|[from] item: Life Orb\n|faint|p2a: Revavroom\n|\n|upkeep\n|inactive|dududunsparces has 60 seconds left.\n|\n|t:|1781398789\n|switch|p1a: Annihilape|Annihilape, L76, M|219/219\n|switch|p2a: Florges|Florges-White, L85, F|271/271\n|turn|12\n|\n|t:|1781398808\n|move|p1a: Annihilape|Hyper Voice|p2a: Florges\n|-damage|p2a: Florges|166/271\n|move|p2a: Florges|Calm Mind|p2a: Florges\n|-boost|p2a: Florges|spa|1\n|-boost|p2a: Florges|spd|1\n|\n|-heal|p2a: Florges|182/271|[from] item: Leftovers\n|upkeep\n|turn|13\n|\n|t:|1781398818\n|move|p1a: Annihilape|Hyper Voice|p2a: Florges\n|-damage|p2a: Florges|115/271\n|move|p2a: Florges|Wish|p2a: Florges\n|\n|-heal|p2a: Florges|131/271|[from] item: Leftovers\n|upkeep\n|turn|14\n|\n|t:|1781398826\n|switch|p1a: Hatterene|Hatterene, L85, F|236/236\n|move|p2a: Florges|Calm Mind|p2a: Florges\n|-boost|p2a: Florges|spa|1\n|-boost|p2a: Florges|spd|1\n|\n|-heal|p2a: Florges|266/271|[from] move: Wish|[wisher] Florges\n|-heal|p2a: Florges|271/271|[from] item: Leftovers\n|upkeep\n|turn|15\n|\n|t:|1781398840\n|move|p2a: Florges|Moonblast|p1a: Hatterene\n|-damage|p1a: Hatterene|28/236\n|move|p1a: Hatterene|Calm Mind|p1a: Hatterene\n|-boost|p1a: Hatterene|spa|1\n|-boost|p1a: Hatterene|spd|1\n|\n|-heal|p1a: Hatterene|42/236|[from] item: Leftovers\n|upkeep\n|turn|16\n|\n|t:|1781398851\n|move|p2a: Florges|Moonblast|p1a: Hatterene\n|-crit|p1a: Hatterene\n|-damage|p1a: Hatterene|0 fnt\n|faint|p1a: Hatterene\n|\n|upkeep\n|\n|t:|1781398866\n|switch|p1a: Annihilape|Annihilape, L76, M|292/292\n|turn|17\n|\n|t:|1781398877\n|move|p1a: Annihilape|Taunt|p2a: Florges\n|-start|p2a: Florges|move: Taunt\n|move|p2a: Florges|Moonblast|p1a: Annihilape\n|-supereffective|p1a: Annihilape\n|-damage|p1a: Annihilape|0 fnt\n|faint|p1a: Annihilape\n|\n|upkeep\n|\n|t:|1781398885\n|switch|p1a: Zoroark|Zoroark-Hisui, L80, M|219/219\n|turn|18\n|\n|t:|1781398897\n|move|p1a: Zoroark|U-turn|p2a: Florges\n|-resisted|p2a: Florges\n|-damage|p2a: Florges|245/271\n|move|p2a: Florges|Moonblast|p1a: Zoroark\n|-damage|p1a: Zoroark|0 fnt\n|faint|p1a: Zoroark\n|\n|win|zephyrrw\n|raw|dududunsparces's rating: 1231 &rarr; <strong>1202</strong><br />(-29 for losing)\n|raw|zephyrrw's rating: 1182 &rarr; <strong>1211</strong><br />(+29 for winning)\n|l|\u2606dududunsparces\n|player|p1|\n", "inputlog": ">version a8376a258c1d4662feba110a92103f3664a72141\n>start {\"formatid\":\"gen9randombattle\",\"seed\":\"sodium,3873006221ffbcb6c4a55e91e30bf939\",\"rated\":\"Rated battle\"}\n>player p1 {\"name\":\"dududunsparces\",\"avatar\":\"dawn\",\"rating\":1231,\"seed\":\"sodium,a53b9c8963ed71424b0bc480a3c3ae9f\"}\n>player p2 {\"name\":\"zephyrrw\",\"avatar\":\"caitlin\",\"rating\":1182,\"seed\":\"sodium,54d4e93aa83e605ba8e53ce7c41eee0f\"}\n>p1 move shellsmash terastallize\n>p2 move thunderbolt\n>p1 move rockblast\n>p2 move blizzard\n>p2 switch 4\n>p1 move rockblast\n>p2 move freezedry\n>p2 switch 5\n>p1 move rockblast\n>p2 move hydropump\n>p1 switch 5\n>p1 move wish\n>p2 move gunkshot\n>p2 switch 2\n>p1 move yawn\n>p2 move calmmind\n>p1 move playrough\n>p2 switch 6\n>p1 switch 4\n>p2 move shiftgear\n>p1 move crunch\n>p2 move gunkshot\n>p1 move crunch\n>p2 move gunkshot\n>p1 switch 4\n>p1 move playrough\n>p2 move ironhead\n>p1 switch 3\n>p2 switch 6\n>p1 move hypervoice\n>p2 move calmmind\n>p1 move hypervoice\n>p2 move wish\n>p1 switch 2\n>p2 move calmmind\n>p1 move calmmind\n>p2 move moonblast\n>p1 move psyshock\n>p2 move moonblast\n>p1 switch 6\n>p1 move taunt\n>p2 move moonblast\n>p1 switch 2\n>p1 move uturn\n>p2 move moonblast", "uploadtime": 1781398909, "views": 5, "formatid": "gen9randombattle", "rating": 1202, "private": 0, "password": null, "player_dets": [{"name": "dududunsparces", "avatar": "dawn", "rating": 1231, "seed": "sodium,a53b9c8963ed71424b0bc480a3c3ae9f"}, {"name": "zephyrrw", "avatar": "caitlin", "rating": 1182, "seed": "sodium,54d4e93aa83e605ba8e53ce7c41eee0f"}], "teams_full": [{"Cloyster": {"name": "Cloyster", "species": "Cloyster", "speciesId": "cloyster", "gender": "M", "shiny": false, "level": 80, "moves": ["rockblast", "shellsmash", "iciclespear", "drillrun"], "ability": "Skill Link", "evs": {"hp": 85, "atk": 85, "def": 85, "spa": 85, "spd": 85, "spe": 85}, "ivs": {"hp": 31, "atk": 31, "def": 31, "spa": 31, "spd": 31, "spe": 31}, "item": "White Herb", "teraType": "Ground", "role": "Fast Attacker", "bvs": {"hp": 50, "atk": 95, "def": 180, "spa": 85, "spd": 45, "spe": 70}, "stats": {"hp": 211, "atk": 198, "def": 334, "spa": 182, "spd": 118, "spe": 158}}, "Hatterene": {"name": "Hatterene", "species": "Hatterene", "speciesId": "hatterene", "gender": "F", "shiny": false, "level": 85, "moves": ["drainingkiss", "mysticalfire", "calmmind", "psyshock"], "ability": "Magic Bounce", "evs": {"hp": 85, "atk": 0, "def": 85, "spa": 85, "spd": 85, "spe": 85}, "ivs": {"hp": 31, "atk": 0, "def": 31, "spa": 31, "spd": 31, "spe": 31}, "item": "Leftovers", "teraType": "Fairy", "role": "Bulky Setup", "bvs": {"hp": 57, "atk": 90, "def": 95, "spa": 136, "spd": 103, "spe": 29}, "stats": {"hp": 236, "atk": 158, "def": 210, "spa": 280, "spd": 224, "spe": 98}}, "Zoroark": {"name": "Zoroark", "species": "Zoroark-Hisui", "speciesId": "zoroarkhisui", "gender": "M", "shiny": false, "level": 80, "moves": ["hypervoice", "bittermalice", "uturn", "focusblast"], "ability": "Illusion", "evs": {"hp": 85, "atk": 85, "def": 85, "spa": 85, "spd": 85, "spe": 85}, "ivs": {"hp": 31, "atk": 31, "def": 31, "spa": 31, "spd": 31, "spe": 31}, "item": "Choice Specs", "teraType": "Fighting", "role": "Wallbreaker", "bvs": {"hp": 55, "atk": 100, "def": 60, "spa": 125, "spd": 60, "spe": 110}, "stats": {"hp": 219, "atk": 206, "def": 142, "spa": 246, "spd": 142, "spe": 222}}, "Mabosstiff": {"name": "Mabosstiff", "species": "Mabosstiff", "speciesId": "mabosstiff", "gender": "M", "shiny": false, "level": 86, "moves": ["psychicfangs", "wildcharge", "playrough", "crunch"], "ability": "Stakeout", "evs": {"hp": 85, "atk": 85, "def": 85, "spa": 85, "spd": 85, "spe": 85}, "ivs": {"hp": 31, "atk": 31, "def": 31, "spa": 31, "spd": 31, "spe": 31}, "item": "Choice Band", "teraType": "Dark", "role": "Bulky Attacker", "bvs": {"hp": 80, "atk": 120, "def": 90, "spa": 60, "spd": 70, "spe": 85}, "stats": {"hp": 278, "atk": 256, "def": 204, "spa": 152, "spd": 170, "spe": 195}}, "Dachsbun": {"name": "Dachsbun", "species": "Dachsbun", "speciesId": "dachsbun", "gender": "M", "shiny": false, "level": 92, "moves": ["yawn", "protect", "wish", "playrough"], "ability": "Well-Baked Body", "evs": {"hp": 85, "atk": 85, "def": 85, "spa": 85, "spd": 85, "spe": 85}, "ivs": {"hp": 31, "atk": 31, "def": 31, "spa": 31, "spd": 31, "spe": 31}, "item": "Leftovers", "teraType": "Steel", "role": "Bulky Support", "bvs": {"hp": 57, "atk": 80, "def": 115, "spa": 50, "spd": 80, "spe": 95}, "stats": {"hp": 254, "atk": 200, "def": 264, "spa": 144, "spd": 200, "spe": 227}}, "Annihilape": {"name": "Annihilape", "species": "Annihilape", "speciesId": "annihilape", "gender": "M", "shiny": false, "level": 76, "moves": ["drainpunch", "bulkup", "ragefist", "taunt"], "ability": "Defiant", "evs": {"hp": 85, "atk": 85, "def": 85, "spa": 85, "spd": 85, "spe": 85}, "ivs": {"hp": 31, "atk": 31, "def": 31, "spa": 31, "spd": 31, "spe": 31}, "item": "Leftovers", "teraType": "Fairy", "role": "Bulky Setup", "bvs": {"hp": 110, "atk": 115, "def": 80, "spa": 50, "spd": 90, "spe": 90}, "stats": {"hp": 292, "atk": 219, "def": 166, "spa": 120, "spd": 181, "spe": 181}}}, {"Rotom": {"name": "Rotom", "species": "Rotom-Frost", "speciesId": "rotomfrost", "gender": "N", "shiny": false, "level": 87, "moves": ["willowisp", "blizzard", "voltswitch", "thunderbolt"], "ability": "Levitate", "evs": {"hp": 85, "atk": 0, "def": 85, "spa": 85, "spd": 85, "spe": 85}, "ivs": {"hp": 31, "atk": 0, "def": 31, "spa": 31, "spd": 31, "spe": 31}, "item": "Heavy-Duty Boots", "teraType": "Electric", "role": "Fast Attacker", "bvs": {"hp": 50, "atk": 65, "def": 107, "spa": 105, "spd": 107, "spe": 86}, "stats": {"hp": 229, "atk": 118, "def": 236, "spa": 232, "spd": 236, "spe": 199}}, "Florges": {"name": "Florges", "species": "Florges-White", "speciesId": "florges", "gender": "F", "shiny": false, "level": 85, "moves": ["wish", "moonblast", "calmmind", "protect"], "ability": "Flower Veil", "evs": {"hp": 85, "atk": 0, "def": 85, "spa": 85, "spd": 85, "spe": 85}, "ivs": {"hp": 31, "atk": 0, "def": 31, "spa": 31, "spd": 31, "spe": 31}, "item": "Leftovers", "teraType": "Steel", "role": "Bulky Setup", "bvs": {"hp": 78, "atk": 65, "def": 68, "spa": 112, "spd": 154, "spe": 75}, "stats": {"hp": 271, "atk": 115, "def": 164, "spa": 239, "spd": 311, "spe": 176}}, "Luxray": {"name": "Luxray", "species": "Luxray", "speciesId": "luxray", "gender": "F", "shiny": false, "level": 88, "moves": ["icefang", "wildcharge", "voltswitch", "playrough"], "ability": "Intimidate", "evs": {"hp": 85, "atk": 85, "def": 85, "spa": 85, "spd": 85, "spe": 85}, "ivs": {"hp": 31, "atk": 31, "def": 31, "spa": 31, "spd": 31, "spe": 31}, "item": "Assault Vest", "teraType": "Fairy", "role": "AV Pivot", "bvs": {"hp": 80, "atk": 120, "def": 79, "spa": 95, "spd": 79, "spe": 70}, "stats": {"hp": 284, "atk": 261, "def": 189, "spa": 217, "spd": 189, "spe": 173}}, "Glalie": {"name": "Glalie", "species": "Glalie", "speciesId": "glalie", "gender": "F", "shiny": false, "level": 96, "moves": ["earthquake", "taunt", "freezedry", "spikes"], "ability": "Inner Focus", "evs": {"hp": 85, "atk": 85, "def": 85, "spa": 85, "spd": 85, "spe": 85}, "ivs": {"hp": 31, "atk": 31, "def": 31, "spa": 31, "spd": 31, "spe": 31}, "item": "Heavy-Duty Boots", "teraType": "Ghost", "role": "Fast Support", "bvs": {"hp": 80, "atk": 80, "def": 80, "spa": 80, "spd": 80, "spe": 80}, "stats": {"hp": 309, "atk": 208, "def": 208, "spa": 208, "spd": 208, "spe": 208}}, "Greninja": {"name": "Greninja", "species": "Greninja-Bond", "speciesId": "greninjabond", "gender": "M", "shiny": false, "level": 80, "moves": ["icebeam", "gunkshot", "hydropump", "darkpulse"], "ability": "Battle Bond", "evs": {"hp": 85, "atk": 85, "def": 85, "spa": 85, "spd": 85, "spe": 85}, "ivs": {"hp": 31, "atk": 31, "def": 31, "spa": 31, "spd": 31, "spe": 31}, "item": "Life Orb", "teraType": "Water", "role": "Fast Attacker", "bvs": {"hp": 72, "atk": 95, "def": 67, "spa": 103, "spd": 71, "spe": 122}, "stats": {"hp": 246, "atk": 198, "def": 153, "spa": 211, "spd": 160, "spe": 241}}, "Revavroom": {"name": "Revavroom", "species": "Revavroom", "speciesId": "revavroom", "gender": "F", "shiny": false, "level": 79, "moves": ["highhorsepower", "shiftgear", "gunkshot", "ironhead"], "ability": "Filter", "evs": {"hp": 85, "atk": 85, "def": 85, "spa": 85, "spd": 85, "spe": 85}, "ivs": {"hp": 31, "atk": 31, "def": 31, "spa": 31, "spd": 31, "spe": 31}, "item": "Life Orb", "teraType": "Ground", "role": "Fast Attacker", "bvs": {"hp": 80, "atk": 119, "def": 90, "spa": 54, "spd": 67, "spe": 90}, "stats": {"hp": 256, "atk": 234, "def": 188, "spa": 131, "spd": 151, "spe": 188}}}]}