{"id": "gen9randombattle-2631974342", "format": "[Gen 9] Random Battle", "players": ["skippyjonez", "General Nova64"], "log": "|j|\u2606skippyjonez\n|j|\u2606General Nova64\n|t:|1781461663\n|gametype|singles\n|player|p1|skippyjonez|cameraman|2179\n|player|p2|General Nova64|265|2153\n|gen|9\n|tier|[Gen 9] Random Battle\n|rated|\n|rule|Species Clause: Limit one of each Pok\u00e9mon\n|rule|HP Percentage Mod: HP is shown in percentages\n|rule|Sleep Clause Mod: Limit one foe put to sleep\n|rule|Illusion Level Mod: Illusion disguises the Pok\u00e9mon's true level\n|\n|t:|1781461663\n|teamsize|p1|6\n|teamsize|p2|6\n|start\n|switch|p1a: Roaring Moon|Roaring Moon, L72|270/270\n|switch|p2a: Spiritomb|Spiritomb, L89, F|234/234\n|turn|1\n|\n|t:|1781461674\n|-end|p1a: Roaring Moon|Protosynthesis|[silent]\n|switch|p1a: Ting-Lu|Ting-Lu, L78|370/370\n|-ability|p1a: Ting-Lu|Vessel of Ruin\n|switch|p2a: Fezandipiti|Fezandipiti, L82, M|278/278\n|\n|upkeep\n|turn|2\n|\n|t:|1781461678\n|move|p2a: Fezandipiti|Swords Dance|p2a: Fezandipiti\n|-boost|p2a: Fezandipiti|atk|2\n|move|p1a: Ting-Lu|Stealth Rock|p2a: Fezandipiti\n|-sidestart|p2: General Nova64|move: Stealth Rock\n|\n|upkeep\n|turn|3\n|\n|t:|1781461683\n|move|p2a: Fezandipiti|Play Rough|p1a: Ting-Lu\n|-supereffective|p1a: Ting-Lu\n|-damage|p1a: Ting-Lu|100/370\n|-unboost|p1a: Ting-Lu|atk|1\n|-status|p1a: Ting-Lu|tox|[from] ability: Toxic Chain|[of] p2a: Fezandipiti\n|move|p1a: Ting-Lu|Whirlwind|p2a: Fezandipiti\n|drag|p2a: Umbreon|Umbreon, L84, F|297/297\n|-damage|p2a: Umbreon|260/297|[from] Stealth Rock\n|\n|-heal|p2a: Umbreon|278/297|[from] item: Leftovers\n|-heal|p1a: Ting-Lu|123/370 tox|[from] item: Leftovers\n|-damage|p1a: Ting-Lu|100/370 tox|[from] psn\n|upkeep\n|turn|4\n|\n|t:|1781461698\n|move|p2a: Umbreon|Wish|p2a: Umbreon\n|move|p1a: Ting-Lu|Earthquake|p2a: Umbreon\n|-damage|p2a: Umbreon|221/297\n|\n|-heal|p2a: Umbreon|239/297|[from] item: Leftovers\n|-heal|p1a: Ting-Lu|123/370 tox|[from] item: Leftovers\n|-damage|p1a: Ting-Lu|77/370 tox|[from] psn\n|upkeep\n|turn|5\n|\n|t:|1781461701\n|move|p2a: Umbreon|Foul Play|p1a: Ting-Lu\n|-resisted|p1a: Ting-Lu\n|-damage|p1a: Ting-Lu|52/370 tox\n|move|p1a: Ting-Lu|Whirlwind|p2a: Umbreon\n|drag|p2a: Spiritomb|Spiritomb, L89, F|234/234\n|-damage|p2a: Spiritomb|205/234|[from] Stealth Rock\n|\n|-heal|p2a: Spiritomb|234/234|[from] move: Wish|[wisher] Umbreon\n|-heal|p1a: Ting-Lu|75/370 tox|[from] item: Leftovers\n|-damage|p1a: Ting-Lu|6/370 tox|[from] psn\n|upkeep\n|turn|6\n|\n|t:|1781461713\n|move|p2a: Spiritomb|Shadow Sneak|p1a: Ting-Lu\n|-resisted|p1a: Ting-Lu\n|-damage|p1a: Ting-Lu|0 fnt\n|faint|p1a: Ting-Lu\n|\n|upkeep\n|\n|t:|1781461735\n|switch|p1a: Roaring Moon|Roaring Moon, L72|270/270\n|turn|7\n|\n|t:|1781461740\n|switch|p2a: Iron Bundle|Iron Bundle, L78|215/215\n|move|p1a: Roaring Moon|Dragon Dance|p1a: Roaring Moon\n|-boost|p1a: Roaring Moon|atk|1\n|-boost|p1a: Roaring Moon|spe|1\n|\n|upkeep\n|turn|8\n|\n|t:|1781461751\n|-end|p1a: Roaring Moon|Protosynthesis|[silent]\n|switch|p1a: Munkidori|Munkidori, L79, M|269/269\n|move|p2a: Iron Bundle|Ice Beam|p1a: Munkidori\n|-damage|p1a: Munkidori|193/269\n|\n|upkeep\n|turn|9\n|\n|t:|1781461758\n|move|p1a: Munkidori|Fake Out|p2a: Iron Bundle\n|-damage|p2a: Iron Bundle|196/215\n|-status|p2a: Iron Bundle|tox|[from] ability: Toxic Chain|[of] p1a: Munkidori\n|cant|p2a: Iron Bundle|flinch\n|\n|-damage|p2a: Iron Bundle|183/215 tox|[from] psn\n|upkeep\n|turn|10\n|\n|t:|1781461766\n|move|p2a: Iron Bundle|Hydro Pump|p1a: Munkidori\n|-damage|p1a: Munkidori|114/269\n|move|p1a: Munkidori|Sludge Wave|p2a: Iron Bundle\n|-damage|p2a: Iron Bundle|17/215 tox\n|\n|-damage|p2a: Iron Bundle|0 fnt|[from] psn\n|faint|p2a: Iron Bundle\n|-end|p2a: Iron Bundle|Quark Drive|[silent]\n|upkeep\n|\n|t:|1781461771\n|switch|p2a: Tsareena|Tsareena, L87, F|267/267\n|-damage|p2a: Tsareena|234/267|[from] Stealth Rock\n|turn|11\n|\n|t:|1781461776\n|move|p2a: Tsareena|Knock Off|p1a: Munkidori\n|-supereffective|p1a: Munkidori\n|-damage|p1a: Munkidori|0 fnt\n|-enditem|p1a: Munkidori|Assault Vest|[from] move: Knock Off|[of] p2a: Tsareena\n|faint|p1a: Munkidori\n|\n|upkeep\n|\n|t:|1781461785\n|switch|p1a: Emboar|Emboar, L84, M|322/322\n|turn|12\n|\n|t:|1781461791\n|switch|p2a: Spiritomb|Spiritomb, L89, F|234/234\n|-damage|p2a: Spiritomb|205/234|[from] Stealth Rock\n|move|p1a: Emboar|Flare Blitz|p2a: Spiritomb\n|-damage|p2a: Spiritomb|51/234\n|-status|p2a: Spiritomb|brn\n|-damage|p1a: Emboar|271/322|[from] Recoil\n|\n|-heal|p2a: Spiritomb|65/234 brn|[from] item: Leftovers\n|-damage|p2a: Spiritomb|51/234 brn|[from] brn\n|upkeep\n|turn|13\n|\n|t:|1781461798\n|move|p1a: Emboar|Flare Blitz|p2a: Spiritomb\n|-damage|p2a: Spiritomb|0 fnt\n|faint|p2a: Spiritomb\n|-damage|p1a: Emboar|254/322|[from] Recoil\n|\n|upkeep\n|\n|t:|1781461802\n|switch|p2a: Sneasler|Sneasler, L74, M|240/240\n|-damage|p2a: Sneasler|225/240|[from] Stealth Rock\n|turn|14\n|\n|t:|1781461814\n|move|p2a: Sneasler|Dire Claw|p1a: Emboar\n|-damage|p1a: Emboar|85/322\n|-status|p1a: Emboar|slp\n|cant|p1a: Emboar|slp\n|\n|upkeep\n|turn|15\n|\n|t:|1781461822\n|switch|p1a: Alomomola|Alomomola, L87, M|429/429\n|move|p2a: Sneasler|Dire Claw|p1a: Alomomola\n|-damage|p1a: Alomomola|306/429\n|-status|p1a: Alomomola|psn\n|\n|-heal|p1a: Alomomola|332/429 psn|[from] item: Leftovers\n|-damage|p1a: Alomomola|279/429 psn|[from] psn\n|upkeep\n|turn|16\n|\n|t:|1781461831\n|-terastallize|p1a: Alomomola|Steel\n|move|p2a: Sneasler|Dire Claw|p1a: Alomomola\n|-immune|p1a: Alomomola\n|move|p1a: Alomomola|Wish|p1a: Alomomola\n|\n|-heal|p1a: Alomomola|305/429 psn|[from] item: Leftovers\n|-damage|p1a: Alomomola|252/429 psn|[from] psn\n|upkeep\n|turn|17\n|\n|t:|1781461838\n|switch|p2a: Tsareena|Tsareena, L87, F|234/267\n|-damage|p2a: Tsareena|201/267|[from] Stealth Rock\n|move|p1a: Alomomola|Scald|p2a: Tsareena\n|-resisted|p2a: Tsareena\n|-damage|p2a: Tsareena|180/267\n|\n|-heal|p1a: Alomomola|429/429 psn|[from] move: Wish|[wisher] Alomomola\n|-damage|p1a: Alomomola|376/429 psn|[from] psn\n|upkeep\n|turn|18\n|\n|t:|1781461844\n|move|p1a: Alomomola|Protect|p1a: Alomomola\n|-singleturn|p1a: Alomomola|Protect\n|move|p2a: Tsareena|Knock Off|p1a: Alomomola\n|-activate|p1a: Alomomola|move: Protect\n|\n|-heal|p1a: Alomomola|402/429 psn|[from] item: Leftovers\n|-damage|p1a: Alomomola|349/429 psn|[from] psn\n|upkeep\n|turn|19\n|\n|t:|1781461850\n|move|p2a: Tsareena|Knock Off|p1a: Alomomola\n|-damage|p1a: Alomomola|260/429 psn\n|-enditem|p1a: Alomomola|Leftovers|[from] move: Knock Off|[of] p2a: Tsareena\n|move|p1a: Alomomola|Wish|p1a: Alomomola\n|\n|-damage|p1a: Alomomola|207/429 psn|[from] psn\n|upkeep\n|turn|20\n|\n|t:|1781461858\n|switch|p2a: Sneasler|Sneasler, L74, M|225/240\n|-damage|p2a: Sneasler|210/240|[from] Stealth Rock\n|move|p1a: Alomomola|Scald|p2a: Sneasler\n|-damage|p2a: Sneasler|149/240\n|\n|-heal|p1a: Alomomola|421/429 psn|[from] move: Wish|[wisher] Alomomola\n|-damage|p1a: Alomomola|368/429 psn|[from] psn\n|upkeep\n|turn|21\n|\n|t:|1781461865\n|move|p1a: Alomomola|Protect|p1a: Alomomola\n|-singleturn|p1a: Alomomola|Protect\n|move|p2a: Sneasler|Close Combat|p1a: Alomomola\n|-activate|p1a: Alomomola|move: Protect\n|\n|-damage|p1a: Alomomola|315/429 psn|[from] psn\n|upkeep\n|turn|22\n|\n|t:|1781461868\n|switch|p1a: Emboar|Emboar, L84, M|85/322 slp\n|move|p2a: Sneasler|Close Combat|p1a: Emboar\n|-damage|p1a: Emboar|0 fnt\n|-unboost|p2a: Sneasler|def|1\n|-unboost|p2a: Sneasler|spd|1\n|faint|p1a: Emboar\n|\n|upkeep\n|\n|t:|1781461870\n|switch|p1a: Volcarona|Volcarona, L77, F|257/257\n|turn|23\n|\n|t:|1781461877\n|switch|p2a: Umbreon|Umbreon, L84, F|239/297\n|-damage|p2a: Umbreon|202/297|[from] Stealth Rock\n|move|p1a: Volcarona|Quiver Dance|p1a: Volcarona\n|-boost|p1a: Volcarona|spa|1\n|-boost|p1a: Volcarona|spd|1\n|-boost|p1a: Volcarona|spe|1\n|\n|-heal|p2a: Umbreon|220/297|[from] item: Leftovers\n|upkeep\n|turn|24\n|\n|t:|1781461885\n|-terastallize|p2a: Umbreon|Poison\n|move|p1a: Volcarona|Fire Blast|p2a: Umbreon\n|-damage|p2a: Umbreon|87/297\n|move|p2a: Umbreon|Toxic|p1a: Volcarona\n|-status|p1a: Volcarona|tox\n|\n|-heal|p2a: Umbreon|105/297|[from] item: Leftovers\n|-damage|p1a: Volcarona|241/257 tox|[from] psn\n|upkeep\n|turn|25\n|\n|t:|1781461894\n|move|p2a: Umbreon|Protect|p2a: Umbreon\n|-singleturn|p2a: Umbreon|Protect\n|move|p1a: Volcarona|Fire Blast|p2a: Umbreon\n|-activate|p2a: Umbreon|move: Protect\n|\n|-heal|p2a: Umbreon|123/297|[from] item: Leftovers\n|-damage|p1a: Volcarona|209/257 tox|[from] psn\n|upkeep\n|turn|26\n|\n|t:|1781461899\n|move|p2a: Umbreon|Protect||[still]\n|-fail|p2a: Umbreon\n|move|p1a: Volcarona|Fire Blast|p2a: Umbreon\n|-damage|p2a: Umbreon|0 fnt\n|faint|p2a: Umbreon\n|\n|-damage|p1a: Volcarona|161/257 tox|[from] psn\n|upkeep\n|\n|t:|1781461902\n|switch|p2a: Tsareena|Tsareena, L87, F|180/267\n|-damage|p2a: Tsareena|147/267|[from] Stealth Rock\n|turn|27\n|\n|t:|1781461908\n|move|p1a: Volcarona|Fire Blast|p2a: Tsareena\n|-supereffective|p2a: Tsareena\n|-damage|p2a: Tsareena|0 fnt\n|faint|p2a: Tsareena\n|\n|-damage|p1a: Volcarona|97/257 tox|[from] psn\n|upkeep\n|\n|t:|1781461914\n|switch|p2a: Fezandipiti|Fezandipiti, L82, M|278/278\n|-damage|p2a: Fezandipiti|244/278|[from] Stealth Rock\n|turn|28\n|\n|t:|1781461919\n|move|p1a: Volcarona|Fire Blast|p2a: Fezandipiti\n|-damage|p2a: Fezandipiti|93/278\n|move|p2a: Fezandipiti|Gunk Shot|p1a: Volcarona\n|-damage|p1a: Volcarona|0 fnt\n|faint|p1a: Volcarona\n|\n|-heal|p2a: Fezandipiti|110/278|[from] item: Leftovers\n|upkeep\n|\n|t:|1781461925\n|switch|p1a: Alomomola|Alomomola, L87, M, tera:Steel|429/429 psn\n|turn|29\n|\n|t:|1781461932\n|move|p2a: Fezandipiti|Swords Dance|p2a: Fezandipiti\n|-boost|p2a: Fezandipiti|atk|2\n|move|p1a: Alomomola|Scald|p2a: Fezandipiti\n|-damage|p2a: Fezandipiti|71/278\n|\n|-heal|p2a: Fezandipiti|88/278|[from] item: Leftovers\n|-damage|p1a: Alomomola|376/429 psn|[from] psn\n|upkeep\n|turn|30\n|\n|t:|1781461940\n|move|p2a: Fezandipiti|Play Rough|p1a: Alomomola\n|-resisted|p1a: Alomomola\n|-damage|p1a: Alomomola|287/429 psn\n|move|p1a: Alomomola|Scald|p2a: Fezandipiti\n|-damage|p2a: Fezandipiti|51/278\n|\n|-heal|p2a: Fezandipiti|68/278|[from] item: Leftovers\n|-damage|p1a: Alomomola|234/429 psn|[from] psn\n|upkeep\n|turn|31\n|\n|t:|1781461946\n|move|p2a: Fezandipiti|Swords Dance|p2a: Fezandipiti\n|-boost|p2a: Fezandipiti|atk|2\n|move|p1a: Alomomola|Wish|p1a: Alomomola\n|\n|-heal|p2a: Fezandipiti|85/278|[from] item: Leftovers\n|-damage|p1a: Alomomola|181/429 psn|[from] psn\n|upkeep\n|turn|32\n|\n|t:|1781461954\n|move|p1a: Alomomola|Protect|p1a: Alomomola\n|-singleturn|p1a: Alomomola|Protect\n|move|p2a: Fezandipiti|Play Rough|p1a: Alomomola\n|-activate|p1a: Alomomola|move: Protect\n|\n|-heal|p1a: Alomomola|395/429 psn|[from] move: Wish|[wisher] Alomomola\n|-heal|p2a: Fezandipiti|102/278|[from] item: Leftovers\n|-damage|p1a: Alomomola|342/429 psn|[from] psn\n|upkeep\n|turn|33\n|\n|t:|1781461958\n|move|p2a: Fezandipiti|Play Rough|p1a: Alomomola\n|-resisted|p1a: Alomomola\n|-damage|p1a: Alomomola|213/429 psn\n|move|p1a: Alomomola|Scald|p2a: Fezandipiti\n|-damage|p2a: Fezandipiti|65/278\n|\n|-heal|p2a: Fezandipiti|82/278|[from] item: Leftovers\n|-damage|p1a: Alomomola|160/429 psn|[from] psn\n|upkeep\n|turn|34\n|\n|t:|1781461965\n|move|p2a: Fezandipiti|Play Rough|p1a: Alomomola\n|-resisted|p1a: Alomomola\n|-damage|p1a: Alomomola|37/429 psn\n|move|p1a: Alomomola|Wish|p1a: Alomomola\n|\n|-heal|p2a: Fezandipiti|99/278|[from] item: Leftovers\n|-damage|p1a: Alomomola|0 fnt|[from] psn\n|faint|p1a: Alomomola\n|upkeep\n|\n|t:|1781461970\n|switch|p1a: Roaring Moon|Roaring Moon, L72|270/270\n|turn|35\n|\n|t:|1781461978\n|move|p1a: Roaring Moon|Dragon Dance|p1a: Roaring Moon\n|-boost|p1a: Roaring Moon|atk|1\n|-boost|p1a: Roaring Moon|spe|1\n|move|p2a: Fezandipiti|Play Rough|p1a: Roaring Moon\n|-supereffective|p1a: Roaring Moon\n|-damage|p1a: Roaring Moon|0 fnt\n|faint|p1a: Roaring Moon\n|-end|p1a: Roaring Moon|Protosynthesis|[silent]\n|\n|win|General Nova64\n", "inputlog": ">version a8376a258c1d4662feba110a92103f3664a72141\n>start {\"formatid\":\"gen9randombattle\",\"seed\":\"sodium,bc388b7a4c21eca81a3d246f1225474b\",\"rated\":\"Rated battle\"}\n>player p1 {\"name\":\"skippyjonez\",\"avatar\":\"cameraman\",\"rating\":2179,\"seed\":\"sodium,b7d242b3773ace2a03212c6626ab15e1\"}\n>player p2 {\"name\":\"General Nova64\",\"avatar\":\"265\",\"rating\":2153,\"seed\":\"sodium,ced12bab817c97c8c59494568d3ff82b\"}\n>p1 switch 2\n>p2 switch 6\n>p1 move stealthrock\n>p2 move swordsdance\n>p1 move whirlwind\n>p2 move playrough\n>p1 move earthquake\n>p2 move wish\n>p1 move whirlwind\n>p2 move foulplay\n>p1 move earthquake\n>p2 move shadowsneak\n>p1 switch 2\n>p1 move dragondance\n>p2 switch 2\n>p1 switch 6\n>p2 move icebeam\n>p1 move fakeout\n>p2 move hydropump\n>p1 move sludgewave\n>p2 move hydropump\n>p2 switch 4\n>p1 move uturn\n>p2 move knockoff\n>p1 switch 5\n>p1 move flareblitz\n>p2 switch 2\n>p1 move flareblitz\n>p2 move painsplit\n>p2 switch 5\n>p1 move flareblitz\n>p2 move direclaw\n>p1 switch 3\n>p2 move direclaw\n>p1 move wish terastallize\n>p2 move direclaw\n>p1 move scald\n>p2 switch 2\n>p1 move protect\n>p2 move knockoff\n>p1 move wish\n>p2 move knockoff\n>p1 move scald\n>p2 switch 2\n>p1 move protect\n>p2 move closecombat\n>p1 switch 3\n>p2 move closecombat\n>p1 switch 4\n>p1 move quiverdance\n>p2 switch 6\n>p1 move fireblast\n>p2 move toxic terastallize\n>p1 move fireblast\n>p2 move protect\n>p1 move fireblast\n>p2 move protect\n>p2 switch 2\n>p1 move fireblast\n>p2 move knockoff\n>p2 switch 3\n>p1 move fireblast\n>p2 move gunkshot\n>p1 switch 3\n>p1 move scald\n>p2 move swordsdance\n>p1 move scald\n>p2 move playrough\n>p1 move wish\n>p2 move swordsdance\n>p1 move protect\n>p2 move playrough\n>p1 move scald\n>p2 move playrough\n>p1 move wish\n>p2 move playrough\n>p1 switch 6\n>p1 move dragondance\n>p2 move playrough", "uploadtime": 1781461665, "views": 8, "formatid": "gen9randombattle", "rating": null, "private": 0, "password": null, "player_dets": [{"name": "skippyjonez", "avatar": "cameraman", "rating": 2179, "seed": "sodium,b7d242b3773ace2a03212c6626ab15e1"}, {"name": "General Nova64", "avatar": "265", "rating": 2153, "seed": "sodium,ced12bab817c97c8c59494568d3ff82b"}], "teams_full": [{"Roaring Moon": {"name": "Roaring Moon", "species": "Roaring Moon", "speciesId": "roaringmoon", "gender": "N", "shiny": false, "level": 72, "moves": ["knockoff", "dragondance", "ironhead", "outrage"], "ability": "Protosynthesis", "evs": {"hp": 85, "atk": 85, "def": 85, "spa": 85, "spd": 85, "spe": 85}, "ivs": {"hp": 31, "atk": 31, "def": 31, "spa": 31, "spd": 31, "spe": 31}, "item": "Lum Berry", "teraType": "Dark", "role": "Setup Sweeper", "bvs": {"hp": 105, "atk": 139, "def": 71, "spa": 55, "spd": 101, "spe": 119}, "stats": {"hp": 270, "atk": 242, "def": 144, "spa": 121, "spd": 187, "spe": 213}}, "Ting-Lu": {"name": "Ting-Lu", "species": "Ting-Lu", "speciesId": "tinglu", "gender": "N", "shiny": false, "level": 78, "moves": ["whirlwind", "earthquake", "throatchop", "stealthrock"], "ability": "Vessel of Ruin", "evs": {"hp": 85, "atk": 85, "def": 85, "spa": 85, "spd": 85, "spe": 85}, "ivs": {"hp": 31, "atk": 31, "def": 31, "spa": 31, "spd": 31, "spe": 31}, "item": "Leftovers", "teraType": "Ghost", "role": "Bulky Support", "bvs": {"hp": 155, "atk": 110, "def": 125, "spa": 55, "spd": 80, "spe": 45}, "stats": {"hp": 370, "atk": 217, "def": 240, "spa": 131, "spd": 170, "spe": 115}}, "Alomomola": {"name": "Alomomola", "species": "Alomomola", "speciesId": "alomomola", "gender": "M", "shiny": false, "level": 87, "moves": ["wish", "scald", "flipturn", "protect"], "ability": "Regenerator", "evs": {"hp": 85, "atk": 85, "def": 85, "spa": 85, "spd": 85, "spe": 85}, "ivs": {"hp": 31, "atk": 31, "def": 31, "spa": 31, "spd": 31, "spe": 31}, "item": "Leftovers", "teraType": "Steel", "role": "Bulky Support", "bvs": {"hp": 165, "atk": 75, "def": 80, "spa": 40, "spd": 45, "spe": 65}, "stats": {"hp": 429, "atk": 180, "def": 189, "spa": 119, "spd": 128, "spe": 163}}, "Volcarona": {"name": "Volcarona", "species": "Volcarona", "speciesId": "volcarona", "gender": "F", "shiny": false, "level": 77, "moves": ["fireblast", "quiverdance", "terablast", "gigadrain"], "ability": "Flame Body", "evs": {"hp": 85, "atk": 0, "def": 85, "spa": 85, "spd": 85, "spe": 85}, "ivs": {"hp": 31, "atk": 0, "def": 31, "spa": 31, "spd": 31, "spe": 31}, "item": "Heavy-Duty Boots", "teraType": "Ground", "role": "Tera Blast user", "bvs": {"hp": 85, "atk": 60, "def": 65, "spa": 135, "spd": 105, "spe": 100}, "stats": {"hp": 257, "atk": 97, "def": 145, "spa": 252, "spd": 206, "spe": 199}}, "Emboar": {"name": "Emboar", "species": "Emboar", "speciesId": "emboar", "gender": "M", "shiny": false, "level": 84, "moves": ["suckerpunch", "closecombat", "flareblitz", "scald"], "ability": "Reckless", "evs": {"hp": 85, "atk": 85, "def": 85, "spa": 85, "spd": 85, "spe": 85}, "ivs": {"hp": 31, "atk": 31, "def": 31, "spa": 31, "spd": 31, "spe": 31}, "item": "Assault Vest", "teraType": "Fire", "role": "AV Pivot", "bvs": {"hp": 110, "atk": 123, "def": 65, "spa": 100, "spd": 65, "spe": 65}, "stats": {"hp": 322, "atk": 255, "def": 157, "spa": 216, "spd": 157, "spe": 157}}, "Munkidori": {"name": "Munkidori", "species": "Munkidori", "speciesId": "munkidori", "gender": "M", "shiny": false, "level": 79, "moves": ["fakeout", "psychicnoise", "uturn", "sludgewave"], "ability": "Toxic Chain", "evs": {"hp": 85, "atk": 85, "def": 85, "spa": 85, "spd": 85, "spe": 85}, "ivs": {"hp": 31, "atk": 31, "def": 31, "spa": 31, "spd": 31, "spe": 31}, "item": "Assault Vest", "teraType": "Dark", "role": "AV Pivot", "bvs": {"hp": 88, "atk": 75, "def": 66, "spa": 130, "spd": 90, "spe": 106}, "stats": {"hp": 269, "atk": 164, "def": 150, "spa": 251, "spd": 188, "spe": 213}}}, {"Spiritomb": {"name": "Spiritomb", "species": "Spiritomb", "speciesId": "spiritomb", "gender": "F", "shiny": false, "level": 89, "moves": ["poltergeist", "foulplay", "painsplit", "shadowsneak"], "ability": "Infiltrator", "evs": {"hp": 85, "atk": 85, "def": 85, "spa": 85, "spd": 85, "spe": 85}, "ivs": {"hp": 31, "atk": 31, "def": 31, "spa": 31, "spd": 31, "spe": 31}, "item": "Leftovers", "teraType": "Ghost", "role": "Bulky Support", "bvs": {"hp": 50, "atk": 92, "def": 108, "spa": 92, "spd": 108, "spe": 35}, "stats": {"hp": 234, "atk": 215, "def": 243, "spa": 215, "spd": 243, "spe": 113}}, "Iron Bundle": {"name": "Iron Bundle", "species": "Iron Bundle", "speciesId": "ironbundle", "gender": "N", "shiny": false, "level": 78, "moves": ["encore", "icebeam", "hydropump", "freezedry"], "ability": "Quark Drive", "evs": {"hp": 85, "atk": 0, "def": 85, "spa": 85, "spd": 85, "spe": 85}, "ivs": {"hp": 31, "atk": 0, "def": 31, "spa": 31, "spd": 31, "spe": 31}, "item": "Heavy-Duty Boots", "teraType": "Ice", "role": "Fast Attacker", "bvs": {"hp": 56, "atk": 80, "def": 114, "spa": 124, "spd": 60, "spe": 136}, "stats": {"hp": 215, "atk": 129, "def": 223, "spa": 239, "spd": 139, "spe": 257}}, "Umbreon": {"name": "Umbreon", "species": "Umbreon", "speciesId": "umbreon", "gender": "F", "shiny": false, "level": 84, "moves": ["wish", "foulplay", "toxic", "protect"], "ability": "Synchronize", "evs": {"hp": 85, "atk": 0, "def": 85, "spa": 85, "spd": 85, "spe": 85}, "ivs": {"hp": 31, "atk": 0, "def": 31, "spa": 31, "spd": 31, "spe": 31}, "item": "Leftovers", "teraType": "Poison", "role": "Bulky Support", "bvs": {"hp": 95, "atk": 65, "def": 110, "spa": 60, "spd": 130, "spe": 65}, "stats": {"hp": 297, "atk": 114, "def": 233, "spa": 149, "spd": 267, "spe": 157}}, "Tsareena": {"name": "Tsareena", "species": "Tsareena", "speciesId": "tsareena", "gender": "F", "shiny": false, "level": 87, "moves": ["tripleaxel", "knockoff", "powerwhip", "highjumpkick"], "ability": "Queenly Majesty", "evs": {"hp": 85, "atk": 85, "def": 85, "spa": 85, "spd": 85, "spe": 85}, "ivs": {"hp": 31, "atk": 31, "def": 31, "spa": 31, "spd": 31, "spe": 31}, "item": "Choice Scarf", "teraType": "Fighting", "role": "Fast Support", "bvs": {"hp": 72, "atk": 120, "def": 98, "spa": 50, "spd": 98, "spe": 72}, "stats": {"hp": 267, "atk": 259, "def": 220, "spa": 137, "spd": 220, "spe": 175}}, "Sneasler": {"name": "Sneasler", "species": "Sneasler", "speciesId": "sneasler", "gender": "M", "shiny": false, "level": 74, "moves": ["uturn", "throatchop", "direclaw", "closecombat"], "ability": "Poison Touch", "evs": {"hp": 85, "atk": 85, "def": 85, "spa": 85, "spd": 85, "spe": 85}, "ivs": {"hp": 31, "atk": 31, "def": 31, "spa": 31, "spd": 31, "spe": 31}, "item": "Choice Band", "teraType": "Fighting", "role": "Fast Attacker", "bvs": {"hp": 80, "atk": 130, "def": 60, "spa": 40, "spd": 80, "spe": 120}, "stats": {"hp": 240, "atk": 235, "def": 132, "spa": 102, "spd": 161, "spe": 221}}, "Fezandipiti": {"name": "Fezandipiti", "species": "Fezandipiti", "speciesId": "fezandipiti", "gender": "M", "shiny": false, "level": 82, "moves": ["gunkshot", "swordsdance", "playrough", "terablast"], "ability": "Toxic Chain", "evs": {"hp": 85, "atk": 85, "def": 85, "spa": 85, "spd": 85, "spe": 85}, "ivs": {"hp": 31, "atk": 31, "def": 31, "spa": 31, "spd": 31, "spe": 31}, "item": "Leftovers", "teraType": "Ground", "role": "Tera Blast user", "bvs": {"hp": 88, "atk": 91, "def": 82, "spa": 70, "spd": 125, "spe": 99}, "stats": {"hp": 278, "atk": 196, "def": 182, "spa": 162, "spd": 252, "spe": 210}}}]}