{"id": "gen9randombattle-2631386420", "format": "[Gen 9] Random Battle", "players": ["vorpaldevil", "PerfectBrosky"], "log": "|j|\u2606vorpaldevil\n|j|\u2606PerfectBrosky\n|t:|1781378535\n|gametype|singles\n|player|p1|vorpaldevil|workerice|1603\n|player|p2|PerfectBrosky|harlequin|1580\n|gen|9\n|tier|[Gen 9] Random Battle\n|rated|\n|rule|Species Clause: Limit one of each Pok\u00e9mon\n|rule|HP Percentage Mod: HP is shown in percentages\n|rule|Sleep Clause Mod: Limit one foe put to sleep\n|rule|Illusion Level Mod: Illusion disguises the Pok\u00e9mon's true level\n|\n|t:|1781378535\n|teamsize|p1|6\n|teamsize|p2|6\n|start\n|switch|p1a: Palafin|Palafin, L77, M|281/281\n|switch|p2a: Metagross|Metagross, L79|256/256\n|turn|1\n|inactive|Battle timer is ON: inactive players will automatically lose when time's up. (requested by PerfectBrosky)\n|\n|t:|1781378548\n|detailschange|p1a: Palafin|Palafin-Hero, L77, M\n|switch|p1a: Reuniclus|Reuniclus, L88, F|337/337\n|move|p2a: Metagross|Heavy Slam|p1a: Reuniclus\n|-damage|p1a: Reuniclus|121/337\n|\n|upkeep\n|turn|2\n|\n|t:|1781378560\n|move|p2a: Metagross|Heavy Slam|p1a: Reuniclus\n|-damage|p1a: Reuniclus|0 fnt\n|faint|p1a: Reuniclus\n|\n|upkeep\n|\n|t:|1781378570\n|switch|p1a: Revavroom|Revavroom, L79, F|256/256\n|turn|3\n|\n|t:|1781378575\n|switch|p2a: Dondozo|Dondozo, L78, F|362/362\n|-terastallize|p1a: Revavroom|Ground\n|move|p1a: Revavroom|Shift Gear|p1a: Revavroom\n|-boost|p1a: Revavroom|spe|2\n|-boost|p1a: Revavroom|atk|1\n|\n|upkeep\n|turn|4\n|\n|t:|1781378580\n|move|p1a: Revavroom|Gunk Shot|p2a: Dondozo|[miss]\n|-miss|p1a: Revavroom|p2a: Dondozo\n|move|p2a: Dondozo|Wave Crash|p1a: Revavroom\n|-supereffective|p1a: Revavroom\n|-damage|p1a: Revavroom|90/256\n|-damage|p2a: Dondozo|307/362|[from] Recoil\n|\n|-heal|p2a: Dondozo|329/362|[from] item: Leftovers\n|upkeep\n|turn|5\n|\n|t:|1781378585\n|switch|p1a: Arbok|Arbok, L87, F|246/246\n|-ability|p1a: Arbok|Intimidate|boost\n|-unboost|p2a: Dondozo|atk|1\n|move|p2a: Dondozo|Curse|p2a: Dondozo\n|-unboost|p2a: Dondozo|spe|1\n|-boost|p2a: Dondozo|atk|1\n|-boost|p2a: Dondozo|def|1\n|\n|-heal|p2a: Dondozo|351/362|[from] item: Leftovers\n|upkeep\n|turn|6\n|\n|t:|1781378594\n|move|p1a: Arbok|Knock Off|p2a: Dondozo\n|-damage|p2a: Dondozo|288/362\n|-enditem|p2a: Dondozo|Leftovers|[from] move: Knock Off|[of] p1a: Arbok\n|move|p2a: Dondozo|Wave Crash|p1a: Arbok\n|-damage|p1a: Arbok|114/246\n|-damage|p2a: Dondozo|244/362|[from] Recoil\n|\n|upkeep\n|turn|7\n|\n|t:|1781378605\n|switch|p1a: Golduck|Golduck, L90, M|290/290\n|-ability|p1a: Golduck|Cloud Nine\n|move|p2a: Dondozo|Curse|p2a: Dondozo\n|-unboost|p2a: Dondozo|spe|1\n|-boost|p2a: Dondozo|atk|1\n|-boost|p2a: Dondozo|def|1\n|\n|upkeep\n|turn|8\n|\n|t:|1781378617\n|switch|p2a: Lokix|Lokix, L82, M|251/251\n|move|p1a: Golduck|Nasty Plot|p1a: Golduck\n|-boost|p1a: Golduck|spa|2\n|\n|upkeep\n|turn|9\n|\n|t:|1781378623\n|move|p1a: Golduck|Hydro Pump|p2a: Lokix\n|-damage|p2a: Lokix|0 fnt\n|faint|p2a: Lokix\n|-damage|p1a: Golduck|261/290|[from] item: Life Orb\n|\n|upkeep\n|\n|t:|1781378629\n|switch|p2a: Houndstone|Houndstone, L86, F|264/264\n|turn|10\n|\n|t:|1781378633\n|move|p1a: Golduck|Hydro Pump|p2a: Houndstone\n|-damage|p2a: Houndstone|0 fnt\n|faint|p2a: Houndstone\n|-damage|p1a: Golduck|232/290|[from] item: Life Orb\n|\n|upkeep\n|\n|t:|1781378637\n|switch|p2a: Metagross|Metagross, L79|256/256\n|turn|11\n|\n|t:|1781378640\n|move|p1a: Golduck|Hydro Pump|p2a: Metagross\n|-damage|p2a: Metagross|0 fnt\n|faint|p2a: Metagross\n|-damage|p1a: Golduck|203/290|[from] item: Life Orb\n|\n|upkeep\n|\n|t:|1781378650\n|switch|p2a: Cinderace|Cinderace, L77, F|249/249\n|turn|12\n|\n|t:|1781378655\n|move|p2a: Cinderace|U-turn|p1a: Golduck\n|-start|p2a: Cinderace|typechange|Bug|[from] ability: Libero\n|-damage|p1a: Golduck|91/290\n|\n|t:|1781378659\n|switch|p2a: Dondozo|Dondozo, L78, F|244/362|[from] U-turn\n|move|p1a: Golduck|Hydro Pump|p2a: Dondozo\n|-resisted|p2a: Dondozo\n|-damage|p2a: Dondozo|119/362\n|-damage|p1a: Golduck|62/290|[from] item: Life Orb\n|\n|upkeep\n|turn|13\n|\n|t:|1781378664\n|move|p1a: Golduck|Grass Knot|p2a: Dondozo\n|-supereffective|p2a: Dondozo\n|-damage|p2a: Dondozo|0 fnt\n|faint|p2a: Dondozo\n|-damage|p1a: Golduck|33/290|[from] item: Life Orb\n|\n|upkeep\n|\n|t:|1781378673\n|switch|p2a: Cinderace|Cinderace, L77, F|249/249\n|turn|14\n|\n|t:|1781378675\n|move|p2a: Cinderace|U-turn|p1a: Golduck\n|-start|p2a: Cinderace|typechange|Bug|[from] ability: Libero\n|-damage|p1a: Golduck|0 fnt\n|faint|p1a: Golduck\n|\n|t:|1781378681\n|switch|p2a: Minior|Minior, L79|224/224|[from] U-turn\n|-formechange|p2a: Minior|Minior-Meteor||[from] ability: Shields Down\n|\n|upkeep\n|\n|t:|1781378689\n|switch|p1a: Arbok|Arbok, L87, F|114/246\n|-ability|p1a: Arbok|Intimidate|boost\n|-unboost|p2a: Minior|atk|1\n|-enditem|p2a: Minior|White Herb\n|-clearnegativeboost|p2a: Minior|[silent]\n|turn|15\n|\n|t:|1781378697\n|switch|p1a: Palafin|Palafin-Hero, L77, M|281/281\n|-activate|p1a: Palafin|ability: Zero to Hero\n|move|p2a: Minior|Shell Smash|p2a: Minior\n|-unboost|p2a: Minior|def|1\n|-unboost|p2a: Minior|spd|1\n|-boost|p2a: Minior|atk|2\n|-boost|p2a: Minior|spa|2\n|-boost|p2a: Minior|spe|2\n|\n|upkeep\n|turn|16\n|\n|t:|1781378705\n|move|p2a: Minior|Power Gem|p1a: Palafin\n|-damage|p1a: Palafin|157/281\n|move|p1a: Palafin|Bulk Up|p1a: Palafin\n|-boost|p1a: Palafin|atk|1\n|-boost|p1a: Palafin|def|1\n|\n|-heal|p1a: Palafin|174/281|[from] item: Leftovers\n|upkeep\n|turn|17\n|\n|t:|1781378709\n|move|p1a: Palafin|Jet Punch|p2a: Minior\n|-supereffective|p2a: Minior\n|-damage|p2a: Minior|0 fnt\n|faint|p2a: Minior\n|\n|-heal|p1a: Palafin|191/281|[from] item: Leftovers\n|upkeep\n|\n|t:|1781378711\n|switch|p2a: Cinderace|Cinderace, L77, F|249/249\n|turn|18\n|\n|t:|1781378714\n|move|p1a: Palafin|Jet Punch|p2a: Cinderace\n|-supereffective|p2a: Cinderace\n|-damage|p2a: Cinderace|0 fnt\n|faint|p2a: Cinderace\n|\n|win|vorpaldevil\n|raw|vorpaldevil's rating: 1603 &rarr; <strong>1622</strong><br />(+19 for winning)\n|raw|PerfectBrosky's rating: 1580 &rarr; <strong>1561</strong><br />(-19 for losing)\n|l|\u2606PerfectBrosky\n|player|p2|\n", "inputlog": ">version a8376a258c1d4662feba110a92103f3664a72141\n>start {\"formatid\":\"gen9randombattle\",\"seed\":\"sodium,72bdb0e0710316b72b6946a6d228f179\",\"rated\":\"Rated battle\"}\n>player p1 {\"name\":\"vorpaldevil\",\"avatar\":\"workerice\",\"rating\":1603,\"seed\":\"sodium,166da54c5d65021adb36bde77c27cc92\"}\n>player p2 {\"name\":\"PerfectBrosky\",\"avatar\":\"harlequin\",\"rating\":1580,\"seed\":\"sodium,fcd1cdc0d0a9e906b97f33de96c1fa39\"}\n>p1 switch 6\n>p2 move heavyslam\n>p1 move focusblast\n>p2 move heavyslam\n>p1 switch 3\n>p1 move shiftgear terastallize\n>p2 switch 5\n>p1 move gunkshot\n>p2 move wavecrash\n>p1 switch 5\n>p2 move curse\n>p1 move knockoff\n>p2 move wavecrash\n>p1 switch 2\n>p2 move curse\n>p1 move nastyplot\n>p2 switch 4\n>p1 move hydropump\n>p2 move knockoff\n>p2 switch 3\n>p1 move hydropump\n>p2 move poltergeist\n>p2 switch 5\n>p1 move hydropump\n>p2 move psychicfangs\n>p2 switch 6\n>p1 move hydropump\n>p2 move uturn\n>p2 switch 4\n>p1 move grassknot\n>p2 move rest\n>p2 switch 4\n>p1 move hydropump\n>p2 move uturn\n>p2 switch 2\n>p1 switch 2\n>p1 switch 6\n>p2 move shellsmash\n>p1 move bulkup\n>p2 move powergem\n>p1 move jetpunch\n>p2 move acrobatics\n>p2 switch 2\n>p1 move jetpunch\n>p2 move highjumpkick", "uploadtime": 1781378722, "views": 6, "formatid": "gen9randombattle", "rating": 1561, "private": 0, "password": null, "player_dets": [{"name": "vorpaldevil", "avatar": "workerice", "rating": 1603, "seed": "sodium,166da54c5d65021adb36bde77c27cc92"}, {"name": "PerfectBrosky", "avatar": "harlequin", "rating": 1580, "seed": "sodium,fcd1cdc0d0a9e906b97f33de96c1fa39"}], "teams_full": [{"Palafin": {"name": "Palafin", "species": "Palafin", "speciesId": "palafin", "gender": "M", "shiny": false, "level": 77, "moves": ["jetpunch", "bulkup", "icepunch", "drainpunch"], "ability": "Zero to Hero", "evs": {"hp": 85, "atk": 85, "def": 85, "spa": 85, "spd": 85, "spe": 85}, "ivs": {"hp": 31, "atk": 31, "def": 31, "spa": 31, "spd": 31, "spe": 31}, "item": "Leftovers", "teraType": "Steel", "role": "Bulky Setup", "bvs": {"hp": 100, "atk": 70, "def": 72, "spa": 53, "spd": 62, "spe": 100}, "stats": {"hp": 281, "atk": 152, "def": 155, "spa": 126, "spd": 140, "spe": 199}, "types": ["Water"]}, "Golduck": {"name": "Golduck", "species": "Golduck", "speciesId": "golduck", "gender": "M", "shiny": false, "level": 90, "moves": ["nastyplot", "hydropump", "icebeam", "grassknot"], "ability": "Cloud Nine", "evs": {"hp": 85, "atk": 0, "def": 85, "spa": 85, "spd": 85, "spe": 85}, "ivs": {"hp": 31, "atk": 0, "def": 31, "spa": 31, "spd": 31, "spe": 31}, "item": "Life Orb", "teraType": "Grass", "role": "Fast Attacker", "bvs": {"hp": 80, "atk": 82, "def": 78, "spa": 95, "spd": 80, "spe": 85}, "stats": {"hp": 290, "atk": 152, "def": 192, "spa": 222, "spd": 195, "spe": 204}, "types": ["Water"]}, "Revavroom": {"name": "Revavroom", "species": "Revavroom", "speciesId": "revavroom", "gender": "F", "shiny": false, "level": 79, "moves": ["shiftgear", "highhorsepower", "gunkshot", "ironhead"], "ability": "Filter", "evs": {"hp": 85, "atk": 85, "def": 85, "spa": 85, "spd": 85, "spe": 85}, "ivs": {"hp": 31, "atk": 31, "def": 31, "spa": 31, "spd": 31, "spe": 31}, "item": "Life Orb", "teraType": "Ground", "role": "Fast Attacker", "bvs": {"hp": 80, "atk": 119, "def": 90, "spa": 54, "spd": 67, "spe": 90}, "stats": {"hp": 256, "atk": 234, "def": 188, "spa": 131, "spd": 151, "spe": 188}, "types": ["Steel", "Poison"]}, "Electivire": {"name": "Electivire", "species": "Electivire", "speciesId": "electivire", "gender": "M", "shiny": false, "level": 84, "moves": ["knockoff", "voltswitch", "supercellslam", "earthquake"], "ability": "Motor Drive", "evs": {"hp": 85, "atk": 85, "def": 85, "spa": 85, "spd": 85, "spe": 85}, "ivs": {"hp": 31, "atk": 31, "def": 31, "spa": 31, "spd": 31, "spe": 31}, "item": "Life Orb", "teraType": "Dark", "role": "Fast Attacker", "bvs": {"hp": 75, "atk": 123, "def": 67, "spa": 95, "spd": 85, "spe": 95}, "stats": {"hp": 263, "atk": 255, "def": 161, "spa": 208, "spd": 191, "spe": 208}, "types": ["Electric"]}, "Arbok": {"name": "Arbok", "species": "Arbok", "speciesId": "arbok", "gender": "F", "shiny": false, "level": 87, "moves": ["knockoff", "gunkshot", "suckerpunch", "earthquake"], "ability": "Intimidate", "evs": {"hp": 85, "atk": 85, "def": 85, "spa": 85, "spd": 85, "spe": 85}, "ivs": {"hp": 31, "atk": 31, "def": 31, "spa": 31, "spd": 31, "spe": 31}, "item": "Choice Band", "teraType": "Dark", "role": "Fast Support", "bvs": {"hp": 60, "atk": 95, "def": 69, "spa": 65, "spd": 79, "spe": 80}, "stats": {"hp": 246, "atk": 215, "def": 170, "spa": 163, "spd": 187, "spe": 189}, "types": ["Poison"]}, "Reuniclus": {"name": "Reuniclus", "species": "Reuniclus", "speciesId": "reuniclus", "gender": "F", "shiny": false, "level": 88, "moves": ["focusblast", "calmmind", "recover", "psyshock"], "ability": "Magic Guard", "evs": {"hp": 85, "atk": 0, "def": 85, "spa": 85, "spd": 85, "spe": 85}, "ivs": {"hp": 31, "atk": 0, "def": 31, "spa": 31, "spd": 31, "spe": 31}, "item": "Life Orb", "teraType": "Fighting", "role": "Bulky Setup", "bvs": {"hp": 110, "atk": 65, "def": 75, "spa": 125, "spd": 85, "spe": 30}, "stats": {"hp": 337, "atk": 119, "def": 182, "spa": 270, "spd": 200, "spe": 103}, "types": ["Psychic"]}}, {"Metagross": {"name": "Metagross", "species": "Metagross", "speciesId": "metagross", "gender": "N", "shiny": false, "level": 79, "moves": ["knockoff", "earthquake", "psychicfangs", "heavyslam"], "ability": "Clear Body", "evs": {"hp": 85, "atk": 85, "def": 85, "spa": 85, "spd": 85, "spe": 85}, "ivs": {"hp": 31, "atk": 31, "def": 31, "spa": 31, "spd": 31, "spe": 31}, "item": "Choice Band", "teraType": "Water", "role": "Bulky Support", "bvs": {"hp": 80, "atk": 135, "def": 130, "spa": 95, "spd": 90, "spe": 70}, "stats": {"hp": 256, "atk": 259, "def": 251, "spa": 196, "spd": 188, "spe": 156}, "types": ["Steel", "Psychic"]}, "Minior": {"name": "Minior", "species": "Minior", "speciesId": "minior", "gender": "N", "shiny": false, "level": 79, "moves": ["powergem", "earthquake", "shellsmash", "acrobatics"], "ability": "Shields Down", "evs": {"hp": 85, "atk": 85, "def": 85, "spa": 85, "spd": 85, "spe": 85}, "ivs": {"hp": 31, "atk": 31, "def": 31, "spa": 31, "spd": 31, "spe": 31}, "item": "White Herb", "teraType": "Steel", "role": "Setup Sweeper", "bvs": {"hp": 60, "atk": 100, "def": 60, "spa": 100, "spd": 60, "spe": 120}, "stats": {"hp": 224, "atk": 204, "def": 140, "spa": 204, "spd": 140, "spe": 235}, "types": ["Rock", "Flying"]}, "Houndstone": {"name": "Houndstone", "species": "Houndstone", "speciesId": "houndstone", "gender": "F", "shiny": false, "level": 86, "moves": ["poltergeist", "rest", "bodypress", "sleeptalk"], "ability": "Fluffy", "evs": {"hp": 85, "atk": 85, "def": 85, "spa": 85, "spd": 85, "spe": 85}, "ivs": {"hp": 31, "atk": 31, "def": 31, "spa": 31, "spd": 31, "spe": 31}, "item": "Leftovers", "teraType": "Fighting", "role": "Bulky Support", "bvs": {"hp": 72, "atk": 101, "def": 100, "spa": 50, "spd": 97, "spe": 68}, "stats": {"hp": 264, "atk": 223, "def": 221, "spa": 135, "spd": 216, "spe": 166}, "types": ["Ghost"]}, "Lokix": {"name": "Lokix", "species": "Lokix", "speciesId": "lokix", "gender": "M", "shiny": false, "level": 82, "moves": ["suckerpunch", "leechlife", "knockoff", "swordsdance"], "ability": "Tinted Lens", "evs": {"hp": 85, "atk": 85, "def": 85, "spa": 85, "spd": 85, "spe": 85}, "ivs": {"hp": 31, "atk": 31, "def": 31, "spa": 31, "spd": 31, "spe": 31}, "item": "Life Orb", "teraType": "Dark", "role": "Setup Sweeper", "bvs": {"hp": 71, "atk": 102, "def": 78, "spa": 52, "spd": 55, "spe": 92}, "stats": {"hp": 251, "atk": 214, "def": 175, "spa": 132, "spd": 137, "spe": 198}, "types": ["Bug", "Dark"]}, "Dondozo": {"name": "Dondozo", "species": "Dondozo", "speciesId": "dondozo", "gender": "F", "shiny": false, "level": 78, "moves": ["sleeptalk", "wavecrash", "rest", "curse"], "ability": "Unaware", "evs": {"hp": 85, "atk": 85, "def": 85, "spa": 85, "spd": 85, "spe": 85}, "ivs": {"hp": 31, "atk": 31, "def": 31, "spa": 31, "spd": 31, "spe": 31}, "item": "Leftovers", "teraType": "Fairy", "role": "Bulky Setup", "bvs": {"hp": 150, "atk": 100, "def": 115, "spa": 65, "spd": 65, "spe": 35}, "stats": {"hp": 362, "atk": 201, "def": 224, "spa": 146, "spd": 146, "spe": 100}, "types": ["Water"]}, "Cinderace": {"name": "Cinderace", "species": "Cinderace", "speciesId": "cinderace", "gender": "F", "shiny": false, "level": 77, "moves": ["highjumpkick", "uturn", "pyroball", "gunkshot"], "ability": "Libero", "evs": {"hp": 81, "atk": 85, "def": 85, "spa": 85, "spd": 85, "spe": 85}, "ivs": {"hp": 31, "atk": 31, "def": 31, "spa": 31, "spd": 31, "spe": 31}, "item": "Choice Band", "teraType": "Fire", "role": "Wallbreaker", "bvs": {"hp": 80, "atk": 116, "def": 75, "spa": 65, "spd": 75, "spe": 119}, "stats": {"hp": 249, "atk": 223, "def": 160, "spa": 145, "spd": 160, "spe": 228}, "types": ["Fire"]}}]}