{"id": "gen9randombattle-2631855114", "format": "[Gen 9] Random Battle", "players": ["RedDudeN64", "DBKaiyote"], "log": "|j|\u2606RedDudeN64\n|j|\u2606DBKaiyote\n|t:|1781448552\n|gametype|singles\n|player|p1|RedDudeN64|red|2140\n|player|p2|DBKaiyote|swimmer-gen4|2046\n|gen|9\n|tier|[Gen 9] Random Battle\n|rated|\n|rule|Species Clause: Limit one of each Pok\u00e9mon\n|rule|HP Percentage Mod: HP is shown in percentages\n|rule|Sleep Clause Mod: Limit one foe put to sleep\n|rule|Illusion Level Mod: Illusion disguises the Pok\u00e9mon's true level\n|\n|t:|1781448552\n|teamsize|p1|6\n|teamsize|p2|6\n|start\n|switch|p1a: Tinkaton|Tinkaton, L82, F|274/274\n|switch|p2a: Electrode|Electrode, L92|260/260\n|-ability|p1a: Tinkaton|Mold Breaker\n|turn|1\n|inactive|Battle timer is ON: inactive players will automatically lose when time's up. (requested by DBKaiyote)\n|\n|t:|1781448569\n|move|p2a: Electrode|Taunt|p1a: Tinkaton\n|-start|p1a: Tinkaton|move: Taunt\n|move|p1a: Tinkaton|Knock Off|p2a: Electrode\n|-damage|p2a: Electrode|207/260\n|-enditem|p2a: Electrode|Life Orb|[from] move: Knock Off|[of] p1a: Tinkaton\n|\n|upkeep\n|turn|2\n|\n|t:|1781448581\n|switch|p1a: Landorus|Landorus, L75, M|257/257\n|move|p2a: Electrode|Volt Switch|p1a: Landorus\n|-immune|p1a: Landorus\n|\n|upkeep\n|turn|3\n|inactive|RedDudeN64 has 120 seconds left.\n|inactive|DBKaiyote has 120 seconds left.\n|\n|t:|1781448619\n|-terastallize|p2a: Electrode|Ice\n|move|p2a: Electrode|Tera Blast|p1a: Landorus|[anim] Tera Blast Ice\n|-supereffective|p1a: Landorus\n|-damage|p1a: Landorus|0 fnt\n|faint|p1a: Landorus\n|\n|upkeep\n|\n|t:|1781448623\n|switch|p1a: Tinkaton|Tinkaton, L82, F|274/274\n|-ability|p1a: Tinkaton|Mold Breaker\n|turn|4\n|\n|t:|1781448625\n|switch|p2a: Sandslash|Sandslash, L89, F|278/278\n|move|p1a: Tinkaton|Thunder Wave|p2a: Sandslash\n|-immune|p2a: Sandslash\n|\n|upkeep\n|turn|5\n|\n|t:|1781448635\n|switch|p1a: Iron Leaves|Iron Leaves, L80|275/275\n|move|p2a: Sandslash|Swords Dance|p2a: Sandslash\n|-boost|p2a: Sandslash|atk|2\n|\n|upkeep\n|turn|6\n|\n|t:|1781448660\n|switch|p2a: Honchkrow|Honchkrow, L86, F|312/312\n|move|p1a: Iron Leaves|Leaf Blade|p2a: Honchkrow\n|-resisted|p2a: Honchkrow\n|-damage|p2a: Honchkrow|204/312\n|-damage|p1a: Iron Leaves|248/275|[from] item: Life Orb\n|\n|upkeep\n|turn|7\n|\n|t:|1781448664\n|move|p1a: Iron Leaves|Close Combat|p2a: Honchkrow\n|-damage|p2a: Honchkrow|21/312\n|-unboost|p1a: Iron Leaves|def|1\n|-unboost|p1a: Iron Leaves|spd|1\n|-damage|p1a: Iron Leaves|221/275|[from] item: Life Orb\n|move|p2a: Honchkrow|U-turn|p1a: Iron Leaves\n|-supereffective|p1a: Iron Leaves\n|-damage|p1a: Iron Leaves|0 fnt\n|faint|p1a: Iron Leaves\n|-end|p1a: Iron Leaves|Quark Drive|[silent]\n|-ability|p2a: Honchkrow|Moxie|boost\n|-boost|p2a: Honchkrow|atk|1\n|\n|t:|1781448670\n|switch|p2a: Sandslash|Sandslash, L89, F|278/278|[from] U-turn\n|\n|upkeep\n|\n|t:|1781448675\n|switch|p1a: Tentacruel|Tentacruel, L84, M|272/272\n|turn|8\n|\n|t:|1781448680\n|switch|p2a: Honchkrow|Honchkrow, L86, F|21/312\n|move|p1a: Tentacruel|Surf|p2a: Honchkrow\n|-damage|p2a: Honchkrow|0 fnt\n|faint|p2a: Honchkrow\n|\n|upkeep\n|\n|t:|1781448685\n|switch|p2a: Electrode|Electrode, L92, tera:Ice|207/260\n|turn|9\n|inactive|RedDudeN64 has 120 seconds left.\n|\n|t:|1781448728\n|switch|p1a: Tinkaton|Tinkaton, L82, F|274/274\n|-ability|p1a: Tinkaton|Mold Breaker\n|move|p2a: Electrode|Thunderbolt|p1a: Tinkaton\n|-damage|p1a: Tinkaton|187/274\n|\n|-heal|p1a: Tinkaton|204/274|[from] item: Leftovers\n|upkeep\n|turn|10\n|\n|t:|1781448734\n|move|p2a: Electrode|Volt Switch|p1a: Tinkaton\n|-damage|p1a: Tinkaton|140/274\n|\n|t:|1781448737\n|switch|p2a: Sandslash|Sandslash, L89, F|278/278|[from] Volt Switch\n|move|p1a: Tinkaton|Gigaton Hammer|p2a: Sandslash\n|-damage|p2a: Sandslash|179/278\n|\n|-heal|p1a: Tinkaton|157/274|[from] item: Leftovers\n|-heal|p2a: Sandslash|196/278|[from] item: Leftovers\n|upkeep\n|turn|11\n|\n|t:|1781448741\n|move|p1a: Tinkaton|Knock Off|p2a: Sandslash\n|-damage|p2a: Sandslash|151/278\n|-enditem|p2a: Sandslash|Leftovers|[from] move: Knock Off|[of] p1a: Tinkaton\n|move|p2a: Sandslash|Rapid Spin|p1a: Tinkaton\n|-resisted|p1a: Tinkaton\n|-crit|p1a: Tinkaton\n|-damage|p1a: Tinkaton|123/274\n|-boost|p2a: Sandslash|spe|1\n|\n|-heal|p1a: Tinkaton|140/274|[from] item: Leftovers\n|upkeep\n|turn|12\n|\n|t:|1781448745\n|move|p2a: Sandslash|Swords Dance|p2a: Sandslash\n|-boost|p2a: Sandslash|atk|2\n|move|p1a: Tinkaton|Play Rough|p2a: Sandslash\n|-damage|p2a: Sandslash|88/278\n|\n|-heal|p1a: Tinkaton|157/274|[from] item: Leftovers\n|upkeep\n|turn|13\n|\n|t:|1781448749\n|move|p2a: Sandslash|Earthquake|p1a: Tinkaton\n|-supereffective|p1a: Tinkaton\n|-damage|p1a: Tinkaton|0 fnt\n|faint|p1a: Tinkaton\n|\n|upkeep\n|\n|t:|1781448751\n|switch|p1a: Tentacruel|Tentacruel, L84, M|272/272\n|turn|14\n|\n|t:|1781448753\n|-terastallize|p1a: Tentacruel|Flying\n|move|p2a: Sandslash|Earthquake|p1a: Tentacruel\n|-immune|p1a: Tentacruel\n|move|p1a: Tentacruel|Surf|p2a: Sandslash\n|-supereffective|p2a: Sandslash\n|-damage|p2a: Sandslash|0 fnt\n|faint|p2a: Sandslash\n|\n|upkeep\n|\n|t:|1781448758\n|switch|p2a: Electrode|Electrode, L92, tera:Ice|207/260\n|turn|15\n|\n|t:|1781448766\n|move|p2a: Electrode|Thunderbolt|p1a: Tentacruel\n|-supereffective|p1a: Tentacruel\n|-damage|p1a: Tentacruel|170/272\n|move|p1a: Tentacruel|Sludge Bomb|p2a: Electrode\n|-damage|p2a: Electrode|122/260\n|-status|p2a: Electrode|psn\n|\n|-damage|p2a: Electrode|90/260 psn|[from] psn\n|upkeep\n|turn|16\n|\n|t:|1781448774\n|move|p2a: Electrode|Thunderbolt|p1a: Tentacruel\n|-supereffective|p1a: Tentacruel\n|-damage|p1a: Tentacruel|68/272\n|move|p1a: Tentacruel|Surf|p2a: Electrode\n|-damage|p2a: Electrode|15/260 psn\n|\n|-damage|p2a: Electrode|0 fnt|[from] psn\n|faint|p2a: Electrode\n|upkeep\n|\n|t:|1781448778\n|switch|p2a: Raichu|Raichu, L88, F|249/249\n|turn|17\n|\n|t:|1781448784\n|move|p2a: Raichu|Thunderbolt|p1a: Tentacruel\n|-supereffective|p1a: Tentacruel\n|-damage|p1a: Tentacruel|0 fnt\n|faint|p1a: Tentacruel\n|\n|upkeep\n|\n|t:|1781448790\n|switch|p1a: Cinderace|Cinderace, L77, F|249/249\n|turn|18\n|\n|t:|1781448793\n|move|p2a: Raichu|Surf|p1a: Cinderace\n|-supereffective|p1a: Cinderace\n|-damage|p1a: Cinderace|91/249\n|move|p1a: Cinderace|Pyro Ball|p2a: Raichu\n|-damage|p2a: Raichu|0 fnt\n|faint|p2a: Raichu\n|\n|upkeep\n|\n|t:|1781448797\n|switch|p2a: Flamigo|Flamigo, L82, M|269/269\n|turn|19\n|\n|t:|1781448799\n|move|p2a: Flamigo|Brave Bird|p1a: Cinderace\n|-damage|p1a: Cinderace|0 fnt\n|faint|p1a: Cinderace\n|-damage|p2a: Flamigo|239/269|[from] Recoil\n|\n|upkeep\n|-message|RedDudeN64 forfeited.\n|\n|win|DBKaiyote\n", "inputlog": ">version a8376a258c1d4662feba110a92103f3664a72141\n>start {\"formatid\":\"gen9randombattle\",\"seed\":\"sodium,09ea7d4f6973d8cd9dcd1fc721e9d6aa\",\"rated\":\"Rated battle\"}\n>player p1 {\"name\":\"RedDudeN64\",\"avatar\":\"red\",\"rating\":2140,\"seed\":\"sodium,d9cb0893ade5a820e51df44dad320b17\"}\n>player p2 {\"name\":\"DBKaiyote\",\"avatar\":\"swimmer-gen4\",\"rating\":2046,\"seed\":\"sodium,4e00370f3cf44b52fcd42f49f37c4204\"}\n>p1 move knockoff\n>p2 move taunt\n>p1 switch 3\n>p2 move voltswitch\n>p1 move earthpower\n>p2 move terablast terastallize\n>p1 switch 3\n>p1 move thunderwave\n>p2 switch 6\n>p1 switch 4\n>p2 move swordsdance\n>p1 move leafblade\n>p2 switch 5\n>p1 move closecombat\n>p2 move uturn\n>p2 switch 5\n>p1 switch 2\n>p1 move surf\n>p2 switch 5\n>p2 switch 6\n>p1 switch 4\n>p2 move thunderbolt\n>p1 move gigatonhammer\n>p2 move voltswitch\n>p2 switch 5\n>p1 move knockoff\n>p2 move rapidspin\n>p1 move playrough\n>p2 move swordsdance\n>p1 move gigatonhammer\n>p2 move earthquake\n>p1 switch 4\n>p1 move surf terastallize\n>p2 move earthquake\n>p2 switch 5\n>p1 move sludgebomb\n>p2 move thunderbolt\n>p1 move surf\n>p2 move thunderbolt\n>p2 switch 3\n>p1 move sludgebomb\n>p2 move thunderbolt\n>p1 switch 6\n>p1 move pyroball\n>p2 move surf\n>p2 switch 4\n>p1 move pyroball\n>p2 move bravebird\n>forcelose p1", "uploadtime": 1781448554, "views": 4, "formatid": "gen9randombattle", "rating": null, "private": 0, "password": null, "player_dets": [{"name": "RedDudeN64", "avatar": "red", "rating": 2140, "seed": "sodium,d9cb0893ade5a820e51df44dad320b17"}, {"name": "DBKaiyote", "avatar": "swimmer-gen4", "rating": 2046, "seed": "sodium,4e00370f3cf44b52fcd42f49f37c4204"}], "teams_full": [{"Tinkaton": {"name": "Tinkaton", "species": "Tinkaton", "speciesId": "tinkaton", "gender": "F", "shiny": false, "level": 82, "moves": ["playrough", "gigatonhammer", "thunderwave", "knockoff"], "ability": "Mold Breaker", "evs": {"hp": 85, "atk": 85, "def": 85, "spa": 85, "spd": 85, "spe": 85}, "ivs": {"hp": 31, "atk": 31, "def": 31, "spa": 31, "spd": 31, "spe": 31}, "item": "Leftovers", "teraType": "Water", "role": "Bulky Attacker", "bvs": {"hp": 85, "atk": 75, "def": 77, "spa": 70, "spd": 105, "spe": 94}, "stats": {"hp": 274, "atk": 170, "def": 173, "spa": 162, "spd": 219, "spe": 201}, "types": ["Fairy", "Steel"]}, "Tentacruel": {"name": "Tentacruel", "species": "Tentacruel", "speciesId": "tentacruel", "gender": "M", "shiny": false, "level": 84, "moves": ["rapidspin", "flipturn", "sludgebomb", "surf"], "ability": "Liquid Ooze", "evs": {"hp": 85, "atk": 85, "def": 85, "spa": 85, "spd": 85, "spe": 85}, "ivs": {"hp": 31, "atk": 31, "def": 31, "spa": 31, "spd": 31, "spe": 31}, "item": "Assault Vest", "teraType": "Flying", "role": "Bulky Support", "bvs": {"hp": 80, "atk": 70, "def": 65, "spa": 80, "spd": 120, "spe": 100}, "stats": {"hp": 272, "atk": 166, "def": 157, "spa": 183, "spd": 250, "spe": 216}, "types": ["Water", "Poison"]}, "Landorus": {"name": "Landorus", "species": "Landorus", "speciesId": "landorus", "gender": "M", "shiny": false, "level": 75, "moves": ["focusblast", "earthpower", "sludgewave", "rockslide"], "ability": "Sheer Force", "evs": {"hp": 85, "atk": 85, "def": 85, "spa": 85, "spd": 85, "spe": 85}, "ivs": {"hp": 31, "atk": 31, "def": 31, "spa": 31, "spd": 31, "spe": 31}, "item": "Life Orb", "teraType": "Poison", "role": "Fast Attacker", "bvs": {"hp": 89, "atk": 125, "def": 90, "spa": 115, "spd": 80, "spe": 101}, "stats": {"hp": 257, "atk": 231, "def": 179, "spa": 216, "spd": 164, "spe": 195}, "types": ["Ground", "Flying"]}, "Iron Leaves": {"name": "Iron Leaves", "species": "Iron Leaves", "speciesId": "ironleaves", "gender": "N", "shiny": false, "level": 80, "moves": ["swordsdance", "psyblade", "closecombat", "leafblade"], "ability": "Quark Drive", "evs": {"hp": 85, "atk": 85, "def": 85, "spa": 85, "spd": 85, "spe": 85}, "ivs": {"hp": 31, "atk": 31, "def": 31, "spa": 31, "spd": 31, "spe": 31}, "item": "Life Orb", "teraType": "Fighting", "role": "Wallbreaker", "bvs": {"hp": 90, "atk": 130, "def": 88, "spa": 70, "spd": 108, "spe": 104}, "stats": {"hp": 275, "atk": 254, "def": 187, "spa": 158, "spd": 219, "spe": 213}, "types": ["Grass", "Psychic"]}, "Mienshao": {"name": "Mienshao", "species": "Mienshao", "speciesId": "mienshao", "gender": "F", "shiny": false, "level": 83, "moves": ["tripleaxel", "closecombat", "knockoff", "swordsdance"], "ability": "Regenerator", "evs": {"hp": 85, "atk": 85, "def": 85, "spa": 85, "spd": 85, "spe": 85}, "ivs": {"hp": 31, "atk": 31, "def": 31, "spa": 31, "spd": 31, "spe": 31}, "item": "Life Orb", "teraType": "Dark", "role": "Setup Sweeper", "bvs": {"hp": 65, "atk": 125, "def": 60, "spa": 95, "spd": 60, "spe": 105}, "stats": {"hp": 244, "atk": 255, "def": 147, "spa": 205, "spd": 147, "spe": 222}, "types": ["Fighting"]}, "Cinderace": {"name": "Cinderace", "species": "Cinderace", "speciesId": "cinderace", "gender": "F", "shiny": false, "level": 77, "moves": ["highjumpkick", "pyroball", "uturn", "gunkshot"], "ability": "Libero", "evs": {"hp": 81, "atk": 85, "def": 85, "spa": 85, "spd": 85, "spe": 85}, "ivs": {"hp": 31, "atk": 31, "def": 31, "spa": 31, "spd": 31, "spe": 31}, "item": "Choice Band", "teraType": "Fighting", "role": "Fast Attacker", "bvs": {"hp": 80, "atk": 116, "def": 75, "spa": 65, "spd": 75, "spe": 119}, "stats": {"hp": 249, "atk": 223, "def": 160, "spa": 145, "spd": 160, "spe": 228}, "types": ["Fire"]}}, {"Electrode": {"name": "Electrode", "species": "Electrode", "speciesId": "electrode", "gender": "N", "shiny": false, "level": 92, "moves": ["thunderbolt", "terablast", "taunt", "voltswitch"], "ability": "Static", "evs": {"hp": 85, "atk": 0, "def": 85, "spa": 85, "spd": 85, "spe": 85}, "ivs": {"hp": 31, "atk": 0, "def": 31, "spa": 31, "spd": 31, "spe": 31}, "item": "Life Orb", "teraType": "Ice", "role": "Tera Blast user", "bvs": {"hp": 60, "atk": 50, "def": 70, "spa": 80, "spd": 80, "spe": 150}, "stats": {"hp": 260, "atk": 97, "def": 181, "spa": 200, "spd": 200, "spe": 328}, "types": ["Electric"]}, "Zacian": {"name": "Zacian", "species": "Zacian", "speciesId": "zacian", "gender": "N", "shiny": false, "level": 69, "moves": ["closecombat", "swordsdance", "playrough", "crunch"], "ability": "Intrepid Sword", "evs": {"hp": 85, "atk": 85, "def": 85, "spa": 85, "spd": 85, "spe": 85}, "ivs": {"hp": 31, "atk": 31, "def": 31, "spa": 31, "spd": 31, "spe": 31}, "item": "Life Orb", "teraType": "Fighting", "role": "Fast Attacker", "bvs": {"hp": 92, "atk": 120, "def": 115, "spa": 80, "spd": 115, "spe": 138}, "stats": {"hp": 241, "atk": 206, "def": 199, "spa": 151, "spd": 199, "spe": 231}, "types": ["Fairy"]}, "Raichu": {"name": "Raichu", "species": "Raichu", "speciesId": "raichu", "gender": "F", "shiny": false, "level": 88, "moves": ["surf", "thunderbolt", "knockoff", "grassknot"], "ability": "Lightning Rod", "evs": {"hp": 85, "atk": 85, "def": 85, "spa": 85, "spd": 85, "spe": 85}, "ivs": {"hp": 31, "atk": 31, "def": 31, "spa": 31, "spd": 31, "spe": 31}, "item": "Assault Vest", "teraType": "Grass", "role": "Fast Support", "bvs": {"hp": 60, "atk": 90, "def": 55, "spa": 90, "spd": 80, "spe": 110}, "stats": {"hp": 249, "atk": 209, "def": 147, "spa": 209, "spd": 191, "spe": 244}, "types": ["Electric"]}, "Flamigo": {"name": "Flamigo", "species": "Flamigo", "speciesId": "flamigo", "gender": "M", "shiny": false, "level": 82, "moves": ["bravebird", "uturn", "throatchop", "closecombat"], "ability": "Scrappy", "evs": {"hp": 85, "atk": 85, "def": 85, "spa": 85, "spd": 85, "spe": 85}, "ivs": {"hp": 31, "atk": 31, "def": 31, "spa": 31, "spd": 31, "spe": 31}, "item": "Choice Scarf", "teraType": "Fighting", "role": "Fast Attacker", "bvs": {"hp": 82, "atk": 115, "def": 74, "spa": 75, "spd": 64, "spe": 90}, "stats": {"hp": 269, "atk": 236, "def": 169, "spa": 170, "spd": 152, "spe": 195}, "types": ["Flying", "Fighting"]}, "Honchkrow": {"name": "Honchkrow", "species": "Honchkrow", "speciesId": "honchkrow", "gender": "F", "shiny": false, "level": 86, "moves": ["heatwave", "bravebird", "suckerpunch", "uturn"], "ability": "Moxie", "evs": {"hp": 85, "atk": 85, "def": 85, "spa": 85, "spd": 85, "spe": 85}, "ivs": {"hp": 31, "atk": 31, "def": 31, "spa": 31, "spd": 31, "spe": 31}, "item": "Heavy-Duty Boots", "teraType": "Dark", "role": "Fast Attacker", "bvs": {"hp": 100, "atk": 125, "def": 52, "spa": 105, "spd": 52, "spe": 71}, "stats": {"hp": 312, "atk": 264, "def": 139, "spa": 230, "spd": 139, "spe": 171}, "types": ["Dark", "Flying"]}, "Sandslash": {"name": "Sandslash", "species": "Sandslash", "speciesId": "sandslash", "gender": "F", "shiny": false, "level": 89, "moves": ["stoneedge", "earthquake", "swordsdance", "rapidspin"], "ability": "Sand Rush", "evs": {"hp": 85, "atk": 85, "def": 85, "spa": 85, "spd": 85, "spe": 85}, "ivs": {"hp": 31, "atk": 31, "def": 31, "spa": 31, "spd": 31, "spe": 31}, "item": "Leftovers", "teraType": "Dragon", "role": "Bulky Support", "bvs": {"hp": 75, "atk": 100, "def": 110, "spa": 45, "spd": 55, "spe": 65}, "stats": {"hp": 278, "atk": 229, "def": 247, "spa": 131, "spd": 149, "spe": 166}, "types": ["Ground"]}}]}