{"id": "gen9randombattle-2631413637", "format": "[Gen 9] Random Battle", "players": ["Usummega", "jimothy cool yt"], "log": "|badge|p1|bronze|gen9randombattle|100-9\n|uhtml|medal-msg|<div class=\"broadcast-blue\">Curious what those medals under the avatar are? PS now has Ladder Seasons! For more information, check out the <a href=\"https://www.smogon.com/forums/threads/3740067/\">thread on Smogon.</a></div>\n|badge|p2|silver|gen9randombattle|30-9\n|uhtml|medal-msg|<div class=\"broadcast-blue\">Curious what those medals under the avatar are? PS now has Ladder Seasons! For more information, check out the <a href=\"https://www.smogon.com/forums/threads/3740067/\">thread on Smogon.</a></div>\n|j|\u2606Usummega\n|j|\u2606jimothy cool yt\n|t:|1781381691\n|gametype|singles\n|player|p1|Usummega|maxie-gen6|2371\n|player|p2|jimothy cool yt|lucas|2450\n|gen|9\n|tier|[Gen 9] Random Battle\n|rated|\n|rule|Species Clause: Limit one of each Pok\u00e9mon\n|rule|HP Percentage Mod: HP is shown in percentages\n|rule|Sleep Clause Mod: Limit one foe put to sleep\n|rule|Illusion Level Mod: Illusion disguises the Pok\u00e9mon's true level\n|\n|t:|1781381691\n|teamsize|p1|6\n|teamsize|p2|6\n|start\n|switch|p1a: Mandibuzz|Mandibuzz, L85, F|326/326\n|switch|p2a: Muk|Muk, L86, F|321/321\n|turn|1\n|inactive|Battle timer is ON: inactive players will automatically lose when time's up. (requested by jimothy cool yt)\n|inactive|Usummega has 120 seconds left.\n|j| rufoush\n|inactive|Usummega has 90 seconds left.\n|\n|t:|1781381758\n|move|p1a: Mandibuzz|Foul Play|p2a: Muk\n|-damage|p2a: Muk|192/321\n|move|p2a: Muk|Poison Jab|p1a: Mandibuzz\n|-damage|p1a: Mandibuzz|239/326\n|\n|upkeep\n|turn|2\n|\n|t:|1781381761\n|move|p1a: Mandibuzz|Foul Play|p2a: Muk\n|-damage|p2a: Muk|63/321\n|move|p2a: Muk|Poison Jab|p1a: Mandibuzz\n|-damage|p1a: Mandibuzz|155/326\n|\n|upkeep\n|turn|3\n|\n|t:|1781381765\n|move|p1a: Mandibuzz|Foul Play|p2a: Muk\n|-damage|p2a: Muk|0 fnt\n|faint|p2a: Muk\n|\n|upkeep\n|\n|t:|1781381772\n|switch|p2a: Enamorus|Enamorus, L79, F|247/247\n|turn|4\n|inactive|Usummega has 120 seconds left.\n|\n|t:|1781381809\n|switch|p1a: Lurantis|Lurantis, L87, M|264/264\n|move|p2a: Enamorus|Substitute|p2a: Enamorus\n|-start|p2a: Enamorus|Substitute\n|-damage|p2a: Enamorus|186/247\n|\n|-heal|p2a: Enamorus|201/247|[from] item: Leftovers\n|upkeep\n|turn|5\n|inactive|Usummega has 120 seconds left.\n|\n|t:|1781381838\n|move|p2a: Enamorus|Superpower|p1a: Lurantis\n|-damage|p1a: Lurantis|187/264\n|-boost|p2a: Enamorus|atk|1\n|-boost|p2a: Enamorus|def|1\n|move|p1a: Lurantis|Leaf Storm|p2a: Enamorus\n|-resisted|p2a: Enamorus\n|-end|p2a: Enamorus|Substitute\n|-boost|p1a: Lurantis|spa|2\n|\n|-heal|p2a: Enamorus|216/247|[from] item: Leftovers\n|-heal|p1a: Lurantis|203/264|[from] item: Leftovers\n|upkeep\n|turn|6\n|\n|t:|1781381847\n|move|p2a: Enamorus|Superpower|p1a: Lurantis\n|-damage|p1a: Lurantis|91/264\n|-boost|p2a: Enamorus|atk|1\n|-boost|p2a: Enamorus|def|1\n|move|p1a: Lurantis|Superpower|p2a: Enamorus\n|-resisted|p2a: Enamorus\n|-damage|p2a: Enamorus|201/247\n|-boost|p1a: Lurantis|atk|1\n|-boost|p1a: Lurantis|def|1\n|\n|-heal|p2a: Enamorus|216/247|[from] item: Leftovers\n|-heal|p1a: Lurantis|107/264|[from] item: Leftovers\n|upkeep\n|turn|7\n|inactive|jimothy cool yt has 120 seconds left.\n|\n|t:|1781381885\n|move|p2a: Enamorus|Play Rough|p1a: Lurantis\n|-damage|p1a: Lurantis|0 fnt\n|faint|p1a: Lurantis\n|\n|-heal|p2a: Enamorus|231/247|[from] item: Leftovers\n|upkeep\n|\n|t:|1781381903\n|switch|p1a: Deoxys|Deoxys-Speed, L82|216/216\n|-ability|p1a: Deoxys|Pressure\n|turn|8\n|inactive|jimothy cool yt has 120 seconds left.\n|\n|t:|1781381921\n|move|p1a: Deoxys|Nasty Plot|p1a: Deoxys\n|-boost|p1a: Deoxys|spa|2\n|move|p2a: Enamorus|Play Rough|p1a: Deoxys\n|-damage|p1a: Deoxys|20/216\n|\n|-heal|p2a: Enamorus|246/247|[from] item: Leftovers\n|upkeep\n|turn|9\n|inactive|jimothy cool yt has 120 seconds left.\n|\n|t:|1781381945\n|switch|p2a: Armarouge|Armarouge, L80, M|267/267\n|move|p1a: Deoxys|Psycho Boost|p2a: Armarouge\n|-resisted|p2a: Armarouge\n|-damage|p2a: Armarouge|64/267\n|-unboost|p1a: Deoxys|spa|2\n|-damage|p1a: Deoxys|0 fnt|[from] item: Life Orb\n|faint|p1a: Deoxys\n|\n|upkeep\n|inactive|Usummega has 90 seconds left.\n|j| Manxas\n|\n|t:|1781381976\n|switch|p1a: Iron Thorns|Iron Thorns, L83|302/302\n|turn|10\n|\n|t:|1781381984\n|move|p1a: Iron Thorns|Wild Charge|p2a: Armarouge\n|-damage|p2a: Armarouge|0 fnt\n|faint|p2a: Armarouge\n|-damage|p1a: Iron Thorns|286/302|[from] Recoil\n|\n|upkeep\n|\n|t:|1781382012\n|switch|p2a: Gumshoos|Gumshoos, L95, F|321/321\n|turn|11\n|inactive|Usummega has 90 seconds left.\n|\n|t:|1781382043\n|move|p1a: Iron Thorns|Volt Switch|p2a: Gumshoos\n|-damage|p2a: Gumshoos|252/321\n|\n|t:|1781382046\n|-end|p1a: Iron Thorns|Quark Drive|[silent]\n|switch|p1a: Mandibuzz|Mandibuzz, L85, F|155/326|[from] Volt Switch\n|move|p2a: Gumshoos|U-turn|p1a: Mandibuzz\n|-damage|p1a: Mandibuzz|0 fnt\n|faint|p1a: Mandibuzz\n|\n|t:|1781382053\n|switch|p2a: Bruxish|Bruxish, L85, M|254/254|[from] U-turn\n|\n|upkeep\n|\n|t:|1781382072\n|switch|p1a: Sceptile|Sceptile, L87, M|264/264\n|turn|12\n|inactive|jimothy cool yt has 120 seconds left.\n|\n|t:|1781382083\n|switch|p1a: Iron Thorns|Iron Thorns, L83|286/302\n|move|p2a: Bruxish|Psychic Fangs|p1a: Iron Thorns\n|-damage|p1a: Iron Thorns|106/302\n|\n|upkeep\n|turn|13\n|\n|t:|1781382091\n|move|p2a: Bruxish|Psychic Fangs|p1a: Iron Thorns\n|-damage|p1a: Iron Thorns|0 fnt\n|faint|p1a: Iron Thorns\n|-end|p1a: Iron Thorns|Quark Drive|[silent]\n|\n|upkeep\n|\n|t:|1781382094\n|switch|p1a: Sceptile|Sceptile, L87, M|264/264\n|turn|14\n|\n|t:|1781382099\n|-terastallize|p1a: Sceptile|Grass\n|move|p1a: Sceptile|Giga Drain|p2a: Bruxish\n|-supereffective|p2a: Bruxish\n|-damage|p2a: Bruxish|0 fnt\n|faint|p2a: Bruxish\n|-damage|p1a: Sceptile|238/264|[from] item: Life Orb\n|\n|upkeep\n|inactive|jimothy cool yt has 120 seconds left.\n|\n|t:|1781382135\n|switch|p2a: Gumshoos|Gumshoos, L95, F|252/321\n|turn|15\n|\n|t:|1781382142\n|switch|p1a: Passimian|Passimian, L83, F|302/302\n|move|p2a: Gumshoos|U-turn|p1a: Passimian\n|-resisted|p1a: Passimian\n|-damage|p1a: Passimian|192/302\n|\n|t:|1781382146\n|switch|p2a: Enamorus|Enamorus, L79, F|246/247|[from] U-turn\n|\n|-heal|p2a: Enamorus|247/247|[from] item: Leftovers\n|upkeep\n|turn|16\n|inactive|jimothy cool yt has 120 seconds left.\n|\n|t:|1781382169\n|move|p2a: Enamorus|Superpower|p1a: Passimian\n|-damage|p1a: Passimian|109/302\n|-boost|p2a: Enamorus|atk|1\n|-boost|p2a: Enamorus|def|1\n|move|p1a: Passimian|Rock Slide|p2a: Enamorus\n|-supereffective|p2a: Enamorus\n|-damage|p2a: Enamorus|91/247\n|\n|-heal|p2a: Enamorus|106/247|[from] item: Leftovers\n|upkeep\n|turn|17\n|inactive|Usummega has 120 seconds left.\n|inactive|jimothy cool yt has 120 seconds left.\n|\n|t:|1781382202\n|-terastallize|p2a: Enamorus|Fighting\n|move|p2a: Enamorus|Substitute|p2a: Enamorus\n|-start|p2a: Enamorus|Substitute\n|-damage|p2a: Enamorus|45/247\n|move|p1a: Passimian|Rock Slide|p2a: Enamorus\n|-resisted|p2a: Enamorus\n|-activate|p2a: Enamorus|move: Substitute|[damage]\n|\n|-heal|p2a: Enamorus|60/247|[from] item: Leftovers\n|upkeep\n|turn|18\n|l|\u2606Usummega\n|inactive|Usummega disconnected and has a minute to reconnect!\n|player|p1|\n|inactive|Usummega has 30 seconds to reconnect!\n|j|\u2606Usummega\n|inactive|Usummega reconnected and has 70 seconds left.\n|player|p1|Usummega|maxie-gen6|\n|-message|Usummega forfeited.\n|\n|win|jimothy cool yt\n|raw|Usummega's rating: 2386 &rarr; <strong>2370</strong><br />(-16 for losing)\n|raw|jimothy cool yt's rating: 2450 &rarr; <strong>2466</strong><br />(+16 for winning)\n|l|\u2606Usummega\n|player|p1|\n", "inputlog": ">version a8376a258c1d4662feba110a92103f3664a72141\n>start {\"formatid\":\"gen9randombattle\",\"seed\":\"sodium,d2eeb57a0018f8dd118f38dcd51ecfd8\",\"rated\":\"Rated battle\"}\n>player p1 {\"name\":\"Usummega\",\"avatar\":\"maxie-gen6\",\"rating\":2371,\"seed\":\"sodium,c26040d168f289bfe3f101fa26758603\"}\n>player p2 {\"name\":\"jimothy cool yt\",\"avatar\":\"lucas\",\"rating\":2450,\"seed\":\"sodium,85e1e023f9bb7973f21426ad95d32e9c\"}\n>p1 move foulplay\n>p2 move poisonjab\n>p1 move foulplay\n>p2 move poisonjab\n>p1 move foulplay\n>p2 move drainpunch\n>p2 switch 6\n>p1 switch 5\n>p2 move substitute\n>p1 move leafstorm\n>p2 move superpower\n>p1 move superpower\n>p2 move superpower\n>p1 move synthesis\n>p2 move playrough\n>p1 switch 3\n>p1 move nastyplot\n>p2 move playrough\n>p1 move psychoboost\n>p2 switch 5\n>p1 switch 2\n>p1 move wildcharge\n>p2 move meteorbeam\n>p2 switch 4\n>p1 move voltswitch\n>p2 move uturn\n>p1 switch 5\n>p2 switch 2\n>p1 switch 6\n>p1 switch 5\n>p2 move psychicfangs\n>p1 move voltswitch\n>p2 move psychicfangs\n>p1 switch 5\n>p1 move gigadrain terastallize\n>p2 move psychicfangs\n>p2 switch 2\n>p1 switch 4\n>p2 move uturn\n>p2 switch 5\n>p1 move rockslide\n>p2 move superpower\n>p1 move rockslide\n>p2 move substitute terastallize\n>forcelose p1", "uploadtime": 1781381693, "views": 26, "formatid": "gen9randombattle", "rating": 2370, "private": 0, "password": null, "player_dets": [{"name": "Usummega", "avatar": "maxie-gen6", "rating": 2371, "seed": "sodium,c26040d168f289bfe3f101fa26758603"}, {"name": "jimothy cool yt", "avatar": "lucas", "rating": 2450, "seed": "sodium,85e1e023f9bb7973f21426ad95d32e9c"}], "teams_full": [{"Mandibuzz": {"name": "Mandibuzz", "species": "Mandibuzz", "speciesId": "mandibuzz", "gender": "F", "shiny": false, "level": 85, "moves": ["toxic", "defog", "foulplay", "roost"], "ability": "Overcoat", "evs": {"hp": 85, "atk": 0, "def": 85, "spa": 85, "spd": 85, "spe": 85}, "ivs": {"hp": 31, "atk": 0, "def": 31, "spa": 31, "spd": 31, "spe": 31}, "item": "Heavy-Duty Boots", "teraType": "Steel", "role": "Bulky Support", "bvs": {"hp": 110, "atk": 65, "def": 105, "spa": 55, "spd": 95, "spe": 80}, "stats": {"hp": 326, "atk": 115, "def": 227, "spa": 142, "spd": 210, "spe": 185}}, "Iron Thorns": {"name": "Iron Thorns", "species": "Iron Thorns", "speciesId": "ironthorns", "gender": "N", "shiny": false, "level": 83, "moves": ["wildcharge", "spikes", "stoneedge", "voltswitch"], "ability": "Quark Drive", "evs": {"hp": 85, "atk": 85, "def": 85, "spa": 85, "spd": 85, "spe": 85}, "ivs": {"hp": 31, "atk": 31, "def": 31, "spa": 31, "spd": 31, "spe": 31}, "item": "Heavy-Duty Boots", "teraType": "Water", "role": "Fast Support", "bvs": {"hp": 100, "atk": 134, "def": 110, "spa": 70, "spd": 84, "spe": 72}, "stats": {"hp": 302, "atk": 270, "def": 230, "spa": 164, "spd": 187, "spe": 167}}, "Deoxys": {"name": "Deoxys", "species": "Deoxys-Speed", "speciesId": "deoxysspeed", "gender": "N", "shiny": false, "level": 82, "moves": ["nastyplot", "psychoboost", "darkpulse", "focusblast"], "ability": "Pressure", "evs": {"hp": 85, "atk": 0, "def": 85, "spa": 85, "spd": 85, "spe": 85}, "ivs": {"hp": 31, "atk": 0, "def": 31, "spa": 31, "spd": 31, "spe": 31}, "item": "Life Orb", "teraType": "Dark", "role": "Setup Sweeper", "bvs": {"hp": 50, "atk": 95, "def": 90, "spa": 95, "spd": 90, "spe": 180}, "stats": {"hp": 216, "atk": 160, "def": 195, "spa": 203, "spd": 195, "spe": 342}}, "Passimian": {"name": "Passimian", "species": "Passimian", "speciesId": "passimian", "gender": "F", "shiny": false, "level": 83, "moves": ["knockoff", "rockslide", "uturn", "closecombat"], "ability": "Defiant", "evs": {"hp": 85, "atk": 85, "def": 85, "spa": 85, "spd": 85, "spe": 85}, "ivs": {"hp": 31, "atk": 31, "def": 31, "spa": 31, "spd": 31, "spe": 31}, "item": "Choice Band", "teraType": "Fighting", "role": "Fast Attacker", "bvs": {"hp": 100, "atk": 120, "def": 90, "spa": 40, "spd": 60, "spe": 80}, "stats": {"hp": 302, "atk": 247, "def": 197, "spa": 114, "spd": 147, "spe": 180}}, "Lurantis": {"name": "Lurantis", "species": "Lurantis", "speciesId": "lurantis", "gender": "M", "shiny": false, "level": 87, "moves": ["superpower", "leafstorm", "knockoff", "synthesis"], "ability": "Contrary", "evs": {"hp": 85, "atk": 85, "def": 85, "spa": 85, "spd": 85, "spe": 85}, "ivs": {"hp": 31, "atk": 31, "def": 31, "spa": 31, "spd": 31, "spe": 31}, "item": "Leftovers", "teraType": "Fighting", "role": "Bulky Attacker", "bvs": {"hp": 70, "atk": 105, "def": 90, "spa": 80, "spd": 90, "spe": 45}, "stats": {"hp": 264, "atk": 232, "def": 206, "spa": 189, "spd": 206, "spe": 128}}, "Sceptile": {"name": "Sceptile", "species": "Sceptile", "speciesId": "sceptile", "gender": "M", "shiny": false, "level": 87, "moves": ["gigadrain", "focusblast", "rockslide", "shedtail"], "ability": "Overgrow", "evs": {"hp": 85, "atk": 85, "def": 85, "spa": 85, "spd": 85, "spe": 85}, "ivs": {"hp": 31, "atk": 31, "def": 31, "spa": 31, "spd": 31, "spe": 31}, "item": "Life Orb", "teraType": "Grass", "role": "Fast Attacker", "bvs": {"hp": 70, "atk": 85, "def": 65, "spa": 105, "spd": 85, "spe": 120}, "stats": {"hp": 264, "atk": 198, "def": 163, "spa": 232, "spd": 198, "spe": 259}}}, {"Muk": {"name": "Muk", "species": "Muk", "speciesId": "muk", "gender": "F", "shiny": false, "level": 86, "moves": ["knockoff", "drainpunch", "icepunch", "poisonjab"], "ability": "Poison Touch", "evs": {"hp": 85, "atk": 85, "def": 85, "spa": 85, "spd": 85, "spe": 85}, "ivs": {"hp": 31, "atk": 31, "def": 31, "spa": 31, "spd": 31, "spe": 31}, "item": "Assault Vest", "teraType": "Dark", "role": "AV Pivot", "bvs": {"hp": 105, "atk": 105, "def": 75, "spa": 65, "spd": 100, "spe": 50}, "stats": {"hp": 321, "atk": 230, "def": 178, "spa": 161, "spd": 221, "spe": 135}}, "Bruxish": {"name": "Bruxish", "species": "Bruxish", "speciesId": "bruxish", "gender": "M", "shiny": false, "level": 85, "moves": ["psychicfangs", "wavecrash", "crunch", "aquajet"], "ability": "Strong Jaw", "evs": {"hp": 85, "atk": 85, "def": 85, "spa": 85, "spd": 85, "spe": 85}, "ivs": {"hp": 31, "atk": 31, "def": 31, "spa": 31, "spd": 31, "spe": 31}, "item": "Choice Band", "teraType": "Dark", "role": "Fast Attacker", "bvs": {"hp": 68, "atk": 105, "def": 70, "spa": 70, "spd": 70, "spe": 92}, "stats": {"hp": 254, "atk": 227, "def": 168, "spa": 168, "spd": 168, "spe": 205}}, "Gyarados": {"name": "Gyarados", "species": "Gyarados", "speciesId": "gyarados", "gender": "M", "shiny": false, "level": 79, "moves": ["temperflare", "waterfall", "earthquake", "dragondance"], "ability": "Intimidate", "evs": {"hp": 85, "atk": 85, "def": 85, "spa": 85, "spd": 85, "spe": 85}, "ivs": {"hp": 31, "atk": 31, "def": 31, "spa": 31, "spd": 31, "spe": 31}, "item": "Heavy-Duty Boots", "teraType": "Ground", "role": "Setup Sweeper", "bvs": {"hp": 95, "atk": 125, "def": 79, "spa": 60, "spd": 100, "spe": 81}, "stats": {"hp": 280, "atk": 243, "def": 170, "spa": 140, "spd": 204, "spe": 174}}, "Gumshoos": {"name": "Gumshoos", "species": "Gumshoos", "speciesId": "gumshoos", "gender": "F", "shiny": false, "level": 95, "moves": ["doubleedge", "uturn", "earthquake", "knockoff"], "ability": "Stakeout", "evs": {"hp": 85, "atk": 85, "def": 85, "spa": 85, "spd": 85, "spe": 85}, "ivs": {"hp": 31, "atk": 31, "def": 31, "spa": 31, "spd": 31, "spe": 31}, "item": "Choice Band", "teraType": "Ground", "role": "Fast Attacker", "bvs": {"hp": 88, "atk": 110, "def": 60, "spa": 55, "spd": 60, "spe": 45}, "stats": {"hp": 321, "atk": 263, "def": 168, "spa": 158, "spd": 168, "spe": 139}}, "Armarouge": {"name": "Armarouge", "species": "Armarouge", "speciesId": "armarouge", "gender": "M", "shiny": false, "level": 80, "moves": ["psyshock", "armorcannon", "meteorbeam", "energyball"], "ability": "Weak Armor", "evs": {"hp": 85, "atk": 0, "def": 85, "spa": 85, "spd": 85, "spe": 85}, "ivs": {"hp": 31, "atk": 0, "def": 31, "spa": 31, "spd": 31, "spe": 31}, "item": "Power Herb", "teraType": "Grass", "role": "Setup Sweeper", "bvs": {"hp": 85, "atk": 60, "def": 100, "spa": 125, "spd": 80, "spe": 75}, "stats": {"hp": 267, "atk": 101, "def": 206, "spa": 246, "spd": 174, "spe": 166}}, "Enamorus": {"name": "Enamorus", "species": "Enamorus", "speciesId": "enamorus", "gender": "F", "shiny": false, "level": 79, "moves": ["substitute", "zenheadbutt", "superpower", "playrough"], "ability": "Contrary", "evs": {"hp": 85, "atk": 85, "def": 85, "spa": 85, "spd": 85, "spe": 85}, "ivs": {"hp": 31, "atk": 31, "def": 31, "spa": 31, "spd": 31, "spe": 31}, "item": "Leftovers", "teraType": "Fighting", "role": "Setup Sweeper", "bvs": {"hp": 74, "atk": 115, "def": 70, "spa": 135, "spd": 80, "spe": 106}, "stats": {"hp": 247, "atk": 227, "def": 156, "spa": 259, "spd": 172, "spe": 213}}}]}