{"id": "gen9randombattle-2631414501", "format": "[Gen 9] Random Battle", "players": ["b'syd", "A_stuff"], "log": "|j|\u2606b'syd\n|j|\u2606A_stuff\n|t:|1781381795\n|gametype|singles\n|player|p1|b'syd|170|\n|player|p2|A_stuff|lucas|\n|gen|9\n|tier|[Gen 9] Random Battle\n|rule|Species Clause: Limit one of each Pok\u00e9mon\n|rule|HP Percentage Mod: HP is shown in percentages\n|rule|Sleep Clause Mod: Limit one foe put to sleep\n|rule|Illusion Level Mod: Illusion disguises the Pok\u00e9mon's true level\n|\n|t:|1781381795\n|teamsize|p1|6\n|teamsize|p2|6\n|start\n|switch|p1a: Typhlosion|Typhlosion-Hisui, L83, F|257/257\n|switch|p2a: Cyclizar|Cyclizar, L83, F|252/252\n|turn|1\n|inactive|Battle timer is ON: inactive players will automatically lose when time's up. (requested by A_stuff)\n|\n|t:|1781381822\n|switch|p2a: Uxie|Uxie, L83|260/260\n|move|p1a: Typhlosion|Fire Blast|p2a: Uxie\n|-damage|p2a: Uxie|158/260\n|-status|p2a: Uxie|brn\n|\n|-heal|p2a: Uxie|174/260 brn|[from] item: Leftovers\n|-damage|p2a: Uxie|158/260 brn|[from] brn\n|upkeep\n|turn|2\n|\n|t:|1781381834\n|move|p1a: Typhlosion|Fire Blast|p2a: Uxie\n|-crit|p2a: Uxie\n|-damage|p2a: Uxie|20/260 brn\n|move|p2a: Uxie|Thunder Wave|p1a: Typhlosion\n|-status|p1a: Typhlosion|par\n|\n|-heal|p2a: Uxie|36/260 brn|[from] item: Leftovers\n|-damage|p2a: Uxie|20/260 brn|[from] brn\n|upkeep\n|turn|3\n|\n|t:|1781381845\n|move|p2a: Uxie|Knock Off|p1a: Typhlosion\n|-supereffective|p1a: Typhlosion\n|-damage|p1a: Typhlosion|197/257 par\n|-enditem|p1a: Typhlosion|Choice Scarf|[from] move: Knock Off|[of] p2a: Uxie\n|move|p1a: Typhlosion|Fire Blast|p2a: Uxie\n|-damage|p2a: Uxie|0 fnt\n|faint|p2a: Uxie\n|\n|upkeep\n|\n|t:|1781381857\n|switch|p2a: Quaquaval|Quaquaval, L79, M|264/264\n|turn|4\n|\n|t:|1781381867\n|switch|p1a: Brute Bonnet|Brute Bonnet, L80|309/309\n|move|p2a: Quaquaval|Aqua Step|p1a: Brute Bonnet\n|-resisted|p1a: Brute Bonnet\n|-damage|p1a: Brute Bonnet|268/309\n|-boost|p2a: Quaquaval|spe|1\n|\n|-heal|p1a: Brute Bonnet|287/309|[from] item: Leftovers\n|upkeep\n|turn|5\n|\n|t:|1781381879\n|move|p1a: Brute Bonnet|Sucker Punch|p2a: Quaquaval\n|-resisted|p2a: Quaquaval\n|-damage|p2a: Quaquaval|216/264\n|move|p2a: Quaquaval|Close Combat|p1a: Brute Bonnet\n|-supereffective|p1a: Brute Bonnet\n|-damage|p1a: Brute Bonnet|23/309\n|-unboost|p2a: Quaquaval|def|1\n|-unboost|p2a: Quaquaval|spd|1\n|\n|-heal|p2a: Quaquaval|232/264|[from] item: Leftovers\n|-heal|p1a: Brute Bonnet|42/309|[from] item: Leftovers\n|upkeep\n|turn|6\n|\n|t:|1781381891\n|move|p2a: Quaquaval|Swords Dance|p2a: Quaquaval\n|-boost|p2a: Quaquaval|atk|2\n|move|p1a: Brute Bonnet|Close Combat|p2a: Quaquaval\n|-damage|p2a: Quaquaval|78/264\n|-unboost|p1a: Brute Bonnet|def|1\n|-unboost|p1a: Brute Bonnet|spd|1\n|\n|-heal|p2a: Quaquaval|94/264|[from] item: Leftovers\n|-heal|p1a: Brute Bonnet|61/309|[from] item: Leftovers\n|upkeep\n|turn|7\n|\n|t:|1781381902\n|move|p2a: Quaquaval|Close Combat|p1a: Brute Bonnet\n|-supereffective|p1a: Brute Bonnet\n|-damage|p1a: Brute Bonnet|0 fnt\n|-unboost|p2a: Quaquaval|def|1\n|-unboost|p2a: Quaquaval|spd|1\n|faint|p1a: Brute Bonnet\n|-end|p1a: Brute Bonnet|Protosynthesis|[silent]\n|-ability|p2a: Quaquaval|Moxie|boost\n|-boost|p2a: Quaquaval|atk|1\n|\n|-heal|p2a: Quaquaval|110/264|[from] item: Leftovers\n|upkeep\n|\n|t:|1781381913\n|switch|p1a: Tinkaton|Tinkaton, L82, F|274/274\n|-ability|p1a: Tinkaton|Mold Breaker\n|turn|8\n|\n|t:|1781381919\n|move|p2a: Quaquaval|Close Combat|p1a: Tinkaton\n|-damage|p1a: Tinkaton|0 fnt\n|-unboost|p2a: Quaquaval|def|1\n|-unboost|p2a: Quaquaval|spd|1\n|faint|p1a: Tinkaton\n|-ability|p2a: Quaquaval|Moxie|boost\n|-boost|p2a: Quaquaval|atk|1\n|\n|-heal|p2a: Quaquaval|126/264|[from] item: Leftovers\n|upkeep\n|\n|t:|1781381930\n|switch|p1a: Hitmonchan|Hitmonchan, L87, M|229/229\n|turn|9\n|\n|t:|1781381934\n|move|p2a: Quaquaval|Close Combat|p1a: Hitmonchan\n|-damage|p1a: Hitmonchan|0 fnt\n|-unboost|p2a: Quaquaval|def|1\n|-unboost|p2a: Quaquaval|spd|1\n|faint|p1a: Hitmonchan\n|-ability|p2a: Quaquaval|Moxie|boost\n|-boost|p2a: Quaquaval|atk|1\n|\n|-heal|p2a: Quaquaval|142/264|[from] item: Leftovers\n|upkeep\n|\n|t:|1781381945\n|switch|p1a: Keldeo|Keldeo-Resolute, L79|273/273\n|turn|10\n|\n|t:|1781381951\n|move|p2a: Quaquaval|Close Combat|p1a: Keldeo\n|-damage|p1a: Keldeo|0 fnt\n|-unboost|p2a: Quaquaval|def|1\n|-unboost|p2a: Quaquaval|spd|1\n|faint|p1a: Keldeo\n|-ability|p2a: Quaquaval|Moxie|boost\n|-boost|p2a: Quaquaval|atk|1\n|\n|-heal|p2a: Quaquaval|158/264|[from] item: Leftovers\n|upkeep\n|\n|t:|1781381962\n|switch|p1a: Bronzong|Bronzong, L88|261/261\n|turn|11\n|\n|t:|1781381966\n|move|p2a: Quaquaval|Close Combat|p1a: Bronzong\n|-damage|p1a: Bronzong|0 fnt\n|-unboost|p2a: Quaquaval|def|1\n|-unboost|p2a: Quaquaval|spd|1\n|faint|p1a: Bronzong\n|\n|-heal|p2a: Quaquaval|174/264|[from] item: Leftovers\n|upkeep\n|\n|t:|1781381975\n|switch|p1a: Typhlosion|Typhlosion-Hisui, L83, F|197/257 par\n|turn|12\n|\n|t:|1781381979\n|move|p2a: Quaquaval|Aqua Step|p1a: Typhlosion\n|-supereffective|p1a: Typhlosion\n|-damage|p1a: Typhlosion|0 fnt\n|-boost|p2a: Quaquaval|spe|1\n|faint|p1a: Typhlosion\n|\n|win|A_stuff\n|c|\u2606A_stuff|gg\n", "inputlog": ">version a8376a258c1d4662feba110a92103f3664a72141\n>start {\"formatid\":\"gen9randombattle\",\"seed\":\"sodium,b4ecfa3dd7d0bc6a54248f2b12810883\"}\n>player p1 {\"name\":\"b'syd\",\"avatar\":\"170\",\"rating\":0,\"seed\":\"sodium,4d3a5f9abc2e1a75ce9feeb8c0de971e\"}\n>player p2 {\"name\":\"A_stuff\",\"avatar\":\"lucas\",\"rating\":0,\"seed\":\"sodium,25be00ac75b352662910d4a8b3d00af8\"}\n>p1 move fireblast\n>p2 switch 5\n>p1 move fireblast\n>p2 move thunderwave\n>p1 move fireblast\n>p2 move knockoff\n>p2 switch 3\n>p1 switch 6\n>p2 move aquastep\n>p1 move suckerpunch\n>p2 move closecombat\n>p1 move closecombat\n>p2 move swordsdance\n>p1 move closecombat\n>p2 move closecombat\n>p1 switch 2\n>p1 move playrough\n>p2 move closecombat\n>p1 switch 5\n>p1 move drainpunch\n>p2 move closecombat\n>p1 switch 4\n>p1 move secretsword\n>p2 move closecombat\n>p1 switch 3\n>p1 move psychicnoise\n>p2 move closecombat\n>p1 switch 6\n>p1 move fireblast\n>p2 move aquastep", "uploadtime": 1781381985, "views": 9, "formatid": "gen9randombattle", "rating": null, "private": 0, "password": null, "player_dets": [{"name": "b'syd", "avatar": "170", "rating": 0, "seed": "sodium,4d3a5f9abc2e1a75ce9feeb8c0de971e"}, {"name": "A_stuff", "avatar": "lucas", "rating": 0, "seed": "sodium,25be00ac75b352662910d4a8b3d00af8"}], "teams_full": [{"Typhlosion": {"name": "Typhlosion", "species": "Typhlosion-Hisui", "speciesId": "typhlosionhisui", "gender": "F", "shiny": false, "level": 83, "moves": ["shadowball", "eruption", "fireblast", "focusblast"], "ability": "Blaze", "evs": {"hp": 85, "atk": 0, "def": 85, "spa": 85, "spd": 85, "spe": 85}, "ivs": {"hp": 31, "atk": 0, "def": 31, "spa": 31, "spd": 31, "spe": 31}, "item": "Choice Scarf", "teraType": "Fire", "role": "Fast Attacker", "bvs": {"hp": 73, "atk": 84, "def": 78, "spa": 119, "spd": 85, "spe": 95}, "stats": {"hp": 257, "atk": 144, "def": 177, "spa": 245, "spd": 189, "spe": 205}}, "Tinkaton": {"name": "Tinkaton", "species": "Tinkaton", "speciesId": "tinkaton", "gender": "F", "shiny": false, "level": 82, "moves": ["protect", "gigatonhammer", "swordsdance", "playrough"], "ability": "Mold Breaker", "evs": {"hp": 85, "atk": 85, "def": 85, "spa": 85, "spd": 85, "spe": 85}, "ivs": {"hp": 31, "atk": 31, "def": 31, "spa": 31, "spd": 31, "spe": 31}, "item": "Leftovers", "teraType": "Steel", "role": "Bulky Setup", "bvs": {"hp": 85, "atk": 75, "def": 77, "spa": 70, "spd": 105, "spe": 94}, "stats": {"hp": 274, "atk": 170, "def": 173, "spa": 162, "spd": 219, "spe": 201}}, "Bronzong": {"name": "Bronzong", "species": "Bronzong", "speciesId": "bronzong", "gender": "N", "shiny": false, "level": 88, "moves": ["psychicnoise", "hypnosis", "ironhead", "stealthrock"], "ability": "Levitate", "evs": {"hp": 85, "atk": 85, "def": 85, "spa": 85, "spd": 85, "spe": 85}, "ivs": {"hp": 31, "atk": 31, "def": 31, "spa": 31, "spd": 31, "spe": 31}, "item": "Leftovers", "teraType": "Water", "role": "Bulky Support", "bvs": {"hp": 67, "atk": 89, "def": 116, "spa": 79, "spd": 116, "spe": 33}, "stats": {"hp": 261, "atk": 207, "def": 254, "spa": 189, "spd": 254, "spe": 108}}, "Keldeo": {"name": "Keldeo", "species": "Keldeo-Resolute", "speciesId": "keldeoresolute", "gender": "N", "shiny": false, "level": 79, "moves": ["calmmind", "substitute", "hydropump", "secretsword"], "ability": "Justified", "evs": {"hp": 85, "atk": 0, "def": 85, "spa": 85, "spd": 85, "spe": 85}, "ivs": {"hp": 31, "atk": 0, "def": 31, "spa": 31, "spd": 31, "spe": 31}, "item": "Leftovers", "teraType": "Steel", "role": "Bulky Setup", "bvs": {"hp": 91, "atk": 72, "def": 90, "spa": 129, "spd": 90, "spe": 108}, "stats": {"hp": 273, "atk": 118, "def": 188, "spa": 249, "spd": 188, "spe": 216}}, "Hitmonchan": {"name": "Hitmonchan", "species": "Hitmonchan", "speciesId": "hitmonchan", "gender": "M", "shiny": false, "level": 87, "moves": ["drainpunch", "knockoff", "poisonjab", "bulkup"], "ability": "Iron Fist", "evs": {"hp": 85, "atk": 85, "def": 85, "spa": 85, "spd": 85, "spe": 85}, "ivs": {"hp": 31, "atk": 31, "def": 31, "spa": 31, "spd": 31, "spe": 31}, "item": "Leftovers", "teraType": "Steel", "role": "Bulky Setup", "bvs": {"hp": 50, "atk": 105, "def": 79, "spa": 35, "spd": 110, "spe": 76}, "stats": {"hp": 229, "atk": 232, "def": 187, "spa": 111, "spd": 241, "spe": 182}}, "Brute Bonnet": {"name": "Brute Bonnet", "species": "Brute Bonnet", "speciesId": "brutebonnet", "gender": "N", "shiny": false, "level": 80, "moves": ["closecombat", "spore", "suckerpunch", "crunch"], "ability": "Protosynthesis", "evs": {"hp": 85, "atk": 85, "def": 85, "spa": 85, "spd": 85, "spe": 85}, "ivs": {"hp": 31, "atk": 31, "def": 31, "spa": 31, "spd": 31, "spe": 31}, "item": "Leftovers", "teraType": "Fighting", "role": "Bulky Attacker", "bvs": {"hp": 111, "atk": 127, "def": 99, "spa": 79, "spd": 99, "spe": 55}, "stats": {"hp": 309, "atk": 249, "def": 205, "spa": 173, "spd": 205, "spe": 134}}}, {"Cyclizar": {"name": "Cyclizar", "species": "Cyclizar", "speciesId": "cyclizar", "gender": "F", "shiny": false, "level": 83, "moves": ["taunt", "dracometeor", "shedtail", "rapidspin"], "ability": "Regenerator", "evs": {"hp": 85, "atk": 85, "def": 85, "spa": 85, "spd": 85, "spe": 85}, "ivs": {"hp": 31, "atk": 31, "def": 31, "spa": 31, "spd": 31, "spe": 31}, "item": "Heavy-Duty Boots", "teraType": "Ghost", "role": "Fast Support", "bvs": {"hp": 70, "atk": 95, "def": 65, "spa": 85, "spd": 65, "spe": 121}, "stats": {"hp": 252, "atk": 205, "def": 156, "spa": 189, "spd": 156, "spe": 249}}, "Luxray": {"name": "Luxray", "species": "Luxray", "speciesId": "luxray", "gender": "F", "shiny": false, "level": 88, "moves": ["voltswitch", "wildcharge", "throatchop", "icefang"], "ability": "Intimidate", "evs": {"hp": 85, "atk": 85, "def": 85, "spa": 85, "spd": 85, "spe": 85}, "ivs": {"hp": 31, "atk": 31, "def": 31, "spa": 31, "spd": 31, "spe": 31}, "item": "Assault Vest", "teraType": "Electric", "role": "AV Pivot", "bvs": {"hp": 80, "atk": 120, "def": 79, "spa": 95, "spd": 79, "spe": 70}, "stats": {"hp": 284, "atk": 261, "def": 189, "spa": 217, "spd": 189, "spe": 173}}, "Quaquaval": {"name": "Quaquaval", "species": "Quaquaval", "speciesId": "quaquaval", "gender": "M", "shiny": false, "level": 79, "moves": ["swordsdance", "roost", "aquastep", "closecombat"], "ability": "Moxie", "evs": {"hp": 85, "atk": 85, "def": 85, "spa": 85, "spd": 85, "spe": 85}, "ivs": {"hp": 31, "atk": 31, "def": 31, "spa": 31, "spd": 31, "spe": 31}, "item": "Leftovers", "teraType": "Steel", "role": "Bulky Attacker", "bvs": {"hp": 85, "atk": 120, "def": 80, "spa": 85, "spd": 75, "spe": 85}, "stats": {"hp": 264, "atk": 235, "def": 172, "spa": 180, "spd": 164, "spe": 180}}, "Gliscor": {"name": "Gliscor", "species": "Gliscor", "speciesId": "gliscor", "gender": "M", "shiny": false, "level": 76, "moves": ["toxic", "knockoff", "earthquake", "protect"], "ability": "Poison Heal", "evs": {"hp": 85, "atk": 85, "def": 85, "spa": 85, "spd": 85, "spe": 85}, "ivs": {"hp": 31, "atk": 31, "def": 31, "spa": 31, "spd": 31, "spe": 31}, "item": "Toxic Orb", "teraType": "Water", "role": "Bulky Support", "bvs": {"hp": 75, "atk": 95, "def": 125, "spa": 45, "spd": 75, "spe": 95}, "stats": {"hp": 239, "atk": 188, "def": 234, "spa": 112, "spd": 158, "spe": 188}}, "Uxie": {"name": "Uxie", "species": "Uxie", "speciesId": "uxie", "gender": "N", "shiny": false, "level": 83, "moves": ["knockoff", "encore", "thunderwave", "psychicnoise"], "ability": "Levitate", "evs": {"hp": 85, "atk": 85, "def": 85, "spa": 85, "spd": 85, "spe": 85}, "ivs": {"hp": 31, "atk": 31, "def": 31, "spa": 31, "spd": 31, "spe": 31}, "item": "Leftovers", "teraType": "Steel", "role": "Bulky Support", "bvs": {"hp": 75, "atk": 75, "def": 130, "spa": 75, "spd": 130, "spe": 95}, "stats": {"hp": 260, "atk": 172, "def": 263, "spa": 172, "spd": 263, "spe": 205}}, "Clawitzer": {"name": "Clawitzer", "species": "Clawitzer", "speciesId": "clawitzer", "gender": "M", "shiny": false, "level": 87, "moves": ["uturn", "waterpulse", "darkpulse", "dragonpulse"], "ability": "Mega Launcher", "evs": {"hp": 85, "atk": 85, "def": 85, "spa": 85, "spd": 85, "spe": 85}, "ivs": {"hp": 31, "atk": 31, "def": 31, "spa": 31, "spd": 31, "spe": 31}, "item": "Assault Vest", "teraType": "Dragon", "role": "AV Pivot", "bvs": {"hp": 71, "atk": 73, "def": 88, "spa": 120, "spd": 89, "spe": 59}, "stats": {"hp": 265, "atk": 177, "def": 203, "spa": 259, "spd": 205, "spe": 152}}}]}