{"id": "gen9randombattle-2631919814", "format": "[Gen 9] Random Battle", "players": ["Tuabuelo06", "PhatBabyShane"], "log": "|j|\u2606Tuabuelo06\n|j|\u2606PhatBabyShane\n|t:|1781455675\n|gametype|singles\n|player|p1|Tuabuelo06|gentleman|1913\n|player|p2|PhatBabyShane|flannery|1919\n|gen|9\n|tier|[Gen 9] Random Battle\n|rated|\n|rule|Species Clause: Limit one of each Pok\u00e9mon\n|rule|HP Percentage Mod: HP is shown in percentages\n|rule|Sleep Clause Mod: Limit one foe put to sleep\n|rule|Illusion Level Mod: Illusion disguises the Pok\u00e9mon's true level\n|\n|t:|1781455675\n|teamsize|p1|6\n|teamsize|p2|6\n|start\n|switch|p1a: Salamence|Salamence, L77, M|273/273\n|switch|p2a: Lumineon|Lumineon, L93, F|279/279\n|turn|1\n|inactive|Battle timer is ON: inactive players will automatically lose when time's up. (requested by PhatBabyShane)\n|inactive|Tuabuelo06 has 120 seconds left.\n|\n|t:|1781455705\n|switch|p1a: Minun|Minun, L95, F|268/268\n|move|p2a: Lumineon|Ice Beam|p1a: Minun\n|-damage|p1a: Minun|191/268\n|-damage|p2a: Lumineon|252/279|[from] item: Life Orb\n|\n|upkeep\n|turn|2\n|\n|t:|1781455718\n|switch|p2a: Houndstone|Houndstone, L86, M|264/264\n|move|p1a: Minun|Nasty Plot|p1a: Minun\n|-boost|p1a: Minun|spa|2\n|\n|upkeep\n|turn|3\n|\n|t:|1781455727\n|move|p1a: Minun|Thunderbolt|p2a: Houndstone\n|-damage|p2a: Houndstone|108/264\n|-damage|p1a: Minun|165/268|[from] item: Life Orb\n|move|p2a: Houndstone|Poltergeist|p1a: Minun\n|-activate|p1a: Minun|move: Poltergeist|Life Orb\n|-damage|p1a: Minun|0 fnt\n|faint|p1a: Minun\n|\n|upkeep\n|\n|t:|1781455746\n|switch|p1a: Typhlosion|Typhlosion-Hisui, L83, F|257/257\n|turn|4\n|\n|t:|1781455761\n|move|p2a: Houndstone|Shadow Sneak|p1a: Typhlosion\n|-supereffective|p1a: Typhlosion\n|-damage|p1a: Typhlosion|159/257\n|move|p1a: Typhlosion|Eruption|p2a: Houndstone\n|-damage|p2a: Houndstone|0 fnt\n|faint|p2a: Houndstone\n|\n|upkeep\n|\n|t:|1781455771\n|switch|p2a: Lumineon|Lumineon, L93, F|252/279\n|turn|5\n|\n|t:|1781455778\n|switch|p1a: Lumineon|Lumineon, L93, M|279/279\n|move|p2a: Lumineon|Hydro Pump|p1a: Lumineon\n|-ability|p1a: Lumineon|Storm Drain|boost\n|-boost|p1a: Lumineon|spa|1\n|\n|upkeep\n|turn|6\n|\n|t:|1781455786\n|switch|p2a: Samurott|Samurott, L88, M|310/310\n|move|p1a: Lumineon|Ice Beam|p2a: Samurott\n|-resisted|p2a: Samurott\n|-damage|p2a: Samurott|274/310\n|\n|upkeep\n|turn|7\n|\n|t:|1781455798\n|move|p1a: Lumineon|Hydro Pump|p2a: Samurott\n|-resisted|p2a: Samurott\n|-crit|p2a: Samurott\n|-damage|p2a: Samurott|179/310\n|move|p2a: Samurott|Grass Knot|p1a: Lumineon\n|-supereffective|p1a: Lumineon\n|-damage|p1a: Lumineon|217/279\n|\n|upkeep\n|turn|8\n|\n|t:|1781455805\n|move|p1a: Lumineon|Ice Beam|p2a: Samurott\n|-resisted|p2a: Samurott\n|-damage|p2a: Samurott|142/310\n|move|p2a: Samurott|Sacred Sword|p1a: Lumineon\n|-damage|p1a: Lumineon|148/279\n|\n|upkeep\n|turn|9\n|\n|t:|1781455818\n|move|p1a: Lumineon|Hydro Pump|p2a: Samurott\n|-resisted|p2a: Samurott\n|-damage|p2a: Samurott|78/310\n|move|p2a: Samurott|Sacred Sword|p1a: Lumineon\n|-damage|p1a: Lumineon|69/279\n|\n|upkeep\n|turn|10\n|\n|t:|1781455827\n|move|p1a: Lumineon|Hydro Pump|p2a: Samurott\n|-resisted|p2a: Samurott\n|-damage|p2a: Samurott|15/310\n|move|p2a: Samurott|Sacred Sword|p1a: Lumineon\n|-damage|p1a: Lumineon|0 fnt\n|faint|p1a: Lumineon\n|\n|upkeep\n|\n|t:|1781455845\n|switch|p1a: Typhlosion|Typhlosion-Hisui, L83, F|159/257\n|turn|11\n|\n|t:|1781455851\n|move|p1a: Typhlosion|Shadow Ball|p2a: Samurott\n|-damage|p2a: Samurott|0 fnt\n|faint|p2a: Samurott\n|\n|upkeep\n|\n|t:|1781455860\n|switch|p2a: Smeargle|Smeargle, L95, F|258/258\n|turn|12\n|\n|t:|1781455866\n|switch|p1a: Bastiodon|Bastiodon, L89, F|252/252\n|move|p2a: Smeargle|Spore|p1a: Bastiodon\n|-status|p1a: Bastiodon|slp|[from] move: Spore\n|-enditem|p1a: Bastiodon|Chesto Berry|[eat]\n|-curestatus|p1a: Bastiodon|slp|[msg]\n|\n|upkeep\n|turn|13\n|\n|t:|1781455878\n|move|p2a: Smeargle|Spore|p1a: Bastiodon\n|-status|p1a: Bastiodon|slp|[from] move: Spore\n|cant|p1a: Bastiodon|slp\n|\n|upkeep\n|turn|14\n|\n|t:|1781455883\n|move|p2a: Smeargle|Sticky Web|p1a: Bastiodon\n|-sidestart|p1: Tuabuelo06|move: Sticky Web\n|-curestatus|p1a: Bastiodon|slp|[msg]\n|move|p1a: Bastiodon|Foul Play|p2a: Smeargle\n|-damage|p2a: Smeargle|206/258\n|\n|upkeep\n|turn|15\n|\n|t:|1781455889\n|move|p2a: Smeargle|Spore|p1a: Bastiodon\n|-status|p1a: Bastiodon|slp|[from] move: Spore\n|cant|p1a: Bastiodon|slp\n|\n|upkeep\n|turn|16\n|\n|t:|1781455898\n|move|p2a: Smeargle|Ceaseless Edge|p1a: Bastiodon\n|-damage|p1a: Bastiodon|239/252 slp\n|-sidestart|p1: Tuabuelo06|Spikes\n|cant|p1a: Bastiodon|slp\n|\n|upkeep\n|turn|17\n|\n|t:|1781455913\n|-curestatus|p1a: Bastiodon|slp|[msg]\n|move|p1a: Bastiodon|Body Press|p2a: Smeargle\n|-supereffective|p2a: Smeargle\n|-damage|p2a: Smeargle|0 fnt\n|faint|p2a: Smeargle\n|\n|upkeep\n|\n|t:|1781455924\n|switch|p2a: Arbok|Arbok, L87, F|246/246\n|-ability|p2a: Arbok|Intimidate|boost\n|-unboost|p1a: Bastiodon|atk|1\n|turn|18\n|\n|t:|1781455933\n|-terastallize|p1a: Bastiodon|Fighting\n|move|p2a: Arbok|Coil|p2a: Arbok\n|-boost|p2a: Arbok|atk|1\n|-boost|p2a: Arbok|def|1\n|-boost|p2a: Arbok|accuracy|1\n|move|p1a: Bastiodon|Iron Defense|p1a: Bastiodon\n|-boost|p1a: Bastiodon|def|2\n|\n|upkeep\n|turn|19\n|\n|t:|1781455944\n|move|p2a: Arbok|Gunk Shot|p1a: Bastiodon\n|-damage|p1a: Bastiodon|184/252\n|move|p1a: Bastiodon|Iron Defense|p1a: Bastiodon\n|-boost|p1a: Bastiodon|def|2\n|\n|upkeep\n|turn|20\n|\n|t:|1781455953\n|move|p2a: Arbok|Coil|p2a: Arbok\n|-boost|p2a: Arbok|atk|1\n|-boost|p2a: Arbok|def|1\n|-boost|p2a: Arbok|accuracy|1\n|move|p1a: Bastiodon|Iron Defense|p1a: Bastiodon\n|-boost|p1a: Bastiodon|def|2\n|\n|upkeep\n|turn|21\n|\n|t:|1781455960\n|move|p2a: Arbok|Coil|p2a: Arbok\n|-boost|p2a: Arbok|atk|1\n|-boost|p2a: Arbok|def|1\n|-boost|p2a: Arbok|accuracy|1\n|move|p1a: Bastiodon|Body Press|p2a: Arbok\n|-resisted|p2a: Arbok\n|-crit|p2a: Arbok\n|-damage|p2a: Arbok|0 fnt\n|faint|p2a: Arbok\n|\n|upkeep\n|\n|t:|1781455968\n|switch|p2a: Lumineon|Lumineon, L93, F|252/279\n|turn|22\n|\n|t:|1781455973\n|move|p2a: Lumineon|Alluring Voice|p1a: Bastiodon\n|-immune|p1a: Bastiodon|[from] ability: Soundproof\n|move|p1a: Bastiodon|Body Press|p2a: Lumineon\n|-damage|p2a: Lumineon|0 fnt\n|faint|p2a: Lumineon\n|\n|upkeep\n|-message|PhatBabyShane forfeited.\n|\n|win|Tuabuelo06\n", "inputlog": ">version a8376a258c1d4662feba110a92103f3664a72141\n>start {\"formatid\":\"gen9randombattle\",\"seed\":\"sodium,68db3ab9dda769b7b5c32024405ab62b\",\"rated\":\"Rated battle\"}\n>player p1 {\"name\":\"Tuabuelo06\",\"avatar\":\"gentleman\",\"rating\":1913,\"seed\":\"sodium,a562fc40ad01f2515c2a0c691fe60699\"}\n>player p2 {\"name\":\"PhatBabyShane\",\"avatar\":\"flannery\",\"rating\":1919,\"seed\":\"sodium,e2215d44971fd5bb6dd715b6b055e26b\"}\n>p1 switch 2\n>p2 move icebeam\n>p1 move nastyplot\n>p2 switch 6\n>p1 move thunderbolt\n>p2 move poltergeist\n>p1 switch 3\n>p1 move eruption\n>p2 move shadowsneak\n>p2 switch 6\n>p1 switch 4\n>p2 move hydropump\n>p1 move icebeam\n>p2 switch 4\n>p1 move hydropump\n>p2 move grassknot\n>p1 move icebeam\n>p2 move sacredsword\n>p1 move hydropump\n>p2 move sacredsword\n>p1 move hydropump\n>p2 move sacredsword\n>p1 switch 4\n>p1 move shadowball\n>p2 move hydropump\n>p2 switch 2\n>p1 switch 6\n>p2 move spore\n>p1 move foulplay\n>p2 move spore\n>p1 move foulplay\n>p2 move stickyweb\n>p1 move bodypress\n>p2 move spore\n>p1 move bodypress\n>p2 move ceaselessedge\n>p1 move bodypress\n>p2 move whirlwind\n>p2 switch 5\n>p1 move irondefense terastallize\n>p2 move coil\n>p1 move irondefense\n>p2 move gunkshot\n>p1 move irondefense\n>p2 move coil\n>p1 move bodypress\n>p2 move coil\n>p2 switch 4\n>p1 move bodypress\n>p2 move alluringvoice\n>forcelose p2", "uploadtime": 1781455677, "views": 5, "formatid": "gen9randombattle", "rating": null, "private": 0, "password": null, "player_dets": [{"name": "Tuabuelo06", "avatar": "gentleman", "rating": 1913, "seed": "sodium,a562fc40ad01f2515c2a0c691fe60699"}, {"name": "PhatBabyShane", "avatar": "flannery", "rating": 1919, "seed": "sodium,e2215d44971fd5bb6dd715b6b055e26b"}], "teams_full": [{"Salamence": {"name": "Salamence", "species": "Salamence", "speciesId": "salamence", "gender": "M", "shiny": false, "level": 77, "moves": ["outrage", "dualwingbeat", "earthquake", "dragondance"], "ability": "Moxie", "evs": {"hp": 85, "atk": 85, "def": 85, "spa": 85, "spd": 85, "spe": 85}, "ivs": {"hp": 31, "atk": 31, "def": 31, "spa": 31, "spd": 31, "spe": 31}, "item": "Heavy-Duty Boots", "teraType": "Ground", "role": "Setup Sweeper", "bvs": {"hp": 95, "atk": 135, "def": 80, "spa": 110, "spd": 80, "spe": 100}, "stats": {"hp": 273, "atk": 252, "def": 168, "spa": 214, "spd": 168, "spe": 199}, "types": ["Dragon", "Flying"]}, "Minun": {"name": "Minun", "species": "Minun", "speciesId": "minun", "gender": "F", "shiny": false, "level": 95, "moves": ["encore", "thunderbolt", "grassknot", "nastyplot"], "ability": "Volt Absorb", "evs": {"hp": 85, "atk": 0, "def": 85, "spa": 85, "spd": 85, "spe": 85}, "ivs": {"hp": 31, "atk": 0, "def": 31, "spa": 31, "spd": 31, "spe": 31}, "item": "Life Orb", "teraType": "Electric", "role": "Setup Sweeper", "bvs": {"hp": 60, "atk": 40, "def": 50, "spa": 75, "spd": 85, "spe": 95}, "stats": {"hp": 268, "atk": 81, "def": 149, "spa": 196, "spd": 215, "spe": 234}, "types": ["Electric"]}, "Typhlosion": {"name": "Typhlosion", "species": "Typhlosion-Hisui", "speciesId": "typhlosionhisui", "gender": "F", "shiny": false, "level": 83, "moves": ["eruption", "focusblast", "fireblast", "shadowball"], "ability": "Blaze", "evs": {"hp": 85, "atk": 0, "def": 85, "spa": 85, "spd": 85, "spe": 85}, "ivs": {"hp": 31, "atk": 0, "def": 31, "spa": 31, "spd": 31, "spe": 31}, "item": "Choice Scarf", "teraType": "Fire", "role": "Fast Attacker", "bvs": {"hp": 73, "atk": 84, "def": 78, "spa": 119, "spd": 85, "spe": 95}, "stats": {"hp": 257, "atk": 144, "def": 177, "spa": 245, "spd": 189, "spe": 205}, "types": ["Fire", "Ghost"]}, "Lumineon": {"name": "Lumineon", "species": "Lumineon", "speciesId": "lumineon", "gender": "M", "shiny": false, "level": 93, "moves": ["encore", "icebeam", "uturn", "hydropump"], "ability": "Storm Drain", "evs": {"hp": 85, "atk": 85, "def": 85, "spa": 85, "spd": 85, "spe": 85}, "ivs": {"hp": 31, "atk": 31, "def": 31, "spa": 31, "spd": 31, "spe": 31}, "item": "Heavy-Duty Boots", "teraType": "Ground", "role": "Fast Support", "bvs": {"hp": 69, "atk": 69, "def": 76, "spa": 69, "spd": 86, "spe": 91}, "stats": {"hp": 279, "atk": 181, "def": 194, "spa": 181, "spd": 213, "spe": 222}, "types": ["Water"]}, "Regidrago": {"name": "Regidrago", "species": "Regidrago", "speciesId": "regidrago", "gender": "N", "shiny": false, "level": 77, "moves": ["dragonclaw", "dragondance", "terablast", "earthquake"], "ability": "Dragon's Maw", "evs": {"hp": 85, "atk": 85, "def": 85, "spa": 85, "spd": 85, "spe": 85}, "ivs": {"hp": 31, "atk": 31, "def": 31, "spa": 31, "spd": 31, "spe": 31}, "item": "Life Orb", "teraType": "Steel", "role": "Tera Blast user", "bvs": {"hp": 200, "atk": 100, "def": 50, "spa": 100, "spd": 50, "spe": 80}, "stats": {"hp": 435, "atk": 199, "def": 122, "spa": 199, "spd": 122, "spe": 168}, "types": ["Dragon"]}, "Bastiodon": {"name": "Bastiodon", "species": "Bastiodon", "speciesId": "bastiodon", "gender": "F", "shiny": false, "level": 89, "moves": ["foulplay", "irondefense", "rest", "bodypress"], "ability": "Soundproof", "evs": {"hp": 85, "atk": 0, "def": 85, "spa": 85, "spd": 85, "spe": 85}, "ivs": {"hp": 31, "atk": 0, "def": 31, "spa": 31, "spd": 31, "spe": 31}, "item": "Chesto Berry", "teraType": "Fighting", "role": "Bulky Setup", "bvs": {"hp": 60, "atk": 52, "def": 168, "spa": 47, "spd": 138, "spe": 30}, "stats": {"hp": 252, "atk": 97, "def": 350, "spa": 134, "spd": 296, "spe": 104}, "types": ["Rock", "Steel"]}}, {"Lumineon": {"name": "Lumineon", "species": "Lumineon", "speciesId": "lumineon", "gender": "F", "shiny": false, "level": 93, "moves": ["alluringvoice", "hydropump", "encore", "icebeam"], "ability": "Storm Drain", "evs": {"hp": 85, "atk": 0, "def": 85, "spa": 85, "spd": 85, "spe": 85}, "ivs": {"hp": 31, "atk": 0, "def": 31, "spa": 31, "spd": 31, "spe": 31}, "item": "Life Orb", "teraType": "Water", "role": "Fast Attacker", "bvs": {"hp": 69, "atk": 69, "def": 76, "spa": 69, "spd": 86, "spe": 91}, "stats": {"hp": 279, "atk": 133, "def": 194, "spa": 181, "spd": 213, "spe": 222}, "types": ["Water"]}, "Smeargle": {"name": "Smeargle", "species": "Smeargle", "speciesId": "smeargle", "gender": "F", "shiny": false, "level": 95, "moves": ["ceaselessedge", "whirlwind", "spore", "stickyweb"], "ability": "Own Tempo", "evs": {"hp": 85, "atk": 85, "def": 85, "spa": 85, "spd": 85, "spe": 85}, "ivs": {"hp": 31, "atk": 31, "def": 31, "spa": 31, "spd": 31, "spe": 31}, "item": "Focus Sash", "teraType": "Ghost", "role": "Fast Support", "bvs": {"hp": 55, "atk": 20, "def": 35, "spa": 20, "spd": 45, "spe": 75}, "stats": {"hp": 258, "atk": 92, "def": 120, "spa": 92, "spd": 139, "spe": 196}, "types": ["Normal"]}, "Corviknight": {"name": "Corviknight", "species": "Corviknight", "speciesId": "corviknight", "gender": "M", "shiny": false, "level": 80, "moves": ["bodypress", "defog", "roost", "bravebird"], "ability": "Pressure", "evs": {"hp": 85, "atk": 85, "def": 85, "spa": 85, "spd": 85, "spe": 85}, "ivs": {"hp": 31, "atk": 31, "def": 31, "spa": 31, "spd": 31, "spe": 31}, "item": "Leftovers", "teraType": "Dragon", "role": "Bulky Support", "bvs": {"hp": 98, "atk": 87, "def": 105, "spa": 53, "spd": 85, "spe": 67}, "stats": {"hp": 288, "atk": 185, "def": 214, "spa": 131, "spd": 182, "spe": 153}, "types": ["Flying", "Steel"]}, "Samurott": {"name": "Samurott", "species": "Samurott", "speciesId": "samurott", "gender": "M", "shiny": false, "level": 88, "moves": ["grassknot", "hydropump", "sacredsword", "icebeam"], "ability": "Torrent", "evs": {"hp": 85, "atk": 85, "def": 85, "spa": 85, "spd": 85, "spe": 85}, "ivs": {"hp": 31, "atk": 31, "def": 31, "spa": 31, "spd": 31, "spe": 31}, "item": "Assault Vest", "teraType": "Grass", "role": "AV Pivot", "bvs": {"hp": 95, "atk": 100, "def": 85, "spa": 108, "spd": 70, "spe": 70}, "stats": {"hp": 310, "atk": 226, "def": 200, "spa": 240, "spd": 173, "spe": 173}, "types": ["Water"]}, "Arbok": {"name": "Arbok", "species": "Arbok", "speciesId": "arbok", "gender": "F", "shiny": false, "level": 87, "moves": ["earthquake", "coil", "gunkshot", "trailblaze"], "ability": "Intimidate", "evs": {"hp": 85, "atk": 85, "def": 85, "spa": 85, "spd": 85, "spe": 85}, "ivs": {"hp": 31, "atk": 31, "def": 31, "spa": 31, "spd": 31, "spe": 31}, "item": "Leftovers", "teraType": "Ground", "role": "Bulky Setup", "bvs": {"hp": 60, "atk": 95, "def": 69, "spa": 65, "spd": 79, "spe": 80}, "stats": {"hp": 246, "atk": 215, "def": 170, "spa": 163, "spd": 187, "spe": 189}, "types": ["Poison"]}, "Houndstone": {"name": "Houndstone", "species": "Houndstone", "speciesId": "houndstone", "gender": "M", "shiny": false, "level": 86, "moves": ["poltergeist", "bodypress", "shadowsneak", "playrough"], "ability": "Fluffy", "evs": {"hp": 85, "atk": 85, "def": 85, "spa": 85, "spd": 85, "spe": 85}, "ivs": {"hp": 31, "atk": 31, "def": 31, "spa": 31, "spd": 31, "spe": 31}, "item": "Assault Vest", "teraType": "Fighting", "role": "AV Pivot", "bvs": {"hp": 72, "atk": 101, "def": 100, "spa": 50, "spd": 97, "spe": 68}, "stats": {"hp": 264, "atk": 223, "def": 221, "spa": 135, "spd": 216, "spe": 166}, "types": ["Ghost"]}}]}