{"id": "gen9randombattle-2631736095", "format": "[Gen 9] Random Battle", "players": ["xbox350", "Crysys1"], "log": "|j|\u2606xbox350\n|j|\u2606Crysys1\n|t:|1781431095\n|gametype|singles\n|player|p1|xbox350|schoolkid-gen4|2050\n|player|p2|Crysys1|265|2120\n|gen|9\n|tier|[Gen 9] Random Battle\n|rated|\n|rule|Species Clause: Limit one of each Pok\u00e9mon\n|rule|HP Percentage Mod: HP is shown in percentages\n|rule|Sleep Clause Mod: Limit one foe put to sleep\n|rule|Illusion Level Mod: Illusion disguises the Pok\u00e9mon's true level\n|\n|t:|1781431095\n|teamsize|p1|6\n|teamsize|p2|6\n|start\n|switch|p1a: Ludicolo|Ludicolo, L90, F|290/290\n|switch|p2a: Palafin|Palafin, L77, M|281/281\n|turn|1\n|inactive|Battle timer is ON: inactive players will automatically lose when time's up. (requested by xbox350)\n|\n|t:|1781431113\n|detailschange|p2a: Palafin|Palafin-Hero, L77, M\n|switch|p2a: Illumise|Illumise, L91, F|266/266\n|move|p1a: Ludicolo|Hydro Pump|p2a: Illumise\n|-damage|p2a: Illumise|80/266\n|\n|upkeep\n|turn|2\n|\n|t:|1781431119\n|move|p2a: Illumise|Roost|p2a: Illumise\n|-heal|p2a: Illumise|213/266\n|-singleturn|p2a: Illumise|move: Roost\n|move|p1a: Ludicolo|Hydro Pump|p2a: Illumise\n|-damage|p2a: Illumise|35/266\n|\n|upkeep\n|turn|3\n|\n|t:|1781431127\n|move|p2a: Illumise|Bug Buzz|p1a: Ludicolo\n|-supereffective|p1a: Ludicolo\n|-damage|p1a: Ludicolo|146/290\n|move|p1a: Ludicolo|Hydro Pump|p2a: Illumise\n|-damage|p2a: Illumise|0 fnt\n|faint|p2a: Illumise\n|\n|upkeep\n|\n|t:|1781431136\n|switch|p2a: Iron Valiant|Iron Valiant, L78|244/244\n|turn|4\n|\n|t:|1781431142\n|switch|p1a: Sableye|Sableye, L88, F|231/231\n|move|p2a: Iron Valiant|Close Combat|p1a: Sableye\n|-immune|p1a: Sableye\n|\n|upkeep\n|turn|5\n|inactive|Crysys1 has 120 seconds left.\n|\n|t:|1781431185\n|move|p1a: Sableye|Thunder Wave|p2a: Iron Valiant|[miss]\n|-miss|p1a: Sableye|p2a: Iron Valiant\n|move|p2a: Iron Valiant|Moonblast|p1a: Sableye\n|-supereffective|p1a: Sableye\n|-damage|p1a: Sableye|0 fnt\n|faint|p1a: Sableye\n|-damage|p2a: Iron Valiant|220/244|[from] item: Life Orb\n|\n|upkeep\n|\n|t:|1781431193\n|switch|p1a: Oinkologne|Oinkologne-F, L92, F|361/361\n|turn|6\n|inactive|Crysys1 has 120 seconds left.\n|inactive|Crysys1 has 90 seconds left.\n|\n|t:|1781431238\n|switch|p1a: Alomomola|Alomomola, L87, F|429/429\n|move|p2a: Iron Valiant|Knock Off|p1a: Alomomola\n|-damage|p1a: Alomomola|319/429\n|-damage|p2a: Iron Valiant|180/244|[from] item: Rocky Helmet|[of] p1a: Alomomola\n|-enditem|p1a: Alomomola|Rocky Helmet|[from] move: Knock Off|[of] p2a: Iron Valiant\n|-damage|p2a: Iron Valiant|156/244|[from] item: Life Orb\n|\n|upkeep\n|turn|7\n|inactive|Crysys1 has 90 seconds left.\n|\n|t:|1781431255\n|-end|p2a: Iron Valiant|Quark Drive|[silent]\n|switch|p2a: Reuniclus|Reuniclus, L88, M|337/337\n|move|p1a: Alomomola|Flip Turn|p2a: Reuniclus\n|-damage|p2a: Reuniclus|277/337\n|\n|t:|1781431258\n|switch|p1a: Roaring Moon|Roaring Moon, L72|270/270|[from] Flip Turn\n|\n|upkeep\n|turn|8\n|\n|t:|1781431269\n|switch|p2a: Avalugg|Avalugg, L88, F|310/310\n|move|p1a: Roaring Moon|U-turn|p2a: Avalugg\n|-damage|p2a: Avalugg|270/310\n|\n|t:|1781431273\n|-end|p1a: Roaring Moon|Protosynthesis|[silent]\n|switch|p1a: Magearna|Magearna, L77|250/250|[from] U-turn\n|\n|upkeep\n|turn|9\n|\n|t:|1781431279\n|switch|p2a: Palafin|Palafin-Hero, L77, M|281/281\n|-activate|p2a: Palafin|ability: Zero to Hero\n|move|p1a: Magearna|Shift Gear|p1a: Magearna\n|-boost|p1a: Magearna|spe|2\n|-boost|p1a: Magearna|atk|1\n|\n|upkeep\n|turn|10\n|\n|t:|1781431297\n|move|p1a: Magearna|Fleur Cannon|p2a: Palafin|[miss]\n|-miss|p1a: Magearna|p2a: Palafin\n|move|p2a: Palafin|Bulk Up|p2a: Palafin\n|-boost|p2a: Palafin|atk|1\n|-boost|p2a: Palafin|def|1\n|\n|upkeep\n|turn|11\n|\n|t:|1781431305\n|move|p1a: Magearna|Fleur Cannon|p2a: Palafin\n|-damage|p2a: Palafin|109/281\n|-unboost|p1a: Magearna|spa|2\n|move|p2a: Palafin|Bulk Up|p2a: Palafin\n|-boost|p2a: Palafin|atk|1\n|-boost|p2a: Palafin|def|1\n|\n|-heal|p2a: Palafin|126/281|[from] item: Leftovers\n|upkeep\n|turn|12\n|\n|t:|1781431309\n|move|p1a: Magearna|Fleur Cannon|p2a: Palafin\n|-damage|p2a: Palafin|48/281\n|-unboost|p1a: Magearna|spa|2\n|move|p2a: Palafin|Drain Punch|p1a: Magearna\n|-damage|p1a: Magearna|127/250\n|-heal|p2a: Palafin|110/281|[from] drain|[of] p1a: Magearna\n|\n|-heal|p2a: Palafin|127/281|[from] item: Leftovers\n|upkeep\n|turn|13\n|\n|t:|1781431320\n|switch|p1a: Ludicolo|Ludicolo, L90, F|146/290\n|move|p2a: Palafin|Drain Punch|p1a: Ludicolo\n|-damage|p1a: Ludicolo|0 fnt\n|-heal|p2a: Palafin|200/281|[from] drain|[of] p1a: Ludicolo\n|faint|p1a: Ludicolo\n|\n|-heal|p2a: Palafin|217/281|[from] item: Leftovers\n|upkeep\n|\n|t:|1781431327\n|switch|p1a: Roaring Moon|Roaring Moon, L72|270/270\n|turn|14\n|\n|t:|1781431334\n|-terastallize|p1a: Roaring Moon|Dragon\n|move|p1a: Roaring Moon|Outrage|p2a: Palafin\n|-damage|p2a: Palafin|89/281\n|move|p2a: Palafin|Drain Punch|p1a: Roaring Moon\n|-damage|p1a: Roaring Moon|84/270\n|-heal|p2a: Palafin|182/281|[from] drain|[of] p1a: Roaring Moon\n|\n|-heal|p2a: Palafin|199/281|[from] item: Leftovers\n|upkeep\n|turn|15\n|-message|xbox350 forfeited.\n|\n|win|Crysys1\n|raw|xbox350's rating: 2050 &rarr; <strong>2034</strong><br />(-16 for losing)\n|raw|Crysys1's rating: 2120 &rarr; <strong>2136</strong><br />(+16 for winning)\n", "inputlog": ">version a8376a258c1d4662feba110a92103f3664a72141\n>start {\"formatid\":\"gen9randombattle\",\"seed\":\"sodium,18a835e1f2b6b953f512e5696a116704\",\"rated\":\"Rated battle\"}\n>player p1 {\"name\":\"xbox350\",\"avatar\":\"schoolkid-gen4\",\"rating\":2050,\"seed\":\"sodium,a7f77fe372c15f58f83aaedc24ee763b\"}\n>player p2 {\"name\":\"Crysys1\",\"avatar\":\"265\",\"rating\":2120,\"seed\":\"sodium,4f45574ceacd4057a45eeb38ac45e0e4\"}\n>p1 move hydropump\n>p2 switch 6\n>p1 move hydropump\n>p2 move roost\n>p1 move hydropump\n>p2 move bugbuzz\n>p2 switch 5\n>p1 switch 6\n>p2 move closecombat\n>p1 move thunderwave\n>p2 move moonblast\n>p1 switch 2\n>p1 switch 4\n>p2 move knockoff\n>p1 move flipturn\n>p2 switch 4\n>p1 switch 3\n>p1 move uturn\n>p2 switch 3\n>p1 switch 5\n>p1 move shiftgear\n>p2 switch 6\n>p1 move fleurcannon\n>p2 move bulkup\n>p1 move fleurcannon\n>p2 move bulkup\n>p1 move fleurcannon\n>p2 move drainpunch\n>p1 switch 6\n>p2 move drainpunch\n>p1 switch 5\n>p1 move outrage terastallize\n>p2 move drainpunch\n>forcelose p1", "uploadtime": 1781431097, "views": 6, "formatid": "gen9randombattle", "rating": 2034, "private": 0, "password": null, "player_dets": [{"name": "xbox350", "avatar": "schoolkid-gen4", "rating": 2050, "seed": "sodium,a7f77fe372c15f58f83aaedc24ee763b"}, {"name": "Crysys1", "avatar": "265", "rating": 2120, "seed": "sodium,4f45574ceacd4057a45eeb38ac45e0e4"}], "teams_full": [{"Ludicolo": {"name": "Ludicolo", "species": "Ludicolo", "speciesId": "ludicolo", "gender": "F", "shiny": false, "level": 90, "moves": ["leafstorm", "icebeam", "hydropump", "gigadrain"], "ability": "Swift Swim", "evs": {"hp": 85, "atk": 0, "def": 85, "spa": 85, "spd": 85, "spe": 85}, "ivs": {"hp": 31, "atk": 0, "def": 31, "spa": 31, "spd": 31, "spe": 31}, "item": "Choice Specs", "teraType": "Water", "role": "Fast Attacker", "bvs": {"hp": 80, "atk": 70, "def": 70, "spa": 90, "spd": 100, "spe": 70}, "stats": {"hp": 290, "atk": 131, "def": 177, "spa": 213, "spd": 231, "spe": 177}}, "Oinkologne": {"name": "Oinkologne", "species": "Oinkologne-F", "speciesId": "oinkolognef", "gender": "F", "shiny": false, "level": 92, "moves": ["lashout", "doubleedge", "highhorsepower", "curse"], "ability": "Thick Fat", "evs": {"hp": 85, "atk": 85, "def": 85, "spa": 85, "spd": 85, "spe": 85}, "ivs": {"hp": 31, "atk": 31, "def": 31, "spa": 31, "spd": 31, "spe": 31}, "item": "Leftovers", "teraType": "Ground", "role": "Bulky Setup", "bvs": {"hp": 115, "atk": 90, "def": 70, "spa": 59, "spd": 90, "spe": 65}, "stats": {"hp": 361, "atk": 218, "def": 181, "spa": 161, "spd": 218, "spe": 172}}, "Roaring Moon": {"name": "Roaring Moon", "species": "Roaring Moon", "speciesId": "roaringmoon", "gender": "N", "shiny": false, "level": 72, "moves": ["outrage", "knockoff", "uturn", "ironhead"], "ability": "Protosynthesis", "evs": {"hp": 85, "atk": 85, "def": 85, "spa": 85, "spd": 85, "spe": 85}, "ivs": {"hp": 31, "atk": 31, "def": 31, "spa": 31, "spd": 31, "spe": 31}, "item": "Choice Band", "teraType": "Dragon", "role": "Bulky Attacker", "bvs": {"hp": 105, "atk": 139, "def": 71, "spa": 55, "spd": 101, "spe": 119}, "stats": {"hp": 270, "atk": 242, "def": 144, "spa": 121, "spd": 187, "spe": 213}}, "Alomomola": {"name": "Alomomola", "species": "Alomomola", "speciesId": "alomomola", "gender": "F", "shiny": false, "level": 87, "moves": ["scald", "flipturn", "wish", "protect"], "ability": "Regenerator", "evs": {"hp": 85, "atk": 85, "def": 85, "spa": 85, "spd": 85, "spe": 85}, "ivs": {"hp": 31, "atk": 31, "def": 31, "spa": 31, "spd": 31, "spe": 31}, "item": "Rocky Helmet", "teraType": "Poison", "role": "Bulky Support", "bvs": {"hp": 165, "atk": 75, "def": 80, "spa": 40, "spd": 45, "spe": 65}, "stats": {"hp": 429, "atk": 180, "def": 189, "spa": 119, "spd": 128, "spe": 163}}, "Magearna": {"name": "Magearna", "species": "Magearna", "speciesId": "magearna", "gender": "N", "shiny": false, "level": 77, "moves": ["fleurcannon", "terablast", "ironhead", "shiftgear"], "ability": "Soul-Heart", "evs": {"hp": 85, "atk": 85, "def": 85, "spa": 85, "spd": 85, "spe": 85}, "ivs": {"hp": 31, "atk": 31, "def": 31, "spa": 31, "spd": 31, "spe": 31}, "item": "Weakness Policy", "teraType": "Ground", "role": "Tera Blast user", "bvs": {"hp": 80, "atk": 95, "def": 115, "spa": 130, "spd": 115, "spe": 65}, "stats": {"hp": 250, "atk": 191, "def": 222, "spa": 245, "spd": 222, "spe": 145}}, "Sableye": {"name": "Sableye", "species": "Sableye", "speciesId": "sableye", "gender": "F", "shiny": false, "level": 88, "moves": ["encore", "recover", "knockoff", "thunderwave"], "ability": "Prankster", "evs": {"hp": 85, "atk": 85, "def": 85, "spa": 85, "spd": 85, "spe": 85}, "ivs": {"hp": 31, "atk": 31, "def": 31, "spa": 31, "spd": 31, "spe": 31}, "item": "Leftovers", "teraType": "Poison", "role": "Bulky Support", "bvs": {"hp": 50, "atk": 75, "def": 75, "spa": 65, "spd": 65, "spe": 50}, "stats": {"hp": 231, "atk": 182, "def": 182, "spa": 165, "spd": 165, "spe": 138}}}, {"Palafin": {"name": "Palafin", "species": "Palafin", "speciesId": "palafin", "gender": "M", "shiny": false, "level": 77, "moves": ["jetpunch", "bulkup", "icepunch", "drainpunch"], "ability": "Zero to Hero", "evs": {"hp": 85, "atk": 85, "def": 85, "spa": 85, "spd": 85, "spe": 85}, "ivs": {"hp": 31, "atk": 31, "def": 31, "spa": 31, "spd": 31, "spe": 31}, "item": "Leftovers", "teraType": "Dragon", "role": "Bulky Setup", "bvs": {"hp": 100, "atk": 70, "def": 72, "spa": 53, "spd": 62, "spe": 100}, "stats": {"hp": 281, "atk": 152, "def": 155, "spa": 126, "spd": 140, "spe": 199}}, "Decidueye": {"name": "Decidueye", "species": "Decidueye-Hisui", "speciesId": "decidueyehisui", "gender": "M", "shiny": false, "level": 87, "moves": ["leafblade", "uturn", "triplearrows", "roost"], "ability": "Scrappy", "evs": {"hp": 85, "atk": 85, "def": 85, "spa": 85, "spd": 85, "spe": 85}, "ivs": {"hp": 31, "atk": 31, "def": 31, "spa": 31, "spd": 31, "spe": 31}, "item": "Leftovers", "teraType": "Water", "role": "Bulky Attacker", "bvs": {"hp": 88, "atk": 112, "def": 80, "spa": 95, "spd": 95, "spe": 60}, "stats": {"hp": 295, "atk": 245, "def": 189, "spa": 215, "spd": 215, "spe": 154}}, "Avalugg": {"name": "Avalugg", "species": "Avalugg", "speciesId": "avalugg", "gender": "F", "shiny": false, "level": 88, "moves": ["bodypress", "rapidspin", "avalanche", "recover"], "ability": "Sturdy", "evs": {"hp": 85, "atk": 85, "def": 85, "spa": 85, "spd": 85, "spe": 85}, "ivs": {"hp": 31, "atk": 31, "def": 31, "spa": 31, "spd": 31, "spe": 31}, "item": "Heavy-Duty Boots", "teraType": "Fighting", "role": "Bulky Support", "bvs": {"hp": 95, "atk": 117, "def": 184, "spa": 44, "spd": 46, "spe": 28}, "stats": {"hp": 310, "atk": 256, "def": 374, "spa": 128, "spd": 131, "spe": 100}}, "Reuniclus": {"name": "Reuniclus", "species": "Reuniclus", "speciesId": "reuniclus", "gender": "M", "shiny": false, "level": 88, "moves": ["psychic", "recover", "focusblast", "calmmind"], "ability": "Magic Guard", "evs": {"hp": 85, "atk": 0, "def": 85, "spa": 85, "spd": 85, "spe": 85}, "ivs": {"hp": 31, "atk": 0, "def": 31, "spa": 31, "spd": 31, "spe": 31}, "item": "Life Orb", "teraType": "Steel", "role": "Bulky Setup", "bvs": {"hp": 110, "atk": 65, "def": 75, "spa": 125, "spd": 85, "spe": 30}, "stats": {"hp": 337, "atk": 119, "def": 182, "spa": 270, "spd": 200, "spe": 103}}, "Iron Valiant": {"name": "Iron Valiant", "species": "Iron Valiant", "speciesId": "ironvaliant", "gender": "N", "shiny": false, "level": 78, "moves": ["encore", "knockoff", "closecombat", "moonblast"], "ability": "Quark Drive", "evs": {"hp": 85, "atk": 85, "def": 85, "spa": 85, "spd": 85, "spe": 85}, "ivs": {"hp": 31, "atk": 31, "def": 31, "spa": 31, "spd": 31, "spe": 31}, "item": "Life Orb", "teraType": "Fighting", "role": "Wallbreaker", "bvs": {"hp": 74, "atk": 130, "def": 90, "spa": 120, "spd": 60, "spe": 116}, "stats": {"hp": 244, "atk": 248, "def": 185, "spa": 232, "spd": 139, "spe": 226}}, "Illumise": {"name": "Illumise", "species": "Illumise", "speciesId": "illumise", "gender": "F", "shiny": false, "level": 91, "moves": ["thunderwave", "roost", "bugbuzz", "encore"], "ability": "Prankster", "evs": {"hp": 85, "atk": 0, "def": 85, "spa": 85, "spd": 85, "spe": 85}, "ivs": {"hp": 31, "atk": 0, "def": 31, "spa": 31, "spd": 31, "spe": 31}, "item": "Heavy-Duty Boots", "teraType": "Water", "role": "Bulky Support", "bvs": {"hp": 65, "atk": 47, "def": 75, "spa": 73, "spd": 85, "spe": 85}, "stats": {"hp": 266, "atk": 90, "def": 188, "spa": 185, "spd": 207, "spe": 207}}}]}