{"id": "gen9randombattle-2631504108", "format": "[Gen 9] Random Battle", "players": ["myplit", "vexdelised"], "log": "|j|\u2606myplit\n|j|\u2606vexdelised\n|t:|1781393536\n|gametype|singles\n|player|p1|myplit|cynthia-gen7|1906\n|player|p2|vexdelised|hooligans|1923\n|gen|9\n|tier|[Gen 9] Random Battle\n|rated|\n|rule|Species Clause: Limit one of each Pok\u00e9mon\n|rule|HP Percentage Mod: HP is shown in percentages\n|rule|Sleep Clause Mod: Limit one foe put to sleep\n|rule|Illusion Level Mod: Illusion disguises the Pok\u00e9mon's true level\n|\n|t:|1781393536\n|teamsize|p1|6\n|teamsize|p2|6\n|start\n|switch|p1a: Cinccino|Cinccino, L83, M|260/260\n|switch|p2a: Delibird|Delibird, M|252/252\n|turn|1\n|inactive|Battle timer is ON: inactive players will automatically lose when time's up. (requested by vexdelised)\n|inactive|myplit also wants the timer to be on.\n|inactive|vexdelised has 120 seconds left.\n|\n|t:|1781393580\n|switch|p2a: Slowbro|Slowbro, L85, F|300/300\n|move|p1a: Cinccino|Tail Slap|p2a: Slowbro\n|-damage|p2a: Slowbro|266/300\n|-damage|p2a: Slowbro|232/300\n|-damage|p2a: Slowbro|201/300\n|-damage|p2a: Slowbro|170/300\n|-hitcount|p2a: Slowbro|4\n|\n|upkeep\n|turn|2\n|\n|t:|1781393589\n|move|p1a: Cinccino|Bullet Seed|p2a: Slowbro\n|-supereffective|p2a: Slowbro\n|-damage|p2a: Slowbro|126/300\n|-supereffective|p2a: Slowbro\n|-damage|p2a: Slowbro|86/300\n|-supereffective|p2a: Slowbro\n|-damage|p2a: Slowbro|42/300\n|-supereffective|p2a: Slowbro\n|-damage|p2a: Slowbro|0 fnt\n|faint|p2a: Slowbro\n|-hitcount|p2: Slowbro|4\n|\n|upkeep\n|\n|t:|1781393598\n|switch|p2a: Weavile|Weavile, L79, F|240/240\n|turn|3\n|\n|t:|1781393605\n|switch|p1a: Conkeldurr|Conkeldurr, L80, M|299/299\n|move|p2a: Weavile|Knock Off|p1a: Conkeldurr\n|-resisted|p1a: Conkeldurr\n|-damage|p1a: Conkeldurr|251/299\n|-enditem|p1a: Conkeldurr|Flame Orb|[from] move: Knock Off|[of] p2a: Weavile\n|\n|upkeep\n|turn|4\n|\n|t:|1781393612\n|switch|p2a: Delibird|Delibird, M|252/252\n|move|p1a: Conkeldurr|Knock Off|p2a: Delibird\n|-damage|p2a: Delibird|138/252\n|-enditem|p2a: Delibird|Heavy-Duty Boots|[from] move: Knock Off|[of] p1a: Conkeldurr\n|\n|upkeep\n|turn|5\n|\n|t:|1781393626\n|switch|p1a: Girafarig|Girafarig, L89, M|269/269\n|move|p2a: Delibird|Brave Bird|p1a: Girafarig\n|-damage|p1a: Girafarig|166/269\n|-damage|p2a: Delibird|104/252|[from] Recoil\n|\n|upkeep\n|turn|6\n|\n|t:|1781393637\n|move|p2a: Delibird|Spikes|p1a: Girafarig\n|-sidestart|p1: myplit|Spikes\n|move|p1a: Girafarig|Dazzling Gleam|p2a: Delibird\n|-damage|p2a: Delibird|22/252\n|\n|upkeep\n|turn|7\n|\n|t:|1781393641\n|move|p2a: Delibird|Spikes|p1a: Girafarig\n|-sidestart|p1: myplit|Spikes\n|move|p1a: Girafarig|Dazzling Gleam|p2a: Delibird\n|-damage|p2a: Delibird|0 fnt\n|faint|p2a: Delibird\n|\n|upkeep\n|\n|t:|1781393650\n|switch|p2a: Weavile|Weavile, L79, F|240/240\n|turn|8\n|\n|t:|1781393653\n|move|p2a: Weavile|Knock Off|p1a: Girafarig\n|-supereffective|p1a: Girafarig\n|-damage|p1a: Girafarig|0 fnt\n|-enditem|p1a: Girafarig|Eviolite|[from] move: Knock Off|[of] p2a: Weavile\n|faint|p1a: Girafarig\n|\n|upkeep\n|\n|t:|1781393666\n|switch|p1a: Conkeldurr|Conkeldurr, L80, M|251/299\n|-damage|p1a: Conkeldurr|202/299|[from] Spikes\n|turn|9\n|\n|t:|1781393678\n|switch|p2a: Tsareena|Tsareena, L87, F|267/267\n|move|p1a: Conkeldurr|Mach Punch||[still]\n|cant|p2a: Tsareena|ability: Queenly Majesty|Mach Punch|[of] p1a: Conkeldurr\n|\n|upkeep\n|turn|10\n|\n|t:|1781393689\n|move|p2a: Tsareena|High Jump Kick|p1a: Conkeldurr\n|-damage|p1a: Conkeldurr|86/299\n|move|p1a: Conkeldurr|Knock Off|p2a: Tsareena\n|-damage|p2a: Tsareena|197/267\n|-enditem|p2a: Tsareena|Heavy-Duty Boots|[from] move: Knock Off|[of] p1a: Conkeldurr\n|\n|upkeep\n|turn|11\n|\n|t:|1781393700\n|move|p2a: Tsareena|High Jump Kick|p1a: Conkeldurr\n|-damage|p1a: Conkeldurr|0 fnt\n|faint|p1a: Conkeldurr\n|\n|upkeep\n|\n|t:|1781393703\n|switch|p1a: Cinccino|Cinccino, L83, M|260/260\n|-damage|p1a: Cinccino|217/260|[from] Spikes\n|turn|12\n|\n|t:|1781393710\n|-terastallize|p2a: Tsareena|Steel\n|move|p1a: Cinccino|Triple Axel|p2a: Tsareena\n|-resisted|p2a: Tsareena\n|-damage|p2a: Tsareena|187/267\n|-resisted|p2a: Tsareena\n|-damage|p2a: Tsareena|169/267\n|-resisted|p2a: Tsareena\n|-damage|p2a: Tsareena|144/267\n|-hitcount|p2a: Tsareena|3\n|move|p2a: Tsareena|High Jump Kick|p1a: Cinccino\n|-supereffective|p1a: Cinccino\n|-damage|p1a: Cinccino|0 fnt\n|faint|p1a: Cinccino\n|\n|upkeep\n|\n|t:|1781393715\n|switch|p1a: Tornadus|Tornadus, L82, M|263/263\n|turn|13\n|\n|t:|1781393723\n|move|p1a: Tornadus|Heat Wave|p2a: Tsareena\n|-supereffective|p2a: Tsareena\n|-damage|p2a: Tsareena|0 fnt\n|faint|p2a: Tsareena\n|\n|upkeep\n|\n|t:|1781393745\n|switch|p2a: Feraligatr|Feraligatr, L79, F|264/264\n|turn|14\n|\n|t:|1781393748\n|switch|p1a: Rotom|Rotom-Fan, L86|226/226\n|move|p2a: Feraligatr|Dragon Dance|p2a: Feraligatr\n|-boost|p2a: Feraligatr|atk|1\n|-boost|p2a: Feraligatr|spe|1\n|\n|upkeep\n|turn|15\n|\n|t:|1781393759\n|move|p2a: Feraligatr|Ice Punch|p1a: Rotom\n|-supereffective|p1a: Rotom\n|-damage|p1a: Rotom|0 fnt\n|faint|p1a: Rotom\n|\n|upkeep\n|\n|t:|1781393762\n|switch|p1a: Zekrom|Zekrom, L71|259/259\n|-damage|p1a: Zekrom|216/259|[from] Spikes\n|-ability|p1a: Zekrom|Teravolt\n|turn|16\n|\n|t:|1781393769\n|-terastallize|p1a: Zekrom|Steel\n|move|p2a: Feraligatr|Ice Punch|p1a: Zekrom\n|-resisted|p1a: Zekrom\n|-damage|p1a: Zekrom|160/259\n|move|p1a: Zekrom|Bolt Strike|p2a: Feraligatr\n|-supereffective|p2a: Feraligatr\n|-damage|p2a: Feraligatr|0 fnt\n|faint|p2a: Feraligatr\n|\n|-heal|p1a: Zekrom|176/259|[from] item: Leftovers\n|upkeep\n|\n|t:|1781393783\n|switch|p2a: Weavile|Weavile, L79, F|240/240\n|turn|17\n|\n|t:|1781393795\n|move|p2a: Weavile|Swords Dance|p2a: Weavile\n|-boost|p2a: Weavile|atk|2\n|move|p1a: Zekrom|Bolt Strike|p2a: Weavile\n|-damage|p2a: Weavile|54/240\n|\n|-heal|p1a: Zekrom|192/259|[from] item: Leftovers\n|upkeep\n|turn|18\n|\n|t:|1781393800\n|move|p2a: Weavile|Knock Off|p1a: Zekrom\n|-damage|p1a: Zekrom|0 fnt\n|-enditem|p1a: Zekrom|Leftovers|[from] move: Knock Off|[of] p2a: Weavile\n|faint|p1a: Zekrom\n|\n|upkeep\n|\n|t:|1781393802\n|switch|p1a: Tornadus|Tornadus, L82, M|263/263\n|turn|19\n|\n|t:|1781393814\n|move|p2a: Weavile|Triple Axel|p1a: Tornadus\n|-supereffective|p1a: Tornadus\n|-damage|p1a: Tornadus|159/263\n|-supereffective|p1a: Tornadus\n|-damage|p1a: Tornadus|0 fnt\n|faint|p1a: Tornadus\n|-hitcount|p1: Tornadus|2\n|\n|win|vexdelised\n", "inputlog": ">version a8376a258c1d4662feba110a92103f3664a72141\n>start {\"formatid\":\"gen9randombattle\",\"seed\":\"sodium,5e7f8f515d923e09f592d5bd00b4725b\",\"rated\":\"Rated battle\"}\n>player p1 {\"name\":\"myplit\",\"avatar\":\"cynthia-gen7\",\"rating\":1906,\"seed\":\"sodium,6761784c4f0a80c3cce07ae7ce8c7729\"}\n>player p2 {\"name\":\"vexdelised\",\"avatar\":\"hooligans\",\"rating\":1923,\"seed\":\"sodium,9b6aa7881eaf9b0dd2331ff516210059\"}\n>p1 move tailslap\n>p2 switch 2\n>p1 move bulletseed\n>p2 move bodypress\n>p2 switch 4\n>p1 switch 4\n>p2 move knockoff\n>p1 move knockoff\n>p2 switch 2\n>p1 switch 3\n>p2 move bravebird\n>p1 move dazzlinggleam\n>p2 move spikes\n>p1 move dazzlinggleam\n>p2 move spikes\n>p2 switch 2\n>p1 move dazzlinggleam\n>p2 move knockoff\n>p1 switch 3\n>p1 move machpunch\n>p2 switch 6\n>p1 move knockoff\n>p2 move highjumpkick\n>p1 move closecombat\n>p2 move highjumpkick\n>p1 switch 4\n>p1 move tripleaxel\n>p2 move highjumpkick terastallize\n>p1 switch 2\n>p1 move heatwave\n>p2 move powerwhip\n>p2 switch 5\n>p1 switch 5\n>p2 move dragondance\n>p1 move thunderbolt\n>p2 move icepunch\n>p1 switch 6\n>p1 move boltstrike terastallize\n>p2 move icepunch\n>p2 switch 6\n>p1 move boltstrike\n>p2 move swordsdance\n>p1 move boltstrike\n>p2 move knockoff\n>p1 switch 5\n>p1 move heatwave\n>p2 move tripleaxel", "uploadtime": 1781393538, "views": 5, "formatid": "gen9randombattle", "rating": null, "private": 0, "password": null, "player_dets": [{"name": "myplit", "avatar": "cynthia-gen7", "rating": 1906, "seed": "sodium,6761784c4f0a80c3cce07ae7ce8c7729"}, {"name": "vexdelised", "avatar": "hooligans", "rating": 1923, "seed": "sodium,9b6aa7881eaf9b0dd2331ff516210059"}], "teams_full": [{"Cinccino": {"name": "Cinccino", "species": "Cinccino", "speciesId": "cinccino", "gender": "M", "shiny": false, "level": 83, "moves": ["tailslap", "tripleaxel", "tidyup", "bulletseed"], "ability": "Technician", "evs": {"hp": 85, "atk": 85, "def": 85, "spa": 85, "spd": 85, "spe": 85}, "ivs": {"hp": 31, "atk": 31, "def": 31, "spa": 31, "spd": 31, "spe": 31}, "item": "Loaded Dice", "teraType": "Normal", "role": "Fast Attacker", "bvs": {"hp": 75, "atk": 95, "def": 60, "spa": 65, "spd": 60, "spe": 115}, "stats": {"hp": 260, "atk": 205, "def": 147, "spa": 156, "spd": 147, "spe": 239}, "types": ["Normal"]}, "Tornadus": {"name": "Tornadus", "species": "Tornadus", "speciesId": "tornadus", "gender": "M", "shiny": false, "level": 82, "moves": ["bleakwindstorm", "uturn", "heatwave", "focusblast"], "ability": "Defiant", "evs": {"hp": 81, "atk": 85, "def": 85, "spa": 85, "spd": 85, "spe": 85}, "ivs": {"hp": 31, "atk": 31, "def": 31, "spa": 31, "spd": 31, "spe": 31}, "item": "Choice Specs", "teraType": "Fire", "role": "Fast Attacker", "bvs": {"hp": 79, "atk": 115, "def": 70, "spa": 125, "spd": 80, "spe": 111}, "stats": {"hp": 263, "atk": 236, "def": 162, "spa": 252, "spd": 178, "spe": 229}, "types": ["Flying"]}, "Girafarig": {"name": "Girafarig", "species": "Girafarig", "speciesId": "girafarig", "gender": "M", "shiny": false, "level": 89, "moves": ["shadowball", "psyshock", "nastyplot", "dazzlinggleam"], "ability": "Sap Sipper", "evs": {"hp": 85, "atk": 0, "def": 85, "spa": 85, "spd": 85, "spe": 85}, "ivs": {"hp": 31, "atk": 0, "def": 31, "spa": 31, "spd": 31, "spe": 31}, "item": "Eviolite", "teraType": "Fairy", "role": "Bulky Setup", "bvs": {"hp": 70, "atk": 80, "def": 65, "spa": 90, "spd": 65, "spe": 85}, "stats": {"hp": 269, "atk": 147, "def": 166, "spa": 211, "spd": 166, "spe": 202}, "types": ["Normal", "Psychic"]}, "Conkeldurr": {"name": "Conkeldurr", "species": "Conkeldurr", "speciesId": "conkeldurr", "gender": "M", "shiny": false, "level": 80, "moves": ["machpunch", "knockoff", "closecombat", "facade"], "ability": "Guts", "evs": {"hp": 85, "atk": 85, "def": 85, "spa": 85, "spd": 85, "spe": 85}, "ivs": {"hp": 31, "atk": 31, "def": 31, "spa": 31, "spd": 31, "spe": 31}, "item": "Flame Orb", "teraType": "Normal", "role": "Wallbreaker", "bvs": {"hp": 105, "atk": 140, "def": 95, "spa": 55, "spd": 65, "spe": 45}, "stats": {"hp": 299, "atk": 270, "def": 198, "spa": 134, "spd": 150, "spe": 118}, "types": ["Fighting"]}, "Rotom": {"name": "Rotom", "species": "Rotom-Fan", "speciesId": "rotomfan", "gender": "N", "shiny": false, "level": 86, "moves": ["airslash", "thunderbolt", "nastyplot", "willowisp"], "ability": "Levitate", "evs": {"hp": 85, "atk": 0, "def": 85, "spa": 85, "spd": 85, "spe": 85}, "ivs": {"hp": 31, "atk": 0, "def": 31, "spa": 31, "spd": 31, "spe": 31}, "item": "Heavy-Duty Boots", "teraType": "Steel", "role": "Bulky Attacker", "bvs": {"hp": 50, "atk": 65, "def": 107, "spa": 105, "spd": 107, "spe": 86}, "stats": {"hp": 226, "atk": 116, "def": 233, "spa": 230, "spd": 233, "spe": 197}, "types": ["Electric", "Flying"]}, "Zekrom": {"name": "Zekrom", "species": "Zekrom", "speciesId": "zekrom", "gender": "N", "shiny": false, "level": 71, "moves": ["outrage", "boltstrike", "dragondance", "substitute"], "ability": "Teravolt", "evs": {"hp": 85, "atk": 85, "def": 85, "spa": 85, "spd": 85, "spe": 85}, "ivs": {"hp": 31, "atk": 31, "def": 31, "spa": 31, "spd": 31, "spe": 31}, "item": "Leftovers", "teraType": "Steel", "role": "Setup Sweeper", "bvs": {"hp": 100, "atk": 150, "def": 120, "spa": 120, "spd": 100, "spe": 90}, "stats": {"hp": 259, "atk": 254, "def": 212, "spa": 212, "spd": 183, "spe": 169}, "types": ["Dragon", "Electric"]}}, {"Delibird": {"name": "Delibird", "species": "Delibird", "speciesId": "delibird", "gender": "M", "shiny": false, "level": 100, "moves": ["freezedry", "bravebird", "spikes", "rapidspin"], "ability": "Insomnia", "evs": {"hp": 85, "atk": 85, "def": 85, "spa": 85, "spd": 85, "spe": 85}, "ivs": {"hp": 31, "atk": 31, "def": 31, "spa": 31, "spd": 31, "spe": 31}, "item": "Heavy-Duty Boots", "teraType": "Ghost", "role": "Fast Support", "bvs": {"hp": 45, "atk": 55, "def": 45, "spa": 65, "spd": 45, "spe": 75}, "stats": {"hp": 252, "atk": 167, "def": 147, "spa": 187, "spd": 147, "spe": 207}, "types": ["Ice", "Flying"]}, "Slowbro": {"name": "Slowbro", "species": "Slowbro", "speciesId": "slowbro", "gender": "F", "shiny": false, "level": 85, "moves": ["icebeam", "psychicnoise", "bodypress", "scald"], "ability": "Regenerator", "evs": {"hp": 85, "atk": 0, "def": 85, "spa": 85, "spd": 85, "spe": 85}, "ivs": {"hp": 31, "atk": 0, "def": 31, "spa": 31, "spd": 31, "spe": 31}, "item": "Assault Vest", "teraType": "Fighting", "role": "AV Pivot", "bvs": {"hp": 95, "atk": 75, "def": 110, "spa": 100, "spd": 80, "spe": 30}, "stats": {"hp": 300, "atk": 132, "def": 236, "spa": 219, "spd": 185, "spe": 100}, "types": ["Water", "Psychic"]}, "Maushold": {"name": "Maushold", "species": "Maushold", "speciesId": "maushold", "gender": "N", "shiny": false, "level": 76, "moves": ["populationbomb", "encore", "bite", "tidyup"], "ability": "Technician", "evs": {"hp": 85, "atk": 85, "def": 85, "spa": 85, "spd": 85, "spe": 85}, "ivs": {"hp": 31, "atk": 31, "def": 31, "spa": 31, "spd": 31, "spe": 31}, "item": "Wide Lens", "teraType": "Ghost", "role": "Setup Sweeper", "bvs": {"hp": 74, "atk": 75, "def": 70, "spa": 65, "spd": 75, "spe": 111}, "stats": {"hp": 238, "atk": 158, "def": 150, "spa": 143, "spd": 158, "spe": 213}, "types": ["Normal"]}, "Weavile": {"name": "Weavile", "species": "Weavile", "speciesId": "weavile", "gender": "F", "shiny": false, "level": 79, "moves": ["knockoff", "iceshard", "tripleaxel", "swordsdance"], "ability": "Pickpocket", "evs": {"hp": 85, "atk": 85, "def": 85, "spa": 85, "spd": 85, "spe": 85}, "ivs": {"hp": 31, "atk": 31, "def": 31, "spa": 31, "spd": 31, "spe": 31}, "item": "Heavy-Duty Boots", "teraType": "Dark", "role": "Fast Attacker", "bvs": {"hp": 70, "atk": 120, "def": 65, "spa": 45, "spd": 85, "spe": 125}, "stats": {"hp": 240, "atk": 235, "def": 148, "spa": 117, "spd": 180, "spe": 243}, "types": ["Dark", "Ice"]}, "Feraligatr": {"name": "Feraligatr", "species": "Feraligatr", "speciesId": "feraligatr", "gender": "F", "shiny": false, "level": 79, "moves": ["dragondance", "liquidation", "crunch", "icepunch"], "ability": "Sheer Force", "evs": {"hp": 85, "atk": 85, "def": 85, "spa": 85, "spd": 85, "spe": 85}, "ivs": {"hp": 31, "atk": 31, "def": 31, "spa": 31, "spd": 31, "spe": 31}, "item": "Life Orb", "teraType": "Dark", "role": "Fast Bulky Setup", "bvs": {"hp": 85, "atk": 105, "def": 100, "spa": 79, "spd": 83, "spe": 78}, "stats": {"hp": 264, "atk": 211, "def": 204, "spa": 170, "spd": 177, "spe": 169}, "types": ["Water"]}, "Tsareena": {"name": "Tsareena", "species": "Tsareena", "speciesId": "tsareena", "gender": "F", "shiny": false, "level": 87, "moves": ["highjumpkick", "uturn", "synthesis", "powerwhip"], "ability": "Queenly Majesty", "evs": {"hp": 85, "atk": 85, "def": 85, "spa": 85, "spd": 85, "spe": 85}, "ivs": {"hp": 31, "atk": 31, "def": 31, "spa": 31, "spd": 31, "spe": 31}, "item": "Heavy-Duty Boots", "teraType": "Steel", "role": "Fast Support", "bvs": {"hp": 72, "atk": 120, "def": 98, "spa": 50, "spd": 98, "spe": 72}, "stats": {"hp": 267, "atk": 259, "def": 220, "spa": 137, "spd": 220, "spe": 175}, "types": ["Grass"]}}]}