{"id": "gen9randombattle-2631634629", "format": "[Gen 9] Random Battle", "players": ["randomperson43", "deadmanwhuo"], "log": "|j|\u2606randomperson43\n|j|\u2606deadmanwhuo\n|t:|1781412279\n|gametype|singles\n|player|p1|randomperson43|2|1951\n|player|p2|deadmanwhuo|fisherman-gen4|2027\n|gen|9\n|tier|[Gen 9] Random Battle\n|rated|\n|rule|Species Clause: Limit one of each Pok\u00e9mon\n|rule|HP Percentage Mod: HP is shown in percentages\n|rule|Sleep Clause Mod: Limit one foe put to sleep\n|rule|Illusion Level Mod: Illusion disguises the Pok\u00e9mon's true level\n|\n|t:|1781412279\n|teamsize|p1|6\n|teamsize|p2|6\n|start\n|switch|p1a: Latios|Latios, L78, M|253/253\n|switch|p2a: Iron Jugulis|Iron Jugulis, L77|271/271\n|turn|1\n|\n|t:|1781412290\n|switch|p1a: Regigigas|Regigigas, L84|322/322\n|-start|p1a: Regigigas|ability: Slow Start\n|move|p2a: Iron Jugulis|Dark Pulse|p1a: Regigigas\n|-damage|p1a: Regigigas|217/322\n|\n|-heal|p1a: Regigigas|237/322|[from] item: Leftovers\n|upkeep\n|turn|2\n|\n|t:|1781412300\n|-end|p2a: Iron Jugulis|Quark Drive|[silent]\n|switch|p2a: Arbok|Arbok, L87, F|246/246\n|-ability|p2a: Arbok|Intimidate|boost\n|-unboost|p1a: Regigigas|atk|1\n|move|p1a: Regigigas|Knock Off|p2a: Arbok\n|-damage|p2a: Arbok|210/246\n|-enditem|p2a: Arbok|Choice Band|[from] move: Knock Off|[of] p1a: Regigigas\n|\n|-heal|p1a: Regigigas|257/322|[from] item: Leftovers\n|upkeep\n|turn|3\n|\n|t:|1781412311\n|move|p2a: Arbok|Knock Off|p1a: Regigigas\n|-damage|p1a: Regigigas|201/322\n|-enditem|p1a: Regigigas|Leftovers|[from] move: Knock Off|[of] p2a: Arbok\n|move|p1a: Regigigas|Body Slam|p2a: Arbok\n|-damage|p2a: Arbok|155/246\n|\n|upkeep\n|turn|4\n|\n|t:|1781412318\n|move|p2a: Arbok|Gunk Shot|p1a: Regigigas\n|-damage|p1a: Regigigas|92/322\n|move|p1a: Regigigas|Body Slam|p2a: Arbok\n|-damage|p2a: Arbok|104/246\n|\n|upkeep\n|turn|5\n|\n|t:|1781412323\n|move|p2a: Arbok|Gunk Shot|p1a: Regigigas\n|-damage|p1a: Regigigas|0 fnt\n|faint|p1a: Regigigas\n|-end|p1a: Regigigas|Slow Start|[silent]\n|\n|upkeep\n|inactive|Battle timer is ON: inactive players will automatically lose when time's up. (requested by deadmanwhuo)\n|\n|t:|1781412332\n|switch|p1a: Latios|Latios, L78, M|253/253\n|turn|6\n|\n|t:|1781412335\n|move|p2a: Arbok|Sucker Punch|p1a: Latios\n|-supereffective|p1a: Latios\n|-damage|p1a: Latios|125/253\n|move|p1a: Latios|Draco Meteor|p2a: Arbok\n|-damage|p2a: Arbok|0 fnt\n|-unboost|p1a: Latios|spa|2\n|faint|p2a: Arbok\n|\n|upkeep\n|\n|t:|1781412346\n|switch|p2a: Iron Jugulis|Iron Jugulis, L77|271/271\n|turn|7\n|\n|t:|1781412350\n|switch|p1a: Carbink|Carbink, L90|236/236\n|move|p2a: Iron Jugulis|Dark Pulse|p1a: Carbink\n|-resisted|p1a: Carbink\n|-damage|p1a: Carbink|197/236\n|\n|upkeep\n|turn|8\n|\n|t:|1781412358\n|-end|p2a: Iron Jugulis|Quark Drive|[silent]\n|switch|p2a: Cramorant|Cramorant, L86, M|261/261\n|move|p1a: Carbink|Iron Defense|p1a: Carbink\n|-boost|p1a: Carbink|def|2\n|\n|upkeep\n|turn|9\n|-message|randomperson43 forfeited.\n|\n|win|deadmanwhuo\n", "inputlog": ">version a8376a258c1d4662feba110a92103f3664a72141\n>start {\"formatid\":\"gen9randombattle\",\"seed\":\"sodium,60eac390d356a96875918059e1e50ac6\",\"rated\":\"Rated battle\"}\n>player p1 {\"name\":\"randomperson43\",\"avatar\":\"2\",\"rating\":1951,\"seed\":\"sodium,2c0d39c16a0e83732a502ee9763d6d50\"}\n>player p2 {\"name\":\"deadmanwhuo\",\"avatar\":\"fisherman-gen4\",\"rating\":2027,\"seed\":\"sodium,06f1f7f9f2399c547f39847d6b70c917\"}\n>p1 switch 6\n>p2 move darkpulse\n>p1 move knockoff\n>p2 switch 5\n>p1 move bodyslam\n>p2 move knockoff\n>p1 move bodyslam\n>p2 move gunkshot\n>p1 move rest\n>p2 move gunkshot\n>p1 switch 6\n>p1 move dracometeor\n>p2 move suckerpunch\n>p2 switch 5\n>p1 switch 4\n>p2 move darkpulse\n>p1 move irondefense\n>p2 switch 4\n>forcelose p1", "uploadtime": 1781412281, "views": 4, "formatid": "gen9randombattle", "rating": null, "private": 0, "password": null, "player_dets": [{"name": "randomperson43", "avatar": "2", "rating": 1951, "seed": "sodium,2c0d39c16a0e83732a502ee9763d6d50"}, {"name": "deadmanwhuo", "avatar": "fisherman-gen4", "rating": 2027, "seed": "sodium,06f1f7f9f2399c547f39847d6b70c917"}], "teams_full": [{"Latios": {"name": "Latios", "species": "Latios", "speciesId": "latios", "gender": "M", "shiny": false, "level": 78, "moves": ["aurasphere", "recover", "lusterpurge", "dracometeor"], "ability": "Levitate", "evs": {"hp": 85, "atk": 0, "def": 85, "spa": 85, "spd": 85, "spe": 85}, "ivs": {"hp": 31, "atk": 0, "def": 31, "spa": 31, "spd": 31, "spe": 31}, "item": "Soul Dew", "teraType": "Steel", "role": "Bulky Attacker", "bvs": {"hp": 80, "atk": 90, "def": 80, "spa": 130, "spd": 110, "spe": 110}, "stats": {"hp": 253, "atk": 145, "def": 170, "spa": 248, "spd": 217, "spe": 217}}, "Coalossal": {"name": "Coalossal", "species": "Coalossal", "speciesId": "coalossal", "gender": "M", "shiny": false, "level": 89, "moves": ["flamethrower", "rapidspin", "stealthrock", "stoneedge"], "ability": "Flame Body", "evs": {"hp": 85, "atk": 85, "def": 85, "spa": 85, "spd": 85, "spe": 85}, "ivs": {"hp": 31, "atk": 31, "def": 31, "spa": 31, "spd": 31, "spe": 31}, "item": "Heavy-Duty Boots", "teraType": "Water", "role": "Bulky Support", "bvs": {"hp": 110, "atk": 80, "def": 120, "spa": 80, "spd": 90, "spe": 30}, "stats": {"hp": 341, "atk": 193, "def": 264, "spa": 193, "spd": 211, "spe": 104}}, "Espathra": {"name": "Espathra", "species": "Espathra", "speciesId": "espathra", "gender": "F", "shiny": false, "level": 80, "moves": ["substitute", "storedpower", "dazzlinggleam", "calmmind"], "ability": "Speed Boost", "evs": {"hp": 85, "atk": 0, "def": 85, "spa": 85, "spd": 85, "spe": 85}, "ivs": {"hp": 31, "atk": 0, "def": 31, "spa": 31, "spd": 31, "spe": 31}, "item": "Leftovers", "teraType": "Fairy", "role": "Fast Bulky Setup", "bvs": {"hp": 95, "atk": 60, "def": 60, "spa": 101, "spd": 60, "spe": 105}, "stats": {"hp": 283, "atk": 101, "def": 142, "spa": 208, "spd": 142, "spe": 214}}, "Carbink": {"name": "Carbink", "species": "Carbink", "speciesId": "carbink", "gender": "N", "shiny": false, "level": 90, "moves": ["rest", "bodypress", "irondefense", "moonblast"], "ability": "Clear Body", "evs": {"hp": 85, "atk": 0, "def": 85, "spa": 85, "spd": 85, "spe": 85}, "ivs": {"hp": 31, "atk": 0, "def": 31, "spa": 31, "spd": 31, "spe": 31}, "item": "Chesto Berry", "teraType": "Fighting", "role": "Fast Bulky Setup", "bvs": {"hp": 50, "atk": 50, "def": 150, "spa": 50, "spd": 150, "spe": 50}, "stats": {"hp": 236, "atk": 95, "def": 321, "spa": 141, "spd": 321, "spe": 141}}, "Spectrier": {"name": "Spectrier", "species": "Spectrier", "speciesId": "spectrier", "gender": "N", "shiny": false, "level": 75, "moves": ["nastyplot", "substitute", "darkpulse", "shadowball"], "ability": "Grim Neigh", "evs": {"hp": 85, "atk": 0, "def": 85, "spa": 85, "spd": 85, "spe": 85}, "ivs": {"hp": 31, "atk": 0, "def": 31, "spa": 31, "spd": 31, "spe": 31}, "item": "Leftovers", "teraType": "Dark", "role": "Setup Sweeper", "bvs": {"hp": 100, "atk": 65, "def": 60, "spa": 145, "spd": 80, "spe": 130}, "stats": {"hp": 274, "atk": 102, "def": 134, "spa": 261, "spd": 164, "spe": 239}}, "Regigigas": {"name": "Regigigas", "species": "Regigigas", "speciesId": "regigigas", "gender": "N", "shiny": false, "level": 84, "moves": ["knockoff", "bodyslam", "sleeptalk", "rest"], "ability": "Slow Start", "evs": {"hp": 85, "atk": 85, "def": 85, "spa": 85, "spd": 85, "spe": 85}, "ivs": {"hp": 31, "atk": 31, "def": 31, "spa": 31, "spd": 31, "spe": 31}, "item": "Leftovers", "teraType": "Ghost", "role": "Bulky Support", "bvs": {"hp": 110, "atk": 160, "def": 110, "spa": 80, "spd": 110, "spe": 100}, "stats": {"hp": 322, "atk": 317, "def": 233, "spa": 183, "spd": 233, "spe": 216}}}, {"Iron Jugulis": {"name": "Iron Jugulis", "species": "Iron Jugulis", "speciesId": "ironjugulis", "gender": "N", "shiny": false, "level": 77, "moves": ["fireblast", "darkpulse", "hurricane", "earthpower"], "ability": "Quark Drive", "evs": {"hp": 85, "atk": 0, "def": 85, "spa": 85, "spd": 85, "spe": 85}, "ivs": {"hp": 31, "atk": 0, "def": 31, "spa": 31, "spd": 31, "spe": 31}, "item": "Choice Specs", "teraType": "Ground", "role": "Wallbreaker", "bvs": {"hp": 94, "atk": 80, "def": 86, "spa": 122, "spd": 80, "spe": 108}, "stats": {"hp": 271, "atk": 128, "def": 177, "spa": 232, "spd": 168, "spe": 211}}, "Krookodile": {"name": "Krookodile", "species": "Krookodile", "speciesId": "krookodile", "gender": "F", "shiny": false, "level": 79, "moves": ["knockoff", "stoneedge", "stealthrock", "earthquake"], "ability": "Intimidate", "evs": {"hp": 85, "atk": 85, "def": 85, "spa": 85, "spd": 85, "spe": 85}, "ivs": {"hp": 31, "atk": 31, "def": 31, "spa": 31, "spd": 31, "spe": 31}, "item": "Life Orb", "teraType": "Ground", "role": "Fast Attacker", "bvs": {"hp": 95, "atk": 117, "def": 80, "spa": 65, "spd": 70, "spe": 92}, "stats": {"hp": 280, "atk": 230, "def": 172, "spa": 148, "spd": 156, "spe": 191}}, "Sceptile": {"name": "Sceptile", "species": "Sceptile", "speciesId": "sceptile", "gender": "F", "shiny": false, "level": 87, "moves": ["swordsdance", "leafblade", "rockslide", "earthquake"], "ability": "Overgrow", "evs": {"hp": 85, "atk": 85, "def": 85, "spa": 85, "spd": 85, "spe": 85}, "ivs": {"hp": 31, "atk": 31, "def": 31, "spa": 31, "spd": 31, "spe": 31}, "item": "Life Orb", "teraType": "Rock", "role": "Setup Sweeper", "bvs": {"hp": 70, "atk": 85, "def": 65, "spa": 105, "spd": 85, "spe": 120}, "stats": {"hp": 264, "atk": 198, "def": 163, "spa": 232, "spd": 198, "spe": 259}}, "Cramorant": {"name": "Cramorant", "species": "Cramorant", "speciesId": "cramorant", "gender": "M", "shiny": false, "level": 86, "moves": ["surf", "roost", "bravebird", "defog"], "ability": "Gulp Missile", "evs": {"hp": 85, "atk": 85, "def": 85, "spa": 85, "spd": 85, "spe": 85}, "ivs": {"hp": 31, "atk": 31, "def": 31, "spa": 31, "spd": 31, "spe": 31}, "item": "Heavy-Duty Boots", "teraType": "Ground", "role": "Bulky Support", "bvs": {"hp": 70, "atk": 85, "def": 55, "spa": 85, "spd": 95, "spe": 85}, "stats": {"hp": 261, "atk": 195, "def": 144, "spa": 195, "spd": 213, "spe": 195}}, "Arbok": {"name": "Arbok", "species": "Arbok", "speciesId": "arbok", "gender": "F", "shiny": false, "level": 87, "moves": ["knockoff", "suckerpunch", "earthquake", "gunkshot"], "ability": "Intimidate", "evs": {"hp": 85, "atk": 85, "def": 85, "spa": 85, "spd": 85, "spe": 85}, "ivs": {"hp": 31, "atk": 31, "def": 31, "spa": 31, "spd": 31, "spe": 31}, "item": "Choice Band", "teraType": "Dark", "role": "Fast Support", "bvs": {"hp": 60, "atk": 95, "def": 69, "spa": 65, "spd": 79, "spe": 80}, "stats": {"hp": 246, "atk": 215, "def": 170, "spa": 163, "spd": 187, "spe": 189}}, "Munkidori": {"name": "Munkidori", "species": "Munkidori", "speciesId": "munkidori", "gender": "M", "shiny": false, "level": 79, "moves": ["focusblast", "uturn", "psyshock", "sludgewave"], "ability": "Toxic Chain", "evs": {"hp": 85, "atk": 85, "def": 85, "spa": 85, "spd": 85, "spe": 85}, "ivs": {"hp": 31, "atk": 31, "def": 31, "spa": 31, "spd": 31, "spe": 31}, "item": "Choice Specs", "teraType": "Poison", "role": "Fast Attacker", "bvs": {"hp": 88, "atk": 75, "def": 66, "spa": 130, "spd": 90, "spe": 106}, "stats": {"hp": 269, "atk": 164, "def": 150, "spa": 251, "spd": 188, "spe": 213}}}]}