{"id": "gen9randombattle-2631953636", "format": "[Gen 9] Random Battle", "players": ["mysticle\u2666marshadow", "Aminator3000"], "log": "|j|\u2606mysticle\u2666marshadow\n|j|\u2606Aminator3000\n|t:|1781459422\n|gametype|singles\n|player|p1|mysticle\u2666marshadow|unknownf|1916\n|player|p2|Aminator3000|veteran|1934\n|gen|9\n|tier|[Gen 9] Random Battle\n|rated|\n|rule|Species Clause: Limit one of each Pok\u00e9mon\n|rule|HP Percentage Mod: HP is shown in percentages\n|rule|Sleep Clause Mod: Limit one foe put to sleep\n|rule|Illusion Level Mod: Illusion disguises the Pok\u00e9mon's true level\n|\n|t:|1781459422\n|teamsize|p1|6\n|teamsize|p2|6\n|start\n|switch|p1a: Forretress|Forretress, L84, M|263/263\n|switch|p2a: Meloetta|Meloetta, L82|298/298\n|turn|1\n|inactive|Battle timer is ON: inactive players will automatically lose when time's up. (requested by Aminator3000)\n|\n|t:|1781459440\n|switch|p1a: Masquerain|Masquerain, L87, F|264/264\n|-ability|p1a: Masquerain|Intimidate|boost\n|-unboost|p2a: Meloetta|atk|1\n|move|p2a: Meloetta|Relic Song|p1a: Masquerain\n|-damage|p1a: Masquerain|138/264\n|-formechange|p2a: Meloetta|Meloetta-Pirouette|[msg]\n|-damage|p2a: Meloetta|269/298|[from] item: Life Orb\n|\n|upkeep\n|turn|2\n|\n|t:|1781459451\n|switch|p1a: Toxapex|Toxapex, L82, F|216/216\n|move|p2a: Meloetta|Triple Axel|p1a: Toxapex|[miss]\n|-miss|p2a: Meloetta|p1a: Toxapex\n|\n|upkeep\n|turn|3\n|\n|t:|1781459458\n|move|p2a: Meloetta|Relic Song|p1a: Toxapex\n|-damage|p1a: Toxapex|154/216\n|-formechange|p2a: Meloetta|Meloetta|[msg]\n|-damage|p2a: Meloetta|240/298|[from] item: Life Orb\n|move|p1a: Toxapex|Toxic Spikes|p2a: Meloetta\n|-sidestart|p2: Aminator3000|move: Toxic Spikes\n|\n|upkeep\n|turn|4\n|\n|t:|1781459468\n|move|p2a: Meloetta|Relic Song|p1a: Toxapex\n|-damage|p1a: Toxapex|60/216\n|-formechange|p2a: Meloetta|Meloetta-Pirouette|[msg]\n|-damage|p2a: Meloetta|211/298|[from] item: Life Orb\n|move|p1a: Toxapex|Liquidation|p2a: Meloetta\n|-damage|p2a: Meloetta|147/298\n|\n|upkeep\n|turn|5\n|\n|t:|1781459479\n|switch|p1a: Meloetta|Meloetta, L82|298/298\n|move|p2a: Meloetta|Relic Song|p1a: Meloetta\n|-damage|p1a: Meloetta|240/298\n|-formechange|p2a: Meloetta|Meloetta|[msg]\n|-damage|p2a: Meloetta|118/298|[from] item: Life Orb\n|\n|-heal|p1a: Meloetta|258/298|[from] item: Leftovers\n|upkeep\n|turn|6\n|\n|t:|1781459490\n|move|p2a: Meloetta|Knock Off|p1a: Meloetta\n|-supereffective|p1a: Meloetta\n|-damage|p1a: Meloetta|159/298\n|-enditem|p1a: Meloetta|Leftovers|[from] move: Knock Off|[of] p2a: Meloetta\n|-damage|p2a: Meloetta|89/298|[from] item: Life Orb\n|move|p1a: Meloetta|Hyper Voice|p2a: Meloetta\n|-damage|p2a: Meloetta|1/298\n|\n|upkeep\n|turn|7\n|\n|t:|1781459499\n|move|p2a: Meloetta|Relic Song|p1a: Meloetta\n|-damage|p1a: Meloetta|60/298\n|-status|p1a: Meloetta|slp|[from] move: Relic Song\n|-formechange|p2a: Meloetta|Meloetta-Pirouette|[msg]\n|-damage|p2a: Meloetta|0 fnt|[from] item: Life Orb\n|faint|p2a: Meloetta\n|cant|p1a: Meloetta|slp\n|\n|upkeep\n|\n|t:|1781459510\n|switch|p2a: Great Tusk|Great Tusk, L77|304/304\n|-status|p2a: Great Tusk|psn\n|turn|8\n|\n|t:|1781459520\n|switch|p1a: Masquerain|Masquerain, L87, F|138/264\n|-ability|p1a: Masquerain|Intimidate|boost\n|-unboost|p2a: Great Tusk|atk|1\n|move|p2a: Great Tusk|Rapid Spin|p1a: Masquerain\n|-crit|p1a: Masquerain\n|-damage|p1a: Masquerain|66/264\n|-boost|p2a: Great Tusk|spe|1\n|-sideend|p2: Aminator3000|Toxic Spikes|[from] move: Rapid Spin|[of] p2a: Great Tusk\n|\n|-damage|p2a: Great Tusk|266/304 psn|[from] psn\n|upkeep\n|turn|9\n|\n|t:|1781459532\n|switch|p1a: Forretress|Forretress, L84, M|263/263\n|move|p2a: Great Tusk|Ice Spinner|p1a: Forretress\n|-resisted|p1a: Forretress\n|-damage|p1a: Forretress|248/263\n|\n|-heal|p1a: Forretress|263/263|[from] item: Leftovers\n|-damage|p2a: Great Tusk|228/304 psn|[from] psn\n|upkeep\n|turn|10\n|\n|t:|1781459549\n|-end|p2a: Great Tusk|Protosynthesis|[silent]\n|switch|p2a: Hoopa|Hoopa-Unbound, L80|259/259\n|move|p1a: Forretress|Spikes|p2a: Hoopa\n|-sidestart|p2: Aminator3000|Spikes\n|\n|upkeep\n|turn|11\n|\n|t:|1781459563\n|switch|p1a: Great Tusk|Great Tusk, L77|304/304\n|move|p2a: Hoopa|Trick|p1a: Great Tusk\n|-activate|p2a: Hoopa|move: Trick|[of] p1a: Great Tusk\n|-item|p1a: Great Tusk|Choice Scarf|[from] move: Trick\n|-item|p2a: Hoopa|Leftovers|[from] move: Trick\n|\n|upkeep\n|turn|12\n|\n|t:|1781459574\n|move|p1a: Great Tusk|Close Combat|p2a: Hoopa\n|-damage|p2a: Hoopa|88/259\n|-unboost|p1a: Great Tusk|def|1\n|-unboost|p1a: Great Tusk|spd|1\n|move|p2a: Hoopa|Psychic|p1a: Great Tusk\n|-supereffective|p1a: Great Tusk\n|-damage|p1a: Great Tusk|0 fnt\n|faint|p1a: Great Tusk\n|-end|p1a: Great Tusk|Protosynthesis|[silent]\n|\n|-heal|p2a: Hoopa|104/259|[from] item: Leftovers\n|upkeep\n|\n|t:|1781459583\n|switch|p1a: Feraligatr|Feraligatr, L79, F|264/264\n|turn|13\n|\n|t:|1781459593\n|move|p2a: Hoopa|Trick|p1a: Feraligatr\n|-activate|p2a: Hoopa|move: Trick|[of] p1a: Feraligatr\n|-item|p1a: Feraligatr|Leftovers|[from] move: Trick\n|-item|p2a: Hoopa|Life Orb|[from] move: Trick\n|move|p1a: Feraligatr|Dragon Dance|p1a: Feraligatr\n|-boost|p1a: Feraligatr|atk|1\n|-boost|p1a: Feraligatr|spe|1\n|\n|upkeep\n|turn|14\n|\n|t:|1781459601\n|move|p1a: Feraligatr|Liquidation|p2a: Hoopa\n|-damage|p2a: Hoopa|0 fnt\n|faint|p2a: Hoopa\n|\n|upkeep\n|\n|t:|1781459608\n|switch|p2a: Sinistcha|Sinistcha, L83|254/254\n|-damage|p2a: Sinistcha|223/254|[from] Spikes\n|turn|15\n|\n|t:|1781459619\n|-terastallize|p1a: Feraligatr|Dark\n|move|p1a: Feraligatr|Crunch|p2a: Sinistcha\n|-supereffective|p2a: Sinistcha\n|-damage|p2a: Sinistcha|0 fnt\n|faint|p2a: Sinistcha\n|\n|upkeep\n|\n|t:|1781459628\n|switch|p2a: Quaquaval|Quaquaval, L79, F|264/264\n|-damage|p2a: Quaquaval|231/264|[from] Spikes\n|turn|16\n|\n|t:|1781459640\n|switch|p1a: Masquerain|Masquerain, L87, F|66/264\n|-ability|p1a: Masquerain|Intimidate|boost\n|-unboost|p2a: Quaquaval|atk|1\n|move|p2a: Quaquaval|Close Combat|p1a: Masquerain\n|-resisted|p1a: Masquerain\n|-damage|p1a: Masquerain|39/264\n|-unboost|p2a: Quaquaval|def|1\n|-unboost|p2a: Quaquaval|spd|1\n|\n|-heal|p2a: Quaquaval|247/264|[from] item: Leftovers\n|upkeep\n|turn|17\n|\n|t:|1781459652\n|switch|p1a: Toxapex|Toxapex, L82, F|132/216\n|switch|p2a: Great Tusk|Great Tusk, L77|228/304 psn\n|-damage|p2a: Great Tusk|190/304 psn|[from] Spikes\n|\n|-damage|p2a: Great Tusk|152/304 psn|[from] psn\n|upkeep\n|turn|18\n|\n|t:|1781459662\n|switch|p1a: Forretress|Forretress, L84, M|263/263\n|move|p2a: Great Tusk|Headlong Rush|p1a: Forretress\n|-damage|p1a: Forretress|167/263\n|-unboost|p2a: Great Tusk|def|1\n|-unboost|p2a: Great Tusk|spd|1\n|\n|-heal|p1a: Forretress|183/263|[from] item: Leftovers\n|-damage|p2a: Great Tusk|114/304 psn|[from] psn\n|upkeep\n|turn|19\n|\n|t:|1781459677\n|move|p2a: Great Tusk|Headlong Rush|p1a: Forretress\n|-damage|p1a: Forretress|87/263\n|-unboost|p2a: Great Tusk|def|1\n|-unboost|p2a: Great Tusk|spd|1\n|move|p1a: Forretress|Thunder Wave|p2a: Great Tusk\n|-immune|p2a: Great Tusk\n|\n|-heal|p1a: Forretress|103/263|[from] item: Leftovers\n|-damage|p2a: Great Tusk|76/304 psn|[from] psn\n|upkeep\n|turn|20\n|\n|t:|1781459688\n|switch|p1a: Masquerain|Masquerain, L87, F|39/264\n|-ability|p1a: Masquerain|Intimidate|boost\n|-unboost|p2a: Great Tusk|atk|1\n|move|p2a: Great Tusk|Headlong Rush|p1a: Masquerain\n|-immune|p1a: Masquerain\n|\n|-damage|p2a: Great Tusk|38/304 psn|[from] psn\n|upkeep\n|turn|21\n|\n|t:|1781459702\n|switch|p1a: Forretress|Forretress, L84, M|103/263\n|move|p2a: Great Tusk|Close Combat|p1a: Forretress\n|-damage|p1a: Forretress|36/263\n|-unboost|p2a: Great Tusk|def|1\n|-unboost|p2a: Great Tusk|spd|1\n|\n|-heal|p1a: Forretress|52/263|[from] item: Leftovers\n|-damage|p2a: Great Tusk|0 fnt|[from] psn\n|faint|p2a: Great Tusk\n|-end|p2a: Great Tusk|Protosynthesis|[silent]\n|upkeep\n|\n|t:|1781459714\n|switch|p2a: Quaquaval|Quaquaval, L79, F|247/264\n|-damage|p2a: Quaquaval|214/264|[from] Spikes\n|turn|22\n|\n|t:|1781459725\n|switch|p1a: Meloetta|Meloetta, L82|60/298 slp\n|move|p2a: Quaquaval|Aqua Step|p1a: Meloetta\n|-damage|p1a: Meloetta|0 fnt\n|-boost|p2a: Quaquaval|spe|1\n|faint|p1a: Meloetta\n|-ability|p2a: Quaquaval|Moxie|boost\n|-boost|p2a: Quaquaval|atk|1\n|\n|-heal|p2a: Quaquaval|230/264|[from] item: Leftovers\n|upkeep\n|\n|t:|1781459727\n|switch|p1a: Masquerain|Masquerain, L87, F|39/264\n|-ability|p1a: Masquerain|Intimidate|boost\n|-unboost|p2a: Quaquaval|atk|1\n|turn|23\n|\n|t:|1781459742\n|switch|p1a: Toxapex|Toxapex, L82, F|204/216\n|move|p2a: Quaquaval|Aqua Step|p1a: Toxapex\n|-resisted|p1a: Toxapex\n|-damage|p1a: Toxapex|177/216\n|-boost|p2a: Quaquaval|spe|1\n|-damage|p2a: Quaquaval|186/264|[from] item: Rocky Helmet|[of] p1a: Toxapex\n|\n|-heal|p2a: Quaquaval|202/264|[from] item: Leftovers\n|upkeep\n|turn|24\n|\n|t:|1781459754\n|-terastallize|p2a: Quaquaval|Steel\n|move|p2a: Quaquaval|Swords Dance|p2a: Quaquaval\n|-boost|p2a: Quaquaval|atk|2\n|move|p1a: Toxapex|Haze|p1a: Toxapex\n|-clearallboost\n|\n|-heal|p2a: Quaquaval|218/264|[from] item: Leftovers\n|upkeep\n|turn|25\n|\n|t:|1781459766\n|switch|p2a: Swanna|Swanna, L89, M|278/278\n|move|p1a: Toxapex|Liquidation|p2a: Swanna\n|-resisted|p2a: Swanna\n|-damage|p2a: Swanna|239/278\n|\n|upkeep\n|turn|26\n|\n|t:|1781459774\n|switch|p1a: Forretress|Forretress, L84, M|52/263\n|move|p2a: Swanna|Knock Off|p1a: Forretress\n|-damage|p1a: Forretress|4/263\n|-enditem|p1a: Forretress|Leftovers|[from] move: Knock Off|[of] p2a: Swanna\n|\n|upkeep\n|turn|27\n|\n|t:|1781459781\n|move|p2a: Swanna|Knock Off|p1a: Forretress\n|-damage|p1a: Forretress|0 fnt\n|faint|p1a: Forretress\n|\n|upkeep\n|\n|t:|1781459787\n|switch|p1a: Feraligatr|Feraligatr, L79, F, tera:Dark|264/264\n|turn|28\n|\n|t:|1781459797\n|move|p2a: Swanna|Brave Bird|p1a: Feraligatr\n|-damage|p1a: Feraligatr|138/264\n|-damage|p2a: Swanna|197/278|[from] Recoil\n|move|p1a: Feraligatr|Dragon Dance|p1a: Feraligatr\n|-boost|p1a: Feraligatr|atk|1\n|-boost|p1a: Feraligatr|spe|1\n|\n|-heal|p1a: Feraligatr|154/264|[from] item: Leftovers\n|upkeep\n|turn|29\n|\n|t:|1781459807\n|move|p1a: Feraligatr|Crunch|p2a: Swanna\n|-damage|p2a: Swanna|10/278\n|move|p2a: Swanna|Brave Bird|p1a: Feraligatr\n|-damage|p1a: Feraligatr|37/264\n|-damage|p2a: Swanna|0 fnt|[from] Recoil\n|faint|p2a: Swanna\n|\n|-heal|p1a: Feraligatr|53/264|[from] item: Leftovers\n|upkeep\n|\n|t:|1781459818\n|switch|p2a: Quaquaval|Quaquaval, L79, F, tera:Steel|218/264\n|-damage|p2a: Quaquaval|185/264|[from] Spikes\n|turn|30\n|\n|t:|1781459822\n|move|p1a: Feraligatr|Crunch|p2a: Quaquaval\n|-damage|p2a: Quaquaval|4/264\n|move|p2a: Quaquaval|Aqua Step|p1a: Feraligatr\n|-damage|p1a: Feraligatr|0 fnt\n|-boost|p2a: Quaquaval|spe|1\n|faint|p1a: Feraligatr\n|-ability|p2a: Quaquaval|Moxie|boost\n|-boost|p2a: Quaquaval|atk|1\n|\n|-heal|p2a: Quaquaval|20/264|[from] item: Leftovers\n|upkeep\n|\n|t:|1781459829\n|switch|p1a: Toxapex|Toxapex, L82, F|216/216\n|turn|31\n|\n|t:|1781459836\n|move|p2a: Quaquaval|Roost|p2a: Quaquaval\n|-heal|p2a: Quaquaval|152/264\n|move|p1a: Toxapex|Liquidation|p2a: Quaquaval\n|-damage|p2a: Quaquaval|82/264\n|\n|-heal|p2a: Quaquaval|98/264|[from] item: Leftovers\n|upkeep\n|turn|32\n|\n|t:|1781459845\n|move|p2a: Quaquaval|Roost|p2a: Quaquaval\n|-heal|p2a: Quaquaval|230/264\n|move|p1a: Toxapex|Haze|p1a: Toxapex\n|-clearallboost\n|\n|-heal|p2a: Quaquaval|246/264|[from] item: Leftovers\n|upkeep\n|turn|33\n|\n|t:|1781459855\n|move|p2a: Quaquaval|Aqua Step|p1a: Toxapex\n|-resisted|p1a: Toxapex\n|-damage|p1a: Toxapex|185/216\n|-boost|p2a: Quaquaval|spe|1\n|-damage|p2a: Quaquaval|202/264|[from] item: Rocky Helmet|[of] p1a: Toxapex\n|move|p1a: Toxapex|Liquidation|p2a: Quaquaval\n|-damage|p2a: Quaquaval|133/264\n|\n|-heal|p2a: Quaquaval|149/264|[from] item: Leftovers\n|upkeep\n|turn|34\n|-message|Aminator3000 forfeited.\n|\n|win|mysticle\u2666marshadow\n", "inputlog": ">version a8376a258c1d4662feba110a92103f3664a72141\n>start {\"formatid\":\"gen9randombattle\",\"seed\":\"sodium,efbb74b709a149ac4c7ad60cc51647c9\",\"rated\":\"Rated battle\"}\n>player p1 {\"name\":\"mysticle\u2666marshadow\",\"avatar\":\"unknownf\",\"rating\":1916,\"seed\":\"sodium,c56a466289a891c3f461be5f2e31f01a\"}\n>player p2 {\"name\":\"Aminator3000\",\"avatar\":\"veteran\",\"rating\":1934,\"seed\":\"sodium,c52cfeda75b1187b71e2bfeba4aa8c11\"}\n>p1 switch 3\n>p2 move relicsong\n>p1 switch 4\n>p2 move tripleaxel\n>p1 move toxicspikes\n>p2 move relicsong\n>p1 move liquidation\n>p2 move relicsong\n>p1 switch 5\n>p2 move relicsong\n>p1 move hypervoice\n>p2 move knockoff\n>p1 move hypervoice\n>p2 move relicsong\n>p2 switch 3\n>p1 switch 4\n>p2 move rapidspin\n>p1 switch 3\n>p2 move icespinner\n>p1 move spikes\n>p2 switch 4\n>p1 switch 2\n>p2 move trick\n>p1 move closecombat\n>p2 move psychic\n>p1 switch 6\n>p1 move dragondance\n>p2 move trick\n>p1 move liquidation\n>p2 move hyperspacefury\n>p2 switch 5\n>p1 move crunch terastallize\n>p2 move strengthsap\n>p2 switch 2\n>p1 switch 3\n>p2 move closecombat\n>p1 switch 5\n>p2 switch 4\n>p1 switch 2\n>p2 move headlongrush\n>p1 move thunderwave\n>p2 move headlongrush\n>p1 switch 5\n>p2 move headlongrush\n>p1 switch 5\n>p2 move closecombat\n>p2 switch 4\n>p1 switch 4\n>p2 move aquastep\n>p1 switch 5\n>p1 switch 2\n>p2 move aquastep\n>p1 move haze\n>p2 move swordsdance terastallize\n>p1 move liquidation\n>p2 switch 6\n>p1 switch 4\n>p2 move knockoff\n>p1 move thunderwave\n>p2 move knockoff\n>p1 switch 3\n>p1 move dragondance\n>p2 move bravebird\n>p1 move crunch\n>p2 move bravebird\n>p2 switch 6\n>p1 move crunch\n>p2 move aquastep\n>p1 switch 4\n>p1 move liquidation\n>p2 move roost\n>p1 move haze\n>p2 move roost\n>p1 move liquidation\n>p2 move aquastep\n>forcelose p2", "uploadtime": 1781459424, "views": 5, "formatid": "gen9randombattle", "rating": null, "private": 0, "password": null, "player_dets": [{"name": "mysticle\u2666marshadow", "avatar": "unknownf", "rating": 1916, "seed": "sodium,c56a466289a891c3f461be5f2e31f01a"}, {"name": "Aminator3000", "avatar": "veteran", "rating": 1934, "seed": "sodium,c52cfeda75b1187b71e2bfeba4aa8c11"}], "teams_full": [{"Forretress": {"name": "Forretress", "species": "Forretress", "speciesId": "forretress", "gender": "M", "shiny": false, "level": 84, "moves": ["ironhead", "rapidspin", "spikes", "thunderwave"], "ability": "Sturdy", "evs": {"hp": 85, "atk": 85, "def": 85, "spa": 85, "spd": 85, "spe": 85}, "ivs": {"hp": 31, "atk": 31, "def": 31, "spa": 31, "spd": 31, "spe": 31}, "item": "Leftovers", "teraType": "Water", "role": "Bulky Support", "bvs": {"hp": 75, "atk": 90, "def": 140, "spa": 60, "spd": 60, "spe": 40}, "stats": {"hp": 263, "atk": 199, "def": 283, "spa": 149, "spd": 149, "spe": 115}}, "Great Tusk": {"name": "Great Tusk", "species": "Great Tusk", "speciesId": "greattusk", "gender": "N", "shiny": false, "level": 77, "moves": ["stoneedge", "closecombat", "headlongrush", "stealthrock"], "ability": "Protosynthesis", "evs": {"hp": 85, "atk": 85, "def": 85, "spa": 85, "spd": 85, "spe": 85}, "ivs": {"hp": 31, "atk": 31, "def": 31, "spa": 31, "spd": 31, "spe": 31}, "item": "Leftovers", "teraType": "Ground", "role": "Bulky Support", "bvs": {"hp": 115, "atk": 131, "def": 131, "spa": 53, "spd": 53, "spe": 87}, "stats": {"hp": 304, "atk": 246, "def": 246, "spa": 126, "spd": 126, "spe": 179}}, "Masquerain": {"name": "Masquerain", "species": "Masquerain", "speciesId": "masquerain", "gender": "F", "shiny": false, "level": 87, "moves": ["stickyweb", "stunspore", "hurricane", "hydropump"], "ability": "Intimidate", "evs": {"hp": 85, "atk": 0, "def": 85, "spa": 85, "spd": 85, "spe": 85}, "ivs": {"hp": 31, "atk": 0, "def": 31, "spa": 31, "spd": 31, "spe": 31}, "item": "Heavy-Duty Boots", "teraType": "Water", "role": "Fast Support", "bvs": {"hp": 70, "atk": 60, "def": 62, "spa": 100, "spd": 82, "spe": 80}, "stats": {"hp": 264, "atk": 109, "def": 158, "spa": 224, "spd": 192, "spe": 189}}, "Toxapex": {"name": "Toxapex", "species": "Toxapex", "speciesId": "toxapex", "gender": "F", "shiny": false, "level": 82, "moves": ["liquidation", "haze", "toxicspikes", "recover"], "ability": "Regenerator", "evs": {"hp": 85, "atk": 85, "def": 85, "spa": 85, "spd": 85, "spe": 85}, "ivs": {"hp": 31, "atk": 31, "def": 31, "spa": 31, "spd": 31, "spe": 31}, "item": "Rocky Helmet", "teraType": "Fairy", "role": "Bulky Support", "bvs": {"hp": 50, "atk": 63, "def": 152, "spa": 53, "spd": 142, "spe": 35}, "stats": {"hp": 216, "atk": 150, "def": 296, "spa": 134, "spd": 280, "spe": 105}}, "Meloetta": {"name": "Meloetta", "species": "Meloetta", "speciesId": "meloetta", "gender": "N", "shiny": false, "level": 82, "moves": ["focusblast", "calmmind", "hypervoice", "psyshock"], "ability": "Serene Grace", "evs": {"hp": 85, "atk": 0, "def": 85, "spa": 85, "spd": 85, "spe": 85}, "ivs": {"hp": 31, "atk": 0, "def": 31, "spa": 31, "spd": 31, "spe": 31}, "item": "Leftovers", "teraType": "Fighting", "role": "Bulky Attacker", "bvs": {"hp": 100, "atk": 77, "def": 77, "spa": 128, "spd": 128, "spe": 90}, "stats": {"hp": 298, "atk": 131, "def": 173, "spa": 257, "spd": 257, "spe": 195}}, "Feraligatr": {"name": "Feraligatr", "species": "Feraligatr", "speciesId": "feraligatr", "gender": "F", "shiny": false, "level": 79, "moves": ["liquidation", "crunch", "dragondance", "icepunch"], "ability": "Sheer Force", "evs": {"hp": 85, "atk": 85, "def": 85, "spa": 85, "spd": 85, "spe": 85}, "ivs": {"hp": 31, "atk": 31, "def": 31, "spa": 31, "spd": 31, "spe": 31}, "item": "Life Orb", "teraType": "Dark", "role": "Fast Bulky Setup", "bvs": {"hp": 85, "atk": 105, "def": 100, "spa": 79, "spd": 83, "spe": 78}, "stats": {"hp": 264, "atk": 211, "def": 204, "spa": 170, "spd": 177, "spe": 169}}}, {"Meloetta": {"name": "Meloetta", "species": "Meloetta", "speciesId": "meloetta", "gender": "N", "shiny": false, "level": 82, "moves": ["relicsong", "tripleaxel", "closecombat", "knockoff"], "ability": "Serene Grace", "evs": {"hp": 85, "atk": 85, "def": 85, "spa": 85, "spd": 85, "spe": 85}, "ivs": {"hp": 31, "atk": 31, "def": 31, "spa": 31, "spd": 31, "spe": 31}, "item": "Life Orb", "teraType": "Dark", "role": "Wallbreaker", "bvs": {"hp": 100, "atk": 77, "def": 77, "spa": 128, "spd": 128, "spe": 90}, "stats": {"hp": 298, "atk": 173, "def": 173, "spa": 257, "spd": 257, "spe": 195}}, "Quaquaval": {"name": "Quaquaval", "species": "Quaquaval", "speciesId": "quaquaval", "gender": "F", "shiny": false, "level": 79, "moves": ["swordsdance", "aquastep", "roost", "closecombat"], "ability": "Moxie", "evs": {"hp": 85, "atk": 85, "def": 85, "spa": 85, "spd": 85, "spe": 85}, "ivs": {"hp": 31, "atk": 31, "def": 31, "spa": 31, "spd": 31, "spe": 31}, "item": "Leftovers", "teraType": "Steel", "role": "Bulky Attacker", "bvs": {"hp": 85, "atk": 120, "def": 80, "spa": 85, "spd": 75, "spe": 85}, "stats": {"hp": 264, "atk": 235, "def": 172, "spa": 180, "spd": 164, "spe": 180}}, "Great Tusk": {"name": "Great Tusk", "species": "Great Tusk", "speciesId": "greattusk", "gender": "N", "shiny": false, "level": 77, "moves": ["closecombat", "icespinner", "headlongrush", "rapidspin"], "ability": "Protosynthesis", "evs": {"hp": 85, "atk": 85, "def": 85, "spa": 85, "spd": 85, "spe": 85}, "ivs": {"hp": 31, "atk": 31, "def": 31, "spa": 31, "spd": 31, "spe": 31}, "item": "Assault Vest", "teraType": "Steel", "role": "Bulky Support", "bvs": {"hp": 115, "atk": 131, "def": 131, "spa": 53, "spd": 53, "spe": 87}, "stats": {"hp": 304, "atk": 246, "def": 246, "spa": 126, "spd": 126, "spe": 179}}, "Hoopa": {"name": "Hoopa", "species": "Hoopa-Unbound", "speciesId": "hoopaunbound", "gender": "N", "shiny": false, "level": 80, "moves": ["trick", "focusblast", "psychic", "hyperspacefury"], "ability": "Magician", "evs": {"hp": 85, "atk": 85, "def": 85, "spa": 85, "spd": 85, "spe": 85}, "ivs": {"hp": 31, "atk": 31, "def": 31, "spa": 31, "spd": 31, "spe": 31}, "item": "Choice Scarf", "teraType": "Fighting", "role": "Bulky Attacker", "bvs": {"hp": 80, "atk": 160, "def": 60, "spa": 170, "spd": 130, "spe": 80}, "stats": {"hp": 259, "atk": 302, "def": 142, "spa": 318, "spd": 254, "spe": 174}}, "Sinistcha": {"name": "Sinistcha", "species": "Sinistcha", "speciesId": "sinistcha", "gender": "N", "shiny": false, "level": 83, "moves": ["calmmind", "matchagotcha", "strengthsap", "shadowball"], "ability": "Heatproof", "evs": {"hp": 85, "atk": 0, "def": 85, "spa": 85, "spd": 85, "spe": 85}, "ivs": {"hp": 31, "atk": 0, "def": 31, "spa": 31, "spd": 31, "spe": 31}, "item": "Leftovers", "teraType": "Steel", "role": "Bulky Setup", "bvs": {"hp": 71, "atk": 60, "def": 106, "spa": 121, "spd": 80, "spe": 70}, "stats": {"hp": 254, "atk": 104, "def": 224, "spa": 249, "spd": 180, "spe": 164}}, "Swanna": {"name": "Swanna", "species": "Swanna", "speciesId": "swanna", "gender": "M", "shiny": false, "level": 89, "moves": ["knockoff", "bravebird", "roost", "hydropump"], "ability": "Hydration", "evs": {"hp": 85, "atk": 85, "def": 85, "spa": 85, "spd": 85, "spe": 85}, "ivs": {"hp": 31, "atk": 31, "def": 31, "spa": 31, "spd": 31, "spe": 31}, "item": "Heavy-Duty Boots", "teraType": "Ground", "role": "Bulky Support", "bvs": {"hp": 75, "atk": 87, "def": 63, "spa": 87, "spd": 63, "spe": 98}, "stats": {"hp": 278, "atk": 206, "def": 163, "spa": 206, "spd": 163, "spe": 225}}}]}