{"id": "gen9randombattle-2631957983", "format": "[Gen 9] Random Battle", "players": ["Gorlog_the_wise", "kbg1954"], "log": "|j|\u2606Gorlog_the_wise\n|j|\u2606kbg1954\n|t:|1781459889\n|gametype|singles\n|player|p1|Gorlog_the_wise|170|1437\n|player|p2|kbg1954|swimmer|1393\n|gen|9\n|tier|[Gen 9] Random Battle\n|rated|\n|rule|Species Clause: Limit one of each Pok\u00e9mon\n|rule|HP Percentage Mod: HP is shown in percentages\n|rule|Sleep Clause Mod: Limit one foe put to sleep\n|rule|Illusion Level Mod: Illusion disguises the Pok\u00e9mon's true level\n|\n|t:|1781459889\n|teamsize|p1|6\n|teamsize|p2|6\n|start\n|switch|p1a: Luxray|Luxray, L88, F|284/284\n|switch|p2a: Lapras|Lapras, L87, F|368/368\n|-ability|p1a: Luxray|Intimidate|boost\n|-unboost|p2a: Lapras|atk|1\n|turn|1\n|\n|t:|1781459902\n|switch|p2a: Zamazenta|Zamazenta-Crowned, L68|238/238\n|-ability|p2a: Zamazenta|Dauntless Shield|boost\n|-boost|p2a: Zamazenta|def|1\n|move|p1a: Luxray|Volt Switch|p2a: Zamazenta\n|-damage|p2a: Zamazenta|168/238\n|inactive|Battle timer is ON: inactive players will automatically lose when time's up. (requested by kbg1954)\n|\n|t:|1781459942\n|switch|p1a: Wugtrio|Wugtrio, L91, M|212/212|[from] Volt Switch\n|\n|upkeep\n|turn|2\n|\n|t:|1781459961\n|move|p1a: Wugtrio|Liquidation|p2a: Zamazenta\n|-damage|p2a: Zamazenta|68/238\n|-unboost|p2a: Zamazenta|def|1\n|move|p2a: Zamazenta|Iron Defense|p2a: Zamazenta\n|-boost|p2a: Zamazenta|def|2\n|\n|upkeep\n|turn|3\n|\n|t:|1781459969\n|move|p1a: Wugtrio|Liquidation|p2a: Zamazenta\n|-damage|p2a: Zamazenta|0 fnt\n|faint|p2a: Zamazenta\n|\n|upkeep\n|\n|t:|1781459979\n|switch|p2a: Lapras|Lapras, L87, F|368/368\n|turn|4\n|\n|t:|1781459987\n|switch|p1a: Luxray|Luxray, L88, F|284/284\n|-ability|p1a: Luxray|Intimidate|boost\n|-unboost|p2a: Lapras|atk|1\n|move|p2a: Lapras|Freeze-Dry|p1a: Luxray\n|-crit|p1a: Luxray\n|-damage|p1a: Luxray|203/284\n|\n|upkeep\n|turn|5\n|\n|t:|1781459997\n|switch|p2a: Klefki|Klefki, L84, M|233/233\n|move|p1a: Luxray|Wild Charge|p2a: Klefki\n|-damage|p2a: Klefki|101/233\n|-damage|p1a: Luxray|170/284|[from] Recoil\n|\n|-heal|p2a: Klefki|115/233|[from] item: Leftovers\n|upkeep\n|turn|6\n|\n|t:|1781460008\n|move|p2a: Klefki|Play Rough|p1a: Luxray\n|-damage|p1a: Luxray|79/284\n|move|p1a: Luxray|Wild Charge|p2a: Klefki\n|-damage|p2a: Klefki|4/233\n|-damage|p1a: Luxray|51/284|[from] Recoil\n|\n|-heal|p2a: Klefki|18/233|[from] item: Leftovers\n|upkeep\n|turn|7\n|\n|t:|1781460023\n|switch|p1a: Jirachi|Jirachi, L80|291/291\n|move|p2a: Klefki|Play Rough|p1a: Jirachi|[miss]\n|-miss|p2a: Klefki|p1a: Jirachi\n|\n|-heal|p2a: Klefki|32/233|[from] item: Leftovers\n|upkeep\n|turn|8\n|\n|t:|1781460033\n|move|p2a: Klefki|Thunder Wave|p1a: Jirachi\n|-status|p1a: Jirachi|par\n|move|p1a: Jirachi|Drain Punch|p2a: Klefki\n|-damage|p2a: Klefki|0 fnt\n|faint|p2a: Klefki\n|\n|upkeep\n|\n|t:|1781460042\n|switch|p2a: Ninetales|Ninetales, L85, M|263/263\n|-weather|SunnyDay|[from] ability: Drought|[of] p2a: Ninetales\n|turn|9\n|\n|t:|1781460071\n|switch|p1a: Moltres|Moltres, L81|278/278\n|move|p2a: Ninetales|Nasty Plot|p2a: Ninetales\n|-boost|p2a: Ninetales|spa|2\n|\n|-weather|SunnyDay|[upkeep]\n|upkeep\n|turn|10\n|inactive|Gorlog_the_wise has 120 seconds left.\n|\n|t:|1781460087\n|move|p2a: Ninetales|Solar Beam||[still]\n|-prepare|p2a: Ninetales|Solar Beam\n|-anim|p2a: Ninetales|Solar Beam|p1a: Moltres\n|-resisted|p1a: Moltres\n|-damage|p1a: Moltres|237/278\n|move|p1a: Moltres|Scorching Sands|p2a: Ninetales\n|-supereffective|p2a: Ninetales\n|-damage|p2a: Ninetales|157/263\n|\n|-weather|SunnyDay|[upkeep]\n|upkeep\n|turn|11\n|\n|t:|1781460100\n|switch|p2a: Blastoise|Blastoise, L80, F|258/258\n|move|p1a: Moltres|Scorching Sands|p2a: Blastoise\n|-damage|p2a: Blastoise|207/258\n|-status|p2a: Blastoise|brn\n|\n|-weather|SunnyDay|[upkeep]\n|-damage|p2a: Blastoise|191/258 brn|[from] brn\n|upkeep\n|turn|12\n|\n|t:|1781460112\n|move|p1a: Moltres|Brave Bird|p2a: Blastoise\n|-damage|p2a: Blastoise|79/258 brn\n|-damage|p1a: Moltres|200/278|[from] Recoil\n|move|p2a: Blastoise|Shell Smash|p2a: Blastoise\n|-unboost|p2a: Blastoise|def|1\n|-unboost|p2a: Blastoise|spd|1\n|-boost|p2a: Blastoise|atk|2\n|-boost|p2a: Blastoise|spa|2\n|-boost|p2a: Blastoise|spe|2\n|-enditem|p2a: Blastoise|White Herb\n|-clearnegativeboost|p2a: Blastoise|[silent]\n|\n|-weather|SunnyDay|[upkeep]\n|-damage|p2a: Blastoise|63/258 brn|[from] brn\n|upkeep\n|turn|13\n|l|\u2606kbg1954\n|inactive|kbg1954 disconnected and has a minute to reconnect!\n|player|p2|\n|j|\u2606kbg1954\n|inactive|kbg1954 reconnected and has 145 seconds left.\n|player|p2|kbg1954|swimmer|\n|inactive|Gorlog_the_wise has 120 seconds left.\n|\n|t:|1781460144\n|move|p2a: Blastoise|Hydro Pump|p1a: Moltres\n|-supereffective|p1a: Moltres\n|-damage|p1a: Moltres|0 fnt\n|faint|p1a: Moltres\n|\n|-weather|none\n|-damage|p2a: Blastoise|47/258 brn|[from] brn\n|upkeep\n|inactive|Gorlog_the_wise has 90 seconds left.\n|\n|t:|1781460175\n|switch|p1a: Wugtrio|Wugtrio, L91, M|212/212\n|turn|14\n|\n|t:|1781460200\n|-terastallize|p2a: Blastoise|Grass\n|move|p2a: Blastoise|Tera Blast|p1a: Wugtrio|[anim] Tera Blast Grass\n|-supereffective|p1a: Wugtrio\n|-damage|p1a: Wugtrio|0 fnt\n|faint|p1a: Wugtrio\n|\n|-damage|p2a: Blastoise|31/258 brn|[from] brn\n|upkeep\n|inactive|Gorlog_the_wise has 60 seconds left.\n|\n|t:|1781460240\n|switch|p1a: Jirachi|Jirachi, L80|291/291 par\n|turn|15\n|inactive|Gorlog_the_wise has 60 seconds left.\n|\n|t:|1781460249\n|move|p2a: Blastoise|Hydro Pump|p1a: Jirachi\n|-damage|p1a: Jirachi|33/291 par\n|move|p1a: Jirachi|Body Slam|p2a: Blastoise\n|-damage|p2a: Blastoise|0 fnt\n|faint|p2a: Blastoise\n|\n|-heal|p1a: Jirachi|51/291 par|[from] item: Leftovers\n|upkeep\n|\n|t:|1781460259\n|switch|p2a: Ninetales|Ninetales, L85, M|157/263\n|-weather|SunnyDay|[from] ability: Drought|[of] p2a: Ninetales\n|turn|16\n|inactive|Gorlog_the_wise has 60 seconds left.\n|\n|t:|1781460281\n|switch|p1a: Altaria|Altaria, L89, M|278/278\n|move|p2a: Ninetales|Nasty Plot|p2a: Ninetales\n|-boost|p2a: Ninetales|spa|2\n|\n|-weather|SunnyDay|[upkeep]\n|upkeep\n|turn|17\n|inactive|Gorlog_the_wise has 60 seconds left.\n|\n|t:|1781460299\n|move|p2a: Ninetales|Fire Blast|p1a: Altaria|[miss]\n|-miss|p2a: Ninetales|p1a: Altaria\n|move|p1a: Altaria|Dragon Dance|p1a: Altaria\n|-boost|p1a: Altaria|atk|1\n|-boost|p1a: Altaria|spe|1\n|\n|-weather|SunnyDay|[upkeep]\n|upkeep\n|turn|18\n|inactive|Gorlog_the_wise has 60 seconds left.\n|\n|t:|1781460306\n|switch|p2a: Cryogonal|Cryogonal, L89|287/287\n|move|p1a: Altaria|Dragon Dance|p1a: Altaria\n|-boost|p1a: Altaria|atk|1\n|-boost|p1a: Altaria|spe|1\n|\n|-weather|SunnyDay|[upkeep]\n|upkeep\n|turn|19\n|inactive|Gorlog_the_wise has 60 seconds left.\n|\n|t:|1781460322\n|move|p1a: Altaria|Brave Bird|p2a: Cryogonal\n|-damage|p2a: Cryogonal|0 fnt\n|faint|p2a: Cryogonal\n|-damage|p1a: Altaria|183/278|[from] Recoil\n|\n|-weather|SunnyDay|[upkeep]\n|upkeep\n|\n|t:|1781460326\n|switch|p2a: Lapras|Lapras, L87, F|368/368\n|turn|20\n|inactive|Gorlog_the_wise has 60 seconds left.\n|inactive|Gorlog_the_wise has 30 seconds left.\n|inactive|Gorlog_the_wise has 20 seconds left.\n|\n|t:|1781460380\n|-terastallize|p1a: Altaria|Ground\n|move|p1a: Altaria|Brave Bird|p2a: Lapras\n|-damage|p2a: Lapras|119/368\n|-damage|p1a: Altaria|101/278|[from] Recoil\n|move|p2a: Lapras|Freeze-Dry|p1a: Altaria\n|-supereffective|p1a: Altaria\n|-damage|p1a: Altaria|0 fnt\n|faint|p1a: Altaria\n|\n|-weather|none\n|upkeep\n|inactive|Gorlog_the_wise has 25 seconds left this turn.\n|inactive|Gorlog_the_wise has 20 seconds left.\n|inactive|Gorlog_the_wise has 15 seconds left.\n|\n|t:|1781460392\n|switch|p1a: Luxray|Luxray, L88, F|51/284\n|-ability|p1a: Luxray|Intimidate|boost\n|-unboost|p2a: Lapras|atk|1\n|turn|21\n|inactive|Gorlog_the_wise has 25 seconds left this turn.\n|inactive|Gorlog_the_wise has 20 seconds left.\n|\n|t:|1781460405\n|move|p1a: Luxray|Wild Charge|p2a: Lapras\n|-supereffective|p2a: Lapras\n|-damage|p2a: Lapras|0 fnt\n|faint|p2a: Lapras\n|-damage|p1a: Luxray|21/284|[from] Recoil\n|\n|upkeep\n|\n|t:|1781460407\n|switch|p2a: Ninetales|Ninetales, L85, M|157/263\n|-weather|SunnyDay|[from] ability: Drought|[of] p2a: Ninetales\n|turn|22\n|inactive|Gorlog_the_wise has 30 seconds left.\n|\n|t:|1781460414\n|move|p2a: Ninetales|Nasty Plot|p2a: Ninetales\n|-boost|p2a: Ninetales|spa|2\n|move|p1a: Luxray|Wild Charge|p2a: Ninetales\n|-damage|p2a: Ninetales|25/263\n|-damage|p1a: Luxray|0 fnt|[from] Recoil\n|faint|p1a: Luxray\n|\n|-weather|SunnyDay|[upkeep]\n|upkeep\n|inactive|Gorlog_the_wise has 30 seconds left.\n|inactive|Gorlog_the_wise has 20 seconds left.\n|inactive|Gorlog_the_wise has 15 seconds left.\n|inactive|Gorlog_the_wise has 10 seconds left.\n|inactive|Gorlog_the_wise has 5 seconds left.\n|\n|t:|1781460446\n|switch|p1a: Jirachi|Jirachi, L80|51/291 par\n|turn|23\n|inactive|Gorlog_the_wise has 15 seconds left this turn.\n|\n|t:|1781460456\n|move|p2a: Ninetales|Fire Blast|p1a: Jirachi\n|-supereffective|p1a: Jirachi\n|-damage|p1a: Jirachi|0 fnt\n|faint|p1a: Jirachi\n|\n|-weather|SunnyDay|[upkeep]\n|upkeep\n|inactive|Gorlog_the_wise has 20 seconds left this turn.\n|inactive|Gorlog_the_wise has 15 seconds left.\n|\n|t:|1781460461\n|switch|p1a: Venomoth|Venomoth, L84, F|255/255\n|turn|24\n|inactive|Gorlog_the_wise has 25 seconds left this turn.\n|\n|t:|1781460466\n|move|p2a: Ninetales|Fire Blast|p1a: Venomoth|[miss]\n|-miss|p2a: Ninetales|p1a: Venomoth\n|move|p1a: Venomoth|Sludge Wave|p2a: Ninetales\n|-damage|p2a: Ninetales|0 fnt\n|faint|p2a: Ninetales\n|\n|win|Gorlog_the_wise\n|raw|Gorlog_the_wise's rating: 1437 &rarr; <strong>1454</strong><br />(+17 for winning)\n|raw|kbg1954's rating: 1393 &rarr; <strong>1376</strong><br />(-17 for losing)\n|l|\u2606Gorlog_the_wise\n|player|p1|\n|c|\u2606kbg1954|:/\n", "inputlog": ">version a8376a258c1d4662feba110a92103f3664a72141\n>start {\"formatid\":\"gen9randombattle\",\"seed\":\"sodium,29d07e37e90c166f8a42bd5665013fb7\",\"rated\":\"Rated battle\"}\n>player p1 {\"name\":\"Gorlog_the_wise\",\"avatar\":\"170\",\"rating\":1437,\"seed\":\"sodium,d2e89cffc0b3a1fd961a73298585ada5\"}\n>player p2 {\"name\":\"kbg1954\",\"avatar\":\"swimmer\",\"rating\":1393,\"seed\":\"sodium,1f2553aa9e318e608abc7951e71e4a66\"}\n>p1 move voltswitch\n>p2 switch 4\n>p1 switch 4\n>p1 move liquidation\n>p2 move irondefense\n>p1 move liquidation\n>p2 move bodypress\n>p2 switch 4\n>p1 switch 4\n>p2 move freezedry\n>p1 move wildcharge\n>p2 switch 2\n>p1 move wildcharge\n>p2 move playrough\n>p1 switch 2\n>p2 move playrough\n>p1 move drainpunch\n>p2 move thunderwave\n>p2 switch 3\n>p1 switch 3\n>p2 move nastyplot\n>p1 move scorchingsands\n>p2 move solarbeam\n>p1 move scorchingsands\n>p2 switch 6\n>p1 move bravebird\n>p2 move shellsmash\n>p1 move bravebird\n>p2 move hydropump\n>p1 switch 4\n>p1 move liquidation\n>p2 move terablast terastallize\n>p1 switch 3\n>p1 move bodyslam\n>p2 move hydropump\n>p2 switch 6\n>p1 switch 6\n>p2 move nastyplot\n>p1 move dragondance\n>p2 move fireblast\n>p1 move dragondance\n>p2 switch 5\n>p1 move bravebird\n>p2 move freezedry\n>p2 switch 2\n>p1 move bravebird terastallize\n>p2 move freezedry\n>p1 switch 2\n>p1 move wildcharge\n>p2 move rest\n>p2 switch 5\n>p1 move wildcharge\n>p2 move nastyplot\n>p1 switch 6\n>p1 move bodyslam\n>p2 move fireblast\n>p1 switch 5\n>p1 move sludgewave\n>p2 move fireblast", "uploadtime": 1781460476, "views": 9, "formatid": "gen9randombattle", "rating": 1376, "private": 0, "password": null, "player_dets": [{"name": "Gorlog_the_wise", "avatar": "170", "rating": 1437, "seed": "sodium,d2e89cffc0b3a1fd961a73298585ada5"}, {"name": "kbg1954", "avatar": "swimmer", "rating": 1393, "seed": "sodium,1f2553aa9e318e608abc7951e71e4a66"}], "teams_full": [{"Luxray": {"name": "Luxray", "species": "Luxray", "speciesId": "luxray", "gender": "F", "shiny": false, "level": 88, "moves": ["voltswitch", "throatchop", "playrough", "wildcharge"], "ability": "Intimidate", "evs": {"hp": 85, "atk": 85, "def": 85, "spa": 85, "spd": 85, "spe": 85}, "ivs": {"hp": 31, "atk": 31, "def": 31, "spa": 31, "spd": 31, "spe": 31}, "item": "Assault Vest", "teraType": "Fairy", "role": "AV Pivot", "bvs": {"hp": 80, "atk": 120, "def": 79, "spa": 95, "spd": 79, "spe": 70}, "stats": {"hp": 284, "atk": 261, "def": 189, "spa": 217, "spd": 189, "spe": 173}, "types": ["Electric"]}, "Jirachi": {"name": "Jirachi", "species": "Jirachi", "speciesId": "jirachi", "gender": "N", "shiny": false, "level": 80, "moves": ["stealthrock", "drainpunch", "ironhead", "bodyslam"], "ability": "Serene Grace", "evs": {"hp": 85, "atk": 85, "def": 85, "spa": 85, "spd": 85, "spe": 85}, "ivs": {"hp": 31, "atk": 31, "def": 31, "spa": 31, "spd": 31, "spe": 31}, "item": "Leftovers", "teraType": "Fighting", "role": "Bulky Attacker", "bvs": {"hp": 100, "atk": 100, "def": 100, "spa": 100, "spd": 100, "spe": 100}, "stats": {"hp": 291, "atk": 206, "def": 206, "spa": 206, "spd": 206, "spe": 206}, "types": ["Steel", "Psychic"]}, "Moltres": {"name": "Moltres", "species": "Moltres", "speciesId": "moltres", "gender": "N", "shiny": false, "level": 81, "moves": ["scorchingsands", "fireblast", "roost", "bravebird"], "ability": "Flame Body", "evs": {"hp": 85, "atk": 85, "def": 85, "spa": 85, "spd": 85, "spe": 85}, "ivs": {"hp": 31, "atk": 31, "def": 31, "spa": 31, "spd": 31, "spe": 31}, "item": "Heavy-Duty Boots", "teraType": "Steel", "role": "Bulky Attacker", "bvs": {"hp": 90, "atk": 100, "def": 90, "spa": 125, "spd": 85, "spe": 90}, "stats": {"hp": 278, "atk": 209, "def": 192, "spa": 249, "spd": 184, "spe": 192}, "types": ["Fire", "Flying"]}, "Wugtrio": {"name": "Wugtrio", "species": "Wugtrio", "speciesId": "wugtrio", "gender": "M", "shiny": false, "level": 91, "moves": ["aquajet", "throatchop", "stompingtantrum", "liquidation"], "ability": "Gooey", "evs": {"hp": 85, "atk": 85, "def": 85, "spa": 85, "spd": 85, "spe": 85}, "ivs": {"hp": 31, "atk": 31, "def": 31, "spa": 31, "spd": 31, "spe": 31}, "item": "Choice Band", "teraType": "Ground", "role": "Fast Attacker", "bvs": {"hp": 35, "atk": 100, "def": 50, "spa": 50, "spd": 70, "spe": 120}, "stats": {"hp": 212, "atk": 234, "def": 143, "spa": 143, "spd": 179, "spe": 270}, "types": ["Water"]}, "Venomoth": {"name": "Venomoth", "species": "Venomoth", "speciesId": "venomoth", "gender": "F", "shiny": false, "level": 84, "moves": ["sleeppowder", "quiverdance", "sludgewave", "bugbuzz"], "ability": "Tinted Lens", "evs": {"hp": 85, "atk": 0, "def": 85, "spa": 85, "spd": 85, "spe": 85}, "ivs": {"hp": 31, "atk": 0, "def": 31, "spa": 31, "spd": 31, "spe": 31}, "item": "Heavy-Duty Boots", "teraType": "Bug", "role": "Setup Sweeper", "bvs": {"hp": 70, "atk": 65, "def": 60, "spa": 90, "spd": 75, "spe": 90}, "stats": {"hp": 255, "atk": 114, "def": 149, "spa": 199, "spd": 174, "spe": 199}, "types": ["Bug", "Poison"]}, "Altaria": {"name": "Altaria", "species": "Altaria", "speciesId": "altaria", "gender": "M", "shiny": false, "level": 89, "moves": ["earthquake", "bravebird", "dragondance", "roost"], "ability": "Natural Cure", "evs": {"hp": 85, "atk": 85, "def": 85, "spa": 85, "spd": 85, "spe": 85}, "ivs": {"hp": 31, "atk": 31, "def": 31, "spa": 31, "spd": 31, "spe": 31}, "item": "Heavy-Duty Boots", "teraType": "Ground", "role": "Bulky Setup", "bvs": {"hp": 75, "atk": 70, "def": 90, "spa": 70, "spd": 105, "spe": 80}, "stats": {"hp": 278, "atk": 175, "def": 211, "spa": 175, "spd": 238, "spe": 193}, "types": ["Dragon", "Flying"]}}, {"Lapras": {"name": "Lapras", "species": "Lapras", "speciesId": "lapras", "gender": "F", "shiny": false, "level": 87, "moves": ["sleeptalk", "rest", "sparklingaria", "freezedry"], "ability": "Water Absorb", "evs": {"hp": 85, "atk": 0, "def": 85, "spa": 85, "spd": 85, "spe": 85}, "ivs": {"hp": 31, "atk": 0, "def": 31, "spa": 31, "spd": 31, "spe": 31}, "item": "Heavy-Duty Boots", "teraType": "Ghost", "role": "Bulky Attacker", "bvs": {"hp": 130, "atk": 85, "def": 80, "spa": 85, "spd": 95, "spe": 60}, "stats": {"hp": 368, "atk": 152, "def": 189, "spa": 198, "spd": 215, "spe": 154}, "types": ["Water", "Ice"]}, "Klefki": {"name": "Klefki", "species": "Klefki", "speciesId": "klefki", "gender": "M", "shiny": false, "level": 84, "moves": ["spikes", "magnetrise", "playrough", "thunderwave"], "ability": "Prankster", "evs": {"hp": 85, "atk": 85, "def": 85, "spa": 85, "spd": 85, "spe": 85}, "ivs": {"hp": 31, "atk": 31, "def": 31, "spa": 31, "spd": 31, "spe": 31}, "item": "Leftovers", "teraType": "Water", "role": "Bulky Support", "bvs": {"hp": 57, "atk": 80, "def": 91, "spa": 80, "spd": 87, "spe": 75}, "stats": {"hp": 233, "atk": 183, "def": 201, "spa": 183, "spd": 194, "spe": 174}, "types": ["Steel", "Fairy"]}, "Ninetales": {"name": "Ninetales", "species": "Ninetales", "speciesId": "ninetales", "gender": "M", "shiny": false, "level": 85, "moves": ["scorchingsands", "solarbeam", "fireblast", "nastyplot"], "ability": "Drought", "evs": {"hp": 85, "atk": 0, "def": 85, "spa": 85, "spd": 85, "spe": 85}, "ivs": {"hp": 31, "atk": 0, "def": 31, "spa": 31, "spd": 31, "spe": 31}, "item": "Heavy-Duty Boots", "teraType": "Fire", "role": "Setup Sweeper", "bvs": {"hp": 73, "atk": 76, "def": 75, "spa": 81, "spd": 100, "spe": 100}, "stats": {"hp": 263, "atk": 134, "def": 176, "spa": 186, "spd": 219, "spe": 219}, "types": ["Fire"]}, "Zamazenta": {"name": "Zamazenta", "species": "Zamazenta", "speciesId": "zamazentacrowned", "gender": "N", "shiny": false, "level": 68, "moves": ["irondefense", "heavyslam", "bodypress", "stoneedge"], "ability": "Dauntless Shield", "evs": {"hp": 85, "atk": 85, "def": 85, "spa": 85, "spd": 85, "spe": 85}, "ivs": {"hp": 31, "atk": 31, "def": 31, "spa": 31, "spd": 31, "spe": 31}, "item": "Rusted Shield", "teraType": "Ghost", "role": "Bulky Setup", "bvs": {"hp": 92, "atk": 120, "def": 115, "spa": 80, "spd": 115, "spe": 138}, "stats": {"hp": 238, "atk": 203, "def": 196, "spa": 149, "spd": 196, "spe": 228}, "types": ["Fighting"]}, "Cryogonal": {"name": "Cryogonal", "species": "Cryogonal", "speciesId": "cryogonal", "gender": "N", "shiny": false, "level": 89, "moves": ["freezedry", "recover", "rapidspin", "haze"], "ability": "Levitate", "evs": {"hp": 85, "atk": 85, "def": 85, "spa": 85, "spd": 85, "spe": 85}, "ivs": {"hp": 31, "atk": 31, "def": 31, "spa": 31, "spd": 31, "spe": 31}, "item": "Heavy-Duty Boots", "teraType": "Poison", "role": "Bulky Support", "bvs": {"hp": 80, "atk": 50, "def": 50, "spa": 95, "spd": 135, "spe": 105}, "stats": {"hp": 287, "atk": 140, "def": 140, "spa": 220, "spd": 291, "spe": 238}, "types": ["Ice"]}, "Blastoise": {"name": "Blastoise", "species": "Blastoise", "speciesId": "blastoise", "gender": "F", "shiny": false, "level": 80, "moves": ["shellsmash", "icebeam", "hydropump", "terablast"], "ability": "Torrent", "evs": {"hp": 85, "atk": 0, "def": 85, "spa": 85, "spd": 85, "spe": 85}, "ivs": {"hp": 31, "atk": 0, "def": 31, "spa": 31, "spd": 31, "spe": 31}, "item": "White Herb", "teraType": "Grass", "role": "Tera Blast user", "bvs": {"hp": 79, "atk": 83, "def": 100, "spa": 85, "spd": 105, "spe": 78}, "stats": {"hp": 258, "atk": 137, "def": 206, "spa": 182, "spd": 214, "spe": 171}, "types": ["Water"]}}]}