{"id": "gen9randombattle-2631822842", "format": "[Gen 9] Random Battle", "players": ["smokeycool", "Ramity"], "log": "|j|\u2606smokeycool\n|j|\u2606Ramity\n|t:|1781444627\n|gametype|singles\n|player|p1|smokeycool|worker|1972\n|player|p2|Ramity|2|1957\n|gen|9\n|tier|[Gen 9] Random Battle\n|rated|\n|rule|Species Clause: Limit one of each Pok\u00e9mon\n|rule|HP Percentage Mod: HP is shown in percentages\n|rule|Sleep Clause Mod: Limit one foe put to sleep\n|rule|Illusion Level Mod: Illusion disguises the Pok\u00e9mon's true level\n|\n|t:|1781444627\n|teamsize|p1|6\n|teamsize|p2|6\n|start\n|switch|p1a: Tatsugiri|Tatsugiri, L87, F|260/260\n|switch|p2a: Sableye|Sableye, L88, F|231/231\n|turn|1\n|inactive|Battle timer is ON: inactive players will automatically lose when time's up. (requested by smokeycool)\n|\n|t:|1781444639\n|switch|p1a: Donphan|Donphan, L84, M|288/288\n|move|p2a: Sableye|Thunder Wave|p1a: Donphan\n|-immune|p1a: Donphan\n|\n|upkeep\n|turn|2\n|\n|t:|1781444645\n|move|p2a: Sableye|Knock Off|p1a: Donphan\n|-damage|p1a: Donphan|219/288\n|-enditem|p1a: Donphan|Leftovers|[from] move: Knock Off|[of] p2a: Sableye\n|move|p1a: Donphan|Stealth Rock|p2a: Sableye\n|-sidestart|p2: Ramity|move: Stealth Rock\n|\n|upkeep\n|turn|3\n|\n|t:|1781444656\n|switch|p2a: Uxie|Uxie, L83|260/260\n|-damage|p2a: Uxie|228/260|[from] Stealth Rock\n|move|p1a: Donphan|Knock Off|p2a: Uxie\n|-supereffective|p2a: Uxie\n|-damage|p2a: Uxie|112/260\n|-enditem|p2a: Uxie|Leftovers|[from] move: Knock Off|[of] p1a: Donphan\n|\n|upkeep\n|turn|4\n|\n|t:|1781444670\n|move|p2a: Uxie|Psychic Noise|p1a: Donphan\n|-damage|p1a: Donphan|128/288\n|-start|p1a: Donphan|move: Heal Block\n|move|p1a: Donphan|Knock Off|p2a: Uxie\n|-supereffective|p2a: Uxie\n|-damage|p2a: Uxie|28/260\n|\n|upkeep\n|turn|5\n|\n|t:|1781444675\n|switch|p1a: Rabsca|Rabsca, L91, M|284/284\n|move|p2a: Uxie|Stealth Rock|p1a: Rabsca\n|-sidestart|p1: smokeycool|move: Stealth Rock\n|\n|upkeep\n|turn|6\n|\n|t:|1781444681\n|move|p2a: Uxie|U-turn|p1a: Rabsca\n|-supereffective|p1a: Rabsca\n|-damage|p1a: Rabsca|202/284\n|\n|t:|1781444687\n|switch|p2a: Glimmora|Glimmora, L75, M|248/248|[from] U-turn\n|-damage|p2a: Glimmora|217/248|[from] Stealth Rock\n|move|p1a: Rabsca|Bug Buzz|p2a: Glimmora\n|-resisted|p2a: Glimmora\n|-damage|p2a: Glimmora|166/248\n|-unboost|p2a: Glimmora|spd|1\n|\n|upkeep\n|turn|7\n|\n|t:|1781444694\n|move|p2a: Glimmora|Power Gem|p1a: Rabsca\n|-supereffective|p1a: Rabsca\n|-damage|p1a: Rabsca|52/284\n|move|p1a: Rabsca|Earth Power|p2a: Glimmora\n|-supereffective|p2a: Glimmora\n|-crit|p2a: Glimmora\n|-damage|p2a: Glimmora|0 fnt\n|faint|p2a: Glimmora\n|\n|upkeep\n|\n|t:|1781444707\n|switch|p2a: Skarmory|Skarmory, L80, F|235/235\n|-damage|p2a: Skarmory|206/235|[from] Stealth Rock\n|turn|8\n|\n|t:|1781444716\n|switch|p1a: Tatsugiri|Tatsugiri, L87, F|260/260\n|move|p2a: Skarmory|Brave Bird|p1a: Tatsugiri\n|-damage|p1a: Tatsugiri|125/260\n|-damage|p2a: Skarmory|161/235|[from] Recoil\n|\n|upkeep\n|turn|9\n|\n|t:|1781444726\n|switch|p2a: Uxie|Uxie, L83|28/260\n|-damage|p2a: Uxie|0 fnt|[from] Stealth Rock\n|faint|p2a: Uxie\n|move|p1a: Tatsugiri|Surf|p2: Uxie|[notarget]\n|-fail|p1a: Tatsugiri\n|\n|upkeep\n|\n|t:|1781444731\n|switch|p2a: Sableye|Sableye, L88, F|231/231\n|-damage|p2a: Sableye|203/231|[from] Stealth Rock\n|turn|10\n|\n|t:|1781444738\n|move|p1a: Tatsugiri|Draco Meteor|p2a: Sableye\n|-crit|p2a: Sableye\n|-damage|p2a: Sableye|0 fnt\n|-unboost|p1a: Tatsugiri|spa|2\n|faint|p2a: Sableye\n|\n|upkeep\n|\n|t:|1781444747\n|switch|p2a: Avalugg|Avalugg-Hisui, L90, M|317/317\n|turn|11\n|\n|t:|1781444751\n|-terastallize|p2a: Avalugg|Ghost\n|move|p1a: Tatsugiri|Rapid Spin|p2a: Avalugg\n|-immune|p2a: Avalugg\n|move|p2a: Avalugg|Rapid Spin|p1a: Tatsugiri\n|-damage|p1a: Tatsugiri|64/260\n|-boost|p2a: Avalugg|spe|1\n|-sideend|p2: Ramity|Stealth Rock|[from] move: Rapid Spin|[of] p2a: Avalugg\n|\n|upkeep\n|turn|12\n|\n|t:|1781444758\n|move|p1a: Tatsugiri|Nasty Plot|p1a: Tatsugiri\n|-boost|p1a: Tatsugiri|spa|2\n|move|p2a: Avalugg|Rapid Spin|p1a: Tatsugiri\n|-crit|p1a: Tatsugiri\n|-damage|p1a: Tatsugiri|0 fnt\n|-boost|p2a: Avalugg|spe|1\n|faint|p1a: Tatsugiri\n|\n|upkeep\n|\n|t:|1781444785\n|switch|p1a: Qwilfish|Qwilfish, L86, F|252/252\n|-ability|p1a: Qwilfish|Intimidate|boost\n|-unboost|p2a: Avalugg|atk|1\n|turn|13\n|\n|t:|1781444791\n|switch|p2a: Palafin|Palafin, L77, F|281/281\n|move|p1a: Qwilfish|Gunk Shot|p2a: Palafin\n|-damage|p2a: Palafin|101/281\n|-status|p2a: Palafin|psn\n|\n|-heal|p2a: Palafin|118/281 psn|[from] item: Leftovers\n|-damage|p2a: Palafin|83/281 psn|[from] psn\n|upkeep\n|turn|14\n|\n|t:|1781444801\n|detailschange|p2a: Palafin|Palafin-Hero, L77, F\n|switch|p2a: Skarmory|Skarmory, L80, F|161/235\n|move|p1a: Qwilfish|Toxic Spikes|p2a: Skarmory\n|-sidestart|p2: Ramity|move: Toxic Spikes\n|\n|upkeep\n|turn|15\n|\n|t:|1781444804\n|move|p1a: Qwilfish|Flip Turn|p2a: Skarmory\n|-damage|p2a: Skarmory|115/235\n|-damage|p1a: Qwilfish|210/252|[from] item: Rocky Helmet|[of] p2a: Skarmory\n|\n|t:|1781444809\n|switch|p1a: Donphan|Donphan, L84, M|128/288|[from] Flip Turn\n|-damage|p1a: Donphan|110/288|[from] Stealth Rock\n|move|p2a: Skarmory|Spikes|p1a: Donphan\n|-sidestart|p1: smokeycool|Spikes\n|\n|upkeep\n|turn|16\n|\n|t:|1781444813\n|move|p2a: Skarmory|Brave Bird|p1a: Donphan\n|-damage|p1a: Donphan|32/288\n|-damage|p2a: Skarmory|89/235|[from] Recoil\n|move|p1a: Donphan|Knock Off|p2a: Skarmory\n|-damage|p2a: Skarmory|33/235\n|-damage|p1a: Donphan|0 fnt|[from] item: Rocky Helmet|[of] p2a: Skarmory\n|faint|p1a: Donphan\n|\n|upkeep\n|\n|t:|1781444820\n|switch|p1a: Baxcalibur|Baxcalibur, L75, F|296/296\n|turn|17\n|\n|t:|1781444828\n|move|p1a: Baxcalibur|Glaive Rush|p2a: Skarmory\n|-resisted|p2a: Skarmory\n|-damage|p2a: Skarmory|0 fnt\n|-singlemove|p1a: Baxcalibur|Glaive Rush|[silent]\n|-damage|p1a: Baxcalibur|247/296|[from] item: Rocky Helmet|[of] p2a: Skarmory\n|faint|p2a: Skarmory\n|\n|upkeep\n|\n|t:|1781444830\n|switch|p2a: Palafin|Palafin-Hero, L77, F|83/281 psn\n|-activate|p2a: Palafin|ability: Zero to Hero\n|turn|18\n|\n|t:|1781444834\n|switch|p1a: Qwilfish|Qwilfish, L86, F|210/252\n|-ability|p1a: Qwilfish|Intimidate|boost\n|-unboost|p2a: Palafin|atk|1\n|move|p2a: Palafin|Bulk Up|p2a: Palafin\n|-boost|p2a: Palafin|atk|1\n|-boost|p2a: Palafin|def|1\n|\n|-heal|p2a: Palafin|100/281 psn|[from] item: Leftovers\n|-damage|p2a: Palafin|65/281 psn|[from] psn\n|upkeep\n|turn|19\n|-message|Ramity forfeited.\n|\n|win|smokeycool\n", "inputlog": ">version a8376a258c1d4662feba110a92103f3664a72141\n>start {\"formatid\":\"gen9randombattle\",\"seed\":\"sodium,847a873974ca736a1924b4415d44ed93\",\"rated\":\"Rated battle\"}\n>player p1 {\"name\":\"smokeycool\",\"avatar\":\"worker\",\"rating\":1972,\"seed\":\"sodium,1c265ee608ee169b9450f108e00ce52c\"}\n>player p2 {\"name\":\"Ramity\",\"avatar\":\"2\",\"rating\":1957,\"seed\":\"sodium,9dfe4c203fc6a15e6001caffc25b7ca6\"}\n>p1 switch 5\n>p2 move thunderwave\n>p1 move stealthrock\n>p2 move knockoff\n>p1 move knockoff\n>p2 switch 3\n>p1 move knockoff\n>p2 move psychicnoise\n>p1 switch 6\n>p2 move stealthrock\n>p1 move bugbuzz\n>p2 move uturn\n>p2 switch 6\n>p1 move earthpower\n>p2 move powergem\n>p2 switch 4\n>p1 switch 5\n>p2 move bravebird\n>p1 move surf\n>p2 switch 6\n>p2 switch 3\n>p1 move dracometeor\n>p2 move knockoff\n>p2 switch 5\n>p1 move rapidspin\n>p2 move rapidspin terastallize\n>p1 move nastyplot\n>p2 move rapidspin\n>p1 switch 3\n>p1 move gunkshot\n>p2 switch 2\n>p1 move toxicspikes\n>p2 switch 6\n>p1 move flipturn\n>p2 move spikes\n>p1 switch 6\n>p1 move knockoff\n>p2 move bravebird\n>p1 switch 4\n>p1 move glaiverush\n>p2 move bodypress\n>p2 switch 6\n>p1 switch 6\n>p2 move bulkup\n>forcelose p2", "uploadtime": 1781444629, "views": 6, "formatid": "gen9randombattle", "rating": null, "private": 0, "password": null, "player_dets": [{"name": "smokeycool", "avatar": "worker", "rating": 1972, "seed": "sodium,1c265ee608ee169b9450f108e00ce52c"}, {"name": "Ramity", "avatar": "2", "rating": 1957, "seed": "sodium,9dfe4c203fc6a15e6001caffc25b7ca6"}], "teams_full": [{"Tatsugiri": {"name": "Tatsugiri", "species": "Tatsugiri", "speciesId": "tatsugiri", "gender": "F", "shiny": false, "level": 87, "moves": ["surf", "dracometeor", "nastyplot", "rapidspin"], "ability": "Storm Drain", "evs": {"hp": 85, "atk": 85, "def": 85, "spa": 85, "spd": 85, "spe": 85}, "ivs": {"hp": 31, "atk": 31, "def": 31, "spa": 31, "spd": 31, "spe": 31}, "item": "Heavy-Duty Boots", "teraType": "Steel", "role": "Fast Support", "bvs": {"hp": 68, "atk": 50, "def": 60, "spa": 120, "spd": 95, "spe": 82}, "stats": {"hp": 260, "atk": 137, "def": 154, "spa": 259, "spd": 215, "spe": 192}}, "Carbink": {"name": "Carbink", "species": "Carbink", "speciesId": "carbink", "gender": "N", "shiny": false, "level": 90, "moves": ["rockpolish", "moonblast", "irondefense", "bodypress"], "ability": "Clear Body", "evs": {"hp": 85, "atk": 0, "def": 85, "spa": 85, "spd": 85, "spe": 85}, "ivs": {"hp": 31, "atk": 0, "def": 31, "spa": 31, "spd": 31, "spe": 31}, "item": "Leftovers", "teraType": "Fighting", "role": "Fast Bulky Setup", "bvs": {"hp": 50, "atk": 50, "def": 150, "spa": 50, "spd": 150, "spe": 50}, "stats": {"hp": 236, "atk": 95, "def": 321, "spa": 141, "spd": 321, "spe": 141}}, "Qwilfish": {"name": "Qwilfish", "species": "Qwilfish", "speciesId": "qwilfish", "gender": "F", "shiny": false, "level": 86, "moves": ["gunkshot", "painsplit", "flipturn", "toxicspikes"], "ability": "Intimidate", "evs": {"hp": 85, "atk": 85, "def": 85, "spa": 85, "spd": 85, "spe": 85}, "ivs": {"hp": 31, "atk": 31, "def": 31, "spa": 31, "spd": 31, "spe": 31}, "item": "Heavy-Duty Boots", "teraType": "Dark", "role": "Fast Support", "bvs": {"hp": 65, "atk": 95, "def": 85, "spa": 55, "spd": 55, "spe": 85}, "stats": {"hp": 252, "atk": 213, "def": 195, "spa": 144, "spd": 144, "spe": 195}}, "Baxcalibur": {"name": "Baxcalibur", "species": "Baxcalibur", "speciesId": "baxcalibur", "gender": "F", "shiny": false, "level": 75, "moves": ["earthquake", "dragondance", "glaiverush", "iciclecrash"], "ability": "Thermal Exchange", "evs": {"hp": 85, "atk": 85, "def": 85, "spa": 85, "spd": 85, "spe": 85}, "ivs": {"hp": 31, "atk": 31, "def": 31, "spa": 31, "spd": 31, "spe": 31}, "item": "Heavy-Duty Boots", "teraType": "Ground", "role": "Setup Sweeper", "bvs": {"hp": 115, "atk": 145, "def": 92, "spa": 75, "spd": 86, "spe": 87}, "stats": {"hp": 296, "atk": 261, "def": 182, "spa": 156, "spd": 173, "spe": 174}}, "Donphan": {"name": "Donphan", "species": "Donphan", "speciesId": "donphan", "gender": "M", "shiny": false, "level": 84, "moves": ["earthquake", "icespinner", "knockoff", "stealthrock"], "ability": "Sturdy", "evs": {"hp": 85, "atk": 85, "def": 85, "spa": 85, "spd": 85, "spe": 85}, "ivs": {"hp": 31, "atk": 31, "def": 31, "spa": 31, "spd": 31, "spe": 31}, "item": "Leftovers", "teraType": "Steel", "role": "Bulky Support", "bvs": {"hp": 90, "atk": 120, "def": 120, "spa": 60, "spd": 60, "spe": 50}, "stats": {"hp": 288, "atk": 250, "def": 250, "spa": 149, "spd": 149, "spe": 132}}, "Rabsca": {"name": "Rabsca", "species": "Rabsca", "speciesId": "rabsca", "gender": "M", "shiny": false, "level": 91, "moves": ["earthpower", "bugbuzz", "psychic", "revivalblessing"], "ability": "Synchronize", "evs": {"hp": 85, "atk": 0, "def": 85, "spa": 85, "spd": 85, "spe": 85}, "ivs": {"hp": 31, "atk": 0, "def": 31, "spa": 31, "spd": 31, "spe": 31}, "item": "Heavy-Duty Boots", "teraType": "Steel", "role": "Wallbreaker", "bvs": {"hp": 75, "atk": 50, "def": 85, "spa": 115, "spd": 100, "spe": 45}, "stats": {"hp": 284, "atk": 96, "def": 207, "spa": 261, "spd": 234, "spe": 134}}}, {"Sableye": {"name": "Sableye", "species": "Sableye", "speciesId": "sableye", "gender": "F", "shiny": false, "level": 88, "moves": ["knockoff", "thunderwave", "recover", "encore"], "ability": "Prankster", "evs": {"hp": 85, "atk": 85, "def": 85, "spa": 85, "spd": 85, "spe": 85}, "ivs": {"hp": 31, "atk": 31, "def": 31, "spa": 31, "spd": 31, "spe": 31}, "item": "Leftovers", "teraType": "Poison", "role": "Bulky Support", "bvs": {"hp": 50, "atk": 75, "def": 75, "spa": 65, "spd": 65, "spe": 50}, "stats": {"hp": 231, "atk": 182, "def": 182, "spa": 165, "spd": 165, "spe": 138}}, "Palafin": {"name": "Palafin", "species": "Palafin", "speciesId": "palafin", "gender": "F", "shiny": false, "level": 77, "moves": ["bulkup", "jetpunch", "wavecrash", "icepunch"], "ability": "Zero to Hero", "evs": {"hp": 85, "atk": 85, "def": 85, "spa": 85, "spd": 85, "spe": 85}, "ivs": {"hp": 31, "atk": 31, "def": 31, "spa": 31, "spd": 31, "spe": 31}, "item": "Leftovers", "teraType": "Steel", "role": "Bulky Setup", "bvs": {"hp": 100, "atk": 70, "def": 72, "spa": 53, "spd": 62, "spe": 100}, "stats": {"hp": 281, "atk": 152, "def": 155, "spa": 126, "spd": 140, "spe": 199}}, "Uxie": {"name": "Uxie", "species": "Uxie", "speciesId": "uxie", "gender": "N", "shiny": false, "level": 83, "moves": ["thunderwave", "stealthrock", "psychicnoise", "uturn"], "ability": "Levitate", "evs": {"hp": 85, "atk": 85, "def": 85, "spa": 85, "spd": 85, "spe": 85}, "ivs": {"hp": 31, "atk": 31, "def": 31, "spa": 31, "spd": 31, "spe": 31}, "item": "Leftovers", "teraType": "Electric", "role": "Bulky Support", "bvs": {"hp": 75, "atk": 75, "def": 130, "spa": 75, "spd": 130, "spe": 95}, "stats": {"hp": 260, "atk": 172, "def": 263, "spa": 172, "spd": 263, "spe": 205}}, "Skarmory": {"name": "Skarmory", "species": "Skarmory", "speciesId": "skarmory", "gender": "F", "shiny": false, "level": 80, "moves": ["bravebird", "spikes", "bodypress", "roost"], "ability": "Sturdy", "evs": {"hp": 85, "atk": 85, "def": 85, "spa": 85, "spd": 85, "spe": 85}, "ivs": {"hp": 31, "atk": 31, "def": 31, "spa": 31, "spd": 31, "spe": 31}, "item": "Rocky Helmet", "teraType": "Fighting", "role": "Bulky Attacker", "bvs": {"hp": 65, "atk": 80, "def": 140, "spa": 40, "spd": 70, "spe": 70}, "stats": {"hp": 235, "atk": 174, "def": 270, "spa": 110, "spd": 158, "spe": 158}}, "Avalugg": {"name": "Avalugg", "species": "Avalugg-Hisui", "speciesId": "avalugghisui", "gender": "M", "shiny": false, "level": 90, "moves": ["stoneedge", "avalanche", "rapidspin", "recover"], "ability": "Sturdy", "evs": {"hp": 85, "atk": 85, "def": 85, "spa": 85, "spd": 85, "spe": 85}, "ivs": {"hp": 31, "atk": 31, "def": 31, "spa": 31, "spd": 31, "spe": 31}, "item": "Heavy-Duty Boots", "teraType": "Ghost", "role": "Bulky Attacker", "bvs": {"hp": 95, "atk": 127, "def": 184, "spa": 34, "spd": 36, "spe": 38}, "stats": {"hp": 317, "atk": 280, "def": 383, "spa": 113, "spd": 116, "spe": 120}}, "Glimmora": {"name": "Glimmora", "species": "Glimmora", "speciesId": "glimmora", "gender": "M", "shiny": false, "level": 75, "moves": ["earthpower", "powergem", "mortalspin", "sludgewave"], "ability": "Toxic Debris", "evs": {"hp": 85, "atk": 85, "def": 85, "spa": 85, "spd": 85, "spe": 85}, "ivs": {"hp": 31, "atk": 31, "def": 31, "spa": 31, "spd": 31, "spe": 31}, "item": "Assault Vest", "teraType": "Ground", "role": "Fast Support", "bvs": {"hp": 83, "atk": 55, "def": 90, "spa": 130, "spd": 81, "spe": 86}, "stats": {"hp": 248, "atk": 126, "def": 179, "spa": 239, "spd": 165, "spe": 173}}}]}