{"id": "gen9randombattle-2631654365", "format": "[Gen 9] Random Battle", "players": ["personanongrattata", "sonoffin"], "log": "|j|\u2606personanongrattata\n|j|\u2606sonoffin\n|t:|1781415652\n|gametype|singles\n|player|p1|personanongrattata|youngster-gen4dp|2104\n|player|p2|sonoffin|hilbert-wonderlauncher|2247\n|gen|9\n|tier|[Gen 9] Random Battle\n|rated|\n|rule|Species Clause: Limit one of each Pok\u00e9mon\n|rule|HP Percentage Mod: HP is shown in percentages\n|rule|Sleep Clause Mod: Limit one foe put to sleep\n|rule|Illusion Level Mod: Illusion disguises the Pok\u00e9mon's true level\n|\n|t:|1781415652\n|teamsize|p1|6\n|teamsize|p2|6\n|start\n|switch|p1a: Sandy Shocks|Sandy Shocks, L80|267/267\n|switch|p2a: Lycanroc|Lycanroc, L86, F|269/269\n|turn|1\n|inactive|Battle timer is ON: inactive players will automatically lose when time's up. (requested by personanongrattata)\n|\n|t:|1781415671\n|move|p2a: Lycanroc|Close Combat|p1a: Sandy Shocks\n|-damage|p1a: Sandy Shocks|132/267\n|-unboost|p2a: Lycanroc|def|1\n|-unboost|p2a: Lycanroc|spd|1\n|-damage|p2a: Lycanroc|243/269|[from] item: Life Orb\n|move|p1a: Sandy Shocks|Thunder Wave|p2a: Lycanroc\n|-status|p2a: Lycanroc|par\n|\n|upkeep\n|turn|2\n|\n|t:|1781415691\n|switch|p2a: Meloetta|Meloetta, L82|298/298\n|move|p1a: Sandy Shocks|Earth Power|p2a: Meloetta\n|-damage|p2a: Meloetta|219/298\n|-unboost|p2a: Meloetta|spd|1\n|\n|upkeep\n|turn|3\n|\n|t:|1781415702\n|move|p1a: Sandy Shocks|Thunder Wave|p2a: Meloetta\n|-status|p2a: Meloetta|par\n|cant|p2a: Meloetta|par\n|\n|upkeep\n|turn|4\n|\n|t:|1781415706\n|move|p1a: Sandy Shocks|Volt Switch|p2a: Meloetta\n|-damage|p2a: Meloetta|131/298 par\n|\n|t:|1781415714\n|-end|p1a: Sandy Shocks|Protosynthesis|[silent]\n|switch|p1a: Scovillain|Scovillain, L91, F|266/266|[from] Volt Switch\n|move|p2a: Meloetta|Hyper Voice|p1a: Scovillain\n|-damage|p1a: Scovillain|67/266\n|\n|-heal|p1a: Scovillain|83/266|[from] item: Leftovers\n|upkeep\n|turn|5\n|\n|t:|1781415721\n|move|p1a: Scovillain|Flamethrower|p2a: Meloetta\n|-damage|p2a: Meloetta|0 fnt\n|faint|p2a: Meloetta\n|\n|-heal|p1a: Scovillain|99/266|[from] item: Leftovers\n|upkeep\n|\n|t:|1781415732\n|switch|p2a: Lugia|Lugia, L73|275/275\n|turn|6\n|\n|t:|1781415740\n|switch|p1a: Sandy Shocks|Sandy Shocks, L80|132/267\n|move|p2a: Lugia|Aeroblast|p1a: Sandy Shocks\n|-resisted|p1a: Sandy Shocks\n|-damage|p1a: Sandy Shocks|88/267\n|\n|upkeep\n|turn|7\n|\n|t:|1781415751\n|switch|p2a: Lycanroc|Lycanroc, L86, F|243/269 par\n|move|p1a: Sandy Shocks|Thunder Wave|p2a: Lycanroc\n|-fail|p2a: Lycanroc|par\n|\n|upkeep\n|turn|8\n|\n|t:|1781415759\n|move|p1a: Sandy Shocks|Earth Power|p2a: Lycanroc\n|-supereffective|p2a: Lycanroc\n|-damage|p2a: Lycanroc|0 fnt\n|faint|p2a: Lycanroc\n|\n|upkeep\n|j| Zyroth_7\n|\n|t:|1781415765\n|switch|p2a: Basculegion|Basculegion, L80, M|323/323\n|turn|9\n|\n|t:|1781415773\n|-end|p1a: Sandy Shocks|Protosynthesis|[silent]\n|switch|p1a: Cyclizar|Cyclizar, L83, M|252/252\n|move|p2a: Basculegion|Flip Turn|p1a: Cyclizar\n|-resisted|p1a: Cyclizar\n|-damage|p1a: Cyclizar|200/252\n|\n|t:|1781415785\n|switch|p2a: Primarina|Primarina, L83, M|268/268|[from] Flip Turn\n|\n|upkeep\n|turn|10\n|\n|t:|1781415799\n|move|p1a: Cyclizar|Shed Tail|p1a: Cyclizar\n|-start|p1a: Cyclizar|Substitute|[from] move: Shed Tail\n|-damage|p1a: Cyclizar|74/252\n|\n|t:|1781415803\n|switch|p1a: Iron Thorns|Iron Thorns, L83|302/302|[from] Shed Tail\n|-item|p1a: Iron Thorns|Air Balloon\n|move|p2a: Primarina|Calm Mind|p2a: Primarina\n|-boost|p2a: Primarina|spa|1\n|-boost|p2a: Primarina|spd|1\n|\n|upkeep\n|turn|11\n|\n|t:|1781415814\n|-terastallize|p2a: Primarina|Fairy\n|move|p1a: Iron Thorns|Wild Charge|p2a: Primarina\n|-damage|p2a: Primarina|121/268\n|-damage|p1a: Iron Thorns|265/302|[from] Recoil\n|move|p2a: Primarina|Draining Kiss|p1a: Iron Thorns\n|-end|p1a: Iron Thorns|Substitute\n|-heal|p2a: Primarina|169/268|[from] drain|[of] p1a: Iron Thorns\n|-enditem|p1a: Iron Thorns|Air Balloon\n|\n|-heal|p2a: Primarina|185/268|[from] item: Leftovers\n|upkeep\n|turn|12\n|\n|t:|1781415833\n|move|p1a: Iron Thorns|Wild Charge|p2a: Primarina\n|-damage|p2a: Primarina|58/268\n|-damage|p1a: Iron Thorns|233/302|[from] Recoil\n|move|p2a: Primarina|Draining Kiss|p1a: Iron Thorns\n|-damage|p1a: Iron Thorns|73/302\n|-heal|p2a: Primarina|178/268|[from] drain|[of] p1a: Iron Thorns\n|\n|-heal|p2a: Primarina|194/268|[from] item: Leftovers\n|upkeep\n|turn|13\n|\n|t:|1781415842\n|switch|p2a: Magcargo|Magcargo, L95, M|268/268\n|move|p1a: Iron Thorns|Wild Charge|p2a: Magcargo\n|-damage|p2a: Magcargo|181/268\n|-status|p1a: Iron Thorns|brn|[from] ability: Flame Body|[of] p2a: Magcargo\n|-damage|p1a: Iron Thorns|51/302 brn|[from] Recoil\n|\n|-damage|p1a: Iron Thorns|33/302 brn|[from] brn\n|upkeep\n|turn|14\n|\n|t:|1781415856\n|move|p1a: Iron Thorns|Stealth Rock|p2a: Magcargo\n|-sidestart|p2: sonoffin|move: Stealth Rock\n|move|p2a: Magcargo|Recover|p2a: Magcargo\n|-heal|p2a: Magcargo|268/268\n|\n|-damage|p1a: Iron Thorns|15/302 brn|[from] brn\n|upkeep\n|turn|15\n|\n|t:|1781415861\n|move|p1a: Iron Thorns|Earthquake|p2a: Magcargo\n|-supereffective|p2a: Magcargo\n|-damage|p2a: Magcargo|134/268\n|move|p2a: Magcargo|Stealth Rock|p1a: Iron Thorns\n|-sidestart|p1: personanongrattata|move: Stealth Rock\n|\n|-damage|p1a: Iron Thorns|0 fnt|[from] brn\n|faint|p1a: Iron Thorns\n|-end|p1a: Iron Thorns|Quark Drive|[silent]\n|upkeep\n|\n|t:|1781415869\n|switch|p1a: Sandy Shocks|Sandy Shocks, L80|88/267\n|turn|16\n|\n|t:|1781415873\n|switch|p2a: Lugia|Lugia, L73|275/275\n|move|p1a: Sandy Shocks|Earth Power|p2a: Lugia\n|-immune|p2a: Lugia\n|\n|upkeep\n|turn|17\n|\n|t:|1781415880\n|move|p1a: Sandy Shocks|Thunder Wave|p2a: Lugia\n|-status|p2a: Lugia|par\n|move|p2a: Lugia|Earth Power|p1a: Sandy Shocks\n|-supereffective|p1a: Sandy Shocks\n|-damage|p1a: Sandy Shocks|0 fnt\n|faint|p1a: Sandy Shocks\n|-end|p1a: Sandy Shocks|Protosynthesis|[silent]\n|\n|upkeep\n|\n|t:|1781415887\n|switch|p1a: Cyclizar|Cyclizar, L83, M|158/252\n|turn|18\n|\n|t:|1781415894\n|switch|p2a: Magcargo|Magcargo, L95, M|134/268\n|move|p1a: Cyclizar|Rapid Spin|p2a: Magcargo\n|-resisted|p2a: Magcargo\n|-damage|p2a: Magcargo|116/268\n|-boost|p1a: Cyclizar|spe|1\n|-status|p1a: Cyclizar|brn|[from] ability: Flame Body|[of] p2a: Magcargo\n|-sideend|p1: personanongrattata|Stealth Rock|[from] move: Rapid Spin|[of] p1a: Cyclizar\n|\n|-damage|p1a: Cyclizar|143/252 brn|[from] brn\n|upkeep\n|turn|19\n|\n|t:|1781415906\n|move|p1a: Cyclizar|Taunt|p2a: Magcargo\n|-start|p2a: Magcargo|move: Taunt\n|cant|p2a: Magcargo|move: Taunt|Recover\n|\n|-damage|p1a: Cyclizar|128/252 brn|[from] brn\n|upkeep\n|turn|20\n|\n|t:|1781415919\n|move|p1a: Cyclizar|Shed Tail|p1a: Cyclizar\n|-start|p1a: Cyclizar|Substitute|[from] move: Shed Tail\n|-damage|p1a: Cyclizar|2/252 brn\n|\n|t:|1781415922\n|switch|p1a: Drednaw|Drednaw, L81, M|278/278|[from] Shed Tail\n|move|p2a: Magcargo|Power Gem|p1a: Drednaw\n|-end|p1a: Drednaw|Substitute\n|\n|upkeep\n|turn|21\n|\n|t:|1781415930\n|move|p1a: Drednaw|Shell Smash|p1a: Drednaw\n|-unboost|p1a: Drednaw|def|1\n|-unboost|p1a: Drednaw|spd|1\n|-boost|p1a: Drednaw|atk|2\n|-boost|p1a: Drednaw|spa|2\n|-boost|p1a: Drednaw|spe|2\n|-enditem|p1a: Drednaw|White Herb\n|-clearnegativeboost|p1a: Drednaw|[silent]\n|move|p2a: Magcargo|Power Gem|p1a: Drednaw\n|-damage|p1a: Drednaw|143/278\n|\n|-end|p2a: Magcargo|move: Taunt\n|upkeep\n|turn|22\n|\n|t:|1781415941\n|move|p1a: Drednaw|Earthquake|p2a: Magcargo\n|-supereffective|p2a: Magcargo\n|-damage|p2a: Magcargo|0 fnt\n|faint|p2a: Magcargo\n|\n|upkeep\n|\n|t:|1781415949\n|switch|p2a: Lugia|Lugia, L73|275/275 par\n|turn|23\n|\n|t:|1781415954\n|move|p1a: Drednaw|Liquidation|p2a: Lugia\n|-damage|p2a: Lugia|199/275 par\n|-unboost|p2a: Lugia|def|1\n|move|p2a: Lugia|Earth Power|p1a: Drednaw\n|-supereffective|p1a: Drednaw\n|-damage|p1a: Drednaw|25/278\n|\n|upkeep\n|turn|24\n|\n|t:|1781415966\n|move|p1a: Drednaw|Liquidation|p2a: Lugia\n|-damage|p2a: Lugia|0 fnt\n|faint|p2a: Lugia\n|\n|upkeep\n|\n|t:|1781415970\n|switch|p2a: Basculegion|Basculegion, L80, M|323/323\n|-damage|p2a: Basculegion|283/323|[from] Stealth Rock\n|turn|25\n|\n|t:|1781415979\n|move|p2a: Basculegion|Aqua Jet|p1a: Drednaw\n|-damage|p1a: Drednaw|0 fnt\n|faint|p1a: Drednaw\n|\n|upkeep\n|\n|t:|1781415988\n|switch|p1a: Squawkabilly|Squawkabilly, L85, M|278/278\n|turn|26\n|\n|t:|1781415994\n|move|p1a: Squawkabilly|Protect|p1a: Squawkabilly\n|-singleturn|p1a: Squawkabilly|Protect\n|move|p2a: Basculegion|Wave Crash|p1a: Squawkabilly\n|-activate|p1a: Squawkabilly|move: Protect\n|\n|-status|p1a: Squawkabilly|brn|[from] item: Flame Orb\n|upkeep\n|turn|27\n|\n|t:|1781416004\n|move|p1a: Squawkabilly|Brave Bird|p2a: Basculegion\n|-damage|p2a: Basculegion|25/323\n|-damage|p1a: Squawkabilly|193/278 brn|[from] Recoil\n|move|p2a: Basculegion|Wave Crash|p1a: Squawkabilly\n|-damage|p1a: Squawkabilly|0 fnt\n|faint|p1a: Squawkabilly\n|-damage|p2a: Basculegion|0 fnt|[from] Recoil\n|faint|p2a: Basculegion\n|\n|upkeep\n|\n|t:|1781416013\n|switch|p1a: Scovillain|Scovillain, L91, F|99/266\n|switch|p2a: Primarina|Primarina, L83, M, tera:Fairy|194/268\n|-damage|p2a: Primarina|161/268|[from] Stealth Rock\n|turn|28\n|\n|t:|1781416026\n|move|p1a: Scovillain|Leech Seed|p2a: Primarina\n|-start|p2a: Primarina|move: Leech Seed\n|move|p2a: Primarina|Sparkling Aria|p1a: Scovillain\n|-damage|p1a: Scovillain|0 fnt\n|faint|p1a: Scovillain\n|\n|-heal|p2a: Primarina|177/268|[from] item: Leftovers\n|upkeep\n|\n|t:|1781416029\n|switch|p1a: Cyclizar|Cyclizar, L83, M|86/252 brn\n|turn|29\n|\n|t:|1781416035\n|-terastallize|p1a: Cyclizar|Steel\n|move|p1a: Cyclizar|Rapid Spin|p2a: Primarina\n|-damage|p2a: Primarina|148/268\n|-boost|p1a: Cyclizar|spe|1\n|move|p2a: Primarina|Draining Kiss|p1a: Cyclizar\n|-resisted|p1a: Cyclizar\n|-damage|p1a: Cyclizar|20/252 brn\n|-heal|p2a: Primarina|198/268|[from] drain|[of] p1a: Cyclizar\n|\n|-heal|p2a: Primarina|214/268|[from] item: Leftovers\n|-damage|p2a: Primarina|181/268|[from] Leech Seed|[of] p1a: Cyclizar\n|-heal|p1a: Cyclizar|53/252 brn|[silent]\n|-damage|p1a: Cyclizar|38/252 brn|[from] brn\n|upkeep\n|turn|30\n|\n|t:|1781416047\n|move|p1a: Cyclizar|Rapid Spin|p2a: Primarina\n|-damage|p2a: Primarina|154/268\n|-boost|p1a: Cyclizar|spe|1\n|move|p2a: Primarina|Sparkling Aria|p1a: Cyclizar\n|-damage|p1a: Cyclizar|0 fnt\n|faint|p1a: Cyclizar\n|\n|win|sonoffin\n", "inputlog": ">version a8376a258c1d4662feba110a92103f3664a72141\n>start {\"formatid\":\"gen9randombattle\",\"seed\":\"sodium,404a12b1c879ac7125aba3cf8e66a2f3\",\"rated\":\"Rated battle\"}\n>player p1 {\"name\":\"personanongrattata\",\"avatar\":\"youngster-gen4dp\",\"rating\":2104,\"seed\":\"sodium,91235f41fc879f532ec94b6881b04f59\"}\n>player p2 {\"name\":\"sonoffin\",\"avatar\":\"hilbert-wonderlauncher\",\"rating\":2247,\"seed\":\"sodium,f440775648923317494ee87855f0ae9b\"}\n>p1 move thunderwave\n>p2 move closecombat\n>p1 move earthpower\n>p2 switch 5\n>p1 move thunderwave\n>p2 move hypervoice\n>p1 move voltswitch\n>p2 move hypervoice\n>p1 switch 2\n>p1 move flamethrower\n>p2 move hypervoice\n>p2 switch 2\n>p1 switch 2\n>p2 move aeroblast\n>p1 move thunderwave\n>p2 switch 5\n>p1 move earthpower\n>p2 move closecombat\n>p2 switch 3\n>p1 switch 3\n>p2 move flipturn\n>p2 switch 4\n>p1 move shedtail\n>p2 move calmmind\n>p1 switch 4\n>p1 move wildcharge\n>p2 move drainingkiss terastallize\n>p1 move wildcharge\n>p2 move drainingkiss\n>p1 move wildcharge\n>p2 switch 6\n>p1 move stealthrock\n>p2 move recover\n>p1 move earthquake\n>p2 move stealthrock\n>p1 switch 3\n>p1 move earthpower\n>p2 switch 5\n>p1 move thunderwave\n>p2 move earthpower\n>p1 switch 4\n>p1 move rapidspin\n>p2 switch 5\n>p1 move taunt\n>p2 move recover\n>p1 move shedtail\n>p2 move powergem\n>p1 switch 5\n>p1 move shellsmash\n>p2 move powergem\n>p1 move earthquake\n>p2 move powergem\n>p2 switch 5\n>p1 move liquidation\n>p2 move earthpower\n>p1 move liquidation\n>p2 move recover\n>p2 switch 4\n>p1 move earthquake\n>p2 move aquajet\n>p1 switch 6\n>p1 move protect\n>p2 move wavecrash\n>p1 move bravebird\n>p2 move wavecrash\n>p1 switch 2\n>p2 switch 6\n>p1 move leechseed\n>p2 move sparklingaria\n>p1 switch 5\n>p1 move rapidspin terastallize\n>p2 move drainingkiss\n>p1 move rapidspin\n>p2 move sparklingaria", "uploadtime": 1781415654, "views": 7, "formatid": "gen9randombattle", "rating": null, "private": 0, "password": null, "player_dets": [{"name": "personanongrattata", "avatar": "youngster-gen4dp", "rating": 2104, "seed": "sodium,91235f41fc879f532ec94b6881b04f59"}, {"name": "sonoffin", "avatar": "hilbert-wonderlauncher", "rating": 2247, "seed": "sodium,f440775648923317494ee87855f0ae9b"}], "teams_full": [{"Sandy Shocks": {"name": "Sandy Shocks", "species": "Sandy Shocks", "speciesId": "sandyshocks", "gender": "N", "shiny": false, "level": 80, "moves": ["thunderbolt", "thunderwave", "voltswitch", "earthpower"], "ability": "Protosynthesis", "evs": {"hp": 85, "atk": 0, "def": 85, "spa": 85, "spd": 85, "spe": 85}, "ivs": {"hp": 31, "atk": 0, "def": 31, "spa": 31, "spd": 31, "spe": 31}, "item": "Heavy-Duty Boots", "teraType": "Grass", "role": "Fast Support", "bvs": {"hp": 85, "atk": 81, "def": 97, "spa": 121, "spd": 85, "spe": 101}, "stats": {"hp": 267, "atk": 134, "def": 201, "spa": 240, "spd": 182, "spe": 208}}, "Scovillain": {"name": "Scovillain", "species": "Scovillain", "speciesId": "scovillain", "gender": "F", "shiny": false, "level": 91, "moves": ["flamethrower", "substitute", "leechseed", "protect"], "ability": "Chlorophyll", "evs": {"hp": 85, "atk": 0, "def": 85, "spa": 85, "spd": 85, "spe": 85}, "ivs": {"hp": 31, "atk": 0, "def": 31, "spa": 31, "spd": 31, "spe": 31}, "item": "Leftovers", "teraType": "Steel", "role": "Bulky Attacker", "bvs": {"hp": 65, "atk": 108, "def": 65, "spa": 108, "spd": 65, "spe": 75}, "stats": {"hp": 266, "atk": 201, "def": 170, "spa": 248, "spd": 170, "spe": 188}}, "Cyclizar": {"name": "Cyclizar", "species": "Cyclizar", "speciesId": "cyclizar", "gender": "M", "shiny": false, "level": 83, "moves": ["dracometeor", "taunt", "rapidspin", "shedtail"], "ability": "Regenerator", "evs": {"hp": 85, "atk": 85, "def": 85, "spa": 85, "spd": 85, "spe": 85}, "ivs": {"hp": 31, "atk": 31, "def": 31, "spa": 31, "spd": 31, "spe": 31}, "item": "Heavy-Duty Boots", "teraType": "Steel", "role": "Fast Support", "bvs": {"hp": 70, "atk": 95, "def": 65, "spa": 85, "spd": 65, "spe": 121}, "stats": {"hp": 252, "atk": 205, "def": 156, "spa": 189, "spd": 156, "spe": 249}}, "Iron Thorns": {"name": "Iron Thorns", "species": "Iron Thorns", "speciesId": "ironthorns", "gender": "N", "shiny": false, "level": 83, "moves": ["stoneedge", "wildcharge", "earthquake", "stealthrock"], "ability": "Quark Drive", "evs": {"hp": 85, "atk": 85, "def": 85, "spa": 85, "spd": 85, "spe": 85}, "ivs": {"hp": 31, "atk": 31, "def": 31, "spa": 31, "spd": 31, "spe": 31}, "item": "Air Balloon", "teraType": "Flying", "role": "Fast Support", "bvs": {"hp": 100, "atk": 134, "def": 110, "spa": 70, "spd": 84, "spe": 72}, "stats": {"hp": 302, "atk": 270, "def": 230, "spa": 164, "spd": 187, "spe": 167}}, "Drednaw": {"name": "Drednaw", "species": "Drednaw", "speciesId": "drednaw", "gender": "M", "shiny": false, "level": 81, "moves": ["stoneedge", "liquidation", "shellsmash", "earthquake"], "ability": "Shell Armor", "evs": {"hp": 85, "atk": 85, "def": 85, "spa": 85, "spd": 85, "spe": 85}, "ivs": {"hp": 31, "atk": 31, "def": 31, "spa": 31, "spd": 31, "spe": 31}, "item": "White Herb", "teraType": "Water", "role": "Fast Bulky Setup", "bvs": {"hp": 90, "atk": 115, "def": 90, "spa": 48, "spd": 68, "spe": 74}, "stats": {"hp": 278, "atk": 233, "def": 192, "spa": 124, "spd": 157, "spe": 167}}, "Squawkabilly": {"name": "Squawkabilly", "species": "Squawkabilly", "speciesId": "squawkabilly", "gender": "M", "shiny": false, "level": 85, "moves": ["facade", "quickattack", "protect", "bravebird"], "ability": "Guts", "evs": {"hp": 85, "atk": 85, "def": 85, "spa": 85, "spd": 85, "spe": 85}, "ivs": {"hp": 31, "atk": 31, "def": 31, "spa": 31, "spd": 31, "spe": 31}, "item": "Flame Orb", "teraType": "Normal", "role": "Wallbreaker", "bvs": {"hp": 82, "atk": 96, "def": 51, "spa": 45, "spd": 51, "spe": 92}, "stats": {"hp": 278, "atk": 212, "def": 135, "spa": 125, "spd": 135, "spe": 205}}}, {"Lycanroc": {"name": "Lycanroc", "species": "Lycanroc", "speciesId": "lycanroc", "gender": "F", "shiny": false, "level": 86, "moves": ["taunt", "stoneedge", "closecombat", "crunch"], "ability": "Sand Rush", "evs": {"hp": 85, "atk": 85, "def": 85, "spa": 85, "spd": 85, "spe": 85}, "ivs": {"hp": 31, "atk": 31, "def": 31, "spa": 31, "spd": 31, "spe": 31}, "item": "Life Orb", "teraType": "Fighting", "role": "Fast Attacker", "bvs": {"hp": 75, "atk": 115, "def": 65, "spa": 55, "spd": 65, "spe": 112}, "stats": {"hp": 269, "atk": 247, "def": 161, "spa": 144, "spd": 161, "spe": 242}}, "Lugia": {"name": "Lugia", "species": "Lugia", "speciesId": "lugia", "gender": "N", "shiny": false, "level": 73, "moves": ["calmmind", "aeroblast", "recover", "earthpower"], "ability": "Multiscale", "evs": {"hp": 85, "atk": 0, "def": 85, "spa": 85, "spd": 85, "spe": 85}, "ivs": {"hp": 31, "atk": 0, "def": 31, "spa": 31, "spd": 31, "spe": 31}, "item": "Heavy-Duty Boots", "teraType": "Steel", "role": "Bulky Setup", "bvs": {"hp": 106, "atk": 90, "def": 130, "spa": 90, "spd": 154, "spe": 110}, "stats": {"hp": 275, "atk": 136, "def": 232, "spa": 174, "spd": 267, "spe": 203}}, "Basculegion": {"name": "Basculegion", "species": "Basculegion", "speciesId": "basculegion", "gender": "M", "shiny": false, "level": 80, "moves": ["shadowball", "aquajet", "flipturn", "wavecrash"], "ability": "Adaptability", "evs": {"hp": 85, "atk": 85, "def": 85, "spa": 85, "spd": 85, "spe": 85}, "ivs": {"hp": 31, "atk": 31, "def": 31, "spa": 31, "spd": 31, "spe": 31}, "item": "Assault Vest", "teraType": "Water", "role": "AV Pivot", "bvs": {"hp": 120, "atk": 112, "def": 65, "spa": 80, "spd": 75, "spe": 78}, "stats": {"hp": 323, "atk": 225, "def": 150, "spa": 174, "spd": 166, "spe": 171}}, "Primarina": {"name": "Primarina", "species": "Primarina", "speciesId": "primarina", "gender": "M", "shiny": false, "level": 83, "moves": ["calmmind", "drainingkiss", "sparklingaria", "psychic"], "ability": "Torrent", "evs": {"hp": 85, "atk": 0, "def": 85, "spa": 85, "spd": 85, "spe": 85}, "ivs": {"hp": 31, "atk": 0, "def": 31, "spa": 31, "spd": 31, "spe": 31}, "item": "Leftovers", "teraType": "Fairy", "role": "Bulky Attacker", "bvs": {"hp": 80, "atk": 74, "def": 74, "spa": 126, "spd": 116, "spe": 60}, "stats": {"hp": 268, "atk": 127, "def": 171, "spa": 257, "spd": 240, "spe": 147}}, "Meloetta": {"name": "Meloetta", "species": "Meloetta", "speciesId": "meloetta", "gender": "N", "shiny": false, "level": 82, "moves": ["uturn", "hypervoice", "focusblast", "psyshock"], "ability": "Serene Grace", "evs": {"hp": 85, "atk": 85, "def": 85, "spa": 85, "spd": 85, "spe": 85}, "ivs": {"hp": 31, "atk": 31, "def": 31, "spa": 31, "spd": 31, "spe": 31}, "item": "Choice Specs", "teraType": "Fighting", "role": "Bulky Attacker", "bvs": {"hp": 100, "atk": 77, "def": 77, "spa": 128, "spd": 128, "spe": 90}, "stats": {"hp": 298, "atk": 173, "def": 173, "spa": 257, "spd": 257, "spe": 195}}, "Magcargo": {"name": "Magcargo", "species": "Magcargo", "speciesId": "magcargo", "gender": "M", "shiny": false, "level": 95, "moves": ["recover", "powergem", "stealthrock", "lavaplume"], "ability": "Flame Body", "evs": {"hp": 85, "atk": 0, "def": 85, "spa": 85, "spd": 85, "spe": 85}, "ivs": {"hp": 31, "atk": 0, "def": 31, "spa": 31, "spd": 31, "spe": 31}, "item": "Heavy-Duty Boots", "teraType": "Grass", "role": "Bulky Support", "bvs": {"hp": 60, "atk": 50, "def": 120, "spa": 90, "spd": 80, "spe": 30}, "stats": {"hp": 268, "atk": 100, "def": 282, "spa": 225, "spd": 206, "spe": 111}}}]}