{"id": "gen9randombattle-2631525203", "format": "[Gen 9] Random Battle", "players": ["metzosoli", "Noxpoxz"], "log": "|j|\u2606metzosoli\n|j|\u2606Noxpoxz\n|t:|1781396532\n|gametype|singles\n|player|p1|metzosoli|1|1108\n|player|p2|Noxpoxz|265|1101\n|gen|9\n|tier|[Gen 9] Random Battle\n|rated|\n|rule|Species Clause: Limit one of each Pok\u00e9mon\n|rule|HP Percentage Mod: HP is shown in percentages\n|rule|Sleep Clause Mod: Limit one foe put to sleep\n|rule|Illusion Level Mod: Illusion disguises the Pok\u00e9mon's true level\n|\n|t:|1781396532\n|teamsize|p1|6\n|teamsize|p2|6\n|start\n|switch|p1a: Blaziken|Blaziken, L76, F|247/247\n|switch|p2a: Sableye|Sableye, L88, F|231/231\n|turn|1\n|\n|t:|1781396544\n|move|p2a: Sableye|Will-O-Wisp|p1a: Blaziken\n|-immune|p1a: Blaziken\n|move|p1a: Blaziken|Swords Dance|p1a: Blaziken\n|-boost|p1a: Blaziken|atk|2\n|\n|-ability|p1a: Blaziken|Speed Boost|boost\n|-boost|p1a: Blaziken|spe|1\n|upkeep\n|turn|2\n|\n|t:|1781396555\n|move|p2a: Sableye|Encore|p1a: Blaziken\n|-start|p1a: Blaziken|Encore\n|move|p1a: Blaziken|Swords Dance|p1a: Blaziken\n|-boost|p1a: Blaziken|atk|2\n|\n|-ability|p1a: Blaziken|Speed Boost|boost\n|-boost|p1a: Blaziken|spe|1\n|upkeep\n|turn|3\n|\n|t:|1781396563\n|move|p1a: Blaziken|Swords Dance|p1a: Blaziken\n|-boost|p1a: Blaziken|atk|2\n|move|p2a: Sableye|Knock Off|p1a: Blaziken\n|-resisted|p1a: Blaziken\n|-damage|p1a: Blaziken|188/247\n|-enditem|p1a: Blaziken|Life Orb|[from] move: Knock Off|[of] p2a: Sableye\n|\n|-ability|p1a: Blaziken|Speed Boost|boost\n|-boost|p1a: Blaziken|spe|1\n|upkeep\n|turn|4\n|\n|t:|1781396573\n|move|p1a: Blaziken|Swords Dance|p1a: Blaziken\n|-boost|p1a: Blaziken|atk|0\n|move|p2a: Sableye|Knock Off|p1a: Blaziken\n|-resisted|p1a: Blaziken\n|-damage|p1a: Blaziken|143/247\n|\n|-end|p1a: Blaziken|Encore\n|-ability|p1a: Blaziken|Speed Boost|boost\n|-boost|p1a: Blaziken|spe|1\n|upkeep\n|turn|5\n|\n|t:|1781396594\n|switch|p2a: Hoopa|Hoopa, L85|275/275\n|move|p1a: Blaziken|Flare Blitz|p2a: Hoopa\n|-damage|p2a: Hoopa|0 fnt\n|faint|p2a: Hoopa\n|-damage|p1a: Blaziken|52/247|[from] Recoil\n|\n|-ability|p1a: Blaziken|Speed Boost|boost\n|-boost|p1a: Blaziken|spe|1\n|upkeep\n|\n|t:|1781396607\n|switch|p2a: Sableye|Sableye, L88, F|231/231\n|turn|6\n|\n|t:|1781396612\n|move|p1a: Blaziken|Flare Blitz|p2a: Sableye\n|-damage|p2a: Sableye|0 fnt\n|faint|p2a: Sableye\n|-damage|p1a: Blaziken|0 fnt|[from] Recoil\n|faint|p1a: Blaziken\n|\n|upkeep\n|\n|t:|1781396622\n|switch|p1a: Hitmonchan|Hitmonchan, L87, M|229/229\n|switch|p2a: Terapagos|Terapagos, L77, F|265/265\n|-activate|p2a: Terapagos|ability: Tera Shift\n|detailschange|p2a: Terapagos|Terapagos-Terastal, L77, F\n|-heal|p2a: Terapagos|273/273|[silent]\n|turn|7\n|\n|t:|1781396636\n|-terastallize|p1a: Hitmonchan|Steel\n|-terastallize|p2a: Terapagos|Stellar\n|detailschange|p2a: Terapagos|Terapagos-Stellar, L77, F, tera:Stellar\n|-heal|p2a: Terapagos|373/373|[silent]\n|move|p1a: Hitmonchan|Drain Punch|p2a: Terapagos\n|-supereffective|p2a: Terapagos\n|-damage|p2a: Terapagos|173/373\n|move|p2a: Terapagos|Calm Mind|p2a: Terapagos\n|-boost|p2a: Terapagos|spa|1\n|-boost|p2a: Terapagos|spd|1\n|\n|upkeep\n|turn|8\n|\n|t:|1781396653\n|move|p1a: Hitmonchan|Drain Punch|p2a: Terapagos\n|-supereffective|p2a: Terapagos\n|-damage|p2a: Terapagos|0 fnt\n|faint|p2a: Terapagos\n|detailschange|p2: Terapagos|Terapagos, L77, F|[silent]\n|\n|upkeep\n|-message|Noxpoxz forfeited.\n|\n|win|metzosoli\n|raw|metzosoli's rating: 1108 &rarr; <strong>1132</strong><br />(+24 for winning)\n|raw|Noxpoxz's rating: 1101 &rarr; <strong>1077</strong><br />(-24 for losing)\n|l|\u2606Noxpoxz\n|player|p2|\n", "inputlog": ">version a8376a258c1d4662feba110a92103f3664a72141\n>start {\"formatid\":\"gen9randombattle\",\"seed\":\"sodium,f495f94cd88f7413ccccc7210121d1f0\",\"rated\":\"Rated battle\"}\n>player p1 {\"name\":\"metzosoli\",\"avatar\":\"1\",\"rating\":1108,\"seed\":\"sodium,f20770f3adc0436a70455942026790e7\"}\n>player p2 {\"name\":\"Noxpoxz\",\"avatar\":\"265\",\"rating\":1101,\"seed\":\"sodium,157420f1f3a86ffa2121f791db05eb7c\"}\n>p1 move swordsdance\n>p2 move willowisp\n>p1 move swordsdance\n>p2 move encore\n>p1 move swordsdance\n>p2 move knockoff\n>p1 move swordsdance\n>p2 move knockoff\n>p1 move flareblitz\n>p2 switch 3\n>p2 switch 3\n>p1 move flareblitz\n>p2 move knockoff\n>p1 switch 2\n>p2 switch 5\n>p1 move drainpunch terastallize\n>p2 move calmmind terastallize\n>p1 move drainpunch\n>p2 move terastarstorm\n>forcelose p2", "uploadtime": 1781396668, "views": 5, "formatid": "gen9randombattle", "rating": 1077, "private": 0, "password": null}