{"id": "gen9randombattle-2631539226", "format": "[Gen 9] Random Battle", "players": ["jokaire", "lalo's pollos"], "log": "|j|\u2606jokaire\n|j|\u2606lalo's pollos\n|t:|1781398482\n|gametype|singles\n|player|p1|jokaire|clown|1908\n|player|p2|lalo's pollos|266|1942\n|gen|9\n|tier|[Gen 9] Random Battle\n|rated|\n|rule|Species Clause: Limit one of each Pok\u00e9mon\n|rule|HP Percentage Mod: HP is shown in percentages\n|rule|Sleep Clause Mod: Limit one foe put to sleep\n|rule|Illusion Level Mod: Illusion disguises the Pok\u00e9mon's true level\n|\n|t:|1781398482\n|teamsize|p1|6\n|teamsize|p2|6\n|start\n|switch|p1a: Articuno|Articuno-Galar, L84|288/288\n|switch|p2a: Abomasnow|Abomasnow, L84, F|287/287\n|-weather|Snowscape|[from] ability: Snow Warning|[of] p2a: Abomasnow\n|turn|1\n|inactive|Battle timer is ON: inactive players will automatically lose when time's up. (requested by jokaire)\n|inactive|lalo's pollos has 120 seconds left.\n|inactive|lalo's pollos has 90 seconds left.\n|l|\u2606jokaire\n|inactive|jokaire disconnected and has a minute to reconnect!\n|player|p1|\n|\n|t:|1781398624\n|move|p1a: Articuno|Hurricane|p2a: Abomasnow|[miss]\n|-miss|p1a: Articuno|p2a: Abomasnow\n|move|p2a: Abomasnow|Blizzard|p1a: Articuno\n|-supereffective|p1a: Articuno\n|-damage|p1a: Articuno|78/288\n|\n|-weather|Snowscape|[upkeep]\n|upkeep\n|turn|2\n|j|\u2606jokaire\n|inactive|jokaire reconnected and has 130 seconds left.\n|player|p1|jokaire|clown|\n|inactive|jokaire has 120 seconds left.\n|\n|t:|1781398656\n|move|p2a: Abomasnow|Ice Shard|p1a: Articuno\n|-supereffective|p1a: Articuno\n|-damage|p1a: Articuno|0 fnt\n|faint|p1a: Articuno\n|\n|-weather|Snowscape|[upkeep]\n|upkeep\n|inactive|jokaire has 120 seconds left.\n|inactiveoff|Battle timer is now OFF.\n|l|\u2606jokaire\n|player|p1|\n|inactive|Battle timer is ON: inactive players will automatically lose when time's up. (requested by lalo's pollos)\n|inactive|jokaire has 30 seconds to reconnect!\n|inactive|jokaire has 20 seconds to reconnect!\n|inactive|jokaire has 15 seconds to reconnect!\n|inactive|jokaire has 10 seconds to reconnect!\n|inactive|jokaire has 5 seconds to reconnect!\n|-message|jokaire lost due to inactivity.\n|\n|win|lalo's pollos\n", "inputlog": ">version a8376a258c1d4662feba110a92103f3664a72141\n>start {\"formatid\":\"gen9randombattle\",\"seed\":\"sodium,87d3b282c494a93ec017487edce4cc13\",\"rated\":\"Rated battle\"}\n>player p1 {\"name\":\"jokaire\",\"avatar\":\"clown\",\"rating\":1908,\"seed\":\"sodium,37d6a2ebab96d418df67776450af4a84\"}\n>player p2 {\"name\":\"lalo's pollos\",\"avatar\":\"266\",\"rating\":1942,\"seed\":\"sodium,c63c0047fddfa9285f21124f5f632999\"}\n>p1 move hurricane\n>p2 move blizzard\n>p1 move hurricane\n>p2 move iceshard\n>forcelose p1", "uploadtime": 1781398484, "views": 6, "formatid": "gen9randombattle", "rating": null, "private": 0, "password": null, "player_dets": [{"name": "jokaire", "avatar": "clown", "rating": 1908, "seed": "sodium,37d6a2ebab96d418df67776450af4a84"}, {"name": "lalo's pollos", "avatar": "266", "rating": 1942, "seed": "sodium,c63c0047fddfa9285f21124f5f632999"}], "teams_full": [{"Articuno": {"name": "Articuno", "species": "Articuno-Galar", "speciesId": "articunogalar", "gender": "N", "shiny": false, "level": 84, "moves": ["calmmind", "freezingglare", "recover", "hurricane"], "ability": "Competitive", "evs": {"hp": 85, "atk": 0, "def": 85, "spa": 85, "spd": 85, "spe": 85}, "ivs": {"hp": 31, "atk": 0, "def": 31, "spa": 31, "spd": 31, "spe": 31}, "item": "Heavy-Duty Boots", "teraType": "Steel", "role": "Fast Bulky Setup", "bvs": {"hp": 90, "atk": 85, "def": 85, "spa": 125, "spd": 100, "spe": 95}, "stats": {"hp": 288, "atk": 147, "def": 191, "spa": 258, "spd": 216, "spe": 208}, "types": ["Psychic", "Flying"]}, "Lilligant": {"name": "Lilligant", "species": "Lilligant-Hisui", "speciesId": "lilliganthisui", "gender": "F", "shiny": false, "level": 79, "moves": ["leafblade", "victorydance", "icespinner", "closecombat"], "ability": "Hustle", "evs": {"hp": 85, "atk": 85, "def": 85, "spa": 85, "spd": 85, "spe": 85}, "ivs": {"hp": 31, "atk": 31, "def": 31, "spa": 31, "spd": 31, "spe": 31}, "item": "Wide Lens", "teraType": "Fighting", "role": "Setup Sweeper", "bvs": {"hp": 70, "atk": 105, "def": 75, "spa": 50, "spd": 75, "spe": 105}, "stats": {"hp": 240, "atk": 211, "def": 164, "spa": 125, "spd": 164, "spe": 211}, "types": ["Grass", "Fighting"]}, "Corviknight": {"name": "Corviknight", "species": "Corviknight", "speciesId": "corviknight", "gender": "M", "shiny": false, "level": 80, "moves": ["bravebird", "defog", "roost", "uturn"], "ability": "Mirror Armor", "evs": {"hp": 85, "atk": 85, "def": 85, "spa": 85, "spd": 85, "spe": 85}, "ivs": {"hp": 31, "atk": 31, "def": 31, "spa": 31, "spd": 31, "spe": 31}, "item": "Leftovers", "teraType": "Dragon", "role": "Bulky Support", "bvs": {"hp": 98, "atk": 87, "def": 105, "spa": 53, "spd": 85, "spe": 67}, "stats": {"hp": 288, "atk": 185, "def": 214, "spa": 131, "spd": 182, "spe": 153}, "types": ["Flying", "Steel"]}, "Haxorus": {"name": "Haxorus", "species": "Haxorus", "speciesId": "haxorus", "gender": "M", "shiny": false, "level": 77, "moves": ["dragondance", "ironhead", "closecombat", "outrage"], "ability": "Mold Breaker", "evs": {"hp": 85, "atk": 85, "def": 85, "spa": 85, "spd": 85, "spe": 85}, "ivs": {"hp": 31, "atk": 31, "def": 31, "spa": 31, "spd": 31, "spe": 31}, "item": "Lum Berry", "teraType": "Steel", "role": "Setup Sweeper", "bvs": {"hp": 76, "atk": 147, "def": 90, "spa": 60, "spd": 70, "spe": 97}, "stats": {"hp": 244, "atk": 271, "def": 183, "spa": 137, "spd": 152, "spe": 194}, "types": ["Dragon"]}, "Plusle": {"name": "Plusle", "species": "Plusle", "speciesId": "plusle", "gender": "F", "shiny": false, "level": 95, "moves": ["alluringvoice", "nastyplot", "thunderbolt", "grassknot"], "ability": "Lightning Rod", "evs": {"hp": 85, "atk": 0, "def": 85, "spa": 85, "spd": 85, "spe": 85}, "ivs": {"hp": 31, "atk": 0, "def": 31, "spa": 31, "spd": 31, "spe": 31}, "item": "Life Orb", "teraType": "Electric", "role": "Setup Sweeper", "bvs": {"hp": 60, "atk": 50, "def": 40, "spa": 85, "spd": 75, "spe": 95}, "stats": {"hp": 268, "atk": 100, "def": 130, "spa": 215, "spd": 196, "spe": 234}, "types": ["Electric"]}, "Tatsugiri": {"name": "Tatsugiri", "species": "Tatsugiri", "speciesId": "tatsugiri", "gender": "F", "shiny": false, "level": 87, "moves": ["nastyplot", "dracometeor", "hydropump", "rapidspin"], "ability": "Storm Drain", "evs": {"hp": 85, "atk": 85, "def": 85, "spa": 85, "spd": 85, "spe": 85}, "ivs": {"hp": 31, "atk": 31, "def": 31, "spa": 31, "spd": 31, "spe": 31}, "item": "Heavy-Duty Boots", "teraType": "Water", "role": "Fast Support", "bvs": {"hp": 68, "atk": 50, "def": 60, "spa": 120, "spd": 95, "spe": 82}, "stats": {"hp": 260, "atk": 137, "def": 154, "spa": 259, "spd": 215, "spe": 192}, "types": ["Dragon", "Water"]}}, {"Abomasnow": {"name": "Abomasnow", "species": "Abomasnow", "speciesId": "abomasnow", "gender": "F", "shiny": false, "level": 84, "moves": ["woodhammer", "iceshard", "blizzard", "auroraveil"], "ability": "Snow Warning", "evs": {"hp": 77, "atk": 85, "def": 85, "spa": 85, "spd": 85, "spe": 85}, "ivs": {"hp": 31, "atk": 31, "def": 31, "spa": 31, "spd": 31, "spe": 31}, "item": "Light Clay", "teraType": "Ghost", "role": "Bulky Support", "bvs": {"hp": 90, "atk": 92, "def": 75, "spa": 92, "spd": 85, "spe": 60}, "stats": {"hp": 287, "atk": 203, "def": 174, "spa": 203, "spd": 191, "spe": 149}, "types": ["Grass", "Ice"]}, "Gurdurr": {"name": "Gurdurr", "species": "Gurdurr", "speciesId": "gurdurr", "gender": "F", "shiny": false, "level": 85, "moves": ["drainpunch", "bulkup", "knockoff", "machpunch"], "ability": "Guts", "evs": {"hp": 85, "atk": 85, "def": 85, "spa": 85, "spd": 85, "spe": 85}, "ivs": {"hp": 31, "atk": 31, "def": 31, "spa": 31, "spd": 31, "spe": 31}, "item": "Eviolite", "teraType": "Steel", "role": "Bulky Attacker", "bvs": {"hp": 85, "atk": 105, "def": 85, "spa": 40, "spd": 50, "spe": 40}, "stats": {"hp": 283, "atk": 227, "def": 193, "spa": 117, "spd": 134, "spe": 117}, "types": ["Fighting"]}, "Kommo-o": {"name": "Kommo-o", "species": "Kommo-o", "speciesId": "kommoo", "gender": "M", "shiny": false, "level": 78, "moves": ["scaleshot", "swordsdance", "ironhead", "closecombat"], "ability": "Soundproof", "evs": {"hp": 85, "atk": 85, "def": 85, "spa": 85, "spd": 85, "spe": 85}, "ivs": {"hp": 31, "atk": 31, "def": 31, "spa": 31, "spd": 31, "spe": 31}, "item": "Loaded Dice", "teraType": "Steel", "role": "Setup Sweeper", "bvs": {"hp": 75, "atk": 110, "def": 125, "spa": 100, "spd": 105, "spe": 85}, "stats": {"hp": 245, "atk": 217, "def": 240, "spa": 201, "spd": 209, "spe": 178}, "types": ["Dragon", "Fighting"]}, "Bisharp": {"name": "Bisharp", "species": "Bisharp", "speciesId": "bisharp", "gender": "F", "shiny": false, "level": 79, "moves": ["throatchop", "ironhead", "suckerpunch", "swordsdance"], "ability": "Defiant", "evs": {"hp": 85, "atk": 85, "def": 85, "spa": 85, "spd": 85, "spe": 85}, "ivs": {"hp": 31, "atk": 31, "def": 31, "spa": 31, "spd": 31, "spe": 31}, "item": "Eviolite", "teraType": "Ghost", "role": "Bulky Attacker", "bvs": {"hp": 65, "atk": 125, "def": 100, "spa": 60, "spd": 70, "spe": 70}, "stats": {"hp": 232, "atk": 243, "def": 204, "spa": 140, "spd": 156, "spe": 156}, "types": ["Dark", "Steel"]}, "Volcanion": {"name": "Volcanion", "species": "Volcanion", "speciesId": "volcanion", "gender": "N", "shiny": false, "level": 79, "moves": ["flamethrower", "steameruption", "flamecharge", "earthpower"], "ability": "Water Absorb", "evs": {"hp": 81, "atk": 85, "def": 85, "spa": 85, "spd": 85, "spe": 85}, "ivs": {"hp": 31, "atk": 31, "def": 31, "spa": 31, "spd": 31, "spe": 31}, "item": "Assault Vest", "teraType": "Ground", "role": "Bulky Attacker", "bvs": {"hp": 80, "atk": 110, "def": 120, "spa": 130, "spd": 90, "spe": 70}, "stats": {"hp": 255, "atk": 219, "def": 235, "spa": 251, "spd": 188, "spe": 156}, "types": ["Fire", "Water"]}, "Wugtrio": {"name": "Wugtrio", "species": "Wugtrio", "speciesId": "wugtrio", "gender": "F", "shiny": false, "level": 91, "moves": ["throatchop", "liquidation", "aquajet", "stompingtantrum"], "ability": "Gooey", "evs": {"hp": 85, "atk": 85, "def": 85, "spa": 85, "spd": 85, "spe": 85}, "ivs": {"hp": 31, "atk": 31, "def": 31, "spa": 31, "spd": 31, "spe": 31}, "item": "Choice Band", "teraType": "Water", "role": "Fast Attacker", "bvs": {"hp": 35, "atk": 100, "def": 50, "spa": 50, "spd": 70, "spe": 120}, "stats": {"hp": 212, "atk": 234, "def": 143, "spa": 143, "spd": 179, "spe": 270}, "types": ["Water"]}}]}