{"id": "gen9randombattle-2631446752", "format": "[Gen 9] Random Battle", "players": ["junipersperson", "EduArdo1516"], "log": "|j|\u2606junipersperson\n|j|\u2606EduArdo1516\n|t:|1781385712\n|gametype|singles\n|player|p1|junipersperson|101|1908\n|player|p2|EduArdo1516|265|1986\n|gen|9\n|tier|[Gen 9] Random Battle\n|rated|\n|rule|Species Clause: Limit one of each Pok\u00e9mon\n|rule|HP Percentage Mod: HP is shown in percentages\n|rule|Sleep Clause Mod: Limit one foe put to sleep\n|rule|Illusion Level Mod: Illusion disguises the Pok\u00e9mon's true level\n|\n|t:|1781385712\n|teamsize|p1|6\n|teamsize|p2|6\n|start\n|switch|p1a: Overqwil|Overqwil, L82, M|274/274\n|switch|p2a: Kyogre|Kyogre, L71|259/259\n|-weather|RainDance|[from] ability: Drizzle|[of] p2a: Kyogre\n|-ability|p1a: Overqwil|Intimidate|boost\n|-unboost|p2a: Kyogre|atk|1\n|turn|1\n|inactive|Battle timer is ON: inactive players will automatically lose when time's up. (requested by EduArdo1516)\n|\n|t:|1781385727\n|move|p2a: Kyogre|Water Spout|p1a: Overqwil\n|-damage|p1a: Overqwil|0 fnt\n|faint|p1a: Overqwil\n|\n|-weather|RainDance|[upkeep]\n|upkeep\n|\n|t:|1781385731\n|switch|p1a: Glaceon|Glaceon, L94, F|275/275\n|turn|2\n|\n|t:|1781385739\n|switch|p2a: Magcargo|Magcargo, L95, F|268/268\n|move|p1a: Glaceon|Freeze-Dry|p2a: Magcargo\n|-resisted|p2a: Magcargo\n|-damage|p2a: Magcargo|213/268\n|\n|-weather|RainDance|[upkeep]\n|upkeep\n|turn|3\n|inactive|EduArdo1516 has 120 seconds left.\n|\n|t:|1781385769\n|switch|p2a: Mabosstiff|Mabosstiff, L86, F|278/278\n|move|p1a: Glaceon|Mud Shot|p2a: Mabosstiff\n|-damage|p2a: Mabosstiff|213/278\n|-unboost|p2a: Mabosstiff|spe|1\n|\n|-weather|RainDance|[upkeep]\n|upkeep\n|turn|4\n|\n|t:|1781385776\n|move|p1a: Glaceon|Protect|p1a: Glaceon\n|-singleturn|p1a: Glaceon|Protect\n|move|p2a: Mabosstiff|Crunch|p1a: Glaceon\n|-activate|p1a: Glaceon|move: Protect\n|\n|-weather|RainDance|[upkeep]\n|upkeep\n|turn|5\n|\n|t:|1781385781\n|move|p1a: Glaceon|Wish|p1a: Glaceon\n|move|p2a: Mabosstiff|Crunch|p1a: Glaceon\n|-damage|p1a: Glaceon|146/275\n|-unboost|p1a: Glaceon|def|1\n|\n|-weather|none\n|upkeep\n|turn|6\n|\n|t:|1781385787\n|switch|p1a: Houndoom|Houndoom, L87, F|272/272\n|move|p2a: Mabosstiff|Crunch|p1a: Houndoom\n|-resisted|p1a: Houndoom\n|-damage|p1a: Houndoom|44/272\n|\n|-heal|p1a: Houndoom|181/272|[from] move: Wish|[wisher] Glaceon\n|upkeep\n|turn|7\n|\n|t:|1781385799\n|move|p1a: Houndoom|Fire Blast|p2a: Mabosstiff\n|-damage|p2a: Mabosstiff|66/278\n|move|p2a: Mabosstiff|Crunch|p1a: Houndoom\n|-resisted|p1a: Houndoom\n|-damage|p1a: Houndoom|62/272\n|\n|upkeep\n|turn|8\n|\n|t:|1781385806\n|move|p1a: Houndoom|Fire Blast|p2a: Mabosstiff\n|-damage|p2a: Mabosstiff|0 fnt\n|faint|p2a: Mabosstiff\n|\n|upkeep\n|\n|t:|1781385816\n|switch|p2a: Persian|Persian-Alola, L86, M|252/252\n|turn|9\n|\n|t:|1781385822\n|switch|p1a: Eelektross|Eelektross, L87, F|290/290\n|move|p2a: Persian|Thunderbolt|p1a: Eelektross\n|-resisted|p1a: Eelektross\n|-damage|p1a: Eelektross|250/290\n|-damage|p2a: Persian|227/252|[from] item: Life Orb\n|\n|-heal|p1a: Eelektross|268/290|[from] item: Leftovers\n|upkeep\n|turn|10\n|\n|t:|1781385832\n|move|p2a: Persian|Nasty Plot|p2a: Persian\n|-boost|p2a: Persian|spa|2\n|move|p1a: Eelektross|Coil|p1a: Eelektross\n|-boost|p1a: Eelektross|atk|1\n|-boost|p1a: Eelektross|def|1\n|-boost|p1a: Eelektross|accuracy|1\n|\n|-heal|p1a: Eelektross|286/290|[from] item: Leftovers\n|upkeep\n|turn|11\n|\n|t:|1781385836\n|move|p2a: Persian|Dark Pulse|p1a: Eelektross\n|-damage|p1a: Eelektross|103/290\n|-damage|p2a: Persian|202/252|[from] item: Life Orb\n|move|p1a: Eelektross|Drain Punch|p2a: Persian\n|-supereffective|p2a: Persian\n|-damage|p2a: Persian|70/252\n|-heal|p1a: Eelektross|169/290|[from] drain|[of] p2a: Persian\n|\n|-heal|p1a: Eelektross|187/290|[from] item: Leftovers\n|upkeep\n|turn|12\n|\n|t:|1781385845\n|move|p2a: Persian|Dark Pulse|p1a: Eelektross\n|-damage|p1a: Eelektross|0 fnt\n|faint|p1a: Eelektross\n|-damage|p2a: Persian|45/252|[from] item: Life Orb\n|\n|upkeep\n|\n|t:|1781385857\n|switch|p1a: Forretress|Forretress, L84, M|263/263\n|turn|13\n|\n|t:|1781385864\n|move|p2a: Persian|Dark Pulse|p1a: Forretress\n|-damage|p1a: Forretress|2/263\n|-damage|p2a: Persian|20/252|[from] item: Life Orb\n|move|p1a: Forretress|Rapid Spin|p2a: Persian\n|-damage|p2a: Persian|0 fnt\n|-boost|p1a: Forretress|spe|1\n|faint|p2a: Persian\n|\n|-heal|p1a: Forretress|18/263|[from] item: Leftovers\n|upkeep\n|\n|t:|1781385877\n|switch|p2a: Kyogre|Kyogre, L71|259/259\n|-weather|RainDance|[from] ability: Drizzle|[of] p2a: Kyogre\n|turn|14\n|\n|t:|1781385884\n|move|p2a: Kyogre|Water Spout|p1a: Forretress\n|-damage|p1a: Forretress|0 fnt\n|faint|p1a: Forretress\n|\n|-weather|RainDance|[upkeep]\n|upkeep\n|\n|t:|1781385886\n|switch|p1a: Houndoom|Houndoom, L87, F|62/272\n|turn|15\n|\n|t:|1781385890\n|switch|p2a: Magcargo|Magcargo, L95, F|213/268\n|move|p1a: Houndoom|Sucker Punch||[still]\n|-fail|p1a: Houndoom\n|\n|-weather|RainDance|[upkeep]\n|upkeep\n|turn|16\n|\n|t:|1781385894\n|switch|p1a: Spectrier|Spectrier, L75|274/274\n|move|p2a: Magcargo|Power Gem|p1a: Spectrier\n|-damage|p1a: Spectrier|151/274\n|\n|-weather|RainDance|[upkeep]\n|upkeep\n|turn|17\n|\n|t:|1781385902\n|move|p1a: Spectrier|Shadow Ball|p2a: Magcargo\n|-damage|p2a: Magcargo|88/268\n|-damage|p1a: Spectrier|124/274|[from] item: Life Orb\n|move|p2a: Magcargo|Power Gem|p1a: Spectrier\n|-crit|p1a: Spectrier\n|-damage|p1a: Spectrier|0 fnt\n|faint|p1a: Spectrier\n|\n|-weather|RainDance|[upkeep]\n|upkeep\n|\n|t:|1781385907\n|switch|p1a: Glaceon|Glaceon, L94, F|146/275\n|turn|18\n|\n|t:|1781385911\n|move|p1a: Glaceon|Wish|p1a: Glaceon\n|move|p2a: Magcargo|Power Gem|p1a: Glaceon\n|-supereffective|p1a: Glaceon\n|-damage|p1a: Glaceon|0 fnt\n|faint|p1a: Glaceon\n|\n|-weather|none\n|upkeep\n|\n|t:|1781385914\n|switch|p1a: Houndoom|Houndoom, L87, F|62/272\n|turn|19\n|\n|t:|1781385919\n|move|p1a: Houndoom|Dark Pulse|p2a: Magcargo\n|-damage|p2a: Magcargo|0 fnt\n|faint|p2a: Magcargo\n|\n|-heal|p1a: Houndoom|199/272|[from] move: Wish|[wisher] Glaceon\n|upkeep\n|\n|t:|1781385923\n|switch|p2a: Kyogre|Kyogre, L71|259/259\n|-weather|RainDance|[from] ability: Drizzle|[of] p2a: Kyogre\n|turn|20\n|\n|t:|1781385931\n|-terastallize|p1a: Houndoom|Fire\n|move|p1a: Houndoom|Sucker Punch|p2a: Kyogre\n|-damage|p2a: Kyogre|178/259\n|move|p2a: Kyogre|Water Spout|p1a: Houndoom\n|-supereffective|p1a: Houndoom\n|-damage|p1a: Houndoom|0 fnt\n|faint|p1a: Houndoom\n|\n|win|EduArdo1516\n", "inputlog": ">version a8376a258c1d4662feba110a92103f3664a72141\n>start {\"formatid\":\"gen9randombattle\",\"seed\":\"sodium,8ac2b92fb02b284ab0c516bb88efbfd4\",\"rated\":\"Rated battle\"}\n>player p1 {\"name\":\"junipersperson\",\"avatar\":\"101\",\"rating\":1908,\"seed\":\"sodium,b2bbf7b7defbbb179dab2607f2b2f97e\"}\n>player p2 {\"name\":\"EduArdo1516\",\"avatar\":\"265\",\"rating\":1986,\"seed\":\"sodium,6d2dea4a230880fcd90abd50ef6f359d\"}\n>p1 move gunkshot\n>p2 move waterspout\n>p1 switch 2\n>p1 move freezedry\n>p2 switch 5\n>p1 move mudshot\n>p2 switch 2\n>p1 move protect\n>p2 move crunch\n>p1 move wish\n>p2 move crunch\n>p1 switch 5\n>p2 move crunch\n>p1 move fireblast\n>p2 move crunch\n>p1 move fireblast\n>p2 move crunch\n>p2 switch 3\n>p1 switch 4\n>p2 move thunderbolt\n>p1 move coil\n>p2 move nastyplot\n>p1 move drainpunch\n>p2 move darkpulse\n>p1 move drainpunch\n>p2 move darkpulse\n>p1 switch 3\n>p1 move rapidspin\n>p2 move darkpulse\n>p2 switch 5\n>p1 move bodypress\n>p2 move waterspout\n>p1 switch 4\n>p1 move suckerpunch\n>p2 switch 2\n>p1 switch 6\n>p2 move powergem\n>p1 move shadowball\n>p2 move powergem\n>p1 switch 5\n>p1 move wish\n>p2 move powergem\n>p1 switch 6\n>p1 move darkpulse\n>p2 move powergem\n>p2 switch 2\n>p1 move suckerpunch terastallize\n>p2 move waterspout", "uploadtime": 1781385714, "views": 8, "formatid": "gen9randombattle", "rating": null, "private": 0, "password": null, "player_dets": [{"name": "junipersperson", "avatar": "101", "rating": 1908, "seed": "sodium,b2bbf7b7defbbb179dab2607f2b2f97e"}, {"name": "EduArdo1516", "avatar": "265", "rating": 1986, "seed": "sodium,6d2dea4a230880fcd90abd50ef6f359d"}], "teams_full": [{"Overqwil": {"name": "Overqwil", "species": "Overqwil", "speciesId": "overqwil", "gender": "M", "shiny": false, "level": 82, "moves": ["liquidation", "crunch", "swordsdance", "gunkshot"], "ability": "Intimidate", "evs": {"hp": 85, "atk": 85, "def": 85, "spa": 85, "spd": 85, "spe": 85}, "ivs": {"hp": 31, "atk": 31, "def": 31, "spa": 31, "spd": 31, "spe": 31}, "item": "Life Orb", "teraType": "Water", "role": "Fast Attacker", "bvs": {"hp": 85, "atk": 115, "def": 95, "spa": 65, "spd": 65, "spe": 85}, "stats": {"hp": 274, "atk": 236, "def": 203, "spa": 154, "spd": 154, "spe": 187}, "types": ["Dark", "Poison"]}, "Glaceon": {"name": "Glaceon", "species": "Glaceon", "speciesId": "glaceon", "gender": "F", "shiny": false, "level": 94, "moves": ["mudshot", "freezedry", "wish", "protect"], "ability": "Ice Body", "evs": {"hp": 85, "atk": 0, "def": 85, "spa": 85, "spd": 85, "spe": 85}, "ivs": {"hp": 31, "atk": 0, "def": 31, "spa": 31, "spd": 31, "spe": 31}, "item": "Heavy-Duty Boots", "teraType": "Ground", "role": "Bulky Attacker", "bvs": {"hp": 65, "atk": 60, "def": 110, "spa": 130, "spd": 95, "spe": 65}, "stats": {"hp": 275, "atk": 117, "def": 260, "spa": 298, "spd": 232, "spe": 176}, "types": ["Ice"]}, "Forretress": {"name": "Forretress", "species": "Forretress", "speciesId": "forretress", "gender": "M", "shiny": false, "level": 84, "moves": ["rapidspin", "ironhead", "bodypress", "spikes"], "ability": "Sturdy", "evs": {"hp": 85, "atk": 85, "def": 85, "spa": 85, "spd": 85, "spe": 85}, "ivs": {"hp": 31, "atk": 31, "def": 31, "spa": 31, "spd": 31, "spe": 31}, "item": "Leftovers", "teraType": "Fighting", "role": "Bulky Attacker", "bvs": {"hp": 75, "atk": 90, "def": 140, "spa": 60, "spd": 60, "spe": 40}, "stats": {"hp": 263, "atk": 199, "def": 283, "spa": 149, "spd": 149, "spe": 115}, "types": ["Bug", "Steel"]}, "Eelektross": {"name": "Eelektross", "species": "Eelektross", "speciesId": "eelektross", "gender": "F", "shiny": false, "level": 87, "moves": ["drainpunch", "coil", "knockoff", "supercellslam"], "ability": "Levitate", "evs": {"hp": 85, "atk": 85, "def": 85, "spa": 85, "spd": 85, "spe": 85}, "ivs": {"hp": 31, "atk": 31, "def": 31, "spa": 31, "spd": 31, "spe": 31}, "item": "Leftovers", "teraType": "Fighting", "role": "Bulky Setup", "bvs": {"hp": 85, "atk": 115, "def": 80, "spa": 105, "spd": 80, "spe": 50}, "stats": {"hp": 290, "atk": 250, "def": 189, "spa": 232, "spd": 189, "spe": 137}, "types": ["Electric"]}, "Houndoom": {"name": "Houndoom", "species": "Houndoom", "speciesId": "houndoom", "gender": "F", "shiny": false, "level": 87, "moves": ["darkpulse", "suckerpunch", "fireblast", "sludgebomb"], "ability": "Flash Fire", "evs": {"hp": 85, "atk": 85, "def": 85, "spa": 85, "spd": 85, "spe": 85}, "ivs": {"hp": 31, "atk": 31, "def": 31, "spa": 31, "spd": 31, "spe": 31}, "item": "Heavy-Duty Boots", "teraType": "Fire", "role": "Fast Attacker", "bvs": {"hp": 75, "atk": 90, "def": 50, "spa": 110, "spd": 80, "spe": 95}, "stats": {"hp": 272, "atk": 206, "def": 137, "spa": 241, "spd": 189, "spe": 215}, "types": ["Dark", "Fire"]}, "Spectrier": {"name": "Spectrier", "species": "Spectrier", "speciesId": "spectrier", "gender": "N", "shiny": false, "level": 75, "moves": ["willowisp", "shadowball", "drainingkiss", "nastyplot"], "ability": "Grim Neigh", "evs": {"hp": 85, "atk": 0, "def": 85, "spa": 85, "spd": 85, "spe": 85}, "ivs": {"hp": 31, "atk": 0, "def": 31, "spa": 31, "spd": 31, "spe": 31}, "item": "Life Orb", "teraType": "Fairy", "role": "Setup Sweeper", "bvs": {"hp": 100, "atk": 65, "def": 60, "spa": 145, "spd": 80, "spe": 130}, "stats": {"hp": 274, "atk": 102, "def": 134, "spa": 261, "spd": 164, "spe": 239}, "types": ["Ghost"]}}, {"Kyogre": {"name": "Kyogre", "species": "Kyogre", "speciesId": "kyogre", "gender": "N", "shiny": false, "level": 71, "moves": ["waterspout", "originpulse", "thunder", "icebeam"], "ability": "Drizzle", "evs": {"hp": 85, "atk": 0, "def": 85, "spa": 85, "spd": 85, "spe": 85}, "ivs": {"hp": 31, "atk": 0, "def": 31, "spa": 31, "spd": 31, "spe": 31}, "item": "Choice Scarf", "teraType": "Water", "role": "Fast Attacker", "bvs": {"hp": 100, "atk": 100, "def": 90, "spa": 150, "spd": 140, "spe": 90}, "stats": {"hp": 259, "atk": 147, "def": 169, "spa": 254, "spd": 240, "spe": 169}, "types": ["Water"]}, "Mabosstiff": {"name": "Mabosstiff", "species": "Mabosstiff", "speciesId": "mabosstiff", "gender": "F", "shiny": false, "level": 86, "moves": ["playrough", "crunch", "wildcharge", "psychicfangs"], "ability": "Stakeout", "evs": {"hp": 85, "atk": 85, "def": 85, "spa": 85, "spd": 85, "spe": 85}, "ivs": {"hp": 31, "atk": 31, "def": 31, "spa": 31, "spd": 31, "spe": 31}, "item": "Choice Band", "teraType": "Fairy", "role": "Bulky Attacker", "bvs": {"hp": 80, "atk": 120, "def": 90, "spa": 60, "spd": 70, "spe": 85}, "stats": {"hp": 278, "atk": 256, "def": 204, "spa": 152, "spd": 170, "spe": 195}, "types": ["Dark"]}, "Persian": {"name": "Persian", "species": "Persian-Alola", "speciesId": "persianalola", "gender": "M", "shiny": false, "level": 86, "moves": ["thunderbolt", "darkpulse", "terablast", "nastyplot"], "ability": "Fur Coat", "evs": {"hp": 85, "atk": 0, "def": 85, "spa": 85, "spd": 85, "spe": 85}, "ivs": {"hp": 31, "atk": 0, "def": 31, "spa": 31, "spd": 31, "spe": 31}, "item": "Life Orb", "teraType": "Fairy", "role": "Tera Blast user", "bvs": {"hp": 65, "atk": 60, "def": 60, "spa": 75, "spd": 65, "spe": 115}, "stats": {"hp": 252, "atk": 108, "def": 152, "spa": 178, "spd": 161, "spe": 247}, "types": ["Dark"]}, "Bellossom": {"name": "Bellossom", "species": "Bellossom", "speciesId": "bellossom", "gender": "M", "shiny": false, "level": 84, "moves": ["quiverdance", "gigadrain", "sludgebomb", "strengthsap"], "ability": "Chlorophyll", "evs": {"hp": 85, "atk": 0, "def": 85, "spa": 85, "spd": 85, "spe": 85}, "ivs": {"hp": 31, "atk": 0, "def": 31, "spa": 31, "spd": 31, "spe": 31}, "item": "Leftovers", "teraType": "Poison", "role": "Bulky Setup", "bvs": {"hp": 75, "atk": 80, "def": 95, "spa": 90, "spd": 100, "spe": 50}, "stats": {"hp": 263, "atk": 139, "def": 208, "spa": 199, "spd": 216, "spe": 132}, "types": ["Grass"]}, "Magcargo": {"name": "Magcargo", "species": "Magcargo", "speciesId": "magcargo", "gender": "F", "shiny": false, "level": 95, "moves": ["yawn", "recover", "lavaplume", "powergem"], "ability": "Flame Body", "evs": {"hp": 85, "atk": 0, "def": 85, "spa": 85, "spd": 85, "spe": 85}, "ivs": {"hp": 31, "atk": 0, "def": 31, "spa": 31, "spd": 31, "spe": 31}, "item": "Heavy-Duty Boots", "teraType": "Dragon", "role": "Bulky Support", "bvs": {"hp": 60, "atk": 50, "def": 120, "spa": 90, "spd": 80, "spe": 30}, "stats": {"hp": 268, "atk": 100, "def": 282, "spa": 225, "spd": 206, "spe": 111}, "types": ["Fire", "Rock"]}, "Mimikyu": {"name": "Mimikyu", "species": "Mimikyu", "speciesId": "mimikyu", "gender": "F", "shiny": false, "level": 79, "moves": ["shadowclaw", "playrough", "swordsdance", "shadowsneak"], "ability": "Disguise", "evs": {"hp": 85, "atk": 85, "def": 85, "spa": 85, "spd": 85, "spe": 85}, "ivs": {"hp": 31, "atk": 31, "def": 31, "spa": 31, "spd": 31, "spe": 31}, "item": "Life Orb", "teraType": "Ghost", "role": "Fast Bulky Setup", "bvs": {"hp": 55, "atk": 90, "def": 80, "spa": 50, "spd": 105, "spe": 96}, "stats": {"hp": 216, "atk": 188, "def": 172, "spa": 125, "spd": 211, "spe": 197}, "types": ["Ghost", "Fairy"]}}]}