{"id": "gen9randombattle-2631487420", "format": "[Gen 9] Random Battle", "players": ["Fortre", "Ggstarmie"], "log": "|j|\u2606Fortre\n|j|\u2606Ggstarmie\n|t:|1781391280\n|gametype|singles\n|player|p1|Fortre|1|2069\n|player|p2|Ggstarmie|2|2081\n|gen|9\n|tier|[Gen 9] Random Battle\n|rated|\n|rule|Species Clause: Limit one of each Pok\u00e9mon\n|rule|HP Percentage Mod: HP is shown in percentages\n|rule|Sleep Clause Mod: Limit one foe put to sleep\n|rule|Illusion Level Mod: Illusion disguises the Pok\u00e9mon's true level\n|\n|t:|1781391280\n|teamsize|p1|6\n|teamsize|p2|6\n|start\n|switch|p1a: Hydreigon|Hydreigon, L79, M|275/275\n|switch|p2a: Raikou|Raikou, L81|278/278\n|-ability|p2a: Raikou|Pressure\n|turn|1\n|\n|t:|1781391299\n|switch|p1a: Minun|Minun, L95, F|268/268\n|move|p2a: Raikou|Substitute|p2a: Raikou\n|-start|p2a: Raikou|Substitute\n|-damage|p2a: Raikou|209/278\n|\n|-heal|p2a: Raikou|226/278|[from] item: Leftovers\n|upkeep\n|turn|2\n|inactive|Battle timer is ON: inactive players will automatically lose when time's up. (requested by Ggstarmie)\n|inactive|Fortre has 120 seconds left.\n|inactive|Fortre has 90 seconds left.\n|\n|t:|1781391410\n|move|p1a: Minun|Nasty Plot|p1a: Minun\n|-boost|p1a: Minun|spa|2\n|move|p2a: Raikou|Calm Mind|p2a: Raikou\n|-boost|p2a: Raikou|spa|1\n|-boost|p2a: Raikou|spd|1\n|\n|-heal|p2a: Raikou|243/278|[from] item: Leftovers\n|upkeep\n|turn|3\n|\n|t:|1781391417\n|move|p1a: Minun|Nasty Plot|p1a: Minun\n|-boost|p1a: Minun|spa|2\n|move|p2a: Raikou|Calm Mind|p2a: Raikou\n|-boost|p2a: Raikou|spa|1\n|-boost|p2a: Raikou|spd|1\n|\n|-heal|p2a: Raikou|260/278|[from] item: Leftovers\n|upkeep\n|turn|4\n|inactive|Fortre has 120 seconds left.\n|\n|t:|1781391468\n|move|p1a: Minun|Alluring Voice|p2a: Raikou\n|-damage|p2a: Raikou|142/278\n|-damage|p1a: Minun|242/268|[from] item: Life Orb\n|move|p2a: Raikou|Scald|p1a: Minun\n|-damage|p1a: Minun|129/268\n|\n|-heal|p2a: Raikou|159/278|[from] item: Leftovers\n|upkeep\n|turn|5\n|inactive|Fortre has 90 seconds left.\n|\n|t:|1781391487\n|move|p1a: Minun|Grass Knot|p2a: Raikou\n|-crit|p2a: Raikou\n|-end|p2a: Raikou|Substitute\n|-damage|p1a: Minun|103/268|[from] item: Life Orb\n|move|p2a: Raikou|Scald|p1a: Minun\n|-damage|p1a: Minun|0 fnt\n|faint|p1a: Minun\n|\n|-heal|p2a: Raikou|176/278|[from] item: Leftovers\n|upkeep\n|inactive|Fortre has 90 seconds left.\n|\n|t:|1781391497\n|switch|p1a: Seviper|Seviper, L93, F|287/287\n|turn|6\n|\n|t:|1781391500\n|move|p2a: Raikou|Thunderbolt|p1a: Seviper\n|-damage|p1a: Seviper|41/287\n|move|p1a: Seviper|Gunk Shot|p2a: Raikou\n|-damage|p2a: Raikou|0 fnt\n|faint|p2a: Raikou\n|-damage|p1a: Seviper|13/287|[from] item: Life Orb\n|\n|upkeep\n|inactive|Ggstarmie has 120 seconds left.\n|\n|t:|1781391535\n|switch|p2a: Oricorio|Oricorio, L84, M|263/263\n|turn|7\n|\n|t:|1781391545\n|move|p2a: Oricorio|Revelation Dance|p1a: Seviper\n|-damage|p1a: Seviper|0 fnt\n|faint|p1a: Seviper\n|\n|upkeep\n|\n|t:|1781391550\n|switch|p1a: Hydreigon|Hydreigon, L79, M|275/275\n|turn|8\n|\n|t:|1781391553\n|move|p2a: Oricorio|Quiver Dance|p2a: Oricorio\n|-boost|p2a: Oricorio|spa|1\n|-boost|p2a: Oricorio|spd|1\n|-boost|p2a: Oricorio|spe|1\n|move|p1a: Hydreigon|Nasty Plot|p1a: Hydreigon\n|-boost|p1a: Hydreigon|spa|2\n|\n|upkeep\n|turn|9\n|inactive|Fortre has 120 seconds left.\n|\n|t:|1781391563\n|move|p2a: Oricorio|Hurricane|p1a: Hydreigon|[miss]\n|-miss|p2a: Oricorio|p1a: Hydreigon\n|move|p1a: Hydreigon|Dark Pulse|p2a: Oricorio\n|-damage|p2a: Oricorio|86/263\n|-damage|p1a: Hydreigon|248/275|[from] item: Life Orb\n|\n|upkeep\n|turn|10\n|\n|t:|1781391567\n|move|p2a: Oricorio|Hurricane|p1a: Hydreigon\n|-damage|p1a: Hydreigon|53/275\n|move|p1a: Hydreigon|Dark Pulse|p2a: Oricorio\n|-damage|p2a: Oricorio|0 fnt\n|faint|p2a: Oricorio\n|-damage|p1a: Hydreigon|26/275|[from] item: Life Orb\n|\n|upkeep\n|\n|t:|1781391577\n|switch|p2a: Maushold|Maushold, L76|238/238\n|turn|11\n|\n|t:|1781391594\n|move|p2a: Maushold|Population Bomb|p1a: Hydreigon\n|-damage|p1a: Hydreigon|1/275\n|-damage|p1a: Hydreigon|0 fnt\n|faint|p1a: Hydreigon\n|-hitcount|p1: Hydreigon|2\n|\n|upkeep\n|\n|t:|1781391597\n|switch|p1a: Cresselia|Cresselia, L80, F|323/323\n|turn|12\n|\n|t:|1781391606\n|move|p2a: Maushold|Tidy Up|p2a: Maushold\n|-boost|p2a: Maushold|atk|1\n|-boost|p2a: Maushold|spe|1\n|move|p1a: Cresselia|Psyshock|p2a: Maushold\n|-damage|p2a: Maushold|159/238\n|\n|upkeep\n|turn|13\n|\n|t:|1781391622\n|move|p2a: Maushold|Population Bomb|p1a: Cresselia\n|-damage|p1a: Cresselia|295/323\n|-damage|p1a: Cresselia|268/323\n|-damage|p1a: Cresselia|238/323\n|-damage|p1a: Cresselia|207/323\n|-damage|p1a: Cresselia|174/323\n|-damage|p1a: Cresselia|147/323\n|-crit|p1a: Cresselia\n|-damage|p1a: Cresselia|104/323\n|-damage|p1a: Cresselia|74/323\n|-damage|p1a: Cresselia|46/323\n|-damage|p1a: Cresselia|16/323\n|-hitcount|p1a: Cresselia|10\n|move|p1a: Cresselia|Psyshock|p2a: Maushold\n|-damage|p2a: Maushold|66/238\n|\n|-heal|p1a: Cresselia|36/323|[from] item: Leftovers\n|upkeep\n|turn|14\n|\n|t:|1781391629\n|move|p2a: Maushold|Bite|p1a: Cresselia\n|-supereffective|p1a: Cresselia\n|-damage|p1a: Cresselia|0 fnt\n|faint|p1a: Cresselia\n|\n|upkeep\n|\n|t:|1781391649\n|switch|p1a: Urshifu|Urshifu-Rapid-Strike, L75, M|274/274\n|turn|15\n|\n|t:|1781391660\n|move|p2a: Maushold|Population Bomb|p1a: Urshifu\n|-damage|p1a: Urshifu|238/274\n|-damage|p1a: Urshifu|207/274\n|-damage|p1a: Urshifu|171/274\n|-damage|p1a: Urshifu|140/274\n|-damage|p1a: Urshifu|104/274\n|-damage|p1a: Urshifu|73/274\n|-damage|p1a: Urshifu|39/274\n|-damage|p1a: Urshifu|8/274\n|-damage|p1a: Urshifu|0 fnt\n|faint|p1a: Urshifu\n|-hitcount|p1: Urshifu|9\n|\n|upkeep\n|-message|Fortre forfeited.\n|\n|win|Ggstarmie\n", "inputlog": ">version a8376a258c1d4662feba110a92103f3664a72141\n>start {\"formatid\":\"gen9randombattle\",\"seed\":\"sodium,ac78b7a6a20a295b784038ec51d52bad\",\"rated\":\"Rated battle\"}\n>player p1 {\"name\":\"Fortre\",\"avatar\":\"1\",\"rating\":2069,\"seed\":\"sodium,13138d00d347ab9705a98d5a758ffc0b\"}\n>player p2 {\"name\":\"Ggstarmie\",\"avatar\":\"2\",\"rating\":2081,\"seed\":\"sodium,f7c5ef08154a66534bb0401fb91bddc4\"}\n>p1 switch 5\n>p2 move substitute\n>p1 move nastyplot\n>p2 move calmmind\n>p1 move nastyplot\n>p2 move calmmind\n>p1 move alluringvoice\n>p2 move scald\n>p1 move grassknot\n>p2 move scald\n>p1 switch 4\n>p1 move gunkshot\n>p2 move thunderbolt\n>p2 switch 2\n>p1 move glare\n>p2 move revelationdance\n>p1 switch 5\n>p1 move nastyplot\n>p2 move quiverdance\n>p1 move darkpulse\n>p2 move hurricane\n>p1 move darkpulse\n>p2 move hurricane\n>p2 switch 4\n>p1 move darkpulse\n>p2 move populationbomb\n>p1 switch 6\n>p1 move psyshock\n>p2 move tidyup\n>p1 move psyshock\n>p2 move populationbomb\n>p1 move psyshock\n>p2 move bite\n>p1 switch 2\n>p1 move surgingstrikes\n>p2 move populationbomb\n>forcelose p1", "uploadtime": 1781391282, "views": 5, "formatid": "gen9randombattle", "rating": null, "private": 0, "password": null, "player_dets": [{"name": "Fortre", "avatar": "1", "rating": 2069, "seed": "sodium,13138d00d347ab9705a98d5a758ffc0b"}, {"name": "Ggstarmie", "avatar": "2", "rating": 2081, "seed": "sodium,f7c5ef08154a66534bb0401fb91bddc4"}], "teams_full": [{"Hydreigon": {"name": "Hydreigon", "species": "Hydreigon", "speciesId": "hydreigon", "gender": "M", "shiny": false, "level": 79, "moves": ["fireblast", "nastyplot", "dracometeor", "darkpulse"], "ability": "Levitate", "evs": {"hp": 85, "atk": 0, "def": 85, "spa": 85, "spd": 85, "spe": 85}, "ivs": {"hp": 31, "atk": 0, "def": 31, "spa": 31, "spd": 31, "spe": 31}, "item": "Life Orb", "teraType": "Dragon", "role": "Fast Attacker", "bvs": {"hp": 92, "atk": 105, "def": 90, "spa": 125, "spd": 90, "spe": 98}, "stats": {"hp": 275, "atk": 170, "def": 188, "spa": 243, "spd": 188, "spe": 200}}, "Urshifu": {"name": "Urshifu", "species": "Urshifu-Rapid-Strike", "speciesId": "urshifurapidstrike", "gender": "M", "shiny": false, "level": 75, "moves": ["surgingstrikes", "closecombat", "uturn", "icespinner"], "ability": "Unseen Fist", "evs": {"hp": 85, "atk": 85, "def": 85, "spa": 85, "spd": 85, "spe": 85}, "ivs": {"hp": 31, "atk": 31, "def": 31, "spa": 31, "spd": 31, "spe": 31}, "item": "Choice Band", "teraType": "Water", "role": "Fast Attacker", "bvs": {"hp": 100, "atk": 130, "def": 100, "spa": 63, "spd": 60, "spe": 97}, "stats": {"hp": 274, "atk": 239, "def": 194, "spa": 138, "spd": 134, "spe": 189}}, "Toxicroak": {"name": "Toxicroak", "species": "Toxicroak", "speciesId": "toxicroak", "gender": "F", "shiny": false, "level": 84, "moves": ["closecombat", "gunkshot", "earthquake", "knockoff"], "ability": "Dry Skin", "evs": {"hp": 85, "atk": 85, "def": 85, "spa": 85, "spd": 85, "spe": 85}, "ivs": {"hp": 31, "atk": 31, "def": 31, "spa": 31, "spd": 31, "spe": 31}, "item": "Choice Band", "teraType": "Dark", "role": "Fast Attacker", "bvs": {"hp": 83, "atk": 106, "def": 65, "spa": 86, "spd": 65, "spe": 85}, "stats": {"hp": 277, "atk": 226, "def": 157, "spa": 193, "spd": 157, "spe": 191}}, "Seviper": {"name": "Seviper", "species": "Seviper", "speciesId": "seviper", "gender": "F", "shiny": false, "level": 93, "moves": ["glare", "flamethrower", "gigadrain", "gunkshot"], "ability": "Infiltrator", "evs": {"hp": 85, "atk": 85, "def": 85, "spa": 85, "spd": 85, "spe": 85}, "ivs": {"hp": 31, "atk": 31, "def": 31, "spa": 31, "spd": 31, "spe": 31}, "item": "Life Orb", "teraType": "Poison", "role": "Fast Attacker", "bvs": {"hp": 73, "atk": 100, "def": 60, "spa": 100, "spd": 60, "spe": 65}, "stats": {"hp": 287, "atk": 239, "def": 164, "spa": 239, "spd": 164, "spe": 174}}, "Minun": {"name": "Minun", "species": "Minun", "speciesId": "minun", "gender": "F", "shiny": false, "level": 95, "moves": ["thunderbolt", "nastyplot", "grassknot", "alluringvoice"], "ability": "Volt Absorb", "evs": {"hp": 85, "atk": 0, "def": 85, "spa": 85, "spd": 85, "spe": 85}, "ivs": {"hp": 31, "atk": 0, "def": 31, "spa": 31, "spd": 31, "spe": 31}, "item": "Life Orb", "teraType": "Electric", "role": "Setup Sweeper", "bvs": {"hp": 60, "atk": 40, "def": 50, "spa": 75, "spd": 85, "spe": 95}, "stats": {"hp": 268, "atk": 81, "def": 149, "spa": 196, "spd": 215, "spe": 234}}, "Cresselia": {"name": "Cresselia", "species": "Cresselia", "speciesId": "cresselia", "gender": "F", "shiny": false, "level": 80, "moves": ["psyshock", "thunderbolt", "moonlight", "calmmind"], "ability": "Levitate", "evs": {"hp": 85, "atk": 0, "def": 85, "spa": 85, "spd": 85, "spe": 85}, "ivs": {"hp": 31, "atk": 0, "def": 31, "spa": 31, "spd": 31, "spe": 31}, "item": "Leftovers", "teraType": "Electric", "role": "Bulky Setup", "bvs": {"hp": 120, "atk": 70, "def": 110, "spa": 75, "spd": 120, "spe": 85}, "stats": {"hp": 323, "atk": 117, "def": 222, "spa": 166, "spd": 238, "spe": 182}}}, {"Raikou": {"name": "Raikou", "species": "Raikou", "speciesId": "raikou", "gender": "N", "shiny": false, "level": 81, "moves": ["scald", "thunderbolt", "calmmind", "substitute"], "ability": "Pressure", "evs": {"hp": 85, "atk": 0, "def": 85, "spa": 85, "spd": 85, "spe": 85}, "ivs": {"hp": 31, "atk": 0, "def": 31, "spa": 31, "spd": 31, "spe": 31}, "item": "Leftovers", "teraType": "Grass", "role": "Bulky Setup", "bvs": {"hp": 90, "atk": 85, "def": 75, "spa": 115, "spd": 100, "spe": 115}, "stats": {"hp": 278, "atk": 142, "def": 168, "spa": 233, "spd": 209, "spe": 233}}, "Oricorio": {"name": "Oricorio", "species": "Oricorio", "speciesId": "oricorio", "gender": "M", "shiny": false, "level": 84, "moves": ["hurricane", "roost", "quiverdance", "revelationdance"], "ability": "Dancer", "evs": {"hp": 85, "atk": 0, "def": 85, "spa": 85, "spd": 85, "spe": 85}, "ivs": {"hp": 31, "atk": 0, "def": 31, "spa": 31, "spd": 31, "spe": 31}, "item": "Heavy-Duty Boots", "teraType": "Ground", "role": "Setup Sweeper", "bvs": {"hp": 75, "atk": 70, "def": 70, "spa": 98, "spd": 70, "spe": 93}, "stats": {"hp": 263, "atk": 122, "def": 166, "spa": 213, "spd": 166, "spe": 204}}, "Bellossom": {"name": "Bellossom", "species": "Bellossom", "speciesId": "bellossom", "gender": "M", "shiny": false, "level": 84, "moves": ["quiverdance", "sludgebomb", "strengthsap", "gigadrain"], "ability": "Chlorophyll", "evs": {"hp": 85, "atk": 0, "def": 85, "spa": 85, "spd": 85, "spe": 85}, "ivs": {"hp": 31, "atk": 0, "def": 31, "spa": 31, "spd": 31, "spe": 31}, "item": "Leftovers", "teraType": "Poison", "role": "Bulky Setup", "bvs": {"hp": 75, "atk": 80, "def": 95, "spa": 90, "spd": 100, "spe": 50}, "stats": {"hp": 263, "atk": 139, "def": 208, "spa": 199, "spd": 216, "spe": 132}}, "Maushold": {"name": "Maushold", "species": "Maushold", "speciesId": "maushold", "gender": "N", "shiny": false, "level": 76, "moves": ["tidyup", "populationbomb", "bite", "encore"], "ability": "Technician", "evs": {"hp": 85, "atk": 85, "def": 85, "spa": 85, "spd": 85, "spe": 85}, "ivs": {"hp": 31, "atk": 31, "def": 31, "spa": 31, "spd": 31, "spe": 31}, "item": "Wide Lens", "teraType": "Ghost", "role": "Setup Sweeper", "bvs": {"hp": 74, "atk": 75, "def": 70, "spa": 65, "spd": 75, "spe": 111}, "stats": {"hp": 238, "atk": 158, "def": 150, "spa": 143, "spd": 158, "spe": 213}}, "Ceruledge": {"name": "Ceruledge", "species": "Ceruledge", "speciesId": "ceruledge", "gender": "M", "shiny": false, "level": 78, "moves": ["swordsdance", "bitterblade", "closecombat", "poltergeist"], "ability": "Weak Armor", "evs": {"hp": 85, "atk": 85, "def": 85, "spa": 85, "spd": 85, "spe": 85}, "ivs": {"hp": 31, "atk": 31, "def": 31, "spa": 31, "spd": 31, "spe": 31}, "item": "Heavy-Duty Boots", "teraType": "Ghost", "role": "Setup Sweeper", "bvs": {"hp": 75, "atk": 125, "def": 80, "spa": 60, "spd": 100, "spe": 85}, "stats": {"hp": 245, "atk": 240, "def": 170, "spa": 139, "spd": 201, "spe": 178}}, "Articuno": {"name": "Articuno", "species": "Articuno-Galar", "speciesId": "articunogalar", "gender": "N", "shiny": false, "level": 84, "moves": ["freezingglare", "hurricane", "recover", "calmmind"], "ability": "Competitive", "evs": {"hp": 85, "atk": 0, "def": 85, "spa": 85, "spd": 85, "spe": 85}, "ivs": {"hp": 31, "atk": 0, "def": 31, "spa": 31, "spd": 31, "spe": 31}, "item": "Heavy-Duty Boots", "teraType": "Steel", "role": "Fast Bulky Setup", "bvs": {"hp": 90, "atk": 85, "def": 85, "spa": 125, "spd": 100, "spe": 95}, "stats": {"hp": 288, "atk": 147, "def": 191, "spa": 258, "spd": 216, "spe": 208}}}]}