{"id": "gen9randombattle-2631795747", "format": "[Gen 9] Random Battle", "players": ["Green Calf", "joebidenfan1245"], "log": "|j|\u2606Green Calf\n|j|\u203djoebidenfan1245\n|t:|1781440879\n|gametype|singles\n|player|p1|Green Calf|2|1931\n|player|p2|joebidenfan1245|265|1992\n|gen|9\n|tier|[Gen 9] Random Battle\n|rated|\n|rule|Species Clause: Limit one of each Pok\u00e9mon\n|rule|HP Percentage Mod: HP is shown in percentages\n|rule|Sleep Clause Mod: Limit one foe put to sleep\n|rule|Illusion Level Mod: Illusion disguises the Pok\u00e9mon's true level\n|\n|t:|1781440879\n|teamsize|p1|6\n|teamsize|p2|6\n|start\n|switch|p1a: Palafin|Palafin, L77, M|281/281\n|switch|p2a: Luvdisc|Luvdisc, F|247/247\n|turn|1\n|\n|t:|1781440906\n|detailschange|p1a: Palafin|Palafin-Hero, L77, M\n|switch|p1a: Spiritomb|Spiritomb, L89, F|234/234\n|move|p2a: Luvdisc|Substitute|p2a: Luvdisc\n|-start|p2a: Luvdisc|Substitute\n|-damage|p2a: Luvdisc|186/247\n|\n|upkeep\n|turn|2\n|\n|t:|1781440933\n|move|p2a: Luvdisc|Whirlpool|p1a: Spiritomb\n|-damage|p1a: Spiritomb|210/234\n|-activate|p1a: Spiritomb|move: Whirlpool|[of] p2a: Luvdisc\n|move|p1a: Spiritomb|Poltergeist|p2a: Luvdisc\n|-activate|p2a: Luvdisc|move: Poltergeist|Heavy-Duty Boots\n|-damage|p2a: Luvdisc|44/247\n|\n|-heal|p1a: Spiritomb|224/234|[from] item: Leftovers\n|-damage|p1a: Spiritomb|195/234|[from] move: Whirlpool|[partiallytrapped]\n|upkeep\n|turn|3\n|\n|t:|1781440961\n|switch|p2a: Snorlax|Snorlax, L82, M|397/397\n|move|p1a: Spiritomb|Sucker Punch||[still]\n|-fail|p1a: Spiritomb\n|\n|-heal|p1a: Spiritomb|209/234|[from] item: Leftovers\n|-end|p1a: Spiritomb|Whirlpool|[partiallytrapped]|[silent]\n|upkeep\n|turn|4\n|\n|t:|1781440973\n|move|p1a: Spiritomb|Toxic|p2a: Snorlax\n|-status|p2a: Snorlax|tox\n|move|p2a: Snorlax|Curse|p2a: Snorlax\n|-unboost|p2a: Snorlax|spe|1\n|-boost|p2a: Snorlax|atk|1\n|-boost|p2a: Snorlax|def|1\n|\n|-heal|p1a: Spiritomb|223/234|[from] item: Leftovers\n|-damage|p2a: Snorlax|373/397 tox|[from] psn\n|upkeep\n|turn|5\n|\n|t:|1781440986\n|move|p1a: Spiritomb|Foul Play|p2a: Snorlax\n|-damage|p2a: Snorlax|225/397 tox\n|move|p2a: Snorlax|Earthquake|p1a: Spiritomb\n|-damage|p1a: Spiritomb|129/234\n|\n|-heal|p1a: Spiritomb|143/234|[from] item: Leftovers\n|-heal|p2a: Snorlax|249/397 tox|[from] item: Leftovers\n|-damage|p2a: Snorlax|201/397 tox|[from] psn\n|upkeep\n|turn|6\n|\n|t:|1781441003\n|switch|p2a: Hariyama|Hariyama, L87, M|392/392\n|move|p1a: Spiritomb|Foul Play|p2a: Hariyama\n|-resisted|p2a: Hariyama\n|-damage|p2a: Hariyama|316/392\n|\n|-heal|p1a: Spiritomb|157/234|[from] item: Leftovers\n|-status|p2a: Hariyama|brn|[from] item: Flame Orb\n|upkeep\n|turn|7\n|\n|t:|1781441018\n|switch|p1a: Banette|Banette, L93, M|270/270\n|move|p2a: Hariyama|Knock Off|p1a: Banette\n|-supereffective|p1a: Banette\n|-damage|p1a: Banette|0 fnt\n|-enditem|p1a: Banette|Life Orb|[from] move: Knock Off|[of] p2a: Hariyama\n|faint|p1a: Banette\n|\n|-damage|p2a: Hariyama|292/392 brn|[from] brn\n|upkeep\n|\n|t:|1781441022\n|switch|p1a: Seviper|Seviper, L93, F|287/287\n|turn|8\n|\n|t:|1781441032\n|move|p1a: Seviper|Gunk Shot|p2a: Hariyama\n|-crit|p2a: Hariyama\n|-damage|p2a: Hariyama|0 fnt\n|faint|p2a: Hariyama\n|\n|upkeep\n|\n|t:|1781441046\n|switch|p2a: Snorlax|Snorlax, L82, M|201/397 tox\n|turn|9\n|\n|t:|1781441050\n|move|p1a: Seviper|Gunk Shot|p2a: Snorlax\n|-damage|p2a: Snorlax|3/397 tox\n|move|p2a: Snorlax|Earthquake|p1a: Seviper\n|-supereffective|p1a: Seviper\n|-crit|p1a: Seviper\n|-damage|p1a: Seviper|37/287\n|\n|-heal|p2a: Snorlax|27/397 tox|[from] item: Leftovers\n|-damage|p2a: Snorlax|3/397 tox|[from] psn\n|upkeep\n|turn|10\n|\n|t:|1781441056\n|move|p1a: Seviper|Gunk Shot|p2a: Snorlax\n|-damage|p2a: Snorlax|0 fnt\n|faint|p2a: Snorlax\n|\n|upkeep\n|\n|t:|1781441065\n|switch|p2a: Luvdisc|Luvdisc, F|44/247\n|turn|11\n|\n|t:|1781441072\n|move|p1a: Seviper|Gunk Shot|p2a: Luvdisc|[miss]\n|-miss|p1a: Seviper|p2a: Luvdisc\n|move|p2a: Luvdisc|Surf|p1a: Seviper\n|-damage|p1a: Seviper|0 fnt\n|faint|p1a: Seviper\n|\n|upkeep\n|\n|t:|1781441077\n|switch|p1a: Spiritomb|Spiritomb, L89, F|157/234\n|turn|12\n|\n|t:|1781441090\n|switch|p2a: Grimmsnarl|Grimmsnarl, L83, M|293/293\n|move|p1a: Spiritomb|Foul Play|p2a: Grimmsnarl\n|-resisted|p2a: Grimmsnarl\n|-damage|p2a: Grimmsnarl|256/293\n|\n|-heal|p1a: Spiritomb|171/234|[from] item: Leftovers\n|upkeep\n|turn|13\n|\n|t:|1781441098\n|move|p2a: Grimmsnarl|Reflect|p2a: Grimmsnarl\n|-sidestart|p2: joebidenfan1245|Reflect\n|move|p1a: Spiritomb|Toxic|p2a: Grimmsnarl\n|-status|p2a: Grimmsnarl|tox\n|\n|-heal|p1a: Spiritomb|185/234|[from] item: Leftovers\n|-damage|p2a: Grimmsnarl|238/293 tox|[from] psn\n|upkeep\n|turn|14\n|\n|t:|1781441105\n|switch|p1a: Regice|Regice, L88|284/284\n|move|p2a: Grimmsnarl|Spirit Break|p1a: Regice\n|-damage|p1a: Regice|205/284\n|\n|-damage|p2a: Grimmsnarl|202/293 tox|[from] psn\n|upkeep\n|turn|15\n|\n|t:|1781441116\n|move|p2a: Grimmsnarl|Light Screen|p2a: Grimmsnarl\n|-sidestart|p2: joebidenfan1245|move: Light Screen\n|move|p1a: Regice|Ice Beam|p2a: Grimmsnarl\n|-damage|p2a: Grimmsnarl|142/293 tox\n|\n|-damage|p2a: Grimmsnarl|88/293 tox|[from] psn\n|upkeep\n|turn|16\n|\n|t:|1781441133\n|switch|p2a: Walking Wake|Walking Wake, L79|286/286\n|move|p1a: Regice|Ice Beam|p2a: Walking Wake\n|-damage|p2a: Walking Wake|225/286\n|\n|upkeep\n|turn|17\n|\n|t:|1781441137\n|move|p2a: Walking Wake|Sunny Day|p2a: Walking Wake\n|-weather|SunnyDay\n|-activate|p2a: Walking Wake|ability: Protosynthesis\n|-start|p2a: Walking Wake|protosynthesisspa\n|move|p1a: Regice|Thunder Wave|p2a: Walking Wake\n|-status|p2a: Walking Wake|par\n|\n|-weather|SunnyDay|[upkeep]\n|upkeep\n|turn|18\n|\n|t:|1781441156\n|move|p1a: Regice|Ice Beam|p2a: Walking Wake\n|-damage|p2a: Walking Wake|171/286 par\n|move|p2a: Walking Wake|Flamethrower|p1a: Regice\n|-supereffective|p1a: Regice\n|-damage|p1a: Regice|33/284\n|-damage|p2a: Walking Wake|143/286 par|[from] item: Life Orb\n|\n|-weather|SunnyDay|[upkeep]\n|upkeep\n|turn|19\n|\n|t:|1781441163\n|move|p1a: Regice|Ice Beam|p2a: Walking Wake\n|-damage|p2a: Walking Wake|86/286 par\n|cant|p2a: Walking Wake|par\n|\n|-weather|SunnyDay|[upkeep]\n|upkeep\n|turn|20\n|\n|t:|1781441167\n|move|p1a: Regice|Ice Beam|p2a: Walking Wake\n|-crit|p2a: Walking Wake\n|-damage|p2a: Walking Wake|0 fnt\n|faint|p2a: Walking Wake\n|-end|p2a: Walking Wake|Protosynthesis|[silent]\n|\n|-weather|SunnyDay|[upkeep]\n|-sideend|p2: joebidenfan1245|Reflect\n|upkeep\n|\n|t:|1781441173\n|switch|p2a: Sylveon|Sylveon, L85, M|300/300\n|turn|21\n|inactive|Battle timer is ON: inactive players will automatically lose when time's up. (requested by joebidenfan1245)\n|\n|t:|1781441212\n|move|p2a: Sylveon|Hyper Voice|p1a: Regice\n|-damage|p1a: Regice|0 fnt\n|faint|p1a: Regice\n|\n|-weather|none\n|upkeep\n|\n|t:|1781441216\n|switch|p1a: Spiritomb|Spiritomb, L89, F|185/234\n|turn|22\n|\n|t:|1781441226\n|switch|p2a: Luvdisc|Luvdisc, F|44/247\n|-terastallize|p1a: Spiritomb|Ghost\n|move|p1a: Spiritomb|Poltergeist|p2a: Luvdisc\n|-activate|p2a: Luvdisc|move: Poltergeist|Heavy-Duty Boots\n|-damage|p2a: Luvdisc|0 fnt\n|faint|p2a: Luvdisc\n|\n|-heal|p1a: Spiritomb|199/234|[from] item: Leftovers\n|-sideend|p2: joebidenfan1245|move: Light Screen\n|upkeep\n|\n|t:|1781441230\n|switch|p2a: Grimmsnarl|Grimmsnarl, L83, M|88/293 tox\n|turn|23\n|\n|t:|1781441233\n|switch|p1a: Hitmontop|Hitmontop, L88, M|231/231\n|move|p2a: Grimmsnarl|Reflect|p2a: Grimmsnarl\n|-sidestart|p2: joebidenfan1245|Reflect\n|\n|-damage|p2a: Grimmsnarl|70/293 tox|[from] psn\n|upkeep\n|turn|24\n|\n|t:|1781441240\n|move|p2a: Grimmsnarl|Thunder Wave|p1a: Hitmontop\n|-status|p1a: Hitmontop|par\n|move|p1a: Hitmontop|Bulk Up|p1a: Hitmontop\n|-boost|p1a: Hitmontop|atk|1\n|-boost|p1a: Hitmontop|def|1\n|\n|-damage|p2a: Grimmsnarl|34/293 tox|[from] psn\n|upkeep\n|turn|25\n|\n|t:|1781441244\n|switch|p2a: Sylveon|Sylveon, L85, M|300/300\n|cant|p1a: Hitmontop|par\n|\n|upkeep\n|turn|26\n|\n|t:|1781441248\n|move|p2a: Sylveon|Hyper Voice|p1a: Hitmontop\n|-supereffective|p1a: Hitmontop\n|-damage|p1a: Hitmontop|33/231 par\n|move|p1a: Hitmontop|Triple Axel|p2a: Sylveon\n|-damage|p2a: Sylveon|279/300\n|-damage|p2a: Sylveon|235/300\n|-damage|p2a: Sylveon|171/300\n|-hitcount|p2a: Sylveon|3\n|\n|-heal|p2a: Sylveon|189/300|[from] item: Leftovers\n|-heal|p1a: Hitmontop|47/231 par|[from] item: Leftovers\n|upkeep\n|turn|27\n|\n|t:|1781441256\n|move|p2a: Sylveon|Hyper Voice|p1a: Hitmontop\n|-supereffective|p1a: Hitmontop\n|-damage|p1a: Hitmontop|0 fnt\n|faint|p1a: Hitmontop\n|\n|-heal|p2a: Sylveon|207/300|[from] item: Leftovers\n|upkeep\n|\n|t:|1781441258\n|switch|p1a: Spiritomb|Spiritomb, L89, F, tera:Ghost|199/234\n|turn|28\n|\n|t:|1781441267\n|move|p2a: Sylveon|Hyper Voice|p1a: Spiritomb\n|-damage|p1a: Spiritomb|91/234\n|move|p1a: Spiritomb|Poltergeist|p2a: Sylveon\n|-activate|p2a: Sylveon|move: Poltergeist|Leftovers\n|-damage|p2a: Sylveon|1/300\n|\n|-heal|p2a: Sylveon|19/300|[from] item: Leftovers\n|-heal|p1a: Spiritomb|105/234|[from] item: Leftovers\n|upkeep\n|turn|29\n|\n|t:|1781441277\n|move|p2a: Sylveon|Hyper Voice|p1a: Spiritomb\n|-damage|p1a: Spiritomb|8/234\n|move|p1a: Spiritomb|Poltergeist|p2a: Sylveon\n|-activate|p2a: Sylveon|move: Poltergeist|Leftovers\n|-damage|p2a: Sylveon|0 fnt\n|faint|p2a: Sylveon\n|\n|-heal|p1a: Spiritomb|22/234|[from] item: Leftovers\n|upkeep\n|\n|t:|1781441283\n|switch|p2a: Grimmsnarl|Grimmsnarl, L83, M|34/293 tox\n|turn|30\n|\n|t:|1781441291\n|move|p1a: Spiritomb|Sucker Punch|p2a: Grimmsnarl\n|-resisted|p2a: Grimmsnarl\n|-damage|p2a: Grimmsnarl|7/293 tox\n|move|p2a: Grimmsnarl|Spirit Break|p1a: Spiritomb\n|-damage|p1a: Spiritomb|0 fnt\n|faint|p1a: Spiritomb\n|\n|-damage|p2a: Grimmsnarl|0 fnt|[from] psn\n|faint|p2a: Grimmsnarl\n|\n|win|Green Calf\n|raw|Green Calf's rating: 1931 &rarr; <strong>1955</strong><br />(+24 for winning)\n|raw|joebidenfan1245's rating: 2007 &rarr; <strong>1983</strong><br />(-24 for losing)\n", "inputlog": ">version a8376a258c1d4662feba110a92103f3664a72141\n>start {\"formatid\":\"gen9randombattle\",\"seed\":\"sodium,f934e9a663cfd4c612e0e2d305386658\",\"rated\":\"Rated battle\"}\n>player p1 {\"name\":\"Green Calf\",\"avatar\":\"2\",\"rating\":1931,\"seed\":\"sodium,a23a746d9f8000f921f9ffe5a5c3d708\"}\n>player p2 {\"name\":\"joebidenfan1245\",\"avatar\":\"265\",\"rating\":1992,\"seed\":\"sodium,c7591c38bea4ff4b117d4013f09289be\"}\n>p1 switch 6\n>p2 move substitute\n>p1 move poltergeist\n>p2 move whirlpool\n>p1 move suckerpunch\n>p2 switch 4\n>p1 move toxic\n>p2 move curse\n>p1 move foulplay\n>p2 move earthquake\n>p1 move foulplay\n>p2 switch 5\n>p1 switch 2\n>p2 move knockoff\n>p1 switch 3\n>p1 move gunkshot\n>p2 move facade\n>p2 switch 5\n>p1 move gunkshot\n>p2 move earthquake\n>p1 move gunkshot\n>p2 move bodyslam\n>p2 switch 4\n>p1 move gunkshot\n>p2 move surf\n>p1 switch 2\n>p1 move foulplay\n>p2 switch 3\n>p1 move toxic\n>p2 move reflect\n>p1 switch 4\n>p2 move spiritbreak\n>p1 move icebeam\n>p2 move lightscreen\n>p1 move icebeam\n>p2 switch 6\n>p1 move thunderwave\n>p2 move sunnyday\n>p1 move icebeam\n>p2 move flamethrower\n>p1 move icebeam\n>p2 move hydrosteam\n>p1 move icebeam\n>p2 move hydrosteam\n>p2 switch 2\n>p1 move thunderwave\n>p2 move hypervoice\n>p1 switch 4\n>p1 move poltergeist terastallize\n>p2 switch 3\n>p2 switch 6\n>p1 switch 5\n>p2 move reflect\n>p1 move bulkup\n>p2 move thunderwave\n>p1 move rapidspin\n>p2 switch 3\n>p1 move tripleaxel\n>p2 move hypervoice\n>p1 move tripleaxel\n>p2 move hypervoice\n>p1 switch 5\n>p1 move poltergeist\n>p2 move hypervoice\n>p1 move poltergeist\n>p2 move hypervoice\n>p2 switch 3\n>p1 move suckerpunch\n>p2 move spiritbreak", "uploadtime": 1781440881, "views": 7, "formatid": "gen9randombattle", "rating": 1955, "private": 0, "password": null, "player_dets": [{"name": "Green Calf", "avatar": "2", "rating": 1931, "seed": "sodium,a23a746d9f8000f921f9ffe5a5c3d708"}, {"name": "joebidenfan1245", "avatar": "265", "rating": 1992, "seed": "sodium,c7591c38bea4ff4b117d4013f09289be"}], "teams_full": [{"Palafin": {"name": "Palafin", "species": "Palafin", "speciesId": "palafin", "gender": "M", "shiny": false, "level": 77, "moves": ["jetpunch", "icepunch", "bulkup", "drainpunch"], "ability": "Zero to Hero", "evs": {"hp": 85, "atk": 85, "def": 85, "spa": 85, "spd": 85, "spe": 85}, "ivs": {"hp": 31, "atk": 31, "def": 31, "spa": 31, "spd": 31, "spe": 31}, "item": "Leftovers", "teraType": "Dragon", "role": "Bulky Setup", "bvs": {"hp": 100, "atk": 70, "def": 72, "spa": 53, "spd": 62, "spe": 100}, "stats": {"hp": 281, "atk": 152, "def": 155, "spa": 126, "spd": 140, "spe": 199}}, "Banette": {"name": "Banette", "species": "Banette", "speciesId": "banette", "gender": "M", "shiny": false, "level": 93, "moves": ["thunderwave", "gunkshot", "poltergeist", "shadowsneak"], "ability": "Insomnia", "evs": {"hp": 85, "atk": 85, "def": 85, "spa": 85, "spd": 85, "spe": 85}, "ivs": {"hp": 31, "atk": 31, "def": 31, "spa": 31, "spd": 31, "spe": 31}, "item": "Life Orb", "teraType": "Ghost", "role": "Wallbreaker", "bvs": {"hp": 64, "atk": 115, "def": 65, "spa": 83, "spd": 63, "spe": 65}, "stats": {"hp": 270, "atk": 267, "def": 174, "spa": 207, "spd": 170, "spe": 174}}, "Seviper": {"name": "Seviper", "species": "Seviper", "speciesId": "seviper", "gender": "F", "shiny": false, "level": 93, "moves": ["gunkshot", "earthquake", "flamethrower", "switcheroo"], "ability": "Infiltrator", "evs": {"hp": 85, "atk": 85, "def": 85, "spa": 85, "spd": 85, "spe": 85}, "ivs": {"hp": 31, "atk": 31, "def": 31, "spa": 31, "spd": 31, "spe": 31}, "item": "Choice Scarf", "teraType": "Poison", "role": "Fast Attacker", "bvs": {"hp": 73, "atk": 100, "def": 60, "spa": 100, "spd": 60, "spe": 65}, "stats": {"hp": 287, "atk": 239, "def": 164, "spa": 239, "spd": 164, "spe": 174}}, "Regice": {"name": "Regice", "species": "Regice", "speciesId": "regice", "gender": "N", "shiny": false, "level": 88, "moves": ["thunderbolt", "icebeam", "bodypress", "thunderwave"], "ability": "Clear Body", "evs": {"hp": 85, "atk": 0, "def": 85, "spa": 85, "spd": 85, "spe": 85}, "ivs": {"hp": 31, "atk": 0, "def": 31, "spa": 31, "spd": 31, "spe": 31}, "item": "Heavy-Duty Boots", "teraType": "Electric", "role": "Bulky Attacker", "bvs": {"hp": 80, "atk": 50, "def": 100, "spa": 100, "spd": 200, "spe": 50}, "stats": {"hp": 284, "atk": 93, "def": 226, "spa": 226, "spd": 402, "spe": 138}}, "Hitmontop": {"name": "Hitmontop", "species": "Hitmontop", "speciesId": "hitmontop", "gender": "M", "shiny": false, "level": 88, "moves": ["closecombat", "tripleaxel", "bulkup", "rapidspin"], "ability": "Technician", "evs": {"hp": 85, "atk": 85, "def": 85, "spa": 85, "spd": 85, "spe": 85}, "ivs": {"hp": 31, "atk": 31, "def": 31, "spa": 31, "spd": 31, "spe": 31}, "item": "Leftovers", "teraType": "Ice", "role": "Bulky Setup", "bvs": {"hp": 50, "atk": 95, "def": 95, "spa": 35, "spd": 110, "spe": 70}, "stats": {"hp": 231, "atk": 217, "def": 217, "spa": 112, "spd": 244, "spe": 173}}, "Spiritomb": {"name": "Spiritomb", "species": "Spiritomb", "speciesId": "spiritomb", "gender": "F", "shiny": false, "level": 89, "moves": ["suckerpunch", "foulplay", "toxic", "poltergeist"], "ability": "Infiltrator", "evs": {"hp": 85, "atk": 85, "def": 85, "spa": 85, "spd": 85, "spe": 85}, "ivs": {"hp": 31, "atk": 31, "def": 31, "spa": 31, "spd": 31, "spe": 31}, "item": "Leftovers", "teraType": "Ghost", "role": "Bulky Support", "bvs": {"hp": 50, "atk": 92, "def": 108, "spa": 92, "spd": 108, "spe": 35}, "stats": {"hp": 234, "atk": 215, "def": 243, "spa": 215, "spd": 243, "spe": 113}}}, {"Luvdisc": {"name": "Luvdisc", "species": "Luvdisc", "speciesId": "luvdisc", "gender": "F", "shiny": false, "level": 100, "moves": ["endeavor", "surf", "substitute", "whirlpool"], "ability": "Swift Swim", "evs": {"hp": 81, "atk": 0, "def": 85, "spa": 85, "spd": 85, "spe": 85}, "ivs": {"hp": 31, "atk": 0, "def": 31, "spa": 31, "spd": 31, "spe": 31}, "item": "Heavy-Duty Boots", "teraType": "Ground", "role": "Fast Support", "bvs": {"hp": 43, "atk": 30, "def": 55, "spa": 40, "spd": 65, "spe": 97}, "stats": {"hp": 247, "atk": 65, "def": 167, "spa": 137, "spd": 187, "spe": 251}}, "Sylveon": {"name": "Sylveon", "species": "Sylveon", "speciesId": "sylveon", "gender": "M", "shiny": false, "level": 85, "moves": ["wish", "hypervoice", "calmmind", "protect"], "ability": "Pixilate", "evs": {"hp": 85, "atk": 0, "def": 85, "spa": 85, "spd": 85, "spe": 85}, "ivs": {"hp": 31, "atk": 0, "def": 31, "spa": 31, "spd": 31, "spe": 31}, "item": "Leftovers", "teraType": "Steel", "role": "Bulky Setup", "bvs": {"hp": 95, "atk": 65, "def": 65, "spa": 110, "spd": 130, "spe": 60}, "stats": {"hp": 300, "atk": 115, "def": 159, "spa": 236, "spd": 270, "spe": 151}}, "Grimmsnarl": {"name": "Grimmsnarl", "species": "Grimmsnarl", "speciesId": "grimmsnarl", "gender": "M", "shiny": false, "level": 83, "moves": ["thunderwave", "reflect", "lightscreen", "spiritbreak"], "ability": "Prankster", "evs": {"hp": 85, "atk": 85, "def": 85, "spa": 85, "spd": 85, "spe": 85}, "ivs": {"hp": 31, "atk": 31, "def": 31, "spa": 31, "spd": 31, "spe": 31}, "item": "Light Clay", "teraType": "Steel", "role": "Bulky Support", "bvs": {"hp": 95, "atk": 120, "def": 65, "spa": 95, "spd": 75, "spe": 60}, "stats": {"hp": 293, "atk": 247, "def": 156, "spa": 205, "spd": 172, "spe": 147}}, "Snorlax": {"name": "Snorlax", "species": "Snorlax", "speciesId": "snorlax", "gender": "M", "shiny": false, "level": 82, "moves": ["crunch", "curse", "earthquake", "bodyslam"], "ability": "Thick Fat", "evs": {"hp": 85, "atk": 85, "def": 85, "spa": 85, "spd": 85, "spe": 85}, "ivs": {"hp": 31, "atk": 31, "def": 31, "spa": 31, "spd": 31, "spe": 31}, "item": "Leftovers", "teraType": "Poison", "role": "Bulky Setup", "bvs": {"hp": 160, "atk": 110, "def": 65, "spa": 65, "spd": 110, "spe": 30}, "stats": {"hp": 397, "atk": 228, "def": 154, "spa": 154, "spd": 228, "spe": 96}}, "Hariyama": {"name": "Hariyama", "species": "Hariyama", "speciesId": "hariyama", "gender": "M", "shiny": false, "level": 87, "moves": ["closecombat", "knockoff", "bulletpunch", "facade"], "ability": "Guts", "evs": {"hp": 85, "atk": 85, "def": 85, "spa": 85, "spd": 85, "spe": 85}, "ivs": {"hp": 31, "atk": 31, "def": 31, "spa": 31, "spd": 31, "spe": 31}, "item": "Flame Orb", "teraType": "Normal", "role": "Wallbreaker", "bvs": {"hp": 144, "atk": 120, "def": 60, "spa": 40, "spd": 60, "spe": 50}, "stats": {"hp": 392, "atk": 259, "def": 154, "spa": 119, "spd": 154, "spe": 137}}, "Walking Wake": {"name": "Walking Wake", "species": "Walking Wake", "speciesId": "walkingwake", "gender": "N", "shiny": false, "level": 79, "moves": ["flamethrower", "hydrosteam", "dracometeor", "sunnyday"], "ability": "Protosynthesis", "evs": {"hp": 85, "atk": 0, "def": 85, "spa": 85, "spd": 85, "spe": 85}, "ivs": {"hp": 31, "atk": 0, "def": 31, "spa": 31, "spd": 31, "spe": 31}, "item": "Life Orb", "teraType": "Fire", "role": "Fast Attacker", "bvs": {"hp": 99, "atk": 83, "def": 91, "spa": 125, "spd": 83, "spe": 109}, "stats": {"hp": 286, "atk": 136, "def": 189, "spa": 243, "spd": 177, "spe": 218}}}]}