{"id": "gen9randombattle-2631400378", "format": "[Gen 9] Random Battle", "players": ["Gon03", "opik8"], "log": "|j|\u2606Gon03\n|j|\u2606opik8\n|t:|1781380134\n|gametype|singles\n|player|p1|Gon03|102|1911\n|player|p2|opik8|colress|1992\n|gen|9\n|tier|[Gen 9] Random Battle\n|rated|\n|rule|Species Clause: Limit one of each Pok\u00e9mon\n|rule|HP Percentage Mod: HP is shown in percentages\n|rule|Sleep Clause Mod: Limit one foe put to sleep\n|rule|Illusion Level Mod: Illusion disguises the Pok\u00e9mon's true level\n|\n|t:|1781380134\n|teamsize|p1|6\n|teamsize|p2|6\n|start\n|switch|p1a: Granbull|Granbull, L88, F|302/302\n|switch|p2a: Gliscor|Gliscor, L76, M|239/239\n|-ability|p1a: Granbull|Intimidate|boost\n|-unboost|p2a: Gliscor|atk|1\n|turn|1\n|inactive|Battle timer is ON: inactive players will automatically lose when time's up. (requested by Gon03)\n|\n|t:|1781380146\n|switch|p1a: Beartic|Beartic, L91, M|321/321\n|move|p2a: Gliscor|Toxic|p1a: Beartic\n|-status|p1a: Beartic|tox\n|\n|-damage|p1a: Beartic|301/321 tox|[from] psn\n|-status|p2a: Gliscor|tox|[from] item: Toxic Orb\n|upkeep\n|turn|2\n|\n|t:|1781380156\n|switch|p2a: Scizor|Scizor, L79, F|240/240\n|move|p1a: Beartic|Swords Dance|p1a: Beartic\n|-boost|p1a: Beartic|atk|2\n|\n|-damage|p1a: Beartic|261/321 tox|[from] psn\n|upkeep\n|turn|3\n|\n|t:|1781380174\n|move|p2a: Scizor|Bullet Punch|p1a: Beartic\n|-supereffective|p1a: Beartic\n|-damage|p1a: Beartic|111/321 tox\n|move|p1a: Beartic|Earthquake|p2a: Scizor\n|-damage|p2a: Scizor|55/240\n|\n|-heal|p2a: Scizor|70/240|[from] item: Leftovers\n|-damage|p1a: Beartic|51/321 tox|[from] psn\n|upkeep\n|turn|4\n|\n|t:|1781380178\n|move|p2a: Scizor|Bullet Punch|p1a: Beartic\n|-supereffective|p1a: Beartic\n|-damage|p1a: Beartic|0 fnt\n|faint|p1a: Beartic\n|\n|-heal|p2a: Scizor|85/240|[from] item: Leftovers\n|upkeep\n|\n|t:|1781380184\n|switch|p1a: Basculegion|Basculegion-F, L83, F|335/335\n|turn|5\n|\n|t:|1781380192\n|move|p1a: Basculegion|Hydro Pump|p2a: Scizor\n|-damage|p2a: Scizor|0 fnt\n|faint|p2a: Scizor\n|\n|upkeep\n|\n|t:|1781380198\n|switch|p2a: Roaring Moon|Roaring Moon, L72|270/270\n|turn|6\n|\n|t:|1781380206\n|-end|p2a: Roaring Moon|Protosynthesis|[silent]\n|switch|p2a: Squawkabilly|Squawkabilly-Blue, L85, M|278/278\n|switch|p1a: Granbull|Granbull, L88, F|302/302\n|-ability|p1a: Granbull|Intimidate|boost\n|-unboost|p2a: Squawkabilly|atk|1\n|\n|-status|p2a: Squawkabilly|brn|[from] item: Flame Orb\n|upkeep\n|turn|7\n|\n|t:|1781380215\n|move|p2a: Squawkabilly|U-turn|p1a: Granbull\n|-resisted|p1a: Granbull\n|-damage|p1a: Granbull|275/302\n|\n|t:|1781380217\n|switch|p2a: Gliscor|Gliscor, L76, M|239/239 tox|[from] U-turn\n|move|p1a: Granbull|Play Rough|p2a: Gliscor\n|-damage|p2a: Gliscor|127/239 tox\n|\n|-heal|p1a: Granbull|293/302|[from] item: Leftovers\n|-heal|p2a: Gliscor|156/239 tox|[from] ability: Poison Heal\n|upkeep\n|turn|8\n|\n|t:|1781380227\n|switch|p1a: Basculegion|Basculegion-F, L83, F|335/335\n|move|p2a: Gliscor|Toxic|p1a: Basculegion\n|-status|p1a: Basculegion|tox\n|\n|-heal|p2a: Gliscor|185/239 tox|[from] ability: Poison Heal\n|-damage|p1a: Basculegion|315/335 tox|[from] psn\n|upkeep\n|turn|9\n|\n|t:|1781380232\n|move|p2a: Gliscor|Protect|p2a: Gliscor\n|-singleturn|p2a: Gliscor|Protect\n|move|p1a: Basculegion|Ice Beam|p2a: Gliscor\n|-activate|p2a: Gliscor|move: Protect\n|\n|-heal|p2a: Gliscor|214/239 tox|[from] ability: Poison Heal\n|-damage|p1a: Basculegion|275/335 tox|[from] psn\n|upkeep\n|turn|10\n|\n|t:|1781380245\n|switch|p2a: Roaring Moon|Roaring Moon, L72|270/270\n|move|p1a: Basculegion|Ice Beam|p2a: Roaring Moon\n|-supereffective|p2a: Roaring Moon\n|-damage|p2a: Roaring Moon|58/270\n|\n|-damage|p1a: Basculegion|215/335 tox|[from] psn\n|upkeep\n|turn|11\n|\n|t:|1781380250\n|switch|p1a: Granbull|Granbull, L88, F|293/302\n|-ability|p1a: Granbull|Intimidate|boost\n|-unboost|p2a: Roaring Moon|atk|1\n|move|p2a: Roaring Moon|Knock Off|p1a: Granbull\n|-resisted|p1a: Granbull\n|-damage|p1a: Granbull|255/302\n|-enditem|p1a: Granbull|Leftovers|[from] move: Knock Off|[of] p2a: Roaring Moon\n|\n|upkeep\n|turn|12\n|\n|t:|1781380272\n|move|p2a: Roaring Moon|Knock Off|p1a: Granbull\n|-resisted|p1a: Granbull\n|-damage|p1a: Granbull|230/302\n|move|p1a: Granbull|Play Rough|p2a: Roaring Moon\n|-supereffective|p2a: Roaring Moon\n|-damage|p2a: Roaring Moon|0 fnt\n|faint|p2a: Roaring Moon\n|-end|p2a: Roaring Moon|Protosynthesis|[silent]\n|\n|upkeep\n|\n|t:|1781380292\n|switch|p2a: Gliscor|Gliscor, L76, M|214/239 tox\n|turn|13\n|\n|t:|1781380297\n|switch|p1a: Basculegion|Basculegion-F, L83, F|215/335 tox\n|move|p2a: Gliscor|Earthquake|p1a: Basculegion\n|-damage|p1a: Basculegion|110/335 tox\n|\n|-heal|p2a: Gliscor|239/239 tox|[from] ability: Poison Heal\n|-damage|p1a: Basculegion|90/335 tox|[from] psn\n|upkeep\n|turn|14\n|\n|t:|1781380309\n|move|p2a: Gliscor|Protect|p2a: Gliscor\n|-singleturn|p2a: Gliscor|Protect\n|move|p1a: Basculegion|Ice Beam|p2a: Gliscor\n|-activate|p2a: Gliscor|move: Protect\n|\n|-damage|p1a: Basculegion|50/335 tox|[from] psn\n|upkeep\n|turn|15\n|\n|t:|1781380313\n|switch|p2a: Mewtwo|Mewtwo, L72|272/272\n|-ability|p2a: Mewtwo|Pressure\n|move|p1a: Basculegion|Ice Beam|p2a: Mewtwo\n|-damage|p2a: Mewtwo|164/272\n|\n|-damage|p1a: Basculegion|0 fnt|[from] psn\n|faint|p1a: Basculegion\n|upkeep\n|inactive|Gon03 has 120 seconds left.\n|\n|t:|1781380357\n|switch|p1a: Hoopa|Hoopa-Unbound, L80|259/259\n|turn|16\n|inactive|opik8 has 120 seconds left.\n|\n|t:|1781380389\n|move|p2a: Mewtwo|Aura Sphere|p1a: Hoopa\n|-damage|p1a: Hoopa|220/259\n|-damage|p2a: Mewtwo|137/272|[from] item: Life Orb\n|move|p1a: Hoopa|Hyperspace Fury|p2a: Mewtwo\n|-supereffective|p2a: Mewtwo\n|-damage|p2a: Mewtwo|0 fnt\n|-unboost|p1a: Hoopa|def|1\n|faint|p2a: Mewtwo\n|\n|upkeep\n|inactive|opik8 has 120 seconds left.\n|\n|t:|1781380395\n|switch|p2a: Squawkabilly|Squawkabilly-Blue, L85, M|278/278 brn\n|turn|17\n|\n|t:|1781380411\n|switch|p1a: Granbull|Granbull, L88, F|230/302\n|-ability|p1a: Granbull|Intimidate|boost\n|-unboost|p2a: Squawkabilly|atk|1\n|move|p2a: Squawkabilly|U-turn|p1a: Granbull\n|-resisted|p1a: Granbull\n|-damage|p1a: Granbull|202/302\n|\n|t:|1781380414\n|switch|p2a: Gliscor|Gliscor, L76, M|239/239 tox|[from] U-turn\n|\n|upkeep\n|turn|18\n|\n|t:|1781380417\n|move|p2a: Gliscor|Toxic|p1a: Granbull\n|-status|p1a: Granbull|tox\n|move|p1a: Granbull|Play Rough|p2a: Gliscor\n|-damage|p2a: Gliscor|137/239 tox\n|\n|-heal|p2a: Gliscor|166/239 tox|[from] ability: Poison Heal\n|-damage|p1a: Granbull|184/302 tox|[from] psn\n|upkeep\n|turn|19\n|\n|t:|1781380424\n|switch|p1a: Flapple|Flapple, L88, F|266/266\n|move|p2a: Gliscor|Protect||[still]\n|-fail|p2a: Gliscor\n|\n|-heal|p2a: Gliscor|195/239 tox|[from] ability: Poison Heal\n|upkeep\n|turn|20\n|\n|t:|1781380441\n|move|p2a: Gliscor|Toxic|p1a: Flapple\n|-status|p1a: Flapple|tox\n|move|p1a: Flapple|Dragon Dance|p1a: Flapple\n|-boost|p1a: Flapple|atk|1\n|-boost|p1a: Flapple|spe|1\n|\n|-damage|p1a: Flapple|250/266 tox|[from] psn\n|-heal|p2a: Gliscor|224/239 tox|[from] ability: Poison Heal\n|upkeep\n|turn|21\n|\n|t:|1781380453\n|move|p1a: Flapple|Dragon Dance|p1a: Flapple\n|-boost|p1a: Flapple|atk|1\n|-boost|p1a: Flapple|spe|1\n|move|p2a: Gliscor|Substitute|p2a: Gliscor\n|-start|p2a: Gliscor|Substitute\n|-damage|p2a: Gliscor|165/239 tox\n|\n|-damage|p1a: Flapple|218/266 tox|[from] psn\n|-heal|p2a: Gliscor|194/239 tox|[from] ability: Poison Heal\n|upkeep\n|turn|22\n|\n|t:|1781380456\n|move|p2a: Gliscor|Protect|p2a: Gliscor\n|-singleturn|p2a: Gliscor|Protect\n|move|p1a: Flapple|Grav Apple|p2a: Gliscor\n|-activate|p2a: Gliscor|move: Protect\n|\n|-damage|p1a: Flapple|170/266 tox|[from] psn\n|-heal|p2a: Gliscor|223/239 tox|[from] ability: Poison Heal\n|upkeep\n|turn|23\n|\n|t:|1781380460\n|switch|p1a: Granbull|Granbull, L88, F|184/302 tox\n|-ability|p1a: Granbull|Intimidate|boost\n|-immune|p2a: Gliscor\n|move|p2a: Gliscor|Earthquake|p1a: Granbull\n|-damage|p1a: Granbull|85/302 tox\n|\n|-heal|p2a: Gliscor|239/239 tox|[from] ability: Poison Heal\n|-damage|p1a: Granbull|67/302 tox|[from] psn\n|upkeep\n|turn|24\n|\n|t:|1781380462\n|move|p2a: Gliscor|Earthquake|p1a: Granbull\n|-damage|p1a: Granbull|0 fnt\n|faint|p1a: Granbull\n|\n|upkeep\n|\n|t:|1781380465\n|switch|p1a: Hoopa|Hoopa-Unbound, L80|220/259\n|turn|25\n|\n|t:|1781380469\n|-terastallize|p1a: Hoopa|Poison\n|move|p2a: Gliscor|Toxic|p1a: Hoopa\n|-immune|p1a: Hoopa\n|move|p1a: Hoopa|Hyperspace Fury|p2a: Gliscor\n|-damage|p2a: Gliscor|119/239 tox\n|-unboost|p1a: Hoopa|def|1\n|\n|-heal|p2a: Gliscor|148/239 tox|[from] ability: Poison Heal\n|upkeep\n|turn|26\n|\n|t:|1781380473\n|move|p2a: Gliscor|Earthquake|p1a: Hoopa\n|-supereffective|p1a: Hoopa\n|-damage|p1a: Hoopa|0 fnt\n|faint|p1a: Hoopa\n|\n|-heal|p2a: Gliscor|177/239 tox|[from] ability: Poison Heal\n|upkeep\n|-message|Gon03 forfeited.\n|\n|win|opik8\n", "inputlog": ">version a8376a258c1d4662feba110a92103f3664a72141\n>start {\"formatid\":\"gen9randombattle\",\"seed\":\"sodium,9827eb0dacd38bba494c80763cb9854f\",\"rated\":\"Rated battle\"}\n>player p1 {\"name\":\"Gon03\",\"avatar\":\"102\",\"rating\":1911,\"seed\":\"sodium,7276ba5fbb5d2086628e8d61bc0f481d\"}\n>player p2 {\"name\":\"opik8\",\"avatar\":\"colress\",\"rating\":1992,\"seed\":\"sodium,78bcccfa6604dd7d70564e4c05d73e04\"}\n>p1 switch 4\n>p2 move toxic\n>p1 move swordsdance\n>p2 switch 2\n>p1 move earthquake\n>p2 move bulletpunch\n>p1 move earthquake\n>p2 move bulletpunch\n>p1 switch 5\n>p1 move hydropump\n>p2 move knockoff\n>p2 switch 3\n>p1 switch 4\n>p2 switch 6\n>p1 move playrough\n>p2 move uturn\n>p2 switch 2\n>p1 switch 4\n>p2 move toxic\n>p1 move icebeam\n>p2 move protect\n>p1 move icebeam\n>p2 switch 6\n>p1 switch 4\n>p2 move knockoff\n>p1 move playrough\n>p2 move knockoff\n>p2 switch 6\n>p1 switch 4\n>p2 move earthquake\n>p1 move icebeam\n>p2 move protect\n>p1 move icebeam\n>p2 switch 5\n>p1 switch 2\n>p1 move hyperspacefury\n>p2 move aurasphere\n>p2 switch 2\n>p1 switch 4\n>p2 move uturn\n>p2 switch 5\n>p1 move playrough\n>p2 move toxic\n>p1 switch 6\n>p2 move protect\n>p1 move dragondance\n>p2 move toxic\n>p1 move dragondance\n>p2 move substitute\n>p1 move gravapple\n>p2 move protect\n>p1 switch 6\n>p2 move earthquake\n>p1 move encore\n>p2 move earthquake\n>p1 switch 4\n>p1 move hyperspacefury terastallize\n>p2 move toxic\n>p1 move hyperspacefury\n>p2 move earthquake\n>forcelose p1", "uploadtime": 1781380135, "views": 8, "formatid": "gen9randombattle", "rating": null, "private": 0, "password": null, "player_dets": [{"name": "Gon03", "avatar": "102", "rating": 1911, "seed": "sodium,7276ba5fbb5d2086628e8d61bc0f481d"}, {"name": "opik8", "avatar": "colress", "rating": 1992, "seed": "sodium,78bcccfa6604dd7d70564e4c05d73e04"}], "teams_full": [{"Granbull": {"name": "Granbull", "species": "Granbull", "speciesId": "granbull", "gender": "F", "shiny": false, "level": 88, "moves": ["earthquake", "thunderwave", "playrough", "encore"], "ability": "Intimidate", "evs": {"hp": 85, "atk": 85, "def": 85, "spa": 85, "spd": 85, "spe": 85}, "ivs": {"hp": 31, "atk": 31, "def": 31, "spa": 31, "spd": 31, "spe": 31}, "item": "Leftovers", "teraType": "Ground", "role": "Bulky Attacker", "bvs": {"hp": 90, "atk": 120, "def": 75, "spa": 60, "spd": 60, "spe": 45}, "stats": {"hp": 302, "atk": 261, "def": 182, "spa": 156, "spd": 156, "spe": 129}}, "Hoopa": {"name": "Hoopa", "species": "Hoopa-Unbound", "speciesId": "hoopaunbound", "gender": "N", "shiny": false, "level": 80, "moves": ["gunkshot", "hyperspacefury", "focusblast", "psychic"], "ability": "Magician", "evs": {"hp": 85, "atk": 85, "def": 85, "spa": 85, "spd": 85, "spe": 85}, "ivs": {"hp": 31, "atk": 31, "def": 31, "spa": 31, "spd": 31, "spe": 31}, "item": "Assault Vest", "teraType": "Poison", "role": "Bulky Attacker", "bvs": {"hp": 80, "atk": 160, "def": 60, "spa": 170, "spd": 130, "spe": 80}, "stats": {"hp": 259, "atk": 302, "def": 142, "spa": 318, "spd": 254, "spe": 174}}, "Rampardos": {"name": "Rampardos", "species": "Rampardos", "speciesId": "rampardos", "gender": "M", "shiny": false, "level": 90, "moves": ["earthquake", "rockslide", "zenheadbutt", "firepunch"], "ability": "Sheer Force", "evs": {"hp": 85, "atk": 85, "def": 85, "spa": 85, "spd": 85, "spe": 85}, "ivs": {"hp": 31, "atk": 31, "def": 31, "spa": 31, "spd": 31, "spe": 31}, "item": "Life Orb", "teraType": "Rock", "role": "Wallbreaker", "bvs": {"hp": 97, "atk": 165, "def": 60, "spa": 65, "spd": 50, "spe": 58}, "stats": {"hp": 321, "atk": 348, "def": 159, "spa": 168, "spd": 141, "spe": 156}}, "Beartic": {"name": "Beartic", "species": "Beartic", "speciesId": "beartic", "gender": "M", "shiny": false, "level": 91, "moves": ["iciclecrash", "swordsdance", "snowscape", "earthquake"], "ability": "Slush Rush", "evs": {"hp": 85, "atk": 85, "def": 85, "spa": 85, "spd": 85, "spe": 85}, "ivs": {"hp": 31, "atk": 31, "def": 31, "spa": 31, "spd": 31, "spe": 31}, "item": "Heavy-Duty Boots", "teraType": "Ground", "role": "Wallbreaker", "bvs": {"hp": 95, "atk": 130, "def": 80, "spa": 70, "spd": 80, "spe": 50}, "stats": {"hp": 321, "atk": 288, "def": 197, "spa": 179, "spd": 197, "spe": 143}}, "Basculegion": {"name": "Basculegion", "species": "Basculegion-F", "speciesId": "basculegionf", "gender": "F", "shiny": false, "level": 83, "moves": ["flipturn", "hydropump", "icebeam", "shadowball"], "ability": "Adaptability", "evs": {"hp": 85, "atk": 85, "def": 85, "spa": 85, "spd": 85, "spe": 85}, "ivs": {"hp": 31, "atk": 31, "def": 31, "spa": 31, "spd": 31, "spe": 31}, "item": "Choice Specs", "teraType": "Water", "role": "Wallbreaker", "bvs": {"hp": 120, "atk": 92, "def": 65, "spa": 100, "spd": 75, "spe": 78}, "stats": {"hp": 335, "atk": 200, "def": 156, "spa": 214, "spd": 172, "spe": 177}}, "Flapple": {"name": "Flapple", "species": "Flapple", "speciesId": "flapple", "gender": "F", "shiny": false, "level": 88, "moves": ["terablast", "dragondance", "gravapple", "outrage"], "ability": "Hustle", "evs": {"hp": 85, "atk": 85, "def": 85, "spa": 85, "spd": 85, "spe": 85}, "ivs": {"hp": 31, "atk": 31, "def": 31, "spa": 31, "spd": 31, "spe": 31}, "item": "Wide Lens", "teraType": "Fire", "role": "Tera Blast user", "bvs": {"hp": 70, "atk": 110, "def": 80, "spa": 95, "spd": 60, "spe": 70}, "stats": {"hp": 266, "atk": 244, "def": 191, "spa": 217, "spd": 156, "spe": 173}}}, {"Gliscor": {"name": "Gliscor", "species": "Gliscor", "speciesId": "gliscor", "gender": "M", "shiny": false, "level": 76, "moves": ["protect", "toxic", "substitute", "earthquake"], "ability": "Poison Heal", "evs": {"hp": 85, "atk": 85, "def": 85, "spa": 85, "spd": 85, "spe": 85}, "ivs": {"hp": 31, "atk": 31, "def": 31, "spa": 31, "spd": 31, "spe": 31}, "item": "Toxic Orb", "teraType": "Water", "role": "Fast Support", "bvs": {"hp": 75, "atk": 95, "def": 125, "spa": 45, "spd": 75, "spe": 95}, "stats": {"hp": 239, "atk": 188, "def": 234, "spa": 112, "spd": 158, "spe": 188}}, "Scizor": {"name": "Scizor", "species": "Scizor", "speciesId": "scizor", "gender": "F", "shiny": false, "level": 79, "moves": ["uturn", "bulletpunch", "defog", "knockoff"], "ability": "Technician", "evs": {"hp": 85, "atk": 85, "def": 85, "spa": 85, "spd": 85, "spe": 85}, "ivs": {"hp": 31, "atk": 31, "def": 31, "spa": 31, "spd": 31, "spe": 31}, "item": "Leftovers", "teraType": "Dragon", "role": "Bulky Support", "bvs": {"hp": 70, "atk": 130, "def": 100, "spa": 55, "spd": 80, "spe": 65}, "stats": {"hp": 240, "atk": 251, "def": 204, "spa": 132, "spd": 172, "spe": 148}}, "Roaring Moon": {"name": "Roaring Moon", "species": "Roaring Moon", "speciesId": "roaringmoon", "gender": "N", "shiny": false, "level": 72, "moves": ["knockoff", "roost", "outrage", "dragondance"], "ability": "Protosynthesis", "evs": {"hp": 85, "atk": 85, "def": 85, "spa": 85, "spd": 85, "spe": 85}, "ivs": {"hp": 31, "atk": 31, "def": 31, "spa": 31, "spd": 31, "spe": 31}, "item": "Lum Berry", "teraType": "Dragon", "role": "Setup Sweeper", "bvs": {"hp": 105, "atk": 139, "def": 71, "spa": 55, "spd": 101, "spe": 119}, "stats": {"hp": 270, "atk": 242, "def": 144, "spa": 121, "spd": 187, "spe": 213}}, "Pawmot": {"name": "Pawmot", "species": "Pawmot", "speciesId": "pawmot", "gender": "F", "shiny": false, "level": 80, "moves": ["doubleshock", "revivalblessing", "closecombat", "knockoff"], "ability": "Volt Absorb", "evs": {"hp": 85, "atk": 85, "def": 85, "spa": 85, "spd": 85, "spe": 85}, "ivs": {"hp": 31, "atk": 31, "def": 31, "spa": 31, "spd": 31, "spe": 31}, "item": "Life Orb", "teraType": "Electric", "role": "Fast Attacker", "bvs": {"hp": 70, "atk": 115, "def": 70, "spa": 70, "spd": 60, "spe": 105}, "stats": {"hp": 243, "atk": 230, "def": 158, "spa": 158, "spd": 142, "spe": 214}}, "Mewtwo": {"name": "Mewtwo", "species": "Mewtwo", "speciesId": "mewtwo", "gender": "N", "shiny": false, "level": 72, "moves": ["nastyplot", "aurasphere", "recover", "psystrike"], "ability": "Pressure", "evs": {"hp": 85, "atk": 0, "def": 85, "spa": 85, "spd": 85, "spe": 85}, "ivs": {"hp": 31, "atk": 0, "def": 31, "spa": 31, "spd": 31, "spe": 31}, "item": "Life Orb", "teraType": "Fighting", "role": "Setup Sweeper", "bvs": {"hp": 106, "atk": 110, "def": 90, "spa": 154, "spd": 90, "spe": 130}, "stats": {"hp": 272, "atk": 163, "def": 172, "spa": 264, "spd": 172, "spe": 229}}, "Squawkabilly": {"name": "Squawkabilly", "species": "Squawkabilly-Blue", "speciesId": "squawkabillyblue", "gender": "M", "shiny": false, "level": 85, "moves": ["bravebird", "facade", "uturn", "quickattack"], "ability": "Guts", "evs": {"hp": 85, "atk": 85, "def": 85, "spa": 85, "spd": 85, "spe": 85}, "ivs": {"hp": 31, "atk": 31, "def": 31, "spa": 31, "spd": 31, "spe": 31}, "item": "Flame Orb", "teraType": "Normal", "role": "Wallbreaker", "bvs": {"hp": 82, "atk": 96, "def": 51, "spa": 45, "spd": 51, "spe": 92}, "stats": {"hp": 278, "atk": 212, "def": 135, "spa": 125, "spd": 135, "spe": 205}}}]}