{"id": "gen9randombattle-2631941991", "format": "[Gen 9] Random Battle", "players": ["OverthereStair", "swmj7"], "log": "|j|\u2606OverthereStair\n|j|\u2606swmj7\n|t:|1781458138\n|gametype|singles\n|player|p1|OverthereStair|hilda|1967\n|player|p2|swmj7|265|1945\n|gen|9\n|tier|[Gen 9] Random Battle\n|rated|\n|rule|Species Clause: Limit one of each Pok\u00e9mon\n|rule|HP Percentage Mod: HP is shown in percentages\n|rule|Sleep Clause Mod: Limit one foe put to sleep\n|rule|Illusion Level Mod: Illusion disguises the Pok\u00e9mon's true level\n|\n|t:|1781458138\n|teamsize|p1|6\n|teamsize|p2|6\n|start\n|switch|p1a: Pecharunt|Pecharunt, L77|262/262\n|switch|p2a: Electrode|Electrode-Hisui, L87|246/246\n|turn|1\n|inactive|Battle timer is ON: inactive players will automatically lose when time's up. (requested by OverthereStair)\n|\n|t:|1781458189\n|move|p2a: Electrode|Leech Seed|p1a: Pecharunt\n|-start|p1a: Pecharunt|move: Leech Seed\n|move|p1a: Pecharunt|Malignant Chain|p2a: Electrode\n|-supereffective|p2a: Electrode\n|-damage|p2a: Electrode|76/246\n|\n|-heal|p2a: Electrode|91/246|[from] item: Leftovers\n|-damage|p1a: Pecharunt|230/262|[from] Leech Seed|[of] p2a: Electrode\n|-heal|p2a: Electrode|123/246|[silent]\n|upkeep\n|turn|2\n|inactive|swmj7 has 120 seconds left.\n|\n|t:|1781458235\n|switch|p2a: Victreebel|Victreebel, L90, F|290/290\n|switch|p1a: Skeledirge|Skeledirge, L79, M|294/294\n|\n|upkeep\n|turn|3\n|\n|t:|1781458259\n|switch|p2a: Electrode|Electrode-Hisui, L87|123/246\n|move|p1a: Skeledirge|Torch Song|p2a: Electrode\n|-immune|p2a: Electrode|[from] ability: Soundproof\n|\n|-heal|p2a: Electrode|138/246|[from] item: Leftovers\n|upkeep\n|turn|4\n|\n|t:|1781458269\n|move|p2a: Electrode|Leech Seed|p1a: Skeledirge\n|-start|p1a: Skeledirge|move: Leech Seed\n|move|p1a: Skeledirge|Flame Charge|p2a: Electrode\n|-supereffective|p2a: Electrode\n|-damage|p2a: Electrode|52/246\n|-boost|p1a: Skeledirge|spe|1\n|\n|-heal|p2a: Electrode|67/246|[from] item: Leftovers\n|-damage|p1a: Skeledirge|258/294|[from] Leech Seed|[of] p2a: Electrode\n|-heal|p2a: Electrode|103/246|[silent]\n|upkeep\n|turn|5\n|\n|t:|1781458284\n|move|p2a: Electrode|Thunderbolt|p1a: Skeledirge\n|-damage|p1a: Skeledirge|159/294\n|move|p1a: Skeledirge|Flame Charge|p2a: Electrode\n|-supereffective|p2a: Electrode\n|-damage|p2a: Electrode|17/246\n|-boost|p1a: Skeledirge|spe|1\n|\n|-heal|p2a: Electrode|32/246|[from] item: Leftovers\n|-damage|p1a: Skeledirge|123/294|[from] Leech Seed|[of] p2a: Electrode\n|-heal|p2a: Electrode|68/246|[silent]\n|upkeep\n|turn|6\n|\n|t:|1781458292\n|move|p2a: Electrode|Thunderbolt|p1a: Skeledirge\n|-damage|p1a: Skeledirge|21/294\n|-status|p1a: Skeledirge|par\n|move|p1a: Skeledirge|Flame Charge|p2a: Electrode\n|-supereffective|p2a: Electrode\n|-damage|p2a: Electrode|0 fnt\n|-boost|p1a: Skeledirge|spe|1\n|faint|p2a: Electrode\n|\n|upkeep\n|\n|t:|1781458306\n|switch|p2a: Mimikyu|Mimikyu, L79, F|216/216\n|turn|7\n|\n|t:|1781458312\n|move|p2a: Mimikyu|Shadow Sneak|p1a: Skeledirge\n|-supereffective|p1a: Skeledirge\n|-damage|p1a: Skeledirge|0 fnt\n|faint|p1a: Skeledirge\n|-damage|p2a: Mimikyu|195/216|[from] item: Life Orb\n|\n|upkeep\n|\n|t:|1781458319\n|switch|p1a: Pecharunt|Pecharunt, L77|230/262\n|turn|8\n|inactive|swmj7 has 120 seconds left.\n|inactive|swmj7 has 90 seconds left.\n|\n|t:|1781458368\n|move|p2a: Mimikyu|Swords Dance|p2a: Mimikyu\n|-boost|p2a: Mimikyu|atk|2\n|move|p1a: Pecharunt|Malignant Chain|p2a: Mimikyu\n|-activate|p2a: Mimikyu|ability: Disguise\n|-damage|p2a: Mimikyu|195/216\n|detailschange|p2a: Mimikyu|Mimikyu-Busted, L79, F\n|-damage|p2a: Mimikyu|168/216|[from] pokemon: Mimikyu-Busted\n|\n|-heal|p1a: Pecharunt|246/262|[from] item: Leftovers\n|upkeep\n|turn|9\n|\n|t:|1781458382\n|switch|p1a: Porygon-Z|Porygon-Z, L83|277/277\n|move|p2a: Mimikyu|Shadow Sneak|p1a: Porygon-Z\n|-immune|p1a: Porygon-Z\n|\n|upkeep\n|turn|10\n|\n|t:|1781458388\n|move|p1a: Porygon-Z|Shadow Ball|p2a: Mimikyu\n|-supereffective|p2a: Mimikyu\n|-damage|p2a: Mimikyu|0 fnt\n|faint|p2a: Mimikyu\n|-damage|p1a: Porygon-Z|250/277|[from] item: Life Orb\n|\n|upkeep\n|\n|t:|1781458393\n|switch|p2a: Iron Thorns|Iron Thorns, L83|302/302\n|-enditem|p2a: Iron Thorns|Booster Energy\n|-activate|p2a: Iron Thorns|ability: Quark Drive|[fromitem]\n|-start|p2a: Iron Thorns|quarkdriveatk\n|turn|11\n|\n|t:|1781458399\n|switch|p1a: Malamar|Malamar, L82, F|275/275\n|move|p2a: Iron Thorns|Dragon Dance|p2a: Iron Thorns\n|-boost|p2a: Iron Thorns|atk|1\n|-boost|p2a: Iron Thorns|spe|1\n|\n|upkeep\n|turn|12\n|\n|t:|1781458403\n|move|p2a: Iron Thorns|Stone Edge|p1a: Malamar\n|-damage|p1a: Malamar|0 fnt\n|faint|p1a: Malamar\n|\n|upkeep\n|\n|t:|1781458410\n|switch|p1a: Pecharunt|Pecharunt, L77|246/262\n|turn|13\n|inactive|swmj7 has 120 seconds left.\n|inactive|swmj7 has 90 seconds left.\n|\n|t:|1781458461\n|move|p2a: Iron Thorns|Stone Edge|p1a: Pecharunt|[miss]\n|-miss|p2a: Iron Thorns|p1a: Pecharunt\n|move|p1a: Pecharunt|Malignant Chain|p2a: Iron Thorns\n|-resisted|p2a: Iron Thorns\n|-damage|p2a: Iron Thorns|257/302\n|-status|p2a: Iron Thorns|tox\n|-start|p2a: Iron Thorns|confusion|[from] ability: Poison Puppeteer|[of] p1a: Pecharunt\n|\n|-heal|p1a: Pecharunt|262/262|[from] item: Leftovers\n|-damage|p2a: Iron Thorns|239/302 tox|[from] psn\n|upkeep\n|turn|14\n|\n|t:|1781458475\n|-activate|p2a: Iron Thorns|confusion\n|move|p2a: Iron Thorns|Stone Edge|p1a: Pecharunt|[miss]\n|-miss|p2a: Iron Thorns|p1a: Pecharunt\n|move|p1a: Pecharunt|Recover||[still]\n|-fail|p1a: Pecharunt|heal\n|\n|-damage|p2a: Iron Thorns|203/302 tox|[from] psn\n|upkeep\n|turn|15\n|\n|t:|1781458480\n|-activate|p2a: Iron Thorns|confusion\n|-damage|p2a: Iron Thorns|160/302 tox|[from] confusion\n|move|p1a: Pecharunt|Parting Shot|p2a: Iron Thorns\n|-unboost|p2a: Iron Thorns|atk|1\n|-unboost|p2a: Iron Thorns|spa|1\n|\n|t:|1781458483\n|switch|p1a: Keldeo|Keldeo-Resolute, L79|273/273|[from] Parting Shot\n|\n|-damage|p2a: Iron Thorns|106/302 tox|[from] psn\n|upkeep\n|turn|16\n|\n|t:|1781458488\n|switch|p1a: Pecharunt|Pecharunt, L77|262/262\n|-activate|p2a: Iron Thorns|confusion\n|-damage|p2a: Iron Thorns|77/302 tox|[from] confusion\n|\n|-damage|p2a: Iron Thorns|5/302 tox|[from] psn\n|upkeep\n|turn|17\n|\n|t:|1781458492\n|-activate|p2a: Iron Thorns|confusion\n|-damage|p2a: Iron Thorns|0 fnt|[from] confusion\n|faint|p2a: Iron Thorns\n|-end|p2a: Iron Thorns|Quark Drive|[silent]\n|move|p1a: Pecharunt|Recover||[still]\n|-fail|p1a: Pecharunt|heal\n|\n|upkeep\n|\n|t:|1781458494\n|switch|p2a: Darkrai|Darkrai, L77|234/234\n|turn|18\n|\n|t:|1781458504\n|switch|p1a: Porygon-Z|Porygon-Z, L83|250/277\n|move|p2a: Darkrai|Nasty Plot|p2a: Darkrai\n|-boost|p2a: Darkrai|spa|2\n|\n|upkeep\n|turn|19\n|inactive|swmj7 has 120 seconds left.\n|\n|t:|1781458546\n|-terastallize|p2a: Darkrai|Poison\n|move|p2a: Darkrai|Sludge Bomb|p1a: Porygon-Z\n|-damage|p1a: Porygon-Z|0 fnt\n|faint|p1a: Porygon-Z\n|-damage|p2a: Darkrai|211/234|[from] item: Life Orb\n|\n|upkeep\n|\n|t:|1781458558\n|switch|p1a: Kyogre|Kyogre, L71|259/259\n|-weather|RainDance|[from] ability: Drizzle|[of] p1a: Kyogre\n|turn|20\n|\n|t:|1781458562\n|switch|p2a: Groudon|Groudon, L72|263/263\n|-weather|SunnyDay|[from] ability: Drought|[of] p2a: Groudon\n|move|p1a: Kyogre|Thunder|p2a: Groudon\n|-immune|p2a: Groudon\n|\n|-weather|SunnyDay|[upkeep]\n|upkeep\n|turn|21\n|\n|t:|1781458572\n|switch|p2a: Victreebel|Victreebel, L90, F|290/290\n|switch|p1a: Keldeo|Keldeo-Resolute, L79|273/273\n|\n|-weather|SunnyDay|[upkeep]\n|upkeep\n|turn|22\n|\n|t:|1781458577\n|switch|p1a: Pecharunt|Pecharunt, L77|262/262\n|move|p2a: Victreebel|Power Whip|p1a: Pecharunt\n|-resisted|p1a: Pecharunt\n|-damage|p1a: Pecharunt|191/262\n|-damage|p2a: Victreebel|261/290|[from] item: Life Orb\n|\n|-weather|SunnyDay|[upkeep]\n|-heal|p1a: Pecharunt|207/262|[from] item: Leftovers\n|upkeep\n|turn|23\n|\n|t:|1781458581\n|move|p2a: Victreebel|Swords Dance|p2a: Victreebel\n|-boost|p2a: Victreebel|atk|2\n|move|p1a: Pecharunt|Parting Shot|p2a: Victreebel\n|-unboost|p2a: Victreebel|atk|1\n|-unboost|p2a: Victreebel|spa|1\n|\n|t:|1781458584\n|switch|p1a: Kyogre|Kyogre, L71|259/259|[from] Parting Shot\n|-weather|RainDance|[from] ability: Drizzle|[of] p1a: Kyogre\n|\n|-weather|RainDance|[upkeep]\n|upkeep\n|turn|24\n|\n|t:|1781458590\n|switch|p1a: Pecharunt|Pecharunt, L77|207/262\n|move|p2a: Victreebel|Power Whip|p1a: Pecharunt\n|-resisted|p1a: Pecharunt\n|-damage|p1a: Pecharunt|100/262\n|-damage|p2a: Victreebel|232/290|[from] item: Life Orb\n|\n|-weather|RainDance|[upkeep]\n|-heal|p1a: Pecharunt|116/262|[from] item: Leftovers\n|upkeep\n|turn|25\n|\n|t:|1781458597\n|move|p1a: Pecharunt|Recover|p1a: Pecharunt\n|-heal|p1a: Pecharunt|247/262\n|move|p2a: Victreebel|Swords Dance|p2a: Victreebel\n|-boost|p2a: Victreebel|atk|2\n|\n|-weather|RainDance|[upkeep]\n|-heal|p1a: Pecharunt|262/262|[from] item: Leftovers\n|upkeep\n|turn|26\n|\n|t:|1781458600\n|move|p2a: Victreebel|Sucker Punch|p1a: Pecharunt\n|-supereffective|p1a: Pecharunt\n|-damage|p1a: Pecharunt|0 fnt\n|faint|p1a: Pecharunt\n|-damage|p2a: Victreebel|203/290|[from] item: Life Orb\n|\n|-weather|RainDance|[upkeep]\n|upkeep\n|-message|OverthereStair forfeited.\n|\n|win|swmj7\n", "inputlog": ">version a8376a258c1d4662feba110a92103f3664a72141\n>start {\"formatid\":\"gen9randombattle\",\"seed\":\"sodium,190ed58ff485473b21ecf9b3660c07b5\",\"rated\":\"Rated battle\"}\n>player p1 {\"name\":\"OverthereStair\",\"avatar\":\"hilda\",\"rating\":1967,\"seed\":\"sodium,39d1c058427ae8702598572bc2169ce0\"}\n>player p2 {\"name\":\"swmj7\",\"avatar\":\"265\",\"rating\":1945,\"seed\":\"sodium,d8bc9630cea6e4819225d9ec32d7b293\"}\n>p1 move malignantchain\n>p2 move leechseed\n>p1 switch 3\n>p2 switch 5\n>p1 move torchsong\n>p2 switch 5\n>p1 move flamecharge\n>p2 move leechseed\n>p1 move flamecharge\n>p2 move thunderbolt\n>p1 move flamecharge\n>p2 move thunderbolt\n>p2 switch 4\n>p1 move flamecharge\n>p2 move shadowsneak\n>p1 switch 3\n>p1 move malignantchain\n>p2 move swordsdance\n>p1 switch 4\n>p2 move shadowsneak\n>p1 move shadowball\n>p2 move drainpunch\n>p2 switch 2\n>p1 switch 6\n>p2 move dragondance\n>p1 move superpower\n>p2 move stoneedge\n>p1 switch 4\n>p1 move malignantchain\n>p2 move stoneedge\n>p1 move recover\n>p2 move stoneedge\n>p1 move partingshot\n>p2 move stoneedge\n>p1 switch 5\n>p1 switch 5\n>p2 move wildcharge\n>p1 move recover\n>p2 move stoneedge\n>p2 switch 3\n>p1 switch 6\n>p2 move nastyplot\n>p1 move terablast\n>p2 move sludgebomb terastallize\n>p1 switch 2\n>p1 move thunder\n>p2 switch 6\n>p1 switch 5\n>p2 switch 5\n>p1 switch 6\n>p2 move powerwhip\n>p1 move partingshot\n>p2 move swordsdance\n>p1 switch 5\n>p1 switch 5\n>p2 move powerwhip\n>p1 move recover\n>p2 move swordsdance\n>p1 move malignantchain\n>p2 move suckerpunch\n>forcelose p1", "uploadtime": 1781458140, "views": 6, "formatid": "gen9randombattle", "rating": null, "private": 0, "password": null, "player_dets": [{"name": "OverthereStair", "avatar": "hilda", "rating": 1967, "seed": "sodium,39d1c058427ae8702598572bc2169ce0"}, {"name": "swmj7", "avatar": "265", "rating": 1945, "seed": "sodium,d8bc9630cea6e4819225d9ec32d7b293"}], "teams_full": [{"Pecharunt": {"name": "Pecharunt", "species": "Pecharunt", "speciesId": "pecharunt", "gender": "N", "shiny": false, "level": 77, "moves": ["shadowball", "partingshot", "recover", "malignantchain"], "ability": "Poison Puppeteer", "evs": {"hp": 85, "atk": 0, "def": 85, "spa": 85, "spd": 85, "spe": 85}, "ivs": {"hp": 31, "atk": 0, "def": 31, "spa": 31, "spd": 31, "spe": 31}, "item": "Leftovers", "teraType": "Dark", "role": "Bulky Attacker", "bvs": {"hp": 88, "atk": 88, "def": 160, "spa": 88, "spd": 88, "spe": 88}, "stats": {"hp": 262, "atk": 140, "def": 291, "spa": 180, "spd": 180, "spe": 180}}, "Kyogre": {"name": "Kyogre", "species": "Kyogre", "speciesId": "kyogre", "gender": "N", "shiny": false, "level": 71, "moves": ["thunder", "calmmind", "icebeam", "originpulse"], "ability": "Drizzle", "evs": {"hp": 85, "atk": 0, "def": 85, "spa": 85, "spd": 85, "spe": 85}, "ivs": {"hp": 31, "atk": 0, "def": 31, "spa": 31, "spd": 31, "spe": 31}, "item": "Leftovers", "teraType": "Steel", "role": "Bulky Setup", "bvs": {"hp": 100, "atk": 100, "def": 90, "spa": 150, "spd": 140, "spe": 90}, "stats": {"hp": 259, "atk": 147, "def": 169, "spa": 254, "spd": 240, "spe": 169}}, "Skeledirge": {"name": "Skeledirge", "species": "Skeledirge", "speciesId": "skeledirge", "gender": "M", "shiny": false, "level": 79, "moves": ["torchsong", "flamecharge", "shadowball", "slackoff"], "ability": "Unaware", "evs": {"hp": 85, "atk": 85, "def": 85, "spa": 85, "spd": 85, "spe": 85}, "ivs": {"hp": 31, "atk": 31, "def": 31, "spa": 31, "spd": 31, "spe": 31}, "item": "Heavy-Duty Boots", "teraType": "Fairy", "role": "Bulky Attacker", "bvs": {"hp": 104, "atk": 75, "def": 100, "spa": 110, "spd": 75, "spe": 66}, "stats": {"hp": 294, "atk": 164, "def": 204, "spa": 219, "spd": 164, "spe": 150}}, "Porygon-Z": {"name": "Porygon-Z", "species": "Porygon-Z", "speciesId": "porygonz", "gender": "N", "shiny": false, "level": 83, "moves": ["terablast", "agility", "nastyplot", "shadowball"], "ability": "Adaptability", "evs": {"hp": 85, "atk": 0, "def": 85, "spa": 85, "spd": 85, "spe": 85}, "ivs": {"hp": 31, "atk": 0, "def": 31, "spa": 31, "spd": 31, "spe": 31}, "item": "Life Orb", "teraType": "Fighting", "role": "Tera Blast user", "bvs": {"hp": 85, "atk": 80, "def": 70, "spa": 135, "spd": 75, "spe": 90}, "stats": {"hp": 277, "atk": 137, "def": 164, "spa": 272, "spd": 172, "spe": 197}}, "Keldeo": {"name": "Keldeo", "species": "Keldeo-Resolute", "speciesId": "keldeoresolute", "gender": "N", "shiny": false, "level": 79, "moves": ["secretsword", "calmmind", "hydropump", "substitute"], "ability": "Justified", "evs": {"hp": 85, "atk": 0, "def": 85, "spa": 85, "spd": 85, "spe": 85}, "ivs": {"hp": 31, "atk": 0, "def": 31, "spa": 31, "spd": 31, "spe": 31}, "item": "Leftovers", "teraType": "Steel", "role": "Bulky Setup", "bvs": {"hp": 91, "atk": 72, "def": 90, "spa": 129, "spd": 90, "spe": 108}, "stats": {"hp": 273, "atk": 118, "def": 188, "spa": 249, "spd": 188, "spe": 216}}, "Malamar": {"name": "Malamar", "species": "Malamar", "speciesId": "malamar", "gender": "F", "shiny": false, "level": 82, "moves": ["psychocut", "rest", "superpower", "knockoff"], "ability": "Contrary", "evs": {"hp": 85, "atk": 85, "def": 85, "spa": 85, "spd": 85, "spe": 85}, "ivs": {"hp": 31, "atk": 31, "def": 31, "spa": 31, "spd": 31, "spe": 31}, "item": "Chesto Berry", "teraType": "Steel", "role": "Fast Bulky Setup", "bvs": {"hp": 86, "atk": 92, "def": 88, "spa": 68, "spd": 75, "spe": 73}, "stats": {"hp": 275, "atk": 198, "def": 191, "spa": 159, "spd": 170, "spe": 167}}}, {"Electrode": {"name": "Electrode", "species": "Electrode-Hisui", "speciesId": "electrodehisui", "gender": "N", "shiny": false, "level": 87, "moves": ["thunderbolt", "substitute", "leechseed", "gigadrain"], "ability": "Soundproof", "evs": {"hp": 85, "atk": 0, "def": 85, "spa": 85, "spd": 85, "spe": 85}, "ivs": {"hp": 31, "atk": 0, "def": 31, "spa": 31, "spd": 31, "spe": 31}, "item": "Leftovers", "teraType": "Poison", "role": "Fast Support", "bvs": {"hp": 60, "atk": 50, "def": 70, "spa": 80, "spd": 80, "spe": 150}, "stats": {"hp": 246, "atk": 92, "def": 172, "spa": 189, "spd": 189, "spe": 311}}, "Iron Thorns": {"name": "Iron Thorns", "species": "Iron Thorns", "speciesId": "ironthorns", "gender": "N", "shiny": false, "level": 83, "moves": ["dragondance", "icepunch", "wildcharge", "stoneedge"], "ability": "Quark Drive", "evs": {"hp": 85, "atk": 85, "def": 85, "spa": 85, "spd": 85, "spe": 85}, "ivs": {"hp": 31, "atk": 31, "def": 31, "spa": 31, "spd": 31, "spe": 31}, "item": "Booster Energy", "teraType": "Rock", "role": "Fast Bulky Setup", "bvs": {"hp": 100, "atk": 134, "def": 110, "spa": 70, "spd": 84, "spe": 72}, "stats": {"hp": 302, "atk": 270, "def": 230, "spa": 164, "spd": 187, "spe": 167}}, "Darkrai": {"name": "Darkrai", "species": "Darkrai", "speciesId": "darkrai", "gender": "N", "shiny": false, "level": 77, "moves": ["darkpulse", "focusblast", "nastyplot", "sludgebomb"], "ability": "Bad Dreams", "evs": {"hp": 85, "atk": 0, "def": 85, "spa": 85, "spd": 85, "spe": 85}, "ivs": {"hp": 31, "atk": 0, "def": 31, "spa": 31, "spd": 31, "spe": 31}, "item": "Life Orb", "teraType": "Poison", "role": "Setup Sweeper", "bvs": {"hp": 70, "atk": 90, "def": 90, "spa": 135, "spd": 90, "spe": 125}, "stats": {"hp": 234, "atk": 143, "def": 183, "spa": 252, "spd": 183, "spe": 237}}, "Mimikyu": {"name": "Mimikyu", "species": "Mimikyu", "speciesId": "mimikyu", "gender": "F", "shiny": false, "level": 79, "moves": ["swordsdance", "drainpunch", "shadowsneak", "playrough"], "ability": "Disguise", "evs": {"hp": 85, "atk": 85, "def": 85, "spa": 85, "spd": 85, "spe": 85}, "ivs": {"hp": 31, "atk": 31, "def": 31, "spa": 31, "spd": 31, "spe": 31}, "item": "Life Orb", "teraType": "Fighting", "role": "Setup Sweeper", "bvs": {"hp": 55, "atk": 90, "def": 80, "spa": 50, "spd": 105, "spe": 96}, "stats": {"hp": 216, "atk": 188, "def": 172, "spa": 125, "spd": 211, "spe": 197}}, "Victreebel": {"name": "Victreebel", "species": "Victreebel", "speciesId": "victreebel", "gender": "F", "shiny": false, "level": 90, "moves": ["suckerpunch", "poisonjab", "powerwhip", "swordsdance"], "ability": "Chlorophyll", "evs": {"hp": 85, "atk": 85, "def": 85, "spa": 85, "spd": 85, "spe": 85}, "ivs": {"hp": 31, "atk": 31, "def": 31, "spa": 31, "spd": 31, "spe": 31}, "item": "Life Orb", "teraType": "Grass", "role": "Setup Sweeper", "bvs": {"hp": 80, "atk": 105, "def": 65, "spa": 100, "spd": 70, "spe": 70}, "stats": {"hp": 290, "atk": 240, "def": 168, "spa": 231, "spd": 177, "spe": 177}}, "Groudon": {"name": "Groudon", "species": "Groudon", "speciesId": "groudon", "gender": "N", "shiny": false, "level": 72, "moves": ["heatcrash", "swordsdance", "stoneedge", "precipiceblades"], "ability": "Drought", "evs": {"hp": 85, "atk": 85, "def": 85, "spa": 85, "spd": 85, "spe": 85}, "ivs": {"hp": 31, "atk": 31, "def": 31, "spa": 31, "spd": 31, "spe": 31}, "item": "Leftovers", "teraType": "Fire", "role": "Bulky Setup", "bvs": {"hp": 100, "atk": 150, "def": 140, "spa": 100, "spd": 90, "spe": 90}, "stats": {"hp": 263, "atk": 258, "def": 244, "spa": 186, "spd": 172, "spe": 172}}}]}