{"id": "gen9randombattle-2631756922", "format": "[Gen 9] Random Battle", "players": ["horohorovasey", "professornobrainer"], "log": "|j|\u2606horohorovasey\n|j|\u2606professornobrainer\n|t:|1781434720\n|gametype|singles\n|player|p1|horohorovasey|miku-ghost|1770\n|player|p2|professornobrainer|265|1801\n|gen|9\n|tier|[Gen 9] Random Battle\n|rated|\n|rule|Species Clause: Limit one of each Pok\u00e9mon\n|rule|HP Percentage Mod: HP is shown in percentages\n|rule|Sleep Clause Mod: Limit one foe put to sleep\n|rule|Illusion Level Mod: Illusion disguises the Pok\u00e9mon's true level\n|\n|t:|1781434720\n|teamsize|p1|6\n|teamsize|p2|6\n|start\n|switch|p1a: Chesnaught|Chesnaught, L84, F|285/285\n|switch|p2a: Lunala|Lunala, L70|308/308\n|turn|1\n|inactive|Battle timer is ON: inactive players will automatically lose when time's up. (requested by horohorovasey)\n|\n|t:|1781434751\n|switch|p1a: Qwilfish|Qwilfish-Hisui, L83, F|244/244\n|-ability|p1a: Qwilfish|Intimidate|boost\n|-unboost|p2a: Lunala|atk|1\n|move|p2a: Lunala|Calm Mind|p2a: Lunala\n|-boost|p2a: Lunala|spa|1\n|-boost|p2a: Lunala|spd|1\n|\n|upkeep\n|turn|2\n|\n|t:|1781434767\n|switch|p2a: Quagsire|Quagsire, L84, M|297/297\n|move|p1a: Qwilfish|Taunt|p2a: Quagsire\n|-start|p2a: Quagsire|move: Taunt\n|\n|upkeep\n|turn|3\n|\n|t:|1781434774\n|switch|p1a: Chesnaught|Chesnaught, L84, F|285/285\n|move|p2a: Quagsire|Earthquake|p1a: Chesnaught\n|-resisted|p1a: Chesnaught\n|-damage|p1a: Chesnaught|247/285\n|\n|-heal|p1a: Chesnaught|264/285|[from] item: Leftovers\n|upkeep\n|turn|4\n|\n|t:|1781434795\n|switch|p2a: Iron Jugulis|Iron Jugulis, L77|271/271\n|move|p1a: Chesnaught|Trailblaze|p2a: Iron Jugulis\n|-resisted|p2a: Iron Jugulis\n|-damage|p2a: Iron Jugulis|238/271\n|-boost|p1a: Chesnaught|spe|1\n|\n|-heal|p1a: Chesnaught|281/285|[from] item: Leftovers\n|upkeep\n|turn|5\n|inactive|horohorovasey has 120 seconds left.\n|\n|t:|1781434828\n|switch|p1a: Klefki|Klefki, L84, M|233/233\n|move|p2a: Iron Jugulis|Hurricane|p1a: Klefki\n|-resisted|p1a: Klefki\n|-damage|p1a: Klefki|169/233\n|\n|-heal|p1a: Klefki|183/233|[from] item: Leftovers\n|upkeep\n|turn|6\n|inactive|horohorovasey has 120 seconds left.\n|\n|t:|1781434850\n|-end|p2a: Iron Jugulis|Quark Drive|[silent]\n|switch|p2a: Quagsire|Quagsire, L84, M|297/297\n|move|p1a: Klefki|Spikes|p2a: Quagsire\n|-sidestart|p2: professornobrainer|Spikes\n|\n|-heal|p1a: Klefki|197/233|[from] item: Leftovers\n|upkeep\n|turn|7\n|inactive|horohorovasey has 120 seconds left.\n|\n|t:|1781434858\n|move|p1a: Klefki|Magnet Rise|p1a: Klefki\n|-start|p1a: Klefki|Magnet Rise\n|move|p2a: Quagsire|Spikes|p1a: Klefki\n|-sidestart|p1: horohorovasey|Spikes\n|\n|-heal|p1a: Klefki|211/233|[from] item: Leftovers\n|upkeep\n|turn|8\n|inactive|professornobrainer has 120 seconds left.\n|\n|t:|1781434888\n|move|p1a: Klefki|Spikes|p2a: Quagsire\n|-sidestart|p2: professornobrainer|Spikes\n|move|p2a: Quagsire|Spikes|p1a: Klefki\n|-sidestart|p1: horohorovasey|Spikes\n|\n|-heal|p1a: Klefki|225/233|[from] item: Leftovers\n|upkeep\n|turn|9\n|\n|t:|1781434892\n|move|p1a: Klefki|Spikes|p2a: Quagsire\n|-sidestart|p2: professornobrainer|Spikes\n|move|p2a: Quagsire|Spikes|p1a: Klefki\n|-sidestart|p1: horohorovasey|Spikes\n|\n|-heal|p1a: Klefki|233/233|[from] item: Leftovers\n|upkeep\n|turn|10\n|\n|t:|1781434896\n|move|p1a: Klefki|Play Rough|p2a: Quagsire\n|-damage|p2a: Quagsire|212/297\n|move|p2a: Quagsire|Toxic|p1a: Klefki|[miss]\n|-miss|p2a: Quagsire|p1a: Klefki\n|\n|-heal|p2a: Quagsire|230/297|[from] item: Leftovers\n|upkeep\n|turn|11\n|\n|t:|1781434906\n|move|p1a: Klefki|Play Rough|p2a: Quagsire\n|-damage|p2a: Quagsire|151/297\n|move|p2a: Quagsire|Recover|p2a: Quagsire\n|-heal|p2a: Quagsire|297/297\n|\n|-end|p1a: Klefki|Magnet Rise\n|upkeep\n|turn|12\n|inactive|professornobrainer has 120 seconds left.\n|inactive|professornobrainer has 90 seconds left.\n|\n|t:|1781434972\n|switch|p2a: Volbeat|Volbeat, L90, M|263/263\n|move|p1a: Klefki|Play Rough|p2a: Volbeat\n|-damage|p2a: Volbeat|175/263\n|\n|upkeep\n|turn|13\n|inactive|professornobrainer has 90 seconds left.\n|\n|t:|1781434987\n|switch|p1a: Qwilfish|Qwilfish-Hisui, L83, F|244/244\n|-damage|p1a: Qwilfish|183/244|[from] Spikes\n|-ability|p1a: Qwilfish|Intimidate|boost\n|-unboost|p2a: Volbeat|atk|1\n|move|p2a: Volbeat|Thunder Wave|p1a: Qwilfish\n|-hint|Since gen 7, Dark is immune to Prankster moves.\n|-immune|p1a: Qwilfish\n|\n|upkeep\n|turn|14\n|\n|t:|1781434999\n|move|p2a: Volbeat|U-turn|p1a: Qwilfish\n|-damage|p1a: Qwilfish|149/244\n|\n|t:|1781435017\n|switch|p2a: Quagsire|Quagsire, L84, M|297/297|[from] U-turn\n|-damage|p2a: Quagsire|223/297|[from] Spikes\n|move|p1a: Qwilfish|Gunk Shot|p2a: Quagsire|[miss]\n|-miss|p1a: Qwilfish|p2a: Quagsire\n|\n|-heal|p2a: Quagsire|241/297|[from] item: Leftovers\n|upkeep\n|turn|15\n|\n|t:|1781435027\n|switch|p1a: Ribombee|Ribombee, L83, F|235/235\n|move|p2a: Quagsire|Toxic|p1a: Ribombee|[miss]\n|-miss|p2a: Quagsire|p1a: Ribombee\n|\n|-heal|p2a: Quagsire|259/297|[from] item: Leftovers\n|upkeep\n|turn|16\n|inactive|professornobrainer has 60 seconds left.\n|\n|t:|1781435080\n|switch|p2a: Volbeat|Volbeat, L90, M|175/263\n|move|p1a: Ribombee|Sticky Web|p2a: Volbeat\n|-sidestart|p2: professornobrainer|move: Sticky Web\n|\n|upkeep\n|turn|17\n|\n|t:|1781435086\n|move|p1a: Ribombee|U-turn|p2a: Volbeat\n|-damage|p2a: Volbeat|121/263\n|\n|t:|1781435089\n|switch|p1a: Klefki|Klefki, L84, M|233/233|[from] U-turn\n|-damage|p1a: Klefki|175/233|[from] Spikes\n|move|p2a: Volbeat|U-turn|p1a: Klefki\n|-resisted|p1a: Klefki\n|-damage|p1a: Klefki|160/233\n|inactive|professornobrainer has 30 seconds left.\n|inactive|professornobrainer has 20 seconds left.\n|inactive|professornobrainer has 15 seconds left.\n|inactive|professornobrainer has 10 seconds left.\n|inactive|professornobrainer has 5 seconds left.\n|\n|t:|1781435135\n|switch|p2a: Lunala|Lunala, L70|308/308|[from] U-turn\n|-damage|p2a: Lunala|231/308|[from] Spikes\n|-activate|p2a: Lunala|move: Sticky Web\n|-unboost|p2a: Lunala|spe|1\n|\n|-heal|p1a: Klefki|174/233|[from] item: Leftovers\n|-heal|p2a: Lunala|250/308|[from] item: Leftovers\n|upkeep\n|turn|18\n|inactive|professornobrainer has 15 seconds left this turn.\n|inactive|professornobrainer has 10 seconds left.\n|\n|t:|1781435143\n|move|p1a: Klefki|Thunder Wave|p2a: Lunala\n|-status|p2a: Lunala|par\n|move|p2a: Lunala|Moongeist Beam|p1a: Klefki\n|-damage|p1a: Klefki|74/233\n|\n|-heal|p1a: Klefki|88/233|[from] item: Leftovers\n|-heal|p2a: Lunala|269/308 par|[from] item: Leftovers\n|upkeep\n|turn|19\n|inactive|professornobrainer has 20 seconds left this turn.\n|inactive|professornobrainer has 15 seconds left.\n|inactive|professornobrainer has 10 seconds left.\n|\n|t:|1781435157\n|move|p1a: Klefki|Play Rough|p2a: Lunala\n|-damage|p2a: Lunala|173/308 par\n|move|p2a: Lunala|Moongeist Beam|p1a: Klefki\n|-damage|p1a: Klefki|0 fnt\n|faint|p1a: Klefki\n|\n|-heal|p2a: Lunala|192/308 par|[from] item: Leftovers\n|upkeep\n|\n|t:|1781435171\n|switch|p1a: Qwilfish|Qwilfish-Hisui, L83, F|149/244\n|-damage|p1a: Qwilfish|88/244|[from] Spikes\n|-ability|p1a: Qwilfish|Intimidate|boost\n|-unboost|p2a: Lunala|atk|1\n|turn|20\n|inactive|professornobrainer has 25 seconds left this turn.\n|inactive|professornobrainer has 20 seconds left.\n|inactive|professornobrainer has 15 seconds left.\n|\n|t:|1781435184\n|switch|p2a: Quagsire|Quagsire, L84, M|259/297\n|-damage|p2a: Quagsire|185/297|[from] Spikes\n|-activate|p2a: Quagsire|move: Sticky Web\n|-unboost|p2a: Quagsire|spe|1\n|move|p1a: Qwilfish|Crunch|p2a: Quagsire\n|-crit|p2a: Quagsire\n|-damage|p2a: Quagsire|58/297\n|-unboost|p2a: Quagsire|def|1\n|\n|-heal|p2a: Quagsire|76/297|[from] item: Leftovers\n|upkeep\n|turn|21\n|inactive|professornobrainer has 25 seconds left this turn.\n|inactive|professornobrainer has 20 seconds left.\n|inactive|professornobrainer has 15 seconds left.\n|c|\u2606professornobrainer|lmao\n|\n|t:|1781435198\n|move|p1a: Qwilfish|Crunch|p2a: Quagsire\n|-damage|p2a: Quagsire|0 fnt\n|faint|p2a: Quagsire\n|\n|upkeep\n|inactive|professornobrainer has 20 seconds left this turn.\n|inactive|professornobrainer has 15 seconds left.\n|inactive|professornobrainer has 10 seconds left.\n|inactive|professornobrainer has 5 seconds left.\n|\n|t:|1781435214\n|switch|p2a: Iron Jugulis|Iron Jugulis, L77|238/271\n|turn|22\n|inactive|professornobrainer has 15 seconds left this turn.\n|inactive|professornobrainer has 10 seconds left.\n|\n|t:|1781435220\n|move|p2a: Iron Jugulis|Meteor Beam||[still]\n|-prepare|p2a: Iron Jugulis|Meteor Beam\n|-boost|p2a: Iron Jugulis|spa|1\n|-enditem|p2a: Iron Jugulis|Power Herb\n|-anim|p2a: Iron Jugulis|Meteor Beam|p1a: Qwilfish\n|-damage|p1a: Qwilfish|0 fnt\n|faint|p1a: Qwilfish\n|\n|upkeep\n|\n|t:|1781435235\n|switch|p1a: Ribombee|Ribombee, L83, F|235/235\n|turn|23\n|inactive|professornobrainer has 25 seconds left this turn.\n|c|\u2606professornobrainer|just had to crit\n|inactive|professornobrainer has 20 seconds left.\n|inactive|professornobrainer has 15 seconds left.\n|\n|t:|1781435248\n|-terastallize|p1a: Ribombee|Ghost\n|move|p1a: Ribombee|Moonblast|p2a: Iron Jugulis\n|-supereffective|p2a: Iron Jugulis\n|-crit|p2a: Iron Jugulis\n|-damage|p2a: Iron Jugulis|0 fnt\n|faint|p2a: Iron Jugulis\n|-end|p2a: Iron Jugulis|Quark Drive|[silent]\n|\n|upkeep\n|inactive|professornobrainer has 20 seconds left this turn.\n|inactive|professornobrainer has 15 seconds left.\n|c|\u2606horohorovasey|mb\n|inactive|professornobrainer has 10 seconds left.\n|\n|t:|1781435261\n|switch|p2a: Hypno|Hypno, L95, F|315/315\n|-damage|p2a: Hypno|237/315|[from] Spikes\n|-activate|p2a: Hypno|move: Sticky Web\n|-unboost|p2a: Hypno|spe|1\n|turn|24\n|inactive|professornobrainer has 20 seconds left this turn.\n|inactive|professornobrainer has 15 seconds left.\n|\n|t:|1781435267\n|move|p1a: Ribombee|Bug Buzz|p2a: Hypno\n|-supereffective|p2a: Hypno\n|-damage|p2a: Hypno|97/315\n|move|p2a: Hypno|Knock Off|p1a: Ribombee\n|-supereffective|p1a: Ribombee\n|-damage|p1a: Ribombee|55/235\n|-enditem|p1a: Ribombee|Heavy-Duty Boots|[from] move: Knock Off|[of] p2a: Hypno\n|\n|-heal|p2a: Hypno|116/315|[from] item: Leftovers\n|upkeep\n|turn|25\n|inactive|professornobrainer has 25 seconds left this turn.\n|inactive|professornobrainer has 20 seconds left.\n|\n|t:|1781435277\n|move|p1a: Ribombee|Bug Buzz|p2a: Hypno\n|-supereffective|p2a: Hypno\n|-damage|p2a: Hypno|0 fnt\n|faint|p2a: Hypno\n|\n|upkeep\n|inactive|professornobrainer has 25 seconds left this turn.\n|inactive|professornobrainer has 20 seconds left.\n|inactive|professornobrainer has 15 seconds left.\n|\n|t:|1781435289\n|switch|p2a: Comfey|Comfey, L85, M|225/225\n|-damage|p2a: Comfey|169/225|[from] Spikes\n|-activate|p2a: Comfey|move: Sticky Web\n|-unboost|p2a: Comfey|spe|1\n|turn|26\n|inactive|professornobrainer has 25 seconds left this turn.\n|inactive|professornobrainer has 20 seconds left.\n|\n|t:|1781435298\n|move|p1a: Ribombee|U-turn|p2a: Comfey\n|-resisted|p2a: Comfey\n|-damage|p2a: Comfey|146/225\n|\n|t:|1781435301\n|switch|p1a: Flareon|Flareon, L90, F|263/263|[from] U-turn\n|-damage|p1a: Flareon|198/263|[from] Spikes\n|move|p2a: Comfey|Calm Mind|p2a: Comfey\n|-boost|p2a: Comfey|spa|1\n|-boost|p2a: Comfey|spd|1\n|\n|-heal|p2a: Comfey|160/225|[from] item: Leftovers\n|-status|p1a: Flareon|tox|[from] item: Toxic Orb\n|upkeep\n|turn|27\n|inactive|professornobrainer has 30 seconds left.\n|inactive|professornobrainer has 20 seconds left.\n|inactive|professornobrainer has 15 seconds left.\n|inactive|professornobrainer has 10 seconds left.\n|\n|t:|1781435327\n|switch|p2a: Lunala|Lunala, L70|192/308 par\n|-damage|p2a: Lunala|115/308 par|[from] Spikes\n|-activate|p2a: Lunala|move: Sticky Web\n|-unboost|p2a: Lunala|spe|1\n|move|p1a: Flareon|Facade|p2a: Lunala\n|-immune|p2a: Lunala\n|\n|-heal|p2a: Lunala|134/308 par|[from] item: Leftovers\n|-damage|p1a: Flareon|182/263 tox|[from] psn\n|upkeep\n|turn|28\n|inactive|professornobrainer has 20 seconds left this turn.\n|inactive|professornobrainer has 15 seconds left.\n|inactive|professornobrainer has 10 seconds left.\n|\n|t:|1781435346\n|switch|p1a: Ribombee|Ribombee, L83, F, tera:Ghost|55/235\n|-damage|p1a: Ribombee|0 fnt|[from] Spikes\n|faint|p1a: Ribombee\n|cant|p2a: Lunala|par\n|\n|-heal|p2a: Lunala|153/308 par|[from] item: Leftovers\n|upkeep\n|\n|t:|1781435348\n|switch|p1a: Keldeo|Keldeo-Resolute, L79|273/273\n|-damage|p1a: Keldeo|205/273|[from] Spikes\n|turn|29\n|inactive|professornobrainer has 25 seconds left this turn.\n|inactive|professornobrainer has 20 seconds left.\n|inactive|professornobrainer has 15 seconds left.\n|\n|t:|1781435359\n|move|p1a: Keldeo|Hydro Pump|p2a: Lunala\n|-damage|p2a: Lunala|20/308 par\n|move|p2a: Lunala|Moonlight|p2a: Lunala\n|-heal|p2a: Lunala|174/308 par\n|\n|-heal|p2a: Lunala|193/308 par|[from] item: Leftovers\n|upkeep\n|turn|30\n|inactive|professornobrainer has 25 seconds left this turn.\n|inactive|professornobrainer has 20 seconds left.\n|inactive|professornobrainer has 15 seconds left.\n|\n|t:|1781435369\n|move|p1a: Keldeo|Hydro Pump|p2a: Lunala\n|-damage|p2a: Lunala|67/308 par\n|move|p2a: Lunala|Psyshock|p1a: Keldeo\n|-supereffective|p1a: Keldeo\n|-damage|p1a: Keldeo|23/273\n|\n|-heal|p2a: Lunala|86/308 par|[from] item: Leftovers\n|upkeep\n|turn|31\n|inactive|professornobrainer has 25 seconds left this turn.\n|inactive|professornobrainer has 20 seconds left.\n|inactive|professornobrainer has 15 seconds left.\n|inactive|professornobrainer has 10 seconds left.\n|\n|t:|1781435385\n|move|p1a: Keldeo|Hydro Pump|p2a: Lunala|[miss]\n|-miss|p1a: Keldeo|p2a: Lunala\n|move|p2a: Lunala|Psyshock|p1a: Keldeo\n|-supereffective|p1a: Keldeo\n|-damage|p1a: Keldeo|0 fnt\n|faint|p1a: Keldeo\n|\n|-heal|p2a: Lunala|105/308 par|[from] item: Leftovers\n|upkeep\n|\n|t:|1781435393\n|switch|p1a: Chesnaught|Chesnaught, L84, F|281/285\n|-damage|p1a: Chesnaught|210/285|[from] Spikes\n|turn|32\n|inactive|professornobrainer has 25 seconds left this turn.\n|inactive|professornobrainer has 20 seconds left.\n|inactive|professornobrainer has 15 seconds left.\n|\n|t:|1781435407\n|move|p1a: Chesnaught|Trailblaze|p2a: Lunala\n|-damage|p2a: Lunala|38/308 par\n|-boost|p1a: Chesnaught|spe|1\n|move|p2a: Lunala|Moonlight|p2a: Lunala\n|-heal|p2a: Lunala|192/308 par\n|\n|-heal|p1a: Chesnaught|227/285|[from] item: Leftovers\n|-heal|p2a: Lunala|211/308 par|[from] item: Leftovers\n|upkeep\n|turn|33\n|inactive|professornobrainer has 25 seconds left this turn.\n|inactive|professornobrainer has 20 seconds left.\n|inactive|professornobrainer has 15 seconds left.\n|\n|t:|1781435420\n|move|p1a: Chesnaught|Iron Defense|p1a: Chesnaught\n|-boost|p1a: Chesnaught|def|2\n|cant|p2a: Lunala|par\n|\n|-heal|p1a: Chesnaught|244/285|[from] item: Leftovers\n|-heal|p2a: Lunala|230/308 par|[from] item: Leftovers\n|upkeep\n|turn|34\n|inactive|professornobrainer has 25 seconds left this turn.\n|inactive|professornobrainer has 20 seconds left.\n|\n|t:|1781435428\n|move|p1a: Chesnaught|Trailblaze|p2a: Lunala\n|-damage|p2a: Lunala|164/308 par\n|-boost|p1a: Chesnaught|spe|1\n|move|p2a: Lunala|Moongeist Beam|p1a: Chesnaught\n|-damage|p1a: Chesnaught|136/285\n|\n|-heal|p1a: Chesnaught|153/285|[from] item: Leftovers\n|-heal|p2a: Lunala|183/308 par|[from] item: Leftovers\n|upkeep\n|turn|35\n|inactive|professornobrainer has 30 seconds left this turn.\n|\n|t:|1781435433\n|move|p1a: Chesnaught|Trailblaze|p2a: Lunala\n|-damage|p2a: Lunala|114/308 par\n|-boost|p1a: Chesnaught|spe|1\n|move|p2a: Lunala|Moonlight|p2a: Lunala\n|-heal|p2a: Lunala|268/308 par\n|\n|-heal|p1a: Chesnaught|170/285|[from] item: Leftovers\n|-heal|p2a: Lunala|287/308 par|[from] item: Leftovers\n|upkeep\n|turn|36\n|\n|t:|1781435438\n|move|p1a: Chesnaught|Synthesis|p1a: Chesnaught\n|-heal|p1a: Chesnaught|285/285\n|move|p2a: Lunala|Moongeist Beam|p1a: Chesnaught\n|-damage|p1a: Chesnaught|182/285\n|\n|-heal|p1a: Chesnaught|199/285|[from] item: Leftovers\n|-heal|p2a: Lunala|306/308 par|[from] item: Leftovers\n|upkeep\n|turn|37\n|\n|t:|1781435445\n|move|p1a: Chesnaught|Trailblaze|p2a: Lunala\n|-damage|p2a: Lunala|236/308 par\n|-boost|p1a: Chesnaught|spe|1\n|move|p2a: Lunala|Calm Mind|p2a: Lunala\n|-boost|p2a: Lunala|spa|1\n|-boost|p2a: Lunala|spd|1\n|\n|-heal|p1a: Chesnaught|216/285|[from] item: Leftovers\n|-heal|p2a: Lunala|255/308 par|[from] item: Leftovers\n|upkeep\n|turn|38\n|\n|t:|1781435454\n|move|p1a: Chesnaught|Trailblaze|p2a: Lunala\n|-damage|p2a: Lunala|183/308 par\n|-boost|p1a: Chesnaught|spe|1\n|move|p2a: Lunala|Moongeist Beam|p1a: Chesnaught\n|-damage|p1a: Chesnaught|53/285\n|\n|-heal|p1a: Chesnaught|70/285|[from] item: Leftovers\n|-heal|p2a: Lunala|202/308 par|[from] item: Leftovers\n|upkeep\n|turn|39\n|\n|t:|1781435460\n|move|p1a: Chesnaught|Trailblaze|p2a: Lunala\n|-damage|p2a: Lunala|139/308 par\n|-boost|p1a: Chesnaught|spe|1\n|move|p2a: Lunala|Moongeist Beam|p1a: Chesnaught\n|-damage|p1a: Chesnaught|0 fnt\n|faint|p1a: Chesnaught\n|\n|-heal|p2a: Lunala|158/308 par|[from] item: Leftovers\n|upkeep\n|\n|t:|1781435463\n|switch|p1a: Flareon|Flareon, L90, F|182/263 tox\n|-damage|p1a: Flareon|117/263 tox|[from] Spikes\n|turn|40\n|inactive|professornobrainer has 60 seconds left.\n|\n|t:|1781435473\n|move|p1a: Flareon|Flare Blitz|p2a: Lunala\n|-damage|p2a: Lunala|0 fnt\n|faint|p2a: Lunala\n|-damage|p1a: Flareon|65/263 tox|[from] Recoil\n|\n|-damage|p1a: Flareon|49/263 tox|[from] psn\n|upkeep\n|c|\u2606horohorovasey|ggwp\n|-message|horohorovasey forfeited.\n|\n|win|professornobrainer\n|raw|horohorovasey's rating: 1770 &rarr; <strong>1752</strong><br />(-18 for losing)\n|raw|professornobrainer's rating: 1801 &rarr; <strong>1819</strong><br />(+18 for winning)\n|l|\u2606horohorovasey\n|player|p1|\n", "inputlog": ">version a8376a258c1d4662feba110a92103f3664a72141\n>start {\"formatid\":\"gen9randombattle\",\"seed\":\"sodium,7f958d370cf29f84afe167b2cd14f0a9\",\"rated\":\"Rated battle\"}\n>player p1 {\"name\":\"horohorovasey\",\"avatar\":\"miku-ghost\",\"rating\":1770,\"seed\":\"sodium,29b809368b535132b4574fe5960ac84e\"}\n>player p2 {\"name\":\"professornobrainer\",\"avatar\":\"265\",\"rating\":1801,\"seed\":\"sodium,058a8eabdfcf270a27157d92c85e2c29\"}\n>p1 switch 4\n>p2 move calmmind\n>p1 move taunt\n>p2 switch 2\n>p1 switch 4\n>p2 move earthquake\n>p1 move trailblaze\n>p2 switch 5\n>p1 switch 3\n>p2 move hurricane\n>p1 move spikes\n>p2 switch 5\n>p1 move magnetrise\n>p2 move spikes\n>p1 move spikes\n>p2 move spikes\n>p1 move spikes\n>p2 move spikes\n>p1 move playrough\n>p2 move toxic\n>p1 move playrough\n>p2 move recover\n>p1 move playrough\n>p2 switch 3\n>p1 switch 4\n>p2 move thunderwave\n>p1 move gunkshot\n>p2 move uturn\n>p2 switch 3\n>p1 switch 6\n>p2 move toxic\n>p1 move stickyweb\n>p2 switch 3\n>p1 move uturn\n>p2 move uturn\n>p1 switch 4\n>p2 switch 2\n>p1 move thunderwave\n>p2 move moongeistbeam\n>p1 move playrough\n>p2 move moongeistbeam\n>p1 switch 6\n>p1 move crunch\n>p2 switch 3\n>chat \u2606professornobrainer|lmao\n>p1 move crunch\n>p2 move recover\n>p2 switch 5\n>p1 move gunkshot\n>p2 move meteorbeam\n>p1 switch 4\n>chat \u2606professornobrainer|just had to crit\n>p1 move moonblast terastallize\n>p2 move hurricane\n>chat \u2606horohorovasey|mb\n>p2 switch 4\n>p1 move bugbuzz\n>p2 move knockoff\n>p1 move bugbuzz\n>p2 move knockoff\n>p2 switch 6\n>p1 move uturn\n>p2 move calmmind\n>p1 switch 2\n>p1 move facade\n>p2 switch 3\n>p1 switch 2\n>p2 move moongeistbeam\n>p1 switch 5\n>p1 move hydropump\n>p2 move moonlight\n>p1 move hydropump\n>p2 move psyshock\n>p1 move hydropump\n>p2 move psyshock\n>p1 switch 3\n>p1 move trailblaze\n>p2 move moonlight\n>p1 move irondefense\n>p2 move moonlight\n>p1 move trailblaze\n>p2 move moongeistbeam\n>p1 move trailblaze\n>p2 move moonlight\n>p1 move synthesis\n>p2 move moongeistbeam\n>p1 move trailblaze\n>p2 move calmmind\n>p1 move trailblaze\n>p2 move moongeistbeam\n>p1 move trailblaze\n>p2 move moongeistbeam\n>p1 switch 2\n>p1 move flareblitz\n>p2 move psyshock\n>chat \u2606horohorovasey|ggwp\n>forcelose p1", "uploadtime": 1781435493, "views": 38, "formatid": "gen9randombattle", "rating": 1752, "private": 0, "password": null, "player_dets": [{"name": "horohorovasey", "avatar": "miku-ghost", "rating": 1770, "seed": "sodium,29b809368b535132b4574fe5960ac84e"}, {"name": "professornobrainer", "avatar": "265", "rating": 1801, "seed": "sodium,058a8eabdfcf270a27157d92c85e2c29"}], "teams_full": [{"Chesnaught": {"name": "Chesnaught", "species": "Chesnaught", "speciesId": "chesnaught", "gender": "F", "shiny": false, "level": 84, "moves": ["bodypress", "irondefense", "synthesis", "trailblaze"], "ability": "Bulletproof", "evs": {"hp": 85, "atk": 85, "def": 85, "spa": 85, "spd": 85, "spe": 85}, "ivs": {"hp": 31, "atk": 31, "def": 31, "spa": 31, "spd": 31, "spe": 31}, "item": "Leftovers", "teraType": "Steel", "role": "Fast Bulky Setup", "bvs": {"hp": 88, "atk": 107, "def": 122, "spa": 74, "spd": 75, "spe": 64}, "stats": {"hp": 285, "atk": 228, "def": 253, "spa": 173, "spd": 174, "spe": 156}, "types": ["Grass", "Fighting"]}, "Flareon": {"name": "Flareon", "species": "Flareon", "speciesId": "flareon", "gender": "F", "shiny": false, "level": 90, "moves": ["facade", "trailblaze", "quickattack", "flareblitz"], "ability": "Guts", "evs": {"hp": 85, "atk": 85, "def": 85, "spa": 85, "spd": 85, "spe": 85}, "ivs": {"hp": 31, "atk": 31, "def": 31, "spa": 31, "spd": 31, "spe": 31}, "item": "Toxic Orb", "teraType": "Normal", "role": "Setup Sweeper", "bvs": {"hp": 65, "atk": 130, "def": 60, "spa": 95, "spd": 110, "spe": 65}, "stats": {"hp": 263, "atk": 285, "def": 159, "spa": 222, "spd": 249, "spe": 168}, "types": ["Fire"]}, "Klefki": {"name": "Klefki", "species": "Klefki", "speciesId": "klefki", "gender": "M", "shiny": false, "level": 84, "moves": ["magnetrise", "thunderwave", "playrough", "spikes"], "ability": "Prankster", "evs": {"hp": 85, "atk": 85, "def": 85, "spa": 85, "spd": 85, "spe": 85}, "ivs": {"hp": 31, "atk": 31, "def": 31, "spa": 31, "spd": 31, "spe": 31}, "item": "Leftovers", "teraType": "Water", "role": "Bulky Support", "bvs": {"hp": 57, "atk": 80, "def": 91, "spa": 80, "spd": 87, "spe": 75}, "stats": {"hp": 233, "atk": 183, "def": 201, "spa": 183, "spd": 194, "spe": 174}, "types": ["Steel", "Fairy"]}, "Qwilfish": {"name": "Qwilfish", "species": "Qwilfish-Hisui", "speciesId": "qwilfishhisui", "gender": "F", "shiny": false, "level": 83, "moves": ["gunkshot", "crunch", "taunt", "spikes"], "ability": "Intimidate", "evs": {"hp": 85, "atk": 85, "def": 85, "spa": 85, "spd": 85, "spe": 85}, "ivs": {"hp": 31, "atk": 31, "def": 31, "spa": 31, "spd": 31, "spe": 31}, "item": "Eviolite", "teraType": "Flying", "role": "Bulky Support", "bvs": {"hp": 65, "atk": 95, "def": 85, "spa": 55, "spd": 55, "spe": 85}, "stats": {"hp": 244, "atk": 205, "def": 189, "spa": 139, "spd": 139, "spe": 189}, "types": ["Dark", "Poison"]}, "Keldeo": {"name": "Keldeo", "species": "Keldeo-Resolute", "speciesId": "keldeoresolute", "gender": "N", "shiny": false, "level": 79, "moves": ["hydropump", "airslash", "flipturn", "secretsword"], "ability": "Justified", "evs": {"hp": 85, "atk": 85, "def": 85, "spa": 85, "spd": 85, "spe": 85}, "ivs": {"hp": 31, "atk": 31, "def": 31, "spa": 31, "spd": 31, "spe": 31}, "item": "Choice Scarf", "teraType": "Water", "role": "Fast Attacker", "bvs": {"hp": 91, "atk": 72, "def": 90, "spa": 129, "spd": 90, "spe": 108}, "stats": {"hp": 273, "atk": 159, "def": 188, "spa": 249, "spd": 188, "spe": 216}, "types": ["Water", "Fighting"]}, "Ribombee": {"name": "Ribombee", "species": "Ribombee", "speciesId": "ribombee", "gender": "F", "shiny": false, "level": 83, "moves": ["moonblast", "stickyweb", "uturn", "bugbuzz"], "ability": "Shield Dust", "evs": {"hp": 85, "atk": 85, "def": 85, "spa": 85, "spd": 85, "spe": 85}, "ivs": {"hp": 31, "atk": 31, "def": 31, "spa": 31, "spd": 31, "spe": 31}, "item": "Heavy-Duty Boots", "teraType": "Ghost", "role": "Fast Support", "bvs": {"hp": 60, "atk": 55, "def": 60, "spa": 95, "spd": 70, "spe": 124}, "stats": {"hp": 235, "atk": 139, "def": 147, "spa": 205, "spd": 164, "spe": 254}, "types": ["Bug", "Fairy"]}}, {"Lunala": {"name": "Lunala", "species": "Lunala", "speciesId": "lunala", "gender": "N", "shiny": false, "level": 70, "moves": ["moongeistbeam", "calmmind", "psyshock", "moonlight"], "ability": "Shadow Shield", "evs": {"hp": 85, "atk": 0, "def": 85, "spa": 85, "spd": 85, "spe": 85}, "ivs": {"hp": 31, "atk": 0, "def": 31, "spa": 31, "spd": 31, "spe": 31}, "item": "Leftovers", "teraType": "Dark", "role": "Fast Bulky Setup", "bvs": {"hp": 137, "atk": 113, "def": 89, "spa": 137, "spd": 107, "spe": 97}, "stats": {"hp": 308, "atk": 163, "def": 166, "spa": 233, "spd": 191, "spe": 177}, "types": ["Psychic", "Ghost"]}, "Quagsire": {"name": "Quagsire", "species": "Quagsire", "speciesId": "quagsire", "gender": "M", "shiny": false, "level": 84, "moves": ["toxic", "earthquake", "spikes", "recover"], "ability": "Unaware", "evs": {"hp": 85, "atk": 85, "def": 85, "spa": 85, "spd": 85, "spe": 85}, "ivs": {"hp": 31, "atk": 31, "def": 31, "spa": 31, "spd": 31, "spe": 31}, "item": "Leftovers", "teraType": "Fairy", "role": "Bulky Support", "bvs": {"hp": 95, "atk": 85, "def": 85, "spa": 65, "spd": 65, "spe": 35}, "stats": {"hp": 297, "atk": 191, "def": 191, "spa": 157, "spd": 157, "spe": 107}, "types": ["Water", "Ground"]}, "Volbeat": {"name": "Volbeat", "species": "Volbeat", "speciesId": "volbeat", "gender": "M", "shiny": false, "level": 90, "moves": ["uturn", "thunderwave", "encore", "roost"], "ability": "Prankster", "evs": {"hp": 85, "atk": 85, "def": 85, "spa": 85, "spd": 85, "spe": 85}, "ivs": {"hp": 31, "atk": 31, "def": 31, "spa": 31, "spd": 31, "spe": 31}, "item": "Heavy-Duty Boots", "teraType": "Water", "role": "Bulky Support", "bvs": {"hp": 65, "atk": 73, "def": 75, "spa": 47, "spd": 85, "spe": 85}, "stats": {"hp": 263, "atk": 183, "def": 186, "spa": 136, "spd": 204, "spe": 204}, "types": ["Bug"]}, "Hypno": {"name": "Hypno", "species": "Hypno", "speciesId": "hypno", "gender": "F", "shiny": false, "level": 95, "moves": ["toxic", "encore", "knockoff", "psychicnoise"], "ability": "Insomnia", "evs": {"hp": 85, "atk": 85, "def": 85, "spa": 85, "spd": 85, "spe": 85}, "ivs": {"hp": 31, "atk": 31, "def": 31, "spa": 31, "spd": 31, "spe": 31}, "item": "Leftovers", "teraType": "Steel", "role": "Bulky Support", "bvs": {"hp": 85, "atk": 73, "def": 70, "spa": 73, "spd": 115, "spe": 67}, "stats": {"hp": 315, "atk": 193, "def": 187, "spa": 193, "spd": 272, "spe": 181}, "types": ["Psychic"]}, "Iron Jugulis": {"name": "Iron Jugulis", "species": "Iron Jugulis", "speciesId": "ironjugulis", "gender": "N", "shiny": false, "level": 77, "moves": ["darkpulse", "earthpower", "meteorbeam", "hurricane"], "ability": "Quark Drive", "evs": {"hp": 85, "atk": 0, "def": 85, "spa": 85, "spd": 85, "spe": 85}, "ivs": {"hp": 31, "atk": 0, "def": 31, "spa": 31, "spd": 31, "spe": 31}, "item": "Power Herb", "teraType": "Ground", "role": "Setup Sweeper", "bvs": {"hp": 94, "atk": 80, "def": 86, "spa": 122, "spd": 80, "spe": 108}, "stats": {"hp": 271, "atk": 128, "def": 177, "spa": 232, "spd": 168, "spe": 211}, "types": ["Dark", "Flying"]}, "Comfey": {"name": "Comfey", "species": "Comfey", "speciesId": "comfey", "gender": "M", "shiny": false, "level": 85, "moves": ["calmmind", "terablast", "drainingkiss", "synthesis"], "ability": "Triage", "evs": {"hp": 85, "atk": 0, "def": 85, "spa": 85, "spd": 85, "spe": 85}, "ivs": {"hp": 31, "atk": 0, "def": 31, "spa": 31, "spd": 31, "spe": 31}, "item": "Leftovers", "teraType": "Ground", "role": "Tera Blast user", "bvs": {"hp": 51, "atk": 52, "def": 90, "spa": 82, "spd": 110, "spe": 100}, "stats": {"hp": 225, "atk": 93, "def": 202, "spa": 188, "spd": 236, "spe": 219}, "types": ["Fairy"]}}]}