{"id": "gen9randombattle-2631924031", "format": "[Gen 9] Random Battle", "players": ["itsbaloney", "boulette de veau"], "log": "|j|\u2606itsbaloney\n|j|\u203dboulette de veau\n|t:|1781456137\n|gametype|singles\n|player|p1|itsbaloney|giovanni|2003\n|player|p2|boulette de veau|266|1938\n|gen|9\n|tier|[Gen 9] Random Battle\n|rated|\n|rule|Species Clause: Limit one of each Pok\u00e9mon\n|rule|HP Percentage Mod: HP is shown in percentages\n|rule|Sleep Clause Mod: Limit one foe put to sleep\n|rule|Illusion Level Mod: Illusion disguises the Pok\u00e9mon's true level\n|\n|t:|1781456137\n|teamsize|p1|6\n|teamsize|p2|6\n|start\n|switch|p1a: Cloyster|Cloyster, L80, F|211/211\n|switch|p2a: Incineroar|Incineroar, L82, F|290/290\n|-ability|p2a: Incineroar|Intimidate|boost\n|-unboost|p1a: Cloyster|atk|1\n|-enditem|p1a: Cloyster|White Herb\n|-clearnegativeboost|p1a: Cloyster|[silent]\n|turn|1\n|inactive|Battle timer is ON: inactive players will automatically lose when time's up. (requested by itsbaloney)\n|\n|t:|1781456148\n|move|p1a: Cloyster|Shell Smash|p1a: Cloyster\n|-unboost|p1a: Cloyster|def|1\n|-unboost|p1a: Cloyster|spd|1\n|-boost|p1a: Cloyster|atk|2\n|-boost|p1a: Cloyster|spa|2\n|-boost|p1a: Cloyster|spe|2\n|move|p2a: Incineroar|Will-O-Wisp|p1a: Cloyster\n|-status|p1a: Cloyster|brn\n|\n|-damage|p1a: Cloyster|198/211 brn|[from] brn\n|upkeep\n|turn|2\n|\n|t:|1781456152\n|switch|p2a: Walking Wake|Walking Wake, L79|286/286\n|move|p1a: Cloyster|Shell Smash|p1a: Cloyster\n|-unboost|p1a: Cloyster|def|1\n|-unboost|p1a: Cloyster|spd|1\n|-boost|p1a: Cloyster|atk|2\n|-boost|p1a: Cloyster|spa|2\n|-boost|p1a: Cloyster|spe|2\n|\n|-damage|p1a: Cloyster|185/211 brn|[from] brn\n|upkeep\n|turn|3\n|\n|t:|1781456160\n|move|p1a: Cloyster|Icicle Spear|p2a: Walking Wake\n|-crit|p2a: Walking Wake\n|-damage|p2a: Walking Wake|230/286\n|-damage|p2a: Walking Wake|193/286\n|-damage|p2a: Walking Wake|153/286\n|-damage|p2a: Walking Wake|114/286\n|-damage|p2a: Walking Wake|75/286\n|-hitcount|p2a: Walking Wake|5\n|move|p2a: Walking Wake|Draco Meteor|p1a: Cloyster\n|-damage|p1a: Cloyster|0 fnt\n|-unboost|p2a: Walking Wake|spa|2\n|faint|p1a: Cloyster\n|\n|upkeep\n|\n|t:|1781456168\n|switch|p1a: Tyranitar|Tyranitar, L78, M|284/284\n|-weather|Sandstorm|[from] ability: Sand Stream|[of] p1a: Tyranitar\n|turn|4\n|\n|t:|1781456177\n|-end|p2a: Walking Wake|Protosynthesis|[silent]\n|switch|p2a: Swampert|Swampert, L83, M|302/302\n|move|p1a: Tyranitar|Dragon Dance|p1a: Tyranitar\n|-boost|p1a: Tyranitar|atk|1\n|-boost|p1a: Tyranitar|spe|1\n|\n|-weather|Sandstorm|[upkeep]\n|upkeep\n|turn|5\n|\n|t:|1781456183\n|move|p1a: Tyranitar|Knock Off|p2a: Swampert\n|-damage|p2a: Swampert|119/302\n|-enditem|p2a: Swampert|Leftovers|[from] move: Knock Off|[of] p1a: Tyranitar\n|move|p2a: Swampert|Yawn|p1a: Tyranitar\n|-start|p1a: Tyranitar|move: Yawn|[of] p2a: Swampert\n|\n|-weather|Sandstorm|[upkeep]\n|upkeep\n|turn|6\n|\n|t:|1781456196\n|switch|p1a: Granbull|Granbull, L88, F|302/302\n|-ability|p1a: Granbull|Intimidate|boost\n|-unboost|p2a: Swampert|atk|1\n|move|p2a: Swampert|Earthquake|p1a: Granbull\n|-crit|p1a: Granbull\n|-damage|p1a: Granbull|116/302\n|\n|-weather|Sandstorm|[upkeep]\n|-damage|p1a: Granbull|98/302|[from] Sandstorm\n|-heal|p1a: Granbull|116/302|[from] item: Leftovers\n|upkeep\n|turn|7\n|\n|t:|1781456209\n|move|p2a: Swampert|Earthquake|p1a: Granbull\n|-damage|p1a: Granbull|37/302\n|move|p1a: Granbull|Play Rough|p2a: Swampert\n|-damage|p2a: Swampert|0 fnt\n|faint|p2a: Swampert\n|\n|-weather|Sandstorm|[upkeep]\n|-damage|p1a: Granbull|19/302|[from] Sandstorm\n|-heal|p1a: Granbull|37/302|[from] item: Leftovers\n|upkeep\n|\n|t:|1781456220\n|switch|p2a: Walking Wake|Walking Wake, L79|75/286\n|turn|8\n|\n|t:|1781456228\n|move|p2a: Walking Wake|Flip Turn|p1a: Granbull\n|-damage|p1a: Granbull|0 fnt\n|faint|p1a: Granbull\n|\n|t:|1781456240\n|-end|p2a: Walking Wake|Protosynthesis|[silent]\n|switch|p2a: Braviary|Braviary-Hisui, L85, M|326/326|[from] Flip Turn\n|\n|-weather|none\n|upkeep\n|\n|t:|1781456244\n|switch|p1a: Tyranitar|Tyranitar, L78, M|284/284\n|-weather|Sandstorm|[from] ability: Sand Stream|[of] p1a: Tyranitar\n|turn|9\n|\n|t:|1781456248\n|move|p2a: Braviary|U-turn|p1a: Tyranitar\n|-supereffective|p1a: Tyranitar\n|-damage|p1a: Tyranitar|192/284\n|-enditem|p1a: Tyranitar|Weakness Policy\n|-boost|p1a: Tyranitar|atk|2|[from] item: Weakness Policy\n|-boost|p1a: Tyranitar|spa|2|[from] item: Weakness Policy\n|\n|t:|1781456252\n|switch|p2a: Walking Wake|Walking Wake, L79|75/286|[from] U-turn\n|move|p1a: Tyranitar|Dragon Dance|p1a: Tyranitar\n|-boost|p1a: Tyranitar|atk|1\n|-boost|p1a: Tyranitar|spe|1\n|\n|-weather|Sandstorm|[upkeep]\n|-damage|p2a: Walking Wake|58/286|[from] Sandstorm\n|upkeep\n|turn|10\n|\n|t:|1781456261\n|-terastallize|p1a: Tyranitar|Ghost\n|move|p2a: Walking Wake|Hydro Pump|p1a: Tyranitar|[miss]\n|-miss|p2a: Walking Wake|p1a: Tyranitar\n|move|p1a: Tyranitar|Dragon Dance|p1a: Tyranitar\n|-boost|p1a: Tyranitar|atk|1\n|-boost|p1a: Tyranitar|spe|1\n|\n|-weather|Sandstorm|[upkeep]\n|-damage|p1a: Tyranitar|175/284|[from] Sandstorm\n|-damage|p2a: Walking Wake|41/286|[from] Sandstorm\n|upkeep\n|turn|11\n|\n|t:|1781456268\n|move|p1a: Tyranitar|Knock Off|p2a: Walking Wake\n|-damage|p2a: Walking Wake|0 fnt\n|-enditem|p2a: Walking Wake|Choice Specs|[from] move: Knock Off|[of] p1a: Tyranitar\n|faint|p2a: Walking Wake\n|-end|p2a: Walking Wake|Protosynthesis|[silent]\n|\n|-weather|Sandstorm|[upkeep]\n|-damage|p1a: Tyranitar|158/284|[from] Sandstorm\n|upkeep\n|\n|t:|1781456274\n|switch|p2a: Incineroar|Incineroar, L82, F|290/290\n|-ability|p2a: Incineroar|Intimidate|boost\n|-unboost|p1a: Tyranitar|atk|1\n|turn|12\n|\n|t:|1781456281\n|-terastallize|p2a: Incineroar|Water\n|move|p1a: Tyranitar|Stone Edge|p2a: Incineroar\n|-damage|p2a: Incineroar|2/290\n|move|p2a: Incineroar|Knock Off|p1a: Tyranitar\n|-supereffective|p1a: Tyranitar\n|-damage|p1a: Tyranitar|30/284\n|\n|-weather|Sandstorm|[upkeep]\n|-damage|p1a: Tyranitar|13/284|[from] Sandstorm\n|-damage|p2a: Incineroar|0 fnt|[from] Sandstorm\n|faint|p2a: Incineroar\n|upkeep\n|\n|t:|1781456286\n|switch|p2a: Grimmsnarl|Grimmsnarl, L83, M|293/293\n|turn|13\n|\n|t:|1781456292\n|move|p2a: Grimmsnarl|Sucker Punch|p1a: Tyranitar\n|-supereffective|p1a: Tyranitar\n|-damage|p1a: Tyranitar|0 fnt\n|faint|p1a: Tyranitar\n|\n|-weather|none\n|upkeep\n|\n|t:|1781456300\n|switch|p1a: Jumpluff|Jumpluff, L87, F|271/271\n|turn|14\n|\n|t:|1781456305\n|move|p2a: Grimmsnarl|Parting Shot|p1a: Jumpluff\n|-unboost|p1a: Jumpluff|atk|1\n|-unboost|p1a: Jumpluff|spa|1\n|\n|t:|1781456307\n|switch|p2a: Braviary|Braviary-Hisui, L85, M|326/326|[from] Parting Shot\n|move|p1a: Jumpluff|Encore||[still]\n|-fail|p1a: Jumpluff\n|\n|upkeep\n|turn|15\n|\n|t:|1781456312\n|move|p1a: Jumpluff|Sleep Powder|p2a: Braviary|[miss]\n|-miss|p1a: Jumpluff|p2a: Braviary\n|move|p2a: Braviary|Hurricane|p1a: Jumpluff\n|-supereffective|p1a: Jumpluff\n|-damage|p1a: Jumpluff|0 fnt\n|faint|p1a: Jumpluff\n|\n|upkeep\n|\n|t:|1781456316\n|switch|p1a: Azelf|Azelf, L82|257/257\n|turn|16\n|\n|t:|1781456322\n|move|p1a: Azelf|Fire Blast|p2a: Braviary\n|-damage|p2a: Braviary|230/326\n|move|p2a: Braviary|Hurricane|p1a: Azelf|[miss]\n|-miss|p2a: Braviary|p1a: Azelf\n|\n|upkeep\n|turn|17\n|\n|t:|1781456328\n|move|p1a: Azelf|Fire Blast|p2a: Braviary\n|-damage|p2a: Braviary|119/326\n|move|p2a: Braviary|Hurricane|p1a: Azelf\n|-damage|p1a: Azelf|5/257\n|\n|-heal|p1a: Azelf|21/257|[from] item: Leftovers\n|upkeep\n|turn|18\n|\n|t:|1781456334\n|move|p1a: Azelf|Fire Blast|p2a: Braviary\n|-damage|p2a: Braviary|10/326\n|move|p2a: Braviary|Hurricane|p1a: Azelf\n|-damage|p1a: Azelf|0 fnt\n|faint|p1a: Azelf\n|\n|upkeep\n|\n|t:|1781456336\n|switch|p1a: Great Tusk|Great Tusk, L77|304/304\n|turn|19\n|\n|t:|1781456339\n|move|p1a: Great Tusk|Rapid Spin|p2a: Braviary\n|-damage|p2a: Braviary|0 fnt\n|-boost|p1a: Great Tusk|spe|1\n|faint|p2a: Braviary\n|\n|upkeep\n|\n|t:|1781456350\n|switch|p2a: Eiscue|Eiscue, L88, F|274/274\n|turn|20\n|\n|t:|1781456359\n|move|p1a: Great Tusk|Rapid Spin|p2a: Eiscue\n|-activate|p2a: Eiscue|ability: Ice Face\n|-damage|p2a: Eiscue|274/274\n|-boost|p1a: Great Tusk|spe|1\n|detailschange|p2a: Eiscue|Eiscue-Noice, L88, F\n|move|p2a: Eiscue|Ice Spinner|p1a: Great Tusk\n|-supereffective|p1a: Great Tusk\n|-damage|p1a: Great Tusk|170/304\n|\n|-heal|p1a: Great Tusk|189/304|[from] item: Leftovers\n|upkeep\n|turn|21\n|\n|t:|1781456369\n|move|p1a: Great Tusk|Bulk Up|p1a: Great Tusk\n|-boost|p1a: Great Tusk|atk|1\n|-boost|p1a: Great Tusk|def|1\n|move|p2a: Eiscue|Ice Spinner|p1a: Great Tusk\n|-supereffective|p1a: Great Tusk\n|-damage|p1a: Great Tusk|105/304\n|\n|-heal|p1a: Great Tusk|124/304|[from] item: Leftovers\n|upkeep\n|turn|22\n|\n|t:|1781456383\n|move|p1a: Great Tusk|Bulk Up|p1a: Great Tusk\n|-boost|p1a: Great Tusk|atk|1\n|-boost|p1a: Great Tusk|def|1\n|move|p2a: Eiscue|Ice Spinner|p1a: Great Tusk\n|-supereffective|p1a: Great Tusk\n|-damage|p1a: Great Tusk|56/304\n|\n|-heal|p1a: Great Tusk|75/304|[from] item: Leftovers\n|upkeep\n|turn|23\n|inactive|itsbaloney has 120 seconds left.\n|\n|t:|1781456414\n|move|p1a: Great Tusk|Close Combat|p2a: Eiscue\n|-supereffective|p2a: Eiscue\n|-damage|p2a: Eiscue|0 fnt\n|-unboost|p1a: Great Tusk|def|1\n|-unboost|p1a: Great Tusk|spd|1\n|faint|p2a: Eiscue\n|\n|-heal|p1a: Great Tusk|94/304|[from] item: Leftovers\n|upkeep\n|\n|t:|1781456417\n|switch|p2a: Grimmsnarl|Grimmsnarl, L83, M|293/293\n|turn|24\n|\n|t:|1781456427\n|move|p1a: Great Tusk|Close Combat|p2a: Grimmsnarl\n|-damage|p2a: Grimmsnarl|0 fnt\n|-unboost|p1a: Great Tusk|def|1\n|-unboost|p1a: Great Tusk|spd|1\n|faint|p2a: Grimmsnarl\n|\n|win|itsbaloney\n", "inputlog": ">version a8376a258c1d4662feba110a92103f3664a72141\n>start {\"formatid\":\"gen9randombattle\",\"seed\":\"sodium,e7dc2b6a67c6cde979ac52abc80d287b\",\"rated\":\"Rated battle\"}\n>player p1 {\"name\":\"itsbaloney\",\"avatar\":\"giovanni\",\"rating\":2003,\"seed\":\"sodium,3207fd236ab459cab3d72f11404e2aef\"}\n>player p2 {\"name\":\"boulette de veau\",\"avatar\":\"266\",\"rating\":1938,\"seed\":\"sodium,5c7af9e0c22f43a8b261180f6b4596a2\"}\n>p1 move shellsmash\n>p2 move willowisp\n>p1 move shellsmash\n>p2 switch 3\n>p1 move iciclespear\n>p2 move dracometeor\n>p1 switch 3\n>p1 move dragondance\n>p2 switch 4\n>p1 move knockoff\n>p2 move yawn\n>p1 switch 5\n>p2 move earthquake\n>p1 move playrough\n>p2 move earthquake\n>p2 switch 4\n>p1 move thunderwave\n>p2 move flipturn\n>p2 switch 6\n>p1 switch 5\n>p1 move dragondance\n>p2 move uturn\n>p2 switch 6\n>p1 move dragondance terastallize\n>p2 move hydropump\n>p1 move knockoff\n>p2 move hydropump\n>p2 switch 3\n>p1 move stoneedge\n>p2 move knockoff terastallize\n>p2 switch 5\n>p1 move icepunch\n>p2 move suckerpunch\n>p1 switch 4\n>p1 move encore\n>p2 move partingshot\n>p2 switch 6\n>p1 move sleeppowder\n>p2 move hurricane\n>p1 switch 6\n>p1 move fireblast\n>p2 move hurricane\n>p1 move fireblast\n>p2 move hurricane\n>p1 move fireblast\n>p2 move hurricane\n>p1 switch 2\n>p1 move rapidspin\n>p2 move hurricane\n>p2 switch 2\n>p1 move rapidspin\n>p2 move icespinner\n>p1 move bulkup\n>p2 move icespinner\n>p1 move bulkup\n>p2 move icespinner\n>p1 move closecombat\n>p2 move icespinner\n>p2 switch 6\n>p1 move closecombat\n>p2 move spiritbreak", "uploadtime": 1781456139, "views": 5, "formatid": "gen9randombattle", "rating": null, "private": 0, "password": null, "player_dets": [{"name": "itsbaloney", "avatar": "giovanni", "rating": 2003, "seed": "sodium,3207fd236ab459cab3d72f11404e2aef"}, {"name": "boulette de veau", "avatar": "266", "rating": 1938, "seed": "sodium,5c7af9e0c22f43a8b261180f6b4596a2"}], "teams_full": [{"Cloyster": {"name": "Cloyster", "species": "Cloyster", "speciesId": "cloyster", "gender": "F", "shiny": false, "level": 80, "moves": ["rockblast", "shellsmash", "iciclespear", "drillrun"], "ability": "Skill Link", "evs": {"hp": 85, "atk": 85, "def": 85, "spa": 85, "spd": 85, "spe": 85}, "ivs": {"hp": 31, "atk": 31, "def": 31, "spa": 31, "spd": 31, "spe": 31}, "item": "White Herb", "teraType": "Ground", "role": "Fast Attacker", "bvs": {"hp": 50, "atk": 95, "def": 180, "spa": 85, "spd": 45, "spe": 70}, "stats": {"hp": 211, "atk": 198, "def": 334, "spa": 182, "spd": 118, "spe": 158}, "types": ["Water", "Ice"]}, "Great Tusk": {"name": "Great Tusk", "species": "Great Tusk", "speciesId": "greattusk", "gender": "N", "shiny": false, "level": 77, "moves": ["bulkup", "rapidspin", "closecombat", "earthquake"], "ability": "Protosynthesis", "evs": {"hp": 85, "atk": 85, "def": 85, "spa": 85, "spd": 85, "spe": 85}, "ivs": {"hp": 31, "atk": 31, "def": 31, "spa": 31, "spd": 31, "spe": 31}, "item": "Leftovers", "teraType": "Steel", "role": "Bulky Setup", "bvs": {"hp": 115, "atk": 131, "def": 131, "spa": 53, "spd": 53, "spe": 87}, "stats": {"hp": 304, "atk": 246, "def": 246, "spa": 126, "spd": 126, "spe": 179}, "types": ["Ground", "Fighting"]}, "Tyranitar": {"name": "Tyranitar", "species": "Tyranitar", "speciesId": "tyranitar", "gender": "M", "shiny": false, "level": 78, "moves": ["knockoff", "stoneedge", "dragondance", "icepunch"], "ability": "Sand Stream", "evs": {"hp": 85, "atk": 85, "def": 85, "spa": 85, "spd": 85, "spe": 85}, "ivs": {"hp": 31, "atk": 31, "def": 31, "spa": 31, "spd": 31, "spe": 31}, "item": "Weakness Policy", "teraType": "Ghost", "role": "Bulky Setup", "bvs": {"hp": 100, "atk": 134, "def": 110, "spa": 95, "spd": 100, "spe": 61}, "stats": {"hp": 284, "atk": 254, "def": 217, "spa": 193, "spd": 201, "spe": 140}, "types": ["Rock", "Dark"]}, "Jumpluff": {"name": "Jumpluff", "species": "Jumpluff", "speciesId": "jumpluff", "gender": "F", "shiny": false, "level": 87, "moves": ["acrobatics", "strengthsap", "encore", "sleeppowder"], "ability": "Infiltrator", "evs": {"hp": 81, "atk": 85, "def": 85, "spa": 85, "spd": 85, "spe": 85}, "ivs": {"hp": 31, "atk": 31, "def": 31, "spa": 31, "spd": 31, "spe": 31}, "item": "", "teraType": "Steel", "role": "Bulky Attacker", "bvs": {"hp": 75, "atk": 55, "def": 70, "spa": 55, "spd": 95, "spe": 110}, "stats": {"hp": 271, "atk": 145, "def": 172, "spa": 145, "spd": 215, "spe": 241}, "types": ["Grass", "Flying"]}, "Granbull": {"name": "Granbull", "species": "Granbull", "speciesId": "granbull", "gender": "F", "shiny": false, "level": 88, "moves": ["earthquake", "playrough", "thunderwave", "encore"], "ability": "Intimidate", "evs": {"hp": 85, "atk": 85, "def": 85, "spa": 85, "spd": 85, "spe": 85}, "ivs": {"hp": 31, "atk": 31, "def": 31, "spa": 31, "spd": 31, "spe": 31}, "item": "Leftovers", "teraType": "Ground", "role": "Bulky Attacker", "bvs": {"hp": 90, "atk": 120, "def": 75, "spa": 60, "spd": 60, "spe": 45}, "stats": {"hp": 302, "atk": 261, "def": 182, "spa": 156, "spd": 156, "spe": 129}, "types": ["Fairy"]}, "Azelf": {"name": "Azelf", "species": "Azelf", "speciesId": "azelf", "gender": "N", "shiny": false, "level": 82, "moves": ["stealthrock", "psychic", "taunt", "fireblast"], "ability": "Levitate", "evs": {"hp": 85, "atk": 0, "def": 85, "spa": 85, "spd": 85, "spe": 85}, "ivs": {"hp": 31, "atk": 0, "def": 31, "spa": 31, "spd": 31, "spe": 31}, "item": "Leftovers", "teraType": "Fire", "role": "Fast Support", "bvs": {"hp": 75, "atk": 125, "def": 70, "spa": 125, "spd": 70, "spe": 115}, "stats": {"hp": 257, "atk": 210, "def": 162, "spa": 252, "spd": 162, "spe": 236}, "types": ["Psychic"]}}, {"Incineroar": {"name": "Incineroar", "species": "Incineroar", "speciesId": "incineroar", "gender": "F", "shiny": false, "level": 82, "moves": ["flareblitz", "knockoff", "willowisp", "closecombat"], "ability": "Intimidate", "evs": {"hp": 85, "atk": 85, "def": 85, "spa": 85, "spd": 85, "spe": 85}, "ivs": {"hp": 31, "atk": 31, "def": 31, "spa": 31, "spd": 31, "spe": 31}, "item": "Heavy-Duty Boots", "teraType": "Water", "role": "Fast Attacker", "bvs": {"hp": 95, "atk": 115, "def": 90, "spa": 80, "spd": 90, "spe": 60}, "stats": {"hp": 290, "atk": 236, "def": 195, "spa": 178, "spd": 195, "spe": 146}, "types": ["Fire", "Dark"]}, "Eiscue": {"name": "Eiscue", "species": "Eiscue", "speciesId": "eiscue", "gender": "F", "shiny": false, "level": 88, "moves": ["liquidation", "icespinner", "terablast", "bellydrum"], "ability": "Ice Face", "evs": {"hp": 81, "atk": 85, "def": 85, "spa": 85, "spd": 85, "spe": 85}, "ivs": {"hp": 31, "atk": 31, "def": 31, "spa": 31, "spd": 31, "spe": 31}, "item": "Sitrus Berry", "teraType": "Ground", "role": "Tera Blast user", "bvs": {"hp": 75, "atk": 80, "def": 110, "spa": 65, "spd": 90, "spe": 50}, "stats": {"hp": 274, "atk": 191, "def": 244, "spa": 165, "spd": 209, "spe": 138}, "types": ["Ice"]}, "Walking Wake": {"name": "Walking Wake", "species": "Walking Wake", "speciesId": "walkingwake", "gender": "N", "shiny": false, "level": 79, "moves": ["hydropump", "flipturn", "flamethrower", "dracometeor"], "ability": "Protosynthesis", "evs": {"hp": 85, "atk": 85, "def": 85, "spa": 85, "spd": 85, "spe": 85}, "ivs": {"hp": 31, "atk": 31, "def": 31, "spa": 31, "spd": 31, "spe": 31}, "item": "Choice Specs", "teraType": "Water", "role": "Wallbreaker", "bvs": {"hp": 99, "atk": 83, "def": 91, "spa": 125, "spd": 83, "spe": 109}, "stats": {"hp": 286, "atk": 177, "def": 189, "spa": 243, "spd": 177, "spe": 218}, "types": ["Water", "Dragon"]}, "Swampert": {"name": "Swampert", "species": "Swampert", "speciesId": "swampert", "gender": "M", "shiny": false, "level": 83, "moves": ["flipturn", "icebeam", "yawn", "earthquake"], "ability": "Torrent", "evs": {"hp": 85, "atk": 85, "def": 85, "spa": 85, "spd": 85, "spe": 85}, "ivs": {"hp": 31, "atk": 31, "def": 31, "spa": 31, "spd": 31, "spe": 31}, "item": "Leftovers", "teraType": "Steel", "role": "Bulky Support", "bvs": {"hp": 100, "atk": 110, "def": 90, "spa": 85, "spd": 90, "spe": 60}, "stats": {"hp": 302, "atk": 230, "def": 197, "spa": 189, "spd": 197, "spe": 147}, "types": ["Water", "Ground"]}, "Grimmsnarl": {"name": "Grimmsnarl", "species": "Grimmsnarl", "speciesId": "grimmsnarl", "gender": "M", "shiny": false, "level": 83, "moves": ["spiritbreak", "suckerpunch", "partingshot", "taunt"], "ability": "Prankster", "evs": {"hp": 85, "atk": 85, "def": 85, "spa": 85, "spd": 85, "spe": 85}, "ivs": {"hp": 31, "atk": 31, "def": 31, "spa": 31, "spd": 31, "spe": 31}, "item": "Leftovers", "teraType": "Poison", "role": "Bulky Attacker", "bvs": {"hp": 95, "atk": 120, "def": 65, "spa": 95, "spd": 75, "spe": 60}, "stats": {"hp": 293, "atk": 247, "def": 156, "spa": 205, "spd": 172, "spe": 147}, "types": ["Dark", "Fairy"]}, "Braviary": {"name": "Braviary", "species": "Braviary-Hisui", "speciesId": "braviaryhisui", "gender": "M", "shiny": false, "level": 85, "moves": ["uturn", "esperwing", "vacuumwave", "hurricane"], "ability": "Tinted Lens", "evs": {"hp": 85, "atk": 85, "def": 85, "spa": 85, "spd": 85, "spe": 85}, "ivs": {"hp": 31, "atk": 31, "def": 31, "spa": 31, "spd": 31, "spe": 31}, "item": "Choice Specs", "teraType": "Fighting", "role": "Wallbreaker", "bvs": {"hp": 110, "atk": 83, "def": 70, "spa": 112, "spd": 70, "spe": 65}, "stats": {"hp": 326, "atk": 190, "def": 168, "spa": 239, "spd": 168, "spe": 159}, "types": ["Psychic", "Flying"]}}]}