{"id": "gen9randombattle-2631489889", "format": "[Gen 9] Random Battle", "players": ["KingWhacka", "Lujay7"], "log": "|j|\u2606KingWhacka\n|j|\u2606Lujay7\n|t:|1781391592\n|gametype|singles\n|player|p1|KingWhacka|byron|1950\n|player|p2|Lujay7|265|2031\n|gen|9\n|tier|[Gen 9] Random Battle\n|rated|\n|rule|Species Clause: Limit one of each Pok\u00e9mon\n|rule|HP Percentage Mod: HP is shown in percentages\n|rule|Sleep Clause Mod: Limit one foe put to sleep\n|rule|Illusion Level Mod: Illusion disguises the Pok\u00e9mon's true level\n|\n|t:|1781391592\n|teamsize|p1|6\n|teamsize|p2|6\n|start\n|switch|p1a: Necrozma|Necrozma-Dusk-Mane, L69|248/248\n|switch|p2a: Koraidon|Koraidon, L64|235/235\n|-weather|SunnyDay|[from] ability: Orichalcum Pulse|[of] p2a: Koraidon\n|-activate|p2a: Koraidon|Orichalcum Pulse|[source]\n|turn|1\n|inactive|Battle timer is ON: inactive players will automatically lose when time's up. (requested by KingWhacka)\n|inactive|Lujay7 has 120 seconds left.\n|\n|t:|1781391637\n|move|p2a: Koraidon|Swords Dance|p2a: Koraidon\n|-boost|p2a: Koraidon|atk|2\n|move|p1a: Necrozma|Dragon Dance|p1a: Necrozma\n|-boost|p1a: Necrozma|atk|1\n|-boost|p1a: Necrozma|spe|1\n|\n|-weather|SunnyDay|[upkeep]\n|upkeep\n|turn|2\n|\n|t:|1781391642\n|-terastallize|p2a: Koraidon|Fire\n|move|p1a: Necrozma|Sunsteel Strike|p2a: Koraidon\n|-resisted|p2a: Koraidon\n|-damage|p2a: Koraidon|154/235\n|move|p2a: Koraidon|Flare Blitz|p1a: Necrozma\n|-supereffective|p1a: Necrozma\n|-damage|p1a: Necrozma|0 fnt\n|faint|p1a: Necrozma\n|-damage|p2a: Koraidon|72/235|[from] Recoil\n|\n|-weather|SunnyDay|[upkeep]\n|upkeep\n|\n|t:|1781391656\n|switch|p1a: Corviknight|Corviknight, L80, F|288/288\n|turn|3\n|\n|t:|1781391676\n|switch|p1a: Lapras|Lapras, L87, M|368/368\n|move|p2a: Koraidon|Flare Blitz|p1a: Lapras\n|-damage|p1a: Lapras|0 fnt\n|faint|p1a: Lapras\n|-damage|p2a: Koraidon|0 fnt|[from] Recoil\n|faint|p2a: Koraidon\n|\n|-weather|SunnyDay|[upkeep]\n|upkeep\n|\n|t:|1781391691\n|switch|p2a: Cinderace|Cinderace, L77, M|249/249\n|switch|p1a: Furret|Furret, L94, M|312/312\n|-item|p2a: Cinderace|Heavy-Duty Boots|[from] ability: Frisk|[of] p1a: Furret\n|turn|4\n|\n|t:|1781391700\n|move|p2a: Cinderace|Pyro Ball|p1a: Furret\n|-damage|p1a: Furret|108/312\n|move|p1a: Furret|Double-Edge|p2a: Cinderace\n|-damage|p2a: Cinderace|17/249\n|-damage|p1a: Furret|31/312|[from] Recoil\n|\n|-weather|SunnyDay|[upkeep]\n|upkeep\n|turn|5\n|\n|t:|1781391721\n|move|p2a: Cinderace|Pyro Ball|p1a: Furret\n|-damage|p1a: Furret|0 fnt\n|faint|p1a: Furret\n|\n|-weather|none\n|upkeep\n|\n|t:|1781391723\n|switch|p1a: Grimmsnarl|Grimmsnarl, L83, M|293/293\n|turn|6\n|inactive|Lujay7 has 120 seconds left.\n|\n|t:|1781391749\n|move|p1a: Grimmsnarl|Reflect|p1a: Grimmsnarl\n|-sidestart|p1: KingWhacka|Reflect\n|move|p2a: Cinderace|Court Change|p2a: Cinderace\n|-start|p2a: Cinderace|typechange|Normal|[from] ability: Libero\n|-swapsideconditions\n|-activate|p2a: Cinderace|move: Court Change\n|\n|upkeep\n|turn|7\n|inactive|Lujay7 has 120 seconds left.\n|\n|t:|1781391762\n|switch|p2a: Dialga|Dialga-Origin, L73|266/266\n|-ability|p2a: Dialga|Pressure\n|move|p1a: Grimmsnarl|Reflect|p1a: Grimmsnarl\n|-sidestart|p1: KingWhacka|Reflect\n|\n|upkeep\n|turn|8\n|\n|t:|1781391769\n|move|p1a: Grimmsnarl|Light Screen|p1a: Grimmsnarl\n|-sidestart|p1: KingWhacka|move: Light Screen\n|move|p2a: Dialga|Heavy Slam|p1a: Grimmsnarl\n|-supereffective|p1a: Grimmsnarl\n|-damage|p1a: Grimmsnarl|151/293\n|\n|upkeep\n|turn|9\n|\n|t:|1781391775\n|move|p1a: Grimmsnarl|Parting Shot|p2a: Dialga\n|-unboost|p2a: Dialga|atk|1\n|-unboost|p2a: Dialga|spa|1\n|\n|t:|1781391777\n|switch|p1a: Ursaluna|Ursaluna, L79, F|335/335|[from] Parting Shot\n|move|p2a: Dialga|Stealth Rock|p1a: Ursaluna\n|-sidestart|p1: KingWhacka|move: Stealth Rock\n|\n|-status|p1a: Ursaluna|brn|[from] item: Flame Orb\n|upkeep\n|turn|10\n|\n|t:|1781391787\n|switch|p2a: Honchkrow|Honchkrow, L86, M|312/312\n|move|p1a: Ursaluna|Trailblaze|p2a: Honchkrow\n|-resisted|p2a: Honchkrow\n|-damage|p2a: Honchkrow|291/312\n|-boost|p1a: Ursaluna|spe|1\n|\n|-damage|p1a: Ursaluna|315/335 brn|[from] brn\n|upkeep\n|turn|11\n|\n|t:|1781391799\n|move|p1a: Ursaluna|Trailblaze|p2a: Honchkrow\n|-resisted|p2a: Honchkrow\n|-damage|p2a: Honchkrow|269/312\n|-boost|p1a: Ursaluna|spe|1\n|move|p2a: Honchkrow|Brave Bird|p1a: Ursaluna\n|-damage|p1a: Ursaluna|240/335 brn\n|-damage|p2a: Honchkrow|244/312|[from] Recoil\n|\n|-damage|p1a: Ursaluna|220/335 brn|[from] brn\n|upkeep\n|turn|12\n|\n|t:|1781391812\n|-terastallize|p1a: Ursaluna|Normal\n|move|p1a: Ursaluna|Facade|p2a: Honchkrow\n|-crit|p2a: Honchkrow\n|-damage|p2a: Honchkrow|0 fnt\n|faint|p2a: Honchkrow\n|\n|-damage|p1a: Ursaluna|200/335 brn|[from] brn\n|upkeep\n|\n|t:|1781391838\n|switch|p2a: Veluza|Veluza, L85, M|292/292\n|turn|13\n|\n|t:|1781391846\n|move|p1a: Ursaluna|Facade|p2a: Veluza\n|-damage|p2a: Veluza|108/292\n|move|p2a: Veluza|Aqua Cutter|p1a: Ursaluna\n|-damage|p1a: Ursaluna|113/335 brn\n|\n|-damage|p1a: Ursaluna|93/335 brn|[from] brn\n|-sideend|p2: Lujay7|Reflect\n|upkeep\n|turn|14\n|\n|t:|1781391865\n|switch|p2a: Cinderace|Cinderace, L77, M|17/249\n|move|p1a: Ursaluna|Trailblaze|p2a: Cinderace\n|-resisted|p2a: Cinderace\n|-damage|p2a: Cinderace|0 fnt\n|-boost|p1a: Ursaluna|spe|1\n|faint|p2a: Cinderace\n|\n|-damage|p1a: Ursaluna|73/335 brn|[from] brn\n|-sideend|p1: KingWhacka|Reflect\n|upkeep\n|\n|t:|1781391872\n|switch|p2a: Veluza|Veluza, L85, M|108/292\n|turn|15\n|\n|t:|1781391876\n|move|p2a: Veluza|Aqua Jet|p1a: Ursaluna\n|-damage|p1a: Ursaluna|12/335 brn\n|move|p1a: Ursaluna|Facade|p2a: Veluza\n|-damage|p2a: Veluza|0 fnt\n|faint|p2a: Veluza\n|\n|-damage|p1a: Ursaluna|0 fnt|[from] brn\n|faint|p1a: Ursaluna\n|-sideend|p1: KingWhacka|move: Light Screen\n|upkeep\n|\n|t:|1781391898\n|switch|p2a: Dialga|Dialga-Origin, L73|266/266\n|switch|p1a: Grimmsnarl|Grimmsnarl, L83, M|151/293\n|-ability|p2a: Dialga|Pressure\n|-damage|p1a: Grimmsnarl|115/293|[from] Stealth Rock\n|turn|16\n|\n|t:|1781391901\n|move|p1a: Grimmsnarl|Light Screen|p1a: Grimmsnarl\n|-sidestart|p1: KingWhacka|move: Light Screen\n|move|p2a: Dialga|Heavy Slam|p1a: Grimmsnarl\n|-supereffective|p1a: Grimmsnarl\n|-damage|p1a: Grimmsnarl|0 fnt\n|faint|p1a: Grimmsnarl\n|\n|upkeep\n|\n|t:|1781391902\n|switch|p1a: Corviknight|Corviknight, L80, F|288/288\n|-damage|p1a: Corviknight|252/288|[from] Stealth Rock\n|turn|17\n|\n|t:|1781391907\n|move|p2a: Dialga|Fire Blast|p1a: Corviknight\n|-supereffective|p1a: Corviknight\n|-damage|p1a: Corviknight|161/288\n|move|p1a: Corviknight|Body Press|p2a: Dialga\n|-supereffective|p2a: Dialga\n|-damage|p2a: Dialga|172/266\n|\n|upkeep\n|turn|18\n|\n|t:|1781391915\n|move|p2a: Dialga|Fire Blast|p1a: Corviknight\n|-supereffective|p1a: Corviknight\n|-damage|p1a: Corviknight|72/288\n|move|p1a: Corviknight|Roost|p1a: Corviknight\n|-heal|p1a: Corviknight|216/288\n|-singleturn|p1a: Corviknight|move: Roost\n|\n|upkeep\n|turn|19\n|\n|t:|1781391921\n|switch|p2a: Raichu|Raichu-Alola, L87, M|246/246\n|move|p1a: Corviknight|Body Press|p2a: Raichu\n|-resisted|p2a: Raichu\n|-damage|p2a: Raichu|203/246\n|\n|upkeep\n|turn|20\n|\n|t:|1781391926\n|move|p2a: Raichu|Thunderbolt|p1a: Corviknight\n|-supereffective|p1a: Corviknight\n|-damage|p1a: Corviknight|62/288\n|move|p1a: Corviknight|Brave Bird|p2a: Raichu\n|-resisted|p2a: Raichu\n|-crit|p2a: Raichu\n|-damage|p2a: Raichu|80/246\n|-damage|p1a: Corviknight|21/288|[from] Recoil\n|\n|upkeep\n|turn|21\n|\n|t:|1781391928\n|move|p2a: Raichu|Thunderbolt|p1a: Corviknight\n|-supereffective|p1a: Corviknight\n|-damage|p1a: Corviknight|0 fnt\n|faint|p1a: Corviknight\n|\n|win|Lujay7\n", "inputlog": ">version a8376a258c1d4662feba110a92103f3664a72141\n>start {\"formatid\":\"gen9randombattle\",\"seed\":\"sodium,8a35af3590631e414444cebfb4f4e383\",\"rated\":\"Rated battle\"}\n>player p1 {\"name\":\"KingWhacka\",\"avatar\":\"byron\",\"rating\":1950,\"seed\":\"sodium,560412416e38ef265c3805c03da6fda5\"}\n>player p2 {\"name\":\"Lujay7\",\"avatar\":\"265\",\"rating\":2031,\"seed\":\"sodium,ca561227c19a11fcf3aef6f1e219d17d\"}\n>p1 move dragondance\n>p2 move swordsdance\n>p1 move sunsteelstrike\n>p2 move flareblitz terastallize\n>p1 switch 4\n>p1 switch 3\n>p2 move flareblitz\n>p1 switch 2\n>p2 switch 5\n>p1 move doubleedge\n>p2 move pyroball\n>p1 move doubleedge\n>p2 move pyroball\n>p1 switch 6\n>p1 move reflect\n>p2 move courtchange\n>p1 move reflect\n>p2 switch 3\n>p1 move lightscreen\n>p2 move heavyslam\n>p1 move partingshot\n>p2 move stealthrock\n>p1 switch 5\n>p1 move trailblaze\n>p2 switch 2\n>p1 move trailblaze\n>p2 move bravebird\n>p1 move facade terastallize\n>p2 move bravebird\n>p2 switch 6\n>p1 move facade\n>p2 move aquacutter\n>p1 move trailblaze\n>p2 switch 3\n>p2 switch 3\n>p1 move facade\n>p2 move aquajet\n>p1 switch 5\n>p2 switch 2\n>p1 move lightscreen\n>p2 move heavyslam\n>p1 switch 3\n>p1 move bodypress\n>p2 move fireblast\n>p1 move roost\n>p2 move fireblast\n>p1 move bodypress\n>p2 switch 4\n>p1 move bravebird\n>p2 move thunderbolt\n>p1 move bravebird\n>p2 move thunderbolt", "uploadtime": 1781391593, "views": 5, "formatid": "gen9randombattle", "rating": null, "private": 0, "password": null, "player_dets": [{"name": "KingWhacka", "avatar": "byron", "rating": 1950, "seed": "sodium,560412416e38ef265c3805c03da6fda5"}, {"name": "Lujay7", "avatar": "265", "rating": 2031, "seed": "sodium,ca561227c19a11fcf3aef6f1e219d17d"}], "teams_full": [{"Necrozma": {"name": "Necrozma", "species": "Necrozma-Dusk-Mane", "speciesId": "necrozmaduskmane", "gender": "N", "shiny": false, "level": 69, "moves": ["sunsteelstrike", "morningsun", "earthquake", "dragondance"], "ability": "Prism Armor", "evs": {"hp": 85, "atk": 85, "def": 85, "spa": 85, "spd": 85, "spe": 85}, "ivs": {"hp": 31, "atk": 31, "def": 31, "spa": 31, "spd": 31, "spe": 31}, "item": "Weakness Policy", "teraType": "Steel", "role": "Bulky Setup", "bvs": {"hp": 97, "atk": 157, "def": 127, "spa": 113, "spd": 109, "spe": 77}, "stats": {"hp": 248, "atk": 257, "def": 216, "spa": 196, "spd": 191, "spe": 147}, "types": ["Psychic", "Steel"]}, "Furret": {"name": "Furret", "species": "Furret", "speciesId": "furret", "gender": "M", "shiny": false, "level": 94, "moves": ["trick", "doubleedge", "knockoff", "uturn"], "ability": "Frisk", "evs": {"hp": 85, "atk": 85, "def": 85, "spa": 85, "spd": 85, "spe": 85}, "ivs": {"hp": 31, "atk": 31, "def": 31, "spa": 31, "spd": 31, "spe": 31}, "item": "Choice Band", "teraType": "Ghost", "role": "Wallbreaker", "bvs": {"hp": 85, "atk": 76, "def": 64, "spa": 45, "spd": 55, "spe": 90}, "stats": {"hp": 312, "atk": 196, "def": 174, "spa": 138, "spd": 157, "spe": 223}, "types": ["Normal"]}, "Lapras": {"name": "Lapras", "species": "Lapras", "speciesId": "lapras", "gender": "M", "shiny": false, "level": 87, "moves": ["sparklingaria", "sleeptalk", "freezedry", "rest"], "ability": "Water Absorb", "evs": {"hp": 85, "atk": 0, "def": 85, "spa": 85, "spd": 85, "spe": 85}, "ivs": {"hp": 31, "atk": 0, "def": 31, "spa": 31, "spd": 31, "spe": 31}, "item": "Heavy-Duty Boots", "teraType": "Ground", "role": "Bulky Attacker", "bvs": {"hp": 130, "atk": 85, "def": 80, "spa": 85, "spd": 95, "spe": 60}, "stats": {"hp": 368, "atk": 152, "def": 189, "spa": 198, "spd": 215, "spe": 154}, "types": ["Water", "Ice"]}, "Corviknight": {"name": "Corviknight", "species": "Corviknight", "speciesId": "corviknight", "gender": "F", "shiny": false, "level": 80, "moves": ["roost", "bodypress", "bravebird", "defog"], "ability": "Mirror Armor", "evs": {"hp": 85, "atk": 85, "def": 85, "spa": 85, "spd": 85, "spe": 85}, "ivs": {"hp": 31, "atk": 31, "def": 31, "spa": 31, "spd": 31, "spe": 31}, "item": "Rocky Helmet", "teraType": "Dragon", "role": "Bulky Support", "bvs": {"hp": 98, "atk": 87, "def": 105, "spa": 53, "spd": 85, "spe": 67}, "stats": {"hp": 288, "atk": 185, "def": 214, "spa": 131, "spd": 182, "spe": 153}, "types": ["Flying", "Steel"]}, "Ursaluna": {"name": "Ursaluna", "species": "Ursaluna", "speciesId": "ursaluna", "gender": "F", "shiny": false, "level": 79, "moves": ["trailblaze", "headlongrush", "facade", "throatchop"], "ability": "Guts", "evs": {"hp": 85, "atk": 85, "def": 85, "spa": 85, "spd": 85, "spe": 85}, "ivs": {"hp": 31, "atk": 31, "def": 31, "spa": 31, "spd": 31, "spe": 31}, "item": "Flame Orb", "teraType": "Normal", "role": "Bulky Attacker", "bvs": {"hp": 130, "atk": 140, "def": 105, "spa": 45, "spd": 80, "spe": 50}, "stats": {"hp": 335, "atk": 267, "def": 211, "spa": 117, "spd": 172, "spe": 125}, "types": ["Ground", "Normal"]}, "Grimmsnarl": {"name": "Grimmsnarl", "species": "Grimmsnarl", "speciesId": "grimmsnarl", "gender": "M", "shiny": false, "level": 83, "moves": ["partingshot", "spiritbreak", "lightscreen", "reflect"], "ability": "Prankster", "evs": {"hp": 85, "atk": 85, "def": 85, "spa": 85, "spd": 85, "spe": 85}, "ivs": {"hp": 31, "atk": 31, "def": 31, "spa": 31, "spd": 31, "spe": 31}, "item": "Light Clay", "teraType": "Steel", "role": "Bulky Support", "bvs": {"hp": 95, "atk": 120, "def": 65, "spa": 95, "spd": 75, "spe": 60}, "stats": {"hp": 293, "atk": 247, "def": 156, "spa": 205, "spd": 172, "spe": 147}, "types": ["Dark", "Fairy"]}}, {"Koraidon": {"name": "Koraidon", "species": "Koraidon", "speciesId": "koraidon", "gender": "N", "shiny": false, "level": 64, "moves": ["collisioncourse", "flareblitz", "scaleshot", "swordsdance"], "ability": "Orichalcum Pulse", "evs": {"hp": 85, "atk": 85, "def": 85, "spa": 85, "spd": 85, "spe": 85}, "ivs": {"hp": 31, "atk": 31, "def": 31, "spa": 31, "spd": 31, "spe": 31}, "item": "Loaded Dice", "teraType": "Fire", "role": "Setup Sweeper", "bvs": {"hp": 100, "atk": 135, "def": 115, "spa": 85, "spd": 100, "spe": 135}, "stats": {"hp": 235, "atk": 211, "def": 185, "spa": 147, "spd": 166, "spe": 211}, "types": ["Fighting", "Dragon"]}, "Honchkrow": {"name": "Honchkrow", "species": "Honchkrow", "speciesId": "honchkrow", "gender": "M", "shiny": false, "level": 86, "moves": ["heatwave", "bravebird", "suckerpunch", "uturn"], "ability": "Moxie", "evs": {"hp": 85, "atk": 85, "def": 85, "spa": 85, "spd": 85, "spe": 85}, "ivs": {"hp": 31, "atk": 31, "def": 31, "spa": 31, "spd": 31, "spe": 31}, "item": "Heavy-Duty Boots", "teraType": "Flying", "role": "Fast Attacker", "bvs": {"hp": 100, "atk": 125, "def": 52, "spa": 105, "spd": 52, "spe": 71}, "stats": {"hp": 312, "atk": 264, "def": 139, "spa": 230, "spd": 139, "spe": 171}, "types": ["Dark", "Flying"]}, "Dialga": {"name": "Dialga", "species": "Dialga-Origin", "speciesId": "dialgaorigin", "gender": "N", "shiny": false, "level": 73, "moves": ["heavyslam", "fireblast", "dracometeor", "stealthrock"], "ability": "Pressure", "evs": {"hp": 85, "atk": 85, "def": 85, "spa": 85, "spd": 85, "spe": 85}, "ivs": {"hp": 31, "atk": 31, "def": 31, "spa": 31, "spd": 31, "spe": 31}, "item": "Adamant Crystal", "teraType": "Flying", "role": "Bulky Attacker", "bvs": {"hp": 100, "atk": 100, "def": 120, "spa": 150, "spd": 120, "spe": 90}, "stats": {"hp": 266, "atk": 188, "def": 218, "spa": 261, "spd": 218, "spe": 174}, "types": ["Steel", "Dragon"]}, "Raichu": {"name": "Raichu", "species": "Raichu-Alola", "speciesId": "raichualola", "gender": "M", "shiny": false, "level": 87, "moves": ["thunderbolt", "psychic", "surf", "grassknot"], "ability": "Surge Surfer", "evs": {"hp": 85, "atk": 0, "def": 85, "spa": 85, "spd": 85, "spe": 85}, "ivs": {"hp": 31, "atk": 0, "def": 31, "spa": 31, "spd": 31, "spe": 31}, "item": "Choice Specs", "teraType": "Grass", "role": "Fast Attacker", "bvs": {"hp": 60, "atk": 85, "def": 50, "spa": 95, "spd": 85, "spe": 110}, "stats": {"hp": 246, "atk": 152, "def": 137, "spa": 215, "spd": 198, "spe": 241}, "types": ["Electric", "Psychic"]}, "Cinderace": {"name": "Cinderace", "species": "Cinderace", "speciesId": "cinderace", "gender": "M", "shiny": false, "level": 77, "moves": ["highjumpkick", "courtchange", "uturn", "pyroball"], "ability": "Libero", "evs": {"hp": 81, "atk": 85, "def": 85, "spa": 85, "spd": 85, "spe": 85}, "ivs": {"hp": 31, "atk": 31, "def": 31, "spa": 31, "spd": 31, "spe": 31}, "item": "Heavy-Duty Boots", "teraType": "Fighting", "role": "Fast Attacker", "bvs": {"hp": 80, "atk": 116, "def": 75, "spa": 65, "spd": 75, "spe": 119}, "stats": {"hp": 249, "atk": 223, "def": 160, "spa": 145, "spd": 160, "spe": 228}, "types": ["Fire"]}, "Veluza": {"name": "Veluza", "species": "Veluza", "speciesId": "veluza", "gender": "M", "shiny": false, "level": 85, "moves": ["psychocut", "aquacutter", "aquajet", "nightslash"], "ability": "Sharpness", "evs": {"hp": 85, "atk": 85, "def": 85, "spa": 85, "spd": 85, "spe": 85}, "ivs": {"hp": 31, "atk": 31, "def": 31, "spa": 31, "spd": 31, "spe": 31}, "item": "Choice Band", "teraType": "Water", "role": "Fast Attacker", "bvs": {"hp": 90, "atk": 102, "def": 73, "spa": 78, "spd": 65, "spe": 70}, "stats": {"hp": 292, "atk": 222, "def": 173, "spa": 181, "spd": 159, "spe": 168}, "types": ["Water", "Psychic"]}}]}