{"id": "gen9randombattle-2631564878", "format": "[Gen 9] Random Battle", "players": ["WhatEver2102", "nutbustas"], "log": "|j|\u2606WhatEver2102\n|j|\u203dnutbustas\n|t:|1781402032\n|gametype|singles\n|player|p1|WhatEver2102|juan|1992\n|player|p2|nutbustas|plumeria|2034\n|gen|9\n|tier|[Gen 9] Random Battle\n|rated|\n|rule|Species Clause: Limit one of each Pok\u00e9mon\n|rule|HP Percentage Mod: HP is shown in percentages\n|rule|Sleep Clause Mod: Limit one foe put to sleep\n|rule|Illusion Level Mod: Illusion disguises the Pok\u00e9mon's true level\n|\n|t:|1781402032\n|teamsize|p1|6\n|teamsize|p2|6\n|start\n|switch|p1a: Pikachu|Pikachu-Partner, L93, F|216/216\n|switch|p2a: Rotom|Rotom, L88|231/231\n|turn|1\n|\n|t:|1781402045\n|move|p2a: Rotom|Trick|p1a: Pikachu\n|-activate|p2a: Rotom|move: Trick|[of] p1a: Pikachu\n|-item|p1a: Pikachu|Choice Scarf|[from] move: Trick\n|-item|p2a: Rotom|Light Ball|[from] move: Trick\n|move|p1a: Pikachu|Knock Off|p2a: Rotom\n|-supereffective|p2a: Rotom\n|-damage|p2a: Rotom|109/231\n|-enditem|p2a: Rotom|Light Ball|[from] move: Knock Off|[of] p1a: Pikachu\n|\n|upkeep\n|turn|2\n|\n|t:|1781402057\n|move|p1a: Pikachu|Knock Off|p2a: Rotom\n|-supereffective|p2a: Rotom\n|-damage|p2a: Rotom|33/231\n|move|p2a: Rotom|Shadow Ball|p1a: Pikachu\n|-crit|p1a: Pikachu\n|-damage|p1a: Pikachu|33/216\n|\n|upkeep\n|turn|3\n|\n|t:|1781402060\n|move|p1a: Pikachu|Knock Off|p2a: Rotom\n|-supereffective|p2a: Rotom\n|-damage|p2a: Rotom|0 fnt\n|faint|p2a: Rotom\n|\n|upkeep\n|\n|t:|1781402063\n|switch|p2a: Galvantula|Galvantula, L82, M|249/249\n|turn|4\n|\n|t:|1781402073\n|move|p1a: Pikachu|Knock Off|p2a: Galvantula\n|-damage|p2a: Galvantula|168/249\n|-enditem|p2a: Galvantula|Heavy-Duty Boots|[from] move: Knock Off|[of] p1a: Pikachu\n|move|p2a: Galvantula|Sticky Web|p1a: Pikachu\n|-sidestart|p1: WhatEver2102|move: Sticky Web\n|\n|upkeep\n|turn|5\n|\n|t:|1781402077\n|move|p1a: Pikachu|Knock Off|p2a: Galvantula\n|-damage|p2a: Galvantula|117/249\n|move|p2a: Galvantula|Bug Buzz|p1a: Pikachu\n|-damage|p1a: Pikachu|0 fnt\n|faint|p1a: Pikachu\n|\n|upkeep\n|\n|t:|1781402086\n|switch|p1a: Klefki|Klefki, L84, M|233/233\n|-activate|p1a: Klefki|move: Sticky Web\n|-unboost|p1a: Klefki|spe|1\n|turn|6\n|\n|t:|1781402091\n|move|p1a: Klefki|Spikes|p2a: Galvantula\n|-sidestart|p2: nutbustas|Spikes\n|move|p2a: Galvantula|Thunder|p1a: Klefki\n|-damage|p1a: Klefki|119/233\n|-status|p1a: Klefki|par\n|\n|-heal|p1a: Klefki|133/233 par|[from] item: Leftovers\n|upkeep\n|turn|7\n|\n|t:|1781402098\n|move|p2a: Galvantula|Thunder|p1a: Klefki\n|-damage|p1a: Klefki|30/233 par\n|move|p1a: Klefki|Dazzling Gleam|p2a: Galvantula\n|-damage|p2a: Galvantula|21/249\n|\n|-heal|p1a: Klefki|44/233 par|[from] item: Leftovers\n|upkeep\n|turn|8\n|\n|t:|1781402104\n|move|p1a: Klefki|Spikes|p2a: Galvantula\n|-sidestart|p2: nutbustas|Spikes\n|move|p2a: Galvantula|Thunder|p1a: Klefki\n|-damage|p1a: Klefki|0 fnt\n|faint|p1a: Klefki\n|\n|upkeep\n|\n|t:|1781402109\n|switch|p1a: Whimsicott|Whimsicott, L84, F|238/238\n|turn|9\n|\n|t:|1781402113\n|move|p1a: Whimsicott|Moonblast|p2a: Galvantula\n|-damage|p2a: Galvantula|0 fnt\n|faint|p2a: Galvantula\n|\n|upkeep\n|\n|t:|1781402117\n|switch|p2a: Bisharp|Bisharp, L79, F|232/232\n|-damage|p2a: Bisharp|194/232|[from] Spikes\n|turn|10\n|\n|t:|1781402124\n|move|p1a: Whimsicott|U-turn|p2a: Bisharp\n|-damage|p2a: Bisharp|168/232\n|\n|t:|1781402126\n|switch|p1a: Zamazenta|Zamazenta-Crowned, L68|238/238|[from] U-turn\n|-activate|p1a: Zamazenta|move: Sticky Web\n|-unboost|p1a: Zamazenta|spe|1\n|-ability|p1a: Zamazenta|Dauntless Shield|boost\n|-boost|p1a: Zamazenta|def|1\n|move|p2a: Bisharp|Stealth Rock|p1a: Zamazenta\n|-sidestart|p1: WhatEver2102|move: Stealth Rock\n|\n|upkeep\n|turn|11\n|\n|t:|1781402133\n|switch|p2a: Conkeldurr|Conkeldurr, L80, F|299/299\n|-damage|p2a: Conkeldurr|250/299|[from] Spikes\n|move|p1a: Zamazenta|Iron Defense|p1a: Zamazenta\n|-boost|p1a: Zamazenta|def|2\n|\n|-status|p2a: Conkeldurr|brn|[from] item: Flame Orb\n|upkeep\n|turn|12\n|\n|t:|1781402144\n|-terastallize|p1a: Zamazenta|Ghost\n|move|p1a: Zamazenta|Iron Defense|p1a: Zamazenta\n|-boost|p1a: Zamazenta|def|2\n|move|p2a: Conkeldurr|Close Combat|p1a: Zamazenta\n|-immune|p1a: Zamazenta\n|\n|-damage|p2a: Conkeldurr|232/299 brn|[from] brn\n|upkeep\n|turn|13\n|\n|t:|1781402158\n|move|p1a: Zamazenta|Body Press|p2a: Conkeldurr\n|-damage|p2a: Conkeldurr|0 fnt\n|faint|p2a: Conkeldurr\n|\n|upkeep\n|-message|nutbustas forfeited.\n|\n|win|WhatEver2102\n", "inputlog": ">version a8376a258c1d4662feba110a92103f3664a72141\n>start {\"formatid\":\"gen9randombattle\",\"seed\":\"sodium,93a661f678c549f23188365da586a4c9\",\"rated\":\"Rated battle\"}\n>player p1 {\"name\":\"WhatEver2102\",\"avatar\":\"juan\",\"rating\":1992,\"seed\":\"sodium,18a8224240cae493b47074eda0dc0030\"}\n>player p2 {\"name\":\"nutbustas\",\"avatar\":\"plumeria\",\"rating\":2034,\"seed\":\"sodium,ac0da84c38ef6e5a33bd8795dc6cc1da\"}\n>p1 move knockoff\n>p2 move trick\n>p1 move knockoff\n>p2 move shadowball\n>p1 move knockoff\n>p2 move shadowball\n>p2 switch 4\n>p1 move knockoff\n>p2 move stickyweb\n>p1 move knockoff\n>p2 move bugbuzz\n>p1 switch 5\n>p1 move spikes\n>p2 move thunder\n>p1 move dazzlinggleam\n>p2 move thunder\n>p1 move spikes\n>p2 move thunder\n>p1 switch 4\n>p1 move moonblast\n>p2 move bugbuzz\n>p2 switch 2\n>p1 move uturn\n>p2 move stealthrock\n>p1 switch 2\n>p1 move irondefense\n>p2 switch 5\n>p1 move irondefense terastallize\n>p2 move closecombat\n>p1 move bodypress\n>p2 move knockoff\n>forcelose p2", "uploadtime": 1781402034, "views": 4, "formatid": "gen9randombattle", "rating": null, "private": 0, "password": null, "player_dets": [{"name": "WhatEver2102", "avatar": "juan", "rating": 1992, "seed": "sodium,18a8224240cae493b47074eda0dc0030"}, {"name": "nutbustas", "avatar": "plumeria", "rating": 2034, "seed": "sodium,ac0da84c38ef6e5a33bd8795dc6cc1da"}], "teams_full": [{"Pikachu": {"name": "Pikachu", "species": "Pikachu-Partner", "speciesId": "pikachu", "gender": "F", "shiny": false, "level": 93, "moves": ["knockoff", "volttackle", "fakeout", "surf"], "ability": "Lightning Rod", "evs": {"hp": 85, "atk": 85, "def": 85, "spa": 85, "spd": 85, "spe": 85}, "ivs": {"hp": 31, "atk": 31, "def": 31, "spa": 31, "spd": 31, "spe": 31}, "item": "Light Ball", "teraType": "Water", "role": "Fast Attacker", "bvs": {"hp": 35, "atk": 55, "def": 40, "spa": 50, "spd": 50, "spe": 90}, "stats": {"hp": 216, "atk": 155, "def": 127, "spa": 146, "spd": 146, "spe": 220}, "types": ["Electric"]}, "Zamazenta": {"name": "Zamazenta", "species": "Zamazenta", "speciesId": "zamazentacrowned", "gender": "N", "shiny": false, "level": 68, "moves": ["heavyslam", "irondefense", "bodypress", "stoneedge"], "ability": "Dauntless Shield", "evs": {"hp": 85, "atk": 85, "def": 85, "spa": 85, "spd": 85, "spe": 85}, "ivs": {"hp": 31, "atk": 31, "def": 31, "spa": 31, "spd": 31, "spe": 31}, "item": "Rusted Shield", "teraType": "Ghost", "role": "Bulky Setup", "bvs": {"hp": 92, "atk": 120, "def": 140, "spa": 80, "spd": 140, "spe": 128}, "stats": {"hp": 238, "atk": 203, "def": 230, "spa": 149, "spd": 230, "spe": 214}, "types": ["Fighting", "Steel"]}, "Appletun": {"name": "Appletun", "species": "Appletun", "speciesId": "appletun", "gender": "F", "shiny": false, "level": 92, "moves": ["recover", "appleacid", "dragontail", "dragonpulse"], "ability": "Thick Fat", "evs": {"hp": 85, "atk": 85, "def": 85, "spa": 85, "spd": 85, "spe": 85}, "ivs": {"hp": 31, "atk": 31, "def": 31, "spa": 31, "spd": 31, "spe": 31}, "item": "Leftovers", "teraType": "Steel", "role": "Bulky Attacker", "bvs": {"hp": 110, "atk": 85, "def": 80, "spa": 100, "spd": 80, "spe": 30}, "stats": {"hp": 352, "atk": 209, "def": 200, "spa": 236, "spd": 200, "spe": 108}, "types": ["Grass", "Dragon"]}, "Whimsicott": {"name": "Whimsicott", "species": "Whimsicott", "speciesId": "whimsicott", "gender": "F", "shiny": false, "level": 84, "moves": ["encore", "stunspore", "uturn", "moonblast"], "ability": "Prankster", "evs": {"hp": 85, "atk": 85, "def": 85, "spa": 85, "spd": 85, "spe": 85}, "ivs": {"hp": 31, "atk": 31, "def": 31, "spa": 31, "spd": 31, "spe": 31}, "item": "Heavy-Duty Boots", "teraType": "Poison", "role": "Fast Support", "bvs": {"hp": 60, "atk": 67, "def": 85, "spa": 77, "spd": 75, "spe": 116}, "stats": {"hp": 238, "atk": 161, "def": 191, "spa": 178, "spd": 174, "spe": 243}, "types": ["Grass", "Fairy"]}, "Klefki": {"name": "Klefki", "species": "Klefki", "speciesId": "klefki", "gender": "M", "shiny": false, "level": 84, "moves": ["dazzlinggleam", "spikes", "thunderwave", "foulplay"], "ability": "Prankster", "evs": {"hp": 85, "atk": 0, "def": 85, "spa": 85, "spd": 85, "spe": 85}, "ivs": {"hp": 31, "atk": 0, "def": 31, "spa": 31, "spd": 31, "spe": 31}, "item": "Leftovers", "teraType": "Flying", "role": "Bulky Attacker", "bvs": {"hp": 57, "atk": 80, "def": 91, "spa": 80, "spd": 87, "spe": 75}, "stats": {"hp": 233, "atk": 139, "def": 201, "spa": 183, "spd": 194, "spe": 174}, "types": ["Steel", "Fairy"]}, "Moltres": {"name": "Moltres", "species": "Moltres-Galar", "speciesId": "moltresgalar", "gender": "N", "shiny": false, "level": 79, "moves": ["hurricane", "nastyplot", "fierywrath", "rest"], "ability": "Berserk", "evs": {"hp": 81, "atk": 0, "def": 85, "spa": 85, "spd": 85, "spe": 85}, "ivs": {"hp": 31, "atk": 0, "def": 31, "spa": 31, "spd": 31, "spe": 31}, "item": "Chesto Berry", "teraType": "Dark", "role": "Bulky Setup", "bvs": {"hp": 90, "atk": 85, "def": 90, "spa": 100, "spd": 125, "spe": 90}, "stats": {"hp": 271, "atk": 139, "def": 188, "spa": 204, "spd": 243, "spe": 188}, "types": ["Dark", "Flying"]}}, {"Rotom": {"name": "Rotom", "species": "Rotom", "speciesId": "rotom", "gender": "N", "shiny": false, "level": 88, "moves": ["trick", "thunderbolt", "shadowball", "voltswitch"], "ability": "Levitate", "evs": {"hp": 85, "atk": 0, "def": 85, "spa": 85, "spd": 85, "spe": 85}, "ivs": {"hp": 31, "atk": 0, "def": 31, "spa": 31, "spd": 31, "spe": 31}, "item": "Choice Scarf", "teraType": "Electric", "role": "Fast Attacker", "bvs": {"hp": 50, "atk": 50, "def": 77, "spa": 95, "spd": 77, "spe": 91}, "stats": {"hp": 231, "atk": 93, "def": 186, "spa": 217, "spd": 186, "spe": 210}, "types": ["Electric", "Ghost"]}, "Bisharp": {"name": "Bisharp", "species": "Bisharp", "speciesId": "bisharp", "gender": "F", "shiny": false, "level": 79, "moves": ["suckerpunch", "stealthrock", "throatchop", "ironhead"], "ability": "Defiant", "evs": {"hp": 85, "atk": 85, "def": 85, "spa": 85, "spd": 85, "spe": 85}, "ivs": {"hp": 31, "atk": 31, "def": 31, "spa": 31, "spd": 31, "spe": 31}, "item": "Eviolite", "teraType": "Ghost", "role": "Bulky Attacker", "bvs": {"hp": 65, "atk": 125, "def": 100, "spa": 60, "spd": 70, "spe": 70}, "stats": {"hp": 232, "atk": 243, "def": 204, "spa": 140, "spd": 156, "spe": 156}, "types": ["Dark", "Steel"]}, "Forretress": {"name": "Forretress", "species": "Forretress", "speciesId": "forretress", "gender": "F", "shiny": false, "level": 84, "moves": ["rapidspin", "ironhead", "spikes", "thunderwave"], "ability": "Sturdy", "evs": {"hp": 85, "atk": 85, "def": 85, "spa": 85, "spd": 85, "spe": 85}, "ivs": {"hp": 31, "atk": 31, "def": 31, "spa": 31, "spd": 31, "spe": 31}, "item": "Leftovers", "teraType": "Water", "role": "Bulky Support", "bvs": {"hp": 75, "atk": 90, "def": 140, "spa": 60, "spd": 60, "spe": 40}, "stats": {"hp": 263, "atk": 199, "def": 283, "spa": 149, "spd": 149, "spe": 115}, "types": ["Bug", "Steel"]}, "Galvantula": {"name": "Galvantula", "species": "Galvantula", "speciesId": "galvantula", "gender": "M", "shiny": false, "level": 82, "moves": ["thunder", "stickyweb", "bugbuzz", "voltswitch"], "ability": "Compound Eyes", "evs": {"hp": 85, "atk": 0, "def": 85, "spa": 85, "spd": 85, "spe": 85}, "ivs": {"hp": 31, "atk": 0, "def": 31, "spa": 31, "spd": 31, "spe": 31}, "item": "Heavy-Duty Boots", "teraType": "Electric", "role": "Fast Support", "bvs": {"hp": 70, "atk": 77, "def": 60, "spa": 97, "spd": 60, "spe": 108}, "stats": {"hp": 249, "atk": 131, "def": 146, "spa": 206, "spd": 146, "spe": 224}, "types": ["Bug", "Electric"]}, "Conkeldurr": {"name": "Conkeldurr", "species": "Conkeldurr", "speciesId": "conkeldurr", "gender": "F", "shiny": false, "level": 80, "moves": ["facade", "knockoff", "machpunch", "closecombat"], "ability": "Guts", "evs": {"hp": 85, "atk": 85, "def": 85, "spa": 85, "spd": 85, "spe": 85}, "ivs": {"hp": 31, "atk": 31, "def": 31, "spa": 31, "spd": 31, "spe": 31}, "item": "Flame Orb", "teraType": "Normal", "role": "Wallbreaker", "bvs": {"hp": 105, "atk": 140, "def": 95, "spa": 55, "spd": 65, "spe": 45}, "stats": {"hp": 299, "atk": 270, "def": 198, "spa": 134, "spd": 150, "spe": 118}, "types": ["Fighting"]}, "Quaquaval": {"name": "Quaquaval", "species": "Quaquaval", "speciesId": "quaquaval", "gender": "F", "shiny": false, "level": 79, "moves": ["swordsdance", "closecombat", "roost", "aquastep"], "ability": "Moxie", "evs": {"hp": 85, "atk": 85, "def": 85, "spa": 85, "spd": 85, "spe": 85}, "ivs": {"hp": 31, "atk": 31, "def": 31, "spa": 31, "spd": 31, "spe": 31}, "item": "Leftovers", "teraType": "Steel", "role": "Bulky Attacker", "bvs": {"hp": 85, "atk": 120, "def": 80, "spa": 85, "spd": 75, "spe": 85}, "stats": {"hp": 264, "atk": 235, "def": 172, "spa": 180, "spd": 164, "spe": 180}, "types": ["Water", "Fighting"]}}]}