{"id": "gen9randombattle-2631380902", "format": "[Gen 9] Random Battle", "players": ["Vulva zol", "feraligatr08"], "log": "|j|\u2606Vulva zol\n|j|\u2606feraligatr08\n|t:|1781377895\n|gametype|singles\n|player|p1|Vulva zol|1|2078\n|player|p2|feraligatr08|colress|2085\n|gen|9\n|tier|[Gen 9] Random Battle\n|rated|\n|rule|Species Clause: Limit one of each Pok\u00e9mon\n|rule|HP Percentage Mod: HP is shown in percentages\n|rule|Sleep Clause Mod: Limit one foe put to sleep\n|rule|Illusion Level Mod: Illusion disguises the Pok\u00e9mon's true level\n|\n|t:|1781377895\n|teamsize|p1|6\n|teamsize|p2|6\n|start\n|switch|p1a: Sandy Shocks|Sandy Shocks, L80|267/267\n|switch|p2a: Espeon|Espeon, L84, F|246/246\n|turn|1\n|inactive|Battle timer is ON: inactive players will automatically lose when time's up. (requested by Vulva zol)\n|\n|t:|1781377905\n|move|p2a: Espeon|Calm Mind|p2a: Espeon\n|-boost|p2a: Espeon|spa|1\n|-boost|p2a: Espeon|spd|1\n|move|p1a: Sandy Shocks|Volt Switch|p2a: Espeon\n|-damage|p2a: Espeon|194/246\n|\n|t:|1781377921\n|-end|p1a: Sandy Shocks|Protosynthesis|[silent]\n|switch|p1a: Zapdos|Zapdos-Galar, L77|265/265|[from] Volt Switch\n|\n|upkeep\n|turn|2\n|\n|t:|1781377935\n|move|p1a: Zapdos|U-turn|p2a: Espeon\n|-supereffective|p2a: Espeon\n|-damage|p2a: Espeon|58/246\n|\n|t:|1781377940\n|switch|p1a: Klefki|Klefki, L84, F|233/233|[from] U-turn\n|move|p2a: Espeon|Psychic|p1a: Klefki\n|-resisted|p1a: Klefki\n|-damage|p1a: Klefki|125/233\n|-damage|p2a: Espeon|34/246|[from] item: Life Orb\n|\n|-heal|p1a: Klefki|139/233|[from] item: Leftovers\n|upkeep\n|turn|3\n|\n|t:|1781377977\n|move|p2a: Espeon|Shadow Ball|p1a: Klefki\n|-damage|p1a: Klefki|10/233\n|-damage|p2a: Espeon|10/246|[from] item: Life Orb\n|move|p1a: Klefki|Play Rough|p2a: Espeon\n|-damage|p2a: Espeon|0 fnt\n|faint|p2a: Espeon\n|\n|-heal|p1a: Klefki|24/233|[from] item: Leftovers\n|upkeep\n|inactive|feraligatr08 has 120 seconds left.\n|\n|t:|1781378000\n|switch|p2a: Kricketune|Kricketune, L99, M|312/312\n|turn|4\n|inactive|Vulva zol has 120 seconds left.\n|\n|t:|1781378023\n|move|p1a: Klefki|Thunder Wave|p2a: Kricketune\n|-status|p2a: Kricketune|par\n|cant|p2a: Kricketune|par\n|\n|-heal|p1a: Klefki|38/233|[from] item: Leftovers\n|upkeep\n|turn|5\n|\n|t:|1781378032\n|move|p1a: Klefki|Spikes|p2a: Kricketune\n|-sidestart|p2: feraligatr08|Spikes\n|cant|p2a: Kricketune|par\n|\n|-heal|p1a: Klefki|52/233|[from] item: Leftovers\n|upkeep\n|turn|6\n|\n|t:|1781378041\n|move|p1a: Klefki|Spikes|p2a: Kricketune\n|-sidestart|p2: feraligatr08|Spikes\n|cant|p2a: Kricketune|par\n|\n|-heal|p1a: Klefki|66/233|[from] item: Leftovers\n|upkeep\n|turn|7\n|c|\u2606feraligatr08|wow well played\n|\n|t:|1781378048\n|move|p1a: Klefki|Spikes|p2a: Kricketune\n|-sidestart|p2: feraligatr08|Spikes\n|cant|p2a: Kricketune|par\n|\n|-heal|p1a: Klefki|80/233|[from] item: Leftovers\n|upkeep\n|turn|8\n|c|\u2606feraligatr08|holy shit you're so good at this gam\n|\n|t:|1781378058\n|move|p1a: Klefki|Play Rough|p2a: Kricketune|[miss]\n|-miss|p1a: Klefki|p2a: Kricketune\n|move|p2a: Kricketune|Sticky Web|p1a: Klefki\n|-sidestart|p1: Vulva zol|move: Sticky Web\n|\n|-heal|p1a: Klefki|94/233|[from] item: Leftovers\n|upkeep\n|turn|9\n|\n|t:|1781378067\n|move|p1a: Klefki|Play Rough|p2a: Kricketune\n|-damage|p2a: Kricketune|212/312 par\n|move|p2a: Kricketune|Pounce|p1a: Klefki\n|-resisted|p1a: Klefki\n|-damage|p1a: Klefki|72/233\n|-unboost|p1a: Klefki|spe|1\n|\n|-heal|p1a: Klefki|86/233|[from] item: Leftovers\n|upkeep\n|turn|10\n|\n|t:|1781378079\n|move|p1a: Klefki|Play Rough|p2a: Kricketune\n|-damage|p2a: Kricketune|100/312 par\n|move|p2a: Kricketune|Pounce|p1a: Klefki\n|-resisted|p1a: Klefki\n|-damage|p1a: Klefki|61/233\n|-unboost|p1a: Klefki|spe|1\n|\n|-heal|p1a: Klefki|75/233|[from] item: Leftovers\n|upkeep\n|turn|11\n|\n|t:|1781378109\n|cant|p2a: Kricketune|par\n|move|p1a: Klefki|Play Rough|p2a: Kricketune\n|-damage|p2a: Kricketune|3/312 par\n|\n|-heal|p1a: Klefki|89/233|[from] item: Leftovers\n|upkeep\n|turn|12\n|\n|t:|1781378122\n|move|p2a: Kricketune|Taunt|p1a: Klefki\n|-start|p1a: Klefki|move: Taunt\n|move|p1a: Klefki|Play Rough|p2a: Kricketune\n|-damage|p2a: Kricketune|0 fnt\n|faint|p2a: Kricketune\n|\n|-heal|p1a: Klefki|103/233|[from] item: Leftovers\n|upkeep\n|inactive|feraligatr08 has 120 seconds left.\n|\n|t:|1781378143\n|switch|p2a: Toucannon|Toucannon, L88, F|284/284\n|turn|13\n|\n|t:|1781378155\n|move|p2a: Toucannon|Boomburst|p1a: Klefki\n|-resisted|p1a: Klefki\n|-damage|p1a: Klefki|32/233\n|move|p1a: Klefki|Play Rough|p2a: Toucannon\n|-damage|p2a: Toucannon|193/284\n|\n|-heal|p1a: Klefki|46/233|[from] item: Leftovers\n|upkeep\n|turn|14\n|\n|t:|1781378172\n|move|p2a: Toucannon|Boomburst|p1a: Klefki\n|-resisted|p1a: Klefki\n|-damage|p1a: Klefki|0 fnt\n|faint|p1a: Klefki\n|\n|upkeep\n|\n|t:|1781378180\n|switch|p1a: Sandy Shocks|Sandy Shocks, L80|267/267\n|turn|15\n|\n|t:|1781378199\n|move|p1a: Sandy Shocks|Thunderbolt|p2a: Toucannon\n|-supereffective|p2a: Toucannon\n|-damage|p2a: Toucannon|0 fnt\n|faint|p2a: Toucannon\n|\n|upkeep\n|\n|t:|1781378206\n|switch|p2a: Hitmonlee|Hitmonlee, L85, M|224/224\n|-damage|p2a: Hitmonlee|168/224|[from] Spikes\n|turn|16\n|l|\u2606Vulva zol\n|inactive|Vulva zol disconnected and has a minute to reconnect!\n|player|p1|\n|inactive|Vulva zol has 30 seconds to reconnect!\n|j|\u2606Vulva zol\n|inactive|Vulva zol reconnected and has 110 seconds left.\n|player|p1|Vulva zol|1|\n|\n|t:|1781378254\n|move|p1a: Sandy Shocks|Volt Switch|p2a: Hitmonlee\n|-damage|p2a: Hitmonlee|96/224\n|\n|t:|1781378264\n|-end|p1a: Sandy Shocks|Protosynthesis|[silent]\n|switch|p1a: Zapdos|Zapdos-Galar, L77|265/265|[from] Volt Switch\n|move|p2a: Hitmonlee|Close Combat|p1a: Zapdos\n|-resisted|p1a: Zapdos\n|-damage|p1a: Zapdos|180/265\n|-unboost|p2a: Hitmonlee|def|1\n|-unboost|p2a: Hitmonlee|spd|1\n|-enditem|p2a: Hitmonlee|White Herb\n|-clearnegativeboost|p2a: Hitmonlee|[silent]\n|\n|upkeep\n|turn|17\n|inactive|feraligatr08 has 120 seconds left.\n|\n|t:|1781378294\n|move|p2a: Hitmonlee|Stone Edge|p1a: Zapdos\n|-damage|p1a: Zapdos|95/265\n|move|p1a: Zapdos|Brave Bird|p2a: Hitmonlee\n|-supereffective|p2a: Hitmonlee\n|-crit|p2a: Hitmonlee\n|-damage|p2a: Hitmonlee|0 fnt\n|faint|p2a: Hitmonlee\n|-damage|p1a: Zapdos|63/265|[from] Recoil\n|\n|upkeep\n|\n|t:|1781378297\n|switch|p2a: Iron Boulder|Iron Boulder, L77|265/265\n|-damage|p2a: Iron Boulder|199/265|[from] Spikes\n|-enditem|p2a: Iron Boulder|Booster Energy\n|-activate|p2a: Iron Boulder|ability: Quark Drive|[fromitem]\n|-start|p2a: Iron Boulder|quarkdrivespe\n|turn|18\n|inactive|Vulva zol has 90 seconds left.\n|\n|t:|1781378323\n|move|p2a: Iron Boulder|Swords Dance|p2a: Iron Boulder\n|-boost|p2a: Iron Boulder|atk|2\n|move|p1a: Zapdos|Brave Bird|p2a: Iron Boulder\n|-resisted|p2a: Iron Boulder\n|-damage|p2a: Iron Boulder|123/265\n|-damage|p1a: Zapdos|38/265|[from] Recoil\n|\n|upkeep\n|turn|19\n|inactive|Vulva zol has 90 seconds left.\n|inactive|feraligatr08 has 120 seconds left.\n|\n|t:|1781378353\n|move|p2a: Iron Boulder|Mighty Cleave|p1a: Zapdos\n|-damage|p1a: Zapdos|0 fnt\n|faint|p1a: Zapdos\n|\n|upkeep\n|\n|t:|1781378369\n|switch|p1a: Latias|Latias, L79, F|256/256\n|turn|20\n|inactive|feraligatr08 has 120 seconds left.\n|\n|t:|1781378395\n|-terastallize|p1a: Latias|Steel\n|move|p2a: Iron Boulder|Mighty Cleave|p1a: Latias\n|-resisted|p1a: Latias\n|-damage|p1a: Latias|148/256\n|move|p1a: Latias|Draco Meteor|p2a: Iron Boulder\n|-damage|p2a: Iron Boulder|0 fnt\n|-unboost|p1a: Latias|spa|2\n|faint|p2a: Iron Boulder\n|-end|p2a: Iron Boulder|Quark Drive|[silent]\n|\n|upkeep\n|\n|t:|1781378397\n|switch|p2a: Scyther|Scyther, L82, F|249/249\n|turn|21\n|inactive|Vulva zol has 90 seconds left.\n|l|\u2606Vulva zol\n|inactive|Vulva zol disconnected and has a minute to reconnect!\n|player|p1|\n|inactive|Vulva zol has 30 seconds to reconnect!\n|inactive|Vulva zol has 20 seconds to reconnect!\n|inactive|Vulva zol has 15 seconds to reconnect!\n|inactive|Vulva zol has 10 seconds to reconnect!\n|inactive|Vulva zol has 5 seconds to reconnect!\n|-message|Vulva zol lost due to inactivity.\n|\n|win|feraligatr08\n", "inputlog": ">version a8376a258c1d4662feba110a92103f3664a72141\n>start {\"formatid\":\"gen9randombattle\",\"seed\":\"sodium,6014b5fc5b3f11ade5dfd00fb5617c77\",\"rated\":\"Rated battle\"}\n>player p1 {\"name\":\"Vulva zol\",\"avatar\":\"1\",\"rating\":2078,\"seed\":\"sodium,e1d85f919dcb094fa64cc0ccf9eeb80e\"}\n>player p2 {\"name\":\"feraligatr08\",\"avatar\":\"colress\",\"rating\":2085,\"seed\":\"sodium,6197fe6809402aef85d7692ca864d3ea\"}\n>p1 move voltswitch\n>p2 move calmmind\n>p1 switch 3\n>p1 move uturn\n>p2 move psychic\n>p1 switch 4\n>p1 move playrough\n>p2 move shadowball\n>p2 switch 6\n>p1 move thunderwave\n>p2 move stickyweb\n>p1 move spikes\n>p2 move stickyweb\n>p1 move spikes\n>p2 move stickyweb\n>chat \u2606feraligatr08|wow well played\n>p1 move spikes\n>p2 move stickyweb\n>chat \u2606feraligatr08|holy shit you're so good at this gam\n>p1 move playrough\n>p2 move stickyweb\n>p1 move playrough\n>p2 move pounce\n>p1 move playrough\n>p2 move pounce\n>p1 move playrough\n>p2 move taunt\n>p1 move playrough\n>p2 move taunt\n>p2 switch 2\n>p1 move playrough\n>p2 move boomburst\n>p1 move playrough\n>p2 move boomburst\n>p1 switch 3\n>p1 move thunderbolt\n>p2 move roost\n>p2 switch 3\n>p1 move voltswitch\n>p2 move closecombat\n>p1 switch 4\n>p1 move bravebird\n>p2 move stoneedge\n>p2 switch 4\n>p1 move bravebird\n>p2 move swordsdance\n>p1 move bravebird\n>p2 move mightycleave\n>p1 switch 6\n>p1 move dracometeor terastallize\n>p2 move mightycleave\n>p2 switch 5\n>forcelose p1", "uploadtime": 1781377899, "views": 10, "formatid": "gen9randombattle", "rating": null, "private": 0, "password": null, "player_dets": [{"name": "Vulva zol", "avatar": "1", "rating": 2078, "seed": "sodium,e1d85f919dcb094fa64cc0ccf9eeb80e"}, {"name": "feraligatr08", "avatar": "colress", "rating": 2085, "seed": "sodium,6197fe6809402aef85d7692ca864d3ea"}], "teams_full": [{"Sandy Shocks": {"name": "Sandy Shocks", "species": "Sandy Shocks", "speciesId": "sandyshocks", "gender": "N", "shiny": false, "level": 80, "moves": ["earthpower", "stealthrock", "thunderbolt", "voltswitch"], "ability": "Protosynthesis", "evs": {"hp": 85, "atk": 0, "def": 85, "spa": 85, "spd": 85, "spe": 85}, "ivs": {"hp": 31, "atk": 0, "def": 31, "spa": 31, "spd": 31, "spe": 31}, "item": "Heavy-Duty Boots", "teraType": "Ground", "role": "Fast Support", "bvs": {"hp": 85, "atk": 81, "def": 97, "spa": 121, "spd": 85, "spe": 101}, "stats": {"hp": 267, "atk": 134, "def": 201, "spa": 240, "spd": 182, "spe": 208}, "types": ["Electric", "Ground"]}, "Salazzle": {"name": "Salazzle", "species": "Salazzle", "speciesId": "salazzle", "gender": "F", "shiny": false, "level": 83, "moves": ["nastyplot", "terablast", "sludgewave", "fireblast"], "ability": "Corrosion", "evs": {"hp": 85, "atk": 0, "def": 85, "spa": 85, "spd": 85, "spe": 85}, "ivs": {"hp": 31, "atk": 0, "def": 31, "spa": 31, "spd": 31, "spe": 31}, "item": "Heavy-Duty Boots", "teraType": "Grass", "role": "Tera Blast user", "bvs": {"hp": 68, "atk": 64, "def": 60, "spa": 111, "spd": 60, "spe": 117}, "stats": {"hp": 249, "atk": 111, "def": 147, "spa": 232, "spd": 147, "spe": 242}, "types": ["Poison", "Fire"]}, "Zapdos": {"name": "Zapdos", "species": "Zapdos-Galar", "speciesId": "zapdosgalar", "gender": "N", "shiny": false, "level": 77, "moves": ["uturn", "bravebird", "closecombat", "knockoff"], "ability": "Defiant", "evs": {"hp": 85, "atk": 85, "def": 85, "spa": 85, "spd": 85, "spe": 85}, "ivs": {"hp": 31, "atk": 31, "def": 31, "spa": 31, "spd": 31, "spe": 31}, "item": "Choice Scarf", "teraType": "Steel", "role": "Fast Attacker", "bvs": {"hp": 90, "atk": 125, "def": 90, "spa": 85, "spd": 90, "spe": 100}, "stats": {"hp": 265, "atk": 237, "def": 183, "spa": 175, "spd": 183, "spe": 199}, "types": ["Fighting", "Flying"]}, "Klefki": {"name": "Klefki", "species": "Klefki", "speciesId": "klefki", "gender": "F", "shiny": false, "level": 84, "moves": ["magnetrise", "thunderwave", "spikes", "playrough"], "ability": "Prankster", "evs": {"hp": 85, "atk": 85, "def": 85, "spa": 85, "spd": 85, "spe": 85}, "ivs": {"hp": 31, "atk": 31, "def": 31, "spa": 31, "spd": 31, "spe": 31}, "item": "Leftovers", "teraType": "Water", "role": "Bulky Support", "bvs": {"hp": 57, "atk": 80, "def": 91, "spa": 80, "spd": 87, "spe": 75}, "stats": {"hp": 233, "atk": 183, "def": 201, "spa": 183, "spd": 194, "spe": 174}, "types": ["Steel", "Fairy"]}, "Ariados": {"name": "Ariados", "species": "Ariados", "speciesId": "ariados", "gender": "M", "shiny": false, "level": 95, "moves": ["megahorn", "stickyweb", "toxicspikes", "poisonjab"], "ability": "Swarm", "evs": {"hp": 85, "atk": 85, "def": 85, "spa": 85, "spd": 85, "spe": 85}, "ivs": {"hp": 31, "atk": 31, "def": 31, "spa": 31, "spd": 31, "spe": 31}, "item": "Heavy-Duty Boots", "teraType": "Ghost", "role": "Fast Support", "bvs": {"hp": 70, "atk": 90, "def": 70, "spa": 60, "spd": 70, "spe": 40}, "stats": {"hp": 287, "atk": 225, "def": 187, "spa": 168, "spd": 187, "spe": 130}, "types": ["Bug", "Poison"]}, "Latias": {"name": "Latias", "species": "Latias", "speciesId": "latias", "gender": "F", "shiny": false, "level": 79, "moves": ["dracometeor", "psyshock", "calmmind", "recover"], "ability": "Levitate", "evs": {"hp": 85, "atk": 0, "def": 85, "spa": 85, "spd": 85, "spe": 85}, "ivs": {"hp": 31, "atk": 0, "def": 31, "spa": 31, "spd": 31, "spe": 31}, "item": "Soul Dew", "teraType": "Steel", "role": "Fast Bulky Setup", "bvs": {"hp": 80, "atk": 80, "def": 90, "spa": 110, "spd": 130, "spe": 110}, "stats": {"hp": 256, "atk": 131, "def": 188, "spa": 219, "spd": 251, "spe": 219}, "types": ["Dragon", "Psychic"]}}, {"Espeon": {"name": "Espeon", "species": "Espeon", "speciesId": "espeon", "gender": "F", "shiny": false, "level": 84, "moves": ["alluringvoice", "psychic", "shadowball", "calmmind"], "ability": "Magic Bounce", "evs": {"hp": 85, "atk": 0, "def": 85, "spa": 85, "spd": 85, "spe": 85}, "ivs": {"hp": 31, "atk": 0, "def": 31, "spa": 31, "spd": 31, "spe": 31}, "item": "Life Orb", "teraType": "Fairy", "role": "Fast Attacker", "bvs": {"hp": 65, "atk": 65, "def": 60, "spa": 130, "spd": 95, "spe": 110}, "stats": {"hp": 246, "atk": 114, "def": 149, "spa": 267, "spd": 208, "spe": 233}, "types": ["Psychic"]}, "Toucannon": {"name": "Toucannon", "species": "Toucannon", "speciesId": "toucannon", "gender": "F", "shiny": false, "level": 88, "moves": ["knockoff", "boomburst", "roost", "beakblast"], "ability": "Keen Eye", "evs": {"hp": 85, "atk": 85, "def": 85, "spa": 85, "spd": 85, "spe": 85}, "ivs": {"hp": 31, "atk": 31, "def": 31, "spa": 31, "spd": 31, "spe": 31}, "item": "Heavy-Duty Boots", "teraType": "Steel", "role": "Bulky Support", "bvs": {"hp": 80, "atk": 120, "def": 75, "spa": 75, "spd": 75, "spe": 60}, "stats": {"hp": 284, "atk": 261, "def": 182, "spa": 182, "spd": 182, "spe": 156}, "types": ["Normal", "Flying"]}, "Hitmonlee": {"name": "Hitmonlee", "species": "Hitmonlee", "speciesId": "hitmonlee", "gender": "M", "shiny": false, "level": 85, "moves": ["stoneedge", "closecombat", "swordsdance", "knockoff"], "ability": "Unburden", "evs": {"hp": 85, "atk": 85, "def": 85, "spa": 85, "spd": 85, "spe": 85}, "ivs": {"hp": 31, "atk": 31, "def": 31, "spa": 31, "spd": 31, "spe": 31}, "item": "White Herb", "teraType": "Fighting", "role": "Setup Sweeper", "bvs": {"hp": 50, "atk": 120, "def": 53, "spa": 35, "spd": 110, "spe": 87}, "stats": {"hp": 224, "atk": 253, "def": 139, "spa": 108, "spd": 236, "spe": 197}, "types": ["Fighting"]}, "Iron Boulder": {"name": "Iron Boulder", "species": "Iron Boulder", "speciesId": "ironboulder", "gender": "N", "shiny": false, "level": 77, "moves": ["closecombat", "swordsdance", "mightycleave", "zenheadbutt"], "ability": "Quark Drive", "evs": {"hp": 85, "atk": 85, "def": 85, "spa": 85, "spd": 85, "spe": 85}, "ivs": {"hp": 31, "atk": 31, "def": 31, "spa": 31, "spd": 31, "spe": 31}, "item": "Booster Energy", "teraType": "Fighting", "role": "Fast Bulky Setup", "bvs": {"hp": 90, "atk": 120, "def": 80, "spa": 68, "spd": 108, "spe": 124}, "stats": {"hp": 265, "atk": 229, "def": 168, "spa": 149, "spd": 211, "spe": 236}, "types": ["Rock", "Psychic"]}, "Scyther": {"name": "Scyther", "species": "Scyther", "speciesId": "scyther", "gender": "F", "shiny": false, "level": 82, "moves": ["bugbite", "swordsdance", "closecombat", "dualwingbeat"], "ability": "Technician", "evs": {"hp": 85, "atk": 85, "def": 85, "spa": 85, "spd": 85, "spe": 85}, "ivs": {"hp": 31, "atk": 31, "def": 31, "spa": 31, "spd": 31, "spe": 31}, "item": "Heavy-Duty Boots", "teraType": "Fighting", "role": "Setup Sweeper", "bvs": {"hp": 70, "atk": 110, "def": 80, "spa": 55, "spd": 80, "spe": 105}, "stats": {"hp": 249, "atk": 228, "def": 178, "spa": 137, "spd": 178, "spe": 219}, "types": ["Bug", "Flying"]}, "Kricketune": {"name": "Kricketune", "species": "Kricketune", "speciesId": "kricketune", "gender": "M", "shiny": false, "level": 99, "moves": ["taunt", "knockoff", "stickyweb", "pounce"], "ability": "Technician", "evs": {"hp": 85, "atk": 85, "def": 85, "spa": 85, "spd": 85, "spe": 85}, "ivs": {"hp": 31, "atk": 31, "def": 31, "spa": 31, "spd": 31, "spe": 31}, "item": "Heavy-Duty Boots", "teraType": "Ghost", "role": "Fast Support", "bvs": {"hp": 77, "atk": 85, "def": 51, "spa": 55, "spd": 51, "spe": 65}, "stats": {"hp": 312, "atk": 224, "def": 157, "spa": 165, "spd": 157, "spe": 185}, "types": ["Bug"]}}]}