{"id": "gen9randombattle-2631570397", "format": "[Gen 9] Random Battle", "players": ["Porkinhoo", "JRaff"], "log": "|j|\u2606Porkinhoo\n|j|\u2606JRaff\n|t:|1781402759\n|gametype|singles\n|player|p1|Porkinhoo|gambler|1737\n|player|p2|JRaff|youngster|1814\n|gen|9\n|tier|[Gen 9] Random Battle\n|rated|\n|rule|Species Clause: Limit one of each Pok\u00e9mon\n|rule|HP Percentage Mod: HP is shown in percentages\n|rule|Sleep Clause Mod: Limit one foe put to sleep\n|rule|Illusion Level Mod: Illusion disguises the Pok\u00e9mon's true level\n|\n|t:|1781402759\n|teamsize|p1|6\n|teamsize|p2|6\n|start\n|switch|p1a: Zekrom|Zekrom, L71|259/259\n|switch|p2a: Ogerpon|Ogerpon-Cornerstone, L76, F|247/247\n|-ability|p1a: Zekrom|Teravolt\n|turn|1\n|inactive|Battle timer is ON: inactive players will automatically lose when time's up. (requested by JRaff)\n|\n|t:|1781402785\n|switch|p2a: Carbink|Carbink, L90|236/236\n|move|p1a: Zekrom|Dragon Dance|p1a: Zekrom\n|-boost|p1a: Zekrom|atk|1\n|-boost|p1a: Zekrom|spe|1\n|\n|upkeep\n|turn|2\n|\n|t:|1781402804\n|switch|p1a: Hariyama|Hariyama, L87, M|392/392\n|move|p2a: Carbink|Iron Defense|p2a: Carbink\n|-boost|p2a: Carbink|def|2\n|\n|upkeep\n|turn|3\n|\n|t:|1781402813\n|-terastallize|p1a: Hariyama|Steel\n|move|p2a: Carbink|Moonblast|p1a: Hariyama\n|-resisted|p1a: Hariyama\n|-damage|p1a: Hariyama|359/392\n|move|p1a: Hariyama|Heavy Slam|p2a: Carbink\n|-supereffective|p2a: Carbink\n|-damage|p2a: Carbink|20/236\n|\n|upkeep\n|turn|4\n|\n|t:|1781402821\n|move|p1a: Hariyama|Bullet Punch|p2a: Carbink\n|-supereffective|p2a: Carbink\n|-damage|p2a: Carbink|0 fnt\n|faint|p2a: Carbink\n|\n|upkeep\n|\n|t:|1781402828\n|switch|p2a: Greedent|Greedent, L86, M|347/347\n|turn|5\n|\n|t:|1781402834\n|-terastallize|p2a: Greedent|Ghost\n|move|p1a: Hariyama|Knock Off|p2a: Greedent\n|-supereffective|p2a: Greedent\n|-damage|p2a: Greedent|201/347\n|-enditem|p2a: Greedent|Sitrus Berry|[from] move: Knock Off|[of] p1a: Hariyama\n|move|p2a: Greedent|Swords Dance|p2a: Greedent\n|-boost|p2a: Greedent|atk|2\n|\n|upkeep\n|turn|6\n|\n|t:|1781402843\n|move|p1a: Hariyama|Heavy Slam|p2a: Greedent\n|-damage|p2a: Greedent|62/347\n|move|p2a: Greedent|Earthquake|p1a: Hariyama\n|-supereffective|p1a: Hariyama\n|-damage|p1a: Hariyama|0 fnt\n|faint|p1a: Hariyama\n|\n|upkeep\n|\n|t:|1781402857\n|switch|p1a: Zekrom|Zekrom, L71|259/259\n|-ability|p1a: Zekrom|Teravolt\n|turn|7\n|\n|t:|1781402862\n|move|p1a: Zekrom|Bolt Strike|p2a: Greedent\n|-crit|p2a: Greedent\n|-damage|p2a: Greedent|0 fnt\n|faint|p2a: Greedent\n|\n|upkeep\n|\n|t:|1781402869\n|switch|p2a: Latias|Latias, L79, F|256/256\n|turn|8\n|\n|t:|1781402873\n|move|p2a: Latias|Draco Meteor|p1a: Zekrom\n|-supereffective|p1a: Zekrom\n|-damage|p1a: Zekrom|0 fnt\n|-unboost|p2a: Latias|spa|2\n|faint|p1a: Zekrom\n|\n|upkeep\n|\n|t:|1781402884\n|switch|p1a: Perrserker|Perrserker, L89, F|269/269\n|turn|9\n|\n|t:|1781402890\n|switch|p2a: Muk|Muk-Alola, L82, F|306/306\n|move|p1a: Perrserker|Stealth Rock|p2a: Muk\n|-sidestart|p2: JRaff|move: Stealth Rock\n|\n|upkeep\n|turn|10\n|\n|t:|1781402903\n|move|p1a: Perrserker|Iron Head|p2a: Muk\n|-damage|p2a: Muk|110/306\n|-damage|p1a: Perrserker|243/269|[from] item: Life Orb\n|cant|p2a: Muk|flinch\n|\n|upkeep\n|turn|11\n|\n|t:|1781402909\n|move|p1a: Perrserker|Iron Head|p2a: Muk\n|-damage|p2a: Muk|0 fnt\n|faint|p2a: Muk\n|-damage|p1a: Perrserker|217/269|[from] item: Life Orb\n|\n|upkeep\n|\n|t:|1781402915\n|switch|p2a: Dialga|Dialga-Origin, L73|266/266\n|-damage|p2a: Dialga|250/266|[from] Stealth Rock\n|-ability|p2a: Dialga|Pressure\n|turn|12\n|\n|t:|1781402918\n|move|p2a: Dialga|Fire Blast|p1a: Perrserker\n|-supereffective|p1a: Perrserker\n|-damage|p1a: Perrserker|19/269\n|-status|p1a: Perrserker|brn\n|move|p1a: Perrserker|Close Combat|p2a: Dialga\n|-supereffective|p2a: Dialga\n|-damage|p2a: Dialga|94/266\n|-unboost|p1a: Perrserker|def|1\n|-unboost|p1a: Perrserker|spd|1\n|-damage|p1a: Perrserker|0 fnt|[from] item: Life Orb\n|faint|p1a: Perrserker\n|\n|upkeep\n|\n|t:|1781402936\n|switch|p1a: Kyurem|Kyurem, L77|319/319\n|-ability|p1a: Kyurem|Pressure\n|turn|13\n|\n|t:|1781402943\n|move|p1a: Kyurem|Earth Power|p2a: Dialga\n|-supereffective|p2a: Dialga\n|-damage|p2a: Dialga|0 fnt\n|faint|p2a: Dialga\n|\n|upkeep\n|\n|t:|1781402947\n|switch|p2a: Ogerpon|Ogerpon-Cornerstone, L76, F|247/247\n|-damage|p2a: Ogerpon|217/247|[from] Stealth Rock\n|turn|14\n|\n|t:|1781402954\n|move|p2a: Ogerpon|Swords Dance|p2a: Ogerpon\n|-boost|p2a: Ogerpon|atk|2\n|move|p1a: Kyurem|Ice Beam|p2a: Ogerpon\n|-supereffective|p2a: Ogerpon\n|-damage|p2a: Ogerpon|0 fnt\n|faint|p2a: Ogerpon\n|\n|upkeep\n|\n|t:|1781402957\n|switch|p2a: Latias|Latias, L79, F|256/256\n|-damage|p2a: Latias|224/256|[from] Stealth Rock\n|turn|15\n|\n|t:|1781402964\n|switch|p1a: Staraptor|Staraptor, L79, M|263/263\n|move|p2a: Latias|Calm Mind|p2a: Latias\n|-boost|p2a: Latias|spa|1\n|-boost|p2a: Latias|spd|1\n|\n|upkeep\n|turn|16\n|\n|t:|1781402972\n|move|p1a: Staraptor|Quick Attack|p2a: Latias\n|-damage|p2a: Latias|155/256\n|move|p2a: Latias|Psyshock|p1a: Staraptor\n|-damage|p1a: Staraptor|88/263\n|\n|upkeep\n|turn|17\n|\n|t:|1781402980\n|switch|p1a: Raichu|Raichu-Alola, L87, M|246/246\n|move|p2a: Latias|Recover|p2a: Latias\n|-heal|p2a: Latias|256/256\n|\n|upkeep\n|turn|18\n|\n|t:|1781402990\n|move|p1a: Raichu|Thunderbolt|p2a: Latias\n|-resisted|p2a: Latias\n|-damage|p2a: Latias|214/256\n|move|p2a: Latias|Calm Mind|p2a: Latias\n|-boost|p2a: Latias|spa|1\n|-boost|p2a: Latias|spd|1\n|\n|upkeep\n|turn|19\n|\n|t:|1781402995\n|move|p1a: Raichu|Thunderbolt|p2a: Latias\n|-resisted|p2a: Latias\n|-damage|p2a: Latias|187/256\n|move|p2a: Latias|Calm Mind|p2a: Latias\n|-boost|p2a: Latias|spa|1\n|-boost|p2a: Latias|spd|1\n|\n|upkeep\n|turn|20\n|\n|t:|1781403004\n|move|p1a: Raichu|Thunderbolt|p2a: Latias\n|-resisted|p2a: Latias\n|-damage|p2a: Latias|163/256\n|move|p2a: Latias|Draco Meteor|p1a: Raichu|[miss]\n|-miss|p2a: Latias|p1a: Raichu\n|\n|upkeep\n|turn|21\n|\n|t:|1781403009\n|move|p1a: Raichu|Thunderbolt|p2a: Latias\n|-resisted|p2a: Latias\n|-damage|p2a: Latias|139/256\n|move|p2a: Latias|Recover|p2a: Latias\n|-heal|p2a: Latias|256/256\n|\n|upkeep\n|turn|22\n|\n|t:|1781403013\n|move|p1a: Raichu|Thunderbolt|p2a: Latias\n|-resisted|p2a: Latias\n|-damage|p2a: Latias|235/256\n|move|p2a: Latias|Draco Meteor|p1a: Raichu\n|-damage|p1a: Raichu|0 fnt\n|-unboost|p2a: Latias|spa|2\n|faint|p1a: Raichu\n|\n|upkeep\n|\n|t:|1781403021\n|switch|p1a: Staraptor|Staraptor, L79, M|88/263\n|turn|23\n|\n|t:|1781403041\n|move|p2a: Latias|Psyshock|p1a: Staraptor\n|-damage|p1a: Staraptor|0 fnt\n|faint|p1a: Staraptor\n|\n|upkeep\n|\n|t:|1781403044\n|switch|p1a: Kyurem|Kyurem, L77|319/319\n|-ability|p1a: Kyurem|Pressure\n|turn|24\n|\n|t:|1781403049\n|move|p2a: Latias|Draco Meteor|p1a: Kyurem\n|-supereffective|p1a: Kyurem\n|-damage|p1a: Kyurem|0 fnt\n|-unboost|p2a: Latias|spa|2\n|faint|p1a: Kyurem\n|\n|win|JRaff\n|raw|Porkinhoo's rating: 1737 &rarr; <strong>1721</strong><br />(-16 for losing)\n|raw|JRaff's rating: 1814 &rarr; <strong>1830</strong><br />(+16 for winning)\n|c|\u2606JRaff|gg\n|l|\u2606Porkinhoo\n|player|p1|\n", "inputlog": ">version a8376a258c1d4662feba110a92103f3664a72141\n>start {\"formatid\":\"gen9randombattle\",\"seed\":\"sodium,6a21e58a88020d730b49d8230d45d26a\",\"rated\":\"Rated battle\"}\n>player p1 {\"name\":\"Porkinhoo\",\"avatar\":\"gambler\",\"rating\":1737,\"seed\":\"sodium,54b5d2f95135662e7cc27719a8b9c614\"}\n>player p2 {\"name\":\"JRaff\",\"avatar\":\"youngster\",\"rating\":1814,\"seed\":\"sodium,705743c084b3a30270dde839b32c3130\"}\n>p1 move dragondance\n>p2 switch 4\n>p1 switch 5\n>p2 move irondefense\n>p1 move heavyslam terastallize\n>p2 move moonblast\n>p1 move bulletpunch\n>p2 move bodypress\n>p2 switch 2\n>p1 move knockoff\n>p2 move swordsdance terastallize\n>p1 move heavyslam\n>p2 move earthquake\n>p1 switch 5\n>p1 move boltstrike\n>p2 move earthquake\n>p2 switch 6\n>p1 move dragondance\n>p2 move dracometeor\n>p1 switch 3\n>p1 move stealthrock\n>p2 switch 5\n>p1 move ironhead\n>p2 move drainpunch\n>p1 move ironhead\n>p2 move drainpunch\n>p2 switch 3\n>p1 move closecombat\n>p2 move fireblast\n>p1 switch 4\n>p1 move earthpower\n>p2 move dracometeor\n>p2 switch 4\n>p1 move icebeam\n>p2 move swordsdance\n>p2 switch 5\n>p1 switch 6\n>p2 move calmmind\n>p1 move quickattack\n>p2 move psyshock\n>p1 switch 2\n>p2 move recover\n>p1 move thunderbolt\n>p2 move calmmind\n>p1 move thunderbolt\n>p2 move calmmind\n>p1 move thunderbolt\n>p2 move dracometeor\n>p1 move thunderbolt\n>p2 move recover\n>p1 move thunderbolt\n>p2 move dracometeor\n>p1 switch 2\n>p1 move doubleedge\n>p2 move psyshock\n>p1 switch 6\n>p1 move outrage\n>p2 move dracometeor", "uploadtime": 1781403057, "views": 5, "formatid": "gen9randombattle", "rating": 1721, "private": 0, "password": null, "player_dets": [{"name": "Porkinhoo", "avatar": "gambler", "rating": 1737, "seed": "sodium,54b5d2f95135662e7cc27719a8b9c614"}, {"name": "JRaff", "avatar": "youngster", "rating": 1814, "seed": "sodium,705743c084b3a30270dde839b32c3130"}], "teams_full": [{"Zekrom": {"name": "Zekrom", "species": "Zekrom", "speciesId": "zekrom", "gender": "N", "shiny": false, "level": 71, "moves": ["dragondance", "boltstrike", "outrage", "substitute"], "ability": "Teravolt", "evs": {"hp": 85, "atk": 85, "def": 85, "spa": 85, "spd": 85, "spe": 85}, "ivs": {"hp": 31, "atk": 31, "def": 31, "spa": 31, "spd": 31, "spe": 31}, "item": "Leftovers", "teraType": "Fairy", "role": "Setup Sweeper", "bvs": {"hp": 100, "atk": 150, "def": 120, "spa": 120, "spd": 100, "spe": 90}, "stats": {"hp": 259, "atk": 254, "def": 212, "spa": 212, "spd": 183, "spe": 169}}, "Raichu": {"name": "Raichu", "species": "Raichu-Alola", "speciesId": "raichualola", "gender": "M", "shiny": false, "level": 87, "moves": ["thunderbolt", "psychic", "focusblast", "voltswitch"], "ability": "Surge Surfer", "evs": {"hp": 85, "atk": 0, "def": 85, "spa": 85, "spd": 85, "spe": 85}, "ivs": {"hp": 31, "atk": 0, "def": 31, "spa": 31, "spd": 31, "spe": 31}, "item": "Choice Specs", "teraType": "Fighting", "role": "Fast Attacker", "bvs": {"hp": 60, "atk": 85, "def": 50, "spa": 95, "spd": 85, "spe": 110}, "stats": {"hp": 246, "atk": 152, "def": 137, "spa": 215, "spd": 198, "spe": 241}}, "Perrserker": {"name": "Perrserker", "species": "Perrserker", "speciesId": "perrserker", "gender": "F", "shiny": false, "level": 89, "moves": ["closecombat", "ironhead", "uturn", "stealthrock"], "ability": "Tough Claws", "evs": {"hp": 85, "atk": 85, "def": 85, "spa": 85, "spd": 85, "spe": 85}, "ivs": {"hp": 31, "atk": 31, "def": 31, "spa": 31, "spd": 31, "spe": 31}, "item": "Life Orb", "teraType": "Fighting", "role": "Fast Attacker", "bvs": {"hp": 70, "atk": 110, "def": 100, "spa": 50, "spd": 60, "spe": 50}, "stats": {"hp": 269, "atk": 247, "def": 229, "spa": 140, "spd": 158, "spe": 140}}, "Kyurem": {"name": "Kyurem", "species": "Kyurem", "speciesId": "kyurem", "gender": "N", "shiny": false, "level": 77, "moves": ["outrage", "freezedry", "earthpower", "icebeam"], "ability": "Pressure", "evs": {"hp": 85, "atk": 85, "def": 85, "spa": 85, "spd": 85, "spe": 85}, "ivs": {"hp": 31, "atk": 31, "def": 31, "spa": 31, "spd": 31, "spe": 31}, "item": "Heavy-Duty Boots", "teraType": "Ground", "role": "Wallbreaker", "bvs": {"hp": 125, "atk": 130, "def": 90, "spa": 130, "spd": 90, "spe": 95}, "stats": {"hp": 319, "atk": 245, "def": 183, "spa": 245, "spd": 183, "spe": 191}}, "Hariyama": {"name": "Hariyama", "species": "Hariyama", "speciesId": "hariyama", "gender": "M", "shiny": false, "level": 87, "moves": ["knockoff", "heavyslam", "closecombat", "bulletpunch"], "ability": "Thick Fat", "evs": {"hp": 85, "atk": 85, "def": 85, "spa": 85, "spd": 85, "spe": 85}, "ivs": {"hp": 31, "atk": 31, "def": 31, "spa": 31, "spd": 31, "spe": 31}, "item": "Assault Vest", "teraType": "Steel", "role": "AV Pivot", "bvs": {"hp": 144, "atk": 120, "def": 60, "spa": 40, "spd": 60, "spe": 50}, "stats": {"hp": 392, "atk": 259, "def": 154, "spa": 119, "spd": 154, "spe": 137}}, "Staraptor": {"name": "Staraptor", "species": "Staraptor", "speciesId": "staraptor", "gender": "M", "shiny": false, "level": 79, "moves": ["closecombat", "doubleedge", "quickattack", "bravebird"], "ability": "Reckless", "evs": {"hp": 81, "atk": 85, "def": 85, "spa": 85, "spd": 85, "spe": 85}, "ivs": {"hp": 31, "atk": 31, "def": 31, "spa": 31, "spd": 31, "spe": 31}, "item": "Choice Band", "teraType": "Flying", "role": "Fast Attacker", "bvs": {"hp": 85, "atk": 120, "def": 70, "spa": 50, "spd": 60, "spe": 100}, "stats": {"hp": 263, "atk": 235, "def": 156, "spa": 125, "spd": 140, "spe": 204}}}, {"Ogerpon": {"name": "Ogerpon", "species": "Ogerpon-Cornerstone", "speciesId": "ogerponcornerstone", "gender": "F", "shiny": false, "level": 76, "moves": ["ivycudgel", "hornleech", "swordsdance", "superpower"], "ability": "Sturdy", "evs": {"hp": 85, "atk": 85, "def": 85, "spa": 85, "spd": 85, "spe": 85}, "ivs": {"hp": 31, "atk": 31, "def": 31, "spa": 31, "spd": 31, "spe": 31}, "item": "Cornerstone Mask", "teraType": "Rock", "role": "Setup Sweeper", "bvs": {"hp": 80, "atk": 120, "def": 84, "spa": 60, "spd": 96, "spe": 110}, "stats": {"hp": 247, "atk": 226, "def": 172, "spa": 135, "spd": 190, "spe": 211}}, "Greedent": {"name": "Greedent", "species": "Greedent", "speciesId": "greedent", "gender": "M", "shiny": false, "level": 86, "moves": ["bodyslam", "swordsdance", "knockoff", "earthquake"], "ability": "Cheek Pouch", "evs": {"hp": 85, "atk": 85, "def": 85, "spa": 85, "spd": 85, "spe": 85}, "ivs": {"hp": 31, "atk": 31, "def": 31, "spa": 31, "spd": 31, "spe": 31}, "item": "Sitrus Berry", "teraType": "Ghost", "role": "Bulky Setup", "bvs": {"hp": 120, "atk": 95, "def": 95, "spa": 55, "spd": 75, "spe": 20}, "stats": {"hp": 347, "atk": 213, "def": 213, "spa": 144, "spd": 178, "spe": 84}}, "Dialga": {"name": "Dialga", "species": "Dialga-Origin", "speciesId": "dialgaorigin", "gender": "N", "shiny": false, "level": 73, "moves": ["flashcannon", "dracometeor", "fireblast", "stealthrock"], "ability": "Pressure", "evs": {"hp": 85, "atk": 0, "def": 85, "spa": 85, "spd": 85, "spe": 85}, "ivs": {"hp": 31, "atk": 0, "def": 31, "spa": 31, "spd": 31, "spe": 31}, "item": "Adamant Crystal", "teraType": "Steel", "role": "Fast Attacker", "bvs": {"hp": 100, "atk": 100, "def": 120, "spa": 150, "spd": 120, "spe": 90}, "stats": {"hp": 266, "atk": 151, "def": 218, "spa": 261, "spd": 218, "spe": 174}}, "Carbink": {"name": "Carbink", "species": "Carbink", "speciesId": "carbink", "gender": "N", "shiny": false, "level": 90, "moves": ["irondefense", "rest", "moonblast", "bodypress"], "ability": "Sturdy", "evs": {"hp": 85, "atk": 0, "def": 85, "spa": 85, "spd": 85, "spe": 85}, "ivs": {"hp": 31, "atk": 0, "def": 31, "spa": 31, "spd": 31, "spe": 31}, "item": "Chesto Berry", "teraType": "Fighting", "role": "Fast Bulky Setup", "bvs": {"hp": 50, "atk": 50, "def": 150, "spa": 50, "spd": 150, "spe": 50}, "stats": {"hp": 236, "atk": 95, "def": 321, "spa": 141, "spd": 321, "spe": 141}}, "Muk": {"name": "Muk", "species": "Muk-Alola", "speciesId": "mukalola", "gender": "F", "shiny": false, "level": 82, "moves": ["shadowsneak", "knockoff", "gunkshot", "drainpunch"], "ability": "Poison Touch", "evs": {"hp": 85, "atk": 85, "def": 85, "spa": 85, "spd": 85, "spe": 85}, "ivs": {"hp": 31, "atk": 31, "def": 31, "spa": 31, "spd": 31, "spe": 31}, "item": "Assault Vest", "teraType": "Fighting", "role": "AV Pivot", "bvs": {"hp": 105, "atk": 105, "def": 75, "spa": 65, "spd": 100, "spe": 50}, "stats": {"hp": 306, "atk": 219, "def": 170, "spa": 154, "spd": 211, "spe": 129}}, "Latias": {"name": "Latias", "species": "Latias", "speciesId": "latias", "gender": "F", "shiny": false, "level": 79, "moves": ["calmmind", "dracometeor", "recover", "psyshock"], "ability": "Levitate", "evs": {"hp": 85, "atk": 0, "def": 85, "spa": 85, "spd": 85, "spe": 85}, "ivs": {"hp": 31, "atk": 0, "def": 31, "spa": 31, "spd": 31, "spe": 31}, "item": "Soul Dew", "teraType": "Steel", "role": "Fast Bulky Setup", "bvs": {"hp": 80, "atk": 80, "def": 90, "spa": 110, "spd": 130, "spe": 110}, "stats": {"hp": 256, "atk": 131, "def": 188, "spa": 219, "spd": 251, "spe": 219}}}]}