{"id": "gen9randombattle-2631534462", "format": "[Gen 9] Random Battle", "players": ["OGKUSHONDECK", "Undertaker67"], "log": "|j|\u2606OGKUSHONDECK\n|j|\u2606Undertaker67\n|t:|1781397817\n|gametype|singles\n|player|p1|OGKUSHONDECK|biker-gen1rb|2041\n|player|p2|Undertaker67|n|1986\n|gen|9\n|tier|[Gen 9] Random Battle\n|rated|\n|rule|Species Clause: Limit one of each Pok\u00e9mon\n|rule|HP Percentage Mod: HP is shown in percentages\n|rule|Sleep Clause Mod: Limit one foe put to sleep\n|rule|Illusion Level Mod: Illusion disguises the Pok\u00e9mon's true level\n|\n|t:|1781397817\n|teamsize|p1|6\n|teamsize|p2|6\n|start\n|switch|p1a: Espeon|Espeon, L84, M|246/246\n|switch|p2a: Mabosstiff|Mabosstiff, L86, F|278/278\n|turn|1\n|inactive|Battle timer is ON: inactive players will automatically lose when time's up. (requested by Undertaker67)\n|\n|t:|1781397838\n|switch|p1a: Umbreon|Umbreon, L84, M|297/297\n|move|p2a: Mabosstiff|Crunch|p1a: Umbreon\n|-resisted|p1a: Umbreon\n|-damage|p1a: Umbreon|215/297\n|\n|-heal|p1a: Umbreon|233/297|[from] item: Leftovers\n|upkeep\n|turn|2\n|\n|t:|1781397852\n|switch|p2a: Okidogi|Okidogi, L77, M|262/262\n|move|p1a: Umbreon|Toxic|p2a: Okidogi\n|-immune|p2a: Okidogi\n|\n|-heal|p1a: Umbreon|251/297|[from] item: Leftovers\n|upkeep\n|turn|3\n|\n|t:|1781397870\n|move|p1a: Umbreon|Protect|p1a: Umbreon\n|-singleturn|p1a: Umbreon|Protect\n|move|p2a: Okidogi|Knock Off|p1a: Umbreon\n|-activate|p1a: Umbreon|move: Protect\n|\n|-heal|p1a: Umbreon|269/297|[from] item: Leftovers\n|upkeep\n|turn|4\n|\n|t:|1781397879\n|switch|p1a: Volcanion|Volcanion, L79|256/256\n|move|p2a: Okidogi|Knock Off|p1a: Volcanion\n|-damage|p1a: Volcanion|193/256\n|-enditem|p1a: Volcanion|Heavy-Duty Boots|[from] move: Knock Off|[of] p2a: Okidogi\n|\n|upkeep\n|turn|5\n|\n|t:|1781397886\n|move|p2a: Okidogi|High Horsepower|p1a: Volcanion\n|-supereffective|p1a: Volcanion\n|-damage|p1a: Volcanion|65/256\n|-status|p1a: Volcanion|tox|[from] ability: Toxic Chain|[of] p2a: Okidogi\n|move|p1a: Volcanion|Steam Eruption|p2a: Okidogi\n|-damage|p2a: Okidogi|166/262\n|-status|p2a: Okidogi|brn\n|\n|-damage|p1a: Volcanion|49/256 tox|[from] psn\n|-damage|p2a: Okidogi|150/262 brn|[from] brn\n|upkeep\n|turn|6\n|\n|t:|1781397906\n|move|p2a: Okidogi|Drain Punch|p1a: Volcanion\n|-damage|p1a: Volcanion|17/256 tox\n|-heal|p2a: Okidogi|166/262 brn|[from] drain|[of] p1a: Volcanion\n|move|p1a: Volcanion|Earth Power|p2a: Okidogi\n|-supereffective|p2a: Okidogi\n|-damage|p2a: Okidogi|64/262 brn\n|\n|-damage|p1a: Volcanion|0 fnt|[from] psn\n|faint|p1a: Volcanion\n|-damage|p2a: Okidogi|48/262 brn|[from] brn\n|upkeep\n|\n|t:|1781397908\n|switch|p1a: Espeon|Espeon, L84, M|246/246\n|turn|7\n|\n|t:|1781397929\n|move|p1a: Espeon|Alluring Voice|p2a: Okidogi\n|-damage|p2a: Okidogi|0 fnt\n|faint|p2a: Okidogi\n|-damage|p1a: Espeon|222/246|[from] item: Life Orb\n|\n|upkeep\n|\n|t:|1781397932\n|switch|p2a: Mabosstiff|Mabosstiff, L86, F|278/278\n|turn|8\n|\n|t:|1781397934\n|switch|p1a: Umbreon|Umbreon, L84, M|269/297\n|move|p2a: Mabosstiff|Play Rough|p1a: Umbreon\n|-supereffective|p1a: Umbreon\n|-damage|p1a: Umbreon|17/297\n|\n|-heal|p1a: Umbreon|35/297|[from] item: Leftovers\n|upkeep\n|turn|9\n|\n|t:|1781397947\n|switch|p1a: Gengar|Gengar, L81, M|230/230\n|move|p2a: Mabosstiff|Play Rough|p1a: Gengar\n|-resisted|p1a: Gengar\n|-damage|p1a: Gengar|121/230\n|\n|upkeep\n|turn|10\n|inactive|Undertaker67 has 120 seconds left.\n|\n|t:|1781397981\n|switch|p2a: Mudsdale|Mudsdale, L83, M|302/302\n|move|p1a: Gengar|Sludge Wave|p2a: Mudsdale\n|-resisted|p2a: Mudsdale\n|-damage|p2a: Mudsdale|205/302\n|-status|p2a: Mudsdale|psn\n|-ability|p2a: Mudsdale|Stamina|boost\n|-boost|p2a: Mudsdale|def|1\n|\n|-heal|p2a: Mudsdale|223/302 psn|[from] item: Leftovers\n|-damage|p2a: Mudsdale|186/302 psn|[from] psn\n|upkeep\n|turn|11\n|\n|t:|1781398002\n|switch|p1a: Umbreon|Umbreon, L84, M|35/297\n|move|p2a: Mudsdale|Earthquake|p1a: Umbreon\n|-damage|p1a: Umbreon|0 fnt\n|faint|p1a: Umbreon\n|\n|-heal|p2a: Mudsdale|204/302 psn|[from] item: Leftovers\n|-damage|p2a: Mudsdale|167/302 psn|[from] psn\n|upkeep\n|\n|t:|1781398012\n|switch|p1a: Espeon|Espeon, L84, M|222/246\n|turn|12\n|\n|t:|1781398026\n|move|p1a: Espeon|Psychic|p2a: Mudsdale\n|-damage|p2a: Mudsdale|6/302 psn\n|-ability|p2a: Mudsdale|Stamina|boost\n|-boost|p2a: Mudsdale|def|1\n|-damage|p1a: Espeon|198/246|[from] item: Life Orb\n|move|p2a: Mudsdale|Earthquake|p1a: Espeon\n|-damage|p1a: Espeon|39/246\n|\n|-heal|p2a: Mudsdale|24/302 psn|[from] item: Leftovers\n|-damage|p2a: Mudsdale|0 fnt|[from] psn\n|faint|p2a: Mudsdale\n|upkeep\n|\n|t:|1781398030\n|switch|p2a: Mabosstiff|Mabosstiff, L86, F|278/278\n|turn|13\n|\n|t:|1781398040\n|move|p2a: Mabosstiff|Crunch|p1a: Espeon\n|-supereffective|p1a: Espeon\n|-damage|p1a: Espeon|0 fnt\n|faint|p1a: Espeon\n|\n|upkeep\n|\n|t:|1781398042\n|switch|p1a: Kleavor|Kleavor, L78, F|237/237\n|turn|14\n|\n|t:|1781398054\n|switch|p2a: Oricorio|Oricorio, L84, M|263/263\n|move|p1a: Kleavor|U-turn|p2a: Oricorio\n|-resisted|p2a: Oricorio\n|-damage|p2a: Oricorio|239/263\n|\n|t:|1781398066\n|switch|p1a: Darkrai|Darkrai, L77|234/234|[from] U-turn\n|\n|upkeep\n|turn|15\n|\n|t:|1781398076\n|move|p1a: Darkrai|Hypnosis|p2a: Oricorio|[miss]\n|-miss|p1a: Darkrai|p2a: Oricorio\n|move|p2a: Oricorio|Quiver Dance|p2a: Oricorio\n|-boost|p2a: Oricorio|spa|1\n|-boost|p2a: Oricorio|spd|1\n|-boost|p2a: Oricorio|spe|1\n|\n|upkeep\n|turn|16\n|\n|t:|1781398091\n|move|p2a: Oricorio|Revelation Dance|p1a: Darkrai\n|-crit|p1a: Darkrai\n|-damage|p1a: Darkrai|0 fnt\n|faint|p1a: Darkrai\n|\n|upkeep\n|\n|t:|1781398094\n|switch|p1a: Kleavor|Kleavor, L78, F|237/237\n|turn|17\n|-message|OGKUSHONDECK forfeited.\n|\n|win|Undertaker67\n", "inputlog": ">version a8376a258c1d4662feba110a92103f3664a72141\n>start {\"formatid\":\"gen9randombattle\",\"seed\":\"sodium,d51606e5bad7b007582bd60e250f1b09\",\"rated\":\"Rated battle\"}\n>player p1 {\"name\":\"OGKUSHONDECK\",\"avatar\":\"biker-gen1rb\",\"rating\":2041,\"seed\":\"sodium,82cb76142773108fa91878ecb3578245\"}\n>player p2 {\"name\":\"Undertaker67\",\"avatar\":\"n\",\"rating\":1986,\"seed\":\"sodium,87958f450ef94b08a9fbc44c29f748b5\"}\n>p1 switch 3\n>p2 move crunch\n>p1 move toxic\n>p2 switch 5\n>p1 move protect\n>p2 move knockoff\n>p1 switch 6\n>p2 move knockoff\n>p1 move steameruption\n>p2 move highhorsepower\n>p1 move earthpower\n>p2 move drainpunch\n>p1 switch 3\n>p1 move alluringvoice\n>p2 move knockoff\n>p2 switch 5\n>p1 switch 6\n>p2 move playrough\n>p1 switch 5\n>p2 move playrough\n>p1 move sludgewave\n>p2 switch 2\n>p1 switch 5\n>p2 move earthquake\n>p1 switch 6\n>p1 move psychic\n>p2 move earthquake\n>p2 switch 2\n>p1 move morningsun\n>p2 move crunch\n>p1 switch 4\n>p1 move uturn\n>p2 switch 4\n>p1 switch 2\n>p1 move hypnosis\n>p2 move quiverdance\n>p1 move hypnosis\n>p2 move revelationdance\n>p1 switch 2\n>forcelose p1", "uploadtime": 1781397820, "views": 5, "formatid": "gen9randombattle", "rating": null, "private": 0, "password": null, "player_dets": [{"name": "OGKUSHONDECK", "avatar": "biker-gen1rb", "rating": 2041, "seed": "sodium,82cb76142773108fa91878ecb3578245"}, {"name": "Undertaker67", "avatar": "n", "rating": 1986, "seed": "sodium,87958f450ef94b08a9fbc44c29f748b5"}], "teams_full": [{"Espeon": {"name": "Espeon", "species": "Espeon", "speciesId": "espeon", "gender": "M", "shiny": false, "level": 84, "moves": ["shadowball", "psychic", "alluringvoice", "morningsun"], "ability": "Magic Bounce", "evs": {"hp": 85, "atk": 0, "def": 85, "spa": 85, "spd": 85, "spe": 85}, "ivs": {"hp": 31, "atk": 0, "def": 31, "spa": 31, "spd": 31, "spe": 31}, "item": "Life Orb", "teraType": "Psychic", "role": "Fast Attacker", "bvs": {"hp": 65, "atk": 65, "def": 60, "spa": 130, "spd": 95, "spe": 110}, "stats": {"hp": 246, "atk": 114, "def": 149, "spa": 267, "spd": 208, "spe": 233}, "types": ["Psychic"]}, "Darkrai": {"name": "Darkrai", "species": "Darkrai", "speciesId": "darkrai", "gender": "N", "shiny": false, "level": 77, "moves": ["nastyplot", "darkpulse", "hypnosis", "sludgebomb"], "ability": "Bad Dreams", "evs": {"hp": 85, "atk": 0, "def": 85, "spa": 85, "spd": 85, "spe": 85}, "ivs": {"hp": 31, "atk": 0, "def": 31, "spa": 31, "spd": 31, "spe": 31}, "item": "Life Orb", "teraType": "Poison", "role": "Setup Sweeper", "bvs": {"hp": 70, "atk": 90, "def": 90, "spa": 135, "spd": 90, "spe": 125}, "stats": {"hp": 234, "atk": 143, "def": 183, "spa": 252, "spd": 183, "spe": 237}, "types": ["Dark"]}, "Umbreon": {"name": "Umbreon", "species": "Umbreon", "speciesId": "umbreon", "gender": "M", "shiny": false, "level": 84, "moves": ["protect", "toxic", "foulplay", "wish"], "ability": "Synchronize", "evs": {"hp": 85, "atk": 0, "def": 85, "spa": 85, "spd": 85, "spe": 85}, "ivs": {"hp": 31, "atk": 0, "def": 31, "spa": 31, "spd": 31, "spe": 31}, "item": "Leftovers", "teraType": "Poison", "role": "Bulky Support", "bvs": {"hp": 95, "atk": 65, "def": 110, "spa": 60, "spd": 130, "spe": 65}, "stats": {"hp": 297, "atk": 114, "def": 233, "spa": 149, "spd": 267, "spe": 157}, "types": ["Dark"]}, "Kleavor": {"name": "Kleavor", "species": "Kleavor", "speciesId": "kleavor", "gender": "F", "shiny": false, "level": 78, "moves": ["stoneaxe", "uturn", "xscissor", "closecombat"], "ability": "Sharpness", "evs": {"hp": 85, "atk": 85, "def": 85, "spa": 85, "spd": 85, "spe": 85}, "ivs": {"hp": 31, "atk": 31, "def": 31, "spa": 31, "spd": 31, "spe": 31}, "item": "Choice Scarf", "teraType": "Fighting", "role": "Bulky Attacker", "bvs": {"hp": 70, "atk": 135, "def": 95, "spa": 45, "spd": 70, "spe": 85}, "stats": {"hp": 237, "atk": 256, "def": 193, "spa": 115, "spd": 154, "spe": 178}, "types": ["Bug", "Rock"]}, "Gengar": {"name": "Gengar", "species": "Gengar", "speciesId": "gengar", "gender": "M", "shiny": false, "level": 81, "moves": ["sludgewave", "focusblast", "shadowball", "trick"], "ability": "Cursed Body", "evs": {"hp": 85, "atk": 0, "def": 85, "spa": 85, "spd": 85, "spe": 85}, "ivs": {"hp": 31, "atk": 0, "def": 31, "spa": 31, "spd": 31, "spe": 31}, "item": "Choice Specs", "teraType": "Dark", "role": "Wallbreaker", "bvs": {"hp": 60, "atk": 65, "def": 60, "spa": 130, "spd": 75, "spe": 110}, "stats": {"hp": 230, "atk": 110, "def": 144, "spa": 257, "spd": 168, "spe": 225}, "types": ["Ghost", "Poison"]}, "Volcanion": {"name": "Volcanion", "species": "Volcanion", "speciesId": "volcanion", "gender": "N", "shiny": false, "level": 79, "moves": ["steameruption", "haze", "flamethrower", "earthpower"], "ability": "Water Absorb", "evs": {"hp": 85, "atk": 0, "def": 85, "spa": 85, "spd": 85, "spe": 85}, "ivs": {"hp": 31, "atk": 0, "def": 31, "spa": 31, "spd": 31, "spe": 31}, "item": "Heavy-Duty Boots", "teraType": "Fire", "role": "Bulky Attacker", "bvs": {"hp": 80, "atk": 110, "def": 120, "spa": 130, "spd": 90, "spe": 70}, "stats": {"hp": 256, "atk": 178, "def": 235, "spa": 251, "spd": 188, "spe": 156}, "types": ["Fire", "Water"]}}, {"Mabosstiff": {"name": "Mabosstiff", "species": "Mabosstiff", "speciesId": "mabosstiff", "gender": "F", "shiny": false, "level": 86, "moves": ["crunch", "playrough", "wildcharge", "psychicfangs"], "ability": "Stakeout", "evs": {"hp": 85, "atk": 85, "def": 85, "spa": 85, "spd": 85, "spe": 85}, "ivs": {"hp": 31, "atk": 31, "def": 31, "spa": 31, "spd": 31, "spe": 31}, "item": "Choice Scarf", "teraType": "Fairy", "role": "Bulky Attacker", "bvs": {"hp": 80, "atk": 120, "def": 90, "spa": 60, "spd": 70, "spe": 85}, "stats": {"hp": 278, "atk": 256, "def": 204, "spa": 152, "spd": 170, "spe": 195}, "types": ["Dark"]}, "Mudsdale": {"name": "Mudsdale", "species": "Mudsdale", "speciesId": "mudsdale", "gender": "M", "shiny": false, "level": 83, "moves": ["earthquake", "heavyslam", "roar", "stealthrock"], "ability": "Stamina", "evs": {"hp": 85, "atk": 85, "def": 85, "spa": 85, "spd": 85, "spe": 85}, "ivs": {"hp": 31, "atk": 31, "def": 31, "spa": 31, "spd": 31, "spe": 31}, "item": "Leftovers", "teraType": "Steel", "role": "Bulky Attacker", "bvs": {"hp": 100, "atk": 125, "def": 100, "spa": 55, "spd": 85, "spe": 35}, "stats": {"hp": 302, "atk": 255, "def": 214, "spa": 139, "spd": 189, "spe": 106}, "types": ["Ground"]}, "Mamoswine": {"name": "Mamoswine", "species": "Mamoswine", "speciesId": "mamoswine", "gender": "F", "shiny": false, "level": 81, "moves": ["iciclecrash", "iceshard", "knockoff", "earthquake"], "ability": "Thick Fat", "evs": {"hp": 85, "atk": 85, "def": 85, "spa": 85, "spd": 85, "spe": 85}, "ivs": {"hp": 31, "atk": 31, "def": 31, "spa": 31, "spd": 31, "spe": 31}, "item": "Choice Band", "teraType": "Ground", "role": "Wallbreaker", "bvs": {"hp": 110, "atk": 130, "def": 80, "spa": 70, "spd": 60, "spe": 80}, "stats": {"hp": 311, "atk": 257, "def": 176, "spa": 160, "spd": 144, "spe": 176}, "types": ["Ice", "Ground"]}, "Oricorio": {"name": "Oricorio", "species": "Oricorio", "speciesId": "oricorio", "gender": "M", "shiny": false, "level": 84, "moves": ["quiverdance", "hurricane", "revelationdance", "roost"], "ability": "Dancer", "evs": {"hp": 85, "atk": 0, "def": 85, "spa": 85, "spd": 85, "spe": 85}, "ivs": {"hp": 31, "atk": 0, "def": 31, "spa": 31, "spd": 31, "spe": 31}, "item": "Heavy-Duty Boots", "teraType": "Ground", "role": "Setup Sweeper", "bvs": {"hp": 75, "atk": 70, "def": 70, "spa": 98, "spd": 70, "spe": 93}, "stats": {"hp": 263, "atk": 122, "def": 166, "spa": 213, "spd": 166, "spe": 204}, "types": ["Fire", "Flying"]}, "Okidogi": {"name": "Okidogi", "species": "Okidogi", "speciesId": "okidogi", "gender": "M", "shiny": false, "level": 77, "moves": ["knockoff", "drainpunch", "gunkshot", "highhorsepower"], "ability": "Toxic Chain", "evs": {"hp": 85, "atk": 85, "def": 85, "spa": 85, "spd": 85, "spe": 85}, "ivs": {"hp": 31, "atk": 31, "def": 31, "spa": 31, "spd": 31, "spe": 31}, "item": "Assault Vest", "teraType": "Dark", "role": "AV Pivot", "bvs": {"hp": 88, "atk": 128, "def": 115, "spa": 58, "spd": 86, "spe": 80}, "stats": {"hp": 262, "atk": 242, "def": 222, "spa": 134, "spd": 177, "spe": 168}, "types": ["Poison", "Fighting"]}, "Azelf": {"name": "Azelf", "species": "Azelf", "speciesId": "azelf", "gender": "N", "shiny": false, "level": 82, "moves": ["knockoff", "psychic", "encore", "fireblast"], "ability": "Levitate", "evs": {"hp": 85, "atk": 85, "def": 85, "spa": 85, "spd": 85, "spe": 85}, "ivs": {"hp": 31, "atk": 31, "def": 31, "spa": 31, "spd": 31, "spe": 31}, "item": "Life Orb", "teraType": "Dark", "role": "Fast Support", "bvs": {"hp": 75, "atk": 125, "def": 70, "spa": 125, "spd": 70, "spe": 115}, "stats": {"hp": 257, "atk": 252, "def": 162, "spa": 252, "spd": 162, "spe": 236}, "types": ["Psychic"]}}]}