{"id": "gen9randombattle-2631486644", "format": "[Gen 9] Random Battle", "players": ["tuhermana47", "JoseRM07"], "log": "|j|\u2606tuhermana47\n|j|\u203dJoseRM07\n|t:|1781391176\n|gametype|singles\n|player|p1|tuhermana47|169|1335\n|player|p2|JoseRM07|veteran|1381\n|gen|9\n|tier|[Gen 9] Random Battle\n|rated|\n|rule|Species Clause: Limit one of each Pok\u00e9mon\n|rule|HP Percentage Mod: HP is shown in percentages\n|rule|Sleep Clause Mod: Limit one foe put to sleep\n|rule|Illusion Level Mod: Illusion disguises the Pok\u00e9mon's true level\n|\n|t:|1781391176\n|teamsize|p1|6\n|teamsize|p2|6\n|start\n|switch|p1a: Dudunsparce|Dudunsparce-Three-Segment, L83, F|343/343\n|switch|p2a: Walking Wake|Walking Wake, L79|286/286\n|turn|1\n|\n|t:|1781391202\n|move|p2a: Walking Wake|Sunny Day|p2a: Walking Wake\n|-weather|SunnyDay\n|-activate|p2a: Walking Wake|ability: Protosynthesis\n|-start|p2a: Walking Wake|protosynthesisspa\n|move|p1a: Dudunsparce|Glare|p2a: Walking Wake\n|-status|p2a: Walking Wake|par\n|\n|-weather|SunnyDay|[upkeep]\n|upkeep\n|turn|2\n|\n|t:|1781391211\n|move|p1a: Dudunsparce|Earthquake|p2a: Walking Wake\n|-damage|p2a: Walking Wake|212/286 par\n|cant|p2a: Walking Wake|par\n|\n|-weather|SunnyDay|[upkeep]\n|upkeep\n|turn|3\n|\n|t:|1781391215\n|move|p1a: Dudunsparce|Earthquake|p2a: Walking Wake\n|-crit|p2a: Walking Wake\n|-damage|p2a: Walking Wake|95/286 par\n|cant|p2a: Walking Wake|par\n|\n|-weather|SunnyDay|[upkeep]\n|upkeep\n|turn|4\n|\n|t:|1781391220\n|move|p1a: Dudunsparce|Earthquake|p2a: Walking Wake\n|-damage|p2a: Walking Wake|23/286 par\n|move|p2a: Walking Wake|Hydro Steam|p1a: Dudunsparce\n|-damage|p1a: Dudunsparce|66/343\n|-damage|p2a: Walking Wake|0 fnt|[from] item: Life Orb\n|faint|p2a: Walking Wake\n|-end|p2a: Walking Wake|Protosynthesis|[silent]\n|\n|-weather|SunnyDay|[upkeep]\n|-heal|p1a: Dudunsparce|87/343|[from] item: Leftovers\n|upkeep\n|\n|t:|1781391249\n|switch|p2a: Maushold|Maushold-Four, L76|238/238\n|turn|5\n|\n|t:|1781391255\n|move|p2a: Maushold|Bite|p1a: Dudunsparce\n|-damage|p1a: Dudunsparce|38/343\n|move|p1a: Dudunsparce|Glare|p2a: Maushold\n|-status|p2a: Maushold|par\n|\n|-weather|none\n|-heal|p1a: Dudunsparce|59/343|[from] item: Leftovers\n|upkeep\n|turn|6\n|\n|t:|1781391262\n|move|p1a: Dudunsparce|Headbutt|p2a: Maushold\n|-damage|p2a: Maushold|145/238 par\n|cant|p2a: Maushold|flinch\n|\n|-heal|p1a: Dudunsparce|80/343|[from] item: Leftovers\n|upkeep\n|turn|7\n|\n|t:|1781391265\n|move|p1a: Dudunsparce|Headbutt|p2a: Maushold\n|-damage|p2a: Maushold|54/238 par\n|cant|p2a: Maushold|par\n|\n|-heal|p1a: Dudunsparce|101/343|[from] item: Leftovers\n|upkeep\n|turn|8\n|\n|t:|1781391268\n|move|p1a: Dudunsparce|Headbutt|p2a: Maushold\n|-damage|p2a: Maushold|0 fnt\n|faint|p2a: Maushold\n|\n|-heal|p1a: Dudunsparce|122/343|[from] item: Leftovers\n|upkeep\n|\n|t:|1781391270\n|switch|p2a: Porygon2|Porygon2, L81|270/270\n|-ability|p2a: Porygon2|Download|boost\n|-boost|p2a: Porygon2|spa|1\n|turn|9\n|\n|t:|1781391275\n|move|p2a: Porygon2|Tri Attack|p1a: Dudunsparce\n|-damage|p1a: Dudunsparce|0 fnt\n|faint|p1a: Dudunsparce\n|\n|upkeep\n|\n|t:|1781391278\n|switch|p1a: Passimian|Passimian, L83, M|302/302\n|turn|10\n|\n|t:|1781391287\n|switch|p2a: Mudsdale|Mudsdale, L83, M|302/302\n|move|p1a: Passimian|Bulk Up|p1a: Passimian\n|-boost|p1a: Passimian|atk|1\n|-boost|p1a: Passimian|def|1\n|\n|upkeep\n|turn|11\n|\n|t:|1781391304\n|switch|p1a: Smeargle|Smeargle, L95, F|258/258\n|move|p2a: Mudsdale|Earthquake|p1a: Smeargle\n|-damage|p1a: Smeargle|47/258\n|\n|upkeep\n|turn|12\n|\n|t:|1781391311\n|move|p1a: Smeargle|Spore|p2a: Mudsdale\n|-status|p2a: Mudsdale|slp|[from] move: Spore\n|cant|p2a: Mudsdale|slp\n|\n|upkeep\n|turn|13\n|\n|t:|1781391317\n|move|p1a: Smeargle|Sticky Web|p2a: Mudsdale\n|-sidestart|p2: JoseRM07|move: Sticky Web\n|cant|p2a: Mudsdale|slp\n|\n|upkeep\n|turn|14\n|\n|t:|1781391319\n|move|p1a: Smeargle|Stealth Rock|p2a: Mudsdale\n|-sidestart|p2: JoseRM07|move: Stealth Rock\n|cant|p2a: Mudsdale|slp\n|\n|upkeep\n|turn|15\n|\n|t:|1781391322\n|switch|p1a: Wo-Chien|Wo-Chien, L83|277/277\n|-ability|p1a: Wo-Chien|Tablets of Ruin\n|-curestatus|p2a: Mudsdale|slp|[msg]\n|move|p2a: Mudsdale|Earthquake|p1a: Wo-Chien\n|-resisted|p1a: Wo-Chien\n|-damage|p1a: Wo-Chien|235/277\n|\n|-heal|p1a: Wo-Chien|252/277|[from] item: Leftovers\n|upkeep\n|turn|16\n|\n|t:|1781391334\n|move|p1a: Wo-Chien|Stun Spore|p2a: Mudsdale|[miss]\n|-miss|p1a: Wo-Chien|p2a: Mudsdale\n|move|p2a: Mudsdale|Heavy Slam|p1a: Wo-Chien\n|-damage|p1a: Wo-Chien|180/277\n|\n|-heal|p1a: Wo-Chien|197/277|[from] item: Leftovers\n|upkeep\n|turn|17\n|\n|t:|1781391342\n|move|p1a: Wo-Chien|Stun Spore|p2a: Mudsdale\n|-status|p2a: Mudsdale|par\n|move|p2a: Mudsdale|Stealth Rock|p1a: Wo-Chien\n|-sidestart|p1: tuhermana47|move: Stealth Rock\n|\n|-heal|p1a: Wo-Chien|214/277|[from] item: Leftovers\n|upkeep\n|turn|18\n|\n|t:|1781391353\n|switch|p2a: Avalugg|Avalugg-Hisui, L90, F|317/317\n|move|p1a: Wo-Chien|Leech Seed|p2a: Avalugg|[miss]\n|-miss|p1a: Wo-Chien|p2a: Avalugg\n|\n|-heal|p1a: Wo-Chien|231/277|[from] item: Leftovers\n|upkeep\n|turn|19\n|\n|t:|1781391367\n|move|p1a: Wo-Chien|Stun Spore|p2a: Avalugg\n|-status|p2a: Avalugg|par\n|move|p2a: Avalugg|Body Press|p1a: Wo-Chien\n|-supereffective|p1a: Wo-Chien\n|-damage|p1a: Wo-Chien|71/277\n|\n|-heal|p1a: Wo-Chien|88/277|[from] item: Leftovers\n|upkeep\n|turn|20\n|\n|t:|1781391375\n|move|p1a: Wo-Chien|Leech Seed|p2a: Avalugg\n|-start|p2a: Avalugg|move: Leech Seed\n|move|p2a: Avalugg|Avalanche|p1a: Wo-Chien\n|-supereffective|p1a: Wo-Chien\n|-damage|p1a: Wo-Chien|0 fnt\n|faint|p1a: Wo-Chien\n|\n|upkeep\n|\n|t:|1781391379\n|switch|p1a: Smeargle|Smeargle, L95, F|47/258\n|-damage|p1a: Smeargle|15/258|[from] Stealth Rock\n|turn|21\n|\n|t:|1781391387\n|move|p1a: Smeargle|Ceaseless Edge|p2a: Avalugg\n|-damage|p2a: Avalugg|304/317 par\n|-sidestart|p2: JoseRM07|Spikes\n|move|p2a: Avalugg|Body Press|p1a: Smeargle\n|-supereffective|p1a: Smeargle\n|-damage|p1a: Smeargle|0 fnt\n|faint|p1a: Smeargle\n|\n|upkeep\n|\n|t:|1781391393\n|switch|p1a: Passimian|Passimian, L83, M|302/302\n|-damage|p1a: Passimian|284/302|[from] Stealth Rock\n|turn|22\n|\n|t:|1781391398\n|switch|p2a: Mudsdale|Mudsdale, L83, M|302/302 par\n|-activate|p2a: Mudsdale|move: Sticky Web\n|-unboost|p2a: Mudsdale|spe|1\n|-damage|p2a: Mudsdale|284/302 par|[from] Stealth Rock\n|-damage|p2a: Mudsdale|247/302 par|[from] Spikes\n|move|p1a: Passimian|Drain Punch|p2a: Mudsdale\n|-damage|p2a: Mudsdale|160/302 par\n|-heal|p1a: Passimian|302/302|[from] drain|[of] p2a: Mudsdale\n|-ability|p2a: Mudsdale|Stamina|boost\n|-boost|p2a: Mudsdale|def|1\n|\n|-heal|p2a: Mudsdale|178/302 par|[from] item: Leftovers\n|upkeep\n|turn|23\n|\n|t:|1781391405\n|move|p1a: Passimian|Bulk Up|p1a: Passimian\n|-boost|p1a: Passimian|atk|1\n|-boost|p1a: Passimian|def|1\n|move|p2a: Mudsdale|Earthquake|p1a: Passimian\n|-damage|p1a: Passimian|212/302\n|\n|-heal|p1a: Passimian|230/302|[from] item: Leftovers\n|-heal|p2a: Mudsdale|196/302 par|[from] item: Leftovers\n|upkeep\n|turn|24\n|\n|t:|1781391412\n|move|p1a: Passimian|Bulk Up|p1a: Passimian\n|-boost|p1a: Passimian|atk|1\n|-boost|p1a: Passimian|def|1\n|move|p2a: Mudsdale|Earthquake|p1a: Passimian\n|-damage|p1a: Passimian|172/302\n|\n|-heal|p1a: Passimian|190/302|[from] item: Leftovers\n|-heal|p2a: Mudsdale|214/302 par|[from] item: Leftovers\n|upkeep\n|turn|25\n|\n|t:|1781391415\n|move|p1a: Passimian|Bulk Up|p1a: Passimian\n|-boost|p1a: Passimian|atk|1\n|-boost|p1a: Passimian|def|1\n|move|p2a: Mudsdale|Earthquake|p1a: Passimian\n|-damage|p1a: Passimian|135/302\n|\n|-heal|p1a: Passimian|153/302|[from] item: Leftovers\n|-heal|p2a: Mudsdale|232/302 par|[from] item: Leftovers\n|upkeep\n|turn|26\n|\n|t:|1781391416\n|move|p1a: Passimian|Bulk Up|p1a: Passimian\n|-boost|p1a: Passimian|atk|1\n|-boost|p1a: Passimian|def|1\n|cant|p2a: Mudsdale|par\n|\n|-heal|p1a: Passimian|171/302|[from] item: Leftovers\n|-heal|p2a: Mudsdale|250/302 par|[from] item: Leftovers\n|upkeep\n|turn|27\n|\n|t:|1781391419\n|move|p1a: Passimian|Bulk Up|p1a: Passimian\n|-boost|p1a: Passimian|atk|1\n|-boost|p1a: Passimian|def|1\n|move|p2a: Mudsdale|Earthquake|p1a: Passimian\n|-damage|p1a: Passimian|134/302\n|\n|-heal|p1a: Passimian|152/302|[from] item: Leftovers\n|-heal|p2a: Mudsdale|268/302 par|[from] item: Leftovers\n|upkeep\n|turn|28\n|\n|t:|1781391423\n|move|p1a: Passimian|Bulk Up|p1a: Passimian\n|-boost|p1a: Passimian|atk|1\n|-boost|p1a: Passimian|def|1\n|move|p2a: Mudsdale|Earthquake|p1a: Passimian\n|-damage|p1a: Passimian|122/302\n|\n|-heal|p1a: Passimian|140/302|[from] item: Leftovers\n|-heal|p2a: Mudsdale|286/302 par|[from] item: Leftovers\n|upkeep\n|turn|29\n|\n|t:|1781391426\n|move|p1a: Passimian|Knock Off|p2a: Mudsdale\n|-damage|p2a: Mudsdale|91/302 par\n|-ability|p2a: Mudsdale|Stamina|boost\n|-boost|p2a: Mudsdale|def|1\n|-enditem|p2a: Mudsdale|Leftovers|[from] move: Knock Off|[of] p1a: Passimian\n|move|p2a: Mudsdale|Earthquake|p1a: Passimian\n|-damage|p1a: Passimian|107/302\n|\n|-heal|p1a: Passimian|125/302|[from] item: Leftovers\n|upkeep\n|turn|30\n|\n|t:|1781391433\n|move|p1a: Passimian|Drain Punch|p2a: Mudsdale\n|-damage|p2a: Mudsdale|0 fnt\n|-heal|p1a: Passimian|171/302|[from] drain|[of] p2a: Mudsdale\n|faint|p2a: Mudsdale\n|\n|-heal|p1a: Passimian|189/302|[from] item: Leftovers\n|upkeep\n|\n|t:|1781391447\n|switch|p2a: Regidrago|Regidrago, L77|435/435\n|-activate|p2a: Regidrago|move: Sticky Web\n|-unboost|p2a: Regidrago|spe|1\n|-damage|p2a: Regidrago|381/435|[from] Stealth Rock\n|-damage|p2a: Regidrago|327/435|[from] Spikes\n|turn|31\n|\n|t:|1781391464\n|move|p1a: Passimian|Drain Punch|p2a: Regidrago\n|-damage|p2a: Regidrago|0 fnt\n|-heal|p1a: Passimian|302/302|[from] drain|[of] p2a: Regidrago\n|faint|p2a: Regidrago\n|\n|upkeep\n|\n|t:|1781391467\n|switch|p2a: Porygon2|Porygon2, L81|270/270\n|-activate|p2a: Porygon2|move: Sticky Web\n|-unboost|p2a: Porygon2|spe|1\n|-damage|p2a: Porygon2|237/270|[from] Stealth Rock\n|-damage|p2a: Porygon2|204/270|[from] Spikes\n|-ability|p2a: Porygon2|Download|boost\n|-boost|p2a: Porygon2|spa|1\n|turn|32\n|\n|t:|1781391475\n|-terastallize|p2a: Porygon2|Electric\n|move|p1a: Passimian|Drain Punch|p2a: Porygon2\n|-damage|p2a: Porygon2|0 fnt\n|faint|p2a: Porygon2\n|\n|upkeep\n|\n|t:|1781391479\n|switch|p2a: Avalugg|Avalugg-Hisui, L90, F|304/317 par\n|turn|33\n|\n|t:|1781391484\n|move|p1a: Passimian|Drain Punch|p2a: Avalugg\n|-supereffective|p2a: Avalugg\n|-damage|p2a: Avalugg|0 fnt\n|faint|p2a: Avalugg\n|\n|win|tuhermana47\n|raw|tuhermana47's rating: 1335 &rarr; <strong>1358</strong><br />(+23 for winning)\n|raw|JoseRM07's rating: 1381 &rarr; <strong>1358</strong><br />(-23 for losing)\n|l|\u203dJoseRM07\n|player|p2|\n", "inputlog": ">version a8376a258c1d4662feba110a92103f3664a72141\n>start {\"formatid\":\"gen9randombattle\",\"seed\":\"sodium,44c499e9f6f56b72f092bbaf6e77f344\",\"rated\":\"Rated battle\"}\n>player p1 {\"name\":\"tuhermana47\",\"avatar\":\"169\",\"rating\":1335,\"seed\":\"sodium,b32651439d536737d83d4198aa8a7251\"}\n>player p2 {\"name\":\"JoseRM07\",\"avatar\":\"veteran\",\"rating\":1381,\"seed\":\"sodium,2b95a9c3d453e815229716cad83e9d9b\"}\n>p1 move glare\n>p2 move sunnyday\n>p1 move earthquake\n>p2 move hydrosteam\n>p1 move earthquake\n>p2 move hydrosteam\n>p1 move earthquake\n>p2 move hydrosteam\n>p2 switch 2\n>p1 move glare\n>p2 move bite\n>p1 move headbutt\n>p2 move tidyup\n>p1 move headbutt\n>p2 move bite\n>p1 move headbutt\n>p2 move populationbomb\n>p2 switch 4\n>p1 move glare\n>p2 move triattack\n>p1 switch 2\n>p1 move bulkup\n>p2 switch 6\n>p1 switch 5\n>p2 move earthquake\n>p1 move spore\n>p2 move earthquake\n>p1 move stickyweb\n>p2 move earthquake\n>p1 move stealthrock\n>p2 move earthquake\n>p1 switch 3\n>p2 move earthquake\n>p1 move stunspore\n>p2 move heavyslam\n>p1 move stunspore\n>p2 move stealthrock\n>p1 move leechseed\n>p2 switch 5\n>p1 move stunspore\n>p2 move bodypress\n>p1 move leechseed\n>p2 move avalanche\n>p1 switch 3\n>p1 move ceaselessedge\n>p2 move bodypress\n>p1 switch 5\n>p1 move drainpunch\n>p2 switch 5\n>p1 move bulkup\n>p2 move earthquake\n>p1 move bulkup\n>p2 move earthquake\n>p1 move bulkup\n>p2 move earthquake\n>p1 move bulkup\n>p2 move earthquake\n>p1 move bulkup\n>p2 move earthquake\n>p1 move bulkup\n>p2 move earthquake\n>p1 move knockoff\n>p2 move earthquake\n>p1 move drainpunch\n>p2 move earthquake\n>p2 switch 3\n>p1 move drainpunch\n>p2 move outrage\n>p2 switch 6\n>p1 move drainpunch\n>p2 move discharge terastallize\n>p2 switch 5\n>p1 move drainpunch\n>p2 move avalanche", "uploadtime": 1781391507, "views": 10, "formatid": "gen9randombattle", "rating": 1358, "private": 0, "password": null, "player_dets": [{"name": "tuhermana47", "avatar": "169", "rating": 1335, "seed": "sodium,b32651439d536737d83d4198aa8a7251"}, {"name": "JoseRM07", "avatar": "veteran", "rating": 1381, "seed": "sodium,2b95a9c3d453e815229716cad83e9d9b"}], "teams_full": [{"Dudunsparce": {"name": "Dudunsparce", "species": "Dudunsparce-Three-Segment", "speciesId": "dudunsparce", "gender": "F", "shiny": false, "level": 83, "moves": ["headbutt", "earthquake", "glare", "roost"], "ability": "Serene Grace", "evs": {"hp": 85, "atk": 85, "def": 85, "spa": 85, "spd": 85, "spe": 85}, "ivs": {"hp": 31, "atk": 31, "def": 31, "spa": 31, "spd": 31, "spe": 31}, "item": "Leftovers", "teraType": "Ground", "role": "Bulky Support", "bvs": {"hp": 125, "atk": 100, "def": 80, "spa": 85, "spd": 75, "spe": 55}, "stats": {"hp": 343, "atk": 214, "def": 180, "spa": 189, "spd": 172, "spe": 139}}, "Passimian": {"name": "Passimian", "species": "Passimian", "speciesId": "passimian", "gender": "M", "shiny": false, "level": 83, "moves": ["bulkup", "drainpunch", "knockoff", "gunkshot"], "ability": "Defiant", "evs": {"hp": 85, "atk": 85, "def": 85, "spa": 85, "spd": 85, "spe": 85}, "ivs": {"hp": 31, "atk": 31, "def": 31, "spa": 31, "spd": 31, "spe": 31}, "item": "Leftovers", "teraType": "Poison", "role": "Bulky Setup", "bvs": {"hp": 100, "atk": 120, "def": 90, "spa": 40, "spd": 60, "spe": 80}, "stats": {"hp": 302, "atk": 247, "def": 197, "spa": 114, "spd": 147, "spe": 180}}, "Wo-Chien": {"name": "Wo-Chien", "species": "Wo-Chien", "speciesId": "wochien", "gender": "N", "shiny": false, "level": 83, "moves": ["stunspore", "leechseed", "knockoff", "protect"], "ability": "Tablets of Ruin", "evs": {"hp": 85, "atk": 85, "def": 85, "spa": 85, "spd": 85, "spe": 85}, "ivs": {"hp": 31, "atk": 31, "def": 31, "spa": 31, "spd": 31, "spe": 31}, "item": "Leftovers", "teraType": "Poison", "role": "Bulky Support", "bvs": {"hp": 85, "atk": 85, "def": 100, "spa": 95, "spd": 135, "spe": 70}, "stats": {"hp": 277, "atk": 189, "def": 214, "spa": 205, "spd": 272, "spe": 164}}, "Iron Jugulis": {"name": "Iron Jugulis", "species": "Iron Jugulis", "speciesId": "ironjugulis", "gender": "N", "shiny": false, "level": 77, "moves": ["fireblast", "hydropump", "hurricane", "darkpulse"], "ability": "Quark Drive", "evs": {"hp": 85, "atk": 0, "def": 85, "spa": 85, "spd": 85, "spe": 85}, "ivs": {"hp": 31, "atk": 0, "def": 31, "spa": 31, "spd": 31, "spe": 31}, "item": "Choice Specs", "teraType": "Flying", "role": "Wallbreaker", "bvs": {"hp": 94, "atk": 80, "def": 86, "spa": 122, "spd": 80, "spe": 108}, "stats": {"hp": 271, "atk": 128, "def": 177, "spa": 232, "spd": 168, "spe": 211}}, "Smeargle": {"name": "Smeargle", "species": "Smeargle", "speciesId": "smeargle", "gender": "F", "shiny": false, "level": 95, "moves": ["stealthrock", "spore", "ceaselessedge", "stickyweb"], "ability": "Own Tempo", "evs": {"hp": 85, "atk": 85, "def": 85, "spa": 85, "spd": 85, "spe": 85}, "ivs": {"hp": 31, "atk": 31, "def": 31, "spa": 31, "spd": 31, "spe": 31}, "item": "Focus Sash", "teraType": "Ghost", "role": "Fast Support", "bvs": {"hp": 55, "atk": 20, "def": 35, "spa": 20, "spd": 45, "spe": 75}, "stats": {"hp": 258, "atk": 92, "def": 120, "spa": 92, "spd": 139, "spe": 196}}, "Dedenne": {"name": "Dedenne", "species": "Dedenne", "speciesId": "dedenne", "gender": "M", "shiny": false, "level": 88, "moves": ["superfang", "dazzlinggleam", "thunderbolt", "uturn"], "ability": "Cheek Pouch", "evs": {"hp": 85, "atk": 85, "def": 85, "spa": 85, "spd": 85, "spe": 85}, "ivs": {"hp": 31, "atk": 31, "def": 31, "spa": 31, "spd": 31, "spe": 31}, "item": "Sitrus Berry", "teraType": "Flying", "role": "Fast Support", "bvs": {"hp": 67, "atk": 58, "def": 57, "spa": 81, "spd": 67, "spe": 101}, "stats": {"hp": 261, "atk": 152, "def": 151, "spa": 193, "spd": 168, "spe": 228}}}, {"Walking Wake": {"name": "Walking Wake", "species": "Walking Wake", "speciesId": "walkingwake", "gender": "N", "shiny": false, "level": 79, "moves": ["flamethrower", "sunnyday", "hydrosteam", "dracometeor"], "ability": "Protosynthesis", "evs": {"hp": 85, "atk": 0, "def": 85, "spa": 85, "spd": 85, "spe": 85}, "ivs": {"hp": 31, "atk": 0, "def": 31, "spa": 31, "spd": 31, "spe": 31}, "item": "Life Orb", "teraType": "Fire", "role": "Fast Attacker", "bvs": {"hp": 99, "atk": 83, "def": 91, "spa": 125, "spd": 83, "spe": 109}, "stats": {"hp": 286, "atk": 136, "def": 189, "spa": 243, "spd": 177, "spe": 218}}, "Maushold": {"name": "Maushold", "species": "Maushold-Four", "speciesId": "maushold", "gender": "N", "shiny": false, "level": 76, "moves": ["bite", "encore", "populationbomb", "tidyup"], "ability": "Technician", "evs": {"hp": 85, "atk": 85, "def": 85, "spa": 85, "spd": 85, "spe": 85}, "ivs": {"hp": 31, "atk": 31, "def": 31, "spa": 31, "spd": 31, "spe": 31}, "item": "Wide Lens", "teraType": "Ghost", "role": "Setup Sweeper", "bvs": {"hp": 74, "atk": 75, "def": 70, "spa": 65, "spd": 75, "spe": 111}, "stats": {"hp": 238, "atk": 158, "def": 150, "spa": 143, "spd": 158, "spe": 213}}, "Regidrago": {"name": "Regidrago", "species": "Regidrago", "speciesId": "regidrago", "gender": "N", "shiny": false, "level": 77, "moves": ["dracometeor", "dragondance", "earthquake", "outrage"], "ability": "Dragon's Maw", "evs": {"hp": 85, "atk": 85, "def": 85, "spa": 85, "spd": 85, "spe": 85}, "ivs": {"hp": 31, "atk": 31, "def": 31, "spa": 31, "spd": 31, "spe": 31}, "item": "Lum Berry", "teraType": "Dragon", "role": "Setup Sweeper", "bvs": {"hp": 200, "atk": 100, "def": 50, "spa": 100, "spd": 50, "spe": 80}, "stats": {"hp": 435, "atk": 199, "def": 122, "spa": 199, "spd": 122, "spe": 168}}, "Porygon2": {"name": "Porygon2", "species": "Porygon2", "speciesId": "porygon2", "gender": "N", "shiny": false, "level": 81, "moves": ["discharge", "triattack", "recover", "icebeam"], "ability": "Download", "evs": {"hp": 85, "atk": 0, "def": 85, "spa": 85, "spd": 85, "spe": 85}, "ivs": {"hp": 31, "atk": 0, "def": 31, "spa": 31, "spd": 31, "spe": 31}, "item": "Eviolite", "teraType": "Electric", "role": "Bulky Support", "bvs": {"hp": 85, "atk": 80, "def": 90, "spa": 105, "spd": 95, "spe": 60}, "stats": {"hp": 270, "atk": 134, "def": 192, "spa": 217, "spd": 201, "spe": 144}}, "Avalugg": {"name": "Avalugg", "species": "Avalugg-Hisui", "speciesId": "avalugghisui", "gender": "F", "shiny": false, "level": 90, "moves": ["stoneedge", "avalanche", "recover", "bodypress"], "ability": "Sturdy", "evs": {"hp": 85, "atk": 85, "def": 85, "spa": 85, "spd": 85, "spe": 85}, "ivs": {"hp": 31, "atk": 31, "def": 31, "spa": 31, "spd": 31, "spe": 31}, "item": "Heavy-Duty Boots", "teraType": "Flying", "role": "Bulky Attacker", "bvs": {"hp": 95, "atk": 127, "def": 184, "spa": 34, "spd": 36, "spe": 38}, "stats": {"hp": 317, "atk": 280, "def": 383, "spa": 113, "spd": 116, "spe": 120}}, "Mudsdale": {"name": "Mudsdale", "species": "Mudsdale", "speciesId": "mudsdale", "gender": "M", "shiny": false, "level": 83, "moves": ["earthquake", "stealthrock", "stoneedge", "heavyslam"], "ability": "Stamina", "evs": {"hp": 85, "atk": 85, "def": 85, "spa": 85, "spd": 85, "spe": 85}, "ivs": {"hp": 31, "atk": 31, "def": 31, "spa": 31, "spd": 31, "spe": 31}, "item": "Leftovers", "teraType": "Steel", "role": "Bulky Attacker", "bvs": {"hp": 100, "atk": 125, "def": 100, "spa": 55, "spd": 85, "spe": 35}, "stats": {"hp": 302, "atk": 255, "def": 214, "spa": 139, "spd": 189, "spe": 106}}}]}