{"id": "gen9randombattle-2632001486", "format": "[Gen 9] Random Battle", "players": ["Ame x Bloo", "gianni boombats"], "log": "|j|\u2606Ame x Bloo\n|j|\u2606gianni boombats\n|t:|1781464650\n|gametype|singles\n|player|p1|Ame x Bloo|waitress|1618\n|player|p2|gianni boombats|clerk-boss|1590\n|gen|9\n|tier|[Gen 9] Random Battle\n|rated|\n|rule|Species Clause: Limit one of each Pok\u00e9mon\n|rule|HP Percentage Mod: HP is shown in percentages\n|rule|Sleep Clause Mod: Limit one foe put to sleep\n|rule|Illusion Level Mod: Illusion disguises the Pok\u00e9mon's true level\n|\n|t:|1781464650\n|teamsize|p1|6\n|teamsize|p2|6\n|start\n|switch|p1a: Ho-Oh|Ho-Oh, L71|268/268\n|switch|p2a: Scrafty|Scrafty, L83, M|244/244\n|-ability|p2a: Scrafty|Intimidate|boost\n|-unboost|p1a: Ho-Oh|atk|1\n|turn|1\n|inactive|Battle timer is ON: inactive players will automatically lose when time's up. (requested by gianni boombats)\n|\n|t:|1781464660\n|switch|p2a: Sudowoodo|Sudowoodo, L94, M|284/284\n|move|p1a: Ho-Oh|Sacred Fire|p2a: Sudowoodo\n|-resisted|p2a: Sudowoodo\n|-crit|p2a: Sudowoodo\n|-damage|p2a: Sudowoodo|230/284\n|-status|p2a: Sudowoodo|brn\n|\n|-damage|p2a: Sudowoodo|213/284 brn|[from] brn\n|upkeep\n|turn|2\n|\n|t:|1781464667\n|switch|p1a: Dipplin|Dipplin, L88, M|284/284\n|move|p2a: Sudowoodo|Head Smash|p1a: Dipplin|[miss]\n|-miss|p2a: Sudowoodo|p1a: Dipplin\n|\n|-damage|p2a: Sudowoodo|196/284 brn|[from] brn\n|upkeep\n|turn|3\n|\n|t:|1781464673\n|move|p2a: Sudowoodo|Head Smash|p1a: Dipplin\n|-damage|p1a: Dipplin|200/284\n|move|p1a: Dipplin|Dragon Tail|p2a: Sudowoodo\n|-damage|p2a: Sudowoodo|154/284 brn\n|drag|p2a: Yanmega|Yanmega, L82, M|275/275\n|\n|upkeep\n|turn|4\n|\n|t:|1781464681\n|switch|p1a: Ho-Oh|Ho-Oh, L71|268/268\n|move|p2a: Yanmega|Air Slash|p1a: Ho-Oh\n|-damage|p1a: Ho-Oh|177/268\n|\n|upkeep\n|turn|5\n|\n|t:|1781464686\n|move|p2a: Yanmega|Air Slash|p1a: Ho-Oh\n|-damage|p1a: Ho-Oh|86/268\n|move|p1a: Ho-Oh|Sacred Fire|p2a: Yanmega\n|-supereffective|p2a: Yanmega\n|-damage|p2a: Yanmega|57/275\n|-status|p2a: Yanmega|brn\n|\n|-damage|p2a: Yanmega|40/275 brn|[from] brn\n|upkeep\n|turn|6\n|\n|t:|1781464696\n|switch|p1a: Ninetales|Ninetales-Alola, L78, M|242/242\n|-weather|Snowscape|[from] ability: Snow Warning|[of] p1a: Ninetales\n|move|p2a: Yanmega|Air Slash|p1a: Ninetales\n|-damage|p1a: Ninetales|124/242\n|\n|-weather|Snowscape|[upkeep]\n|-damage|p2a: Yanmega|23/275 brn|[from] brn\n|upkeep\n|turn|7\n|\n|t:|1781464703\n|move|p1a: Ninetales|Blizzard|p2a: Yanmega\n|-supereffective|p2a: Yanmega\n|-damage|p2a: Yanmega|0 fnt\n|faint|p2a: Yanmega\n|\n|-weather|Snowscape|[upkeep]\n|upkeep\n|\n|t:|1781464708\n|switch|p2a: Excadrill|Excadrill, L79, M|303/303\n|-ability|p2a: Excadrill|Mold Breaker\n|turn|8\n|\n|t:|1781464713\n|move|p1a: Ninetales|Blizzard|p2a: Excadrill\n|-damage|p2a: Excadrill|221/303\n|move|p2a: Excadrill|Rapid Spin|p1a: Ninetales\n|-damage|p1a: Ninetales|88/242\n|-boost|p2a: Excadrill|spe|1\n|\n|-weather|Snowscape|[upkeep]\n|upkeep\n|turn|9\n|\n|t:|1781464721\n|switch|p1a: Volbeat|Volbeat, L90, M|263/263\n|move|p2a: Excadrill|Iron Head|p1a: Volbeat\n|-damage|p1a: Volbeat|155/263\n|\n|-weather|Snowscape|[upkeep]\n|upkeep\n|turn|10\n|\n|t:|1781464726\n|move|p1a: Volbeat|Encore|p2a: Excadrill\n|-start|p2a: Excadrill|Encore\n|move|p2a: Excadrill|Iron Head|p1a: Volbeat\n|-damage|p1a: Volbeat|61/263\n|\n|-weather|none\n|upkeep\n|turn|11\n|\n|t:|1781464728\n|switch|p1a: Ho-Oh|Ho-Oh, L71|175/268\n|move|p2a: Excadrill|Iron Head|p1a: Ho-Oh\n|-resisted|p1a: Ho-Oh\n|-damage|p1a: Ho-Oh|115/268\n|\n|upkeep\n|turn|12\n|\n|t:|1781464730\n|move|p2a: Excadrill|Iron Head|p1a: Ho-Oh\n|-resisted|p1a: Ho-Oh\n|-damage|p1a: Ho-Oh|64/268\n|cant|p1a: Ho-Oh|flinch\n|\n|-end|p2a: Excadrill|Encore\n|upkeep\n|turn|13\n|\n|t:|1781464736\n|switch|p1a: Dipplin|Dipplin, L88, M|200/284\n|move|p2a: Excadrill|Rock Slide|p1a: Dipplin\n|-damage|p1a: Dipplin|169/284\n|\n|upkeep\n|turn|14\n|\n|t:|1781464740\n|switch|p2a: Scrafty|Scrafty, L83, M|244/244\n|-ability|p2a: Scrafty|Intimidate|boost\n|-unboost|p1a: Dipplin|atk|1\n|move|p1a: Dipplin|Giga Drain|p2a: Scrafty\n|-damage|p2a: Scrafty|171/244\n|-heal|p1a: Dipplin|206/284|[from] drain|[of] p2a: Scrafty\n|\n|-heal|p2a: Scrafty|186/244|[from] item: Leftovers\n|upkeep\n|turn|15\n|\n|t:|1781464746\n|switch|p1a: Ho-Oh|Ho-Oh, L71|153/268\n|move|p2a: Scrafty|Dragon Dance|p2a: Scrafty\n|-boost|p2a: Scrafty|atk|1\n|-boost|p2a: Scrafty|spe|1\n|\n|-heal|p2a: Scrafty|201/244|[from] item: Leftovers\n|upkeep\n|turn|16\n|\n|t:|1781464752\n|move|p2a: Scrafty|Knock Off|p1a: Ho-Oh\n|-damage|p1a: Ho-Oh|0 fnt\n|-enditem|p1a: Ho-Oh|Heavy-Duty Boots|[from] move: Knock Off|[of] p2a: Scrafty\n|faint|p1a: Ho-Oh\n|\n|-heal|p2a: Scrafty|216/244|[from] item: Leftovers\n|upkeep\n|\n|t:|1781464755\n|switch|p1a: Zapdos|Zapdos-Galar, L77|265/265\n|turn|17\n|\n|t:|1781464760\n|switch|p2a: Sudowoodo|Sudowoodo, L94, M|154/284 brn\n|move|p1a: Zapdos|Brave Bird|p2a: Sudowoodo\n|-resisted|p2a: Sudowoodo\n|-damage|p2a: Sudowoodo|81/284 brn\n|-damage|p1a: Zapdos|241/265|[from] Recoil\n|\n|-damage|p2a: Sudowoodo|64/284 brn|[from] brn\n|upkeep\n|turn|18\n|\n|t:|1781464766\n|move|p2a: Sudowoodo|Sucker Punch|p1a: Zapdos\n|-resisted|p1a: Zapdos\n|-damage|p1a: Zapdos|215/265\n|move|p1a: Zapdos|Brave Bird|p2a: Sudowoodo\n|-resisted|p2a: Sudowoodo\n|-damage|p2a: Sudowoodo|0 fnt\n|faint|p2a: Sudowoodo\n|-damage|p1a: Zapdos|194/265|[from] Recoil\n|\n|upkeep\n|\n|t:|1781464775\n|switch|p2a: Gliscor|Gliscor, L76, F|239/239\n|turn|19\n|\n|t:|1781464782\n|switch|p1a: Ninetales|Ninetales-Alola, L78, M|88/242\n|-weather|Snowscape|[from] ability: Snow Warning|[of] p1a: Ninetales\n|move|p2a: Gliscor|Toxic|p1a: Ninetales\n|-status|p1a: Ninetales|tox\n|\n|-weather|Snowscape|[upkeep]\n|-damage|p1a: Ninetales|73/242 tox|[from] psn\n|-status|p2a: Gliscor|tox|[from] item: Toxic Orb\n|upkeep\n|turn|20\n|\n|t:|1781464787\n|move|p2a: Gliscor|Protect|p2a: Gliscor\n|-singleturn|p2a: Gliscor|Protect\n|move|p1a: Ninetales|Blizzard|p2a: Gliscor\n|-activate|p2a: Gliscor|move: Protect\n|\n|-weather|Snowscape|[upkeep]\n|-damage|p1a: Ninetales|43/242 tox|[from] psn\n|upkeep\n|turn|21\n|\n|t:|1781464791\n|switch|p2a: Excadrill|Excadrill, L79, M|221/303\n|-ability|p2a: Excadrill|Mold Breaker\n|move|p1a: Ninetales|Moonblast|p2a: Excadrill\n|-resisted|p2a: Excadrill\n|-crit|p2a: Excadrill\n|-damage|p2a: Excadrill|170/303\n|\n|-weather|Snowscape|[upkeep]\n|-damage|p1a: Ninetales|0 fnt|[from] psn\n|faint|p1a: Ninetales\n|upkeep\n|\n|t:|1781464798\n|switch|p1a: Zapdos|Zapdos-Galar, L77|194/265\n|turn|22\n|\n|t:|1781464810\n|move|p1a: Zapdos|Close Combat|p2a: Excadrill\n|-supereffective|p2a: Excadrill\n|-damage|p2a: Excadrill|0 fnt\n|-unboost|p1a: Zapdos|def|1\n|-unboost|p1a: Zapdos|spd|1\n|faint|p2a: Excadrill\n|\n|-weather|Snowscape|[upkeep]\n|upkeep\n|\n|t:|1781464814\n|switch|p2a: Scrafty|Scrafty, L83, M|216/244\n|-ability|p2a: Scrafty|Intimidate|boost\n|-unboost|p1a: Zapdos|atk|1\n|-ability|p1a: Zapdos|Defiant|boost\n|-boost|p1a: Zapdos|atk|2\n|turn|23\n|\n|t:|1781464818\n|-terastallize|p2a: Scrafty|Poison\n|move|p1a: Zapdos|Close Combat|p2a: Scrafty\n|-resisted|p2a: Scrafty\n|-damage|p2a: Scrafty|98/244\n|-unboost|p1a: Zapdos|def|1\n|-unboost|p1a: Zapdos|spd|1\n|move|p2a: Scrafty|Dragon Dance|p2a: Scrafty\n|-boost|p2a: Scrafty|atk|1\n|-boost|p2a: Scrafty|spe|1\n|\n|-weather|none\n|-heal|p2a: Scrafty|113/244|[from] item: Leftovers\n|upkeep\n|turn|24\n|\n|t:|1781464822\n|move|p2a: Scrafty|Poison Jab|p1a: Zapdos\n|-damage|p1a: Zapdos|0 fnt\n|faint|p1a: Zapdos\n|\n|-heal|p2a: Scrafty|128/244|[from] item: Leftovers\n|upkeep\n|\n|t:|1781464829\n|switch|p1a: Volbeat|Volbeat, L90, M|61/263\n|turn|25\n|\n|t:|1781464835\n|move|p1a: Volbeat|Thunder Wave|p2a: Scrafty\n|-status|p2a: Scrafty|par\n|move|p2a: Scrafty|Poison Jab|p1a: Volbeat\n|-damage|p1a: Volbeat|0 fnt\n|faint|p1a: Volbeat\n|\n|-heal|p2a: Scrafty|143/244 par|[from] item: Leftovers\n|upkeep\n|\n|t:|1781464842\n|switch|p1a: Solgaleo|Solgaleo, L74|325/325\n|turn|26\n|\n|t:|1781464848\n|move|p1a: Solgaleo|Flame Charge|p2a: Scrafty\n|-damage|p2a: Scrafty|113/244 par\n|-boost|p1a: Solgaleo|spe|1\n|cant|p2a: Scrafty|par\n|\n|-heal|p2a: Scrafty|128/244 par|[from] item: Leftovers\n|upkeep\n|turn|27\n|\n|t:|1781464853\n|move|p1a: Solgaleo|Earthquake|p2a: Scrafty\n|-supereffective|p2a: Scrafty\n|-damage|p2a: Scrafty|2/244 par\n|move|p2a: Scrafty|Drain Punch|p1a: Solgaleo\n|-damage|p1a: Solgaleo|225/325\n|-heal|p2a: Scrafty|52/244 par|[from] drain|[of] p1a: Solgaleo\n|\n|-heal|p2a: Scrafty|67/244 par|[from] item: Leftovers\n|upkeep\n|turn|28\n|\n|t:|1781464857\n|move|p1a: Solgaleo|Earthquake|p2a: Scrafty\n|-supereffective|p2a: Scrafty\n|-damage|p2a: Scrafty|0 fnt\n|faint|p2a: Scrafty\n|\n|upkeep\n|\n|t:|1781464859\n|switch|p2a: Urshifu|Urshifu-Rapid-Strike, L75, M|274/274\n|turn|29\n|\n|t:|1781464865\n|switch|p1a: Dipplin|Dipplin, L88, M|206/284\n|move|p2a: Urshifu|Close Combat|p1a: Dipplin\n|-damage|p1a: Dipplin|100/284\n|-unboost|p2a: Urshifu|def|1\n|-unboost|p2a: Urshifu|spd|1\n|\n|upkeep\n|turn|30\n|\n|t:|1781464868\n|move|p2a: Urshifu|Close Combat|p1a: Dipplin\n|-crit|p1a: Dipplin\n|-damage|p1a: Dipplin|0 fnt\n|-unboost|p2a: Urshifu|def|1\n|-unboost|p2a: Urshifu|spd|1\n|faint|p1a: Dipplin\n|\n|upkeep\n|\n|t:|1781464870\n|switch|p1a: Solgaleo|Solgaleo, L74|225/325\n|turn|31\n|\n|t:|1781464872\n|move|p2a: Urshifu|Close Combat|p1a: Solgaleo\n|-damage|p1a: Solgaleo|27/325\n|-unboost|p2a: Urshifu|def|1\n|-unboost|p2a: Urshifu|spd|1\n|move|p1a: Solgaleo|Flame Charge|p2a: Urshifu\n|-resisted|p2a: Urshifu\n|-damage|p2a: Urshifu|228/274\n|-boost|p1a: Solgaleo|spe|1\n|\n|upkeep\n|turn|32\n|\n|t:|1781464881\n|switch|p2a: Gliscor|Gliscor, L76, F|239/239 tox\n|move|p1a: Solgaleo|Close Combat|p2a: Gliscor\n|-resisted|p2a: Gliscor\n|-damage|p2a: Gliscor|199/239 tox\n|-unboost|p1a: Solgaleo|def|1\n|-unboost|p1a: Solgaleo|spd|1\n|\n|-heal|p2a: Gliscor|228/239 tox|[from] ability: Poison Heal\n|upkeep\n|turn|33\n|\n|t:|1781464885\n|move|p1a: Solgaleo|Sunsteel Strike|p2a: Gliscor\n|-damage|p2a: Gliscor|140/239 tox\n|move|p2a: Gliscor|Earthquake|p1a: Solgaleo\n|-supereffective|p1a: Solgaleo\n|-damage|p1a: Solgaleo|0 fnt\n|faint|p1a: Solgaleo\n|\n|win|gianni boombats\n|raw|Ame x Bloo's rating: 1618 &rarr; <strong>1596</strong><br />(-22 for losing)\n|raw|gianni boombats's rating: 1590 &rarr; <strong>1612</strong><br />(+22 for winning)\n|l|\u2606Ame x Bloo\n|player|p1|\n|c|\u2606gianni boombats|Wow\n", "inputlog": ">version a8376a258c1d4662feba110a92103f3664a72141\n>start {\"formatid\":\"gen9randombattle\",\"seed\":\"sodium,14e46c6c31efba5e8cd5139bdbdcf013\",\"rated\":\"Rated battle\"}\n>player p1 {\"name\":\"Ame x Bloo\",\"avatar\":\"waitress\",\"rating\":1618,\"seed\":\"sodium,e18759c1da1e64b7461987dd16820d11\"}\n>player p2 {\"name\":\"gianni boombats\",\"avatar\":\"clerk-boss\",\"rating\":1590,\"seed\":\"sodium,e474c102cfd806748a76372000d942b5\"}\n>p1 move sacredfire\n>p2 switch 4\n>p1 switch 6\n>p2 move headsmash\n>p1 move dragontail\n>p2 move headsmash\n>p1 switch 6\n>p2 move airslash\n>p1 move sacredfire\n>p2 move airslash\n>p1 switch 4\n>p2 move airslash\n>p1 move blizzard\n>p2 move airslash\n>p2 switch 2\n>p1 move blizzard\n>p2 move rapidspin\n>p1 switch 2\n>p2 move ironhead\n>p1 move encore\n>p2 move ironhead\n>p1 switch 4\n>p2 move ironhead\n>p1 move sacredfire\n>p2 move ironhead\n>p1 switch 6\n>p2 move rockslide\n>p1 move gigadrain\n>p2 switch 4\n>p1 switch 6\n>p2 move dragondance\n>p1 move sacredfire\n>p2 move knockoff\n>p1 switch 3\n>p1 move bravebird\n>p2 switch 6\n>p1 move bravebird\n>p2 move suckerpunch\n>p2 switch 3\n>p1 switch 2\n>p2 move toxic\n>p1 move blizzard\n>p2 move protect\n>p1 move moonblast\n>p2 switch 4\n>p1 switch 2\n>p1 move closecombat\n>p2 move ironhead\n>p2 switch 6\n>p1 move closecombat\n>p2 move dragondance terastallize\n>p1 move closecombat\n>p2 move poisonjab\n>p1 switch 4\n>p1 move thunderwave\n>p2 move poisonjab\n>p1 switch 5\n>p1 move flamecharge\n>p2 move knockoff\n>p1 move earthquake\n>p2 move drainpunch\n>p1 move earthquake\n>p2 move drainpunch\n>p2 switch 5\n>p1 switch 6\n>p2 move closecombat\n>p1 move gigadrain\n>p2 move closecombat\n>p1 switch 6\n>p1 move flamecharge\n>p2 move closecombat\n>p1 move closecombat\n>p2 switch 4\n>p1 move sunsteelstrike\n>p2 move earthquake", "uploadtime": 1781464898, "views": 5, "formatid": "gen9randombattle", "rating": 1596, "private": 0, "password": null, "player_dets": [{"name": "Ame x Bloo", "avatar": "waitress", "rating": 1618, "seed": "sodium,e18759c1da1e64b7461987dd16820d11"}, {"name": "gianni boombats", "avatar": "clerk-boss", "rating": 1590, "seed": "sodium,e474c102cfd806748a76372000d942b5"}], "teams_full": [{"Ho-Oh": {"name": "Ho-Oh", "species": "Ho-Oh", "speciesId": "hooh", "gender": "N", "shiny": false, "level": 71, "moves": ["bravebird", "sacredfire", "recover", "earthquake"], "ability": "Regenerator", "evs": {"hp": 85, "atk": 85, "def": 85, "spa": 85, "spd": 85, "spe": 85}, "ivs": {"hp": 31, "atk": 31, "def": 31, "spa": 31, "spd": 31, "spe": 31}, "item": "Heavy-Duty Boots", "teraType": "Steel", "role": "Bulky Attacker", "bvs": {"hp": 106, "atk": 130, "def": 90, "spa": 110, "spd": 154, "spe": 90}, "stats": {"hp": 268, "atk": 226, "def": 169, "spa": 198, "spd": 260, "spe": 169}}, "Volbeat": {"name": "Volbeat", "species": "Volbeat", "speciesId": "volbeat", "gender": "M", "shiny": false, "level": 90, "moves": ["roost", "encore", "lunge", "thunderwave"], "ability": "Prankster", "evs": {"hp": 85, "atk": 85, "def": 85, "spa": 85, "spd": 85, "spe": 85}, "ivs": {"hp": 31, "atk": 31, "def": 31, "spa": 31, "spd": 31, "spe": 31}, "item": "Heavy-Duty Boots", "teraType": "Steel", "role": "Bulky Attacker", "bvs": {"hp": 65, "atk": 73, "def": 75, "spa": 47, "spd": 85, "spe": 85}, "stats": {"hp": 263, "atk": 183, "def": 186, "spa": 136, "spd": 204, "spe": 204}}, "Zapdos": {"name": "Zapdos", "species": "Zapdos-Galar", "speciesId": "zapdosgalar", "gender": "N", "shiny": false, "level": 77, "moves": ["knockoff", "closecombat", "bravebird", "uturn"], "ability": "Defiant", "evs": {"hp": 85, "atk": 85, "def": 85, "spa": 85, "spd": 85, "spe": 85}, "ivs": {"hp": 31, "atk": 31, "def": 31, "spa": 31, "spd": 31, "spe": 31}, "item": "Choice Band", "teraType": "Dark", "role": "Fast Attacker", "bvs": {"hp": 90, "atk": 125, "def": 90, "spa": 85, "spd": 90, "spe": 100}, "stats": {"hp": 265, "atk": 237, "def": 183, "spa": 175, "spd": 183, "spe": 199}}, "Ninetales": {"name": "Ninetales", "species": "Ninetales-Alola", "speciesId": "ninetalesalola", "gender": "M", "shiny": false, "level": 78, "moves": ["blizzard", "nastyplot", "moonblast", "auroraveil"], "ability": "Snow Warning", "evs": {"hp": 85, "atk": 0, "def": 85, "spa": 85, "spd": 85, "spe": 85}, "ivs": {"hp": 31, "atk": 0, "def": 31, "spa": 31, "spd": 31, "spe": 31}, "item": "Light Clay", "teraType": "Water", "role": "Fast Support", "bvs": {"hp": 73, "atk": 67, "def": 75, "spa": 81, "spd": 100, "spe": 109}, "stats": {"hp": 242, "atk": 109, "def": 162, "spa": 171, "spd": 201, "spe": 215}}, "Solgaleo": {"name": "Solgaleo", "species": "Solgaleo", "speciesId": "solgaleo", "gender": "N", "shiny": false, "level": 74, "moves": ["sunsteelstrike", "closecombat", "flamecharge", "earthquake"], "ability": "Full Metal Body", "evs": {"hp": 85, "atk": 85, "def": 85, "spa": 85, "spd": 85, "spe": 85}, "ivs": {"hp": 31, "atk": 31, "def": 31, "spa": 31, "spd": 31, "spe": 31}, "item": "Weakness Policy", "teraType": "Fighting", "role": "Bulky Setup", "bvs": {"hp": 137, "atk": 137, "def": 107, "spa": 113, "spd": 89, "spe": 97}, "stats": {"hp": 325, "atk": 246, "def": 201, "spa": 210, "spd": 175, "spe": 187}}, "Dipplin": {"name": "Dipplin", "species": "Dipplin", "speciesId": "dipplin", "gender": "M", "shiny": false, "level": 88, "moves": ["recover", "gigadrain", "dragonpulse", "dragontail"], "ability": "Sticky Hold", "evs": {"hp": 85, "atk": 85, "def": 85, "spa": 85, "spd": 85, "spe": 85}, "ivs": {"hp": 31, "atk": 31, "def": 31, "spa": 31, "spd": 31, "spe": 31}, "item": "Eviolite", "teraType": "Steel", "role": "Bulky Attacker", "bvs": {"hp": 80, "atk": 80, "def": 110, "spa": 95, "spd": 80, "spe": 40}, "stats": {"hp": 284, "atk": 191, "def": 244, "spa": 217, "spd": 191, "spe": 121}}}, {"Scrafty": {"name": "Scrafty", "species": "Scrafty", "speciesId": "scrafty", "gender": "M", "shiny": false, "level": 83, "moves": ["knockoff", "drainpunch", "dragondance", "poisonjab"], "ability": "Intimidate", "evs": {"hp": 85, "atk": 85, "def": 85, "spa": 85, "spd": 85, "spe": 85}, "ivs": {"hp": 31, "atk": 31, "def": 31, "spa": 31, "spd": 31, "spe": 31}, "item": "Leftovers", "teraType": "Poison", "role": "Bulky Attacker", "bvs": {"hp": 65, "atk": 90, "def": 115, "spa": 45, "spd": 115, "spe": 58}, "stats": {"hp": 244, "atk": 197, "def": 239, "spa": 122, "spd": 239, "spe": 144}}, "Excadrill": {"name": "Excadrill", "species": "Excadrill", "speciesId": "excadrill", "gender": "M", "shiny": false, "level": 79, "moves": ["rockslide", "rapidspin", "ironhead", "earthquake"], "ability": "Mold Breaker", "evs": {"hp": 85, "atk": 85, "def": 85, "spa": 85, "spd": 85, "spe": 85}, "ivs": {"hp": 31, "atk": 31, "def": 31, "spa": 31, "spd": 31, "spe": 31}, "item": "Assault Vest", "teraType": "Water", "role": "AV Pivot", "bvs": {"hp": 110, "atk": 135, "def": 60, "spa": 50, "spd": 65, "spe": 88}, "stats": {"hp": 303, "atk": 259, "def": 140, "spa": 125, "spd": 148, "spe": 185}}, "Gliscor": {"name": "Gliscor", "species": "Gliscor", "speciesId": "gliscor", "gender": "F", "shiny": false, "level": 76, "moves": ["earthquake", "protect", "toxic", "substitute"], "ability": "Poison Heal", "evs": {"hp": 85, "atk": 85, "def": 85, "spa": 85, "spd": 85, "spe": 85}, "ivs": {"hp": 31, "atk": 31, "def": 31, "spa": 31, "spd": 31, "spe": 31}, "item": "Toxic Orb", "teraType": "Water", "role": "Fast Support", "bvs": {"hp": 75, "atk": 95, "def": 125, "spa": 45, "spd": 75, "spe": 95}, "stats": {"hp": 239, "atk": 188, "def": 234, "spa": 112, "spd": 158, "spe": 188}}, "Sudowoodo": {"name": "Sudowoodo", "species": "Sudowoodo", "speciesId": "sudowoodo", "gender": "M", "shiny": false, "level": 94, "moves": ["headsmash", "suckerpunch", "woodhammer", "earthquake"], "ability": "Rock Head", "evs": {"hp": 85, "atk": 85, "def": 85, "spa": 85, "spd": 85, "spe": 85}, "ivs": {"hp": 31, "atk": 31, "def": 31, "spa": 31, "spd": 31, "spe": 31}, "item": "Choice Band", "teraType": "Grass", "role": "Bulky Attacker", "bvs": {"hp": 70, "atk": 100, "def": 115, "spa": 30, "spd": 65, "spe": 30}, "stats": {"hp": 284, "atk": 241, "def": 270, "spa": 110, "spd": 176, "spe": 110}}, "Urshifu": {"name": "Urshifu", "species": "Urshifu-Rapid-Strike", "speciesId": "urshifurapidstrike", "gender": "M", "shiny": false, "level": 75, "moves": ["closecombat", "aquajet", "surgingstrikes", "uturn"], "ability": "Unseen Fist", "evs": {"hp": 85, "atk": 85, "def": 85, "spa": 85, "spd": 85, "spe": 85}, "ivs": {"hp": 31, "atk": 31, "def": 31, "spa": 31, "spd": 31, "spe": 31}, "item": "Choice Band", "teraType": "Water", "role": "Fast Attacker", "bvs": {"hp": 100, "atk": 130, "def": 100, "spa": 63, "spd": 60, "spe": 97}, "stats": {"hp": 274, "atk": 239, "def": 194, "spa": 138, "spd": 134, "spe": 189}}, "Yanmega": {"name": "Yanmega", "species": "Yanmega", "speciesId": "yanmega", "gender": "M", "shiny": false, "level": 82, "moves": ["uturn", "gigadrain", "airslash", "bugbuzz"], "ability": "Tinted Lens", "evs": {"hp": 85, "atk": 85, "def": 85, "spa": 85, "spd": 85, "spe": 85}, "ivs": {"hp": 31, "atk": 31, "def": 31, "spa": 31, "spd": 31, "spe": 31}, "item": "Choice Specs", "teraType": "Bug", "role": "Wallbreaker", "bvs": {"hp": 86, "atk": 76, "def": 86, "spa": 116, "spd": 56, "spe": 95}, "stats": {"hp": 275, "atk": 172, "def": 188, "spa": 237, "spd": 139, "spe": 203}}}]}