{"id": "gen9randombattle-2631790336", "format": "[Gen 9] Random Battle", "players": ["duuhhao", "Matuidi14"], "log": "|j|\u2606duuhhao\n|j|\u2606Matuidi14\n|t:|1781440070\n|gametype|singles\n|player|p1|duuhhao|clair|2263\n|player|p2|Matuidi14|clown|2259\n|gen|9\n|tier|[Gen 9] Random Battle\n|rated|\n|rule|Species Clause: Limit one of each Pok\u00e9mon\n|rule|HP Percentage Mod: HP is shown in percentages\n|rule|Sleep Clause Mod: Limit one foe put to sleep\n|rule|Illusion Level Mod: Illusion disguises the Pok\u00e9mon's true level\n|\n|t:|1781440070\n|teamsize|p1|6\n|teamsize|p2|6\n|start\n|switch|p1a: Virizion|Virizion, L82|283/283\n|switch|p2a: Indeedee|Indeedee, L84, M|238/238\n|-fieldstart|move: Psychic Terrain|[from] ability: Psychic Surge|[of] p2a: Indeedee\n|turn|1\n|\n|t:|1781440081\n|switch|p1a: Chi-Yu|Chi-Yu, L77|211/211\n|-ability|p1a: Chi-Yu|Beads of Ruin\n|move|p2a: Indeedee|Expanding Force|p1a: Chi-Yu\n|-immune|p1a: Chi-Yu\n|\n|upkeep\n|turn|2\n|\n|t:|1781440090\n|switch|p2a: Poliwrath|Poliwrath, L88, M|302/302\n|move|p1a: Chi-Yu|Overheat|p2a: Poliwrath\n|-resisted|p2a: Poliwrath\n|-damage|p2a: Poliwrath|153/302\n|-unboost|p1a: Chi-Yu|spa|2\n|\n|upkeep\n|turn|3\n|inactive|Battle timer is ON: inactive players will automatically lose when time's up. (requested by Matuidi14)\n|\n|t:|1781440101\n|switch|p1a: Dragalge|Dragalge, L88, F|258/258\n|move|p2a: Poliwrath|Close Combat|p1a: Dragalge\n|-resisted|p1a: Dragalge\n|-damage|p1a: Dragalge|172/258\n|-unboost|p2a: Poliwrath|def|1\n|-unboost|p2a: Poliwrath|spd|1\n|-damage|p2a: Poliwrath|123/302|[from] item: Life Orb\n|\n|upkeep\n|turn|4\n|\n|t:|1781440117\n|switch|p2a: Indeedee|Indeedee, L84, M|238/238\n|move|p1a: Dragalge|Sludge Wave|p2a: Indeedee\n|-damage|p2a: Indeedee|100/238\n|\n|upkeep\n|turn|5\n|\n|t:|1781440125\n|switch|p2a: Poliwrath|Poliwrath, L88, M|123/302\n|switch|p1a: Chansey|Chansey, L85, F|564/564\n|\n|-fieldend|move: Psychic Terrain\n|upkeep\n|turn|6\n|\n|t:|1781440129\n|switch|p1a: Dragalge|Dragalge, L88, F|172/258\n|move|p2a: Poliwrath|Knock Off|p1a: Dragalge\n|-damage|p1a: Dragalge|82/258\n|-enditem|p1a: Dragalge|Assault Vest|[from] move: Knock Off|[of] p2a: Poliwrath\n|-damage|p2a: Poliwrath|93/302|[from] item: Life Orb\n|\n|upkeep\n|turn|7\n|\n|t:|1781440135\n|move|p2a: Poliwrath|Close Combat|p1a: Dragalge\n|-resisted|p1a: Dragalge\n|-crit|p1a: Dragalge\n|-damage|p1a: Dragalge|0 fnt\n|-unboost|p2a: Poliwrath|def|1\n|-unboost|p2a: Poliwrath|spd|1\n|faint|p1a: Dragalge\n|-damage|p2a: Poliwrath|63/302|[from] item: Life Orb\n|\n|upkeep\n|\n|t:|1781440139\n|switch|p1a: Chi-Yu|Chi-Yu, L77|211/211\n|-ability|p1a: Chi-Yu|Beads of Ruin\n|turn|8\n|\n|t:|1781440143\n|move|p1a: Chi-Yu|Dark Pulse|p2a: Poliwrath\n|-resisted|p2a: Poliwrath\n|-damage|p2a: Poliwrath|0 fnt\n|faint|p2a: Poliwrath\n|\n|upkeep\n|\n|t:|1781440144\n|switch|p2a: Medicham|Medicham, L86, F, shiny|243/243\n|turn|9\n|\n|t:|1781440149\n|move|p2a: Medicham|Close Combat|p1a: Chi-Yu\n|-supereffective|p1a: Chi-Yu\n|-damage|p1a: Chi-Yu|0 fnt\n|-unboost|p2a: Medicham|def|1\n|-unboost|p2a: Medicham|spd|1\n|faint|p1a: Chi-Yu\n|\n|upkeep\n|\n|t:|1781440153\n|switch|p1a: Raging Bolt|Raging Bolt, L78|323/323\n|turn|10\n|\n|t:|1781440158\n|switch|p2a: Kyurem|Kyurem-White, L73|303/303\n|-ability|p2a: Kyurem|Turboblaze\n|move|p1a: Raging Bolt|Draco Meteor|p2a: Kyurem\n|-supereffective|p2a: Kyurem\n|-damage|p2a: Kyurem|0 fnt\n|-unboost|p1a: Raging Bolt|spa|2\n|faint|p2a: Kyurem\n|\n|upkeep\n|\n|t:|1781440165\n|switch|p2a: Medicham|Medicham, L86, F, shiny|243/243\n|turn|11\n|\n|t:|1781440174\n|-end|p1a: Raging Bolt|Protosynthesis|[silent]\n|switch|p1a: Dondozo|Dondozo, L78, M|362/362\n|move|p2a: Medicham|Ice Punch|p1a: Dondozo\n|-resisted|p1a: Dondozo\n|-damage|p1a: Dondozo|326/362\n|\n|-heal|p1a: Dondozo|348/362|[from] item: Leftovers\n|upkeep\n|turn|12\n|inactive|Matuidi14 has 120 seconds left.\n|\n|t:|1781440206\n|switch|p2a: Delibird|Delibird, M|252/252\n|move|p1a: Dondozo|Wave Crash|p2a: Delibird\n|-damage|p2a: Delibird|95/252\n|-damage|p1a: Dondozo|296/362|[from] Recoil\n|\n|-heal|p1a: Dondozo|318/362|[from] item: Leftovers\n|upkeep\n|turn|13\n|\n|t:|1781440213\n|switch|p1a: Chansey|Chansey, L85, F|564/564\n|move|p2a: Delibird|Brave Bird|p1a: Chansey\n|-damage|p1a: Chansey|135/564\n|-damage|p2a: Delibird|0 fnt|[from] Recoil\n|faint|p2a: Delibird\n|\n|upkeep\n|j| xmagic_77\n|inactive|Matuidi14 has 120 seconds left.\n|\n|t:|1781440243\n|switch|p2a: Medicham|Medicham, L86, F, shiny|243/243\n|turn|14\n|\n|t:|1781440246\n|move|p2a: Medicham|Zen Headbutt|p1a: Chansey\n|-damage|p1a: Chansey|0 fnt\n|faint|p1a: Chansey\n|\n|upkeep\n|\n|t:|1781440249\n|switch|p1a: Dondozo|Dondozo, L78, M|318/362\n|turn|15\n|\n|t:|1781440255\n|move|p2a: Medicham|Zen Headbutt|p1a: Dondozo\n|-damage|p1a: Dondozo|216/362\n|move|p1a: Dondozo|Wave Crash|p2a: Medicham\n|-damage|p2a: Medicham|120/243\n|-damage|p1a: Dondozo|175/362|[from] Recoil\n|\n|-heal|p1a: Dondozo|197/362|[from] item: Leftovers\n|upkeep\n|turn|16\n|\n|t:|1781440262\n|switch|p2a: Maushold|Maushold-Four, L76|238/238\n|move|p1a: Dondozo|Rest|p1a: Dondozo\n|-status|p1a: Dondozo|slp|[from] move: Rest\n|-heal|p1a: Dondozo|362/362 slp|[silent]\n|\n|upkeep\n|turn|17\n|\n|t:|1781440267\n|switch|p1a: Virizion|Virizion, L82|283/283\n|move|p2a: Maushold|Encore||[still]\n|-fail|p2a: Maushold\n|\n|upkeep\n|turn|18\n|\n|t:|1781440271\n|switch|p2a: Medicham|Medicham, L86, F, shiny|120/243\n|-terastallize|p1a: Virizion|Rock\n|move|p1a: Virizion|Close Combat|p2a: Medicham\n|-resisted|p2a: Medicham\n|-damage|p2a: Medicham|41/243\n|-unboost|p1a: Virizion|def|1\n|-unboost|p1a: Virizion|spd|1\n|-damage|p1a: Virizion|255/283|[from] item: Life Orb\n|\n|upkeep\n|turn|19\n|\n|t:|1781440275\n|-terastallize|p2a: Medicham|Fighting\n|move|p2a: Medicham|Close Combat|p1a: Virizion\n|-supereffective|p1a: Virizion\n|-damage|p1a: Virizion|0 fnt\n|-unboost|p2a: Medicham|def|1\n|-unboost|p2a: Medicham|spd|1\n|faint|p1a: Virizion\n|\n|upkeep\n|\n|t:|1781440277\n|switch|p1a: Raging Bolt|Raging Bolt, L78|323/323\n|turn|20\n|\n|t:|1781440280\n|switch|p2a: Indeedee|Indeedee, L84, M|100/238\n|-fieldstart|move: Psychic Terrain|[from] ability: Psychic Surge|[of] p2a: Indeedee\n|move|p1a: Raging Bolt|Calm Mind|p1a: Raging Bolt\n|-boost|p1a: Raging Bolt|spa|1\n|-boost|p1a: Raging Bolt|spd|1\n|\n|upkeep\n|turn|21\n|\n|t:|1781440283\n|move|p2a: Indeedee|Expanding Force|p1a: Raging Bolt\n|-damage|p1a: Raging Bolt|174/323\n|-damage|p2a: Indeedee|77/238|[from] item: Life Orb\n|move|p1a: Raging Bolt|Thunderbolt|p2a: Indeedee\n|-damage|p2a: Indeedee|0 fnt\n|faint|p2a: Indeedee\n|\n|-heal|p1a: Raging Bolt|194/323|[from] item: Leftovers\n|upkeep\n|\n|t:|1781440285\n|switch|p2a: Medicham|Medicham, L86, F, shiny, tera:Fighting|41/243\n|turn|22\n|\n|t:|1781440288\n|move|p2a: Medicham|Close Combat|p1a: Raging Bolt\n|-damage|p1a: Raging Bolt|0 fnt\n|-unboost|p2a: Medicham|def|1\n|-unboost|p2a: Medicham|spd|1\n|faint|p1a: Raging Bolt\n|-end|p1a: Raging Bolt|Protosynthesis|[silent]\n|\n|upkeep\n|\n|t:|1781440290\n|switch|p1a: Dondozo|Dondozo, L78, M|362/362 slp\n|turn|23\n|\n|t:|1781440292\n|move|p2a: Medicham|Close Combat|p1a: Dondozo\n|-damage|p1a: Dondozo|154/362 slp\n|-unboost|p2a: Medicham|def|1\n|-unboost|p2a: Medicham|spd|1\n|cant|p1a: Dondozo|slp\n|move|p1a: Dondozo|Sleep Talk|p1a: Dondozo\n|move|p1a: Dondozo|Rest||[from] move: Sleep Talk|[still]\n|-fail|p1a: Dondozo\n|\n|-heal|p1a: Dondozo|176/362 slp|[from] item: Leftovers\n|upkeep\n|turn|24\n|\n|t:|1781440295\n|move|p2a: Medicham|Close Combat|p1a: Dondozo\n|-damage|p1a: Dondozo|0 fnt\n|-unboost|p2a: Medicham|def|1\n|-unboost|p2a: Medicham|spd|1\n|faint|p1a: Dondozo\n|\n|win|Matuidi14\n", "inputlog": ">version a8376a258c1d4662feba110a92103f3664a72141\n>start {\"formatid\":\"gen9randombattle\",\"seed\":\"sodium,f960c9d1e05be2db0198175b79977b62\",\"rated\":\"Rated battle\"}\n>player p1 {\"name\":\"duuhhao\",\"avatar\":\"clair\",\"rating\":2263,\"seed\":\"sodium,d8ed348f4de1703e751bb5f0a8e908a8\"}\n>player p2 {\"name\":\"Matuidi14\",\"avatar\":\"clown\",\"rating\":2259,\"seed\":\"sodium,dd641686bc4fdba02b2da8f255f79efb\"}\n>p1 switch 2\n>p2 move expandingforce\n>p1 move overheat\n>p2 switch 2\n>p1 switch 4\n>p2 move closecombat\n>p1 move sludgewave\n>p2 switch 2\n>p1 switch 5\n>p2 switch 2\n>p1 switch 5\n>p2 move knockoff\n>p1 move sludgewave\n>p2 move closecombat\n>p1 switch 4\n>p1 move darkpulse\n>p2 move closecombat\n>p2 switch 5\n>p1 move darkpulse\n>p2 move closecombat\n>p1 switch 3\n>p1 move dracometeor\n>p2 switch 4\n>p2 switch 4\n>p1 switch 6\n>p2 move icepunch\n>p1 move wavecrash\n>p2 switch 3\n>p1 switch 5\n>p2 move bravebird\n>p2 switch 3\n>p1 move thunderwave\n>p2 move zenheadbutt\n>p1 switch 5\n>p1 move wavecrash\n>p2 move zenheadbutt\n>p1 move rest\n>p2 switch 6\n>p1 switch 2\n>p2 move encore\n>p1 move closecombat terastallize\n>p2 switch 6\n>p1 move closecombat\n>p2 move closecombat terastallize\n>p1 switch 6\n>p1 move calmmind\n>p2 switch 2\n>p1 move thunderbolt\n>p2 move expandingforce\n>p2 switch 2\n>p1 move thunderbolt\n>p2 move closecombat\n>p1 switch 2\n>p1 move sleeptalk\n>p2 move closecombat\n>p1 move sleeptalk\n>p2 move closecombat", "uploadtime": 1781440072, "views": 7, "formatid": "gen9randombattle", "rating": null, "private": 0, "password": null, "player_dets": [{"name": "duuhhao", "avatar": "clair", "rating": 2263, "seed": "sodium,d8ed348f4de1703e751bb5f0a8e908a8"}, {"name": "Matuidi14", "avatar": "clown", "rating": 2259, "seed": "sodium,dd641686bc4fdba02b2da8f255f79efb"}], "teams_full": [{"Virizion": {"name": "Virizion", "species": "Virizion", "speciesId": "virizion", "gender": "N", "shiny": false, "level": 82, "moves": ["leafblade", "swordsdance", "stoneedge", "closecombat"], "ability": "Justified", "evs": {"hp": 85, "atk": 85, "def": 85, "spa": 85, "spd": 85, "spe": 85}, "ivs": {"hp": 31, "atk": 31, "def": 31, "spa": 31, "spd": 31, "spe": 31}, "item": "Life Orb", "teraType": "Rock", "role": "Setup Sweeper", "bvs": {"hp": 91, "atk": 90, "def": 72, "spa": 90, "spd": 129, "spe": 108}, "stats": {"hp": 283, "atk": 195, "def": 165, "spa": 195, "spd": 259, "spe": 224}}, "Chi-Yu": {"name": "Chi-Yu", "species": "Chi-Yu", "speciesId": "chiyu", "gender": "N", "shiny": false, "level": 77, "moves": ["psychic", "overheat", "darkpulse", "flamethrower"], "ability": "Beads of Ruin", "evs": {"hp": 85, "atk": 0, "def": 85, "spa": 85, "spd": 85, "spe": 85}, "ivs": {"hp": 31, "atk": 0, "def": 31, "spa": 31, "spd": 31, "spe": 31}, "item": "Choice Specs", "teraType": "Dark", "role": "Fast Attacker", "bvs": {"hp": 55, "atk": 80, "def": 80, "spa": 135, "spd": 120, "spe": 100}, "stats": {"hp": 211, "atk": 128, "def": 168, "spa": 252, "spd": 229, "spe": 199}}, "Raging Bolt": {"name": "Raging Bolt", "species": "Raging Bolt", "speciesId": "ragingbolt", "gender": "N", "shiny": false, "level": 78, "moves": ["thunderbolt", "calmmind", "dracometeor", "thunderclap"], "ability": "Protosynthesis", "evs": {"hp": 85, "atk": 0, "def": 85, "spa": 85, "spd": 85, "spe": 85}, "ivs": {"hp": 31, "atk": 0, "def": 31, "spa": 31, "spd": 31, "spe": 31}, "item": "Leftovers", "teraType": "Fairy", "role": "Bulky Setup", "bvs": {"hp": 125, "atk": 73, "def": 91, "spa": 137, "spd": 89, "spe": 75}, "stats": {"hp": 323, "atk": 118, "def": 187, "spa": 259, "spd": 184, "spe": 162}}, "Dragalge": {"name": "Dragalge", "species": "Dragalge", "speciesId": "dragalge", "gender": "F", "shiny": false, "level": 88, "moves": ["focusblast", "dracometeor", "sludgewave", "dragontail"], "ability": "Adaptability", "evs": {"hp": 85, "atk": 85, "def": 85, "spa": 85, "spd": 85, "spe": 85}, "ivs": {"hp": 31, "atk": 31, "def": 31, "spa": 31, "spd": 31, "spe": 31}, "item": "Assault Vest", "teraType": "Fighting", "role": "Bulky Attacker", "bvs": {"hp": 65, "atk": 75, "def": 90, "spa": 97, "spd": 123, "spe": 44}, "stats": {"hp": 258, "atk": 182, "def": 209, "spa": 221, "spd": 267, "spe": 128}}, "Chansey": {"name": "Chansey", "species": "Chansey", "speciesId": "chansey", "gender": "F", "shiny": false, "level": 85, "moves": ["thunderwave", "softboiled", "seismictoss", "stealthrock"], "ability": "Natural Cure", "evs": {"hp": 85, "atk": 0, "def": 85, "spa": 85, "spd": 85, "spe": 85}, "ivs": {"hp": 31, "atk": 0, "def": 31, "spa": 31, "spd": 31, "spe": 31}, "item": "Eviolite", "teraType": "Dark", "role": "Bulky Support", "bvs": {"hp": 250, "atk": 5, "def": 5, "spa": 35, "spd": 105, "spe": 50}, "stats": {"hp": 564, "atk": 13, "def": 57, "spa": 108, "spd": 227, "spe": 134}}, "Dondozo": {"name": "Dondozo", "species": "Dondozo", "speciesId": "dondozo", "gender": "M", "shiny": false, "level": 78, "moves": ["rest", "curse", "wavecrash", "sleeptalk"], "ability": "Unaware", "evs": {"hp": 85, "atk": 85, "def": 85, "spa": 85, "spd": 85, "spe": 85}, "ivs": {"hp": 31, "atk": 31, "def": 31, "spa": 31, "spd": 31, "spe": 31}, "item": "Leftovers", "teraType": "Fairy", "role": "Bulky Setup", "bvs": {"hp": 150, "atk": 100, "def": 115, "spa": 65, "spd": 65, "spe": 35}, "stats": {"hp": 362, "atk": 201, "def": 224, "spa": 146, "spd": 146, "spe": 100}}}, {"Indeedee": {"name": "Indeedee", "species": "Indeedee", "speciesId": "indeedee", "gender": "M", "shiny": false, "level": 84, "moves": ["hypervoice", "shadowball", "expandingforce", "calmmind"], "ability": "Psychic Surge", "evs": {"hp": 85, "atk": 0, "def": 85, "spa": 85, "spd": 85, "spe": 85}, "ivs": {"hp": 31, "atk": 0, "def": 31, "spa": 31, "spd": 31, "spe": 31}, "item": "Life Orb", "teraType": "Psychic", "role": "Fast Attacker", "bvs": {"hp": 60, "atk": 65, "def": 55, "spa": 105, "spd": 95, "spe": 95}, "stats": {"hp": 238, "atk": 114, "def": 141, "spa": 225, "spd": 208, "spe": 208}}, "Poliwrath": {"name": "Poliwrath", "species": "Poliwrath", "speciesId": "poliwrath", "gender": "M", "shiny": false, "level": 88, "moves": ["raindance", "knockoff", "closecombat", "liquidation"], "ability": "Swift Swim", "evs": {"hp": 85, "atk": 85, "def": 85, "spa": 85, "spd": 85, "spe": 85}, "ivs": {"hp": 31, "atk": 31, "def": 31, "spa": 31, "spd": 31, "spe": 31}, "item": "Life Orb", "teraType": "Water", "role": "Setup Sweeper", "bvs": {"hp": 90, "atk": 95, "def": 95, "spa": 70, "spd": 90, "spe": 70}, "stats": {"hp": 302, "atk": 217, "def": 217, "spa": 173, "spd": 209, "spe": 173}}, "Delibird": {"name": "Delibird", "species": "Delibird", "speciesId": "delibird", "gender": "M", "shiny": false, "level": 100, "moves": ["iceshard", "drillrun", "bravebird", "icespinner"], "ability": "Hustle", "evs": {"hp": 85, "atk": 85, "def": 85, "spa": 85, "spd": 85, "spe": 85}, "ivs": {"hp": 31, "atk": 31, "def": 31, "spa": 31, "spd": 31, "spe": 31}, "item": "Heavy-Duty Boots", "teraType": "Ground", "role": "Fast Attacker", "bvs": {"hp": 45, "atk": 55, "def": 45, "spa": 65, "spd": 45, "spe": 75}, "stats": {"hp": 252, "atk": 167, "def": 147, "spa": 187, "spd": 147, "spe": 207}}, "Kyurem": {"name": "Kyurem", "species": "Kyurem-White", "speciesId": "kyuremwhite", "gender": "N", "shiny": false, "level": 73, "moves": ["freezedry", "dracometeor", "fusionflare", "earthpower"], "ability": "Turboblaze", "evs": {"hp": 85, "atk": 0, "def": 85, "spa": 85, "spd": 85, "spe": 85}, "ivs": {"hp": 31, "atk": 0, "def": 31, "spa": 31, "spd": 31, "spe": 31}, "item": "Choice Specs", "teraType": "Fire", "role": "Fast Attacker", "bvs": {"hp": 125, "atk": 120, "def": 90, "spa": 170, "spd": 100, "spe": 95}, "stats": {"hp": 303, "atk": 180, "def": 174, "spa": 291, "spd": 188, "spe": 181}}, "Medicham": {"name": "Medicham", "species": "Medicham", "speciesId": "medicham", "gender": "F", "shiny": true, "level": 86, "moves": ["zenheadbutt", "trick", "closecombat", "icepunch"], "ability": "Pure Power", "evs": {"hp": 85, "atk": 85, "def": 85, "spa": 85, "spd": 85, "spe": 85}, "ivs": {"hp": 31, "atk": 31, "def": 31, "spa": 31, "spd": 31, "spe": 31}, "item": "Choice Scarf", "teraType": "Fighting", "role": "Fast Attacker", "bvs": {"hp": 60, "atk": 60, "def": 75, "spa": 60, "spd": 75, "spe": 80}, "stats": {"hp": 243, "atk": 152, "def": 178, "spa": 152, "spd": 178, "spe": 187}}, "Maushold": {"name": "Maushold", "species": "Maushold-Four", "speciesId": "maushold", "gender": "N", "shiny": false, "level": 76, "moves": ["tidyup", "populationbomb", "bite", "encore"], "ability": "Technician", "evs": {"hp": 85, "atk": 85, "def": 85, "spa": 85, "spd": 85, "spe": 85}, "ivs": {"hp": 31, "atk": 31, "def": 31, "spa": 31, "spd": 31, "spe": 31}, "item": "Wide Lens", "teraType": "Normal", "role": "Setup Sweeper", "bvs": {"hp": 74, "atk": 75, "def": 70, "spa": 65, "spd": 75, "spe": 111}, "stats": {"hp": 238, "atk": 158, "def": 150, "spa": 143, "spd": 158, "spe": 213}}}]}