{"id": "gen9randombattle-2631471623", "format": "[Gen 9] Random Battle", "players": ["Tarunda", "Rambie Drascal"], "log": "|j|\u2606Tarunda\n|j|\u2606Rambie Drascal\n|t:|1781388958\n|gametype|singles\n|player|p1|Tarunda|wallace|2036\n|player|p2|Rambie Drascal|ninjaboy|2098\n|gen|9\n|tier|[Gen 9] Random Battle\n|rated|\n|rule|Species Clause: Limit one of each Pok\u00e9mon\n|rule|HP Percentage Mod: HP is shown in percentages\n|rule|Sleep Clause Mod: Limit one foe put to sleep\n|rule|Illusion Level Mod: Illusion disguises the Pok\u00e9mon's true level\n|\n|t:|1781388958\n|teamsize|p1|6\n|teamsize|p2|6\n|start\n|switch|p1a: Flygon|Flygon, L82, M|265/265\n|switch|p2a: Coalossal|Coalossal, L89, M|341/341\n|turn|1\n|inactive|Battle timer is ON: inactive players will automatically lose when time's up. (requested by Rambie Drascal)\n|inactive|Tarunda also wants the timer to be on.\n|\n|t:|1781388966\n|switch|p2a: Mudsdale|Mudsdale, L83, M|302/302\n|move|p1a: Flygon|Dragon Dance|p1a: Flygon\n|-boost|p1a: Flygon|atk|1\n|-boost|p1a: Flygon|spe|1\n|\n|upkeep\n|turn|2\n|\n|t:|1781388974\n|move|p1a: Flygon|Outrage|p2a: Mudsdale\n|-damage|p2a: Mudsdale|143/302\n|-ability|p2a: Mudsdale|Stamina|boost\n|-boost|p2a: Mudsdale|def|1\n|move|p2a: Mudsdale|Stealth Rock|p1a: Flygon\n|-sidestart|p1: Tarunda|move: Stealth Rock\n|\n|-heal|p2a: Mudsdale|161/302|[from] item: Leftovers\n|upkeep\n|turn|3\n|\n|t:|1781388983\n|move|p1a: Flygon|Outrage|p2a: Mudsdale|[from] lockedmove\n|-damage|p2a: Mudsdale|52/302\n|-ability|p2a: Mudsdale|Stamina|boost\n|-boost|p2a: Mudsdale|def|1\n|move|p2a: Mudsdale|Roar|p1a: Flygon\n|drag|p1a: Pecharunt|Pecharunt, L77|262/262\n|-damage|p1a: Pecharunt|230/262|[from] Stealth Rock\n|\n|-heal|p2a: Mudsdale|70/302|[from] item: Leftovers\n|upkeep\n|turn|4\n|j| tocookorbecooked\n|l| tocookorbecooked\n|\n|t:|1781388998\n|move|p1a: Pecharunt|Shadow Ball|p2a: Mudsdale\n|-damage|p2a: Mudsdale|1/302\n|-ability|p2a: Mudsdale|Stamina|boost\n|-boost|p2a: Mudsdale|def|1\n|move|p2a: Mudsdale|Earthquake|p1a: Pecharunt\n|-supereffective|p1a: Pecharunt\n|-damage|p1a: Pecharunt|72/262\n|\n|-heal|p2a: Mudsdale|19/302|[from] item: Leftovers\n|upkeep\n|turn|5\n|\n|t:|1781389007\n|move|p1a: Pecharunt|Malignant Chain|p2a: Mudsdale\n|-resisted|p2a: Mudsdale\n|-damage|p2a: Mudsdale|0 fnt\n|faint|p2a: Mudsdale\n|\n|upkeep\n|\n|t:|1781389014\n|switch|p2a: Leavanny|Leavanny, L86, M|269/269\n|turn|6\n|\n|t:|1781389031\n|-terastallize|p1a: Pecharunt|Dark\n|move|p2a: Leavanny|Knock Off|p1a: Pecharunt\n|-resisted|p1a: Pecharunt\n|-damage|p1a: Pecharunt|46/262\n|-damage|p2a: Leavanny|225/269|[from] item: Rocky Helmet|[of] p1a: Pecharunt\n|-enditem|p1a: Pecharunt|Rocky Helmet|[from] move: Knock Off|[of] p2a: Leavanny\n|move|p1a: Pecharunt|Recover|p1a: Pecharunt\n|-heal|p1a: Pecharunt|177/262\n|\n|upkeep\n|turn|7\n|\n|t:|1781389040\n|switch|p2a: Vileplume|Vileplume, L85, M|266/266\n|move|p1a: Pecharunt|Malignant Chain|p2a: Vileplume\n|-damage|p2a: Vileplume|181/266\n|\n|-heal|p2a: Vileplume|197/266|[from] item: Leftovers\n|upkeep\n|turn|8\n|\n|t:|1781389048\n|move|p1a: Pecharunt|Parting Shot|p2a: Vileplume\n|-unboost|p2a: Vileplume|atk|1\n|-unboost|p2a: Vileplume|spa|1\n|\n|t:|1781389053\n|switch|p1a: Swalot|Swalot, L90, M|326/326|[from] Parting Shot\n|-damage|p1a: Swalot|286/326|[from] Stealth Rock\n|move|p2a: Vileplume|Giga Drain|p1a: Swalot\n|-resisted|p1a: Swalot\n|-damage|p1a: Swalot|254/326\n|-damage|p2a: Vileplume|181/266|[from] ability: Liquid Ooze|[of] p1a: Swalot\n|\n|-heal|p1a: Swalot|274/326|[from] item: Leftovers\n|-heal|p2a: Vileplume|197/266|[from] item: Leftovers\n|upkeep\n|turn|9\n|\n|t:|1781389063\n|move|p1a: Swalot|Knock Off|p2a: Vileplume\n|-damage|p2a: Vileplume|129/266\n|-status|p1a: Swalot|slp|[from] ability: Effect Spore|[of] p2a: Vileplume\n|-enditem|p2a: Vileplume|Leftovers|[from] move: Knock Off|[of] p1a: Swalot\n|move|p2a: Vileplume|Sleep Powder|p1a: Swalot|[miss]\n|-miss|p2a: Vileplume|p1a: Swalot\n|\n|-heal|p1a: Swalot|294/326 slp|[from] item: Leftovers\n|upkeep\n|turn|10\n|\n|t:|1781389072\n|switch|p2a: Leavanny|Leavanny, L86, M|225/269\n|cant|p1a: Swalot|slp\n|\n|-heal|p1a: Swalot|314/326 slp|[from] item: Leftovers\n|upkeep\n|turn|11\n|\n|t:|1781389080\n|move|p2a: Leavanny|Sticky Web|p1a: Swalot\n|-sidestart|p1: Tarunda|move: Sticky Web\n|cant|p1a: Swalot|slp\n|\n|-heal|p1a: Swalot|326/326 slp|[from] item: Leftovers\n|upkeep\n|turn|12\n|\n|t:|1781389085\n|switch|p2a: Vileplume|Vileplume, L85, M|129/266\n|-curestatus|p1a: Swalot|slp|[msg]\n|move|p1a: Swalot|Sludge Bomb|p2a: Vileplume\n|-damage|p2a: Vileplume|36/266\n|\n|upkeep\n|turn|13\n|\n|t:|1781389092\n|move|p1a: Swalot|Sludge Bomb|p2a: Vileplume\n|-damage|p2a: Vileplume|0 fnt\n|faint|p2a: Vileplume\n|\n|upkeep\n|\n|t:|1781389099\n|switch|p2a: Keldeo|Keldeo-Resolute, L79|273/273\n|turn|14\n|\n|t:|1781389105\n|move|p2a: Keldeo|Hydro Pump|p1a: Swalot\n|-damage|p1a: Swalot|206/326\n|move|p1a: Swalot|Sludge Bomb|p2a: Keldeo\n|-damage|p2a: Keldeo|174/273\n|\n|-heal|p1a: Swalot|226/326|[from] item: Leftovers\n|upkeep\n|turn|15\n|\n|t:|1781389113\n|move|p2a: Keldeo|Hydro Pump|p1a: Swalot\n|-damage|p1a: Swalot|96/326\n|move|p1a: Swalot|Toxic Spikes|p2a: Keldeo\n|-sidestart|p2: Rambie Drascal|move: Toxic Spikes\n|\n|-heal|p1a: Swalot|116/326|[from] item: Leftovers\n|upkeep\n|turn|16\n|\n|t:|1781389121\n|move|p2a: Keldeo|Hydro Pump|p1a: Swalot\n|-damage|p1a: Swalot|0 fnt\n|faint|p1a: Swalot\n|\n|upkeep\n|\n|t:|1781389130\n|switch|p1a: Flygon|Flygon, L82, M|265/265\n|-damage|p1a: Flygon|249/265|[from] Stealth Rock\n|turn|17\n|\n|t:|1781389136\n|move|p2a: Keldeo|Hydro Pump|p1a: Flygon\n|-crit|p1a: Flygon\n|-damage|p1a: Flygon|42/265\n|move|p1a: Flygon|Dragon Dance|p1a: Flygon\n|-boost|p1a: Flygon|atk|1\n|-boost|p1a: Flygon|spe|1\n|\n|upkeep\n|turn|18\n|\n|t:|1781389143\n|move|p2a: Keldeo|Hydro Pump|p1a: Flygon\n|-damage|p1a: Flygon|0 fnt\n|faint|p1a: Flygon\n|\n|upkeep\n|\n|t:|1781389155\n|switch|p1a: Serperior|Serperior, L79, M|248/248\n|-damage|p1a: Serperior|217/248|[from] Stealth Rock\n|-activate|p1a: Serperior|move: Sticky Web\n|-boost|p1a: Serperior|spe|1\n|turn|19\n|\n|t:|1781389162\n|switch|p2a: Leavanny|Leavanny, L86, M|225/269\n|-status|p2a: Leavanny|psn\n|move|p1a: Serperior|Leaf Storm|p2a: Leavanny\n|-resisted|p2a: Leavanny\n|-crit|p2a: Leavanny\n|-damage|p2a: Leavanny|170/269 psn\n|-boost|p1a: Serperior|spa|2\n|-damage|p1a: Serperior|193/248|[from] item: Life Orb\n|\n|-damage|p2a: Leavanny|137/269 psn|[from] psn\n|upkeep\n|turn|20\n|\n|t:|1781389176\n|switch|p1a: Pecharunt|Pecharunt, L77, tera:Dark|177/262\n|-damage|p1a: Pecharunt|145/262|[from] Stealth Rock\n|-activate|p1a: Pecharunt|move: Sticky Web\n|-unboost|p1a: Pecharunt|spe|1\n|move|p2a: Leavanny|Triple Axel|p1a: Pecharunt\n|-damage|p1a: Pecharunt|134/262\n|-damage|p1a: Pecharunt|111/262\n|-damage|p1a: Pecharunt|76/262\n|-hitcount|p1a: Pecharunt|3\n|\n|-damage|p2a: Leavanny|104/269 psn|[from] psn\n|upkeep\n|turn|21\n|\n|t:|1781389189\n|move|p2a: Leavanny|Bullet Seed|p1a: Pecharunt\n|-damage|p1a: Pecharunt|57/262\n|-damage|p1a: Pecharunt|36/262\n|-damage|p1a: Pecharunt|17/262\n|-damage|p1a: Pecharunt|0 fnt\n|faint|p1a: Pecharunt\n|-hitcount|p1: Pecharunt|4\n|\n|-damage|p2a: Leavanny|71/269 psn|[from] psn\n|upkeep\n|\n|t:|1781389211\n|switch|p1a: Greedent|Greedent, L86, M|347/347\n|-damage|p1a: Greedent|304/347|[from] Stealth Rock\n|-activate|p1a: Greedent|move: Sticky Web\n|-unboost|p1a: Greedent|spe|1\n|turn|22\n|\n|t:|1781389223\n|move|p2a: Leavanny|Knock Off|p1a: Greedent\n|-damage|p1a: Greedent|230/347\n|-enditem|p1a: Greedent|Sitrus Berry|[from] move: Knock Off|[of] p2a: Leavanny\n|move|p1a: Greedent|Swords Dance|p1a: Greedent\n|-boost|p1a: Greedent|atk|2\n|\n|-damage|p2a: Leavanny|38/269 psn|[from] psn\n|upkeep\n|turn|23\n|\n|t:|1781389231\n|move|p2a: Leavanny|Bullet Seed|p1a: Greedent\n|-damage|p1a: Greedent|203/347\n|-damage|p1a: Greedent|175/347\n|-damage|p1a: Greedent|147/347\n|-damage|p1a: Greedent|117/347\n|-hitcount|p1a: Greedent|4\n|move|p1a: Greedent|Body Slam|p2a: Leavanny\n|-damage|p2a: Leavanny|0 fnt\n|faint|p2a: Leavanny\n|\n|upkeep\n|\n|t:|1781389239\n|switch|p2a: Coalossal|Coalossal, L89, M|341/341\n|turn|24\n|\n|t:|1781389245\n|move|p2a: Coalossal|Stone Edge|p1a: Greedent\n|-damage|p1a: Greedent|18/347\n|move|p1a: Greedent|Earthquake|p2a: Coalossal\n|-supereffective|p2a: Coalossal\n|-crit|p2a: Coalossal\n|-damage|p2a: Coalossal|0 fnt\n|faint|p2a: Coalossal\n|\n|upkeep\n|\n|t:|1781389251\n|switch|p2a: Keldeo|Keldeo-Resolute, L79|174/273\n|-status|p2a: Keldeo|psn\n|turn|25\n|\n|t:|1781389256\n|move|p2a: Keldeo|Secret Sword|p1a: Greedent\n|-supereffective|p1a: Greedent\n|-damage|p1a: Greedent|0 fnt\n|faint|p1a: Greedent\n|\n|-damage|p2a: Keldeo|140/273 psn|[from] psn\n|upkeep\n|\n|t:|1781389276\n|switch|p1a: Minior|Minior, L79|224/224\n|-damage|p1a: Minior|168/224|[from] Stealth Rock\n|-formechange|p1a: Minior|Minior-Meteor||[from] ability: Shields Down\n|turn|26\n|\n|t:|1781389283\n|-terastallize|p2a: Keldeo|Fighting\n|move|p2a: Keldeo|Secret Sword|p1a: Minior\n|-damage|p1a: Minior|42/224\n|move|p1a: Minior|Shell Smash|p1a: Minior\n|-unboost|p1a: Minior|def|1\n|-unboost|p1a: Minior|spd|1\n|-boost|p1a: Minior|atk|2\n|-boost|p1a: Minior|spa|2\n|-boost|p1a: Minior|spe|2\n|-enditem|p1a: Minior|White Herb\n|-clearnegativeboost|p1a: Minior|[silent]\n|\n|-damage|p2a: Keldeo|106/273 psn|[from] psn\n|-formechange|p1a: Minior|Minior||[from] ability: Shields Down\n|upkeep\n|turn|27\n|\n|t:|1781389299\n|move|p1a: Minior|Acrobatics|p2a: Keldeo\n|-supereffective|p2a: Keldeo\n|-damage|p2a: Keldeo|0 fnt\n|faint|p2a: Keldeo\n|\n|upkeep\n|\n|t:|1781389301\n|switch|p2a: Comfey|Comfey, L85, F|225/225\n|-status|p2a: Comfey|psn\n|turn|28\n|\n|t:|1781389307\n|move|p2a: Comfey|Draining Kiss|p1a: Minior\n|-damage|p1a: Minior|0 fnt\n|faint|p1a: Minior\n|\n|-damage|p2a: Comfey|197/225 psn|[from] psn\n|upkeep\n|\n|t:|1781389314\n|switch|p1a: Serperior|Serperior, L79, M|193/248\n|-damage|p1a: Serperior|162/248|[from] Stealth Rock\n|-activate|p1a: Serperior|move: Sticky Web\n|-boost|p1a: Serperior|spe|1\n|turn|29\n|\n|t:|1781389319\n|move|p2a: Comfey|Draining Kiss|p1a: Serperior\n|-damage|p1a: Serperior|113/248\n|-heal|p2a: Comfey|225/225 psn|[from] drain|[of] p1a: Serperior\n|move|p1a: Serperior|Leaf Storm|p2a: Comfey\n|-damage|p2a: Comfey|107/225 psn\n|-boost|p1a: Serperior|spa|2\n|-damage|p1a: Serperior|89/248|[from] item: Life Orb\n|\n|-heal|p2a: Comfey|121/225 psn|[from] item: Leftovers\n|-damage|p2a: Comfey|93/225 psn|[from] psn\n|upkeep\n|turn|30\n|\n|t:|1781389331\n|move|p2a: Comfey|Draining Kiss|p1a: Serperior\n|-damage|p1a: Serperior|43/248\n|-heal|p2a: Comfey|128/225 psn|[from] drain|[of] p1a: Serperior\n|move|p1a: Serperior|Leaf Storm|p2a: Comfey|[miss]\n|-miss|p1a: Serperior|p2a: Comfey\n|\n|-heal|p2a: Comfey|142/225 psn|[from] item: Leftovers\n|-damage|p2a: Comfey|114/225 psn|[from] psn\n|upkeep\n|turn|31\n|-message|Tarunda forfeited.\n|\n|win|Rambie Drascal\n", "inputlog": ">version a8376a258c1d4662feba110a92103f3664a72141\n>start {\"formatid\":\"gen9randombattle\",\"seed\":\"sodium,d52d9ed12d960724834183e97b42a110\",\"rated\":\"Rated battle\"}\n>player p1 {\"name\":\"Tarunda\",\"avatar\":\"wallace\",\"rating\":2036,\"seed\":\"sodium,6c17ccd9f9500a60e4f0b9520acd0fd1\"}\n>player p2 {\"name\":\"Rambie Drascal\",\"avatar\":\"ninjaboy\",\"rating\":2098,\"seed\":\"sodium,993a5a03ad7d1698c55da12e3b217dec\"}\n>p1 move dragondance\n>p2 switch 5\n>p1 move outrage\n>p2 move stealthrock\n>p1 move outrage\n>p2 move roar\n>p1 move shadowball\n>p2 move earthquake\n>p1 move malignantchain\n>p2 move earthquake\n>p2 switch 2\n>p1 move recover terastallize\n>p2 move knockoff\n>p1 move malignantchain\n>p2 switch 4\n>p1 move partingshot\n>p2 move gigadrain\n>p1 switch 5\n>p1 move knockoff\n>p2 move sleeppowder\n>p1 move knockoff\n>p2 switch 4\n>p1 move sludgebomb\n>p2 move stickyweb\n>p1 move sludgebomb\n>p2 switch 4\n>p1 move sludgebomb\n>p2 move sleeppowder\n>p2 switch 3\n>p1 move sludgebomb\n>p2 move hydropump\n>p1 move toxicspikes\n>p2 move hydropump\n>p1 move sludgebomb\n>p2 move hydropump\n>p1 switch 2\n>p1 move dragondance\n>p2 move hydropump\n>p1 move outrage\n>p2 move hydropump\n>p1 switch 6\n>p1 move leafstorm\n>p2 switch 4\n>p1 switch 5\n>p2 move tripleaxel\n>p1 move recover\n>p2 move bulletseed\n>p1 switch 4\n>p1 move swordsdance\n>p2 move knockoff\n>p1 move bodyslam\n>p2 move bulletseed\n>p2 switch 5\n>p1 move earthquake\n>p2 move stoneedge\n>p2 switch 4\n>p1 move bodyslam\n>p2 move secretsword\n>p1 switch 3\n>p1 move shellsmash\n>p2 move secretsword terastallize\n>p1 move acrobatics\n>p2 move secretsword\n>p2 switch 6\n>p1 move acrobatics\n>p2 move drainingkiss\n>p1 switch 5\n>p1 move leafstorm\n>p2 move drainingkiss\n>p1 move leafstorm\n>p2 move drainingkiss\n>forcelose p1", "uploadtime": 1781388960, "views": 6, "formatid": "gen9randombattle", "rating": null, "private": 0, "password": null, "player_dets": [{"name": "Tarunda", "avatar": "wallace", "rating": 2036, "seed": "sodium,6c17ccd9f9500a60e4f0b9520acd0fd1"}, {"name": "Rambie Drascal", "avatar": "ninjaboy", "rating": 2098, "seed": "sodium,993a5a03ad7d1698c55da12e3b217dec"}], "teams_full": [{"Flygon": {"name": "Flygon", "species": "Flygon", "speciesId": "flygon", "gender": "M", "shiny": false, "level": 82, "moves": ["dragondance", "earthquake", "outrage", "stoneedge"], "ability": "Levitate", "evs": {"hp": 85, "atk": 85, "def": 85, "spa": 85, "spd": 85, "spe": 85}, "ivs": {"hp": 31, "atk": 31, "def": 31, "spa": 31, "spd": 31, "spe": 31}, "item": "Lum Berry", "teraType": "Ground", "role": "Fast Attacker", "bvs": {"hp": 80, "atk": 100, "def": 80, "spa": 80, "spd": 80, "spe": 100}, "stats": {"hp": 265, "atk": 211, "def": 178, "spa": 178, "spd": 178, "spe": 211}, "types": ["Ground", "Dragon"]}, "Pecharunt": {"name": "Pecharunt", "species": "Pecharunt", "speciesId": "pecharunt", "gender": "N", "shiny": false, "level": 77, "moves": ["malignantchain", "shadowball", "partingshot", "recover"], "ability": "Poison Puppeteer", "evs": {"hp": 85, "atk": 0, "def": 85, "spa": 85, "spd": 85, "spe": 85}, "ivs": {"hp": 31, "atk": 0, "def": 31, "spa": 31, "spd": 31, "spe": 31}, "item": "Rocky Helmet", "teraType": "Dark", "role": "Bulky Attacker", "bvs": {"hp": 88, "atk": 88, "def": 160, "spa": 88, "spd": 88, "spe": 88}, "stats": {"hp": 262, "atk": 140, "def": 291, "spa": 180, "spd": 180, "spe": 180}, "types": ["Poison", "Ghost"]}, "Minior": {"name": "Minior", "species": "Minior", "speciesId": "minior", "gender": "N", "shiny": false, "level": 79, "moves": ["acrobatics", "powergem", "shellsmash", "earthquake"], "ability": "Shields Down", "evs": {"hp": 85, "atk": 85, "def": 85, "spa": 85, "spd": 85, "spe": 85}, "ivs": {"hp": 31, "atk": 31, "def": 31, "spa": 31, "spd": 31, "spe": 31}, "item": "White Herb", "teraType": "Water", "role": "Setup Sweeper", "bvs": {"hp": 60, "atk": 100, "def": 60, "spa": 100, "spd": 60, "spe": 120}, "stats": {"hp": 224, "atk": 204, "def": 140, "spa": 204, "spd": 140, "spe": 235}, "types": ["Rock", "Flying"]}, "Greedent": {"name": "Greedent", "species": "Greedent", "speciesId": "greedent", "gender": "M", "shiny": false, "level": 86, "moves": ["knockoff", "swordsdance", "earthquake", "bodyslam"], "ability": "Cheek Pouch", "evs": {"hp": 85, "atk": 85, "def": 85, "spa": 85, "spd": 85, "spe": 85}, "ivs": {"hp": 31, "atk": 31, "def": 31, "spa": 31, "spd": 31, "spe": 31}, "item": "Sitrus Berry", "teraType": "Ghost", "role": "Bulky Setup", "bvs": {"hp": 120, "atk": 95, "def": 95, "spa": 55, "spd": 75, "spe": 20}, "stats": {"hp": 347, "atk": 213, "def": 213, "spa": 144, "spd": 178, "spe": 84}, "types": ["Normal"]}, "Swalot": {"name": "Swalot", "species": "Swalot", "speciesId": "swalot", "gender": "M", "shiny": false, "level": 90, "moves": ["knockoff", "encore", "toxicspikes", "sludgebomb"], "ability": "Liquid Ooze", "evs": {"hp": 85, "atk": 85, "def": 85, "spa": 85, "spd": 85, "spe": 85}, "ivs": {"hp": 31, "atk": 31, "def": 31, "spa": 31, "spd": 31, "spe": 31}, "item": "Leftovers", "teraType": "Dark", "role": "Bulky Attacker", "bvs": {"hp": 100, "atk": 73, "def": 83, "spa": 73, "spd": 83, "spe": 55}, "stats": {"hp": 326, "atk": 183, "def": 201, "spa": 183, "spd": 201, "spe": 150}, "types": ["Poison"]}, "Serperior": {"name": "Serperior", "species": "Serperior", "speciesId": "serperior", "gender": "M", "shiny": false, "level": 79, "moves": ["glare", "leafstorm", "synthesis", "dragonpulse"], "ability": "Contrary", "evs": {"hp": 85, "atk": 0, "def": 85, "spa": 85, "spd": 85, "spe": 85}, "ivs": {"hp": 31, "atk": 0, "def": 31, "spa": 31, "spd": 31, "spe": 31}, "item": "Life Orb", "teraType": "Water", "role": "Fast Attacker", "bvs": {"hp": 75, "atk": 75, "def": 95, "spa": 75, "spd": 95, "spe": 113}, "stats": {"hp": 248, "atk": 123, "def": 196, "spa": 164, "spd": 196, "spe": 224}, "types": ["Grass"]}}, {"Coalossal": {"name": "Coalossal", "species": "Coalossal", "speciesId": "coalossal", "gender": "M", "shiny": false, "level": 89, "moves": ["stoneedge", "overheat", "rapidspin", "spikes"], "ability": "Flame Body", "evs": {"hp": 85, "atk": 85, "def": 85, "spa": 85, "spd": 85, "spe": 85}, "ivs": {"hp": 31, "atk": 31, "def": 31, "spa": 31, "spd": 31, "spe": 31}, "item": "Heavy-Duty Boots", "teraType": "Water", "role": "Bulky Support", "bvs": {"hp": 110, "atk": 80, "def": 120, "spa": 80, "spd": 90, "spe": 30}, "stats": {"hp": 341, "atk": 193, "def": 264, "spa": 193, "spd": 211, "spe": 104}, "types": ["Rock", "Fire"]}, "Leavanny": {"name": "Leavanny", "species": "Leavanny", "speciesId": "leavanny", "gender": "M", "shiny": false, "level": 86, "moves": ["tripleaxel", "bulletseed", "knockoff", "stickyweb"], "ability": "Chlorophyll", "evs": {"hp": 85, "atk": 85, "def": 85, "spa": 85, "spd": 85, "spe": 85}, "ivs": {"hp": 31, "atk": 31, "def": 31, "spa": 31, "spd": 31, "spe": 31}, "item": "Loaded Dice", "teraType": "Ghost", "role": "Fast Attacker", "bvs": {"hp": 75, "atk": 103, "def": 80, "spa": 70, "spd": 80, "spe": 92}, "stats": {"hp": 269, "atk": 226, "def": 187, "spa": 170, "spd": 187, "spe": 207}, "types": ["Bug", "Grass"]}, "Keldeo": {"name": "Keldeo", "species": "Keldeo-Resolute", "speciesId": "keldeoresolute", "gender": "N", "shiny": false, "level": 79, "moves": ["flipturn", "hydropump", "secretsword", "airslash"], "ability": "Justified", "evs": {"hp": 85, "atk": 85, "def": 85, "spa": 85, "spd": 85, "spe": 85}, "ivs": {"hp": 31, "atk": 31, "def": 31, "spa": 31, "spd": 31, "spe": 31}, "item": "Choice Scarf", "teraType": "Fighting", "role": "Fast Attacker", "bvs": {"hp": 91, "atk": 72, "def": 90, "spa": 129, "spd": 90, "spe": 108}, "stats": {"hp": 273, "atk": 159, "def": 188, "spa": 249, "spd": 188, "spe": 216}, "types": ["Water", "Fighting"]}, "Vileplume": {"name": "Vileplume", "species": "Vileplume", "speciesId": "vileplume", "gender": "M", "shiny": false, "level": 85, "moves": ["gigadrain", "sludgebomb", "sleeppowder", "strengthsap"], "ability": "Effect Spore", "evs": {"hp": 85, "atk": 0, "def": 85, "spa": 85, "spd": 85, "spe": 85}, "ivs": {"hp": 31, "atk": 0, "def": 31, "spa": 31, "spd": 31, "spe": 31}, "item": "Leftovers", "teraType": "Water", "role": "Bulky Attacker", "bvs": {"hp": 75, "atk": 80, "def": 85, "spa": 110, "spd": 90, "spe": 50}, "stats": {"hp": 266, "atk": 141, "def": 193, "spa": 236, "spd": 202, "spe": 134}, "types": ["Grass", "Poison"]}, "Mudsdale": {"name": "Mudsdale", "species": "Mudsdale", "speciesId": "mudsdale", "gender": "M", "shiny": false, "level": 83, "moves": ["heavyslam", "roar", "earthquake", "stealthrock"], "ability": "Stamina", "evs": {"hp": 85, "atk": 85, "def": 85, "spa": 85, "spd": 85, "spe": 85}, "ivs": {"hp": 31, "atk": 31, "def": 31, "spa": 31, "spd": 31, "spe": 31}, "item": "Leftovers", "teraType": "Steel", "role": "Bulky Attacker", "bvs": {"hp": 100, "atk": 125, "def": 100, "spa": 55, "spd": 85, "spe": 35}, "stats": {"hp": 302, "atk": 255, "def": 214, "spa": 139, "spd": 189, "spe": 106}, "types": ["Ground"]}, "Comfey": {"name": "Comfey", "species": "Comfey", "speciesId": "comfey", "gender": "F", "shiny": false, "level": 85, "moves": ["terablast", "drainingkiss", "taunt", "calmmind"], "ability": "Triage", "evs": {"hp": 85, "atk": 0, "def": 85, "spa": 85, "spd": 85, "spe": 85}, "ivs": {"hp": 31, "atk": 0, "def": 31, "spa": 31, "spd": 31, "spe": 31}, "item": "Leftovers", "teraType": "Ground", "role": "Tera Blast user", "bvs": {"hp": 51, "atk": 52, "def": 90, "spa": 82, "spd": 110, "spe": 100}, "stats": {"hp": 225, "atk": 93, "def": 202, "spa": 188, "spd": 236, "spe": 219}, "types": ["Fairy"]}}]}