{"id": "gen9randombattle-2631457768", "format": "[Gen 9] Random Battle", "players": ["alvaro030", "Blyzy"], "log": "|j|\u2606alvaro030\n|j|\u2606Blyzy\n|t:|1781387079\n|gametype|singles\n|player|p1|alvaro030|1|1953\n|player|p2|Blyzy|cyclistf-gen4|1946\n|gen|9\n|tier|[Gen 9] Random Battle\n|rated|\n|rule|Species Clause: Limit one of each Pok\u00e9mon\n|rule|HP Percentage Mod: HP is shown in percentages\n|rule|Sleep Clause Mod: Limit one foe put to sleep\n|rule|Illusion Level Mod: Illusion disguises the Pok\u00e9mon's true level\n|\n|t:|1781387079\n|teamsize|p1|6\n|teamsize|p2|6\n|start\n|switch|p1a: Arceus|Arceus-Fire, L72|291/291\n|switch|p2a: Whimsicott|Whimsicott, L84, M|238/238\n|turn|1\n|l|\u2606Blyzy\n|player|p2|\n|inactive|Battle timer is ON: inactive players will automatically lose when time's up. (requested by alvaro030)\n|j|\u2606Blyzy\n|inactive|Blyzy reconnected and has 130 seconds left.\n|player|p2|Blyzy|cyclistf-gen4|\n|\n|t:|1781387127\n|move|p2a: Whimsicott|Substitute|p2a: Whimsicott\n|-start|p2a: Whimsicott|Substitute\n|-damage|p2a: Whimsicott|179/238\n|move|p1a: Arceus|Flare Blitz|p2a: Whimsicott\n|-supereffective|p2a: Whimsicott\n|-end|p2a: Whimsicott|Substitute\n|-damage|p1a: Arceus|272/291|[from] Recoil|[of] p2a: Whimsicott\n|\n|-heal|p2a: Whimsicott|193/238|[from] item: Leftovers\n|upkeep\n|turn|2\n|\n|t:|1781387139\n|move|p2a: Whimsicott|Substitute|p2a: Whimsicott\n|-start|p2a: Whimsicott|Substitute\n|-damage|p2a: Whimsicott|134/238\n|move|p1a: Arceus|Flare Blitz|p2a: Whimsicott\n|-supereffective|p2a: Whimsicott\n|-end|p2a: Whimsicott|Substitute\n|-damage|p1a: Arceus|253/291|[from] Recoil|[of] p2a: Whimsicott\n|\n|-heal|p2a: Whimsicott|148/238|[from] item: Leftovers\n|upkeep\n|turn|3\n|\n|t:|1781387144\n|switch|p2a: Tyranitar|Tyranitar, L78, F|284/284\n|-weather|Sandstorm|[from] ability: Sand Stream|[of] p2a: Tyranitar\n|move|p1a: Arceus|Flare Blitz|p2a: Tyranitar\n|-resisted|p2a: Tyranitar\n|-damage|p2a: Tyranitar|219/284\n|-damage|p1a: Arceus|232/291|[from] Recoil\n|\n|-weather|Sandstorm|[upkeep]\n|-damage|p1a: Arceus|214/291|[from] Sandstorm\n|upkeep\n|turn|4\n|\n|t:|1781387155\n|switch|p1a: Gastrodon|Gastrodon, L86, F|331/331\n|move|p2a: Tyranitar|Knock Off|p1a: Gastrodon\n|-damage|p1a: Gastrodon|186/331\n|-enditem|p1a: Gastrodon|Leftovers|[from] move: Knock Off|[of] p2a: Tyranitar\n|\n|-weather|Sandstorm|[upkeep]\n|upkeep\n|turn|5\n|\n|t:|1781387170\n|switch|p2a: Gardevoir|Gardevoir, L83, F|249/249\n|-ability|p2a: Gardevoir|Storm Drain|Trace|[from] ability: Trace|[of] p1a: Gastrodon\n|move|p1a: Gastrodon|Recover|p1a: Gastrodon\n|-heal|p1a: Gastrodon|331/331\n|\n|-weather|Sandstorm|[upkeep]\n|-damage|p2a: Gardevoir|234/249|[from] Sandstorm\n|upkeep\n|turn|6\n|\n|t:|1781387183\n|switch|p1a: Magnezone|Magnezone, L85|258/258\n|move|p2a: Gardevoir|Calm Mind|p2a: Gardevoir\n|-boost|p2a: Gardevoir|spa|1\n|-boost|p2a: Gardevoir|spd|1\n|\n|-weather|Sandstorm|[upkeep]\n|-damage|p2a: Gardevoir|219/249|[from] Sandstorm\n|upkeep\n|turn|7\n|\n|t:|1781387199\n|move|p2a: Gardevoir|Focus Blast|p1a: Magnezone\n|-supereffective|p1a: Magnezone\n|-damage|p1a: Magnezone|11/258\n|-damage|p2a: Gardevoir|195/249|[from] item: Life Orb\n|move|p1a: Magnezone|Volt Switch|p2a: Gardevoir\n|-damage|p2a: Gardevoir|144/249\n|\n|t:|1781387229\n|switch|p1a: Arceus|Arceus-Fire, L72|214/291|[from] Volt Switch\n|\n|-weather|none\n|upkeep\n|turn|8\n|inactive|Blyzy has 120 seconds left.\n|\n|t:|1781387260\n|switch|p2a: Tyranitar|Tyranitar, L78, F|219/284\n|-weather|Sandstorm|[from] ability: Sand Stream|[of] p2a: Tyranitar\n|move|p1a: Arceus|Flare Blitz|p2a: Tyranitar\n|-resisted|p2a: Tyranitar\n|-damage|p2a: Tyranitar|159/284\n|-status|p2a: Tyranitar|brn\n|-damage|p1a: Arceus|194/291|[from] Recoil\n|\n|-weather|Sandstorm|[upkeep]\n|-damage|p1a: Arceus|176/291|[from] Sandstorm\n|-damage|p2a: Tyranitar|142/284 brn|[from] brn\n|upkeep\n|turn|9\n|inactive|Blyzy has 120 seconds left.\n|\n|t:|1781387283\n|switch|p1a: Gastrodon|Gastrodon, L86, F|331/331\n|switch|p2a: Whimsicott|Whimsicott, L84, M|148/238\n|\n|-weather|Sandstorm|[upkeep]\n|-damage|p2a: Whimsicott|134/238|[from] Sandstorm\n|-heal|p2a: Whimsicott|148/238|[from] item: Leftovers\n|upkeep\n|turn|10\n|inactive|alvaro030 has 120 seconds left.\n|\n|t:|1781387308\n|move|p2a: Whimsicott|Leech Seed|p1a: Gastrodon\n|-start|p1a: Gastrodon|move: Leech Seed\n|move|p1a: Gastrodon|Sludge Bomb|p2a: Whimsicott\n|-supereffective|p2a: Whimsicott\n|-damage|p2a: Whimsicott|0 fnt\n|faint|p2a: Whimsicott\n|\n|-weather|Sandstorm|[upkeep]\n|upkeep\n|inactive|Blyzy has 120 seconds left.\n|\n|t:|1781387321\n|switch|p2a: Tropius|Tropius, L91, M|328/328\n|turn|11\n|inactive|alvaro030 has 120 seconds left.\n|\n|t:|1781387353\n|switch|p1a: Porygon-Z|Porygon-Z, L83|277/277\n|move|p2a: Tropius|Dragon Dance|p2a: Tropius\n|-boost|p2a: Tropius|atk|1\n|-boost|p2a: Tropius|spe|1\n|\n|-weather|Sandstorm|[upkeep]\n|-damage|p1a: Porygon-Z|260/277|[from] Sandstorm\n|-damage|p2a: Tropius|308/328|[from] Sandstorm\n|upkeep\n|turn|12\n|\n|t:|1781387367\n|move|p1a: Porygon-Z|Trick|p2a: Tropius\n|-activate|p1a: Porygon-Z|move: Trick|[of] p2a: Tropius\n|-item|p2a: Tropius|Choice Scarf|[from] move: Trick\n|-item|p1a: Porygon-Z|Sitrus Berry|[from] move: Trick\n|move|p2a: Tropius|Dual Wingbeat|p1a: Porygon-Z\n|-crit|p1a: Porygon-Z\n|-damage|p1a: Porygon-Z|152/277\n|-damage|p1a: Porygon-Z|86/277\n|-enditem|p1a: Porygon-Z|Sitrus Berry|[eat]\n|-heal|p1a: Porygon-Z|155/277|[from] item: Sitrus Berry\n|-hitcount|p1a: Porygon-Z|2\n|\n|-weather|none\n|upkeep\n|turn|13\n|\n|t:|1781387389\n|move|p2a: Tropius|Dual Wingbeat|p1a: Porygon-Z\n|-damage|p1a: Porygon-Z|89/277\n|-damage|p1a: Porygon-Z|20/277\n|-hitcount|p1a: Porygon-Z|2\n|move|p1a: Porygon-Z|Tri Attack|p2a: Tropius\n|-damage|p2a: Tropius|166/328\n|\n|upkeep\n|turn|14\n|\n|t:|1781387397\n|switch|p1a: Iron Crown|Iron Crown, L78|268/268\n|move|p2a: Tropius|Dual Wingbeat|p1a: Iron Crown\n|-resisted|p1a: Iron Crown\n|-damage|p1a: Iron Crown|238/268\n|-resisted|p1a: Iron Crown\n|-damage|p1a: Iron Crown|210/268\n|-hitcount|p1a: Iron Crown|2\n|\n|-heal|p1a: Iron Crown|226/268|[from] item: Leftovers\n|upkeep\n|turn|15\n|\n|t:|1781387406\n|switch|p2a: Tyranitar|Tyranitar, L78, F|142/284 brn\n|-weather|Sandstorm|[from] ability: Sand Stream|[of] p2a: Tyranitar\n|move|p1a: Iron Crown|Calm Mind|p1a: Iron Crown\n|-boost|p1a: Iron Crown|spa|1\n|-boost|p1a: Iron Crown|spd|1\n|\n|-weather|Sandstorm|[upkeep]\n|-heal|p1a: Iron Crown|242/268|[from] item: Leftovers\n|-damage|p2a: Tyranitar|125/284 brn|[from] brn\n|upkeep\n|turn|16\n|inactive|alvaro030 has 90 seconds left.\n|\n|t:|1781387440\n|-terastallize|p1a: Iron Crown|Steel\n|move|p1a: Iron Crown|Tachyon Cutter|p2a: Tyranitar\n|-supereffective|p2a: Tyranitar\n|-damage|p2a: Tyranitar|0 fnt\n|faint|p2a: Tyranitar\n|-hitcount|p2: Tyranitar|1\n|\n|-weather|Sandstorm|[upkeep]\n|-heal|p1a: Iron Crown|258/268|[from] item: Leftovers\n|upkeep\n|\n|t:|1781387466\n|switch|p2a: Pincurchin|Pincurchin, M|258/258\n|-fieldstart|move: Electric Terrain|[from] ability: Electric Surge|[of] p2a: Pincurchin\n|-activate|p1a: Iron Crown|ability: Quark Drive\n|-start|p1a: Iron Crown|quarkdrivespa\n|turn|17\n|inactive|alvaro030 has 90 seconds left.\n|-message|Blyzy forfeited.\n|\n|win|alvaro030\n", "inputlog": ">version a8376a258c1d4662feba110a92103f3664a72141\n>start {\"formatid\":\"gen9randombattle\",\"seed\":\"sodium,be6ad0aa51ddb72af05209b95f87aa50\",\"rated\":\"Rated battle\"}\n>player p1 {\"name\":\"alvaro030\",\"avatar\":\"1\",\"rating\":1953,\"seed\":\"sodium,17f56346aeb86877ba7467edbbe0b8a6\"}\n>player p2 {\"name\":\"Blyzy\",\"avatar\":\"cyclistf-gen4\",\"rating\":1946,\"seed\":\"sodium,60e02ce6c19c9696d36ff5acf622fa99\"}\n>p1 move flareblitz\n>p2 move substitute\n>p1 move flareblitz\n>p2 move substitute\n>p1 move flareblitz\n>p2 switch 5\n>p1 switch 3\n>p2 move knockoff\n>p1 move recover\n>p2 switch 6\n>p1 switch 6\n>p2 move calmmind\n>p1 move voltswitch\n>p2 move focusblast\n>p1 switch 3\n>p1 move flareblitz\n>p2 switch 6\n>p1 switch 6\n>p2 switch 5\n>p1 move sludgebomb\n>p2 move leechseed\n>p2 switch 4\n>p1 switch 5\n>p2 move dragondance\n>p1 move trick\n>p2 move dualwingbeat\n>p1 move triattack\n>p2 move dualwingbeat\n>p1 switch 4\n>p2 move dualwingbeat\n>p1 move calmmind\n>p2 switch 5\n>p1 move tachyoncutter terastallize\n>p2 move knockoff\n>p2 switch 3\n>forcelose p2", "uploadtime": 1781387081, "views": 7, "formatid": "gen9randombattle", "rating": null, "private": 0, "password": null, "player_dets": [{"name": "alvaro030", "avatar": "1", "rating": 1953, "seed": "sodium,17f56346aeb86877ba7467edbbe0b8a6"}, {"name": "Blyzy", "avatar": "cyclistf-gen4", "rating": 1946, "seed": "sodium,60e02ce6c19c9696d36ff5acf622fa99"}], "teams_full": [{"Arceus": {"name": "Arceus", "species": "Arceus-Fire", "speciesId": "arceusfire", "gender": "N", "shiny": false, "level": 72, "moves": ["recover", "extremespeed", "flareblitz", "swordsdance"], "ability": "Multitype", "evs": {"hp": 81, "atk": 85, "def": 85, "spa": 85, "spd": 85, "spe": 85}, "ivs": {"hp": 31, "atk": 31, "def": 31, "spa": 31, "spd": 31, "spe": 31}, "item": "Flame Plate", "teraType": "Fire", "role": "Setup Sweeper", "bvs": {"hp": 120, "atk": 120, "def": 120, "spa": 120, "spd": 120, "spe": 120}, "stats": {"hp": 291, "atk": 215, "def": 215, "spa": 215, "spd": 215, "spe": 215}, "types": ["Fire"]}, "Dragapult": {"name": "Dragapult", "species": "Dragapult", "speciesId": "dragapult", "gender": "F", "shiny": false, "level": 77, "moves": ["terablast", "fireblast", "dragondarts", "dragondance"], "ability": "Clear Body", "evs": {"hp": 85, "atk": 85, "def": 85, "spa": 85, "spd": 85, "spe": 85}, "ivs": {"hp": 31, "atk": 31, "def": 31, "spa": 31, "spd": 31, "spe": 31}, "item": "Life Orb", "teraType": "Ghost", "role": "Tera Blast user", "bvs": {"hp": 88, "atk": 120, "def": 75, "spa": 100, "spd": 75, "spe": 142}, "stats": {"hp": 262, "atk": 229, "def": 160, "spa": 199, "spd": 160, "spe": 263}, "types": ["Dragon", "Ghost"]}, "Gastrodon": {"name": "Gastrodon", "species": "Gastrodon", "speciesId": "gastrodon", "gender": "F", "shiny": false, "level": 86, "moves": ["stealthrock", "recover", "sludgebomb", "earthquake"], "ability": "Storm Drain", "evs": {"hp": 85, "atk": 85, "def": 85, "spa": 85, "spd": 85, "spe": 85}, "ivs": {"hp": 31, "atk": 31, "def": 31, "spa": 31, "spd": 31, "spe": 31}, "item": "Leftovers", "teraType": "Poison", "role": "Bulky Support", "bvs": {"hp": 111, "atk": 83, "def": 68, "spa": 92, "spd": 82, "spe": 39}, "stats": {"hp": 331, "atk": 192, "def": 166, "spa": 207, "spd": 190, "spe": 116}, "types": ["Water", "Ground"]}, "Iron Crown": {"name": "Iron Crown", "species": "Iron Crown", "speciesId": "ironcrown", "gender": "N", "shiny": false, "level": 78, "moves": ["calmmind", "focusblast", "psyshock", "tachyoncutter"], "ability": "Quark Drive", "evs": {"hp": 85, "atk": 0, "def": 85, "spa": 85, "spd": 85, "spe": 85}, "ivs": {"hp": 31, "atk": 0, "def": 31, "spa": 31, "spd": 31, "spe": 31}, "item": "Leftovers", "teraType": "Steel", "role": "Bulky Setup", "bvs": {"hp": 90, "atk": 72, "def": 100, "spa": 122, "spd": 108, "spe": 98}, "stats": {"hp": 268, "atk": 117, "def": 201, "spa": 235, "spd": 214, "spe": 198}, "types": ["Steel", "Psychic"]}, "Porygon-Z": {"name": "Porygon-Z", "species": "Porygon-Z", "speciesId": "porygonz", "gender": "N", "shiny": false, "level": 83, "moves": ["trick", "shadowball", "triattack", "thunderbolt"], "ability": "Adaptability", "evs": {"hp": 85, "atk": 0, "def": 85, "spa": 85, "spd": 85, "spe": 85}, "ivs": {"hp": 31, "atk": 0, "def": 31, "spa": 31, "spd": 31, "spe": 31}, "item": "Choice Scarf", "teraType": "Ghost", "role": "Fast Attacker", "bvs": {"hp": 85, "atk": 80, "def": 70, "spa": 135, "spd": 75, "spe": 90}, "stats": {"hp": 277, "atk": 137, "def": 164, "spa": 272, "spd": 172, "spe": 197}, "types": ["Normal"]}, "Magnezone": {"name": "Magnezone", "species": "Magnezone", "speciesId": "magnezone", "gender": "N", "shiny": false, "level": 85, "moves": ["voltswitch", "thunderbolt", "flashcannon", "mirrorcoat"], "ability": "Magnet Pull", "evs": {"hp": 85, "atk": 0, "def": 85, "spa": 85, "spd": 85, "spe": 85}, "ivs": {"hp": 31, "atk": 0, "def": 31, "spa": 31, "spd": 31, "spe": 31}, "item": "Assault Vest", "teraType": "Flying", "role": "AV Pivot", "bvs": {"hp": 70, "atk": 70, "def": 115, "spa": 130, "spd": 90, "spe": 60}, "stats": {"hp": 258, "atk": 124, "def": 244, "spa": 270, "spd": 202, "spe": 151}, "types": ["Electric", "Steel"]}}, {"Whimsicott": {"name": "Whimsicott", "species": "Whimsicott", "speciesId": "whimsicott", "gender": "M", "shiny": false, "level": 84, "moves": ["encore", "moonblast", "substitute", "leechseed"], "ability": "Prankster", "evs": {"hp": 85, "atk": 0, "def": 85, "spa": 85, "spd": 85, "spe": 85}, "ivs": {"hp": 31, "atk": 0, "def": 31, "spa": 31, "spd": 31, "spe": 31}, "item": "Leftovers", "teraType": "Steel", "role": "Bulky Support", "bvs": {"hp": 60, "atk": 67, "def": 85, "spa": 77, "spd": 75, "spe": 116}, "stats": {"hp": 238, "atk": 117, "def": 191, "spa": 178, "spd": 174, "spe": 243}, "types": ["Grass", "Fairy"]}, "Copperajah": {"name": "Copperajah", "species": "Copperajah", "speciesId": "copperajah", "gender": "M", "shiny": false, "level": 86, "moves": ["superpower", "playrough", "ironhead", "rockslide"], "ability": "Sheer Force", "evs": {"hp": 85, "atk": 85, "def": 85, "spa": 85, "spd": 85, "spe": 85}, "ivs": {"hp": 31, "atk": 31, "def": 31, "spa": 31, "spd": 31, "spe": 31}, "item": "Life Orb", "teraType": "Fairy", "role": "Wallbreaker", "bvs": {"hp": 122, "atk": 130, "def": 69, "spa": 80, "spd": 69, "spe": 30}, "stats": {"hp": 350, "atk": 273, "def": 168, "spa": 187, "spd": 168, "spe": 101}, "types": ["Steel"]}, "Pincurchin": {"name": "Pincurchin", "species": "Pincurchin", "speciesId": "pincurchin", "gender": "M", "shiny": false, "level": 100, "moves": ["scald", "spikes", "recover", "thunderbolt"], "ability": "Electric Surge", "evs": {"hp": 85, "atk": 0, "def": 85, "spa": 85, "spd": 85, "spe": 85}, "ivs": {"hp": 31, "atk": 0, "def": 31, "spa": 31, "spd": 31, "spe": 31}, "item": "Leftovers", "teraType": "Water", "role": "Bulky Attacker", "bvs": {"hp": 48, "atk": 101, "def": 95, "spa": 91, "spd": 85, "spe": 15}, "stats": {"hp": 258, "atk": 207, "def": 247, "spa": 239, "spd": 227, "spe": 87}, "types": ["Electric"]}, "Tropius": {"name": "Tropius", "species": "Tropius", "speciesId": "tropius", "gender": "M", "shiny": false, "level": 91, "moves": ["earthquake", "dualwingbeat", "synthesis", "dragondance"], "ability": "Harvest", "evs": {"hp": 85, "atk": 85, "def": 85, "spa": 85, "spd": 85, "spe": 85}, "ivs": {"hp": 31, "atk": 31, "def": 31, "spa": 31, "spd": 31, "spe": 31}, "item": "Sitrus Berry", "teraType": "Ground", "role": "Setup Sweeper", "bvs": {"hp": 99, "atk": 68, "def": 83, "spa": 72, "spd": 87, "spe": 51}, "stats": {"hp": 328, "atk": 176, "def": 203, "spa": 183, "spd": 210, "spe": 145}, "types": ["Grass", "Flying"]}, "Tyranitar": {"name": "Tyranitar", "species": "Tyranitar", "speciesId": "tyranitar", "gender": "F", "shiny": false, "level": 78, "moves": ["dragondance", "knockoff", "icepunch", "stoneedge"], "ability": "Sand Stream", "evs": {"hp": 85, "atk": 85, "def": 85, "spa": 85, "spd": 85, "spe": 85}, "ivs": {"hp": 31, "atk": 31, "def": 31, "spa": 31, "spd": 31, "spe": 31}, "item": "Weakness Policy", "teraType": "Rock", "role": "Bulky Setup", "bvs": {"hp": 100, "atk": 134, "def": 110, "spa": 95, "spd": 100, "spe": 61}, "stats": {"hp": 284, "atk": 254, "def": 217, "spa": 193, "spd": 201, "spe": 140}, "types": ["Rock", "Dark"]}, "Gardevoir": {"name": "Gardevoir", "species": "Gardevoir", "speciesId": "gardevoir", "gender": "F", "shiny": false, "level": 83, "moves": ["psyshock", "moonblast", "focusblast", "calmmind"], "ability": "Trace", "evs": {"hp": 85, "atk": 0, "def": 85, "spa": 85, "spd": 85, "spe": 85}, "ivs": {"hp": 31, "atk": 0, "def": 31, "spa": 31, "spd": 31, "spe": 31}, "item": "Life Orb", "teraType": "Fairy", "role": "Fast Attacker", "bvs": {"hp": 68, "atk": 65, "def": 65, "spa": 125, "spd": 115, "spe": 80}, "stats": {"hp": 249, "atk": 112, "def": 156, "spa": 255, "spd": 239, "spe": 180}, "types": ["Psychic", "Fairy"]}}]}