{"id": "gen9randombattle-2631366366", "format": "[Gen 9] Random Battle", "players": ["DustyHey1", "UncleKrack"], "log": "|j|\u2606DustyHey1\n|j|\u2606UncleKrack\n|t:|1781376225\n|gametype|singles\n|player|p1|DustyHey1|ninjaboy|1506\n|player|p2|UncleKrack|emmet|1490\n|gen|9\n|tier|[Gen 9] Random Battle\n|rated|\n|rule|Species Clause: Limit one of each Pok\u00e9mon\n|rule|HP Percentage Mod: HP is shown in percentages\n|rule|Sleep Clause Mod: Limit one foe put to sleep\n|rule|Illusion Level Mod: Illusion disguises the Pok\u00e9mon's true level\n|\n|t:|1781376225\n|teamsize|p1|6\n|teamsize|p2|6\n|start\n|switch|p1a: Iron Hands|Iron Hands, L79|373/373\n|switch|p2a: Fezandipiti|Fezandipiti, L82, M|278/278\n|turn|1\n|inactive|Battle timer is ON: inactive players will automatically lose when time's up. (requested by UncleKrack)\n|\n|t:|1781376241\n|-end|p1a: Iron Hands|Quark Drive|[silent]\n|switch|p1a: Regigigas|Regigigas, L84|322/322\n|-start|p1a: Regigigas|ability: Slow Start\n|move|p2a: Fezandipiti|Beat Up|p1a: Regigigas\n|-crit|p1a: Regigigas\n|-damage|p1a: Regigigas|309/322\n|-damage|p1a: Regigigas|302/322\n|-damage|p1a: Regigigas|294/322\n|-damage|p1a: Regigigas|282/322\n|-status|p1a: Regigigas|tox|[from] ability: Toxic Chain|[of] p2a: Fezandipiti\n|-damage|p1a: Regigigas|275/322 tox\n|-damage|p1a: Regigigas|265/322 tox\n|-hitcount|p1a: Regigigas|6\n|\n|-heal|p1a: Regigigas|285/322 tox|[from] item: Leftovers\n|-damage|p1a: Regigigas|265/322 tox|[from] psn\n|upkeep\n|turn|2\n|inactive|UncleKrack has 120 seconds left.\n|\n|t:|1781376287\n|switch|p1a: Mudsdale|Mudsdale, L83, M|302/302\n|move|p2a: Fezandipiti|Gunk Shot|p1a: Mudsdale\n|-resisted|p1a: Mudsdale\n|-damage|p1a: Mudsdale|251/302\n|-ability|p1a: Mudsdale|Stamina|boost\n|-boost|p1a: Mudsdale|def|1\n|-status|p1a: Mudsdale|tox|[from] ability: Toxic Chain|[of] p2a: Fezandipiti\n|\n|-heal|p1a: Mudsdale|269/302 tox|[from] item: Leftovers\n|-damage|p1a: Mudsdale|251/302 tox|[from] psn\n|upkeep\n|turn|3\n|\n|t:|1781376302\n|switch|p2a: Hydrapple|Hydrapple, L83, M|312/312\n|move|p1a: Mudsdale|Heavy Slam|p2a: Hydrapple\n|-damage|p2a: Hydrapple|226/312\n|\n|-heal|p1a: Mudsdale|269/302 tox|[from] item: Leftovers\n|-damage|p1a: Mudsdale|233/302 tox|[from] psn\n|upkeep\n|turn|4\n|\n|t:|1781376314\n|switch|p1a: Regigigas|Regigigas, L84|265/322 tox\n|-start|p1a: Regigigas|ability: Slow Start\n|move|p2a: Hydrapple|Leaf Storm|p1a: Regigigas\n|-damage|p1a: Regigigas|63/322 tox\n|-unboost|p2a: Hydrapple|spa|2\n|\n|-heal|p1a: Regigigas|83/322 tox|[from] item: Leftovers\n|-damage|p1a: Regigigas|63/322 tox|[from] psn\n|upkeep\n|turn|5\n|\n|t:|1781376332\n|move|p2a: Hydrapple|Leaf Storm|p1a: Regigigas|[miss]\n|-miss|p2a: Hydrapple|p1a: Regigigas\n|move|p1a: Regigigas|Knock Off|p2a: Hydrapple\n|-damage|p2a: Hydrapple|179/312\n|-enditem|p2a: Hydrapple|Choice Specs|[from] move: Knock Off|[of] p1a: Regigigas\n|\n|-heal|p1a: Regigigas|83/322 tox|[from] item: Leftovers\n|-damage|p1a: Regigigas|43/322 tox|[from] psn\n|upkeep\n|turn|6\n|\n|t:|1781376339\n|move|p2a: Hydrapple|Fickle Beam|p1a: Regigigas\n|-crit|p1a: Regigigas\n|-damage|p1a: Regigigas|0 fnt\n|faint|p1a: Regigigas\n|-end|p1a: Regigigas|Slow Start|[silent]\n|\n|upkeep\n|\n|t:|1781376351\n|switch|p1a: Iron Hands|Iron Hands, L79|373/373\n|turn|7\n|\n|t:|1781376357\n|switch|p2a: Volcarona|Volcarona, L77, F|257/257\n|move|p1a: Iron Hands|Ice Punch|p2a: Volcarona\n|-resisted|p2a: Volcarona\n|-damage|p2a: Volcarona|214/257\n|\n|upkeep\n|turn|8\n|inactive|UncleKrack has 120 seconds left.\n|\n|t:|1781376367\n|-end|p1a: Iron Hands|Quark Drive|[silent]\n|switch|p1a: Mudsdale|Mudsdale, L83, M|233/302 tox\n|move|p2a: Volcarona|Quiver Dance|p2a: Volcarona\n|-boost|p2a: Volcarona|spa|1\n|-boost|p2a: Volcarona|spd|1\n|-boost|p2a: Volcarona|spe|1\n|\n|-heal|p1a: Mudsdale|251/302 tox|[from] item: Leftovers\n|-damage|p1a: Mudsdale|233/302 tox|[from] psn\n|upkeep\n|turn|9\n|\n|t:|1781376375\n|-terastallize|p2a: Volcarona|Grass\n|move|p2a: Volcarona|Giga Drain|p1a: Mudsdale\n|-supereffective|p1a: Mudsdale\n|-damage|p1a: Mudsdale|0 fnt\n|-heal|p2a: Volcarona|257/257|[from] drain|[of] p1a: Mudsdale\n|faint|p1a: Mudsdale\n|\n|upkeep\n|\n|t:|1781376389\n|switch|p1a: Iron Hands|Iron Hands, L79|373/373\n|turn|10\n|\n|t:|1781376397\n|move|p2a: Volcarona|Fiery Dance|p1a: Iron Hands\n|-crit|p1a: Iron Hands\n|-damage|p1a: Iron Hands|192/373\n|-boost|p2a: Volcarona|spa|1\n|move|p1a: Iron Hands|Ice Punch|p2a: Volcarona\n|-supereffective|p2a: Volcarona\n|-damage|p2a: Volcarona|99/257\n|\n|upkeep\n|turn|11\n|\n|t:|1781376406\n|move|p2a: Volcarona|Fiery Dance|p1a: Iron Hands\n|-damage|p1a: Iron Hands|38/373\n|-boost|p2a: Volcarona|spa|1\n|move|p1a: Iron Hands|Ice Punch|p2a: Volcarona\n|-supereffective|p2a: Volcarona\n|-damage|p2a: Volcarona|0 fnt\n|faint|p2a: Volcarona\n|\n|upkeep\n|\n|t:|1781376416\n|switch|p2a: Fezandipiti|Fezandipiti, L82, M|278/278\n|turn|12\n|\n|t:|1781376439\n|-end|p1a: Iron Hands|Quark Drive|[silent]\n|switch|p1a: Jumpluff|Jumpluff, L87, F|271/271\n|move|p2a: Fezandipiti|Moonblast|p1a: Jumpluff\n|-damage|p1a: Jumpluff|202/271\n|\n|upkeep\n|turn|13\n|inactive|DustyHey1 has 120 seconds left.\n|\n|t:|1781376467\n|switch|p2a: Rhydon|Rhydon, L85, F|317/317\n|move|p1a: Jumpluff|Sleep Powder|p2a: Rhydon\n|-status|p2a: Rhydon|slp|[from] move: Sleep Powder\n|\n|upkeep\n|turn|14\n|inactive|DustyHey1 has 120 seconds left.\n|\n|t:|1781376478\n|switch|p2a: Dragalge|Dragalge, L88, M|258/258\n|move|p1a: Jumpluff|Strength Sap|p2a: Dragalge\n|-unboost|p2a: Dragalge|atk|1\n|-heal|p1a: Jumpluff|271/271\n|\n|upkeep\n|turn|15\n|inactive|DustyHey1 has 120 seconds left.\n|\n|t:|1781376500\n|move|p1a: Jumpluff|Acrobatics|p2a: Dragalge\n|-damage|p2a: Dragalge|177/258\n|move|p2a: Dragalge|Focus Blast|p1a: Jumpluff|[miss]\n|-miss|p2a: Dragalge|p1a: Jumpluff\n|\n|upkeep\n|turn|16\n|\n|t:|1781376506\n|move|p1a: Jumpluff|Acrobatics|p2a: Dragalge\n|-damage|p2a: Dragalge|95/258\n|move|p2a: Dragalge|Sludge Wave|p1a: Jumpluff\n|-supereffective|p1a: Jumpluff\n|-damage|p1a: Jumpluff|0 fnt\n|faint|p1a: Jumpluff\n|\n|upkeep\n|\n|t:|1781376517\n|switch|p1a: Lunala|Lunala, L70|308/308\n|turn|17\n|\n|t:|1781376527\n|move|p1a: Lunala|Calm Mind|p1a: Lunala\n|-boost|p1a: Lunala|spa|1\n|-boost|p1a: Lunala|spd|1\n|move|p2a: Dragalge|Dragon Tail|p1a: Lunala\n|-damage|p1a: Lunala|274/308\n|drag|p1a: Iron Hands|Iron Hands, L79|38/373\n|\n|upkeep\n|turn|18\n|\n|t:|1781376540\n|switch|p2a: Fezandipiti|Fezandipiti, L82, M|278/278\n|move|p1a: Iron Hands|Ice Punch|p2a: Fezandipiti\n|-damage|p2a: Fezandipiti|213/278\n|\n|-heal|p2a: Fezandipiti|230/278|[from] item: Leftovers\n|upkeep\n|turn|19\n|\n|t:|1781376549\n|move|p2a: Fezandipiti|Moonblast|p1a: Iron Hands\n|-supereffective|p1a: Iron Hands\n|-damage|p1a: Iron Hands|0 fnt\n|faint|p1a: Iron Hands\n|-end|p1a: Iron Hands|Quark Drive|[silent]\n|\n|-heal|p2a: Fezandipiti|247/278|[from] item: Leftovers\n|upkeep\n|\n|t:|1781376559\n|switch|p1a: Lunala|Lunala, L70|274/308\n|turn|20\n|\n|t:|1781376566\n|move|p2a: Fezandipiti|Beat Up|p1a: Lunala\n|-supereffective|p1a: Lunala\n|-damage|p1a: Lunala|230/308\n|-supereffective|p1a: Lunala\n|-damage|p1a: Lunala|186/308\n|-status|p1a: Lunala|tox|[from] ability: Toxic Chain|[of] p2a: Fezandipiti\n|-supereffective|p1a: Lunala\n|-damage|p1a: Lunala|146/308 tox\n|-supereffective|p1a: Lunala\n|-damage|p1a: Lunala|98/308 tox\n|-hitcount|p1a: Lunala|4\n|move|p1a: Lunala|Psyshock|p2a: Fezandipiti\n|-supereffective|p2a: Fezandipiti\n|-damage|p2a: Fezandipiti|67/278\n|\n|-heal|p2a: Fezandipiti|84/278|[from] item: Leftovers\n|-heal|p1a: Lunala|117/308 tox|[from] item: Leftovers\n|-damage|p1a: Lunala|98/308 tox|[from] psn\n|upkeep\n|turn|21\n|inactive|DustyHey1 has 120 seconds left.\n|\n|t:|1781376584\n|move|p2a: Fezandipiti|Beat Up|p1a: Lunala\n|-supereffective|p1a: Lunala\n|-damage|p1a: Lunala|54/308 tox\n|-supereffective|p1a: Lunala\n|-damage|p1a: Lunala|14/308 tox\n|-supereffective|p1a: Lunala\n|-damage|p1a: Lunala|0 fnt\n|faint|p1a: Lunala\n|-hitcount|p1: Lunala|3\n|\n|-heal|p2a: Fezandipiti|101/278|[from] item: Leftovers\n|upkeep\n|\n|t:|1781376586\n|switch|p1a: Gogoat|Gogoat, L88, F|360/360\n|turn|22\n|inactive|DustyHey1 has 120 seconds left.\n|\n|t:|1781376605\n|move|p2a: Fezandipiti|Beat Up|p1a: Gogoat\n|-damage|p1a: Gogoat|349/360\n|-damage|p1a: Gogoat|338/360\n|-damage|p1a: Gogoat|328/360\n|-status|p1a: Gogoat|tox|[from] ability: Toxic Chain|[of] p2a: Fezandipiti\n|-damage|p1a: Gogoat|314/360 tox\n|-hitcount|p1a: Gogoat|4\n|move|p1a: Gogoat|Earthquake|p2a: Fezandipiti\n|-supereffective|p2a: Fezandipiti\n|-damage|p2a: Fezandipiti|0 fnt\n|faint|p2a: Fezandipiti\n|\n|-heal|p1a: Gogoat|336/360 tox|[from] item: Leftovers\n|-damage|p1a: Gogoat|314/360 tox|[from] psn\n|upkeep\n|\n|t:|1781376617\n|switch|p2a: Gumshoos|Gumshoos, L95, M|321/321\n|turn|23\n|\n|t:|1781376624\n|move|p1a: Gogoat|Bulk Up|p1a: Gogoat\n|-boost|p1a: Gogoat|atk|1\n|-boost|p1a: Gogoat|def|1\n|move|p2a: Gumshoos|Double-Edge|p1a: Gogoat\n|-damage|p1a: Gogoat|97/360 tox\n|-damage|p2a: Gumshoos|249/321|[from] Recoil\n|\n|-heal|p1a: Gogoat|119/360 tox|[from] item: Leftovers\n|-damage|p1a: Gogoat|75/360 tox|[from] psn\n|upkeep\n|turn|24\n|\n|t:|1781376629\n|move|p1a: Gogoat|Horn Leech|p2a: Gumshoos\n|-damage|p2a: Gumshoos|90/321\n|-heal|p1a: Gogoat|155/360 tox|[from] drain|[of] p2a: Gumshoos\n|move|p2a: Gumshoos|Double-Edge|p1a: Gogoat\n|-damage|p1a: Gogoat|0 fnt\n|faint|p1a: Gogoat\n|-damage|p2a: Gumshoos|39/321|[from] Recoil\n|\n|win|UncleKrack\n|raw|DustyHey1's rating: 1506 &rarr; <strong>1485</strong><br />(-21 for losing)\n|raw|UncleKrack's rating: 1490 &rarr; <strong>1511</strong><br />(+21 for winning)\n", "inputlog": ">version a8376a258c1d4662feba110a92103f3664a72141\n>start {\"formatid\":\"gen9randombattle\",\"seed\":\"sodium,ec530a0a2a5f39f00e905e80c8485c4f\",\"rated\":\"Rated battle\"}\n>player p1 {\"name\":\"DustyHey1\",\"avatar\":\"ninjaboy\",\"rating\":1506,\"seed\":\"sodium,7a73e8be3df38cbe4fb0c06b45633538\"}\n>player p2 {\"name\":\"UncleKrack\",\"avatar\":\"emmet\",\"rating\":1490,\"seed\":\"sodium,68e3d07d029dd049e4cf53cc3e034aff\"}\n>p1 switch 2\n>p2 move beatup\n>p1 switch 5\n>p2 move gunkshot\n>p1 move heavyslam\n>p2 switch 3\n>p1 switch 5\n>p2 move leafstorm\n>p1 move knockoff\n>p2 move leafstorm\n>p1 move bodyslam\n>p2 move ficklebeam\n>p1 switch 2\n>p1 move icepunch\n>p2 switch 2\n>p1 switch 5\n>p2 move quiverdance\n>p1 move roar\n>p2 move gigadrain terastallize\n>p1 switch 5\n>p1 move icepunch\n>p2 move fierydance\n>p1 move icepunch\n>p2 move fierydance\n>p2 switch 3\n>p1 switch 4\n>p2 move moonblast\n>p1 move sleeppowder\n>p2 switch 4\n>p1 move strengthsap\n>p2 switch 5\n>p1 move acrobatics\n>p2 move focusblast\n>p1 move acrobatics\n>p2 move sludgewave\n>p1 switch 3\n>p1 move calmmind\n>p2 move dragontail\n>p1 move icepunch\n>p2 switch 4\n>p1 move voltswitch\n>p2 move moonblast\n>p1 switch 4\n>p1 move psyshock\n>p2 move beatup\n>p1 move psyshock\n>p2 move beatup\n>p1 switch 6\n>p1 move earthquake\n>p2 move beatup\n>p2 switch 6\n>p1 move bulkup\n>p2 move doubleedge\n>p1 move hornleech\n>p2 move doubleedge", "uploadtime": 1781376630, "views": 6, "formatid": "gen9randombattle", "rating": 1485, "private": 0, "password": null, "player_dets": [{"name": "DustyHey1", "avatar": "ninjaboy", "rating": 1506, "seed": "sodium,7a73e8be3df38cbe4fb0c06b45633538"}, {"name": "UncleKrack", "avatar": "emmet", "rating": 1490, "seed": "sodium,68e3d07d029dd049e4cf53cc3e034aff"}], "teams_full": [{"Iron Hands": {"name": "Iron Hands", "species": "Iron Hands", "speciesId": "ironhands", "gender": "N", "shiny": false, "level": 79, "moves": ["icepunch", "voltswitch", "wildcharge", "closecombat"], "ability": "Quark Drive", "evs": {"hp": 85, "atk": 85, "def": 85, "spa": 85, "spd": 85, "spe": 85}, "ivs": {"hp": 31, "atk": 31, "def": 31, "spa": 31, "spd": 31, "spe": 31}, "item": "Assault Vest", "teraType": "Electric", "role": "AV Pivot", "bvs": {"hp": 154, "atk": 140, "def": 108, "spa": 50, "spd": 68, "spe": 50}, "stats": {"hp": 373, "atk": 267, "def": 216, "spa": 125, "spd": 153, "spe": 125}, "types": ["Fighting", "Electric"]}, "Regigigas": {"name": "Regigigas", "species": "Regigigas", "speciesId": "regigigas", "gender": "N", "shiny": false, "level": 84, "moves": ["protect", "bodyslam", "substitute", "knockoff"], "ability": "Slow Start", "evs": {"hp": 85, "atk": 85, "def": 85, "spa": 85, "spd": 85, "spe": 85}, "ivs": {"hp": 31, "atk": 31, "def": 31, "spa": 31, "spd": 31, "spe": 31}, "item": "Leftovers", "teraType": "Ghost", "role": "Bulky Attacker", "bvs": {"hp": 110, "atk": 160, "def": 110, "spa": 80, "spd": 110, "spe": 100}, "stats": {"hp": 322, "atk": 317, "def": 233, "spa": 183, "spd": 233, "spe": 216}, "types": ["Normal"]}, "Lunala": {"name": "Lunala", "species": "Lunala", "speciesId": "lunala", "gender": "N", "shiny": false, "level": 70, "moves": ["psyshock", "calmmind", "moonlight", "moongeistbeam"], "ability": "Shadow Shield", "evs": {"hp": 85, "atk": 0, "def": 85, "spa": 85, "spd": 85, "spe": 85}, "ivs": {"hp": 31, "atk": 0, "def": 31, "spa": 31, "spd": 31, "spe": 31}, "item": "Leftovers", "teraType": "Fairy", "role": "Fast Bulky Setup", "bvs": {"hp": 137, "atk": 113, "def": 89, "spa": 137, "spd": 107, "spe": 97}, "stats": {"hp": 308, "atk": 163, "def": 166, "spa": 233, "spd": 191, "spe": 177}, "types": ["Psychic", "Ghost"]}, "Jumpluff": {"name": "Jumpluff", "species": "Jumpluff", "speciesId": "jumpluff", "gender": "F", "shiny": false, "level": 87, "moves": ["acrobatics", "strengthsap", "sleeppowder", "encore"], "ability": "Infiltrator", "evs": {"hp": 81, "atk": 85, "def": 85, "spa": 85, "spd": 85, "spe": 85}, "ivs": {"hp": 31, "atk": 31, "def": 31, "spa": 31, "spd": 31, "spe": 31}, "item": "", "teraType": "Steel", "role": "Bulky Attacker", "bvs": {"hp": 75, "atk": 55, "def": 70, "spa": 55, "spd": 95, "spe": 110}, "stats": {"hp": 271, "atk": 145, "def": 172, "spa": 145, "spd": 215, "spe": 241}, "types": ["Grass", "Flying"]}, "Mudsdale": {"name": "Mudsdale", "species": "Mudsdale", "speciesId": "mudsdale", "gender": "M", "shiny": false, "level": 83, "moves": ["earthquake", "roar", "stealthrock", "heavyslam"], "ability": "Stamina", "evs": {"hp": 85, "atk": 85, "def": 85, "spa": 85, "spd": 85, "spe": 85}, "ivs": {"hp": 31, "atk": 31, "def": 31, "spa": 31, "spd": 31, "spe": 31}, "item": "Leftovers", "teraType": "Steel", "role": "Bulky Attacker", "bvs": {"hp": 100, "atk": 125, "def": 100, "spa": 55, "spd": 85, "spe": 35}, "stats": {"hp": 302, "atk": 255, "def": 214, "spa": 139, "spd": 189, "spe": 106}, "types": ["Ground"]}, "Gogoat": {"name": "Gogoat", "species": "Gogoat", "speciesId": "gogoat", "gender": "F", "shiny": false, "level": 88, "moves": ["hornleech", "bulkup", "milkdrink", "earthquake"], "ability": "Sap Sipper", "evs": {"hp": 85, "atk": 85, "def": 85, "spa": 85, "spd": 85, "spe": 85}, "ivs": {"hp": 31, "atk": 31, "def": 31, "spa": 31, "spd": 31, "spe": 31}, "item": "Leftovers", "teraType": "Water", "role": "Bulky Setup", "bvs": {"hp": 123, "atk": 100, "def": 62, "spa": 97, "spd": 81, "spe": 68}, "stats": {"hp": 360, "atk": 226, "def": 159, "spa": 221, "spd": 193, "spe": 170}, "types": ["Grass"]}}, {"Fezandipiti": {"name": "Fezandipiti", "species": "Fezandipiti", "speciesId": "fezandipiti", "gender": "M", "shiny": false, "level": 82, "moves": ["moonblast", "beatup", "gunkshot", "roost"], "ability": "Toxic Chain", "evs": {"hp": 85, "atk": 85, "def": 85, "spa": 85, "spd": 85, "spe": 85}, "ivs": {"hp": 31, "atk": 31, "def": 31, "spa": 31, "spd": 31, "spe": 31}, "item": "Leftovers", "teraType": "Water", "role": "Bulky Attacker", "bvs": {"hp": 88, "atk": 91, "def": 82, "spa": 70, "spd": 125, "spe": 99}, "stats": {"hp": 278, "atk": 196, "def": 182, "spa": 162, "spd": 252, "spe": 210}, "types": ["Poison", "Fairy"]}, "Volcarona": {"name": "Volcarona", "species": "Volcarona", "speciesId": "volcarona", "gender": "F", "shiny": false, "level": 77, "moves": ["fierydance", "quiverdance", "morningsun", "gigadrain"], "ability": "Flame Body", "evs": {"hp": 85, "atk": 0, "def": 85, "spa": 85, "spd": 85, "spe": 85}, "ivs": {"hp": 31, "atk": 0, "def": 31, "spa": 31, "spd": 31, "spe": 31}, "item": "Heavy-Duty Boots", "teraType": "Grass", "role": "Fast Bulky Setup", "bvs": {"hp": 85, "atk": 60, "def": 65, "spa": 135, "spd": 105, "spe": 100}, "stats": {"hp": 257, "atk": 97, "def": 145, "spa": 252, "spd": 206, "spe": 199}, "types": ["Bug", "Fire"]}, "Hydrapple": {"name": "Hydrapple", "species": "Hydrapple", "speciesId": "hydrapple", "gender": "M", "shiny": false, "level": 83, "moves": ["ficklebeam", "leafstorm", "dracometeor", "earthpower"], "ability": "Regenerator", "evs": {"hp": 85, "atk": 0, "def": 85, "spa": 85, "spd": 85, "spe": 85}, "ivs": {"hp": 31, "atk": 0, "def": 31, "spa": 31, "spd": 31, "spe": 31}, "item": "Choice Specs", "teraType": "Steel", "role": "Wallbreaker", "bvs": {"hp": 106, "atk": 80, "def": 110, "spa": 120, "spd": 80, "spe": 44}, "stats": {"hp": 312, "atk": 137, "def": 230, "spa": 247, "spd": 180, "spe": 121}, "types": ["Grass", "Dragon"]}, "Rhydon": {"name": "Rhydon", "species": "Rhydon", "speciesId": "rhydon", "gender": "F", "shiny": false, "level": 85, "moves": ["earthquake", "stealthrock", "megahorn", "stoneedge"], "ability": "Lightning Rod", "evs": {"hp": 85, "atk": 85, "def": 85, "spa": 85, "spd": 85, "spe": 85}, "ivs": {"hp": 31, "atk": 31, "def": 31, "spa": 31, "spd": 31, "spe": 31}, "item": "Eviolite", "teraType": "Dragon", "role": "Bulky Attacker", "bvs": {"hp": 105, "atk": 130, "def": 120, "spa": 45, "spd": 45, "spe": 40}, "stats": {"hp": 317, "atk": 270, "def": 253, "spa": 125, "spd": 125, "spe": 117}, "types": ["Ground", "Rock"]}, "Dragalge": {"name": "Dragalge", "species": "Dragalge", "speciesId": "dragalge", "gender": "M", "shiny": false, "level": 88, "moves": ["dragontail", "focusblast", "dracometeor", "sludgewave"], "ability": "Adaptability", "evs": {"hp": 85, "atk": 85, "def": 85, "spa": 85, "spd": 85, "spe": 85}, "ivs": {"hp": 31, "atk": 31, "def": 31, "spa": 31, "spd": 31, "spe": 31}, "item": "Assault Vest", "teraType": "Fighting", "role": "Bulky Attacker", "bvs": {"hp": 65, "atk": 75, "def": 90, "spa": 97, "spd": 123, "spe": 44}, "stats": {"hp": 258, "atk": 182, "def": 209, "spa": 221, "spd": 267, "spe": 128}, "types": ["Poison", "Dragon"]}, "Gumshoos": {"name": "Gumshoos", "species": "Gumshoos", "speciesId": "gumshoos", "gender": "M", "shiny": false, "level": 95, "moves": ["knockoff", "earthquake", "doubleedge", "uturn"], "ability": "Stakeout", "evs": {"hp": 85, "atk": 85, "def": 85, "spa": 85, "spd": 85, "spe": 85}, "ivs": {"hp": 31, "atk": 31, "def": 31, "spa": 31, "spd": 31, "spe": 31}, "item": "Choice Band", "teraType": "Normal", "role": "Wallbreaker", "bvs": {"hp": 88, "atk": 110, "def": 60, "spa": 55, "spd": 60, "spe": 45}, "stats": {"hp": 321, "atk": 263, "def": 168, "spa": 158, "spd": 168, "spe": 139}, "types": ["Normal"]}}]}