{"id": "gen9randombattle-2631966183", "format": "[Gen 9] Random Battle", "players": ["boulette de veau", "ahuramazda2"], "log": "|j|\u203dboulette de veau\n|j|\u2606ahuramazda2\n|t:|1781460757\n|gametype|singles\n|player|p1|boulette de veau|266|1939\n|player|p2|ahuramazda2|169|1942\n|gen|9\n|tier|[Gen 9] Random Battle\n|rated|\n|rule|Species Clause: Limit one of each Pok\u00e9mon\n|rule|HP Percentage Mod: HP is shown in percentages\n|rule|Sleep Clause Mod: Limit one foe put to sleep\n|rule|Illusion Level Mod: Illusion disguises the Pok\u00e9mon's true level\n|\n|t:|1781460757\n|teamsize|p1|6\n|teamsize|p2|6\n|start\n|switch|p1a: Toedscruel|Toedscruel, L87, F|281/281\n|switch|p2a: Hypno|Hypno, L95, F|315/315\n|turn|1\n|inactive|Battle timer is ON: inactive players will automatically lose when time's up. (requested by ahuramazda2)\n|\n|t:|1781460767\n|move|p1a: Toedscruel|Knock Off|p2a: Hypno\n|-supereffective|p2a: Hypno\n|-damage|p2a: Hypno|201/315\n|-enditem|p2a: Hypno|Leftovers|[from] move: Knock Off|[of] p1a: Toedscruel\n|move|p2a: Hypno|Toxic|p1a: Toedscruel\n|-status|p1a: Toedscruel|tox\n|\n|-damage|p1a: Toedscruel|264/281 tox|[from] psn\n|upkeep\n|turn|2\n|\n|t:|1781460779\n|switch|p1a: Garganacl|Garganacl, L80, M|291/291\n|move|p2a: Hypno|Psychic Noise|p1a: Garganacl\n|-damage|p1a: Garganacl|206/291\n|-start|p1a: Garganacl|move: Heal Block\n|\n|upkeep\n|turn|3\n|\n|t:|1781460784\n|move|p1a: Garganacl|Protect|p1a: Garganacl\n|-singleturn|p1a: Garganacl|Protect\n|move|p2a: Hypno|Focus Blast|p1a: Garganacl\n|-activate|p1a: Garganacl|move: Protect\n|\n|-end|p1a: Garganacl|move: Heal Block\n|upkeep\n|turn|4\n|\n|t:|1781460792\n|switch|p1a: Toedscruel|Toedscruel, L87, F|264/281 tox\n|move|p2a: Hypno|Psychic Noise|p1a: Toedscruel\n|-damage|p1a: Toedscruel|221/281 tox\n|-start|p1a: Toedscruel|move: Heal Block\n|\n|-damage|p1a: Toedscruel|204/281 tox|[from] psn\n|upkeep\n|turn|5\n|\n|t:|1781460796\n|move|p2a: Hypno|Protect|p2a: Hypno\n|-singleturn|p2a: Hypno|Protect\n|move|p1a: Toedscruel|Leaf Storm|p2a: Hypno\n|-activate|p2a: Hypno|move: Protect\n|\n|-damage|p1a: Toedscruel|170/281 tox|[from] psn\n|-end|p1a: Toedscruel|move: Heal Block\n|upkeep\n|turn|6\n|\n|t:|1781460801\n|move|p1a: Toedscruel|Leaf Storm|p2a: Hypno\n|-damage|p2a: Hypno|101/315\n|-unboost|p1a: Toedscruel|spa|2\n|move|p2a: Hypno|Psychic Noise|p1a: Toedscruel\n|-damage|p1a: Toedscruel|127/281 tox\n|-start|p1a: Toedscruel|move: Heal Block\n|\n|-damage|p1a: Toedscruel|76/281 tox|[from] psn\n|upkeep\n|turn|7\n|\n|t:|1781460806\n|move|p1a: Toedscruel|Knock Off|p2a: Hypno\n|-supereffective|p2a: Hypno\n|-damage|p2a: Hypno|25/315\n|move|p2a: Hypno|Focus Blast|p1a: Toedscruel\n|-damage|p1a: Toedscruel|28/281 tox\n|\n|-damage|p1a: Toedscruel|0 fnt|[from] psn\n|faint|p1a: Toedscruel\n|upkeep\n|\n|t:|1781460816\n|switch|p1a: Moltres|Moltres, L81|278/278\n|turn|8\n|\n|t:|1781460825\n|switch|p2a: Phione|Phione, L91|293/293\n|move|p1a: Moltres|Brave Bird|p2a: Phione\n|-damage|p2a: Phione|163/293\n|-damage|p1a: Moltres|235/278|[from] Recoil\n|\n|-heal|p2a: Phione|181/293|[from] item: Leftovers\n|upkeep\n|turn|9\n|\n|t:|1781460831\n|switch|p1a: Deoxys|Deoxys-Defense, L84|221/221\n|-ability|p1a: Deoxys|Pressure\n|move|p2a: Phione|Scald|p1a: Deoxys\n|-damage|p1a: Deoxys|169/221\n|\n|-heal|p1a: Deoxys|182/221|[from] item: Leftovers\n|-heal|p2a: Phione|199/293|[from] item: Leftovers\n|upkeep\n|turn|10\n|\n|t:|1781460845\n|switch|p2a: Ampharos|Ampharos, L88, M|302/302\n|move|p1a: Deoxys|Cosmic Power|p1a: Deoxys\n|-boost|p1a: Deoxys|def|1\n|-boost|p1a: Deoxys|spd|1\n|\n|-heal|p1a: Deoxys|195/221|[from] item: Leftovers\n|upkeep\n|turn|11\n|\n|t:|1781460848\n|move|p1a: Deoxys|Cosmic Power|p1a: Deoxys\n|-boost|p1a: Deoxys|def|1\n|-boost|p1a: Deoxys|spd|1\n|move|p2a: Ampharos|Dragon Tail|p1a: Deoxys\n|-damage|p1a: Deoxys|182/221\n|drag|p1a: Cloyster|Cloyster, L80, M|211/211\n|\n|upkeep\n|turn|12\n|\n|t:|1781460853\n|-terastallize|p1a: Cloyster|Ground\n|move|p1a: Cloyster|Shell Smash|p1a: Cloyster\n|-unboost|p1a: Cloyster|def|1\n|-unboost|p1a: Cloyster|spd|1\n|-boost|p1a: Cloyster|atk|2\n|-boost|p1a: Cloyster|spa|2\n|-boost|p1a: Cloyster|spe|2\n|-enditem|p1a: Cloyster|White Herb\n|-clearnegativeboost|p1a: Cloyster|[silent]\n|move|p2a: Ampharos|Volt Switch|p1a: Cloyster\n|-immune|p1a: Cloyster\n|\n|upkeep\n|turn|13\n|\n|t:|1781460860\n|-terastallize|p2a: Ampharos|Fairy\n|move|p1a: Cloyster|Icicle Spear|p2a: Ampharos\n|-damage|p2a: Ampharos|251/302\n|-damage|p2a: Ampharos|206/302\n|-damage|p2a: Ampharos|160/302\n|-damage|p2a: Ampharos|112/302\n|-damage|p2a: Ampharos|66/302\n|-hitcount|p2a: Ampharos|5\n|move|p2a: Ampharos|Dazzling Gleam|p1a: Cloyster\n|-damage|p1a: Cloyster|28/211\n|\n|upkeep\n|turn|14\n|\n|t:|1781460871\n|switch|p2a: Hypno|Hypno, L95, F|25/315\n|move|p1a: Cloyster|Icicle Spear|p2a: Hypno\n|-damage|p2a: Hypno|0 fnt\n|faint|p2a: Hypno\n|-hitcount|p2: Hypno|1\n|\n|upkeep\n|\n|t:|1781460873\n|switch|p2a: Clefable|Clefable, L83, F|293/293\n|turn|15\n|\n|t:|1781460881\n|move|p1a: Cloyster|Icicle Spear|p2a: Clefable\n|-damage|p2a: Clefable|238/293\n|-damage|p2a: Clefable|186/293\n|-damage|p2a: Clefable|132/293\n|-damage|p2a: Clefable|80/293\n|-damage|p2a: Clefable|20/293\n|-hitcount|p2a: Clefable|5\n|move|p2a: Clefable|Moonblast|p1a: Cloyster\n|-damage|p1a: Cloyster|0 fnt\n|faint|p1a: Cloyster\n|\n|upkeep\n|\n|t:|1781460893\n|switch|p1a: Palafin|Palafin, L77, M|281/281\n|turn|16\n|\n|t:|1781460898\n|switch|p2a: Ampharos|Ampharos, L88, M, tera:Fairy|66/302\n|move|p1a: Palafin|Flip Turn|p2a: Ampharos\n|-damage|p2a: Ampharos|8/302\n|-status|p1a: Palafin|par|[from] ability: Static|[of] p2a: Ampharos\n|\n|t:|1781460909\n|detailschange|p1a: Palafin|Palafin-Hero, L77, M\n|switch|p1a: Deoxys|Deoxys-Defense, L84|182/221|[from] Flip Turn\n|-ability|p1a: Deoxys|Pressure\n|\n|-heal|p1a: Deoxys|195/221|[from] item: Leftovers\n|upkeep\n|turn|17\n|\n|t:|1781460913\n|move|p1a: Deoxys|Night Shade|p2a: Ampharos\n|-damage|p2a: Ampharos|0 fnt\n|faint|p2a: Ampharos\n|\n|-heal|p1a: Deoxys|208/221|[from] item: Leftovers\n|upkeep\n|\n|t:|1781460922\n|switch|p2a: Rotom|Rotom-Frost, L87|229/229\n|turn|18\n|\n|t:|1781460931\n|move|p1a: Deoxys|Cosmic Power|p1a: Deoxys\n|-boost|p1a: Deoxys|def|1\n|-boost|p1a: Deoxys|spd|1\n|move|p2a: Rotom|Will-O-Wisp|p1a: Deoxys\n|-status|p1a: Deoxys|brn\n|\n|-heal|p1a: Deoxys|221/221 brn|[from] item: Leftovers\n|-damage|p1a: Deoxys|208/221 brn|[from] brn\n|upkeep\n|turn|19\n|\n|t:|1781460942\n|move|p2a: Rotom|Thunderbolt|p1a: Deoxys\n|-damage|p1a: Deoxys|160/221 brn\n|move|p1a: Deoxys|Cosmic Power|p1a: Deoxys\n|-boost|p1a: Deoxys|def|1\n|-boost|p1a: Deoxys|spd|1\n|\n|-heal|p1a: Deoxys|173/221 brn|[from] item: Leftovers\n|-damage|p1a: Deoxys|160/221 brn|[from] brn\n|upkeep\n|turn|20\n|\n|t:|1781460949\n|switch|p2a: Phione|Phione, L91|199/293\n|move|p1a: Deoxys|Cosmic Power|p1a: Deoxys\n|-boost|p1a: Deoxys|def|1\n|-boost|p1a: Deoxys|spd|1\n|\n|-heal|p1a: Deoxys|173/221 brn|[from] item: Leftovers\n|-heal|p2a: Phione|217/293|[from] item: Leftovers\n|-damage|p1a: Deoxys|160/221 brn|[from] brn\n|upkeep\n|turn|21\n|\n|t:|1781460955\n|move|p1a: Deoxys|Stored Power|p2a: Phione\n|-crit|p2a: Phione\n|-damage|p2a: Phione|52/293\n|move|p2a: Phione|Take Heart|p2a: Phione\n|-boost|p2a: Phione|spa|1\n|-boost|p2a: Phione|spd|1\n|\n|-heal|p1a: Deoxys|173/221 brn|[from] item: Leftovers\n|-heal|p2a: Phione|70/293|[from] item: Leftovers\n|-damage|p1a: Deoxys|160/221 brn|[from] brn\n|upkeep\n|turn|22\n|c|\u2606ahuramazda2|the crit\n|c|\u2606ahuramazda2|im crying\n|\n|t:|1781460966\n|move|p1a: Deoxys|Stored Power|p2a: Phione\n|-damage|p2a: Phione|0 fnt\n|faint|p2a: Phione\n|\n|-heal|p1a: Deoxys|173/221 brn|[from] item: Leftovers\n|-damage|p1a: Deoxys|160/221 brn|[from] brn\n|upkeep\n|\n|t:|1781460969\n|switch|p2a: Reuniclus|Reuniclus, L88, F|337/337\n|turn|23\n|\n|t:|1781460975\n|move|p1a: Deoxys|Night Shade|p2a: Reuniclus\n|-damage|p2a: Reuniclus|253/337\n|move|p2a: Reuniclus|Calm Mind|p2a: Reuniclus\n|-boost|p2a: Reuniclus|spa|1\n|-boost|p2a: Reuniclus|spd|1\n|\n|-heal|p1a: Deoxys|173/221 brn|[from] item: Leftovers\n|-damage|p1a: Deoxys|160/221 brn|[from] brn\n|upkeep\n|turn|24\n|\n|t:|1781460979\n|move|p1a: Deoxys|Cosmic Power|p1a: Deoxys\n|-boost|p1a: Deoxys|def|1\n|-boost|p1a: Deoxys|spd|1\n|move|p2a: Reuniclus|Calm Mind|p2a: Reuniclus\n|-boost|p2a: Reuniclus|spa|1\n|-boost|p2a: Reuniclus|spd|1\n|\n|-heal|p1a: Deoxys|173/221 brn|[from] item: Leftovers\n|-damage|p1a: Deoxys|160/221 brn|[from] brn\n|upkeep\n|turn|25\n|\n|t:|1781460981\n|move|p1a: Deoxys|Cosmic Power|p1a: Deoxys\n|-boost|p1a: Deoxys|def|1\n|-boost|p1a: Deoxys|spd|1\n|move|p2a: Reuniclus|Calm Mind|p2a: Reuniclus\n|-boost|p2a: Reuniclus|spa|1\n|-boost|p2a: Reuniclus|spd|1\n|\n|-heal|p1a: Deoxys|173/221 brn|[from] item: Leftovers\n|-damage|p1a: Deoxys|160/221 brn|[from] brn\n|upkeep\n|turn|26\n|\n|t:|1781460983\n|move|p1a: Deoxys|Cosmic Power|p1a: Deoxys\n|-boost|p1a: Deoxys|def|1\n|-boost|p1a: Deoxys|spd|1\n|move|p2a: Reuniclus|Calm Mind|p2a: Reuniclus\n|-boost|p2a: Reuniclus|spa|1\n|-boost|p2a: Reuniclus|spd|1\n|\n|-heal|p1a: Deoxys|173/221 brn|[from] item: Leftovers\n|-damage|p1a: Deoxys|160/221 brn|[from] brn\n|upkeep\n|turn|27\n|\n|t:|1781460985\n|move|p1a: Deoxys|Stored Power|p2a: Reuniclus\n|-resisted|p2a: Reuniclus\n|-damage|p2a: Reuniclus|220/337\n|move|p2a: Reuniclus|Calm Mind|p2a: Reuniclus\n|-boost|p2a: Reuniclus|spa|1\n|-boost|p2a: Reuniclus|spd|1\n|\n|-heal|p1a: Deoxys|173/221 brn|[from] item: Leftovers\n|-damage|p1a: Deoxys|160/221 brn|[from] brn\n|upkeep\n|turn|28\n|\n|t:|1781460992\n|switch|p1a: Moltres|Moltres, L81|235/278\n|move|p2a: Reuniclus|Calm Mind|p2a: Reuniclus\n|-boost|p2a: Reuniclus|spa|1\n|-boost|p2a: Reuniclus|spd|1\n|\n|upkeep\n|turn|29\n|\n|t:|1781460995\n|move|p1a: Moltres|Brave Bird|p2a: Reuniclus\n|-damage|p2a: Reuniclus|82/337\n|-damage|p1a: Moltres|189/278|[from] Recoil\n|move|p2a: Reuniclus|Recover|p2a: Reuniclus\n|-heal|p2a: Reuniclus|251/337\n|\n|upkeep\n|turn|30\n|\n|t:|1781460998\n|move|p1a: Moltres|Brave Bird|p2a: Reuniclus\n|-damage|p2a: Reuniclus|112/337\n|-damage|p1a: Moltres|143/278|[from] Recoil\n|move|p2a: Reuniclus|Recover|p2a: Reuniclus\n|-heal|p2a: Reuniclus|281/337\n|\n|upkeep\n|turn|31\n|\n|t:|1781461002\n|move|p1a: Moltres|Brave Bird|p2a: Reuniclus\n|-damage|p2a: Reuniclus|158/337\n|-damage|p1a: Moltres|102/278|[from] Recoil\n|move|p2a: Reuniclus|Recover|p2a: Reuniclus\n|-heal|p2a: Reuniclus|327/337\n|\n|upkeep\n|turn|32\n|\n|t:|1781461005\n|move|p1a: Moltres|Brave Bird|p2a: Reuniclus\n|-damage|p2a: Reuniclus|186/337\n|-damage|p1a: Moltres|55/278|[from] Recoil\n|move|p2a: Reuniclus|Psychic|p1a: Moltres\n|-damage|p1a: Moltres|0 fnt\n|faint|p1a: Moltres\n|\n|upkeep\n|\n|t:|1781461008\n|switch|p1a: Palafin|Palafin-Hero, L77, M|281/281 par\n|-activate|p1a: Palafin|ability: Zero to Hero\n|turn|33\n|\n|t:|1781461015\n|cant|p1a: Palafin|par\n|move|p2a: Reuniclus|Psychic|p1a: Palafin\n|-damage|p1a: Palafin|0 fnt\n|faint|p1a: Palafin\n|\n|upkeep\n|\n|t:|1781461016\n|switch|p1a: Garganacl|Garganacl, L80, M|206/291\n|turn|34\n|l|\u203dboulette de veau\n|inactive|boulette de veau disconnected and has a minute to reconnect!\n|player|p1|\n|inactive|boulette de veau has 30 seconds to reconnect!\n|inactive|boulette de veau has 20 seconds to reconnect!\n|inactive|boulette de veau has 15 seconds to reconnect!\n|inactive|boulette de veau has 10 seconds to reconnect!\n|inactive|boulette de veau has 5 seconds to reconnect!\n|-message|boulette de veau lost due to inactivity.\n|\n|win|ahuramazda2\n", "inputlog": ">version a8376a258c1d4662feba110a92103f3664a72141\n>start {\"formatid\":\"gen9randombattle\",\"seed\":\"sodium,380c9fd79cfaf6a8f5ee5fb43d872c93\",\"rated\":\"Rated battle\"}\n>player p1 {\"name\":\"boulette de veau\",\"avatar\":\"266\",\"rating\":1939,\"seed\":\"sodium,06d0c8e3f64254a98334f4d1b07b3b9c\"}\n>player p2 {\"name\":\"ahuramazda2\",\"avatar\":\"169\",\"rating\":1942,\"seed\":\"sodium,d8f36f9943ea807471be816f46de0d15\"}\n>p1 move knockoff\n>p2 move toxic\n>p1 switch 4\n>p2 move psychicnoise\n>p1 move protect\n>p2 move focusblast\n>p1 switch 4\n>p2 move psychicnoise\n>p1 move leafstorm\n>p2 move protect\n>p1 move leafstorm\n>p2 move psychicnoise\n>p1 move knockoff\n>p2 move focusblast\n>p1 switch 2\n>p1 move bravebird\n>p2 switch 2\n>p1 switch 6\n>p2 move scald\n>p1 move cosmicpower\n>p2 switch 4\n>p1 move cosmicpower\n>p2 move dragontail\n>p1 move shellsmash terastallize\n>p2 move voltswitch\n>p1 move iciclespear\n>p2 move dazzlinggleam terastallize\n>p1 move iciclespear\n>p2 switch 2\n>p2 switch 5\n>p1 move iciclespear\n>p2 move moonblast\n>p1 switch 5\n>p1 move flipturn\n>p2 switch 2\n>p1 switch 3\n>p1 move nightshade\n>p2 move thunderbolt\n>p2 switch 3\n>p1 move cosmicpower\n>p2 move willowisp\n>p1 move cosmicpower\n>p2 move thunderbolt\n>p1 move cosmicpower\n>p2 switch 4\n>p1 move storedpower\n>p2 move takeheart\n>chat \u2606ahuramazda2|the crit\n>chat \u2606ahuramazda2|im crying\n>p1 move storedpower\n>p2 move rest\n>p2 switch 6\n>p1 move nightshade\n>p2 move calmmind\n>p1 move cosmicpower\n>p2 move calmmind\n>p1 move cosmicpower\n>p2 move calmmind\n>p1 move cosmicpower\n>p2 move calmmind\n>p1 move storedpower\n>p2 move calmmind\n>p1 switch 6\n>p2 move calmmind\n>p1 move bravebird\n>p2 move recover\n>p1 move bravebird\n>p2 move recover\n>p1 move bravebird\n>p2 move recover\n>p1 move bravebird\n>p2 move psychic\n>p1 switch 3\n>p1 move jetpunch\n>p2 move psychic\n>p1 switch 4\n>forcelose p1", "uploadtime": 1781460759, "views": 4, "formatid": "gen9randombattle", "rating": null, "private": 0, "password": null, "player_dets": [{"name": "boulette de veau", "avatar": "266", "rating": 1939, "seed": "sodium,06d0c8e3f64254a98334f4d1b07b3b9c"}, {"name": "ahuramazda2", "avatar": "169", "rating": 1942, "seed": "sodium,d8f36f9943ea807471be816f46de0d15"}], "teams_full": [{"Toedscruel": {"name": "Toedscruel", "species": "Toedscruel", "speciesId": "toedscruel", "gender": "F", "shiny": false, "level": 87, "moves": ["leafstorm", "earthpower", "knockoff", "rapidspin"], "ability": "Mycelium Might", "evs": {"hp": 85, "atk": 85, "def": 85, "spa": 85, "spd": 85, "spe": 85}, "ivs": {"hp": 31, "atk": 31, "def": 31, "spa": 31, "spd": 31, "spe": 31}, "item": "Assault Vest", "teraType": "Water", "role": "Bulky Support", "bvs": {"hp": 80, "atk": 70, "def": 65, "spa": 80, "spd": 120, "spe": 100}, "stats": {"hp": 281, "atk": 172, "def": 163, "spa": 189, "spd": 259, "spe": 224}, "types": ["Ground", "Grass"]}, "Moltres": {"name": "Moltres", "species": "Moltres", "speciesId": "moltres", "gender": "N", "shiny": false, "level": 81, "moves": ["roost", "fireblast", "scorchingsands", "bravebird"], "ability": "Flame Body", "evs": {"hp": 85, "atk": 85, "def": 85, "spa": 85, "spd": 85, "spe": 85}, "ivs": {"hp": 31, "atk": 31, "def": 31, "spa": 31, "spd": 31, "spe": 31}, "item": "Heavy-Duty Boots", "teraType": "Ground", "role": "Bulky Attacker", "bvs": {"hp": 90, "atk": 100, "def": 90, "spa": 125, "spd": 85, "spe": 90}, "stats": {"hp": 278, "atk": 209, "def": 192, "spa": 249, "spd": 184, "spe": 192}, "types": ["Fire", "Flying"]}, "Cloyster": {"name": "Cloyster", "species": "Cloyster", "speciesId": "cloyster", "gender": "M", "shiny": false, "level": 80, "moves": ["rockblast", "iciclespear", "drillrun", "shellsmash"], "ability": "Skill Link", "evs": {"hp": 85, "atk": 85, "def": 85, "spa": 85, "spd": 85, "spe": 85}, "ivs": {"hp": 31, "atk": 31, "def": 31, "spa": 31, "spd": 31, "spe": 31}, "item": "White Herb", "teraType": "Ground", "role": "Fast Attacker", "bvs": {"hp": 50, "atk": 95, "def": 180, "spa": 85, "spd": 45, "spe": 70}, "stats": {"hp": 211, "atk": 198, "def": 334, "spa": 182, "spd": 118, "spe": 158}, "types": ["Water", "Ice"]}, "Garganacl": {"name": "Garganacl", "species": "Garganacl", "speciesId": "garganacl", "gender": "M", "shiny": false, "level": 80, "moves": ["saltcure", "protect", "earthquake", "recover"], "ability": "Purifying Salt", "evs": {"hp": 85, "atk": 85, "def": 85, "spa": 85, "spd": 85, "spe": 85}, "ivs": {"hp": 31, "atk": 31, "def": 31, "spa": 31, "spd": 31, "spe": 31}, "item": "Leftovers", "teraType": "Dragon", "role": "Bulky Attacker", "bvs": {"hp": 100, "atk": 100, "def": 130, "spa": 45, "spd": 90, "spe": 35}, "stats": {"hp": 291, "atk": 206, "def": 254, "spa": 118, "spd": 190, "spe": 102}, "types": ["Rock"]}, "Palafin": {"name": "Palafin", "species": "Palafin", "speciesId": "palafin", "gender": "M", "shiny": false, "level": 77, "moves": ["wavecrash", "jetpunch", "closecombat", "flipturn"], "ability": "Zero to Hero", "evs": {"hp": 85, "atk": 85, "def": 85, "spa": 85, "spd": 85, "spe": 85}, "ivs": {"hp": 31, "atk": 31, "def": 31, "spa": 31, "spd": 31, "spe": 31}, "item": "Choice Band", "teraType": "Water", "role": "Wallbreaker", "bvs": {"hp": 100, "atk": 70, "def": 72, "spa": 53, "spd": 62, "spe": 100}, "stats": {"hp": 281, "atk": 152, "def": 155, "spa": 126, "spd": 140, "spe": 199}, "types": ["Water"]}, "Deoxys": {"name": "Deoxys", "species": "Deoxys-Defense", "speciesId": "deoxysdefense", "gender": "N", "shiny": false, "level": 84, "moves": ["storedpower", "nightshade", "cosmicpower", "recover"], "ability": "Pressure", "evs": {"hp": 85, "atk": 0, "def": 85, "spa": 85, "spd": 85, "spe": 85}, "ivs": {"hp": 31, "atk": 0, "def": 31, "spa": 31, "spd": 31, "spe": 31}, "item": "Leftovers", "teraType": "Steel", "role": "Bulky Setup", "bvs": {"hp": 50, "atk": 70, "def": 160, "spa": 70, "spd": 160, "spe": 90}, "stats": {"hp": 221, "atk": 122, "def": 317, "spa": 166, "spd": 317, "spe": 199}, "types": ["Psychic"]}}, {"Hypno": {"name": "Hypno", "species": "Hypno", "speciesId": "hypno", "gender": "F", "shiny": false, "level": 95, "moves": ["psychicnoise", "toxic", "protect", "focusblast"], "ability": "Insomnia", "evs": {"hp": 85, "atk": 0, "def": 85, "spa": 85, "spd": 85, "spe": 85}, "ivs": {"hp": 31, "atk": 0, "def": 31, "spa": 31, "spd": 31, "spe": 31}, "item": "Leftovers", "teraType": "Fighting", "role": "Bulky Attacker", "bvs": {"hp": 85, "atk": 73, "def": 70, "spa": 73, "spd": 115, "spe": 67}, "stats": {"hp": 315, "atk": 143, "def": 187, "spa": 193, "spd": 272, "spe": 181}, "types": ["Psychic"]}, "Phione": {"name": "Phione", "species": "Phione", "speciesId": "phione", "gender": "N", "shiny": false, "level": 91, "moves": ["scald", "sleeptalk", "takeheart", "rest"], "ability": "Hydration", "evs": {"hp": 85, "atk": 0, "def": 85, "spa": 85, "spd": 85, "spe": 85}, "ivs": {"hp": 31, "atk": 0, "def": 31, "spa": 31, "spd": 31, "spe": 31}, "item": "Leftovers", "teraType": "Steel", "role": "Bulky Setup", "bvs": {"hp": 80, "atk": 80, "def": 80, "spa": 80, "spd": 80, "spe": 80}, "stats": {"hp": 293, "atk": 150, "def": 197, "spa": 197, "spd": 197, "spe": 197}, "types": ["Water"]}, "Rotom": {"name": "Rotom", "species": "Rotom-Frost", "speciesId": "rotomfrost", "gender": "N", "shiny": false, "level": 87, "moves": ["willowisp", "blizzard", "voltswitch", "thunderbolt"], "ability": "Levitate", "evs": {"hp": 85, "atk": 0, "def": 85, "spa": 85, "spd": 85, "spe": 85}, "ivs": {"hp": 31, "atk": 0, "def": 31, "spa": 31, "spd": 31, "spe": 31}, "item": "Heavy-Duty Boots", "teraType": "Electric", "role": "Fast Attacker", "bvs": {"hp": 50, "atk": 65, "def": 107, "spa": 105, "spd": 107, "spe": 86}, "stats": {"hp": 229, "atk": 118, "def": 236, "spa": 232, "spd": 236, "spe": 199}, "types": ["Electric", "Ice"]}, "Ampharos": {"name": "Ampharos", "species": "Ampharos", "speciesId": "ampharos", "gender": "M", "shiny": false, "level": 88, "moves": ["thunderbolt", "dazzlinggleam", "dragontail", "voltswitch"], "ability": "Static", "evs": {"hp": 85, "atk": 85, "def": 85, "spa": 85, "spd": 85, "spe": 85}, "ivs": {"hp": 31, "atk": 31, "def": 31, "spa": 31, "spd": 31, "spe": 31}, "item": "Assault Vest", "teraType": "Fairy", "role": "AV Pivot", "bvs": {"hp": 90, "atk": 75, "def": 85, "spa": 115, "spd": 90, "spe": 55}, "stats": {"hp": 302, "atk": 182, "def": 200, "spa": 253, "spd": 209, "spe": 147}, "types": ["Electric"]}, "Clefable": {"name": "Clefable", "species": "Clefable", "speciesId": "clefable", "gender": "F", "shiny": false, "level": 83, "moves": ["moonblast", "fireblast", "calmmind", "moonlight"], "ability": "Magic Guard", "evs": {"hp": 85, "atk": 0, "def": 85, "spa": 85, "spd": 85, "spe": 85}, "ivs": {"hp": 31, "atk": 0, "def": 31, "spa": 31, "spd": 31, "spe": 31}, "item": "Life Orb", "teraType": "Fire", "role": "Bulky Setup", "bvs": {"hp": 95, "atk": 70, "def": 73, "spa": 95, "spd": 90, "spe": 60}, "stats": {"hp": 293, "atk": 121, "def": 169, "spa": 205, "spd": 197, "spe": 147}, "types": ["Fairy"]}, "Reuniclus": {"name": "Reuniclus", "species": "Reuniclus", "speciesId": "reuniclus", "gender": "F", "shiny": false, "level": 88, "moves": ["psychic", "calmmind", "focusblast", "recover"], "ability": "Magic Guard", "evs": {"hp": 85, "atk": 0, "def": 85, "spa": 85, "spd": 85, "spe": 85}, "ivs": {"hp": 31, "atk": 0, "def": 31, "spa": 31, "spd": 31, "spe": 31}, "item": "Life Orb", "teraType": "Steel", "role": "Bulky Setup", "bvs": {"hp": 110, "atk": 65, "def": 75, "spa": 125, "spd": 85, "spe": 30}, "stats": {"hp": 337, "atk": 119, "def": 182, "spa": 270, "spd": 200, "spe": 103}, "types": ["Psychic"]}}]}