{"id": "gen9randombattle-2631978918", "format": "[Gen 9] Random Battle", "players": ["tiny spaceship", "jimothy cool yt"], "log": "|badge|p2|silver|gen9randombattle|30-9\n|uhtml|medal-msg|<div class=\"broadcast-blue\">Curious what those medals under the avatar are? PS now has Ladder Seasons! For more information, check out the <a href=\"https://www.smogon.com/forums/threads/3740067/\">thread on Smogon.</a></div>\n|j|\u2606tiny spaceship\n|j|\u2606jimothy cool yt\n|t:|1781462163\n|gametype|singles\n|player|p1|tiny spaceship|dawn|2279\n|player|p2|jimothy cool yt|lucas|2507\n|gen|9\n|tier|[Gen 9] Random Battle\n|rated|\n|rule|Species Clause: Limit one of each Pok\u00e9mon\n|rule|HP Percentage Mod: HP is shown in percentages\n|rule|Sleep Clause Mod: Limit one foe put to sleep\n|rule|Illusion Level Mod: Illusion disguises the Pok\u00e9mon's true level\n|\n|t:|1781462163\n|teamsize|p1|6\n|teamsize|p2|6\n|start\n|switch|p1a: Great Tusk|Great Tusk, L77|304/304\n|switch|p2a: Beartic|Beartic, L91, M|321/321\n|turn|1\n|inactive|Battle timer is ON: inactive players will automatically lose when time's up. (requested by jimothy cool yt)\n|\n|t:|1781462191\n|switch|p2a: Ribombee|Ribombee, L83, M|235/235\n|move|p1a: Great Tusk|Bulk Up|p1a: Great Tusk\n|-boost|p1a: Great Tusk|atk|1\n|-boost|p1a: Great Tusk|def|1\n|\n|upkeep\n|turn|2\n|\n|t:|1781462213\n|move|p2a: Ribombee|U-turn|p1a: Great Tusk\n|-resisted|p1a: Great Tusk\n|-damage|p1a: Great Tusk|291/304\n|\n|t:|1781462215\n|switch|p2a: Swampert|Swampert, L83, F|302/302|[from] U-turn\n|move|p1a: Great Tusk|Stone Edge|p2a: Swampert\n|-resisted|p2a: Swampert\n|-crit|p2a: Swampert\n|-damage|p2a: Swampert|213/302\n|\n|-heal|p1a: Great Tusk|304/304|[from] item: Leftovers\n|-heal|p2a: Swampert|231/302|[from] item: Leftovers\n|upkeep\n|turn|3\n|\n|t:|1781462230\n|move|p1a: Great Tusk|Earthquake|p2a: Swampert\n|-damage|p2a: Swampert|75/302\n|move|p2a: Swampert|Roar|p1a: Great Tusk\n|-end|p1a: Great Tusk|Protosynthesis|[silent]\n|drag|p1a: Mabosstiff|Mabosstiff, L86, F|278/278\n|\n|-heal|p2a: Swampert|93/302|[from] item: Leftovers\n|upkeep\n|turn|4\n|\n|t:|1781462244\n|move|p1a: Mabosstiff|Crunch|p2a: Swampert\n|-damage|p2a: Swampert|0 fnt\n|faint|p2a: Swampert\n|\n|upkeep\n|\n|t:|1781462248\n|switch|p2a: Ribombee|Ribombee, L83, M|235/235\n|turn|5\n|\n|t:|1781462267\n|switch|p1a: Muk|Muk-Alola, L82, F|306/306\n|move|p2a: Ribombee|Sticky Web|p1a: Muk\n|-sidestart|p1: tiny spaceship|move: Sticky Web\n|\n|upkeep\n|turn|6\n|\n|t:|1781462274\n|move|p2a: Ribombee|U-turn|p1a: Muk\n|-damage|p1a: Muk|251/306\n|\n|t:|1781462285\n|switch|p2a: Beartic|Beartic, L91, M|321/321|[from] U-turn\n|move|p1a: Muk|Knock Off|p2a: Beartic\n|-crit|p2a: Beartic\n|-damage|p2a: Beartic|164/321\n|-status|p2a: Beartic|psn|[from] ability: Poison Touch|[of] p1a: Muk\n|-enditem|p2a: Beartic|Heavy-Duty Boots|[from] move: Knock Off|[of] p1a: Muk\n|\n|-damage|p2a: Beartic|124/321 psn|[from] psn\n|upkeep\n|turn|7\n|\n|t:|1781462310\n|move|p2a: Beartic|Icicle Crash|p1a: Muk\n|-damage|p1a: Muk|94/306\n|move|p1a: Muk|Drain Punch|p2a: Beartic\n|-supereffective|p2a: Beartic\n|-damage|p2a: Beartic|12/321 psn\n|-heal|p1a: Muk|150/306|[from] drain|[of] p2a: Beartic\n|\n|-damage|p2a: Beartic|0 fnt|[from] psn\n|faint|p2a: Beartic\n|upkeep\n|\n|t:|1781462318\n|switch|p2a: Sneasler|Sneasler, L74, F|240/240\n|turn|8\n|\n|t:|1781462334\n|switch|p1a: Fezandipiti|Fezandipiti, L82, M|278/278\n|-activate|p1a: Fezandipiti|move: Sticky Web\n|-unboost|p1a: Fezandipiti|spe|1\n|move|p2a: Sneasler|Swords Dance|p2a: Sneasler\n|-boost|p2a: Sneasler|atk|2\n|\n|upkeep\n|turn|9\n|inactive|tiny spaceship has 120 seconds left.\n|\n|t:|1781462355\n|-terastallize|p1a: Fezandipiti|Ground\n|move|p2a: Sneasler|Gunk Shot|p1a: Fezandipiti\n|-resisted|p1a: Fezandipiti\n|-damage|p1a: Fezandipiti|152/278\n|move|p1a: Fezandipiti|Tera Blast|p2a: Sneasler|[anim] Tera Blast Ground\n|-supereffective|p2a: Sneasler\n|-damage|p2a: Sneasler|16/240\n|\n|-heal|p1a: Fezandipiti|169/278|[from] item: Leftovers\n|upkeep\n|turn|10\n|inactive|tiny spaceship has 120 seconds left.\n|\n|t:|1781462384\n|move|p2a: Sneasler|Close Combat|p1a: Fezandipiti\n|-damage|p1a: Fezandipiti|0 fnt\n|-unboost|p2a: Sneasler|def|1\n|-unboost|p2a: Sneasler|spd|1\n|faint|p1a: Fezandipiti\n|-enditem|p2a: Sneasler|White Herb\n|-clearnegativeboost|p2a: Sneasler|[silent]\n|\n|upkeep\n|\n|t:|1781462387\n|switch|p1a: Muk|Muk-Alola, L82, F|150/306\n|-activate|p1a: Muk|move: Sticky Web\n|-unboost|p1a: Muk|spe|1\n|turn|11\n|\n|t:|1781462390\n|switch|p2a: Furret|Furret, L94, F|312/312\n|-item|p1a: Muk|Assault Vest|[from] ability: Frisk|[of] p2a: Furret\n|move|p1a: Muk|Shadow Sneak|p2a: Furret\n|-immune|p2a: Furret\n|\n|upkeep\n|turn|12\n|inactive|tiny spaceship has 120 seconds left.\n|\n|t:|1781462409\n|switch|p1a: Great Tusk|Great Tusk, L77|304/304\n|-activate|p1a: Great Tusk|move: Sticky Web\n|-unboost|p1a: Great Tusk|spe|1\n|move|p2a: Furret|Double-Edge|p1a: Great Tusk\n|-damage|p1a: Great Tusk|170/304\n|-damage|p2a: Furret|268/312|[from] Recoil\n|-damage|p2a: Furret|237/312|[from] item: Life Orb\n|\n|-heal|p1a: Great Tusk|189/304|[from] item: Leftovers\n|upkeep\n|turn|13\n|\n|t:|1781462430\n|switch|p2a: Sneasler|Sneasler, L74, F|16/240\n|move|p1a: Great Tusk|Stone Edge|p2a: Sneasler\n|-resisted|p2a: Sneasler\n|-damage|p2a: Sneasler|0 fnt\n|faint|p2a: Sneasler\n|\n|-heal|p1a: Great Tusk|208/304|[from] item: Leftovers\n|upkeep\n|\n|t:|1781462432\n|switch|p2a: Hitmontop|Hitmontop, L88, M|231/231\n|turn|14\n|inactive|tiny spaceship has 90 seconds left.\n|\n|t:|1781462474\n|-end|p1a: Great Tusk|Protosynthesis|[silent]\n|switch|p1a: Muk|Muk-Alola, L82, F|150/306\n|-activate|p1a: Muk|move: Sticky Web\n|-unboost|p1a: Muk|spe|1\n|move|p2a: Hitmontop|Bulk Up|p2a: Hitmontop\n|-boost|p2a: Hitmontop|atk|1\n|-boost|p2a: Hitmontop|def|1\n|\n|upkeep\n|turn|15\n|\n|t:|1781462496\n|move|p2a: Hitmontop|Triple Axel|p1a: Muk\n|-damage|p1a: Muk|113/306\n|-damage|p1a: Muk|32/306\n|-damage|p1a: Muk|0 fnt\n|faint|p1a: Muk\n|-hitcount|p1: Muk|3\n|\n|upkeep\n|\n|t:|1781462503\n|switch|p1a: Vivillon|Vivillon-Marine, L83, F|268/268\n|turn|16\n|\n|t:|1781462518\n|move|p1a: Vivillon|Sleep Powder|p2a: Hitmontop\n|-status|p2a: Hitmontop|slp|[from] move: Sleep Powder\n|cant|p2a: Hitmontop|slp\n|\n|upkeep\n|turn|17\n|\n|t:|1781462528\n|-terastallize|p2a: Hitmontop|Ice\n|move|p1a: Vivillon|Hurricane|p2a: Hitmontop\n|-damage|p2a: Hitmontop|135/231 slp\n|cant|p2a: Hitmontop|slp\n|\n|-heal|p2a: Hitmontop|149/231 slp|[from] item: Leftovers\n|upkeep\n|turn|18\n|\n|t:|1781462547\n|move|p1a: Vivillon|Hurricane|p2a: Hitmontop\n|-damage|p2a: Hitmontop|58/231 slp\n|cant|p2a: Hitmontop|slp\n|\n|-heal|p2a: Hitmontop|72/231 slp|[from] item: Leftovers\n|upkeep\n|turn|19\n|\n|t:|1781462561\n|switch|p2a: Furret|Furret, L94, F|237/312\n|-item|p1a: Vivillon|Heavy-Duty Boots|[from] ability: Frisk|[of] p2a: Furret\n|move|p1a: Vivillon|Hurricane|p2a: Furret\n|-damage|p2a: Furret|92/312\n|\n|upkeep\n|turn|20\n|\n|t:|1781462588\n|switch|p1a: Great Tusk|Great Tusk, L77|208/304\n|-activate|p1a: Great Tusk|move: Sticky Web\n|-unboost|p1a: Great Tusk|spe|1\n|move|p2a: Furret|Double-Edge|p1a: Great Tusk\n|-damage|p1a: Great Tusk|68/304\n|-damage|p2a: Furret|46/312|[from] Recoil\n|-damage|p2a: Furret|15/312|[from] item: Life Orb\n|\n|-heal|p1a: Great Tusk|87/304|[from] item: Leftovers\n|upkeep\n|turn|21\n|\n|t:|1781462608\n|move|p2a: Furret|Double-Edge|p1a: Great Tusk\n|-damage|p1a: Great Tusk|0 fnt\n|faint|p1a: Great Tusk\n|-end|p1a: Great Tusk|Protosynthesis|[silent]\n|-damage|p2a: Furret|0 fnt|[from] Recoil\n|faint|p2a: Furret\n|\n|upkeep\n|inactive|tiny spaceship has 60 seconds left.\n|\n|t:|1781462646\n|switch|p2a: Ribombee|Ribombee, L83, M|235/235\n|switch|p1a: Regice|Regice, L88|284/284\n|turn|22\n|inactive|tiny spaceship has 30 seconds left.\n|\n|t:|1781462675\n|move|p2a: Ribombee|Stun Spore|p1a: Regice\n|-status|p1a: Regice|par\n|cant|p1a: Regice|par\n|\n|upkeep\n|turn|23\n|inactive|tiny spaceship has 30 seconds left.\n|\n|t:|1781462680\n|move|p2a: Ribombee|Moonblast|p1a: Regice\n|-damage|p1a: Regice|233/284 par\n|move|p1a: Regice|Ice Beam|p2a: Ribombee\n|-damage|p2a: Ribombee|109/235\n|\n|upkeep\n|turn|24\n|\n|t:|1781462688\n|move|p2a: Ribombee|Moonblast|p1a: Regice\n|-damage|p1a: Regice|185/284 par\n|cant|p1a: Regice|par\n|\n|upkeep\n|turn|25\n|\n|t:|1781462692\n|move|p2a: Ribombee|Moonblast|p1a: Regice\n|-damage|p1a: Regice|137/284 par\n|move|p1a: Regice|Ice Beam|p2a: Ribombee\n|-damage|p2a: Ribombee|0 fnt\n|faint|p2a: Ribombee\n|\n|upkeep\n|\n|t:|1781462694\n|switch|p2a: Hitmontop|Hitmontop, L88, M, tera:Ice|72/231 slp\n|turn|26\n|\n|t:|1781462714\n|-curestatus|p2a: Hitmontop|slp|[msg]\n|move|p2a: Hitmontop|Bulk Up|p2a: Hitmontop\n|-boost|p2a: Hitmontop|atk|1\n|-boost|p2a: Hitmontop|def|1\n|cant|p1a: Regice|par\n|\n|-heal|p2a: Hitmontop|86/231|[from] item: Leftovers\n|upkeep\n|turn|27\n|\n|t:|1781462722\n|move|p2a: Hitmontop|Rapid Spin|p1a: Regice\n|-damage|p1a: Regice|58/284 par\n|-boost|p2a: Hitmontop|spe|1\n|move|p1a: Regice|Thunder Wave|p2a: Hitmontop\n|-status|p2a: Hitmontop|par\n|\n|-heal|p2a: Hitmontop|100/231 par|[from] item: Leftovers\n|upkeep\n|turn|28\n|\n|t:|1781462739\n|move|p2a: Hitmontop|Bulk Up|p2a: Hitmontop\n|-boost|p2a: Hitmontop|atk|1\n|-boost|p2a: Hitmontop|def|1\n|move|p1a: Regice|Body Press|p2a: Hitmontop\n|-supereffective|p2a: Hitmontop\n|-damage|p2a: Hitmontop|40/231 par\n|\n|-heal|p2a: Hitmontop|54/231 par|[from] item: Leftovers\n|upkeep\n|turn|29\n|\n|t:|1781462747\n|move|p2a: Hitmontop|Bulk Up|p2a: Hitmontop\n|-boost|p2a: Hitmontop|atk|1\n|-boost|p2a: Hitmontop|def|1\n|move|p1a: Regice|Body Press|p2a: Hitmontop\n|-supereffective|p2a: Hitmontop\n|-damage|p2a: Hitmontop|8/231 par\n|\n|-heal|p2a: Hitmontop|22/231 par|[from] item: Leftovers\n|upkeep\n|turn|30\n|\n|t:|1781462754\n|move|p2a: Hitmontop|Bulk Up|p2a: Hitmontop\n|-boost|p2a: Hitmontop|atk|1\n|-boost|p2a: Hitmontop|def|1\n|move|p1a: Regice|Ice Beam|p2a: Hitmontop\n|-resisted|p2a: Hitmontop\n|-damage|p2a: Hitmontop|0 fnt\n|faint|p2a: Hitmontop\n|\n|win|tiny spaceship\n", "inputlog": ">version a8376a258c1d4662feba110a92103f3664a72141\n>start {\"formatid\":\"gen9randombattle\",\"seed\":\"sodium,64ddea81b3e588b2848cc8e8397729a1\",\"rated\":\"Rated battle\"}\n>player p1 {\"name\":\"tiny spaceship\",\"avatar\":\"dawn\",\"rating\":2279,\"seed\":\"sodium,47df27927bf91141a29d52085b14bbff\"}\n>player p2 {\"name\":\"jimothy cool yt\",\"avatar\":\"lucas\",\"rating\":2507,\"seed\":\"sodium,4159d25b7238baca5f0a6a588b60a193\"}\n>p1 move bulkup\n>p2 switch 2\n>p1 move stoneedge\n>p2 move uturn\n>p2 switch 5\n>p1 move earthquake\n>p2 move roar\n>p1 move crunch\n>p2 move stealthrock\n>p2 switch 5\n>p1 switch 2\n>p2 move stickyweb\n>p1 move knockoff\n>p2 move uturn\n>p2 switch 2\n>p1 move drainpunch\n>p2 move iciclecrash\n>p2 switch 3\n>p1 switch 5\n>p2 move swordsdance\n>p1 move terablast terastallize\n>p2 move gunkshot\n>p1 move terablast\n>p2 move closecombat\n>p1 switch 5\n>p1 move shadowsneak\n>p2 switch 4\n>p1 switch 3\n>p2 move doubleedge\n>p1 move stoneedge\n>p2 switch 4\n>p2 switch 6\n>p1 switch 3\n>p2 move bulkup\n>p1 move knockoff\n>p2 move tripleaxel\n>p1 switch 4\n>p1 move sleeppowder\n>p2 move tripleaxel\n>p1 move hurricane\n>p2 move tripleaxel terastallize\n>p1 move hurricane\n>p2 move rapidspin\n>p1 move hurricane\n>p2 switch 4\n>p1 switch 3\n>p2 move doubleedge\n>p1 move stoneedge\n>p2 move doubleedge\n>p1 switch 6\n>p2 switch 2\n>p1 move icebeam\n>p2 move stunspore\n>p1 move icebeam\n>p2 move moonblast\n>p1 move icebeam\n>p2 move moonblast\n>p1 move icebeam\n>p2 move moonblast\n>p2 switch 4\n>p1 move bodypress\n>p2 move bulkup\n>p1 move thunderwave\n>p2 move rapidspin\n>p1 move bodypress\n>p2 move bulkup\n>p1 move bodypress\n>p2 move bulkup\n>p1 move icebeam\n>p2 move bulkup", "uploadtime": 1781462164, "views": 6, "formatid": "gen9randombattle", "rating": null, "private": 0, "password": null, "player_dets": [{"name": "tiny spaceship", "avatar": "dawn", "rating": 2279, "seed": "sodium,47df27927bf91141a29d52085b14bbff"}, {"name": "jimothy cool yt", "avatar": "lucas", "rating": 2507, "seed": "sodium,4159d25b7238baca5f0a6a588b60a193"}], "teams_full": [{"Great Tusk": {"name": "Great Tusk", "species": "Great Tusk", "speciesId": "greattusk", "gender": "N", "shiny": false, "level": 77, "moves": ["earthquake", "closecombat", "bulkup", "stoneedge"], "ability": "Protosynthesis", "evs": {"hp": 85, "atk": 85, "def": 85, "spa": 85, "spd": 85, "spe": 85}, "ivs": {"hp": 31, "atk": 31, "def": 31, "spa": 31, "spd": 31, "spe": 31}, "item": "Leftovers", "teraType": "Steel", "role": "Bulky Setup", "bvs": {"hp": 115, "atk": 131, "def": 131, "spa": 53, "spd": 53, "spe": 87}, "stats": {"hp": 304, "atk": 246, "def": 246, "spa": 126, "spd": 126, "spe": 179}, "types": ["Ground", "Fighting"]}, "Muk": {"name": "Muk", "species": "Muk-Alola", "speciesId": "mukalola", "gender": "F", "shiny": false, "level": 82, "moves": ["knockoff", "gunkshot", "shadowsneak", "drainpunch"], "ability": "Poison Touch", "evs": {"hp": 85, "atk": 85, "def": 85, "spa": 85, "spd": 85, "spe": 85}, "ivs": {"hp": 31, "atk": 31, "def": 31, "spa": 31, "spd": 31, "spe": 31}, "item": "Assault Vest", "teraType": "Fighting", "role": "AV Pivot", "bvs": {"hp": 105, "atk": 105, "def": 75, "spa": 65, "spd": 100, "spe": 50}, "stats": {"hp": 306, "atk": 219, "def": 170, "spa": 154, "spd": 211, "spe": 129}, "types": ["Poison", "Dark"]}, "Mabosstiff": {"name": "Mabosstiff", "species": "Mabosstiff", "speciesId": "mabosstiff", "gender": "F", "shiny": false, "level": 86, "moves": ["psychicfangs", "playrough", "crunch", "wildcharge"], "ability": "Stakeout", "evs": {"hp": 85, "atk": 85, "def": 85, "spa": 85, "spd": 85, "spe": 85}, "ivs": {"hp": 31, "atk": 31, "def": 31, "spa": 31, "spd": 31, "spe": 31}, "item": "Choice Scarf", "teraType": "Fairy", "role": "Bulky Attacker", "bvs": {"hp": 80, "atk": 120, "def": 90, "spa": 60, "spd": 70, "spe": 85}, "stats": {"hp": 278, "atk": 256, "def": 204, "spa": 152, "spd": 170, "spe": 195}, "types": ["Dark"]}, "Vivillon": {"name": "Vivillon", "species": "Vivillon-Marine", "speciesId": "vivillon", "gender": "F", "shiny": false, "level": 83, "moves": ["hurricane", "bugbuzz", "quiverdance", "sleeppowder"], "ability": "Compound Eyes", "evs": {"hp": 85, "atk": 0, "def": 85, "spa": 85, "spd": 85, "spe": 85}, "ivs": {"hp": 31, "atk": 0, "def": 31, "spa": 31, "spd": 31, "spe": 31}, "item": "Heavy-Duty Boots", "teraType": "Flying", "role": "Fast Bulky Setup", "bvs": {"hp": 80, "atk": 52, "def": 50, "spa": 90, "spd": 50, "spe": 89}, "stats": {"hp": 268, "atk": 91, "def": 131, "spa": 197, "spd": 131, "spe": 195}, "types": ["Bug", "Flying"]}, "Fezandipiti": {"name": "Fezandipiti", "species": "Fezandipiti", "speciesId": "fezandipiti", "gender": "M", "shiny": false, "level": 82, "moves": ["terablast", "playrough", "swordsdance", "gunkshot"], "ability": "Toxic Chain", "evs": {"hp": 85, "atk": 85, "def": 85, "spa": 85, "spd": 85, "spe": 85}, "ivs": {"hp": 31, "atk": 31, "def": 31, "spa": 31, "spd": 31, "spe": 31}, "item": "Leftovers", "teraType": "Ground", "role": "Tera Blast user", "bvs": {"hp": 88, "atk": 91, "def": 82, "spa": 70, "spd": 125, "spe": 99}, "stats": {"hp": 278, "atk": 196, "def": 182, "spa": 162, "spd": 252, "spe": 210}, "types": ["Poison", "Fairy"]}, "Regice": {"name": "Regice", "species": "Regice", "speciesId": "regice", "gender": "N", "shiny": false, "level": 88, "moves": ["bodypress", "thunderwave", "thunderbolt", "icebeam"], "ability": "Clear Body", "evs": {"hp": 85, "atk": 0, "def": 85, "spa": 85, "spd": 85, "spe": 85}, "ivs": {"hp": 31, "atk": 0, "def": 31, "spa": 31, "spd": 31, "spe": 31}, "item": "Heavy-Duty Boots", "teraType": "Electric", "role": "Bulky Attacker", "bvs": {"hp": 80, "atk": 50, "def": 100, "spa": 100, "spd": 200, "spe": 50}, "stats": {"hp": 284, "atk": 93, "def": 226, "spa": 226, "spd": 402, "spe": 138}, "types": ["Ice"]}}, {"Beartic": {"name": "Beartic", "species": "Beartic", "speciesId": "beartic", "gender": "M", "shiny": false, "level": 91, "moves": ["iciclecrash", "snowscape", "earthquake", "swordsdance"], "ability": "Slush Rush", "evs": {"hp": 85, "atk": 85, "def": 85, "spa": 85, "spd": 85, "spe": 85}, "ivs": {"hp": 31, "atk": 31, "def": 31, "spa": 31, "spd": 31, "spe": 31}, "item": "Heavy-Duty Boots", "teraType": "Ground", "role": "Wallbreaker", "bvs": {"hp": 95, "atk": 130, "def": 80, "spa": 70, "spd": 80, "spe": 50}, "stats": {"hp": 321, "atk": 288, "def": 197, "spa": 179, "spd": 197, "spe": 143}, "types": ["Ice"]}, "Ribombee": {"name": "Ribombee", "species": "Ribombee", "speciesId": "ribombee", "gender": "M", "shiny": false, "level": 83, "moves": ["uturn", "moonblast", "stickyweb", "stunspore"], "ability": "Shield Dust", "evs": {"hp": 85, "atk": 85, "def": 85, "spa": 85, "spd": 85, "spe": 85}, "ivs": {"hp": 31, "atk": 31, "def": 31, "spa": 31, "spd": 31, "spe": 31}, "item": "Heavy-Duty Boots", "teraType": "Ghost", "role": "Fast Support", "bvs": {"hp": 60, "atk": 55, "def": 60, "spa": 95, "spd": 70, "spe": 124}, "stats": {"hp": 235, "atk": 139, "def": 147, "spa": 205, "spd": 164, "spe": 254}, "types": ["Bug", "Fairy"]}, "Sneasler": {"name": "Sneasler", "species": "Sneasler", "speciesId": "sneasler", "gender": "F", "shiny": false, "level": 74, "moves": ["gunkshot", "swordsdance", "acrobatics", "closecombat"], "ability": "Unburden", "evs": {"hp": 85, "atk": 85, "def": 85, "spa": 85, "spd": 85, "spe": 85}, "ivs": {"hp": 31, "atk": 31, "def": 31, "spa": 31, "spd": 31, "spe": 31}, "item": "White Herb", "teraType": "Flying", "role": "Setup Sweeper", "bvs": {"hp": 80, "atk": 130, "def": 60, "spa": 40, "spd": 80, "spe": 120}, "stats": {"hp": 240, "atk": 235, "def": 132, "spa": 102, "spd": 161, "spe": 221}, "types": ["Fighting", "Poison"]}, "Furret": {"name": "Furret", "species": "Furret", "speciesId": "furret", "gender": "F", "shiny": false, "level": 94, "moves": ["tidyup", "brickbreak", "knockoff", "doubleedge"], "ability": "Frisk", "evs": {"hp": 85, "atk": 85, "def": 85, "spa": 85, "spd": 85, "spe": 85}, "ivs": {"hp": 31, "atk": 31, "def": 31, "spa": 31, "spd": 31, "spe": 31}, "item": "Life Orb", "teraType": "Ghost", "role": "Setup Sweeper", "bvs": {"hp": 85, "atk": 76, "def": 64, "spa": 45, "spd": 55, "spe": 90}, "stats": {"hp": 312, "atk": 196, "def": 174, "spa": 138, "spd": 157, "spe": 223}, "types": ["Normal"]}, "Swampert": {"name": "Swampert", "species": "Swampert", "speciesId": "swampert", "gender": "F", "shiny": false, "level": 83, "moves": ["stealthrock", "earthquake", "icebeam", "roar"], "ability": "Damp", "evs": {"hp": 85, "atk": 85, "def": 85, "spa": 85, "spd": 85, "spe": 85}, "ivs": {"hp": 31, "atk": 31, "def": 31, "spa": 31, "spd": 31, "spe": 31}, "item": "Leftovers", "teraType": "Poison", "role": "Bulky Support", "bvs": {"hp": 100, "atk": 110, "def": 90, "spa": 85, "spd": 90, "spe": 60}, "stats": {"hp": 302, "atk": 230, "def": 197, "spa": 189, "spd": 197, "spe": 147}, "types": ["Water", "Ground"]}, "Hitmontop": {"name": "Hitmontop", "species": "Hitmontop", "speciesId": "hitmontop", "gender": "M", "shiny": false, "level": 88, "moves": ["rapidspin", "tripleaxel", "closecombat", "bulkup"], "ability": "Technician", "evs": {"hp": 85, "atk": 85, "def": 85, "spa": 85, "spd": 85, "spe": 85}, "ivs": {"hp": 31, "atk": 31, "def": 31, "spa": 31, "spd": 31, "spe": 31}, "item": "Leftovers", "teraType": "Ice", "role": "Bulky Setup", "bvs": {"hp": 50, "atk": 95, "def": 95, "spa": 35, "spd": 110, "spe": 70}, "stats": {"hp": 231, "atk": 217, "def": 217, "spa": 112, "spd": 244, "spe": 173}, "types": ["Fighting"]}}]}