{"id": "gen9randombattle-2631439066", "format": "[Gen 9] Random Battle", "players": ["Andybrick95", "Bawjaws34"], "log": "|j|\u2606Andybrick95\n|j|\u2606Bawjaws34\n|t:|1781384777\n|gametype|singles\n|player|p1|Andybrick95|gambler|1599\n|player|p2|Bawjaws34|lucas|1552\n|gen|9\n|tier|[Gen 9] Random Battle\n|rated|\n|rule|Species Clause: Limit one of each Pok\u00e9mon\n|rule|HP Percentage Mod: HP is shown in percentages\n|rule|Sleep Clause Mod: Limit one foe put to sleep\n|rule|Illusion Level Mod: Illusion disguises the Pok\u00e9mon's true level\n|\n|t:|1781384777\n|teamsize|p1|6\n|teamsize|p2|6\n|start\n|switch|p1a: Passimian|Passimian, L83, F|302/302\n|switch|p2a: Eelektross|Eelektross, L87, M|290/290\n|turn|1\n|inactive|Battle timer is ON: inactive players will automatically lose when time's up. (requested by Andybrick95)\n|inactive|Bawjaws34 also wants the timer to be on.\n|c|\u2606Andybrick95|glhf\n|\n|t:|1781384787\n|move|p1a: Passimian|Knock Off|p2a: Eelektross\n|-crit|p2a: Eelektross\n|-damage|p2a: Eelektross|108/290\n|-enditem|p2a: Eelektross|Leftovers|[from] move: Knock Off|[of] p1a: Passimian\n|move|p2a: Eelektross|Coil|p2a: Eelektross\n|-boost|p2a: Eelektross|atk|1\n|-boost|p2a: Eelektross|def|1\n|-boost|p2a: Eelektross|accuracy|1\n|\n|upkeep\n|turn|2\n|\n|t:|1781384799\n|switch|p1a: Lurantis|Lurantis, L87, F|264/264\n|move|p2a: Eelektross|Drain Punch|p1a: Lurantis\n|-damage|p1a: Lurantis|165/264\n|-heal|p2a: Eelektross|158/290|[from] drain|[of] p1a: Lurantis\n|\n|-heal|p1a: Lurantis|181/264|[from] item: Leftovers\n|upkeep\n|turn|3\n|\n|t:|1781384810\n|move|p2a: Eelektross|Fire Punch|p1a: Lurantis\n|-supereffective|p1a: Lurantis\n|-damage|p1a: Lurantis|9/264\n|-status|p1a: Lurantis|brn\n|move|p1a: Lurantis|Superpower|p2a: Eelektross\n|-damage|p2a: Eelektross|123/290\n|-boost|p1a: Lurantis|atk|1\n|-boost|p1a: Lurantis|def|1\n|\n|-heal|p1a: Lurantis|25/264 brn|[from] item: Leftovers\n|-damage|p1a: Lurantis|9/264 brn|[from] brn\n|upkeep\n|turn|4\n|\n|t:|1781384823\n|move|p2a: Eelektross|Drain Punch|p1a: Lurantis\n|-damage|p1a: Lurantis|0 fnt\n|-heal|p2a: Eelektross|128/290|[from] drain|[of] p1a: Lurantis\n|faint|p1a: Lurantis\n|\n|upkeep\n|\n|t:|1781384839\n|switch|p1a: Passimian|Passimian, L83, F|302/302\n|turn|5\n|\n|t:|1781384843\n|move|p1a: Passimian|Close Combat|p2a: Eelektross\n|-damage|p2a: Eelektross|0 fnt\n|-unboost|p1a: Passimian|def|1\n|-unboost|p1a: Passimian|spd|1\n|faint|p2a: Eelektross\n|\n|upkeep\n|\n|t:|1781384855\n|switch|p2a: Zapdos|Zapdos, L78|268/268\n|turn|6\n|\n|t:|1781384861\n|switch|p1a: Slowbro|Slowbro, L85, M|300/300\n|move|p2a: Zapdos|Thunderbolt|p1a: Slowbro\n|-supereffective|p1a: Slowbro\n|-damage|p1a: Slowbro|160/300\n|\n|upkeep\n|turn|7\n|\n|t:|1781384870\n|switch|p1a: Dugtrio|Dugtrio-Alola, L84, F|196/196\n|move|p2a: Zapdos|Heat Wave|p1a: Dugtrio\n|-supereffective|p1a: Dugtrio\n|-damage|p1a: Dugtrio|28/196\n|-status|p1a: Dugtrio|brn\n|\n|-damage|p1a: Dugtrio|16/196 brn|[from] brn\n|upkeep\n|turn|8\n|c|\u2606Andybrick95|man these burns suck lol\n|\n|t:|1781384883\n|move|p1a: Dugtrio|Stone Edge|p2a: Zapdos\n|-supereffective|p2a: Zapdos\n|-damage|p2a: Zapdos|171/268\n|-damage|p1a: Dugtrio|0 fnt|[from] item: Life Orb\n|faint|p1a: Dugtrio\n|move|p2a: Zapdos|Roost|p2a: Zapdos\n|-heal|p2a: Zapdos|268/268\n|-singleturn|p2a: Zapdos|move: Roost\n|\n|upkeep\n|\n|t:|1781384890\n|switch|p1a: Rampardos|Rampardos, L90, M|321/321\n|turn|9\n|\n|t:|1781384908\n|move|p2a: Zapdos|Thunderbolt|p1a: Rampardos\n|-damage|p1a: Rampardos|191/321\n|move|p1a: Rampardos|Rock Slide|p2a: Zapdos\n|-supereffective|p2a: Zapdos\n|-damage|p2a: Zapdos|0 fnt\n|faint|p2a: Zapdos\n|\n|upkeep\n|\n|t:|1781384919\n|switch|p2a: Palkia|Palkia, L75|259/259\n|-ability|p2a: Palkia|Pressure\n|turn|10\n|\n|t:|1781384935\n|move|p2a: Palkia|Draco Meteor|p1a: Rampardos\n|-damage|p1a: Rampardos|0 fnt\n|-unboost|p2a: Palkia|spa|2\n|faint|p1a: Rampardos\n|\n|upkeep\n|\n|t:|1781384941\n|switch|p1a: Mienshao|Mienshao, L83, F|244/244\n|turn|11\n|\n|t:|1781384947\n|switch|p2a: Dondozo|Dondozo, L78, F|362/362\n|move|p1a: Mienshao|Knock Off|p2a: Dondozo\n|-damage|p2a: Dondozo|263/362\n|-enditem|p2a: Dondozo|Leftovers|[from] move: Knock Off|[of] p1a: Mienshao\n|-damage|p1a: Mienshao|220/244|[from] item: Life Orb\n|\n|upkeep\n|turn|12\n|\n|t:|1781384958\n|switch|p1a: Slowbro|Slowbro, L85, M|260/300\n|move|p2a: Dondozo|Wave Crash|p1a: Slowbro\n|-resisted|p1a: Slowbro\n|-damage|p1a: Slowbro|215/300\n|-damage|p2a: Dondozo|248/362|[from] Recoil\n|\n|upkeep\n|turn|13\n|\n|t:|1781384969\n|move|p1a: Slowbro|Future Sight|p2a: Dondozo\n|-start|p1a: Slowbro|move: Future Sight\n|move|p2a: Dondozo|Curse|p2a: Dondozo\n|-unboost|p2a: Dondozo|spe|1\n|-boost|p2a: Dondozo|atk|1\n|-boost|p2a: Dondozo|def|1\n|\n|upkeep\n|turn|14\n|\n|t:|1781384982\n|move|p1a: Slowbro|Body Press|p2a: Dondozo\n|-damage|p2a: Dondozo|212/362\n|move|p2a: Dondozo|Curse|p2a: Dondozo\n|-unboost|p2a: Dondozo|spe|1\n|-boost|p2a: Dondozo|atk|1\n|-boost|p2a: Dondozo|def|1\n|\n|upkeep\n|turn|15\n|\n|t:|1781384992\n|switch|p2a: Muk|Muk-Alola, L82, M|306/306\n|move|p1a: Slowbro|Scald|p2a: Muk\n|-damage|p2a: Muk|255/306\n|-status|p2a: Muk|brn\n|\n|-end|p2a: Muk|move: Future Sight\n|-immune|p2a: Muk\n|-damage|p2a: Muk|236/306 brn|[from] brn\n|upkeep\n|turn|16\n|\n|t:|1781385005\n|switch|p1a: Mienshao|Mienshao, L83, F|244/244\n|move|p2a: Muk|Knock Off|p1a: Mienshao\n|-resisted|p1a: Mienshao\n|-damage|p1a: Mienshao|212/244\n|-status|p1a: Mienshao|psn|[from] ability: Poison Touch|[of] p2a: Muk\n|-enditem|p1a: Mienshao|Life Orb|[from] move: Knock Off|[of] p2a: Muk\n|\n|-damage|p1a: Mienshao|182/244 psn|[from] psn\n|-damage|p2a: Muk|217/306 brn|[from] brn\n|upkeep\n|turn|17\n|\n|t:|1781385024\n|move|p1a: Mienshao|Close Combat|p2a: Muk\n|-damage|p2a: Muk|30/306 brn\n|-unboost|p1a: Mienshao|def|1\n|-unboost|p1a: Mienshao|spd|1\n|move|p2a: Muk|Poison Jab|p1a: Mienshao\n|-damage|p1a: Mienshao|104/244 psn\n|\n|-damage|p1a: Mienshao|74/244 psn|[from] psn\n|-damage|p2a: Muk|11/306 brn|[from] brn\n|upkeep\n|turn|18\n|\n|t:|1781385037\n|move|p2a: Muk|Shadow Sneak|p1a: Mienshao\n|-damage|p1a: Mienshao|44/244 psn\n|move|p1a: Mienshao|Knock Off|p2a: Muk\n|-resisted|p2a: Muk\n|-damage|p2a: Muk|0 fnt\n|-enditem|p2a: Muk|Assault Vest|[from] move: Knock Off|[of] p1a: Mienshao\n|faint|p2a: Muk\n|\n|-damage|p1a: Mienshao|14/244 psn|[from] psn\n|upkeep\n|\n|t:|1781385049\n|switch|p2a: Palkia|Palkia, L75|259/259\n|-ability|p2a: Palkia|Pressure\n|turn|19\n|\n|t:|1781385058\n|switch|p1a: Slowbro|Slowbro, L85, M|300/300\n|move|p2a: Palkia|Spacial Rend|p1a: Slowbro\n|-damage|p1a: Slowbro|206/300\n|\n|upkeep\n|turn|20\n|\n|t:|1781385069\n|move|p2a: Palkia|Spacial Rend|p1a: Slowbro\n|-damage|p1a: Slowbro|110/300\n|move|p1a: Slowbro|Future Sight|p2a: Palkia\n|-start|p1a: Slowbro|move: Future Sight\n|\n|upkeep\n|turn|21\n|\n|t:|1781385081\n|switch|p1a: Passimian|Passimian, L83, F|302/302\n|move|p2a: Palkia|Spacial Rend|p1a: Passimian\n|-damage|p1a: Passimian|124/302\n|\n|upkeep\n|turn|22\n|\n|t:|1781385088\n|switch|p1a: Slowbro|Slowbro, L85, M|210/300\n|-terastallize|p2a: Palkia|Dragon\n|move|p2a: Palkia|Spacial Rend|p1a: Slowbro\n|-damage|p1a: Slowbro|98/300\n|\n|-end|p2a: Palkia|move: Future Sight\n|-damage|p2a: Palkia|141/259\n|upkeep\n|turn|23\n|\n|t:|1781385100\n|switch|p1a: Passimian|Passimian, L83, F|124/302\n|move|p2a: Palkia|Spacial Rend|p1a: Passimian|[miss]\n|-miss|p2a: Palkia|p1a: Passimian\n|\n|upkeep\n|turn|24\n|\n|t:|1781385111\n|move|p2a: Palkia|Spacial Rend|p1a: Passimian\n|-crit|p1a: Passimian\n|-damage|p1a: Passimian|0 fnt\n|faint|p1a: Passimian\n|\n|upkeep\n|\n|t:|1781385117\n|switch|p1a: Mienshao|Mienshao, L83, F|95/244 psn\n|turn|25\n|\n|t:|1781385123\n|move|p2a: Palkia|Spacial Rend|p1a: Mienshao|[miss]\n|-miss|p2a: Palkia|p1a: Mienshao\n|move|p1a: Mienshao|Close Combat|p2a: Palkia\n|-damage|p2a: Palkia|0 fnt\n|-unboost|p1a: Mienshao|def|1\n|-unboost|p1a: Mienshao|spd|1\n|faint|p2a: Palkia\n|\n|-damage|p1a: Mienshao|65/244 psn|[from] psn\n|upkeep\n|\n|t:|1781385134\n|switch|p2a: Arceus|Arceus-Grass, L73|296/296\n|turn|26\n|\n|t:|1781385143\n|move|p1a: Mienshao|Poison Jab|p2a: Arceus\n|-supereffective|p2a: Arceus\n|-crit|p2a: Arceus\n|-damage|p2a: Arceus|98/296\n|move|p2a: Arceus|Judgment|p1a: Mienshao\n|-damage|p1a: Mienshao|0 fnt\n|faint|p1a: Mienshao\n|\n|upkeep\n|\n|t:|1781385146\n|switch|p1a: Slowbro|Slowbro, L85, M|198/300\n|turn|27\n|\n|t:|1781385155\n|-terastallize|p1a: Slowbro|Fairy\n|move|p2a: Arceus|Calm Mind|p2a: Arceus\n|-boost|p2a: Arceus|spa|1\n|-boost|p2a: Arceus|spd|1\n|move|p1a: Slowbro|Ice Beam|p2a: Arceus\n|-supereffective|p2a: Arceus\n|-damage|p2a: Arceus|12/296\n|\n|upkeep\n|turn|28\n|c|\u2606Andybrick95|gg\n|\n|t:|1781385171\n|move|p2a: Arceus|Judgment|p1a: Slowbro\n|-damage|p1a: Slowbro|72/300\n|move|p1a: Slowbro|Ice Beam|p2a: Arceus\n|-supereffective|p2a: Arceus\n|-damage|p2a: Arceus|0 fnt\n|faint|p2a: Arceus\n|\n|upkeep\n|\n|t:|1781385179\n|switch|p2a: Dondozo|Dondozo, L78, F|212/362\n|turn|29\n|\n|t:|1781385185\n|move|p2a: Dondozo|Rest|p2a: Dondozo\n|-status|p2a: Dondozo|slp|[from] move: Rest\n|-heal|p2a: Dondozo|362/362 slp|[silent]\n|move|p1a: Slowbro|Future Sight|p2a: Dondozo\n|-start|p1a: Slowbro|move: Future Sight\n|\n|upkeep\n|turn|30\n|\n|t:|1781385192\n|move|p1a: Slowbro|Scald|p2a: Dondozo\n|-resisted|p2a: Dondozo\n|-damage|p2a: Dondozo|297/362 slp\n|cant|p2a: Dondozo|slp\n|move|p2a: Dondozo|Sleep Talk|p2a: Dondozo\n|move|p2a: Dondozo|Curse|p2a: Dondozo|[from] move: Sleep Talk\n|-unboost|p2a: Dondozo|spe|1\n|-boost|p2a: Dondozo|atk|1\n|-boost|p2a: Dondozo|def|1\n|\n|upkeep\n|turn|31\n|\n|t:|1781385204\n|move|p1a: Slowbro|Scald|p2a: Dondozo\n|-resisted|p2a: Dondozo\n|-damage|p2a: Dondozo|235/362 slp\n|cant|p2a: Dondozo|slp\n|move|p2a: Dondozo|Sleep Talk|p2a: Dondozo\n|move|p2a: Dondozo|Rest||[from] move: Sleep Talk|[still]\n|-fail|p2a: Dondozo\n|\n|-end|p2a: Dondozo|move: Future Sight\n|-damage|p2a: Dondozo|54/362 slp\n|upkeep\n|turn|32\n|\n|t:|1781385217\n|move|p1a: Slowbro|Scald|p2a: Dondozo\n|-resisted|p2a: Dondozo\n|-damage|p2a: Dondozo|0 fnt\n|faint|p2a: Dondozo\n|\n|win|Andybrick95\n|raw|Andybrick95's rating: 1599 &rarr; <strong>1616</strong><br />(+17 for winning)\n|raw|Bawjaws34's rating: 1552 &rarr; <strong>1535</strong><br />(-17 for losing)\n|l|\u2606Bawjaws34\n|player|p2|\n", "inputlog": ">version a8376a258c1d4662feba110a92103f3664a72141\n>start {\"formatid\":\"gen9randombattle\",\"seed\":\"sodium,4834b7a777c86cbf717fd2086555562c\",\"rated\":\"Rated battle\"}\n>player p1 {\"name\":\"Andybrick95\",\"avatar\":\"gambler\",\"rating\":1599,\"seed\":\"sodium,e8b9fd141106e3cedbfe803474aaac58\"}\n>player p2 {\"name\":\"Bawjaws34\",\"avatar\":\"lucas\",\"rating\":1552,\"seed\":\"sodium,912df76ed3782ec5710589b47de60333\"}\n>chat \u2606Andybrick95|glhf\n>p1 move knockoff\n>p2 move coil\n>p1 switch 6\n>p2 move drainpunch\n>p1 move superpower\n>p2 move firepunch\n>p1 move synthesis\n>p2 move drainpunch\n>p1 switch 6\n>p1 move closecombat\n>p2 move drainpunch\n>p2 switch 4\n>p1 switch 3\n>p2 move thunderbolt\n>p1 switch 5\n>p2 move heatwave\n>chat \u2606Andybrick95|man these burns suck lol\n>p1 move stoneedge\n>p2 move roost\n>p1 switch 2\n>p1 move rockslide\n>p2 move thunderbolt\n>p2 switch 2\n>p1 move rockslide\n>p2 move dracometeor\n>p1 switch 4\n>p1 move knockoff\n>p2 switch 5\n>p1 switch 5\n>p2 move wavecrash\n>p1 move futuresight\n>p2 move curse\n>p1 move bodypress\n>p2 move curse\n>p1 move scald\n>p2 switch 6\n>p1 switch 5\n>p2 move knockoff\n>p1 move closecombat\n>p2 move poisonjab\n>p1 move knockoff\n>p2 move shadowsneak\n>p2 switch 5\n>p1 switch 5\n>p2 move spacialrend\n>p1 move futuresight\n>p2 move spacialrend\n>p1 switch 3\n>p2 move spacialrend\n>p1 switch 3\n>p2 move spacialrend terastallize\n>p1 switch 3\n>p2 move spacialrend\n>p1 move gunkshot\n>p2 move spacialrend\n>p1 switch 5\n>p1 move closecombat\n>p2 move spacialrend\n>p2 switch 3\n>p1 move poisonjab\n>p2 move judgment\n>p1 switch 3\n>p1 move icebeam terastallize\n>p2 move calmmind\n>chat \u2606Andybrick95|gg\n>p1 move icebeam\n>p2 move judgment\n>p2 switch 6\n>p1 move futuresight\n>p2 move rest\n>p1 move scald\n>p2 move sleeptalk\n>p1 move scald\n>p2 move sleeptalk\n>p1 move scald\n>p2 move wavecrash", "uploadtime": 1781385241, "views": 8, "formatid": "gen9randombattle", "rating": 1535, "private": 0, "password": null, "player_dets": [{"name": "Andybrick95", "avatar": "gambler", "rating": 1599, "seed": "sodium,e8b9fd141106e3cedbfe803474aaac58"}, {"name": "Bawjaws34", "avatar": "lucas", "rating": 1552, "seed": "sodium,912df76ed3782ec5710589b47de60333"}], "teams_full": [{"Passimian": {"name": "Passimian", "species": "Passimian", "speciesId": "passimian", "gender": "F", "shiny": false, "level": 83, "moves": ["closecombat", "earthquake", "knockoff", "gunkshot"], "ability": "Defiant", "evs": {"hp": 85, "atk": 85, "def": 85, "spa": 85, "spd": 85, "spe": 85}, "ivs": {"hp": 31, "atk": 31, "def": 31, "spa": 31, "spd": 31, "spe": 31}, "item": "Choice Band", "teraType": "Poison", "role": "Fast Attacker", "bvs": {"hp": 100, "atk": 120, "def": 90, "spa": 40, "spd": 60, "spe": 80}, "stats": {"hp": 302, "atk": 247, "def": 197, "spa": 114, "spd": 147, "spe": 180}, "types": ["Fighting"]}, "Rampardos": {"name": "Rampardos", "species": "Rampardos", "speciesId": "rampardos", "gender": "M", "shiny": false, "level": 90, "moves": ["zenheadbutt", "firepunch", "earthquake", "rockslide"], "ability": "Sheer Force", "evs": {"hp": 85, "atk": 85, "def": 85, "spa": 85, "spd": 85, "spe": 85}, "ivs": {"hp": 31, "atk": 31, "def": 31, "spa": 31, "spd": 31, "spe": 31}, "item": "Life Orb", "teraType": "Rock", "role": "Wallbreaker", "bvs": {"hp": 97, "atk": 165, "def": 60, "spa": 65, "spd": 50, "spe": 58}, "stats": {"hp": 321, "atk": 348, "def": 159, "spa": 168, "spd": 141, "spe": 156}, "types": ["Rock"]}, "Slowbro": {"name": "Slowbro", "species": "Slowbro", "speciesId": "slowbro", "gender": "M", "shiny": false, "level": 85, "moves": ["scald", "icebeam", "bodypress", "futuresight"], "ability": "Regenerator", "evs": {"hp": 85, "atk": 0, "def": 85, "spa": 85, "spd": 85, "spe": 85}, "ivs": {"hp": 31, "atk": 0, "def": 31, "spa": 31, "spd": 31, "spe": 31}, "item": "Assault Vest", "teraType": "Fairy", "role": "AV Pivot", "bvs": {"hp": 95, "atk": 75, "def": 110, "spa": 100, "spd": 80, "spe": 30}, "stats": {"hp": 300, "atk": 132, "def": 236, "spa": 219, "spd": 185, "spe": 100}, "types": ["Water", "Psychic"]}, "Mienshao": {"name": "Mienshao", "species": "Mienshao", "speciesId": "mienshao", "gender": "F", "shiny": false, "level": 83, "moves": ["knockoff", "closecombat", "poisonjab", "swordsdance"], "ability": "Regenerator", "evs": {"hp": 85, "atk": 85, "def": 85, "spa": 85, "spd": 85, "spe": 85}, "ivs": {"hp": 31, "atk": 31, "def": 31, "spa": 31, "spd": 31, "spe": 31}, "item": "Life Orb", "teraType": "Fighting", "role": "Setup Sweeper", "bvs": {"hp": 65, "atk": 125, "def": 60, "spa": 95, "spd": 60, "spe": 105}, "stats": {"hp": 244, "atk": 255, "def": 147, "spa": 205, "spd": 147, "spe": 222}, "types": ["Fighting"]}, "Dugtrio": {"name": "Dugtrio", "species": "Dugtrio-Alola", "speciesId": "dugtrioalola", "gender": "F", "shiny": false, "level": 84, "moves": ["swordsdance", "earthquake", "ironhead", "stoneedge"], "ability": "Tangling Hair", "evs": {"hp": 85, "atk": 85, "def": 85, "spa": 85, "spd": 85, "spe": 85}, "ivs": {"hp": 31, "atk": 31, "def": 31, "spa": 31, "spd": 31, "spe": 31}, "item": "Life Orb", "teraType": "Ground", "role": "Fast Attacker", "bvs": {"hp": 35, "atk": 100, "def": 60, "spa": 50, "spd": 70, "spe": 110}, "stats": {"hp": 196, "atk": 216, "def": 149, "spa": 132, "spd": 166, "spe": 233}, "types": ["Ground", "Steel"]}, "Lurantis": {"name": "Lurantis", "species": "Lurantis", "speciesId": "lurantis", "gender": "F", "shiny": false, "level": 87, "moves": ["leafstorm", "synthesis", "defog", "superpower"], "ability": "Contrary", "evs": {"hp": 85, "atk": 85, "def": 85, "spa": 85, "spd": 85, "spe": 85}, "ivs": {"hp": 31, "atk": 31, "def": 31, "spa": 31, "spd": 31, "spe": 31}, "item": "Leftovers", "teraType": "Fighting", "role": "Bulky Attacker", "bvs": {"hp": 70, "atk": 105, "def": 90, "spa": 80, "spd": 90, "spe": 45}, "stats": {"hp": 264, "atk": 232, "def": 206, "spa": 189, "spd": 206, "spe": 128}, "types": ["Grass"]}}, {"Eelektross": {"name": "Eelektross", "species": "Eelektross", "speciesId": "eelektross", "gender": "M", "shiny": false, "level": 87, "moves": ["coil", "supercellslam", "firepunch", "drainpunch"], "ability": "Levitate", "evs": {"hp": 85, "atk": 85, "def": 85, "spa": 85, "spd": 85, "spe": 85}, "ivs": {"hp": 31, "atk": 31, "def": 31, "spa": 31, "spd": 31, "spe": 31}, "item": "Leftovers", "teraType": "Fighting", "role": "Bulky Setup", "bvs": {"hp": 85, "atk": 115, "def": 80, "spa": 105, "spd": 80, "spe": 50}, "stats": {"hp": 290, "atk": 250, "def": 189, "spa": 232, "spd": 189, "spe": 137}, "types": ["Electric"]}, "Palkia": {"name": "Palkia", "species": "Palkia", "speciesId": "palkia", "gender": "N", "shiny": false, "level": 75, "moves": ["fireblast", "spacialrend", "hydropump", "dracometeor"], "ability": "Pressure", "evs": {"hp": 85, "atk": 0, "def": 85, "spa": 85, "spd": 85, "spe": 85}, "ivs": {"hp": 31, "atk": 0, "def": 31, "spa": 31, "spd": 31, "spe": 31}, "item": "Choice Scarf", "teraType": "Dragon", "role": "Fast Attacker", "bvs": {"hp": 90, "atk": 120, "def": 100, "spa": 150, "spd": 120, "spe": 100}, "stats": {"hp": 259, "atk": 185, "def": 194, "spa": 269, "spd": 224, "spe": 194}, "types": ["Water", "Dragon"]}, "Arceus": {"name": "Arceus", "species": "Arceus-Grass", "speciesId": "arceusgrass", "gender": "N", "shiny": false, "level": 73, "moves": ["earthpower", "calmmind", "icebeam", "judgment"], "ability": "Multitype", "evs": {"hp": 85, "atk": 0, "def": 85, "spa": 85, "spd": 85, "spe": 85}, "ivs": {"hp": 31, "atk": 0, "def": 31, "spa": 31, "spd": 31, "spe": 31}, "item": "Meadow Plate", "teraType": "Ground", "role": "Setup Sweeper", "bvs": {"hp": 120, "atk": 120, "def": 120, "spa": 120, "spd": 120, "spe": 120}, "stats": {"hp": 296, "atk": 180, "def": 218, "spa": 218, "spd": 218, "spe": 218}, "types": ["Grass"]}, "Zapdos": {"name": "Zapdos", "species": "Zapdos", "speciesId": "zapdos", "gender": "N", "shiny": false, "level": 78, "moves": ["thunderbolt", "heatwave", "hurricane", "roost"], "ability": "Static", "evs": {"hp": 85, "atk": 0, "def": 85, "spa": 85, "spd": 85, "spe": 85}, "ivs": {"hp": 31, "atk": 0, "def": 31, "spa": 31, "spd": 31, "spe": 31}, "item": "Heavy-Duty Boots", "teraType": "Electric", "role": "Bulky Attacker", "bvs": {"hp": 90, "atk": 90, "def": 85, "spa": 125, "spd": 90, "spe": 100}, "stats": {"hp": 268, "atk": 145, "def": 178, "spa": 240, "spd": 185, "spe": 201}, "types": ["Electric", "Flying"]}, "Dondozo": {"name": "Dondozo", "species": "Dondozo", "speciesId": "dondozo", "gender": "F", "shiny": false, "level": 78, "moves": ["curse", "rest", "sleeptalk", "wavecrash"], "ability": "Unaware", "evs": {"hp": 85, "atk": 85, "def": 85, "spa": 85, "spd": 85, "spe": 85}, "ivs": {"hp": 31, "atk": 31, "def": 31, "spa": 31, "spd": 31, "spe": 31}, "item": "Leftovers", "teraType": "Dragon", "role": "Bulky Setup", "bvs": {"hp": 150, "atk": 100, "def": 115, "spa": 65, "spd": 65, "spe": 35}, "stats": {"hp": 362, "atk": 201, "def": 224, "spa": 146, "spd": 146, "spe": 100}, "types": ["Water"]}, "Muk": {"name": "Muk", "species": "Muk-Alola", "speciesId": "mukalola", "gender": "M", "shiny": false, "level": 82, "moves": ["drainpunch", "poisonjab", "shadowsneak", "knockoff"], "ability": "Poison Touch", "evs": {"hp": 85, "atk": 85, "def": 85, "spa": 85, "spd": 85, "spe": 85}, "ivs": {"hp": 31, "atk": 31, "def": 31, "spa": 31, "spd": 31, "spe": 31}, "item": "Assault Vest", "teraType": "Fighting", "role": "AV Pivot", "bvs": {"hp": 105, "atk": 105, "def": 75, "spa": 65, "spd": 100, "spe": 50}, "stats": {"hp": 306, "atk": 219, "def": 170, "spa": 154, "spd": 211, "spe": 129}, "types": ["Poison", "Dark"]}}]}