{"id": "gen9randombattle-2631521590", "format": "[Gen 9] Random Battle", "players": ["Neto1003", "enzoo1600"], "log": "|j|\u2606Neto1003\n|j|\u2606enzoo1600\n|inactive|Battle timer is ON: inactive players will automatically lose when time's up.\n|t:|1781396034\n|gametype|singles\n|player|p1|Neto1003|blue|\n|player|p2|enzoo1600|hilbert|\n|gen|9\n|tier|[Gen 9] Random Battle\n|rated|Tournament battle\n|rule|Species Clause: Limit one of each Pok\u00e9mon\n|rule|HP Percentage Mod: HP is shown in percentages\n|rule|Sleep Clause Mod: Limit one foe put to sleep\n|rule|Illusion Level Mod: Illusion disguises the Pok\u00e9mon's true level\n|\n|t:|1781396034\n|teamsize|p1|6\n|teamsize|p2|6\n|start\n|switch|p1a: Heatran|Heatran, L79, F|273/273\n|switch|p2a: Passimian|Passimian, L83, F|302/302\n|-item|p1a: Heatran|Air Balloon\n|turn|1\n|inactive|Neto1003 also wants the timer to be on.\n|c|\u2606enzoo1600|hf\n|j| Banco\u26a0Master129\n|c| Banco\u26a0Master129|pra mim\n|c| Banco\u26a0Master129|?\n|c| Banco\u26a0Master129|obrigado\n|raw|<div class=\"broadcast-red\"><strong>Moderated chat was set to +!</strong><br />Only users of rank + and higher can talk.</div>\n|\n|t:|1781396051\n|move|p2a: Passimian|U-turn|p1a: Heatran\n|-resisted|p1a: Heatran\n|-damage|p1a: Heatran|259/273\n|-enditem|p1a: Heatran|Air Balloon\n|c|\u2606enzoo1600|quieto banco\n|\n|t:|1781396069\n|switch|p2a: Quagsire|Quagsire, L84, M|297/297|[from] U-turn\n|move|p1a: Heatran|Stealth Rock|p2a: Quagsire\n|-sidestart|p2: enzoo1600|move: Stealth Rock\n|\n|upkeep\n|turn|2\n|\n|t:|1781396075\n|switch|p1a: Victreebel|Victreebel, L90, F|290/290\n|move|p2a: Quagsire|Earthquake|p1a: Victreebel\n|-damage|p1a: Victreebel|179/290\n|\n|upkeep\n|turn|3\n|\n|t:|1781396080\n|switch|p2a: Forretress|Forretress, L84, M|263/263\n|-damage|p2a: Forretress|231/263|[from] Stealth Rock\n|move|p1a: Victreebel|Power Whip|p2a: Forretress\n|-resisted|p2a: Forretress\n|-damage|p2a: Forretress|199/263\n|-damage|p1a: Victreebel|150/290|[from] item: Life Orb\n|\n|-heal|p2a: Forretress|215/263|[from] item: Leftovers\n|upkeep\n|turn|4\n|\n|t:|1781396086\n|switch|p1a: Heatran|Heatran, L79, F|259/273\n|move|p2a: Forretress|Volt Switch|p1a: Heatran\n|-damage|p1a: Heatran|227/273\n|\n|t:|1781396102\n|switch|p2a: Dusknoir|Dusknoir, L89, F|225/225|[from] Volt Switch\n|-damage|p2a: Dusknoir|197/225|[from] Stealth Rock\n|\n|-heal|p2a: Dusknoir|211/225|[from] item: Leftovers\n|upkeep\n|turn|5\n|\n|t:|1781396127\n|move|p1a: Heatran|Lava Plume|p2a: Dusknoir\n|-damage|p2a: Dusknoir|147/225\n|move|p2a: Dusknoir|Earthquake|p1a: Heatran\n|-supereffective|p1a: Heatran\n|-damage|p1a: Heatran|0 fnt\n|faint|p1a: Heatran\n|\n|-heal|p2a: Dusknoir|161/225|[from] item: Leftovers\n|upkeep\n|\n|t:|1781396133\n|switch|p1a: Morpeko|Morpeko, L88, F|245/245\n|turn|6\n|\n|t:|1781396141\n|switch|p2a: Quagsire|Quagsire, L84, M|297/297\n|-damage|p2a: Quagsire|279/297|[from] Stealth Rock\n|move|p1a: Morpeko|Knock Off|p2a: Quagsire\n|-damage|p2a: Quagsire|162/297\n|-enditem|p2a: Quagsire|Leftovers|[from] move: Knock Off|[of] p1a: Morpeko\n|\n|-formechange|p1a: Morpeko|Morpeko-Hangry||[from] ability: Hunger Switch\n|upkeep\n|turn|7\n|inactive|Neto1003 has 120 seconds left.\n|\n|t:|1781396187\n|move|p1a: Morpeko|Aura Wheel|p2a: Quagsire\n|-damage|p2a: Quagsire|30/297\n|-boost|p1a: Morpeko|spe|1\n|move|p2a: Quagsire|Recover|p2a: Quagsire\n|-heal|p2a: Quagsire|179/297\n|\n|-formechange|p1a: Morpeko|Morpeko||[from] ability: Hunger Switch\n|upkeep\n|turn|8\n|\n|t:|1781396197\n|switch|p1a: Victreebel|Victreebel, L90, F|150/290\n|move|p2a: Quagsire|Recover|p2a: Quagsire\n|-heal|p2a: Quagsire|297/297\n|\n|upkeep\n|turn|9\n|\n|t:|1781396205\n|switch|p2a: Forretress|Forretress, L84, M|215/263\n|-damage|p2a: Forretress|183/263|[from] Stealth Rock\n|move|p1a: Victreebel|Sunny Day|p1a: Victreebel\n|-weather|SunnyDay\n|\n|-weather|SunnyDay|[upkeep]\n|-heal|p2a: Forretress|199/263|[from] item: Leftovers\n|upkeep\n|turn|10\n|\n|t:|1781396212\n|move|p1a: Victreebel|Weather Ball|p2a: Forretress\n|-supereffective|p2a: Forretress\n|-damage|p2a: Forretress|0 fnt\n|faint|p2a: Forretress\n|-damage|p1a: Victreebel|121/290|[from] item: Life Orb\n|\n|-weather|SunnyDay|[upkeep]\n|upkeep\n|inactive|enzoo1600 has 120 seconds left.\n|\n|t:|1781396246\n|switch|p2a: Passimian|Passimian, L83, F|302/302\n|-damage|p2a: Passimian|284/302|[from] Stealth Rock\n|turn|11\n|inactive|enzoo1600 has 120 seconds left.\n|\n|t:|1781396261\n|move|p1a: Victreebel|Sludge Wave|p2a: Passimian\n|-damage|p2a: Passimian|66/302\n|-damage|p1a: Victreebel|92/290|[from] item: Life Orb\n|move|p2a: Passimian|Gunk Shot|p1a: Victreebel\n|-damage|p1a: Victreebel|0 fnt\n|faint|p1a: Victreebel\n|\n|-weather|SunnyDay|[upkeep]\n|upkeep\n|inactive|Neto1003 has 120 seconds left.\n|\n|t:|1781396279\n|switch|p1a: Gallade|Gallade, L80, M|240/240\n|turn|12\n|\n|t:|1781396290\n|switch|p2a: Dusknoir|Dusknoir, L89, F|161/225\n|-damage|p2a: Dusknoir|133/225|[from] Stealth Rock\n|-item|p1a: Gallade|Choice Scarf|[from] ability: Frisk|[of] p2a: Dusknoir\n|move|p1a: Gallade|Psycho Cut|p2a: Dusknoir\n|-damage|p2a: Dusknoir|45/225\n|\n|-weather|SunnyDay|[upkeep]\n|-heal|p2a: Dusknoir|59/225|[from] item: Leftovers\n|upkeep\n|turn|13\n|\n|t:|1781396299\n|move|p1a: Gallade|Psycho Cut|p2a: Dusknoir\n|-damage|p2a: Dusknoir|0 fnt\n|faint|p2a: Dusknoir\n|\n|-weather|none\n|upkeep\n|inactive|enzoo1600 has 120 seconds left.\n|\n|t:|1781396340\n|switch|p2a: Quagsire|Quagsire, L84, M|297/297\n|-damage|p2a: Quagsire|279/297|[from] Stealth Rock\n|turn|14\n|\n|t:|1781396350\n|switch|p1a: Smeargle|Smeargle, L95, M|258/258\n|move|p2a: Quagsire|Toxic|p1a: Smeargle\n|-status|p1a: Smeargle|tox\n|\n|-damage|p1a: Smeargle|242/258 tox|[from] psn\n|upkeep\n|turn|15\n|\n|t:|1781396370\n|switch|p2a: Sawsbuck|Sawsbuck-Autumn, L88, F|284/284\n|-damage|p2a: Sawsbuck|249/284|[from] Stealth Rock\n|move|p1a: Smeargle|Spore|p2a: Sawsbuck\n|-ability|p2a: Sawsbuck|Sap Sipper|boost\n|-boost|p2a: Sawsbuck|atk|1\n|\n|-damage|p1a: Smeargle|210/258 tox|[from] psn\n|upkeep\n|turn|16\n|\n|t:|1781396379\n|move|p2a: Sawsbuck|Horn Leech|p1a: Smeargle\n|-damage|p1a: Smeargle|0 fnt\n|-heal|p2a: Sawsbuck|284/284|[from] drain|[of] p1a: Smeargle\n|faint|p1a: Smeargle\n|-damage|p2a: Sawsbuck|256/284|[from] item: Life Orb\n|\n|upkeep\n|\n|t:|1781396387\n|switch|p1a: Gallade|Gallade, L80, M|240/240\n|turn|17\n|\n|t:|1781396416\n|switch|p2a: Passimian|Passimian, L83, F|66/302\n|-damage|p2a: Passimian|48/302|[from] Stealth Rock\n|move|p1a: Gallade|Sacred Sword|p2a: Passimian\n|-damage|p2a: Passimian|0 fnt\n|faint|p2a: Passimian\n|\n|upkeep\n|\n|t:|1781396418\n|switch|p2a: Great Tusk|Great Tusk, L77|304/304\n|-damage|p2a: Great Tusk|295/304|[from] Stealth Rock\n|turn|18\n|\n|t:|1781396435\n|switch|p1a: Morpeko|Morpeko, L88, F|245/245\n|move|p2a: Great Tusk|Rapid Spin|p1a: Morpeko\n|-damage|p1a: Morpeko|196/245\n|-boost|p2a: Great Tusk|spe|1\n|-sideend|p2: enzoo1600|Stealth Rock|[from] move: Rapid Spin|[of] p2a: Great Tusk\n|\n|-heal|p2a: Great Tusk|304/304|[from] item: Leftovers\n|-heal|p1a: Morpeko|211/245|[from] item: Leftovers\n|-formechange|p1a: Morpeko|Morpeko-Hangry||[from] ability: Hunger Switch\n|upkeep\n|turn|19\n|\n|t:|1781396442\n|move|p2a: Great Tusk|Bulk Up|p2a: Great Tusk\n|-boost|p2a: Great Tusk|atk|1\n|-boost|p2a: Great Tusk|def|1\n|move|p1a: Morpeko|Knock Off|p2a: Great Tusk\n|-resisted|p2a: Great Tusk\n|-damage|p2a: Great Tusk|272/304\n|-enditem|p2a: Great Tusk|Leftovers|[from] move: Knock Off|[of] p1a: Morpeko\n|\n|-heal|p1a: Morpeko|226/245|[from] item: Leftovers\n|-formechange|p1a: Morpeko|Morpeko||[from] ability: Hunger Switch\n|upkeep\n|turn|20\n|\n|t:|1781396448\n|move|p2a: Great Tusk|Earthquake|p1a: Morpeko\n|-supereffective|p1a: Morpeko\n|-damage|p1a: Morpeko|0 fnt\n|faint|p1a: Morpeko\n|\n|upkeep\n|\n|t:|1781396453\n|switch|p1a: Gallade|Gallade, L80, M|240/240\n|turn|21\n|\n|t:|1781396457\n|move|p2a: Great Tusk|Bulk Up|p2a: Great Tusk\n|-boost|p2a: Great Tusk|atk|1\n|-boost|p2a: Great Tusk|def|1\n|move|p1a: Gallade|Psycho Cut|p2a: Great Tusk\n|-supereffective|p2a: Great Tusk\n|-damage|p2a: Great Tusk|176/304\n|\n|upkeep\n|turn|22\n|\n|t:|1781396461\n|move|p2a: Great Tusk|Earthquake|p1a: Gallade\n|-damage|p1a: Gallade|0 fnt\n|faint|p1a: Gallade\n|\n|upkeep\n|\n|t:|1781396463\n|switch|p1a: Entei|Entei, L78|307/307\n|turn|23\n|\n|t:|1781396469\n|move|p2a: Great Tusk|Earthquake|p1a: Entei\n|-supereffective|p1a: Entei\n|-damage|p1a: Entei|0 fnt\n|faint|p1a: Entei\n|\n|win|enzoo1600\n|n|\u2606Neto1003|neto1003\n|n|\u2606enzoo1600|enzoo1600\n", "inputlog": ">version a8376a258c1d4662feba110a92103f3664a72141\n>start {\"formatid\":\"gen9randombattle\",\"seed\":\"sodium,655e47468dbff9857d5ee66400b0a7fe\",\"rated\":\"Tournament battle\"}\n>player p1 {\"name\":\"Neto1003\",\"avatar\":\"blue\",\"rating\":0,\"seed\":\"sodium,251f527d466c429f40dadd97581a5082\"}\n>player p2 {\"name\":\"enzoo1600\",\"avatar\":\"hilbert\",\"rating\":0,\"seed\":\"sodium,469dcccf0f13d9e4d954e6a2d329cf5b\"}\n>chat \u2606enzoo1600|hf\n>chat  Banco\u26a0Master129|pra mim\n>chat  Banco\u26a0Master129|?\n>chat  Banco\u26a0Master129|obrigado \n>p1 move stealthrock\n>p2 move uturn\n>chat \u2606enzoo1600|quieto banco\n>p2 switch 4\n>p1 switch 2\n>p2 move earthquake\n>p1 move powerwhip\n>p2 switch 3\n>p1 switch 2\n>p2 move voltswitch\n>p2 switch 6\n>p1 move lavaplume\n>p2 move earthquake\n>p1 switch 3\n>p1 move knockoff\n>p2 switch 3\n>p1 move aurawheel\n>p2 move recover\n>p1 switch 2\n>p2 move recover\n>p1 move sunnyday\n>p2 switch 6\n>p1 move weatherball\n>p2 move voltswitch\n>p2 switch 4\n>p1 move sludgewave\n>p2 move gunkshot\n>p1 switch 6\n>p1 move psychocut\n>p2 switch 3\n>p1 move psychocut\n>p2 move willowisp\n>p2 switch 6\n>p1 switch 4\n>p2 move toxic\n>p1 move spore\n>p2 switch 5\n>p1 move populationbomb\n>p2 move hornleech\n>p1 switch 4\n>p1 move sacredsword\n>p2 switch 3\n>p2 switch 2\n>p1 switch 2\n>p2 move rapidspin\n>p1 move knockoff\n>p2 move bulkup\n>p1 move rapidspin\n>p2 move earthquake\n>p1 switch 2\n>p1 move psychocut\n>p2 move bulkup\n>p1 move psychocut\n>p2 move earthquake\n>p1 switch 5\n>p1 move sacredfire\n>p2 move earthquake", "uploadtime": 1781396469, "views": 6, "formatid": "gen9randombattle", "rating": null, "private": 0, "password": null, "player_dets": [{"name": "Neto1003", "avatar": "blue", "rating": 0, "seed": "sodium,251f527d466c429f40dadd97581a5082"}, {"name": "enzoo1600", "avatar": "hilbert", "rating": 0, "seed": "sodium,469dcccf0f13d9e4d954e6a2d329cf5b"}], "teams_full": [{"Heatran": {"name": "Heatran", "species": "Heatran", "speciesId": "heatran", "gender": "F", "shiny": false, "level": 79, "moves": ["earthpower", "stealthrock", "lavaplume", "heavyslam"], "ability": "Flash Fire", "evs": {"hp": 85, "atk": 85, "def": 85, "spa": 85, "spd": 85, "spe": 85}, "ivs": {"hp": 31, "atk": 31, "def": 31, "spa": 31, "spd": 31, "spe": 31}, "item": "Air Balloon", "teraType": "Flying", "role": "Bulky Support", "bvs": {"hp": 91, "atk": 90, "def": 106, "spa": 130, "spd": 106, "spe": 77}, "stats": {"hp": 273, "atk": 188, "def": 213, "spa": 251, "spd": 213, "spe": 167}}, "Victreebel": {"name": "Victreebel", "species": "Victreebel", "speciesId": "victreebel", "gender": "F", "shiny": false, "level": 90, "moves": ["sunnyday", "weatherball", "sludgewave", "powerwhip"], "ability": "Chlorophyll", "evs": {"hp": 85, "atk": 85, "def": 85, "spa": 85, "spd": 85, "spe": 85}, "ivs": {"hp": 31, "atk": 31, "def": 31, "spa": 31, "spd": 31, "spe": 31}, "item": "Life Orb", "teraType": "Fire", "role": "Fast Attacker", "bvs": {"hp": 80, "atk": 105, "def": 65, "spa": 100, "spd": 70, "spe": 70}, "stats": {"hp": 290, "atk": 240, "def": 168, "spa": 231, "spd": 177, "spe": 177}}, "Morpeko": {"name": "Morpeko", "species": "Morpeko", "speciesId": "morpeko", "gender": "F", "shiny": false, "level": 88, "moves": ["knockoff", "rapidspin", "protect", "aurawheel"], "ability": "Hunger Switch", "evs": {"hp": 85, "atk": 85, "def": 85, "spa": 85, "spd": 85, "spe": 85}, "ivs": {"hp": 31, "atk": 31, "def": 31, "spa": 31, "spd": 31, "spe": 31}, "item": "Leftovers", "teraType": "Electric", "role": "Bulky Attacker", "bvs": {"hp": 58, "atk": 95, "def": 58, "spa": 70, "spd": 58, "spe": 97}, "stats": {"hp": 245, "atk": 217, "def": 152, "spa": 173, "spd": 152, "spe": 221}}, "Smeargle": {"name": "Smeargle", "species": "Smeargle", "speciesId": "smeargle", "gender": "M", "shiny": false, "level": 95, "moves": ["powertrip", "populationbomb", "spore", "shellsmash"], "ability": "Technician", "evs": {"hp": 85, "atk": 85, "def": 85, "spa": 85, "spd": 85, "spe": 85}, "ivs": {"hp": 31, "atk": 31, "def": 31, "spa": 31, "spd": 31, "spe": 31}, "item": "Wide Lens", "teraType": "Ghost", "role": "Setup Sweeper", "bvs": {"hp": 55, "atk": 20, "def": 35, "spa": 20, "spd": 45, "spe": 75}, "stats": {"hp": 258, "atk": 92, "def": 120, "spa": 92, "spd": 139, "spe": 196}}, "Entei": {"name": "Entei", "species": "Entei", "speciesId": "entei", "gender": "N", "shiny": false, "level": 78, "moves": ["sacredfire", "stompingtantrum", "extremespeed", "flareblitz"], "ability": "Inner Focus", "evs": {"hp": 85, "atk": 85, "def": 85, "spa": 85, "spd": 85, "spe": 85}, "ivs": {"hp": 31, "atk": 31, "def": 31, "spa": 31, "spd": 31, "spe": 31}, "item": "Choice Band", "teraType": "Fire", "role": "Wallbreaker", "bvs": {"hp": 115, "atk": 115, "def": 85, "spa": 90, "spd": 75, "spe": 100}, "stats": {"hp": 307, "atk": 224, "def": 178, "spa": 185, "spd": 162, "spe": 201}}, "Gallade": {"name": "Gallade", "species": "Gallade", "speciesId": "gallade", "gender": "M", "shiny": false, "level": 80, "moves": ["sacredsword", "leafblade", "psychocut", "nightslash"], "ability": "Sharpness", "evs": {"hp": 85, "atk": 85, "def": 85, "spa": 85, "spd": 85, "spe": 85}, "ivs": {"hp": 31, "atk": 31, "def": 31, "spa": 31, "spd": 31, "spe": 31}, "item": "Choice Scarf", "teraType": "Fighting", "role": "Fast Attacker", "bvs": {"hp": 68, "atk": 125, "def": 65, "spa": 65, "spd": 115, "spe": 80}, "stats": {"hp": 240, "atk": 246, "def": 150, "spa": 150, "spd": 230, "spe": 174}}}, {"Passimian": {"name": "Passimian", "species": "Passimian", "speciesId": "passimian", "gender": "F", "shiny": false, "level": 83, "moves": ["closecombat", "knockoff", "gunkshot", "uturn"], "ability": "Defiant", "evs": {"hp": 85, "atk": 85, "def": 85, "spa": 85, "spd": 85, "spe": 85}, "ivs": {"hp": 31, "atk": 31, "def": 31, "spa": 31, "spd": 31, "spe": 31}, "item": "Choice Scarf", "teraType": "Dark", "role": "Fast Attacker", "bvs": {"hp": 100, "atk": 120, "def": 90, "spa": 40, "spd": 60, "spe": 80}, "stats": {"hp": 302, "atk": 247, "def": 197, "spa": 114, "spd": 147, "spe": 180}}, "Great Tusk": {"name": "Great Tusk", "species": "Great Tusk", "speciesId": "greattusk", "gender": "N", "shiny": false, "level": 77, "moves": ["closecombat", "bulkup", "rapidspin", "earthquake"], "ability": "Protosynthesis", "evs": {"hp": 85, "atk": 85, "def": 85, "spa": 85, "spd": 85, "spe": 85}, "ivs": {"hp": 31, "atk": 31, "def": 31, "spa": 31, "spd": 31, "spe": 31}, "item": "Leftovers", "teraType": "Steel", "role": "Bulky Setup", "bvs": {"hp": 115, "atk": 131, "def": 131, "spa": 53, "spd": 53, "spe": 87}, "stats": {"hp": 304, "atk": 246, "def": 246, "spa": 126, "spd": 126, "spe": 179}}, "Forretress": {"name": "Forretress", "species": "Forretress", "speciesId": "forretress", "gender": "M", "shiny": false, "level": 84, "moves": ["ironhead", "stealthrock", "toxicspikes", "voltswitch"], "ability": "Sturdy", "evs": {"hp": 85, "atk": 85, "def": 85, "spa": 85, "spd": 85, "spe": 85}, "ivs": {"hp": 31, "atk": 31, "def": 31, "spa": 31, "spd": 31, "spe": 31}, "item": "Leftovers", "teraType": "Water", "role": "Bulky Support", "bvs": {"hp": 75, "atk": 90, "def": 140, "spa": 60, "spd": 60, "spe": 40}, "stats": {"hp": 263, "atk": 199, "def": 283, "spa": 149, "spd": 149, "spe": 115}}, "Quagsire": {"name": "Quagsire", "species": "Quagsire", "speciesId": "quagsire", "gender": "M", "shiny": false, "level": 84, "moves": ["earthquake", "recover", "spikes", "toxic"], "ability": "Unaware", "evs": {"hp": 85, "atk": 85, "def": 85, "spa": 85, "spd": 85, "spe": 85}, "ivs": {"hp": 31, "atk": 31, "def": 31, "spa": 31, "spd": 31, "spe": 31}, "item": "Leftovers", "teraType": "Steel", "role": "Bulky Support", "bvs": {"hp": 95, "atk": 85, "def": 85, "spa": 65, "spd": 65, "spe": 35}, "stats": {"hp": 297, "atk": 191, "def": 191, "spa": 157, "spd": 157, "spe": 107}}, "Sawsbuck": {"name": "Sawsbuck", "species": "Sawsbuck-Autumn", "speciesId": "sawsbuck", "gender": "F", "shiny": false, "level": 88, "moves": ["highhorsepower", "doubleedge", "swordsdance", "hornleech"], "ability": "Sap Sipper", "evs": {"hp": 85, "atk": 85, "def": 85, "spa": 85, "spd": 85, "spe": 85}, "ivs": {"hp": 31, "atk": 31, "def": 31, "spa": 31, "spd": 31, "spe": 31}, "item": "Life Orb", "teraType": "Normal", "role": "Setup Sweeper", "bvs": {"hp": 80, "atk": 100, "def": 70, "spa": 60, "spd": 70, "spe": 95}, "stats": {"hp": 284, "atk": 226, "def": 173, "spa": 156, "spd": 173, "spe": 217}}, "Dusknoir": {"name": "Dusknoir", "species": "Dusknoir", "speciesId": "dusknoir", "gender": "F", "shiny": false, "level": 89, "moves": ["willowisp", "painsplit", "poltergeist", "earthquake"], "ability": "Frisk", "evs": {"hp": 85, "atk": 85, "def": 85, "spa": 85, "spd": 85, "spe": 85}, "ivs": {"hp": 31, "atk": 31, "def": 31, "spa": 31, "spd": 31, "spe": 31}, "item": "Leftovers", "teraType": "Fairy", "role": "Bulky Support", "bvs": {"hp": 45, "atk": 100, "def": 135, "spa": 65, "spd": 135, "spe": 45}, "stats": {"hp": 225, "atk": 229, "def": 291, "spa": 166, "spd": 291, "spe": 131}}}]}