{"id": "gen9randombattle-2631596165", "format": "[Gen 9] Random Battle", "players": ["TimsIceCap", "Smalls32"], "log": "|j|\u2606TimsIceCap\n|j|\u2606Smalls32\n|html|<table width=\"100%\"><tr><td align=\"left\">TimsIceCap</td><td align=\"right\">Smalls32</tr><tr><td align=\"left\"><i class=\"fa fa-circle\"></i> <i class=\"fa fa-circle-o\"></i> <i class=\"fa fa-circle-o\"></i> <i class=\"fa fa-circle-o\"></i> </td><td align=\"right\"><i class=\"fa fa-circle-o\"></i> <i class=\"fa fa-circle-o\"></i> <i class=\"fa fa-circle-o\"></i> <i class=\"fa fa-circle-o\"></i> </tr></table>\n|uhtml|bestof|<h2><strong>Game 2</strong> of <a href=\"/game-bestof7-gen9randombattle-2631591600\">a best-of-7</a></h2>\n|t:|1781406323\n|gametype|singles\n|player|p1|TimsIceCap|az|\n|player|p2|Smalls32|hoopster|\n|gen|9\n|tier|[Gen 9] Random Battle\n|rule|Species Clause: Limit one of each Pok\u00e9mon\n|rule|HP Percentage Mod: HP is shown in percentages\n|rule|Sleep Clause Mod: Limit one foe put to sleep\n|rule|Illusion Level Mod: Illusion disguises the Pok\u00e9mon's true level\n|raw|<div class=\"infobox\"><details class=\"readmore\" open><summary><strong>1 custom rule:</strong></summary> Best of = 7</details></div>\n|\n|t:|1781406323\n|teamsize|p1|6\n|teamsize|p2|6\n|start\n|switch|p1a: Reuniclus|Reuniclus, L88, M|337/337\n|switch|p2a: Sneasler|Sneasler, L74, M|240/240\n|turn|1\n|\n|t:|1781406343\n|move|p2a: Sneasler|U-turn|p1a: Reuniclus\n|-supereffective|p1a: Reuniclus\n|-damage|p1a: Reuniclus|175/337\n|inactive|Battle timer is ON: inactive players will automatically lose when time's up. (requested by TimsIceCap)\n|\n|t:|1781406351\n|switch|p2a: Zarude|Zarude, L77|288/288|[from] U-turn\n|move|p1a: Reuniclus|Psyshock|p2a: Zarude\n|-immune|p2a: Zarude\n|\n|upkeep\n|turn|2\n|\n|t:|1781406380\n|switch|p1a: Beartic|Beartic, L91, F|321/321\n|move|p2a: Zarude|Knock Off|p1a: Beartic\n|-damage|p1a: Beartic|164/321\n|-enditem|p1a: Beartic|Heavy-Duty Boots|[from] move: Knock Off|[of] p2a: Zarude\n|\n|upkeep\n|turn|3\n|\n|t:|1781406392\n|switch|p2a: Skeledirge|Skeledirge, L79, F|294/294\n|move|p1a: Beartic|Icicle Crash|p2a: Skeledirge\n|-resisted|p2a: Skeledirge\n|-damage|p2a: Skeledirge|235/294\n|\n|upkeep\n|turn|4\n|\n|t:|1781406399\n|switch|p1a: Milotic|Milotic, L83, F|293/293\n|move|p2a: Skeledirge|Torch Song|p1a: Milotic\n|-resisted|p1a: Milotic\n|-damage|p1a: Milotic|258/293\n|-boost|p2a: Skeledirge|spa|1\n|\n|-heal|p1a: Milotic|276/293|[from] item: Leftovers\n|upkeep\n|turn|5\n|\n|t:|1781406416\n|switch|p2a: Zarude|Zarude, L77|288/288\n|move|p1a: Milotic|Dragon Tail|p2a: Zarude\n|-damage|p2a: Zarude|260/288\n|drag|p2a: Sneasler|Sneasler, L74, M|240/240\n|\n|-heal|p1a: Milotic|293/293|[from] item: Leftovers\n|upkeep\n|turn|6\n|\n|t:|1781406431\n|move|p2a: Sneasler|Dire Claw|p1a: Milotic\n|-damage|p1a: Milotic|157/293\n|move|p1a: Milotic|Scald|p2a: Sneasler\n|-damage|p2a: Sneasler|143/240\n|\n|-heal|p1a: Milotic|175/293|[from] item: Leftovers\n|upkeep\n|turn|7\n|\n|t:|1781406447\n|move|p2a: Sneasler|Dire Claw|p1a: Milotic\n|-damage|p1a: Milotic|36/293\n|-status|p1a: Milotic|slp\n|cant|p1a: Milotic|slp\n|\n|-heal|p1a: Milotic|54/293 slp|[from] item: Leftovers\n|upkeep\n|turn|8\n|\n|t:|1781406453\n|move|p2a: Sneasler|Dire Claw|p1a: Milotic\n|-damage|p1a: Milotic|0 fnt\n|faint|p1a: Milotic\n|\n|upkeep\n|\n|t:|1781406458\n|switch|p1a: Lokix|Lokix, L82, F|251/251\n|turn|9\n|\n|t:|1781406479\n|switch|p2a: Noivern|Noivern, L82, F|274/274\n|move|p1a: Lokix|U-turn|p2a: Noivern\n|-resisted|p2a: Noivern\n|-damage|p2a: Noivern|172/274\n|\n|t:|1781406495\n|switch|p1a: Reuniclus|Reuniclus, L88, M|175/337|[from] U-turn\n|\n|upkeep\n|turn|10\n|inactive|Smalls32 has 270 seconds left.\n|\n|t:|1781406543\n|switch|p2a: Skeledirge|Skeledirge, L79, F|235/294\n|move|p1a: Reuniclus|Recover|p1a: Reuniclus\n|-heal|p1a: Reuniclus|337/337\n|\n|upkeep\n|turn|11\n|\n|t:|1781406560\n|move|p2a: Skeledirge|Will-O-Wisp|p1a: Reuniclus\n|-status|p1a: Reuniclus|brn\n|move|p1a: Reuniclus|Psyshock|p2a: Skeledirge\n|-damage|p2a: Skeledirge|89/294\n|\n|upkeep\n|turn|12\n|\n|t:|1781406565\n|switch|p1a: Beartic|Beartic, L91, F|164/321\n|move|p2a: Skeledirge|Hex|p1a: Beartic\n|-damage|p1a: Beartic|97/321\n|\n|upkeep\n|turn|13\n|inactive|Smalls32 has 270 seconds left.\n|\n|t:|1781406588\n|move|p2a: Skeledirge|Torch Song|p1a: Beartic\n|-supereffective|p1a: Beartic\n|-damage|p1a: Beartic|0 fnt\n|-boost|p2a: Skeledirge|spa|1\n|faint|p1a: Beartic\n|\n|upkeep\n|\n|t:|1781406592\n|switch|p1a: Lokix|Lokix, L82, F|251/251\n|turn|14\n|\n|t:|1781406602\n|switch|p2a: Thundurus|Thundurus, L80, M|258/258\n|move|p1a: Lokix|Knock Off|p2a: Thundurus\n|-damage|p2a: Thundurus|171/258\n|\n|upkeep\n|turn|15\n|\n|t:|1781406626\n|switch|p1a: Groudon|Groudon, L72|263/263\n|-weather|SunnyDay|[from] ability: Drought|[of] p1a: Groudon\n|move|p2a: Thundurus|Acrobatics|p1a: Groudon\n|-damage|p1a: Groudon|164/263\n|\n|-weather|SunnyDay|[upkeep]\n|-heal|p1a: Groudon|180/263|[from] item: Leftovers\n|upkeep\n|turn|16\n|inactive|Smalls32 has 240 seconds left.\n|\n|t:|1781406660\n|switch|p2a: Skeledirge|Skeledirge, L79, F|89/294\n|move|p1a: Groudon|Heat Crash|p2a: Skeledirge\n|-resisted|p2a: Skeledirge\n|-damage|p2a: Skeledirge|55/294\n|\n|-weather|SunnyDay|[upkeep]\n|-heal|p1a: Groudon|196/263|[from] item: Leftovers\n|upkeep\n|turn|17\n|inactive|Smalls32 has 240 seconds left.\n|\n|t:|1781406673\n|move|p1a: Groudon|Precipice Blades|p2a: Skeledirge\n|-supereffective|p2a: Skeledirge\n|-damage|p2a: Skeledirge|0 fnt\n|faint|p2a: Skeledirge\n|\n|-weather|SunnyDay|[upkeep]\n|-heal|p1a: Groudon|212/263|[from] item: Leftovers\n|upkeep\n|\n|t:|1781406692\n|switch|p2a: Zarude|Zarude, L77|260/288\n|turn|18\n|inactive|TimsIceCap has 270 seconds left.\n|inactive|Smalls32 has 210 seconds left.\n|inactiveoff|Battle timer is now OFF.\n|\n|t:|1781406793\n|switch|p1a: Staraptor|Staraptor, L79, F|263/263\n|move|p2a: Zarude|U-turn|p1a: Staraptor\n|-resisted|p1a: Staraptor\n|-damage|p1a: Staraptor|216/263\n|\n|t:|1781406840\n|switch|p2a: Thundurus|Thundurus, L80, M|171/258|[from] U-turn\n|\n|-weather|SunnyDay|[upkeep]\n|upkeep\n|turn|19\n|\n|t:|1781406850\n|move|p1a: Staraptor|Quick Attack|p2a: Thundurus\n|-damage|p2a: Thundurus|95/258\n|move|p2a: Thundurus|Thunderbolt|p1a: Staraptor\n|-supereffective|p1a: Staraptor\n|-damage|p1a: Staraptor|0 fnt\n|faint|p1a: Staraptor\n|\n|-weather|none\n|upkeep\n|\n|t:|1781406861\n|switch|p1a: Lokix|Lokix, L82, F|251/251\n|turn|20\n|inactive|Battle timer is ON: inactive players will automatically lose when time's up. (requested by Smalls32)\n|inactive|TimsIceCap has 270 seconds left.\n|inactive|Smalls32 has 210 seconds left.\n|inactive|Smalls32 has 180 seconds left.\n|\n|t:|1781406906\n|move|p1a: Lokix|First Impression|p2a: Thundurus\n|-resisted|p2a: Thundurus\n|-damage|p2a: Thundurus|0 fnt\n|faint|p2a: Thundurus\n|\n|upkeep\n|inactive|Smalls32 has 180 seconds left.\n|\n|t:|1781406940\n|switch|p2a: Zarude|Zarude, L77|260/288\n|turn|21\n|inactive|TimsIceCap has 270 seconds left.\n|\n|t:|1781406951\n|move|p2a: Zarude|U-turn|p1a: Lokix\n|-supereffective|p1a: Lokix\n|-damage|p1a: Lokix|79/251\n|\n|t:|1781406965\n|switch|p2a: Sneasler|Sneasler, L74, M|143/240|[from] U-turn\n|move|p1a: Lokix|U-turn|p2a: Sneasler\n|-resisted|p2a: Sneasler\n|-damage|p2a: Sneasler|73/240\n|inactive|TimsIceCap has 270 seconds left.\n|\n|t:|1781406979\n|switch|p1a: Groudon|Groudon, L72|212/263|[from] U-turn\n|-weather|SunnyDay|[from] ability: Drought|[of] p1a: Groudon\n|\n|-weather|SunnyDay|[upkeep]\n|-heal|p1a: Groudon|228/263|[from] item: Leftovers\n|upkeep\n|turn|22\n|inactive|TimsIceCap has 270 seconds left.\n|\n|t:|1781406990\n|move|p2a: Sneasler|Close Combat|p1a: Groudon\n|-damage|p1a: Groudon|87/263\n|-unboost|p2a: Sneasler|def|1\n|-unboost|p2a: Sneasler|spd|1\n|move|p1a: Groudon|Thunder Wave|p2a: Sneasler\n|-status|p2a: Sneasler|par\n|\n|-weather|SunnyDay|[upkeep]\n|-heal|p1a: Groudon|103/263|[from] item: Leftovers\n|upkeep\n|turn|23\n|\n|t:|1781406997\n|move|p1a: Groudon|Heat Crash|p2a: Sneasler\n|-damage|p2a: Sneasler|0 fnt\n|faint|p2a: Sneasler\n|\n|-weather|SunnyDay|[upkeep]\n|-heal|p1a: Groudon|119/263|[from] item: Leftovers\n|upkeep\n|\n|t:|1781407011\n|switch|p2a: Zarude|Zarude, L77|260/288\n|turn|24\n|inactive|TimsIceCap has 270 seconds left.\n|\n|t:|1781407054\n|-terastallize|p2a: Zarude|Fighting\n|move|p2a: Zarude|Close Combat|p1a: Groudon\n|-crit|p1a: Groudon\n|-damage|p1a: Groudon|0 fnt\n|-unboost|p2a: Zarude|def|1\n|-unboost|p2a: Zarude|spd|1\n|faint|p1a: Groudon\n|\n|-weather|SunnyDay|[upkeep]\n|upkeep\n|\n|t:|1781407059\n|switch|p1a: Reuniclus|Reuniclus, L88, M|337/337 brn\n|turn|25\n|inactive|Smalls32 has 150 seconds left.\n|\n|t:|1781407098\n|switch|p2a: Noivern|Noivern, L82, F|172/274\n|move|p1a: Reuniclus|Calm Mind|p1a: Reuniclus\n|-boost|p1a: Reuniclus|spa|1\n|-boost|p1a: Reuniclus|spd|1\n|\n|-weather|none\n|upkeep\n|turn|26\n|\n|t:|1781407106\n|switch|p2a: Zarude|Zarude, L77, tera:Fighting|260/288\n|move|p1a: Reuniclus|Psyshock|p2a: Zarude\n|-supereffective|p2a: Zarude\n|-damage|p2a: Zarude|0 fnt\n|faint|p2a: Zarude\n|\n|upkeep\n|\n|t:|1781407117\n|switch|p2a: Maushold|Maushold-Four, L76|238/238\n|turn|27\n|\n|t:|1781407145\n|move|p2a: Maushold|Population Bomb|p1a: Reuniclus\n|-damage|p1a: Reuniclus|313/337 brn\n|-crit|p1a: Reuniclus\n|-damage|p1a: Reuniclus|273/337 brn\n|-damage|p1a: Reuniclus|249/337 brn\n|-damage|p1a: Reuniclus|222/337 brn\n|-damage|p1a: Reuniclus|198/337 brn\n|-damage|p1a: Reuniclus|174/337 brn\n|-damage|p1a: Reuniclus|150/337 brn\n|-hitcount|p1a: Reuniclus|7\n|move|p1a: Reuniclus|Psyshock|p2a: Maushold\n|-damage|p2a: Maushold|0 fnt\n|faint|p2a: Maushold\n|\n|upkeep\n|inactive|Smalls32 has 120 seconds left.\n|\n|t:|1781407159\n|switch|p2a: Noivern|Noivern, L82, F|172/274\n|turn|28\n|\n|t:|1781407167\n|move|p2a: Noivern|Hurricane|p1a: Reuniclus|[miss]\n|-miss|p2a: Noivern|p1a: Reuniclus\n|move|p1a: Reuniclus|Recover|p1a: Reuniclus\n|-heal|p1a: Reuniclus|319/337 brn\n|\n|upkeep\n|turn|29\n|\n|t:|1781407172\n|move|p2a: Noivern|Hurricane|p1a: Reuniclus\n|-damage|p1a: Reuniclus|243/337 brn\n|move|p1a: Reuniclus|Psyshock|p2a: Noivern\n|-damage|p2a: Noivern|0 fnt\n|faint|p2a: Noivern\n|\n|win|TimsIceCap\n|inactive|TimsIceCap has 30 seconds to confirm battle start!\n|inactive|Smalls32 has 30 seconds to confirm battle start!\n|inactive|TimsIceCap has 20 seconds to confirm battle start!\n|inactive|Smalls32 has 20 seconds to confirm battle start!\n", "inputlog": ">version a8376a258c1d4662feba110a92103f3664a72141\n>start {\"formatid\":\"gen9randombattle@@@Best of = 7\",\"seed\":\"sodium,04eb5b699a2c18584523c43eb1c56209\"}\n>player p1 {\"name\":\"TimsIceCap\",\"avatar\":\"az\",\"rating\":0,\"seed\":\"sodium,e31450913870009a8d731dfcbf2406c9\"}\n>player p2 {\"name\":\"Smalls32\",\"avatar\":\"hoopster\",\"rating\":0,\"seed\":\"sodium,9fc80ac7d27089c0dbcbf5e9f4cbd42a\"}\n>p1 move psyshock\n>p2 move uturn\n>p2 switch 5\n>p1 switch 3\n>p2 move knockoff\n>p1 move iciclecrash\n>p2 switch 6\n>p1 switch 4\n>p2 move torchsong\n>p1 move dragontail\n>p2 switch 6\n>p1 move scald\n>p2 move direclaw\n>p1 move recover\n>p2 move direclaw\n>p1 move scald\n>p2 move direclaw\n>p1 switch 6\n>p1 move uturn\n>p2 switch 4\n>p1 switch 3\n>p1 move recover\n>p2 switch 6\n>p1 move psyshock\n>p2 move willowisp\n>p1 switch 4\n>p2 move hex\n>p1 move earthquake\n>p2 move torchsong\n>p1 switch 3\n>p1 move knockoff\n>p2 switch 2\n>p1 switch 5\n>p2 move acrobatics\n>p1 move heatcrash\n>p2 switch 2\n>p1 move precipiceblades\n>p2 move slackoff\n>p2 switch 5\n>p1 switch 2\n>p2 move uturn\n>p2 switch 2\n>p1 move quickattack\n>p2 move thunderbolt\n>p1 switch 5\n>p1 move firstimpression\n>p2 move acrobatics\n>p2 switch 2\n>p1 move uturn\n>p2 move uturn\n>p2 switch 4\n>p1 switch 2\n>p1 move thunderwave\n>p2 move closecombat\n>p1 move heatcrash\n>p2 move closecombat\n>p2 switch 4\n>p1 move heatcrash\n>p2 move closecombat terastallize\n>p1 switch 4\n>p1 move calmmind\n>p2 switch 6\n>p1 move psyshock\n>p2 switch 6\n>p2 switch 3\n>p1 move psyshock\n>p2 move populationbomb\n>p2 switch 6\n>p1 move recover\n>p2 move hurricane\n>p1 move psyshock\n>p2 move hurricane", "uploadtime": 1781407193, "views": 6, "formatid": "gen9randombattle", "rating": null, "private": 0, "password": null, "player_dets": [{"name": "TimsIceCap", "avatar": "az", "rating": 0, "seed": "sodium,e31450913870009a8d731dfcbf2406c9"}, {"name": "Smalls32", "avatar": "hoopster", "rating": 0, "seed": "sodium,9fc80ac7d27089c0dbcbf5e9f4cbd42a"}], "teams_full": [{"Reuniclus": {"name": "Reuniclus", "species": "Reuniclus", "speciesId": "reuniclus", "gender": "M", "shiny": false, "level": 88, "moves": ["focusblast", "recover", "psyshock", "calmmind"], "ability": "Magic Guard", "evs": {"hp": 85, "atk": 0, "def": 85, "spa": 85, "spd": 85, "spe": 85}, "ivs": {"hp": 31, "atk": 0, "def": 31, "spa": 31, "spd": 31, "spe": 31}, "item": "Life Orb", "teraType": "Steel", "role": "Bulky Setup", "bvs": {"hp": 110, "atk": 65, "def": 75, "spa": 125, "spd": 85, "spe": 30}, "stats": {"hp": 337, "atk": 119, "def": 182, "spa": 270, "spd": 200, "spe": 103}}, "Staraptor": {"name": "Staraptor", "species": "Staraptor", "speciesId": "staraptor", "gender": "F", "shiny": false, "level": 79, "moves": ["closecombat", "quickattack", "bravebird", "doubleedge"], "ability": "Reckless", "evs": {"hp": 81, "atk": 85, "def": 85, "spa": 85, "spd": 85, "spe": 85}, "ivs": {"hp": 31, "atk": 31, "def": 31, "spa": 31, "spd": 31, "spe": 31}, "item": "Choice Band", "teraType": "Fighting", "role": "Fast Attacker", "bvs": {"hp": 85, "atk": 120, "def": 70, "spa": 50, "spd": 60, "spe": 100}, "stats": {"hp": 263, "atk": 235, "def": 156, "spa": 125, "spd": 140, "spe": 204}}, "Beartic": {"name": "Beartic", "species": "Beartic", "speciesId": "beartic", "gender": "F", "shiny": false, "level": 91, "moves": ["swordsdance", "earthquake", "iciclecrash", "closecombat"], "ability": "Slush Rush", "evs": {"hp": 85, "atk": 85, "def": 85, "spa": 85, "spd": 85, "spe": 85}, "ivs": {"hp": 31, "atk": 31, "def": 31, "spa": 31, "spd": 31, "spe": 31}, "item": "Heavy-Duty Boots", "teraType": "Ground", "role": "Wallbreaker", "bvs": {"hp": 95, "atk": 130, "def": 80, "spa": 70, "spd": 80, "spe": 50}, "stats": {"hp": 321, "atk": 288, "def": 197, "spa": 179, "spd": 197, "spe": 143}}, "Milotic": {"name": "Milotic", "species": "Milotic", "speciesId": "milotic", "gender": "F", "shiny": false, "level": 83, "moves": ["recover", "scald", "dragontail", "icebeam"], "ability": "Competitive", "evs": {"hp": 85, "atk": 85, "def": 85, "spa": 85, "spd": 85, "spe": 85}, "ivs": {"hp": 31, "atk": 31, "def": 31, "spa": 31, "spd": 31, "spe": 31}, "item": "Leftovers", "teraType": "Steel", "role": "Bulky Attacker", "bvs": {"hp": 95, "atk": 60, "def": 79, "spa": 100, "spd": 125, "spe": 81}, "stats": {"hp": 293, "atk": 147, "def": 179, "spa": 214, "spd": 255, "spe": 182}}, "Groudon": {"name": "Groudon", "species": "Groudon", "speciesId": "groudon", "gender": "N", "shiny": false, "level": 72, "moves": ["swordsdance", "precipiceblades", "heatcrash", "thunderwave"], "ability": "Drought", "evs": {"hp": 85, "atk": 85, "def": 85, "spa": 85, "spd": 85, "spe": 85}, "ivs": {"hp": 31, "atk": 31, "def": 31, "spa": 31, "spd": 31, "spe": 31}, "item": "Leftovers", "teraType": "Fire", "role": "Bulky Setup", "bvs": {"hp": 100, "atk": 150, "def": 140, "spa": 100, "spd": 90, "spe": 90}, "stats": {"hp": 263, "atk": 258, "def": 244, "spa": 186, "spd": 172, "spe": 172}}, "Lokix": {"name": "Lokix", "species": "Lokix", "speciesId": "lokix", "gender": "F", "shiny": false, "level": 82, "moves": ["uturn", "firstimpression", "knockoff", "suckerpunch"], "ability": "Tinted Lens", "evs": {"hp": 85, "atk": 85, "def": 85, "spa": 85, "spd": 85, "spe": 85}, "ivs": {"hp": 31, "atk": 31, "def": 31, "spa": 31, "spd": 31, "spe": 31}, "item": "Silver Powder", "teraType": "Bug", "role": "Fast Attacker", "bvs": {"hp": 71, "atk": 102, "def": 78, "spa": 52, "spd": 55, "spe": 92}, "stats": {"hp": 251, "atk": 214, "def": 175, "spa": 132, "spd": 137, "spe": 198}}}, {"Sneasler": {"name": "Sneasler", "species": "Sneasler", "speciesId": "sneasler", "gender": "M", "shiny": false, "level": 74, "moves": ["uturn", "direclaw", "closecombat", "throatchop"], "ability": "Poison Touch", "evs": {"hp": 85, "atk": 85, "def": 85, "spa": 85, "spd": 85, "spe": 85}, "ivs": {"hp": 31, "atk": 31, "def": 31, "spa": 31, "spd": 31, "spe": 31}, "item": "Choice Band", "teraType": "Dark", "role": "Fast Attacker", "bvs": {"hp": 80, "atk": 130, "def": 60, "spa": 40, "spd": 80, "spe": 120}, "stats": {"hp": 240, "atk": 235, "def": 132, "spa": 102, "spd": 161, "spe": 221}}, "Thundurus": {"name": "Thundurus", "species": "Thundurus", "speciesId": "thundurus", "gender": "M", "shiny": false, "level": 80, "moves": ["thunderbolt", "taunt", "thunderwave", "acrobatics"], "ability": "Prankster", "evs": {"hp": 85, "atk": 85, "def": 85, "spa": 85, "spd": 85, "spe": 85}, "ivs": {"hp": 31, "atk": 31, "def": 31, "spa": 31, "spd": 31, "spe": 31}, "item": "", "teraType": "Electric", "role": "Wallbreaker", "bvs": {"hp": 79, "atk": 115, "def": 70, "spa": 125, "spd": 80, "spe": 111}, "stats": {"hp": 258, "atk": 230, "def": 158, "spa": 246, "spd": 174, "spe": 224}}, "Maushold": {"name": "Maushold", "species": "Maushold-Four", "speciesId": "maushold", "gender": "N", "shiny": false, "level": 76, "moves": ["populationbomb", "tidyup", "bite", "encore"], "ability": "Technician", "evs": {"hp": 85, "atk": 85, "def": 85, "spa": 85, "spd": 85, "spe": 85}, "ivs": {"hp": 31, "atk": 31, "def": 31, "spa": 31, "spd": 31, "spe": 31}, "item": "Wide Lens", "teraType": "Ghost", "role": "Setup Sweeper", "bvs": {"hp": 74, "atk": 75, "def": 70, "spa": 65, "spd": 75, "spe": 111}, "stats": {"hp": 238, "atk": 158, "def": 150, "spa": 143, "spd": 158, "spe": 213}}, "Noivern": {"name": "Noivern", "species": "Noivern", "speciesId": "noivern", "gender": "F", "shiny": false, "level": 82, "moves": ["roost", "flamethrower", "hurricane", "dracometeor"], "ability": "Infiltrator", "evs": {"hp": 85, "atk": 0, "def": 85, "spa": 85, "spd": 85, "spe": 85}, "ivs": {"hp": 31, "atk": 0, "def": 31, "spa": 31, "spd": 31, "spe": 31}, "item": "Heavy-Duty Boots", "teraType": "Fire", "role": "Fast Support", "bvs": {"hp": 85, "atk": 70, "def": 80, "spa": 97, "spd": 80, "spe": 123}, "stats": {"hp": 274, "atk": 119, "def": 178, "spa": 206, "spd": 178, "spe": 249}}, "Zarude": {"name": "Zarude", "species": "Zarude", "speciesId": "zarude", "gender": "N", "shiny": false, "level": 77, "moves": ["uturn", "powerwhip", "knockoff", "closecombat"], "ability": "Leaf Guard", "evs": {"hp": 85, "atk": 85, "def": 85, "spa": 85, "spd": 85, "spe": 85}, "ivs": {"hp": 31, "atk": 31, "def": 31, "spa": 31, "spd": 31, "spe": 31}, "item": "Choice Band", "teraType": "Fighting", "role": "Fast Attacker", "bvs": {"hp": 105, "atk": 120, "def": 105, "spa": 70, "spd": 95, "spe": 105}, "stats": {"hp": 288, "atk": 229, "def": 206, "spa": 152, "spd": 191, "spe": 206}}, "Skeledirge": {"name": "Skeledirge", "species": "Skeledirge", "speciesId": "skeledirge", "gender": "F", "shiny": false, "level": 79, "moves": ["slackoff", "torchsong", "hex", "willowisp"], "ability": "Unaware", "evs": {"hp": 85, "atk": 0, "def": 85, "spa": 85, "spd": 85, "spe": 85}, "ivs": {"hp": 31, "atk": 0, "def": 31, "spa": 31, "spd": 31, "spe": 31}, "item": "Heavy-Duty Boots", "teraType": "Fairy", "role": "Bulky Support", "bvs": {"hp": 104, "atk": 75, "def": 100, "spa": 110, "spd": 75, "spe": 66}, "stats": {"hp": 294, "atk": 123, "def": 204, "spa": 219, "spd": 164, "spe": 150}}}]}