{"id": "gen9randombattle-2631771691", "format": "[Gen 9] Random Battle", "players": ["BlazeSilva", "frequenty"], "log": "|j|\u2606BlazeSilva\n|j|\u2606frequenty\n|t:|1781437171\n|gametype|singles\n|player|p1|BlazeSilva|jacinthe|\n|player|p2|frequenty|170|\n|gen|9\n|tier|[Gen 9] Random Battle\n|rule|Species Clause: Limit one of each Pok\u00e9mon\n|rule|HP Percentage Mod: HP is shown in percentages\n|rule|Sleep Clause Mod: Limit one foe put to sleep\n|rule|Illusion Level Mod: Illusion disguises the Pok\u00e9mon's true level\n|\n|t:|1781437171\n|teamsize|p1|6\n|teamsize|p2|6\n|start\n|switch|p1a: Mesprit|Mesprit, L85|275/275\n|switch|p2a: Skuntank|Skuntank, L84, M|310/310\n|turn|1\n|inactive|Battle timer is ON: inactive players will automatically lose when time's up. (requested by BlazeSilva)\n|\n|t:|1781437199\n|move|p2a: Skuntank|Sucker Punch||[still]\n|-fail|p2a: Skuntank\n|move|p1a: Mesprit|Stealth Rock|p2a: Skuntank\n|-sidestart|p2: frequenty|move: Stealth Rock\n|\n|upkeep\n|turn|2\n|\n|t:|1781437208\n|move|p2a: Skuntank|Toxic Spikes|p1a: Mesprit\n|-sidestart|p1: BlazeSilva|move: Toxic Spikes\n|move|p1a: Mesprit|Drain Punch|p2a: Skuntank\n|-damage|p2a: Skuntank|241/310\n|\n|upkeep\n|turn|3\n|\n|t:|1781437215\n|move|p2a: Skuntank|Sucker Punch|p1a: Mesprit\n|-supereffective|p1a: Mesprit\n|-damage|p1a: Mesprit|147/275\n|move|p1a: Mesprit|Knock Off|p2a: Skuntank\n|-resisted|p2a: Skuntank\n|-damage|p2a: Skuntank|198/310\n|-enditem|p2a: Skuntank|Focus Sash|[from] move: Knock Off|[of] p1a: Mesprit\n|\n|-heal|p1a: Mesprit|164/275|[from] item: Leftovers\n|upkeep\n|turn|4\n|\n|t:|1781437226\n|move|p2a: Skuntank|Knock Off|p1a: Mesprit\n|-supereffective|p1a: Mesprit\n|-damage|p1a: Mesprit|0 fnt\n|-enditem|p1a: Mesprit|Leftovers|[from] move: Knock Off|[of] p2a: Skuntank\n|faint|p1a: Mesprit\n|\n|upkeep\n|\n|t:|1781437236\n|switch|p1a: Iron Treads|Iron Treads, L77|265/265\n|turn|5\n|\n|t:|1781437243\n|move|p1a: Iron Treads|Rapid Spin|p2a: Skuntank\n|-damage|p2a: Skuntank|157/310\n|-boost|p1a: Iron Treads|spe|1\n|-sideend|p1: BlazeSilva|Toxic Spikes|[from] move: Rapid Spin|[of] p1a: Iron Treads\n|move|p2a: Skuntank|Toxic Spikes|p1a: Iron Treads\n|-sidestart|p1: BlazeSilva|move: Toxic Spikes\n|\n|upkeep\n|turn|6\n|inactive|frequenty has 270 seconds left.\n|\n|t:|1781437283\n|move|p1a: Iron Treads|Earthquake|p2a: Skuntank\n|-supereffective|p2a: Skuntank\n|-damage|p2a: Skuntank|0 fnt\n|faint|p2a: Skuntank\n|\n|upkeep\n|\n|t:|1781437289\n|switch|p2a: Mewtwo|Mewtwo, L72|272/272\n|-damage|p2a: Mewtwo|238/272|[from] Stealth Rock\n|-ability|p2a: Mewtwo|Pressure\n|turn|7\n|\n|t:|1781437301\n|move|p1a: Iron Treads|Rapid Spin|p2a: Mewtwo\n|-damage|p2a: Mewtwo|199/272\n|-boost|p1a: Iron Treads|spe|1\n|-sideend|p1: BlazeSilva|Toxic Spikes|[from] move: Rapid Spin|[of] p1a: Iron Treads\n|move|p2a: Mewtwo|Dark Pulse|p1a: Iron Treads\n|-damage|p1a: Iron Treads|200/265\n|-damage|p2a: Mewtwo|172/272|[from] item: Life Orb\n|\n|upkeep\n|turn|8\n|\n|t:|1781437317\n|switch|p2a: Skarmory|Skarmory, L80, M|235/235\n|-damage|p2a: Skarmory|206/235|[from] Stealth Rock\n|move|p1a: Iron Treads|Volt Switch|p2a: Skarmory\n|-supereffective|p2a: Skarmory\n|-damage|p2a: Skarmory|128/235\n|\n|t:|1781437336\n|-end|p1a: Iron Treads|Quark Drive|[silent]\n|switch|p1a: Scream Tail|Scream Tail, L84|330/330|[from] Volt Switch\n|\n|upkeep\n|turn|9\n|\n|t:|1781437350\n|move|p1a: Scream Tail|Protect|p1a: Scream Tail\n|-singleturn|p1a: Scream Tail|Protect\n|move|p2a: Skarmory|Spikes|p1a: Scream Tail\n|-sidestart|p1: BlazeSilva|Spikes\n|\n|upkeep\n|turn|10\n|\n|t:|1781437361\n|switch|p2a: Mewtwo|Mewtwo, L72|172/272\n|-damage|p2a: Mewtwo|138/272|[from] Stealth Rock\n|-ability|p2a: Mewtwo|Pressure\n|move|p1a: Scream Tail|Dazzling Gleam|p2a: Mewtwo\n|-damage|p2a: Mewtwo|63/272\n|\n|upkeep\n|turn|11\n|\n|t:|1781437386\n|-end|p1a: Scream Tail|Protosynthesis|[silent]\n|switch|p1a: Baxcalibur|Baxcalibur, L75, F|296/296\n|switch|p2a: Qwilfish|Qwilfish, L86, F|252/252\n|-damage|p2a: Qwilfish|221/252|[from] Stealth Rock\n|-ability|p2a: Qwilfish|Intimidate|boost\n|-unboost|p1a: Baxcalibur|atk|1\n|\n|-heal|p2a: Qwilfish|236/252|[from] item: Leftovers\n|upkeep\n|turn|12\n|\n|t:|1781437406\n|move|p2a: Qwilfish|Gunk Shot|p1a: Baxcalibur\n|-damage|p1a: Baxcalibur|151/296\n|move|p1a: Baxcalibur|Glaive Rush|p2a: Qwilfish\n|-damage|p2a: Qwilfish|139/252\n|-singlemove|p1a: Baxcalibur|Glaive Rush|[silent]\n|\n|-heal|p2a: Qwilfish|154/252|[from] item: Leftovers\n|upkeep\n|turn|13\n|\n|t:|1781437417\n|move|p2a: Qwilfish|Gunk Shot|p1a: Baxcalibur\n|-damage|p1a: Baxcalibur|0 fnt\n|faint|p1a: Baxcalibur\n|\n|-heal|p2a: Qwilfish|169/252|[from] item: Leftovers\n|upkeep\n|\n|t:|1781437439\n|switch|p1a: Iron Treads|Iron Treads, L77|200/265\n|-damage|p1a: Iron Treads|167/265|[from] Spikes\n|turn|14\n|\n|t:|1781437457\n|switch|p2a: Ribombee|Ribombee, L83, M|235/235\n|move|p1a: Iron Treads|Earthquake|p2a: Ribombee\n|-resisted|p2a: Ribombee\n|-damage|p2a: Ribombee|163/235\n|\n|upkeep\n|turn|15\n|\n|t:|1781437473\n|-end|p1a: Iron Treads|Quark Drive|[silent]\n|switch|p1a: Scream Tail|Scream Tail, L84|330/330\n|-damage|p1a: Scream Tail|289/330|[from] Spikes\n|move|p2a: Ribombee|Sticky Web|p1a: Scream Tail\n|-sidestart|p1: BlazeSilva|move: Sticky Web\n|\n|-heal|p1a: Scream Tail|309/330|[from] item: Leftovers\n|upkeep\n|turn|16\n|inactive|frequenty has 240 seconds left.\n|\n|t:|1781437497\n|switch|p2a: Qwilfish|Qwilfish, L86, F|169/252\n|-damage|p2a: Qwilfish|138/252|[from] Stealth Rock\n|-ability|p2a: Qwilfish|Intimidate|boost\n|-unboost|p1a: Scream Tail|atk|1\n|move|p1a: Scream Tail|Wish|p1a: Scream Tail\n|\n|-heal|p1a: Scream Tail|329/330|[from] item: Leftovers\n|-heal|p2a: Qwilfish|153/252|[from] item: Leftovers\n|upkeep\n|turn|17\n|inactive|frequenty has 240 seconds left.\n|\n|t:|1781437513\n|move|p1a: Scream Tail|Dazzling Gleam|p2a: Qwilfish\n|-resisted|p2a: Qwilfish\n|-damage|p2a: Qwilfish|113/252\n|move|p2a: Qwilfish|Thunder Wave|p1a: Scream Tail\n|-status|p1a: Scream Tail|par\n|\n|-heal|p1a: Scream Tail|330/330 par|[from] move: Wish|[wisher] Scream Tail\n|-heal|p2a: Qwilfish|128/252|[from] item: Leftovers\n|upkeep\n|turn|18\n|\n|t:|1781437527\n|move|p2a: Qwilfish|Gunk Shot|p1a: Scream Tail\n|-supereffective|p1a: Scream Tail\n|-damage|p1a: Scream Tail|84/330 par\n|move|p1a: Scream Tail|Dazzling Gleam|p2a: Qwilfish\n|-resisted|p2a: Qwilfish\n|-damage|p2a: Qwilfish|86/252\n|\n|-heal|p2a: Qwilfish|101/252|[from] item: Leftovers\n|-heal|p1a: Scream Tail|104/330 par|[from] item: Leftovers\n|upkeep\n|turn|19\n|\n|t:|1781437537\n|move|p2a: Qwilfish|Gunk Shot|p1a: Scream Tail|[miss]\n|-miss|p2a: Qwilfish|p1a: Scream Tail\n|move|p1a: Scream Tail|Dazzling Gleam|p2a: Qwilfish\n|-resisted|p2a: Qwilfish\n|-damage|p2a: Qwilfish|56/252\n|\n|-heal|p2a: Qwilfish|71/252|[from] item: Leftovers\n|-heal|p1a: Scream Tail|124/330 par|[from] item: Leftovers\n|upkeep\n|turn|20\n|inactive|frequenty has 240 seconds left.\n|\n|t:|1781437547\n|move|p2a: Qwilfish|Gunk Shot|p1a: Scream Tail|[miss]\n|-miss|p2a: Qwilfish|p1a: Scream Tail\n|cant|p1a: Scream Tail|par\n|\n|-heal|p2a: Qwilfish|86/252|[from] item: Leftovers\n|-heal|p1a: Scream Tail|144/330 par|[from] item: Leftovers\n|upkeep\n|turn|21\n|\n|t:|1781437556\n|move|p2a: Qwilfish|Gunk Shot|p1a: Scream Tail|[miss]\n|-miss|p2a: Qwilfish|p1a: Scream Tail\n|move|p1a: Scream Tail|Dazzling Gleam|p2a: Qwilfish\n|-resisted|p2a: Qwilfish\n|-damage|p2a: Qwilfish|44/252\n|\n|-heal|p2a: Qwilfish|59/252|[from] item: Leftovers\n|-heal|p1a: Scream Tail|164/330 par|[from] item: Leftovers\n|upkeep\n|turn|22\n|\n|t:|1781437565\n|move|p2a: Qwilfish|Gunk Shot|p1a: Scream Tail\n|-supereffective|p1a: Scream Tail\n|-damage|p1a: Scream Tail|0 fnt\n|faint|p1a: Scream Tail\n|-end|p1a: Scream Tail|Protosynthesis|[silent]\n|\n|-heal|p2a: Qwilfish|74/252|[from] item: Leftovers\n|upkeep\n|\n|t:|1781437576\n|switch|p1a: Iron Treads|Iron Treads, L77|167/265\n|-damage|p1a: Iron Treads|134/265|[from] Spikes\n|-activate|p1a: Iron Treads|move: Sticky Web\n|-unboost|p1a: Iron Treads|spe|1\n|turn|23\n|\n|t:|1781437585\n|move|p2a: Qwilfish|Waterfall|p1a: Iron Treads\n|-supereffective|p1a: Iron Treads\n|-damage|p1a: Iron Treads|0 fnt\n|faint|p1a: Iron Treads\n|-end|p1a: Iron Treads|Quark Drive|[silent]\n|\n|-heal|p2a: Qwilfish|89/252|[from] item: Leftovers\n|upkeep\n|\n|t:|1781437600\n|switch|p1a: Palkia|Palkia, L75|259/259\n|-damage|p1a: Palkia|227/259|[from] Spikes\n|-activate|p1a: Palkia|move: Sticky Web\n|-unboost|p1a: Palkia|spe|1\n|-ability|p1a: Palkia|Pressure\n|turn|24\n|inactive|frequenty has 270 seconds left.\n|\n|t:|1781437620\n|move|p2a: Qwilfish|Thunder Wave|p1a: Palkia\n|-status|p1a: Palkia|par\n|move|p1a: Palkia|Spacial Rend|p2a: Qwilfish\n|-crit|p2a: Qwilfish\n|-damage|p2a: Qwilfish|0 fnt\n|faint|p2a: Qwilfish\n|\n|upkeep\n|\n|t:|1781437632\n|switch|p2a: Skarmory|Skarmory, L80, M|128/235\n|-damage|p2a: Skarmory|99/235|[from] Stealth Rock\n|turn|25\n|\n|t:|1781437655\n|move|p2a: Skarmory|Brave Bird|p1a: Palkia\n|-damage|p1a: Palkia|119/259 par\n|-damage|p2a: Skarmory|63/235|[from] Recoil\n|move|p1a: Palkia|Fire Blast|p2a: Skarmory\n|-supereffective|p2a: Skarmory\n|-damage|p2a: Skarmory|0 fnt\n|faint|p2a: Skarmory\n|\n|upkeep\n|inactive|frequenty has 240 seconds left.\n|\n|t:|1781437670\n|switch|p2a: Mewtwo|Mewtwo, L72|63/272\n|-damage|p2a: Mewtwo|29/272|[from] Stealth Rock\n|-ability|p2a: Mewtwo|Pressure\n|turn|26\n|inactive|frequenty has 240 seconds left.\n|\n|t:|1781437689\n|move|p2a: Mewtwo|Psystrike|p1a: Palkia\n|-damage|p1a: Palkia|0 fnt\n|faint|p1a: Palkia\n|-damage|p2a: Mewtwo|2/272|[from] item: Life Orb\n|\n|upkeep\n|\n|t:|1781437695\n|switch|p1a: Masquerain|Masquerain, L87, M|264/264\n|-ability|p1a: Masquerain|Intimidate|boost\n|-unboost|p2a: Mewtwo|atk|1\n|turn|27\n|inactive|frequenty has 240 seconds left.\n|\n|t:|1781437717\n|move|p2a: Mewtwo|Recover|p2a: Mewtwo\n|-heal|p2a: Mewtwo|138/272\n|move|p1a: Masquerain|Quiver Dance|p1a: Masquerain\n|-boost|p1a: Masquerain|spa|1\n|-boost|p1a: Masquerain|spd|1\n|-boost|p1a: Masquerain|spe|1\n|\n|upkeep\n|turn|28\n|\n|t:|1781437727\n|move|p1a: Masquerain|Bug Buzz|p2a: Mewtwo\n|-supereffective|p2a: Mewtwo\n|-damage|p2a: Mewtwo|0 fnt\n|faint|p2a: Mewtwo\n|\n|upkeep\n|\n|t:|1781437737\n|switch|p2a: Ribombee|Ribombee, L83, M|163/235\n|turn|29\n|\n|t:|1781437744\n|move|p1a: Masquerain|Bug Buzz|p2a: Ribombee\n|-resisted|p2a: Ribombee\n|-damage|p2a: Ribombee|63/235\n|move|p2a: Ribombee|Moonblast|p1a: Masquerain\n|-crit|p1a: Masquerain\n|-damage|p1a: Masquerain|126/264\n|\n|upkeep\n|turn|30\n|\n|t:|1781437753\n|move|p1a: Masquerain|Bug Buzz|p2a: Ribombee\n|-resisted|p2a: Ribombee\n|-damage|p2a: Ribombee|0 fnt\n|faint|p2a: Ribombee\n|\n|upkeep\n|\n|t:|1781437759\n|switch|p2a: Mienshao|Mienshao, L83, F|243/243\n|-damage|p2a: Mienshao|228/243|[from] Stealth Rock\n|turn|31\n|inactive|frequenty has 240 seconds left.\n|\n|t:|1781437769\n|move|p1a: Masquerain|Bug Buzz|p2a: Mienshao\n|-resisted|p2a: Mienshao\n|-damage|p2a: Mienshao|125/243\n|move|p2a: Mienshao|Stone Edge|p1a: Masquerain\n|-supereffective|p1a: Masquerain\n|-damage|p1a: Masquerain|0 fnt\n|faint|p1a: Masquerain\n|\n|win|frequenty\n|l|\u2606BlazeSilva\n|player|p1|\n", "inputlog": ">version a8376a258c1d4662feba110a92103f3664a72141\n>start {\"formatid\":\"gen9randombattle\",\"seed\":\"sodium,f8f10f4f163aba3e06a1bcfde709a53a\"}\n>player p1 {\"name\":\"BlazeSilva\",\"avatar\":\"jacinthe\",\"rating\":0,\"seed\":\"sodium,e444054363558eb22d2b52671c3b6582\"}\n>player p2 {\"name\":\"frequenty\",\"avatar\":\"170\",\"rating\":0,\"seed\":\"sodium,78b3642c6b896b8160ba4e27c399f944\"}\n>p1 move stealthrock\n>p2 move suckerpunch\n>p1 move drainpunch\n>p2 move toxicspikes\n>p1 move knockoff\n>p2 move suckerpunch\n>p1 move drainpunch\n>p2 move knockoff\n>p1 switch 6\n>p1 move rapidspin\n>p2 move toxicspikes\n>p1 move earthquake\n>p2 move knockoff\n>p2 switch 6\n>p1 move rapidspin\n>p2 move darkpulse\n>p1 move voltswitch\n>p2 switch 2\n>p1 switch 2\n>p1 move protect\n>p2 move spikes\n>p1 move dazzlinggleam\n>p2 switch 2\n>p1 switch 5\n>p2 switch 5\n>p1 move glaiverush\n>p2 move gunkshot\n>p1 move glaiverush\n>p2 move gunkshot\n>p1 switch 2\n>p1 move earthquake\n>p2 switch 3\n>p1 switch 5\n>p2 move stickyweb\n>p1 move wish\n>p2 switch 3\n>p1 move dazzlinggleam\n>p2 move thunderwave\n>p1 move dazzlinggleam\n>p2 move gunkshot\n>p1 move dazzlinggleam\n>p2 move gunkshot\n>p1 move dazzlinggleam\n>p2 move gunkshot\n>p1 move dazzlinggleam\n>p2 move gunkshot\n>p1 move dazzlinggleam\n>p2 move gunkshot\n>p1 switch 5\n>p1 move earthquake\n>p2 move waterfall\n>p1 switch 4\n>p1 move spacialrend\n>p2 move thunderwave\n>p2 switch 2\n>p1 move fireblast\n>p2 move bravebird\n>p2 switch 5\n>p1 move spacialrend\n>p2 move psystrike\n>p1 switch 3\n>p1 move quiverdance\n>p2 move recover\n>p1 move bugbuzz\n>p2 move psystrike\n>p2 switch 3\n>p1 move bugbuzz\n>p2 move moonblast\n>p1 move bugbuzz\n>p2 move moonblast\n>p2 switch 4\n>p1 move bugbuzz\n>p2 move stoneedge", "uploadtime": 1781437782, "views": 7, "formatid": "gen9randombattle", "rating": null, "private": 0, "password": null, "player_dets": [{"name": "BlazeSilva", "avatar": "jacinthe", "rating": 0, "seed": "sodium,e444054363558eb22d2b52671c3b6582"}, {"name": "frequenty", "avatar": "170", "rating": 0, "seed": "sodium,78b3642c6b896b8160ba4e27c399f944"}], "teams_full": [{"Mesprit": {"name": "Mesprit", "species": "Mesprit", "speciesId": "mesprit", "gender": "N", "shiny": false, "level": 85, "moves": ["psychicnoise", "knockoff", "stealthrock", "drainpunch"], "ability": "Levitate", "evs": {"hp": 85, "atk": 85, "def": 85, "spa": 85, "spd": 85, "spe": 85}, "ivs": {"hp": 31, "atk": 31, "def": 31, "spa": 31, "spd": 31, "spe": 31}, "item": "Leftovers", "teraType": "Dark", "role": "Bulky Attacker", "bvs": {"hp": 80, "atk": 105, "def": 105, "spa": 105, "spd": 105, "spe": 80}, "stats": {"hp": 275, "atk": 227, "def": 227, "spa": 227, "spd": 227, "spe": 185}}, "Scream Tail": {"name": "Scream Tail", "species": "Scream Tail", "speciesId": "screamtail", "gender": "N", "shiny": false, "level": 84, "moves": ["dazzlinggleam", "encore", "protect", "wish"], "ability": "Protosynthesis", "evs": {"hp": 85, "atk": 0, "def": 85, "spa": 85, "spd": 85, "spe": 85}, "ivs": {"hp": 31, "atk": 0, "def": 31, "spa": 31, "spd": 31, "spe": 31}, "item": "Leftovers", "teraType": "Steel", "role": "Bulky Attacker", "bvs": {"hp": 115, "atk": 65, "def": 99, "spa": 65, "spd": 115, "spe": 111}, "stats": {"hp": 330, "atk": 114, "def": 215, "spa": 157, "spd": 241, "spe": 235}}, "Masquerain": {"name": "Masquerain", "species": "Masquerain", "speciesId": "masquerain", "gender": "M", "shiny": false, "level": 87, "moves": ["hydropump", "hurricane", "quiverdance", "bugbuzz"], "ability": "Intimidate", "evs": {"hp": 85, "atk": 0, "def": 85, "spa": 85, "spd": 85, "spe": 85}, "ivs": {"hp": 31, "atk": 0, "def": 31, "spa": 31, "spd": 31, "spe": 31}, "item": "Heavy-Duty Boots", "teraType": "Water", "role": "Setup Sweeper", "bvs": {"hp": 70, "atk": 60, "def": 62, "spa": 100, "spd": 82, "spe": 80}, "stats": {"hp": 264, "atk": 109, "def": 158, "spa": 224, "spd": 192, "spe": 189}}, "Palkia": {"name": "Palkia", "species": "Palkia", "speciesId": "palkia", "gender": "N", "shiny": false, "level": 75, "moves": ["spacialrend", "thunderwave", "fireblast", "hydropump"], "ability": "Pressure", "evs": {"hp": 85, "atk": 0, "def": 85, "spa": 85, "spd": 85, "spe": 85}, "ivs": {"hp": 31, "atk": 0, "def": 31, "spa": 31, "spd": 31, "spe": 31}, "item": "Lustrous Orb", "teraType": "Water", "role": "Bulky Attacker", "bvs": {"hp": 90, "atk": 120, "def": 100, "spa": 150, "spd": 120, "spe": 100}, "stats": {"hp": 259, "atk": 185, "def": 194, "spa": 269, "spd": 224, "spe": 194}}, "Baxcalibur": {"name": "Baxcalibur", "species": "Baxcalibur", "speciesId": "baxcalibur", "gender": "F", "shiny": false, "level": 75, "moves": ["dragondance", "glaiverush", "earthquake", "iciclecrash"], "ability": "Thermal Exchange", "evs": {"hp": 85, "atk": 85, "def": 85, "spa": 85, "spd": 85, "spe": 85}, "ivs": {"hp": 31, "atk": 31, "def": 31, "spa": 31, "spd": 31, "spe": 31}, "item": "Heavy-Duty Boots", "teraType": "Dragon", "role": "Setup Sweeper", "bvs": {"hp": 115, "atk": 145, "def": 92, "spa": 75, "spd": 86, "spe": 87}, "stats": {"hp": 296, "atk": 261, "def": 182, "spa": 156, "spd": 173, "spe": 174}}, "Iron Treads": {"name": "Iron Treads", "species": "Iron Treads", "speciesId": "irontreads", "gender": "N", "shiny": false, "level": 77, "moves": ["ironhead", "earthquake", "rapidspin", "voltswitch"], "ability": "Quark Drive", "evs": {"hp": 85, "atk": 85, "def": 85, "spa": 85, "spd": 85, "spe": 85}, "ivs": {"hp": 31, "atk": 31, "def": 31, "spa": 31, "spd": 31, "spe": 31}, "item": "Assault Vest", "teraType": "Dragon", "role": "Bulky Support", "bvs": {"hp": 90, "atk": 112, "def": 120, "spa": 72, "spd": 70, "spe": 106}, "stats": {"hp": 265, "atk": 217, "def": 229, "spa": 155, "spd": 152, "spe": 208}}}, {"Skuntank": {"name": "Skuntank", "species": "Skuntank", "speciesId": "skuntank", "gender": "M", "shiny": false, "level": 84, "moves": ["gunkshot", "suckerpunch", "knockoff", "toxicspikes"], "ability": "Aftermath", "evs": {"hp": 85, "atk": 85, "def": 85, "spa": 85, "spd": 85, "spe": 85}, "ivs": {"hp": 31, "atk": 31, "def": 31, "spa": 31, "spd": 31, "spe": 31}, "item": "Focus Sash", "teraType": "Dark", "role": "Fast Support", "bvs": {"hp": 103, "atk": 93, "def": 67, "spa": 71, "spd": 61, "spe": 84}, "stats": {"hp": 310, "atk": 204, "def": 161, "spa": 167, "spd": 151, "spe": 189}}, "Skarmory": {"name": "Skarmory", "species": "Skarmory", "speciesId": "skarmory", "gender": "M", "shiny": false, "level": 80, "moves": ["roost", "bravebird", "spikes", "bodypress"], "ability": "Sturdy", "evs": {"hp": 85, "atk": 85, "def": 85, "spa": 85, "spd": 85, "spe": 85}, "ivs": {"hp": 31, "atk": 31, "def": 31, "spa": 31, "spd": 31, "spe": 31}, "item": "Rocky Helmet", "teraType": "Dragon", "role": "Bulky Attacker", "bvs": {"hp": 65, "atk": 80, "def": 140, "spa": 40, "spd": 70, "spe": 70}, "stats": {"hp": 235, "atk": 174, "def": 270, "spa": 110, "spd": 158, "spe": 158}}, "Ribombee": {"name": "Ribombee", "species": "Ribombee", "speciesId": "ribombee", "gender": "M", "shiny": false, "level": 83, "moves": ["bugbuzz", "moonblast", "uturn", "stickyweb"], "ability": "Shield Dust", "evs": {"hp": 85, "atk": 85, "def": 85, "spa": 85, "spd": 85, "spe": 85}, "ivs": {"hp": 31, "atk": 31, "def": 31, "spa": 31, "spd": 31, "spe": 31}, "item": "Heavy-Duty Boots", "teraType": "Ghost", "role": "Fast Support", "bvs": {"hp": 60, "atk": 55, "def": 60, "spa": 95, "spd": 70, "spe": 124}, "stats": {"hp": 235, "atk": 139, "def": 147, "spa": 205, "spd": 164, "spe": 254}}, "Mienshao": {"name": "Mienshao", "species": "Mienshao", "speciesId": "mienshao", "gender": "F", "shiny": false, "level": 83, "moves": ["poisonjab", "highjumpkick", "stoneedge", "knockoff"], "ability": "Reckless", "evs": {"hp": 81, "atk": 85, "def": 85, "spa": 85, "spd": 85, "spe": 85}, "ivs": {"hp": 31, "atk": 31, "def": 31, "spa": 31, "spd": 31, "spe": 31}, "item": "Choice Band", "teraType": "Fighting", "role": "Wallbreaker", "bvs": {"hp": 65, "atk": 125, "def": 60, "spa": 95, "spd": 60, "spe": 105}, "stats": {"hp": 243, "atk": 255, "def": 147, "spa": 205, "spd": 147, "spe": 222}}, "Qwilfish": {"name": "Qwilfish", "species": "Qwilfish", "speciesId": "qwilfish", "gender": "F", "shiny": false, "level": 86, "moves": ["destinybond", "waterfall", "thunderwave", "gunkshot"], "ability": "Intimidate", "evs": {"hp": 85, "atk": 85, "def": 85, "spa": 85, "spd": 85, "spe": 85}, "ivs": {"hp": 31, "atk": 31, "def": 31, "spa": 31, "spd": 31, "spe": 31}, "item": "Leftovers", "teraType": "Dark", "role": "Bulky Support", "bvs": {"hp": 65, "atk": 95, "def": 85, "spa": 55, "spd": 55, "spe": 85}, "stats": {"hp": 252, "atk": 213, "def": 195, "spa": 144, "spd": 144, "spe": 195}}, "Mewtwo": {"name": "Mewtwo", "species": "Mewtwo", "speciesId": "mewtwo", "gender": "N", "shiny": false, "level": 72, "moves": ["nastyplot", "recover", "psystrike", "darkpulse"], "ability": "Pressure", "evs": {"hp": 85, "atk": 0, "def": 85, "spa": 85, "spd": 85, "spe": 85}, "ivs": {"hp": 31, "atk": 0, "def": 31, "spa": 31, "spd": 31, "spe": 31}, "item": "Life Orb", "teraType": "Dark", "role": "Setup Sweeper", "bvs": {"hp": 106, "atk": 110, "def": 90, "spa": 154, "spd": 90, "spe": 130}, "stats": {"hp": 272, "atk": 163, "def": 172, "spa": 264, "spd": 172, "spe": 229}}}]}