{"id": "gen9randombattle-2631780260", "format": "[Gen 9] Random Battle", "players": ["Zabalilla", "junghoking"], "log": "|j|\u2606Zabalilla\n|j|\u2606junghoking\n|t:|1781438538\n|gametype|singles\n|player|p1|Zabalilla|2|1936\n|player|p2|junghoking|nate|1963\n|gen|9\n|tier|[Gen 9] Random Battle\n|rated|\n|rule|Species Clause: Limit one of each Pok\u00e9mon\n|rule|HP Percentage Mod: HP is shown in percentages\n|rule|Sleep Clause Mod: Limit one foe put to sleep\n|rule|Illusion Level Mod: Illusion disguises the Pok\u00e9mon's true level\n|\n|t:|1781438538\n|teamsize|p1|6\n|teamsize|p2|6\n|start\n|switch|p1a: Meowscarada|Meowscarada, L78, M|247/247\n|switch|p2a: Blissey|Blissey, L85, F|572/572\n|turn|1\n|inactive|Battle timer is ON: inactive players will automatically lose when time's up. (requested by junghoking)\n|\n|t:|1781438556\n|move|p1a: Meowscarada|Flower Trick|p2a: Blissey\n|-start|p1a: Meowscarada|typechange|Grass|[from] ability: Protean\n|-crit|p2a: Blissey\n|-damage|p2a: Blissey|115/572\n|move|p2a: Blissey|Stealth Rock|p1a: Meowscarada\n|-sidestart|p1: Zabalilla|move: Stealth Rock\n|\n|-heal|p2a: Blissey|150/572|[from] item: Leftovers\n|upkeep\n|turn|2\n|\n|t:|1781438568\n|move|p1a: Meowscarada|Flower Trick|p2a: Blissey\n|-crit|p2a: Blissey\n|-damage|p2a: Blissey|0 fnt\n|faint|p2a: Blissey\n|\n|upkeep\n|\n|t:|1781438587\n|switch|p2a: Chien-Pao|Chien-Pao, L72|234/234\n|-ability|p2a: Chien-Pao|Sword of Ruin\n|turn|3\n|\n|t:|1781438592\n|switch|p1a: Torkoal|Torkoal, L88, M|266/266\n|-weather|SunnyDay|[from] ability: Drought|[of] p1a: Torkoal\n|move|p2a: Chien-Pao|Icicle Crash|p1a: Torkoal\n|-resisted|p1a: Torkoal\n|-damage|p1a: Torkoal|217/266\n|\n|-weather|SunnyDay|[upkeep]\n|upkeep\n|turn|4\n|\n|t:|1781438596\n|switch|p2a: Hippowdon|Hippowdon, L82, F|311/311\n|-weather|Sandstorm|[from] ability: Sand Stream|[of] p2a: Hippowdon\n|move|p1a: Torkoal|Rapid Spin|p2a: Hippowdon\n|-damage|p2a: Hippowdon|282/311\n|-boost|p1a: Torkoal|spe|1\n|-sideend|p1: Zabalilla|Stealth Rock|[from] move: Rapid Spin|[of] p1a: Torkoal\n|\n|-weather|Sandstorm|[upkeep]\n|-damage|p1a: Torkoal|201/266|[from] Sandstorm\n|-heal|p2a: Hippowdon|301/311|[from] item: Leftovers\n|upkeep\n|turn|5\n|\n|t:|1781438605\n|switch|p1a: Kilowattrel|Kilowattrel, L83, F|252/252\n|move|p2a: Hippowdon|Earthquake|p1a: Kilowattrel\n|-immune|p1a: Kilowattrel\n|\n|-weather|Sandstorm|[upkeep]\n|-damage|p1a: Kilowattrel|237/252|[from] Sandstorm\n|-heal|p2a: Hippowdon|311/311|[from] item: Leftovers\n|upkeep\n|turn|6\n|\n|t:|1781438612\n|move|p1a: Kilowattrel|Hurricane|p2a: Hippowdon|[miss]\n|-miss|p1a: Kilowattrel|p2a: Hippowdon\n|move|p2a: Hippowdon|Stone Edge|p1a: Kilowattrel\n|-supereffective|p1a: Kilowattrel\n|-damage|p1a: Kilowattrel|53/252\n|\n|-weather|Sandstorm|[upkeep]\n|-damage|p1a: Kilowattrel|38/252|[from] Sandstorm\n|upkeep\n|turn|7\n|\n|t:|1781438619\n|move|p1a: Kilowattrel|Hurricane|p2a: Hippowdon\n|-damage|p2a: Hippowdon|158/311\n|move|p2a: Hippowdon|Curse|p2a: Hippowdon\n|-unboost|p2a: Hippowdon|spe|1\n|-boost|p2a: Hippowdon|atk|1\n|-boost|p2a: Hippowdon|def|1\n|\n|-weather|Sandstorm|[upkeep]\n|-damage|p1a: Kilowattrel|23/252|[from] Sandstorm\n|-heal|p2a: Hippowdon|177/311|[from] item: Leftovers\n|upkeep\n|turn|8\n|\n|t:|1781438628\n|move|p1a: Kilowattrel|Hurricane|p2a: Hippowdon\n|-damage|p2a: Hippowdon|42/311\n|-start|p2a: Hippowdon|confusion\n|-activate|p2a: Hippowdon|confusion\n|-damage|p2a: Hippowdon|15/311|[from] confusion\n|\n|-weather|none\n|-heal|p2a: Hippowdon|34/311|[from] item: Leftovers\n|upkeep\n|turn|9\n|\n|t:|1781438632\n|move|p1a: Kilowattrel|Hurricane|p2a: Hippowdon\n|-damage|p2a: Hippowdon|0 fnt\n|faint|p2a: Hippowdon\n|\n|upkeep\n|\n|t:|1781438635\n|switch|p2a: Lycanroc|Lycanroc-Dusk, L81, M|254/254\n|turn|10\n|\n|t:|1781438638\n|move|p2a: Lycanroc|Accelerock|p1a: Kilowattrel\n|-supereffective|p1a: Kilowattrel\n|-damage|p1a: Kilowattrel|0 fnt\n|faint|p1a: Kilowattrel\n|\n|upkeep\n|\n|t:|1781438640\n|switch|p1a: Meowscarada|Meowscarada, L78, M|247/247\n|turn|11\n|\n|t:|1781438646\n|switch|p2a: Chien-Pao|Chien-Pao, L72|234/234\n|-ability|p2a: Chien-Pao|Sword of Ruin\n|move|p1a: Meowscarada|U-turn|p2a: Chien-Pao\n|-start|p1a: Meowscarada|typechange|Bug|[from] ability: Protean\n|-supereffective|p2a: Chien-Pao\n|-crit|p2a: Chien-Pao\n|-damage|p2a: Chien-Pao|0 fnt\n|faint|p2a: Chien-Pao\n|\n|t:|1781438652\n|switch|p1a: Sylveon|Sylveon, L85, M|300/300|[from] U-turn\n|\n|upkeep\n|\n|t:|1781438659\n|switch|p2a: Lycanroc|Lycanroc-Dusk, L81, M|254/254\n|turn|12\n|\n|t:|1781438662\n|move|p2a: Lycanroc|Stone Edge|p1a: Sylveon\n|-damage|p1a: Sylveon|92/300\n|move|p1a: Sylveon|Hyper Voice|p2a: Lycanroc\n|-damage|p2a: Lycanroc|71/254\n|\n|-heal|p1a: Sylveon|110/300|[from] item: Leftovers\n|upkeep\n|turn|13\n|\n|t:|1781438667\n|move|p2a: Lycanroc|Stone Edge|p1a: Sylveon\n|-crit|p1a: Sylveon\n|-damage|p1a: Sylveon|0 fnt\n|faint|p1a: Sylveon\n|\n|upkeep\n|\n|t:|1781438670\n|switch|p1a: Meowscarada|Meowscarada, L78, M|247/247\n|turn|14\n|\n|t:|1781438676\n|switch|p2a: Golurk|Golurk, L87|297/297\n|move|p1a: Meowscarada|Flower Trick|p2a: Golurk\n|-start|p1a: Meowscarada|typechange|Grass|[from] ability: Protean\n|-supereffective|p2a: Golurk\n|-crit|p2a: Golurk\n|-damage|p2a: Golurk|0 fnt\n|faint|p2a: Golurk\n|\n|upkeep\n|\n|t:|1781438680\n|switch|p2a: Regieleki|Regieleki, L79|256/256\n|turn|15\n|\n|t:|1781438682\n|-terastallize|p2a: Regieleki|Ice\n|move|p2a: Regieleki|Tera Blast|p1a: Meowscarada|[anim] Tera Blast Ice\n|-supereffective|p1a: Meowscarada\n|-damage|p1a: Meowscarada|55/247\n|move|p1a: Meowscarada|Flower Trick|p2a: Regieleki\n|-crit|p2a: Regieleki\n|-damage|p2a: Regieleki|15/256\n|\n|upkeep\n|turn|16\n|\n|t:|1781438686\n|move|p2a: Regieleki|Tera Blast|p1a: Meowscarada|[anim] Tera Blast Ice\n|-supereffective|p1a: Meowscarada\n|-damage|p1a: Meowscarada|0 fnt\n|faint|p1a: Meowscarada\n|\n|upkeep\n|\n|t:|1781438688\n|switch|p1a: Torkoal|Torkoal, L88, M|201/266\n|-weather|SunnyDay|[from] ability: Drought|[of] p1a: Torkoal\n|turn|17\n|\n|t:|1781438693\n|move|p2a: Regieleki|Thunderbolt|p1a: Torkoal\n|-damage|p1a: Torkoal|48/266\n|-status|p1a: Torkoal|par\n|move|p1a: Torkoal|Rapid Spin|p2a: Regieleki\n|-damage|p2a: Regieleki|0 fnt\n|-boost|p1a: Torkoal|spe|1\n|faint|p2a: Regieleki\n|\n|-weather|SunnyDay|[upkeep]\n|upkeep\n|\n|t:|1781438696\n|switch|p2a: Lycanroc|Lycanroc-Dusk, L81, M|71/254\n|turn|18\n|\n|t:|1781438698\n|move|p2a: Lycanroc|Stone Edge|p1a: Torkoal\n|-supereffective|p1a: Torkoal\n|-damage|p1a: Torkoal|0 fnt\n|faint|p1a: Torkoal\n|\n|-weather|SunnyDay|[upkeep]\n|upkeep\n|\n|t:|1781438702\n|switch|p1a: Kyogre|Kyogre, L71|259/259\n|-weather|RainDance|[from] ability: Drizzle|[of] p1a: Kyogre\n|turn|19\n|\n|t:|1781438704\n|move|p1a: Kyogre|Water Spout|p2a: Lycanroc\n|-supereffective|p2a: Lycanroc\n|-damage|p2a: Lycanroc|0 fnt\n|faint|p2a: Lycanroc\n|\n|win|Zabalilla\n", "inputlog": ">version a8376a258c1d4662feba110a92103f3664a72141\n>start {\"formatid\":\"gen9randombattle\",\"seed\":\"sodium,cd871cb22a4b4dd94416f4fb240d926e\",\"rated\":\"Rated battle\"}\n>player p1 {\"name\":\"Zabalilla\",\"avatar\":\"2\",\"rating\":1936,\"seed\":\"sodium,dd6c829f3f612cd10471e838bb0f3e35\"}\n>player p2 {\"name\":\"junghoking\",\"avatar\":\"nate\",\"rating\":1963,\"seed\":\"sodium,8187dc07249984093833d26d26b3d230\"}\n>p1 move flowertrick\n>p2 move stealthrock\n>p1 move flowertrick\n>p2 move thunderwave\n>p2 switch 4\n>p1 switch 4\n>p2 move iciclecrash\n>p1 move rapidspin\n>p2 switch 6\n>p1 switch 3\n>p2 move earthquake\n>p1 move hurricane\n>p2 move stoneedge\n>p1 move hurricane\n>p2 move curse\n>p1 move hurricane\n>p2 move slackoff\n>p1 move hurricane\n>p2 move slackoff\n>p2 switch 3\n>p1 move thunderbolt\n>p2 move accelerock\n>p1 switch 4\n>p1 move uturn\n>p2 switch 6\n>p1 switch 6\n>p2 switch 6\n>p1 move hypervoice\n>p2 move stoneedge\n>p1 move wish\n>p2 move stoneedge\n>p1 switch 6\n>p1 move flowertrick\n>p2 switch 2\n>p2 switch 5\n>p1 move flowertrick\n>p2 move terablast terastallize\n>p1 move flowertrick\n>p2 move terablast\n>p1 switch 3\n>p1 move rapidspin\n>p2 move thunderbolt\n>p2 switch 2\n>p1 move solarbeam\n>p2 move stoneedge\n>p1 switch 2\n>p1 move waterspout\n>p2 move stoneedge", "uploadtime": 1781438539, "views": 7, "formatid": "gen9randombattle", "rating": null, "private": 0, "password": null, "player_dets": [{"name": "Zabalilla", "avatar": "2", "rating": 1936, "seed": "sodium,dd6c829f3f612cd10471e838bb0f3e35"}, {"name": "junghoking", "avatar": "nate", "rating": 1963, "seed": "sodium,8187dc07249984093833d26d26b3d230"}], "teams_full": [{"Meowscarada": {"name": "Meowscarada", "species": "Meowscarada", "speciesId": "meowscarada", "gender": "M", "shiny": false, "level": 78, "moves": ["knockoff", "uturn", "flowertrick", "tripleaxel"], "ability": "Protean", "evs": {"hp": 85, "atk": 85, "def": 85, "spa": 85, "spd": 85, "spe": 85}, "ivs": {"hp": 31, "atk": 31, "def": 31, "spa": 31, "spd": 31, "spe": 31}, "item": "Choice Band", "teraType": "Dark", "role": "Fast Support", "bvs": {"hp": 76, "atk": 110, "def": 70, "spa": 81, "spd": 70, "spe": 123}, "stats": {"hp": 247, "atk": 217, "def": 154, "spa": 171, "spd": 154, "spe": 237}}, "Kyogre": {"name": "Kyogre", "species": "Kyogre", "speciesId": "kyogre", "gender": "N", "shiny": false, "level": 71, "moves": ["waterspout", "icebeam", "originpulse", "thunder"], "ability": "Drizzle", "evs": {"hp": 85, "atk": 0, "def": 85, "spa": 85, "spd": 85, "spe": 85}, "ivs": {"hp": 31, "atk": 0, "def": 31, "spa": 31, "spd": 31, "spe": 31}, "item": "Choice Scarf", "teraType": "Water", "role": "Fast Attacker", "bvs": {"hp": 100, "atk": 100, "def": 90, "spa": 150, "spd": 140, "spe": 90}, "stats": {"hp": 259, "atk": 147, "def": 169, "spa": 254, "spd": 240, "spe": 169}}, "Kilowattrel": {"name": "Kilowattrel", "species": "Kilowattrel", "speciesId": "kilowattrel", "gender": "F", "shiny": false, "level": 83, "moves": ["uturn", "thunderbolt", "roost", "hurricane"], "ability": "Volt Absorb", "evs": {"hp": 85, "atk": 85, "def": 85, "spa": 85, "spd": 85, "spe": 85}, "ivs": {"hp": 31, "atk": 31, "def": 31, "spa": 31, "spd": 31, "spe": 31}, "item": "Heavy-Duty Boots", "teraType": "Water", "role": "Bulky Attacker", "bvs": {"hp": 70, "atk": 70, "def": 60, "spa": 105, "spd": 60, "spe": 125}, "stats": {"hp": 252, "atk": 164, "def": 147, "spa": 222, "spd": 147, "spe": 255}}, "Torkoal": {"name": "Torkoal", "species": "Torkoal", "speciesId": "torkoal", "gender": "M", "shiny": false, "level": 88, "moves": ["rapidspin", "stealthrock", "solarbeam", "fireblast"], "ability": "Drought", "evs": {"hp": 85, "atk": 85, "def": 85, "spa": 85, "spd": 85, "spe": 85}, "ivs": {"hp": 31, "atk": 31, "def": 31, "spa": 31, "spd": 31, "spe": 31}, "item": "Heavy-Duty Boots", "teraType": "Grass", "role": "Wallbreaker", "bvs": {"hp": 70, "atk": 85, "def": 140, "spa": 85, "spd": 70, "spe": 20}, "stats": {"hp": 266, "atk": 200, "def": 297, "spa": 200, "spd": 173, "spe": 85}}, "Minior": {"name": "Minior", "species": "Minior-Violet", "speciesId": "minior", "gender": "N", "shiny": false, "level": 79, "moves": ["earthquake", "acrobatics", "powergem", "shellsmash"], "ability": "Shields Down", "evs": {"hp": 85, "atk": 85, "def": 85, "spa": 85, "spd": 85, "spe": 85}, "ivs": {"hp": 31, "atk": 31, "def": 31, "spa": 31, "spd": 31, "spe": 31}, "item": "White Herb", "teraType": "Flying", "role": "Setup Sweeper", "bvs": {"hp": 60, "atk": 100, "def": 60, "spa": 100, "spd": 60, "spe": 120}, "stats": {"hp": 224, "atk": 204, "def": 140, "spa": 204, "spd": 140, "spe": 235}}, "Sylveon": {"name": "Sylveon", "species": "Sylveon", "speciesId": "sylveon", "gender": "M", "shiny": false, "level": 85, "moves": ["calmmind", "hypervoice", "protect", "wish"], "ability": "Pixilate", "evs": {"hp": 85, "atk": 0, "def": 85, "spa": 85, "spd": 85, "spe": 85}, "ivs": {"hp": 31, "atk": 0, "def": 31, "spa": 31, "spd": 31, "spe": 31}, "item": "Leftovers", "teraType": "Steel", "role": "Bulky Setup", "bvs": {"hp": 95, "atk": 65, "def": 65, "spa": 110, "spd": 130, "spe": 60}, "stats": {"hp": 300, "atk": 115, "def": 159, "spa": 236, "spd": 270, "spe": 151}}}, {"Blissey": {"name": "Blissey", "species": "Blissey", "speciesId": "blissey", "gender": "F", "shiny": false, "level": 85, "moves": ["softboiled", "stealthrock", "thunderwave", "seismictoss"], "ability": "Natural Cure", "evs": {"hp": 85, "atk": 0, "def": 85, "spa": 85, "spd": 85, "spe": 85}, "ivs": {"hp": 31, "atk": 0, "def": 31, "spa": 31, "spd": 31, "spe": 31}, "item": "Leftovers", "teraType": "Dark", "role": "Bulky Support", "bvs": {"hp": 255, "atk": 10, "def": 10, "spa": 75, "spd": 135, "spe": 55}, "stats": {"hp": 572, "atk": 22, "def": 66, "spa": 176, "spd": 278, "spe": 142}}, "Golurk": {"name": "Golurk", "species": "Golurk", "speciesId": "golurk", "gender": "N", "shiny": false, "level": 87, "moves": ["poltergeist", "earthquake", "stoneedge", "dynamicpunch"], "ability": "No Guard", "evs": {"hp": 85, "atk": 85, "def": 85, "spa": 85, "spd": 85, "spe": 85}, "ivs": {"hp": 31, "atk": 31, "def": 31, "spa": 31, "spd": 31, "spe": 31}, "item": "Choice Band", "teraType": "Ground", "role": "Wallbreaker", "bvs": {"hp": 89, "atk": 124, "def": 80, "spa": 55, "spd": 80, "spe": 55}, "stats": {"hp": 297, "atk": 266, "def": 189, "spa": 145, "spd": 189, "spe": 145}}, "Lycanroc": {"name": "Lycanroc", "species": "Lycanroc-Dusk", "speciesId": "lycanrocdusk", "gender": "M", "shiny": false, "level": 81, "moves": ["stoneedge", "closecombat", "psychicfangs", "accelerock"], "ability": "Tough Claws", "evs": {"hp": 85, "atk": 85, "def": 85, "spa": 85, "spd": 85, "spe": 85}, "ivs": {"hp": 31, "atk": 31, "def": 31, "spa": 31, "spd": 31, "spe": 31}, "item": "Choice Band", "teraType": "Fighting", "role": "Wallbreaker", "bvs": {"hp": 75, "atk": 117, "def": 65, "spa": 55, "spd": 65, "spe": 110}, "stats": {"hp": 254, "atk": 236, "def": 152, "spa": 136, "spd": 152, "spe": 225}}, "Chien-Pao": {"name": "Chien-Pao", "species": "Chien-Pao", "speciesId": "chienpao", "gender": "N", "shiny": false, "level": 72, "moves": ["crunch", "iciclecrash", "iceshard", "sacredsword"], "ability": "Sword of Ruin", "evs": {"hp": 85, "atk": 85, "def": 85, "spa": 85, "spd": 85, "spe": 85}, "ivs": {"hp": 31, "atk": 31, "def": 31, "spa": 31, "spd": 31, "spe": 31}, "item": "Choice Band", "teraType": "Ice", "role": "Wallbreaker", "bvs": {"hp": 80, "atk": 120, "def": 80, "spa": 90, "spd": 65, "spe": 135}, "stats": {"hp": 234, "atk": 215, "def": 157, "spa": 172, "spd": 136, "spe": 236}}, "Regieleki": {"name": "Regieleki", "species": "Regieleki", "speciesId": "regieleki", "gender": "N", "shiny": false, "level": 79, "moves": ["thunderbolt", "voltswitch", "terablast", "rapidspin"], "ability": "Transistor", "evs": {"hp": 85, "atk": 85, "def": 85, "spa": 85, "spd": 85, "spe": 85}, "ivs": {"hp": 31, "atk": 31, "def": 31, "spa": 31, "spd": 31, "spe": 31}, "item": "Magnet", "teraType": "Ice", "role": "Tera Blast user", "bvs": {"hp": 80, "atk": 100, "def": 50, "spa": 100, "spd": 50, "spe": 200}, "stats": {"hp": 256, "atk": 204, "def": 125, "spa": 204, "spd": 125, "spe": 362}}, "Hippowdon": {"name": "Hippowdon", "species": "Hippowdon", "speciesId": "hippowdon", "gender": "F", "shiny": false, "level": 82, "moves": ["curse", "stoneedge", "earthquake", "slackoff"], "ability": "Sand Stream", "evs": {"hp": 85, "atk": 85, "def": 85, "spa": 85, "spd": 85, "spe": 85}, "ivs": {"hp": 31, "atk": 31, "def": 31, "spa": 31, "spd": 31, "spe": 31}, "item": "Leftovers", "teraType": "Rock", "role": "Bulky Setup", "bvs": {"hp": 108, "atk": 112, "def": 118, "spa": 68, "spd": 72, "spe": 47}, "stats": {"hp": 311, "atk": 231, "def": 241, "spa": 159, "spd": 165, "spe": 124}}}]}