{"id": "gen9randombattle-2631876544", "format": "[Gen 9] Random Battle", "players": ["dhcarr", "giourevrydayguy"], "log": "|j|\u2606dhcarr\n|j|\u2606giourevrydayguy\n|t:|1781450976\n|gametype|singles\n|player|p1|dhcarr|266|1084\n|player|p2|giourevrydayguy|101|1090\n|gen|9\n|tier|[Gen 9] Random Battle\n|rated|\n|rule|Species Clause: Limit one of each Pok\u00e9mon\n|rule|HP Percentage Mod: HP is shown in percentages\n|rule|Sleep Clause Mod: Limit one foe put to sleep\n|rule|Illusion Level Mod: Illusion disguises the Pok\u00e9mon's true level\n|\n|t:|1781450976\n|teamsize|p1|6\n|teamsize|p2|6\n|start\n|switch|p1a: Sudowoodo|Sudowoodo, L94, M|284/284\n|switch|p2a: Noivern|Noivern, L82, F|274/274\n|turn|1\n|\n|t:|1781450987\n|switch|p2a: Vileplume|Vileplume, L85, F|266/266\n|move|p1a: Sudowoodo|Stealth Rock|p2a: Vileplume\n|-sidestart|p2: giourevrydayguy|move: Stealth Rock\n|\n|upkeep\n|turn|2\n|\n|t:|1781450995\n|move|p1a: Sudowoodo|Sucker Punch||[still]\n|-fail|p1a: Sudowoodo\n|move|p2a: Vileplume|Sleep Powder|p1a: Sudowoodo|[miss]\n|-miss|p2a: Vileplume|p1a: Sudowoodo\n|\n|upkeep\n|turn|3\n|\n|t:|1781451003\n|move|p1a: Sudowoodo|Sucker Punch||[still]\n|-fail|p1a: Sudowoodo\n|move|p2a: Vileplume|Sleep Powder|p1a: Sudowoodo|[miss]\n|-miss|p2a: Vileplume|p1a: Sudowoodo\n|\n|upkeep\n|turn|4\n|\n|t:|1781451011\n|move|p1a: Sudowoodo|Sucker Punch||[still]\n|-fail|p1a: Sudowoodo\n|move|p2a: Vileplume|Sleep Powder|p1a: Sudowoodo\n|-status|p1a: Sudowoodo|slp|[from] move: Sleep Powder\n|\n|upkeep\n|turn|5\n|\n|t:|1781451019\n|switch|p1a: Gouging Fire|Gouging Fire, L74|277/277\n|move|p2a: Vileplume|Giga Drain|p1a: Gouging Fire\n|-resisted|p1a: Gouging Fire\n|-damage|p1a: Gouging Fire|252/277\n|\n|upkeep\n|turn|6\n|\n|t:|1781451032\n|switch|p2a: Drednaw|Drednaw, L81, M|278/278\n|-damage|p2a: Drednaw|244/278|[from] Stealth Rock\n|move|p1a: Gouging Fire|Dragon Dance|p1a: Gouging Fire\n|-boost|p1a: Gouging Fire|atk|1\n|-boost|p1a: Gouging Fire|spe|1\n|\n|upkeep\n|turn|7\n|\n|t:|1781451046\n|-terastallize|p1a: Gouging Fire|Ground\n|move|p1a: Gouging Fire|Earthquake|p2a: Drednaw\n|-supereffective|p2a: Drednaw\n|-damage|p2a: Drednaw|0 fnt\n|faint|p2a: Drednaw\n|\n|upkeep\n|\n|t:|1781451056\n|switch|p2a: Vileplume|Vileplume, L85, F|266/266\n|-damage|p2a: Vileplume|233/266|[from] Stealth Rock\n|turn|8\n|\n|t:|1781451061\n|-terastallize|p2a: Vileplume|Water\n|move|p1a: Gouging Fire|Heat Crash|p2a: Vileplume\n|-resisted|p2a: Vileplume\n|-damage|p2a: Vileplume|148/266\n|-status|p1a: Gouging Fire|psn|[from] ability: Effect Spore|[of] p2a: Vileplume\n|move|p2a: Vileplume|Giga Drain|p1a: Gouging Fire\n|-supereffective|p1a: Gouging Fire\n|-damage|p1a: Gouging Fire|46/277 psn\n|-heal|p2a: Vileplume|251/266|[from] drain|[of] p1a: Gouging Fire\n|\n|-heal|p2a: Vileplume|266/266|[from] item: Leftovers\n|-damage|p1a: Gouging Fire|12/277 psn|[from] psn\n|upkeep\n|turn|9\n|\n|t:|1781451074\n|move|p1a: Gouging Fire|Earthquake|p2a: Vileplume\n|-damage|p2a: Vileplume|127/266\n|move|p2a: Vileplume|Strength Sap|p1a: Gouging Fire\n|-unboost|p1a: Gouging Fire|atk|1\n|-heal|p2a: Vileplume|266/266\n|\n|-damage|p1a: Gouging Fire|0 fnt|[from] psn\n|faint|p1a: Gouging Fire\n|-end|p1a: Gouging Fire|Protosynthesis|[silent]\n|upkeep\n|\n|t:|1781451089\n|switch|p1a: Dachsbun|Dachsbun, L92, M|254/254\n|turn|10\n|\n|t:|1781451093\n|move|p1a: Dachsbun|Body Press|p2a: Vileplume\n|-damage|p2a: Vileplume|189/266\n|move|p2a: Vileplume|Sludge Bomb|p1a: Dachsbun\n|-supereffective|p1a: Dachsbun\n|-damage|p1a: Dachsbun|54/254\n|-status|p1a: Dachsbun|psn\n|\n|-heal|p1a: Dachsbun|69/254 psn|[from] item: Leftovers\n|-heal|p2a: Vileplume|205/266|[from] item: Leftovers\n|-damage|p1a: Dachsbun|38/254 psn|[from] psn\n|upkeep\n|turn|11\n|\n|t:|1781451102\n|move|p1a: Dachsbun|Play Rough|p2a: Vileplume\n|-damage|p2a: Vileplume|102/266\n|move|p2a: Vileplume|Strength Sap|p1a: Dachsbun\n|-unboost|p1a: Dachsbun|atk|1\n|-heal|p2a: Vileplume|266/266\n|\n|-heal|p1a: Dachsbun|53/254 psn|[from] item: Leftovers\n|-damage|p1a: Dachsbun|22/254 psn|[from] psn\n|upkeep\n|turn|12\n|\n|t:|1781451108\n|switch|p1a: Meloetta|Meloetta, L82|298/298\n|move|p2a: Vileplume|Giga Drain|p1a: Meloetta\n|-damage|p1a: Meloetta|228/298\n|\n|-heal|p1a: Meloetta|246/298|[from] item: Leftovers\n|upkeep\n|turn|13\n|\n|t:|1781451114\n|move|p1a: Meloetta|Focus Blast|p2a: Vileplume\n|-damage|p2a: Vileplume|164/266\n|move|p2a: Vileplume|Sludge Bomb|p1a: Meloetta\n|-damage|p1a: Meloetta|159/298\n|-status|p1a: Meloetta|psn\n|\n|-heal|p1a: Meloetta|177/298 psn|[from] item: Leftovers\n|-heal|p2a: Vileplume|180/266|[from] item: Leftovers\n|-damage|p1a: Meloetta|140/298 psn|[from] psn\n|upkeep\n|turn|14\n|\n|t:|1781451117\n|switch|p1a: Zamazenta|Zamazenta, L71|248/248\n|-ability|p1a: Zamazenta|Dauntless Shield|boost\n|-boost|p1a: Zamazenta|def|1\n|move|p2a: Vileplume|Strength Sap|p1a: Zamazenta\n|-unboost|p1a: Zamazenta|atk|1\n|-heal|p2a: Vileplume|266/266\n|\n|upkeep\n|turn|15\n|\n|t:|1781451123\n|switch|p2a: Noivern|Noivern, L82, F|274/274\n|-damage|p2a: Noivern|206/274|[from] Stealth Rock\n|move|p1a: Zamazenta|Iron Defense|p1a: Zamazenta\n|-boost|p1a: Zamazenta|def|2\n|\n|upkeep\n|turn|16\n|\n|t:|1781451130\n|move|p2a: Noivern|Hurricane|p1a: Zamazenta|[miss]\n|-miss|p2a: Noivern|p1a: Zamazenta\n|move|p1a: Zamazenta|Crunch|p2a: Noivern\n|-damage|p2a: Noivern|166/274\n|\n|upkeep\n|turn|17\n|\n|t:|1781451139\n|move|p2a: Noivern|Hurricane|p1a: Zamazenta\n|-supereffective|p1a: Zamazenta\n|-damage|p1a: Zamazenta|0 fnt\n|faint|p1a: Zamazenta\n|\n|upkeep\n|\n|t:|1781451144\n|switch|p1a: Honchkrow|Honchkrow, L86, F|312/312\n|turn|18\n|\n|t:|1781451161\n|switch|p2a: Vivillon|Vivillon-Marine, L83, F|268/268\n|move|p1a: Honchkrow|Brave Bird|p2a: Vivillon\n|-supereffective|p2a: Vivillon\n|-damage|p2a: Vivillon|0 fnt\n|faint|p2a: Vivillon\n|-ability|p1a: Honchkrow|Moxie|boost\n|-boost|p1a: Honchkrow|atk|1\n|-damage|p1a: Honchkrow|224/312|[from] Recoil\n|\n|upkeep\n|\n|t:|1781451173\n|switch|p2a: Vileplume|Vileplume, L85, F, tera:Water|266/266\n|-damage|p2a: Vileplume|233/266|[from] Stealth Rock\n|turn|19\n|\n|t:|1781451178\n|move|p1a: Honchkrow|Brave Bird|p2a: Vileplume\n|-damage|p2a: Vileplume|0 fnt\n|faint|p2a: Vileplume\n|-ability|p1a: Honchkrow|Moxie|boost\n|-boost|p1a: Honchkrow|atk|1\n|-damage|p1a: Honchkrow|147/312|[from] Recoil\n|\n|upkeep\n|\n|t:|1781451188\n|switch|p2a: Mesprit|Mesprit, L85|275/275\n|-damage|p2a: Mesprit|241/275|[from] Stealth Rock\n|turn|20\n|\n|t:|1781451213\n|switch|p2a: Noivern|Noivern, L82, F|166/274\n|-damage|p2a: Noivern|98/274|[from] Stealth Rock\n|move|p1a: Honchkrow|Sucker Punch||[still]\n|-fail|p1a: Honchkrow\n|\n|upkeep\n|turn|21\n|\n|t:|1781451220\n|move|p2a: Noivern|Draco Meteor|p1a: Honchkrow\n|-damage|p1a: Honchkrow|0 fnt\n|-unboost|p2a: Noivern|spa|2\n|faint|p1a: Honchkrow\n|\n|upkeep\n|\n|t:|1781451223\n|switch|p1a: Sudowoodo|Sudowoodo, L94, M|284/284 slp\n|turn|22\n|\n|t:|1781451227\n|switch|p2a: Annihilape|Annihilape, L76, F|292/292\n|-damage|p2a: Annihilape|274/292|[from] Stealth Rock\n|cant|p1a: Sudowoodo|slp\n|\n|-heal|p2a: Annihilape|292/292|[from] item: Leftovers\n|upkeep\n|turn|23\n|\n|t:|1781451238\n|switch|p1a: Meloetta|Meloetta, L82|140/298 psn\n|move|p2a: Annihilape|Bulk Up|p2a: Annihilape\n|-boost|p2a: Annihilape|atk|1\n|-boost|p2a: Annihilape|def|1\n|\n|-heal|p1a: Meloetta|158/298 psn|[from] item: Leftovers\n|-damage|p1a: Meloetta|121/298 psn|[from] psn\n|upkeep\n|turn|24\n|\n|t:|1781451245\n|move|p1a: Meloetta|Psyshock|p2a: Annihilape\n|-supereffective|p2a: Annihilape\n|-damage|p2a: Annihilape|118/292\n|move|p2a: Annihilape|Drain Punch|p1a: Meloetta\n|-damage|p1a: Meloetta|0 fnt\n|-heal|p2a: Annihilape|179/292|[from] drain|[of] p1a: Meloetta\n|faint|p1a: Meloetta\n|\n|-heal|p2a: Annihilape|197/292|[from] item: Leftovers\n|upkeep\n|\n|t:|1781451250\n|switch|p1a: Sudowoodo|Sudowoodo, L94, M|284/284 slp\n|turn|25\n|\n|t:|1781451256\n|move|p2a: Annihilape|Drain Punch|p1a: Sudowoodo\n|-supereffective|p1a: Sudowoodo\n|-damage|p1a: Sudowoodo|108/284 slp\n|-heal|p2a: Annihilape|285/292|[from] drain|[of] p1a: Sudowoodo\n|cant|p1a: Sudowoodo|slp\n|\n|-heal|p2a: Annihilape|292/292|[from] item: Leftovers\n|-heal|p1a: Sudowoodo|125/284 slp|[from] item: Leftovers\n|upkeep\n|turn|26\n|\n|t:|1781451259\n|move|p2a: Annihilape|Bulk Up|p2a: Annihilape\n|-boost|p2a: Annihilape|atk|1\n|-boost|p2a: Annihilape|def|1\n|-curestatus|p1a: Sudowoodo|slp|[msg]\n|move|p1a: Sudowoodo|Wood Hammer|p2a: Annihilape\n|-damage|p2a: Annihilape|228/292\n|\n|-heal|p2a: Annihilape|246/292|[from] item: Leftovers\n|-heal|p1a: Sudowoodo|142/284|[from] item: Leftovers\n|upkeep\n|turn|27\n|\n|t:|1781451265\n|move|p2a: Annihilape|Bulk Up|p2a: Annihilape\n|-boost|p2a: Annihilape|atk|1\n|-boost|p2a: Annihilape|def|1\n|move|p1a: Sudowoodo|Wood Hammer|p2a: Annihilape\n|-damage|p2a: Annihilape|193/292\n|\n|-heal|p2a: Annihilape|211/292|[from] item: Leftovers\n|-heal|p1a: Sudowoodo|159/284|[from] item: Leftovers\n|upkeep\n|turn|28\n|\n|t:|1781451296\n|move|p2a: Annihilape|Drain Punch|p1a: Sudowoodo\n|-supereffective|p1a: Sudowoodo\n|-damage|p1a: Sudowoodo|0 fnt\n|-heal|p2a: Annihilape|291/292|[from] drain|[of] p1a: Sudowoodo\n|faint|p1a: Sudowoodo\n|\n|-heal|p2a: Annihilape|292/292|[from] item: Leftovers\n|upkeep\n|\n|t:|1781451299\n|switch|p1a: Dachsbun|Dachsbun, L92, M|22/254 psn\n|turn|29\n|\n|t:|1781451302\n|move|p1a: Dachsbun|Play Rough|p2a: Annihilape\n|-supereffective|p2a: Annihilape\n|-damage|p2a: Annihilape|194/292\n|move|p2a: Annihilape|Bulk Up|p2a: Annihilape\n|-boost|p2a: Annihilape|atk|1\n|-boost|p2a: Annihilape|def|1\n|\n|-heal|p1a: Dachsbun|37/254 psn|[from] item: Leftovers\n|-heal|p2a: Annihilape|212/292|[from] item: Leftovers\n|-damage|p1a: Dachsbun|6/254 psn|[from] psn\n|upkeep\n|turn|30\n|\n|t:|1781451306\n|move|p1a: Dachsbun|Play Rough|p2a: Annihilape\n|-supereffective|p2a: Annihilape\n|-damage|p2a: Annihilape|134/292\n|move|p2a: Annihilape|Bulk Up|p2a: Annihilape\n|-boost|p2a: Annihilape|atk|1\n|-boost|p2a: Annihilape|def|1\n|\n|-heal|p1a: Dachsbun|21/254 psn|[from] item: Leftovers\n|-heal|p2a: Annihilape|152/292|[from] item: Leftovers\n|-damage|p1a: Dachsbun|0 fnt|[from] psn\n|faint|p1a: Dachsbun\n|\n|win|giourevrydayguy\n|raw|dhcarr's rating: 1084 &rarr; <strong>1062</strong><br />(-22 for losing)\n|raw|giourevrydayguy's rating: 1090 &rarr; <strong>1116</strong><br />(+26 for winning)\n", "inputlog": ">version a8376a258c1d4662feba110a92103f3664a72141\n>start {\"formatid\":\"gen9randombattle\",\"seed\":\"sodium,214dacfecfede6abae781c199392da95\",\"rated\":\"Rated battle\"}\n>player p1 {\"name\":\"dhcarr\",\"avatar\":\"266\",\"rating\":1084,\"seed\":\"sodium,3c00142aafe93dd22fbe6934f2c91173\"}\n>player p2 {\"name\":\"giourevrydayguy\",\"avatar\":\"101\",\"rating\":1090,\"seed\":\"sodium,265d60e54845ab018593140f7b9c0ce7\"}\n>p1 move stealthrock\n>p2 switch 2\n>p1 move suckerpunch\n>p2 move sleeppowder\n>p1 move suckerpunch\n>p2 move sleeppowder\n>p1 move suckerpunch\n>p2 move sleeppowder\n>p1 switch 2\n>p2 move gigadrain\n>p1 move dragondance\n>p2 switch 6\n>p1 move earthquake terastallize\n>p2 move shellsmash\n>p2 switch 6\n>p1 move heatcrash\n>p2 move gigadrain terastallize\n>p1 move earthquake\n>p2 move strengthsap\n>p1 switch 6\n>p1 move bodypress\n>p2 move sludgebomb\n>p1 move playrough\n>p2 move strengthsap\n>p1 switch 3\n>p2 move gigadrain\n>p1 move focusblast\n>p2 move sludgebomb\n>p1 switch 5\n>p2 move strengthsap\n>p1 move irondefense\n>p2 switch 2\n>p1 move crunch\n>p2 move hurricane\n>p1 move bodypress\n>p2 move hurricane\n>p1 switch 4\n>p1 move bravebird\n>p2 switch 4\n>p2 switch 2\n>p1 move bravebird\n>p2 move strengthsap\n>p2 switch 5\n>p1 move suckerpunch\n>p2 switch 4\n>p1 move lashout\n>p2 move dracometeor\n>p1 switch 2\n>p1 move headsmash\n>p2 switch 3\n>p1 switch 5\n>p2 move bulkup\n>p1 move psyshock\n>p2 move drainpunch\n>p1 switch 5\n>p1 move woodhammer\n>p2 move drainpunch\n>p1 move woodhammer\n>p2 move bulkup\n>p1 move woodhammer\n>p2 move bulkup\n>p1 move woodhammer\n>p2 move drainpunch\n>p1 switch 3\n>p1 move playrough\n>p2 move bulkup\n>p1 move playrough\n>p2 move bulkup", "uploadtime": 1781451308, "views": 4, "formatid": "gen9randombattle", "rating": 1062, "private": 0, "password": null, "player_dets": [{"name": "dhcarr", "avatar": "266", "rating": 1084, "seed": "sodium,3c00142aafe93dd22fbe6934f2c91173"}, {"name": "giourevrydayguy", "avatar": "101", "rating": 1090, "seed": "sodium,265d60e54845ab018593140f7b9c0ce7"}], "teams_full": [{"Sudowoodo": {"name": "Sudowoodo", "species": "Sudowoodo", "speciesId": "sudowoodo", "gender": "M", "shiny": false, "level": 94, "moves": ["headsmash", "woodhammer", "stealthrock", "suckerpunch"], "ability": "Rock Head", "evs": {"hp": 85, "atk": 85, "def": 85, "spa": 85, "spd": 85, "spe": 85}, "ivs": {"hp": 31, "atk": 31, "def": 31, "spa": 31, "spd": 31, "spe": 31}, "item": "Leftovers", "teraType": "Grass", "role": "Bulky Attacker", "bvs": {"hp": 70, "atk": 100, "def": 115, "spa": 30, "spd": 65, "spe": 30}, "stats": {"hp": 284, "atk": 241, "def": 270, "spa": 110, "spd": 176, "spe": 110}, "types": ["Rock"]}, "Gouging Fire": {"name": "Gouging Fire", "species": "Gouging Fire", "speciesId": "gougingfire", "gender": "N", "shiny": false, "level": 74, "moves": ["dragondance", "outrage", "heatcrash", "earthquake"], "ability": "Protosynthesis", "evs": {"hp": 85, "atk": 85, "def": 85, "spa": 85, "spd": 85, "spe": 85}, "ivs": {"hp": 31, "atk": 31, "def": 31, "spa": 31, "spd": 31, "spe": 31}, "item": "Heavy-Duty Boots", "teraType": "Ground", "role": "Setup Sweeper", "bvs": {"hp": 105, "atk": 115, "def": 121, "spa": 65, "spd": 93, "spe": 91}, "stats": {"hp": 277, "atk": 213, "def": 222, "spa": 139, "spd": 181, "spe": 178}, "types": ["Fire", "Dragon"]}, "Meloetta": {"name": "Meloetta", "species": "Meloetta", "speciesId": "meloetta", "gender": "N", "shiny": false, "level": 82, "moves": ["calmmind", "focusblast", "psyshock", "hypervoice"], "ability": "Serene Grace", "evs": {"hp": 85, "atk": 0, "def": 85, "spa": 85, "spd": 85, "spe": 85}, "ivs": {"hp": 31, "atk": 0, "def": 31, "spa": 31, "spd": 31, "spe": 31}, "item": "Leftovers", "teraType": "Normal", "role": "Bulky Attacker", "bvs": {"hp": 100, "atk": 77, "def": 77, "spa": 128, "spd": 128, "spe": 90}, "stats": {"hp": 298, "atk": 131, "def": 173, "spa": 257, "spd": 257, "spe": 195}, "types": ["Normal", "Psychic"]}, "Honchkrow": {"name": "Honchkrow", "species": "Honchkrow", "speciesId": "honchkrow", "gender": "F", "shiny": false, "level": 86, "moves": ["lashout", "thunderwave", "suckerpunch", "bravebird"], "ability": "Moxie", "evs": {"hp": 85, "atk": 85, "def": 85, "spa": 85, "spd": 85, "spe": 85}, "ivs": {"hp": 31, "atk": 31, "def": 31, "spa": 31, "spd": 31, "spe": 31}, "item": "Heavy-Duty Boots", "teraType": "Flying", "role": "Wallbreaker", "bvs": {"hp": 100, "atk": 125, "def": 52, "spa": 105, "spd": 52, "spe": 71}, "stats": {"hp": 312, "atk": 264, "def": 139, "spa": 230, "spd": 139, "spe": 171}, "types": ["Dark", "Flying"]}, "Zamazenta": {"name": "Zamazenta", "species": "Zamazenta", "speciesId": "zamazenta", "gender": "N", "shiny": false, "level": 71, "moves": ["crunch", "rest", "bodypress", "irondefense"], "ability": "Dauntless Shield", "evs": {"hp": 85, "atk": 85, "def": 85, "spa": 85, "spd": 85, "spe": 85}, "ivs": {"hp": 31, "atk": 31, "def": 31, "spa": 31, "spd": 31, "spe": 31}, "item": "Chesto Berry", "teraType": "Fighting", "role": "Bulky Setup", "bvs": {"hp": 92, "atk": 120, "def": 115, "spa": 80, "spd": 115, "spe": 138}, "stats": {"hp": 248, "atk": 212, "def": 205, "spa": 155, "spd": 205, "spe": 237}, "types": ["Fighting"]}, "Dachsbun": {"name": "Dachsbun", "species": "Dachsbun", "speciesId": "dachsbun", "gender": "M", "shiny": false, "level": 92, "moves": ["bodypress", "wish", "playrough", "protect"], "ability": "Well-Baked Body", "evs": {"hp": 85, "atk": 85, "def": 85, "spa": 85, "spd": 85, "spe": 85}, "ivs": {"hp": 31, "atk": 31, "def": 31, "spa": 31, "spd": 31, "spe": 31}, "item": "Leftovers", "teraType": "Steel", "role": "Bulky Support", "bvs": {"hp": 57, "atk": 80, "def": 115, "spa": 50, "spd": 80, "spe": 95}, "stats": {"hp": 254, "atk": 200, "def": 264, "spa": 144, "spd": 200, "spe": 227}, "types": ["Fairy"]}}, {"Noivern": {"name": "Noivern", "species": "Noivern", "speciesId": "noivern", "gender": "F", "shiny": false, "level": 82, "moves": ["hurricane", "boomburst", "flamethrower", "dracometeor"], "ability": "Infiltrator", "evs": {"hp": 85, "atk": 0, "def": 85, "spa": 85, "spd": 85, "spe": 85}, "ivs": {"hp": 31, "atk": 0, "def": 31, "spa": 31, "spd": 31, "spe": 31}, "item": "Choice Specs", "teraType": "Normal", "role": "Fast Attacker", "bvs": {"hp": 85, "atk": 70, "def": 80, "spa": 97, "spd": 80, "spe": 123}, "stats": {"hp": 274, "atk": 119, "def": 178, "spa": 206, "spd": 178, "spe": 249}, "types": ["Flying", "Dragon"]}, "Vileplume": {"name": "Vileplume", "species": "Vileplume", "speciesId": "vileplume", "gender": "F", "shiny": false, "level": 85, "moves": ["sleeppowder", "sludgebomb", "strengthsap", "gigadrain"], "ability": "Effect Spore", "evs": {"hp": 85, "atk": 0, "def": 85, "spa": 85, "spd": 85, "spe": 85}, "ivs": {"hp": 31, "atk": 0, "def": 31, "spa": 31, "spd": 31, "spe": 31}, "item": "Leftovers", "teraType": "Water", "role": "Bulky Attacker", "bvs": {"hp": 75, "atk": 80, "def": 85, "spa": 110, "spd": 90, "spe": 50}, "stats": {"hp": 266, "atk": 141, "def": 193, "spa": 236, "spd": 202, "spe": 134}, "types": ["Grass", "Poison"]}, "Annihilape": {"name": "Annihilape", "species": "Annihilape", "speciesId": "annihilape", "gender": "F", "shiny": false, "level": 76, "moves": ["ragefist", "bulkup", "drainpunch", "taunt"], "ability": "Defiant", "evs": {"hp": 85, "atk": 85, "def": 85, "spa": 85, "spd": 85, "spe": 85}, "ivs": {"hp": 31, "atk": 31, "def": 31, "spa": 31, "spd": 31, "spe": 31}, "item": "Leftovers", "teraType": "Ghost", "role": "Bulky Setup", "bvs": {"hp": 110, "atk": 115, "def": 80, "spa": 50, "spd": 90, "spe": 90}, "stats": {"hp": 292, "atk": 219, "def": 166, "spa": 120, "spd": 181, "spe": 181}, "types": ["Fighting", "Ghost"]}, "Vivillon": {"name": "Vivillon", "species": "Vivillon-Marine", "speciesId": "vivillon", "gender": "F", "shiny": false, "level": 83, "moves": ["sleeppowder", "hurricane", "terablast", "quiverdance"], "ability": "Compound Eyes", "evs": {"hp": 85, "atk": 0, "def": 85, "spa": 85, "spd": 85, "spe": 85}, "ivs": {"hp": 31, "atk": 0, "def": 31, "spa": 31, "spd": 31, "spe": 31}, "item": "Heavy-Duty Boots", "teraType": "Ground", "role": "Tera Blast user", "bvs": {"hp": 80, "atk": 52, "def": 50, "spa": 90, "spd": 50, "spe": 89}, "stats": {"hp": 268, "atk": 91, "def": 131, "spa": 197, "spd": 131, "spe": 195}, "types": ["Bug", "Flying"]}, "Mesprit": {"name": "Mesprit", "species": "Mesprit", "speciesId": "mesprit", "gender": "N", "shiny": false, "level": 85, "moves": ["drainpunch", "knockoff", "psychicnoise", "stealthrock"], "ability": "Levitate", "evs": {"hp": 85, "atk": 85, "def": 85, "spa": 85, "spd": 85, "spe": 85}, "ivs": {"hp": 31, "atk": 31, "def": 31, "spa": 31, "spd": 31, "spe": 31}, "item": "Leftovers", "teraType": "Fighting", "role": "Bulky Attacker", "bvs": {"hp": 80, "atk": 105, "def": 105, "spa": 105, "spd": 105, "spe": 80}, "stats": {"hp": 275, "atk": 227, "def": 227, "spa": 227, "spd": 227, "spe": 185}, "types": ["Psychic"]}, "Drednaw": {"name": "Drednaw", "species": "Drednaw", "speciesId": "drednaw", "gender": "M", "shiny": false, "level": 81, "moves": ["earthquake", "shellsmash", "stoneedge", "liquidation"], "ability": "Shell Armor", "evs": {"hp": 85, "atk": 85, "def": 85, "spa": 85, "spd": 85, "spe": 85}, "ivs": {"hp": 31, "atk": 31, "def": 31, "spa": 31, "spd": 31, "spe": 31}, "item": "White Herb", "teraType": "Ground", "role": "Fast Bulky Setup", "bvs": {"hp": 90, "atk": 115, "def": 90, "spa": 48, "spd": 68, "spe": 74}, "stats": {"hp": 278, "atk": 233, "def": 192, "spa": 124, "spd": 157, "spe": 167}, "types": ["Water", "Rock"]}}]}