{"id": "gen9randombattle-2631583313", "format": "[Gen 9] Random Battle", "players": ["Shomsnack", "deflexy"], "log": "|j|\u203dShomsnack\n|j|\u2606deflexy\n|t:|1781404542\n|gametype|singles\n|player|p1|Shomsnack|170|1956\n|player|p2|deflexy|1|1952\n|gen|9\n|tier|[Gen 9] Random Battle\n|rated|\n|rule|Species Clause: Limit one of each Pok\u00e9mon\n|rule|HP Percentage Mod: HP is shown in percentages\n|rule|Sleep Clause Mod: Limit one foe put to sleep\n|rule|Illusion Level Mod: Illusion disguises the Pok\u00e9mon's true level\n|\n|t:|1781404542\n|teamsize|p1|6\n|teamsize|p2|6\n|start\n|switch|p1a: Leafeon|Leafeon, L88, F|258/258\n|switch|p2a: Vaporeon|Vaporeon, L86, F|364/364\n|turn|1\n|inactive|Battle timer is ON: inactive players will automatically lose when time's up. (requested by deflexy)\n|\n|t:|1781404552\n|switch|p2a: Meganium|Meganium, L90, M|290/290\n|move|p1a: Leafeon|Swords Dance|p1a: Leafeon\n|-boost|p1a: Leafeon|atk|2\n|\n|upkeep\n|turn|2\n|\n|t:|1781404557\n|move|p1a: Leafeon|Substitute|p1a: Leafeon\n|-start|p1a: Leafeon|Substitute\n|-damage|p1a: Leafeon|194/258\n|move|p2a: Meganium|Knock Off|p1a: Leafeon\n|-activate|p1a: Leafeon|move: Substitute|[damage]\n|\n|-heal|p1a: Leafeon|210/258|[from] item: Leftovers\n|upkeep\n|turn|3\n|\n|t:|1781404560\n|move|p1a: Leafeon|Double-Edge|p2a: Meganium\n|-damage|p2a: Meganium|111/290\n|-damage|p1a: Leafeon|151/258|[from] Recoil\n|move|p2a: Meganium|Knock Off|p1a: Leafeon\n|-end|p1a: Leafeon|Substitute\n|\n|-heal|p1a: Leafeon|167/258|[from] item: Leftovers\n|-heal|p2a: Meganium|129/290|[from] item: Leftovers\n|upkeep\n|turn|4\n|\n|t:|1781404564\n|move|p1a: Leafeon|Double-Edge|p2a: Meganium\n|-damage|p2a: Meganium|0 fnt\n|faint|p2a: Meganium\n|-damage|p1a: Leafeon|124/258|[from] Recoil\n|\n|-heal|p1a: Leafeon|140/258|[from] item: Leftovers\n|upkeep\n|\n|t:|1781404575\n|switch|p2a: Bombirdier|Bombirdier, L85, M|258/258\n|turn|5\n|\n|t:|1781404592\n|move|p1a: Leafeon|Double-Edge|p2a: Bombirdier\n|-damage|p2a: Bombirdier|53/258\n|-damage|p1a: Leafeon|72/258|[from] Recoil\n|move|p2a: Bombirdier|Brave Bird|p1a: Leafeon\n|-supereffective|p1a: Leafeon\n|-damage|p1a: Leafeon|0 fnt\n|faint|p1a: Leafeon\n|-damage|p2a: Bombirdier|29/258|[from] Recoil\n|\n|upkeep\n|\n|t:|1781404601\n|switch|p1a: Girafarig|Girafarig, L89, M|269/269\n|turn|6\n|\n|t:|1781404608\n|move|p1a: Girafarig|Hyper Voice|p2a: Bombirdier\n|-damage|p2a: Bombirdier|0 fnt\n|faint|p2a: Bombirdier\n|\n|upkeep\n|\n|t:|1781404613\n|switch|p2a: Piloswine|Piloswine, L85, M|309/309\n|turn|7\n|\n|t:|1781404626\n|move|p1a: Girafarig|Nasty Plot|p1a: Girafarig\n|-boost|p1a: Girafarig|spa|2\n|move|p2a: Piloswine|Stealth Rock|p1a: Girafarig\n|-sidestart|p1: Shomsnack|move: Stealth Rock\n|\n|upkeep\n|turn|8\n|\n|t:|1781404632\n|move|p1a: Girafarig|Hyper Voice|p2a: Piloswine\n|-damage|p2a: Piloswine|140/309\n|move|p2a: Piloswine|Earthquake|p1a: Girafarig\n|-damage|p1a: Girafarig|172/269\n|\n|upkeep\n|turn|9\n|\n|t:|1781404640\n|move|p2a: Piloswine|Ice Shard|p1a: Girafarig\n|-damage|p1a: Girafarig|138/269\n|move|p1a: Girafarig|Hyper Voice|p2a: Piloswine\n|-damage|p2a: Piloswine|0 fnt\n|faint|p2a: Piloswine\n|\n|upkeep\n|\n|t:|1781404643\n|switch|p2a: Mimikyu|Mimikyu, L79, F|216/216\n|turn|10\n|\n|t:|1781404649\n|move|p1a: Girafarig|Psyshock|p2a: Mimikyu\n|-activate|p2a: Mimikyu|ability: Disguise\n|-damage|p2a: Mimikyu|216/216\n|detailschange|p2a: Mimikyu|Mimikyu-Busted, L79, F\n|-damage|p2a: Mimikyu|189/216|[from] pokemon: Mimikyu-Busted\n|move|p2a: Mimikyu|Swords Dance|p2a: Mimikyu\n|-boost|p2a: Mimikyu|atk|2\n|\n|upkeep\n|turn|11\n|-message|deflexy forfeited.\n|\n|win|Shomsnack\n", "inputlog": ">version a8376a258c1d4662feba110a92103f3664a72141\n>start {\"formatid\":\"gen9randombattle\",\"seed\":\"sodium,f0695cf0565c19f0676ccd174d9b4bab\",\"rated\":\"Rated battle\"}\n>player p1 {\"name\":\"Shomsnack\",\"avatar\":\"170\",\"rating\":1956,\"seed\":\"sodium,ac6169e4d0b96c8bb14096545cc98597\"}\n>player p2 {\"name\":\"deflexy\",\"avatar\":\"1\",\"rating\":1952,\"seed\":\"sodium,5326ea92cabada1788ebf01a65b0bb4a\"}\n>p1 move swordsdance\n>p2 switch 6\n>p1 move substitute\n>p2 move knockoff\n>p1 move doubleedge\n>p2 move knockoff\n>p1 move doubleedge\n>p2 move energyball\n>p2 switch 2\n>p1 move doubleedge\n>p2 move bravebird\n>p1 switch 3\n>p1 move hypervoice\n>p2 move bravebird\n>p2 switch 4\n>p1 move nastyplot\n>p2 move stealthrock\n>p1 move hypervoice\n>p2 move earthquake\n>p1 move hypervoice\n>p2 move iceshard\n>p2 switch 5\n>p1 move psyshock\n>p2 move swordsdance\n>forcelose p2", "uploadtime": 1781404543, "views": 8, "formatid": "gen9randombattle", "rating": null, "private": 0, "password": null, "player_dets": [{"name": "Shomsnack", "avatar": "170", "rating": 1956, "seed": "sodium,ac6169e4d0b96c8bb14096545cc98597"}, {"name": "deflexy", "avatar": "1", "rating": 1952, "seed": "sodium,5326ea92cabada1788ebf01a65b0bb4a"}], "teams_full": [{"Leafeon": {"name": "Leafeon", "species": "Leafeon", "speciesId": "leafeon", "gender": "F", "shiny": false, "level": 88, "moves": ["swordsdance", "substitute", "leafblade", "doubleedge"], "ability": "Chlorophyll", "evs": {"hp": 85, "atk": 85, "def": 85, "spa": 85, "spd": 85, "spe": 85}, "ivs": {"hp": 31, "atk": 31, "def": 31, "spa": 31, "spd": 31, "spe": 31}, "item": "Leftovers", "teraType": "Normal", "role": "Setup Sweeper", "bvs": {"hp": 65, "atk": 110, "def": 130, "spa": 60, "spd": 65, "spe": 95}, "stats": {"hp": 258, "atk": 244, "def": 279, "spa": 156, "spd": 165, "spe": 217}}, "Enamorus": {"name": "Enamorus", "species": "Enamorus-Therian", "speciesId": "enamorustherian", "gender": "F", "shiny": false, "level": 83, "moves": ["superpower", "earthpower", "moonblast", "psychic"], "ability": "Overcoat", "evs": {"hp": 85, "atk": 85, "def": 85, "spa": 85, "spd": 85, "spe": 85}, "ivs": {"hp": 31, "atk": 31, "def": 31, "spa": 31, "spd": 31, "spe": 31}, "item": "Assault Vest", "teraType": "Fairy", "role": "Bulky Attacker", "bvs": {"hp": 74, "atk": 115, "def": 110, "spa": 135, "spd": 100, "spe": 46}, "stats": {"hp": 259, "atk": 239, "def": 230, "spa": 272, "spd": 214, "spe": 124}}, "Girafarig": {"name": "Girafarig", "species": "Girafarig", "speciesId": "girafarig", "gender": "M", "shiny": false, "level": 89, "moves": ["thunderbolt", "psyshock", "nastyplot", "hypervoice"], "ability": "Sap Sipper", "evs": {"hp": 85, "atk": 0, "def": 85, "spa": 85, "spd": 85, "spe": 85}, "ivs": {"hp": 31, "atk": 0, "def": 31, "spa": 31, "spd": 31, "spe": 31}, "item": "Eviolite", "teraType": "Normal", "role": "Fast Bulky Setup", "bvs": {"hp": 70, "atk": 80, "def": 65, "spa": 90, "spd": 65, "spe": 85}, "stats": {"hp": 269, "atk": 147, "def": 166, "spa": 211, "spd": 166, "spe": 202}}, "Iron Thorns": {"name": "Iron Thorns", "species": "Iron Thorns", "speciesId": "ironthorns", "gender": "N", "shiny": false, "level": 83, "moves": ["stoneedge", "wildcharge", "earthquake", "icepunch"], "ability": "Quark Drive", "evs": {"hp": 85, "atk": 85, "def": 85, "spa": 85, "spd": 85, "spe": 85}, "ivs": {"hp": 31, "atk": 31, "def": 31, "spa": 31, "spd": 31, "spe": 31}, "item": "Choice Scarf", "teraType": "Flying", "role": "Fast Support", "bvs": {"hp": 100, "atk": 134, "def": 110, "spa": 70, "spd": 84, "spe": 72}, "stats": {"hp": 302, "atk": 270, "def": 230, "spa": 164, "spd": 187, "spe": 167}}, "Groudon": {"name": "Groudon", "species": "Groudon", "speciesId": "groudon", "gender": "N", "shiny": false, "level": 72, "moves": ["heatcrash", "willowisp", "stealthrock", "precipiceblades"], "ability": "Drought", "evs": {"hp": 85, "atk": 85, "def": 85, "spa": 85, "spd": 85, "spe": 85}, "ivs": {"hp": 31, "atk": 31, "def": 31, "spa": 31, "spd": 31, "spe": 31}, "item": "Leftovers", "teraType": "Fire", "role": "Bulky Attacker", "bvs": {"hp": 100, "atk": 150, "def": 140, "spa": 100, "spd": 90, "spe": 90}, "stats": {"hp": 263, "atk": 258, "def": 244, "spa": 186, "spd": 172, "spe": 172}}, "Blaziken": {"name": "Blaziken", "species": "Blaziken", "speciesId": "blaziken", "gender": "M", "shiny": false, "level": 76, "moves": ["flareblitz", "closecombat", "swordsdance", "knockoff"], "ability": "Speed Boost", "evs": {"hp": 85, "atk": 85, "def": 85, "spa": 85, "spd": 85, "spe": 85}, "ivs": {"hp": 31, "atk": 31, "def": 31, "spa": 31, "spd": 31, "spe": 31}, "item": "Life Orb", "teraType": "Dark", "role": "Setup Sweeper", "bvs": {"hp": 80, "atk": 120, "def": 70, "spa": 110, "spd": 70, "spe": 80}, "stats": {"hp": 247, "atk": 226, "def": 150, "spa": 211, "spd": 150, "spe": 166}}}, {"Vaporeon": {"name": "Vaporeon", "species": "Vaporeon", "speciesId": "vaporeon", "gender": "F", "shiny": false, "level": 86, "moves": ["protect", "wish", "scald", "calmmind"], "ability": "Water Absorb", "evs": {"hp": 85, "atk": 0, "def": 85, "spa": 85, "spd": 85, "spe": 85}, "ivs": {"hp": 31, "atk": 0, "def": 31, "spa": 31, "spd": 31, "spe": 31}, "item": "Leftovers", "teraType": "Ground", "role": "Bulky Setup", "bvs": {"hp": 130, "atk": 65, "def": 60, "spa": 110, "spd": 95, "spe": 65}, "stats": {"hp": 364, "atk": 116, "def": 152, "spa": 238, "spd": 213, "spe": 161}}, "Bombirdier": {"name": "Bombirdier", "species": "Bombirdier", "speciesId": "bombirdier", "gender": "M", "shiny": false, "level": 85, "moves": ["stoneedge", "knockoff", "suckerpunch", "bravebird"], "ability": "Rocky Payload", "evs": {"hp": 85, "atk": 85, "def": 85, "spa": 85, "spd": 85, "spe": 85}, "ivs": {"hp": 31, "atk": 31, "def": 31, "spa": 31, "spd": 31, "spe": 31}, "item": "Choice Band", "teraType": "Rock", "role": "Fast Attacker", "bvs": {"hp": 70, "atk": 103, "def": 85, "spa": 60, "spd": 85, "spe": 82}, "stats": {"hp": 258, "atk": 224, "def": 193, "spa": 151, "spd": 193, "spe": 188}}, "Primarina": {"name": "Primarina", "species": "Primarina", "speciesId": "primarina", "gender": "F", "shiny": false, "level": 83, "moves": ["drainingkiss", "sparklingaria", "calmmind", "psychic"], "ability": "Torrent", "evs": {"hp": 85, "atk": 0, "def": 85, "spa": 85, "spd": 85, "spe": 85}, "ivs": {"hp": 31, "atk": 0, "def": 31, "spa": 31, "spd": 31, "spe": 31}, "item": "Leftovers", "teraType": "Fairy", "role": "Bulky Attacker", "bvs": {"hp": 80, "atk": 74, "def": 74, "spa": 126, "spd": 116, "spe": 60}, "stats": {"hp": 268, "atk": 127, "def": 171, "spa": 257, "spd": 240, "spe": 147}}, "Piloswine": {"name": "Piloswine", "species": "Piloswine", "speciesId": "piloswine", "gender": "M", "shiny": false, "level": 85, "moves": ["earthquake", "iciclecrash", "stealthrock", "iceshard"], "ability": "Thick Fat", "evs": {"hp": 85, "atk": 85, "def": 85, "spa": 85, "spd": 85, "spe": 85}, "ivs": {"hp": 31, "atk": 31, "def": 31, "spa": 31, "spd": 31, "spe": 31}, "item": "Eviolite", "teraType": "Dragon", "role": "Bulky Support", "bvs": {"hp": 100, "atk": 100, "def": 80, "spa": 60, "spd": 60, "spe": 50}, "stats": {"hp": 309, "atk": 219, "def": 185, "spa": 151, "spd": 151, "spe": 134}}, "Mimikyu": {"name": "Mimikyu", "species": "Mimikyu", "speciesId": "mimikyu", "gender": "F", "shiny": false, "level": 79, "moves": ["drainpunch", "shadowsneak", "playrough", "swordsdance"], "ability": "Disguise", "evs": {"hp": 85, "atk": 85, "def": 85, "spa": 85, "spd": 85, "spe": 85}, "ivs": {"hp": 31, "atk": 31, "def": 31, "spa": 31, "spd": 31, "spe": 31}, "item": "Life Orb", "teraType": "Fighting", "role": "Setup Sweeper", "bvs": {"hp": 55, "atk": 90, "def": 80, "spa": 50, "spd": 105, "spe": 96}, "stats": {"hp": 216, "atk": 188, "def": 172, "spa": 125, "spd": 211, "spe": 197}}, "Meganium": {"name": "Meganium", "species": "Meganium", "speciesId": "meganium", "gender": "M", "shiny": false, "level": 90, "moves": ["energyball", "leechseed", "synthesis", "knockoff"], "ability": "Overgrow", "evs": {"hp": 85, "atk": 85, "def": 85, "spa": 85, "spd": 85, "spe": 85}, "ivs": {"hp": 31, "atk": 31, "def": 31, "spa": 31, "spd": 31, "spe": 31}, "item": "Leftovers", "teraType": "Steel", "role": "Bulky Attacker", "bvs": {"hp": 80, "atk": 82, "def": 100, "spa": 83, "spd": 100, "spe": 80}, "stats": {"hp": 290, "atk": 199, "def": 231, "spa": 201, "spd": 231, "spe": 195}}}]}