{"id": "gen9randombattle-2631823516", "format": "[Gen 9] Random Battle", "players": ["revanii", "kapersthekrap"], "log": "|j|\u2606revanii\n|j|\u2606kapersthekrap\n|t:|1781444716\n|gametype|singles\n|player|p1|revanii|169|2109\n|player|p2|kapersthekrap|alder|2189\n|gen|9\n|tier|[Gen 9] Random Battle\n|rated|\n|rule|Species Clause: Limit one of each Pok\u00e9mon\n|rule|HP Percentage Mod: HP is shown in percentages\n|rule|Sleep Clause Mod: Limit one foe put to sleep\n|rule|Illusion Level Mod: Illusion disguises the Pok\u00e9mon's true level\n|\n|t:|1781444716\n|teamsize|p1|6\n|teamsize|p2|6\n|start\n|switch|p1a: Garchomp|Garchomp, L74, M|282/282\n|switch|p2a: Vespiquen|Vespiquen, L99, F|299/299\n|-ability|p2a: Vespiquen|Pressure\n|turn|1\n|inactive|Battle timer is ON: inactive players will automatically lose when time's up. (requested by kapersthekrap)\n|\n|t:|1781444725\n|move|p1a: Garchomp|Stealth Rock|p2a: Vespiquen\n|-sidestart|p2: kapersthekrap|move: Stealth Rock\n|move|p2a: Vespiquen|Hurricane|p1a: Garchomp\n|-damage|p1a: Garchomp|119/282\n|-start|p1a: Garchomp|confusion\n|\n|upkeep\n|turn|2\n|\n|t:|1781444736\n|-activate|p1a: Garchomp|confusion\n|move|p1a: Garchomp|Outrage|p2a: Vespiquen\n|-damage|p2a: Vespiquen|206/299\n|move|p2a: Vespiquen|Toxic Spikes|p1a: Garchomp\n|-sidestart|p1: revanii|move: Toxic Spikes\n|\n|upkeep\n|turn|3\n|\n|t:|1781444745\n|-activate|p1a: Garchomp|confusion\n|move|p1a: Garchomp|Outrage|p2a: Vespiquen|[from] lockedmove\n|-damage|p2a: Vespiquen|118/299\n|move|p2a: Vespiquen|Roost|p2a: Vespiquen\n|-heal|p2a: Vespiquen|268/299\n|-singleturn|p2a: Vespiquen|move: Roost\n|\n|upkeep\n|turn|4\n|\n|t:|1781444749\n|-activate|p1a: Garchomp|confusion\n|move|p1a: Garchomp|Outrage|p2a: Vespiquen|[from] lockedmove\n|-damage|p2a: Vespiquen|172/299\n|move|p2a: Vespiquen|Spikes|p1a: Garchomp\n|-sidestart|p1: revanii|Spikes\n|\n|upkeep\n|turn|5\n|\n|t:|1781444755\n|move|p2a: Vespiquen|Roost|p2a: Vespiquen\n|-heal|p2a: Vespiquen|299/299\n|-singleturn|p2a: Vespiquen|move: Roost\n|-activate|p1a: Garchomp|confusion\n|move|p1a: Garchomp|Dragon Tail|p2a: Vespiquen\n|-damage|p2a: Vespiquen|250/299\n|drag|p2a: Iron Thorns|Iron Thorns, L83|302/302\n|\n|upkeep\n|turn|6\n|\n|t:|1781444765\n|-end|p2a: Iron Thorns|Quark Drive|[silent]\n|switch|p2a: Vespiquen|Vespiquen, L99, F|250/299\n|-ability|p2a: Vespiquen|Pressure\n|-end|p1a: Garchomp|confusion\n|move|p1a: Garchomp|Dragon Tail|p2a: Vespiquen\n|-crit|p2a: Vespiquen\n|-damage|p2a: Vespiquen|178/299\n|drag|p2a: Rayquaza|Rayquaza, L72|270/270\n|-damage|p2a: Rayquaza|203/270|[from] Stealth Rock\n|-ability|p2a: Rayquaza|Air Lock\n|\n|upkeep\n|turn|7\n|\n|t:|1781444774\n|move|p1a: Garchomp|Outrage|p2a: Rayquaza\n|-supereffective|p2a: Rayquaza\n|-damage|p2a: Rayquaza|0 fnt\n|faint|p2a: Rayquaza\n|\n|upkeep\n|\n|t:|1781444790\n|switch|p2a: Vespiquen|Vespiquen, L99, F|178/299\n|-ability|p2a: Vespiquen|Pressure\n|turn|8\n|\n|t:|1781444793\n|move|p1a: Garchomp|Outrage|p2a: Vespiquen|[from] lockedmove\n|-damage|p2a: Vespiquen|82/299\n|move|p2a: Vespiquen|Roost|p2a: Vespiquen\n|-heal|p2a: Vespiquen|232/299\n|-singleturn|p2a: Vespiquen|move: Roost\n|\n|upkeep\n|turn|9\n|\n|t:|1781444796\n|move|p1a: Garchomp|Outrage|p2a: Vespiquen|[from] lockedmove\n|-damage|p2a: Vespiquen|142/299\n|-start|p1a: Garchomp|confusion|[fatigue]\n|move|p2a: Vespiquen|Spikes|p1a: Garchomp\n|-sidestart|p1: revanii|Spikes\n|\n|upkeep\n|turn|10\n|\n|t:|1781444803\n|move|p2a: Vespiquen|Roost|p2a: Vespiquen\n|-heal|p2a: Vespiquen|292/299\n|-singleturn|p2a: Vespiquen|move: Roost\n|-activate|p1a: Garchomp|confusion\n|move|p1a: Garchomp|Dragon Tail|p2a: Vespiquen\n|-damage|p2a: Vespiquen|246/299\n|drag|p2a: Mew|Mew, L82|298/298\n|-damage|p2a: Mew|261/298|[from] Stealth Rock\n|\n|-heal|p2a: Mew|279/298|[from] item: Leftovers\n|upkeep\n|turn|11\n|\n|t:|1781444809\n|move|p2a: Mew|Will-O-Wisp|p1a: Garchomp\n|-status|p1a: Garchomp|brn\n|-activate|p1a: Garchomp|confusion\n|-damage|p1a: Garchomp|86/282 brn|[from] confusion\n|\n|-heal|p2a: Mew|297/298|[from] item: Leftovers\n|-damage|p1a: Garchomp|69/282 brn|[from] brn\n|upkeep\n|turn|12\n|\n|t:|1781444812\n|move|p2a: Mew|Encore|p1a: Garchomp\n|-start|p1a: Garchomp|Encore\n|-activate|p1a: Garchomp|confusion\n|move|p1a: Garchomp|Dragon Tail|p2a: Mew\n|-damage|p2a: Mew|266/298\n|drag|p2a: Tatsugiri|Tatsugiri, L87, F|260/260\n|\n|-damage|p1a: Garchomp|52/282 brn|[from] brn\n|upkeep\n|turn|13\n|\n|t:|1781444818\n|move|p2a: Tatsugiri|Rapid Spin|p1a: Garchomp\n|-damage|p1a: Garchomp|25/282 brn\n|-boost|p2a: Tatsugiri|spe|1\n|-damage|p2a: Tatsugiri|228/260|[from] ability: Rough Skin|[of] p1a: Garchomp\n|-damage|p2a: Tatsugiri|185/260|[from] item: Rocky Helmet|[of] p1a: Garchomp\n|-sideend|p2: kapersthekrap|Stealth Rock|[from] move: Rapid Spin|[of] p2a: Tatsugiri\n|-activate|p1a: Garchomp|confusion\n|move|p1a: Garchomp|Dragon Tail|p2a: Tatsugiri\n|-supereffective|p2a: Tatsugiri\n|-damage|p2a: Tatsugiri|112/260\n|drag|p2a: Mew|Mew, L82|266/298\n|\n|-heal|p2a: Mew|284/298|[from] item: Leftovers\n|-damage|p1a: Garchomp|8/282 brn|[from] brn\n|upkeep\n|turn|14\n|\n|t:|1781444824\n|move|p2a: Mew|Stealth Rock|p1a: Garchomp\n|-sidestart|p1: revanii|move: Stealth Rock\n|-end|p1a: Garchomp|confusion\n|move|p1a: Garchomp|Dragon Tail|p2a: Mew\n|-damage|p2a: Mew|257/298\n|drag|p2a: Iron Thorns|Iron Thorns, L83|302/302\n|\n|-damage|p1a: Garchomp|0 fnt|[from] brn\n|faint|p1a: Garchomp\n|upkeep\n|\n|t:|1781444844\n|switch|p1a: Venomoth|Venomoth, L84, F|255/255\n|-sideend|p1: revanii|move: Toxic Spikes|[of] p1a: Venomoth\n|turn|15\n|\n|t:|1781444850\n|move|p1a: Venomoth|Sleep Powder|p2a: Iron Thorns\n|-status|p2a: Iron Thorns|slp|[from] move: Sleep Powder\n|cant|p2a: Iron Thorns|slp\n|\n|upkeep\n|turn|16\n|\n|t:|1781444858\n|switch|p1a: Delibird|Delibird, M|252/252\n|-end|p2a: Iron Thorns|Quark Drive|[silent]\n|switch|p2a: Mew|Mew, L82|257/298\n|\n|-heal|p2a: Mew|275/298|[from] item: Leftovers\n|upkeep\n|turn|17\n|\n|t:|1781444865\n|move|p2a: Mew|Will-O-Wisp|p1a: Delibird\n|-status|p1a: Delibird|brn\n|move|p1a: Delibird|Rapid Spin|p2a: Mew\n|-damage|p2a: Mew|260/298\n|-boost|p1a: Delibird|spe|1\n|-sideend|p1: revanii|Spikes|[from] move: Rapid Spin|[of] p1a: Delibird\n|-sideend|p1: revanii|Stealth Rock|[from] move: Rapid Spin|[of] p1a: Delibird\n|\n|-heal|p2a: Mew|278/298|[from] item: Leftovers\n|-damage|p1a: Delibird|237/252 brn|[from] brn\n|upkeep\n|turn|18\n|\n|t:|1781444874\n|move|p1a: Delibird|Spikes|p2a: Mew\n|-sidestart|p2: kapersthekrap|Spikes\n|move|p2a: Mew|Psychic Noise|p1a: Delibird\n|-damage|p1a: Delibird|137/252 brn\n|-start|p1a: Delibird|move: Heal Block\n|\n|-heal|p2a: Mew|296/298|[from] item: Leftovers\n|-damage|p1a: Delibird|122/252 brn|[from] brn\n|upkeep\n|turn|19\n|\n|t:|1781444886\n|move|p1a: Delibird|Brave Bird|p2a: Mew\n|-damage|p2a: Mew|238/298\n|-damage|p1a: Delibird|103/252 brn|[from] Recoil\n|move|p2a: Mew|Stealth Rock|p1a: Delibird\n|-sidestart|p1: revanii|move: Stealth Rock\n|\n|-heal|p2a: Mew|256/298|[from] item: Leftovers\n|-damage|p1a: Delibird|88/252 brn|[from] brn\n|-end|p1a: Delibird|move: Heal Block\n|upkeep\n|turn|20\n|\n|t:|1781444892\n|move|p1a: Delibird|Rapid Spin|p2a: Mew\n|-damage|p2a: Mew|240/298\n|-boost|p1a: Delibird|spe|1\n|-sideend|p1: revanii|Stealth Rock|[from] move: Rapid Spin|[of] p1a: Delibird\n|move|p2a: Mew|Encore|p1a: Delibird\n|-start|p1a: Delibird|Encore\n|\n|-heal|p2a: Mew|258/298|[from] item: Leftovers\n|-damage|p1a: Delibird|73/252 brn|[from] brn\n|upkeep\n|turn|21\n|\n|t:|1781444899\n|switch|p1a: Maushold|Maushold-Four, L76|238/238\n|switch|p2a: Tatsugiri|Tatsugiri, L87, F|112/260\n|\n|upkeep\n|turn|22\n|\n|t:|1781444909\n|move|p1a: Maushold|Population Bomb|p2a: Tatsugiri\n|-damage|p2a: Tatsugiri|81/260\n|-damage|p2a: Tatsugiri|51/260\n|-damage|p2a: Tatsugiri|23/260\n|-damage|p2a: Tatsugiri|0 fnt\n|faint|p2a: Tatsugiri\n|-hitcount|p2: Tatsugiri|4\n|\n|upkeep\n|\n|t:|1781444913\n|switch|p2a: Mew|Mew, L82|258/298\n|-damage|p2a: Mew|221/298|[from] Spikes\n|turn|23\n|\n|t:|1781444935\n|switch|p1a: Salazzle|Salazzle, L83, F|249/249\n|-terastallize|p2a: Mew|Steel\n|move|p2a: Mew|Will-O-Wisp|p1a: Salazzle\n|-immune|p1a: Salazzle\n|\n|-heal|p2a: Mew|239/298|[from] item: Leftovers\n|upkeep\n|turn|24\n|\n|t:|1781444947\n|switch|p2a: Vespiquen|Vespiquen, L99, F|246/299\n|-ability|p2a: Vespiquen|Pressure\n|move|p1a: Salazzle|Fire Blast|p2a: Vespiquen|[miss]\n|-miss|p1a: Salazzle|p2a: Vespiquen\n|\n|upkeep\n|turn|25\n|\n|t:|1781444953\n|move|p1a: Salazzle|Nasty Plot|p1a: Salazzle\n|-boost|p1a: Salazzle|spa|2\n|move|p2a: Vespiquen|Hurricane|p1a: Salazzle\n|-damage|p1a: Salazzle|72/249\n|\n|upkeep\n|turn|26\n|\n|t:|1781444959\n|move|p1a: Salazzle|Fire Blast|p2a: Vespiquen|[miss]\n|-miss|p1a: Salazzle|p2a: Vespiquen\n|move|p2a: Vespiquen|Hurricane|p1a: Salazzle\n|-damage|p1a: Salazzle|0 fnt\n|faint|p1a: Salazzle\n|\n|upkeep\n|c|\u2606kapersthekrap|Vespiquen\n|c|\u2606kapersthekrap|the perfect salazzle answer\n|c|\u2606kapersthekrap|no luck needed\n|\n|t:|1781444988\n|switch|p1a: Venomoth|Venomoth, L84, F|255/255\n|turn|27\n|\n|t:|1781444992\n|move|p1a: Venomoth|Quiver Dance|p1a: Venomoth\n|-boost|p1a: Venomoth|spa|1\n|-boost|p1a: Venomoth|spd|1\n|-boost|p1a: Venomoth|spe|1\n|move|p2a: Vespiquen|Hurricane|p1a: Venomoth\n|-supereffective|p1a: Venomoth\n|-damage|p1a: Venomoth|45/255\n|\n|upkeep\n|turn|28\n|\n|t:|1781444998\n|move|p1a: Venomoth|Sludge Wave|p2a: Vespiquen\n|-crit|p2a: Vespiquen\n|-damage|p2a: Vespiquen|71/299\n|move|p2a: Vespiquen|Hurricane|p1a: Venomoth|[miss]\n|-miss|p2a: Vespiquen|p1a: Venomoth\n|\n|upkeep\n|turn|29\n|\n|t:|1781445002\n|move|p1a: Venomoth|Sludge Wave|p2a: Vespiquen\n|-damage|p2a: Vespiquen|0 fnt\n|faint|p2a: Vespiquen\n|\n|upkeep\n|\n|t:|1781445004\n|switch|p2a: Espathra|Espathra, L80, M|283/283\n|-damage|p2a: Espathra|248/283|[from] Spikes\n|turn|30\n|\n|t:|1781445017\n|move|p1a: Venomoth|Bug Buzz|p2a: Espathra\n|-supereffective|p2a: Espathra\n|-damage|p2a: Espathra|0 fnt\n|faint|p2a: Espathra\n|\n|upkeep\n|c|\u2606kapersthekrap|damn\n|c|\u2606kapersthekrap|tried to bluff protect\n|\n|t:|1781445025\n|switch|p2a: Mew|Mew, L82, tera:Steel|239/298\n|-damage|p2a: Mew|202/298|[from] Spikes\n|turn|31\n|\n|t:|1781445029\n|move|p1a: Venomoth|Bug Buzz|p2a: Mew\n|-resisted|p2a: Mew\n|-damage|p2a: Mew|78/298\n|move|p2a: Mew|Psychic Noise|p1a: Venomoth\n|-supereffective|p1a: Venomoth\n|-damage|p1a: Venomoth|0 fnt\n|faint|p1a: Venomoth\n|\n|-heal|p2a: Mew|96/298|[from] item: Leftovers\n|upkeep\n|\n|t:|1781445040\n|switch|p1a: Maushold|Maushold-Four, L76|238/238\n|turn|32\n|\n|t:|1781445047\n|move|p1a: Maushold|Population Bomb|p2a: Mew\n|-resisted|p2a: Mew\n|-damage|p2a: Mew|87/298\n|-resisted|p2a: Mew\n|-damage|p2a: Mew|78/298\n|-resisted|p2a: Mew\n|-damage|p2a: Mew|68/298\n|-resisted|p2a: Mew\n|-damage|p2a: Mew|57/298\n|-resisted|p2a: Mew\n|-damage|p2a: Mew|45/298\n|-resisted|p2a: Mew\n|-damage|p2a: Mew|36/298\n|-resisted|p2a: Mew\n|-damage|p2a: Mew|26/298\n|-resisted|p2a: Mew\n|-damage|p2a: Mew|16/298\n|-resisted|p2a: Mew\n|-damage|p2a: Mew|5/298\n|-resisted|p2a: Mew\n|-damage|p2a: Mew|0 fnt\n|faint|p2a: Mew\n|-hitcount|p2: Mew|10\n|\n|upkeep\n|\n|t:|1781445050\n|switch|p2a: Iron Thorns|Iron Thorns, L83|302/302 slp\n|turn|33\n|\n|t:|1781445054\n|move|p1a: Maushold|Tidy Up|p1a: Maushold\n|-sideend|p2: kapersthekrap|Spikes\n|-activate|p1a: Maushold|move: Tidy Up\n|-boost|p1a: Maushold|atk|1\n|-boost|p1a: Maushold|spe|1\n|cant|p2a: Iron Thorns|slp\n|\n|upkeep\n|turn|34\n|\n|t:|1781445062\n|move|p1a: Maushold|Population Bomb|p2a: Iron Thorns\n|-resisted|p2a: Iron Thorns\n|-damage|p2a: Iron Thorns|289/302 slp\n|-resisted|p2a: Iron Thorns\n|-damage|p2a: Iron Thorns|276/302 slp\n|-resisted|p2a: Iron Thorns\n|-damage|p2a: Iron Thorns|261/302 slp\n|-resisted|p2a: Iron Thorns\n|-damage|p2a: Iron Thorns|247/302 slp\n|-resisted|p2a: Iron Thorns\n|-damage|p2a: Iron Thorns|233/302 slp\n|-resisted|p2a: Iron Thorns\n|-damage|p2a: Iron Thorns|220/302 slp\n|-resisted|p2a: Iron Thorns\n|-damage|p2a: Iron Thorns|205/302 slp\n|-resisted|p2a: Iron Thorns\n|-damage|p2a: Iron Thorns|191/302 slp\n|-resisted|p2a: Iron Thorns\n|-damage|p2a: Iron Thorns|176/302 slp\n|-resisted|p2a: Iron Thorns\n|-damage|p2a: Iron Thorns|161/302 slp\n|-hitcount|p2a: Iron Thorns|10\n|-curestatus|p2a: Iron Thorns|slp|[msg]\n|move|p2a: Iron Thorns|Stone Edge|p1a: Maushold\n|-crit|p1a: Maushold\n|-damage|p1a: Maushold|0 fnt\n|faint|p1a: Maushold\n|\n|upkeep\n|c|\u2606kapersthekrap|nice luck\n|\n|t:|1781445071\n|switch|p1a: Delibird|Delibird, M|73/252 brn\n|turn|35\n|\n|t:|1781445075\n|move|p1a: Delibird|Freeze-Dry|p2a: Iron Thorns\n|-damage|p2a: Iron Thorns|83/302\n|move|p2a: Iron Thorns|Volt Switch|p1a: Delibird\n|-supereffective|p1a: Delibird\n|-damage|p1a: Delibird|0 fnt\n|faint|p1a: Delibird\n|\n|upkeep\n|\n|t:|1781445078\n|switch|p1a: Umbreon|Umbreon, L84, F|297/297\n|turn|36\n|c|\u2606kapersthekrap|gg\n|\n|t:|1781445086\n|move|p2a: Iron Thorns|Stone Edge|p1a: Umbreon\n|-damage|p1a: Umbreon|173/297\n|move|p1a: Umbreon|Foul Play|p2a: Iron Thorns\n|-damage|p2a: Iron Thorns|0 fnt\n|faint|p2a: Iron Thorns\n|-end|p2a: Iron Thorns|Quark Drive|[silent]\n|\n|win|revanii\n", "inputlog": ">version a8376a258c1d4662feba110a92103f3664a72141\n>start {\"formatid\":\"gen9randombattle\",\"seed\":\"sodium,1d135571652dd7afe09fc93df5ba16f6\",\"rated\":\"Rated battle\"}\n>player p1 {\"name\":\"revanii\",\"avatar\":\"169\",\"rating\":2109,\"seed\":\"sodium,49628f917a7a3576c990e69a9a13505f\"}\n>player p2 {\"name\":\"kapersthekrap\",\"avatar\":\"alder\",\"rating\":2189,\"seed\":\"sodium,a13fc6adf12b257c1eacc21217968ea1\"}\n>p1 move stealthrock\n>p2 move hurricane\n>p1 move outrage\n>p2 move toxicspikes\n>p1 move outrage\n>p2 move roost\n>p1 move outrage\n>p2 move spikes\n>p1 move dragontail\n>p2 move roost\n>p1 move dragontail\n>p2 switch 4\n>p1 move outrage\n>p2 move scaleshot\n>p2 switch 5\n>p1 move outrage\n>p2 move roost\n>p1 move outrage\n>p2 move spikes\n>p1 move dragontail\n>p2 move roost\n>p1 move dragontail\n>p2 move willowisp\n>p1 move dragontail\n>p2 move encore\n>p1 move dragontail\n>p2 move rapidspin\n>p1 move dragontail\n>p2 move stealthrock\n>p1 switch 2\n>p1 move sleeppowder\n>p2 move stoneedge\n>p1 switch 4\n>p2 switch 4\n>p1 move rapidspin\n>p2 move willowisp\n>p1 move spikes\n>p2 move psychicnoise\n>p1 move bravebird\n>p2 move stealthrock\n>p1 move rapidspin\n>p2 move encore\n>p1 switch 6\n>p2 switch 6\n>p1 move populationbomb\n>p2 move rapidspin\n>p2 switch 6\n>p1 switch 3\n>p2 move willowisp terastallize\n>p1 move fireblast\n>p2 switch 2\n>p1 move nastyplot\n>p2 move hurricane\n>p1 move fireblast\n>p2 move hurricane\n>chat \u2606kapersthekrap|Vespiquen\n>chat \u2606kapersthekrap|the perfect salazzle answer\n>chat \u2606kapersthekrap|no luck needed\n>p1 switch 4\n>p1 move quiverdance\n>p2 move hurricane\n>p1 move sludgewave\n>p2 move hurricane\n>p1 move sludgewave\n>p2 move hurricane\n>p2 switch 3\n>p1 move bugbuzz\n>p2 move calmmind\n>chat \u2606kapersthekrap|damn\n>chat \u2606kapersthekrap|tried to bluff protect\n>p2 switch 2\n>p1 move bugbuzz\n>p2 move psychicnoise\n>p1 switch 3\n>p1 move populationbomb\n>p2 move willowisp\n>p2 switch 4\n>p1 move tidyup\n>p2 move stoneedge\n>p1 move populationbomb\n>p2 move stoneedge\n>chat \u2606kapersthekrap|nice luck\n>p1 switch 6\n>p1 move freezedry\n>p2 move voltswitch\n>p1 switch 5\n>chat \u2606kapersthekrap|gg\n>p1 move foulplay\n>p2 move stoneedge", "uploadtime": 1781444719, "views": 5, "formatid": "gen9randombattle", "rating": null, "private": 0, "password": null, "player_dets": [{"name": "revanii", "avatar": "169", "rating": 2109, "seed": "sodium,49628f917a7a3576c990e69a9a13505f"}, {"name": "kapersthekrap", "avatar": "alder", "rating": 2189, "seed": "sodium,a13fc6adf12b257c1eacc21217968ea1"}], "teams_full": [{"Garchomp": {"name": "Garchomp", "species": "Garchomp", "speciesId": "garchomp", "gender": "M", "shiny": false, "level": 74, "moves": ["dragontail", "stealthrock", "earthquake", "outrage"], "ability": "Rough Skin", "evs": {"hp": 85, "atk": 85, "def": 85, "spa": 85, "spd": 85, "spe": 85}, "ivs": {"hp": 31, "atk": 31, "def": 31, "spa": 31, "spd": 31, "spe": 31}, "item": "Rocky Helmet", "teraType": "Ground", "role": "Fast Support", "bvs": {"hp": 108, "atk": 130, "def": 95, "spa": 80, "spd": 85, "spe": 102}, "stats": {"hp": 282, "atk": 235, "def": 184, "spa": 161, "spd": 169, "spe": 194}}, "Venomoth": {"name": "Venomoth", "species": "Venomoth", "speciesId": "venomoth", "gender": "F", "shiny": false, "level": 84, "moves": ["quiverdance", "bugbuzz", "sludgewave", "sleeppowder"], "ability": "Tinted Lens", "evs": {"hp": 85, "atk": 0, "def": 85, "spa": 85, "spd": 85, "spe": 85}, "ivs": {"hp": 31, "atk": 0, "def": 31, "spa": 31, "spd": 31, "spe": 31}, "item": "Heavy-Duty Boots", "teraType": "Poison", "role": "Setup Sweeper", "bvs": {"hp": 70, "atk": 65, "def": 60, "spa": 90, "spd": 75, "spe": 90}, "stats": {"hp": 255, "atk": 114, "def": 149, "spa": 199, "spd": 174, "spe": 199}}, "Salazzle": {"name": "Salazzle", "species": "Salazzle", "speciesId": "salazzle", "gender": "F", "shiny": false, "level": 83, "moves": ["terablast", "fireblast", "sludgewave", "nastyplot"], "ability": "Corrosion", "evs": {"hp": 85, "atk": 0, "def": 85, "spa": 85, "spd": 85, "spe": 85}, "ivs": {"hp": 31, "atk": 0, "def": 31, "spa": 31, "spd": 31, "spe": 31}, "item": "Heavy-Duty Boots", "teraType": "Grass", "role": "Tera Blast user", "bvs": {"hp": 68, "atk": 64, "def": 60, "spa": 111, "spd": 60, "spe": 117}, "stats": {"hp": 249, "atk": 111, "def": 147, "spa": 232, "spd": 147, "spe": 242}}, "Delibird": {"name": "Delibird", "species": "Delibird", "speciesId": "delibird", "gender": "M", "shiny": false, "level": 100, "moves": ["spikes", "rapidspin", "freezedry", "bravebird"], "ability": "Insomnia", "evs": {"hp": 85, "atk": 85, "def": 85, "spa": 85, "spd": 85, "spe": 85}, "ivs": {"hp": 31, "atk": 31, "def": 31, "spa": 31, "spd": 31, "spe": 31}, "item": "Heavy-Duty Boots", "teraType": "Ghost", "role": "Fast Support", "bvs": {"hp": 45, "atk": 55, "def": 45, "spa": 65, "spd": 45, "spe": 75}, "stats": {"hp": 252, "atk": 167, "def": 147, "spa": 187, "spd": 147, "spe": 207}}, "Umbreon": {"name": "Umbreon", "species": "Umbreon", "speciesId": "umbreon", "gender": "F", "shiny": false, "level": 84, "moves": ["foulplay", "wish", "toxic", "protect"], "ability": "Synchronize", "evs": {"hp": 85, "atk": 0, "def": 85, "spa": 85, "spd": 85, "spe": 85}, "ivs": {"hp": 31, "atk": 0, "def": 31, "spa": 31, "spd": 31, "spe": 31}, "item": "Leftovers", "teraType": "Poison", "role": "Bulky Support", "bvs": {"hp": 95, "atk": 65, "def": 110, "spa": 60, "spd": 130, "spe": 65}, "stats": {"hp": 297, "atk": 114, "def": 233, "spa": 149, "spd": 267, "spe": 157}}, "Maushold": {"name": "Maushold", "species": "Maushold-Four", "speciesId": "maushold", "gender": "N", "shiny": false, "level": 76, "moves": ["tidyup", "populationbomb", "encore", "bite"], "ability": "Technician", "evs": {"hp": 85, "atk": 85, "def": 85, "spa": 85, "spd": 85, "spe": 85}, "ivs": {"hp": 31, "atk": 31, "def": 31, "spa": 31, "spd": 31, "spe": 31}, "item": "Wide Lens", "teraType": "Ghost", "role": "Setup Sweeper", "bvs": {"hp": 74, "atk": 75, "def": 70, "spa": 65, "spd": 75, "spe": 111}, "stats": {"hp": 238, "atk": 158, "def": 150, "spa": 143, "spd": 158, "spe": 213}}}, {"Vespiquen": {"name": "Vespiquen", "species": "Vespiquen", "speciesId": "vespiquen", "gender": "F", "shiny": false, "level": 99, "moves": ["toxicspikes", "hurricane", "roost", "spikes"], "ability": "Pressure", "evs": {"hp": 85, "atk": 0, "def": 85, "spa": 85, "spd": 85, "spe": 85}, "ivs": {"hp": 31, "atk": 0, "def": 31, "spa": 31, "spd": 31, "spe": 31}, "item": "Heavy-Duty Boots", "teraType": "Steel", "role": "Bulky Support", "bvs": {"hp": 70, "atk": 80, "def": 102, "spa": 80, "spd": 102, "spe": 40}, "stats": {"hp": 299, "atk": 163, "def": 258, "spa": 214, "spd": 258, "spe": 135}}, "Mew": {"name": "Mew", "species": "Mew", "speciesId": "mew", "gender": "N", "shiny": false, "level": 82, "moves": ["psychicnoise", "willowisp", "stealthrock", "encore"], "ability": "Synchronize", "evs": {"hp": 85, "atk": 0, "def": 85, "spa": 85, "spd": 85, "spe": 85}, "ivs": {"hp": 31, "atk": 0, "def": 31, "spa": 31, "spd": 31, "spe": 31}, "item": "Leftovers", "teraType": "Steel", "role": "Bulky Support", "bvs": {"hp": 100, "atk": 100, "def": 100, "spa": 100, "spd": 100, "spe": 100}, "stats": {"hp": 298, "atk": 169, "def": 211, "spa": 211, "spd": 211, "spe": 211}}, "Espathra": {"name": "Espathra", "species": "Espathra", "speciesId": "espathra", "gender": "M", "shiny": false, "level": 80, "moves": ["calmmind", "protect", "dazzlinggleam", "storedpower"], "ability": "Speed Boost", "evs": {"hp": 85, "atk": 0, "def": 85, "spa": 85, "spd": 85, "spe": 85}, "ivs": {"hp": 31, "atk": 0, "def": 31, "spa": 31, "spd": 31, "spe": 31}, "item": "Leftovers", "teraType": "Fairy", "role": "Fast Bulky Setup", "bvs": {"hp": 95, "atk": 60, "def": 60, "spa": 101, "spd": 60, "spe": 105}, "stats": {"hp": 283, "atk": 101, "def": 142, "spa": 208, "spd": 142, "spe": 214}}, "Iron Thorns": {"name": "Iron Thorns", "species": "Iron Thorns", "speciesId": "ironthorns", "gender": "N", "shiny": false, "level": 83, "moves": ["wildcharge", "spikes", "stoneedge", "voltswitch"], "ability": "Quark Drive", "evs": {"hp": 85, "atk": 85, "def": 85, "spa": 85, "spd": 85, "spe": 85}, "ivs": {"hp": 31, "atk": 31, "def": 31, "spa": 31, "spd": 31, "spe": 31}, "item": "Heavy-Duty Boots", "teraType": "Water", "role": "Fast Support", "bvs": {"hp": 100, "atk": 134, "def": 110, "spa": 70, "spd": 84, "spe": 72}, "stats": {"hp": 302, "atk": 270, "def": 230, "spa": 164, "spd": 187, "spe": 167}}, "Rayquaza": {"name": "Rayquaza", "species": "Rayquaza", "speciesId": "rayquaza", "gender": "N", "shiny": false, "level": 72, "moves": ["earthquake", "scaleshot", "swordsdance", "dragonascent"], "ability": "Air Lock", "evs": {"hp": 85, "atk": 85, "def": 85, "spa": 85, "spd": 85, "spe": 85}, "ivs": {"hp": 31, "atk": 31, "def": 31, "spa": 31, "spd": 31, "spe": 31}, "item": "Loaded Dice", "teraType": "Flying", "role": "Fast Bulky Setup", "bvs": {"hp": 105, "atk": 150, "def": 90, "spa": 150, "spd": 90, "spe": 95}, "stats": {"hp": 270, "atk": 258, "def": 172, "spa": 258, "spd": 172, "spe": 179}}, "Tatsugiri": {"name": "Tatsugiri", "species": "Tatsugiri", "speciesId": "tatsugiri", "gender": "F", "shiny": false, "level": 87, "moves": ["dracometeor", "rapidspin", "surf", "nastyplot"], "ability": "Storm Drain", "evs": {"hp": 85, "atk": 85, "def": 85, "spa": 85, "spd": 85, "spe": 85}, "ivs": {"hp": 31, "atk": 31, "def": 31, "spa": 31, "spd": 31, "spe": 31}, "item": "Heavy-Duty Boots", "teraType": "Water", "role": "Fast Support", "bvs": {"hp": 68, "atk": 50, "def": 60, "spa": 120, "spd": 95, "spe": 82}, "stats": {"hp": 260, "atk": 137, "def": 154, "spa": 259, "spd": 215, "spe": 192}}}]}