{"id": "gen9randombattle-2631500392", "format": "[Gen 9] Random Battle", "players": ["PizzaPenguin1208", "MagikarpMax96"], "log": "|j|\u2606PizzaPenguin1208\n|j|\u2606MagikarpMax96\n|t:|1781393005\n|gametype|singles\n|player|p1|PizzaPenguin1208|tuber|\n|player|p2|MagikarpMax96|biker|\n|gen|9\n|tier|[Gen 9] Random Battle\n|rule|Species Clause: Limit one of each Pok\u00e9mon\n|rule|HP Percentage Mod: HP is shown in percentages\n|rule|Sleep Clause Mod: Limit one foe put to sleep\n|rule|Illusion Level Mod: Illusion disguises the Pok\u00e9mon's true level\n|\n|t:|1781393005\n|teamsize|p1|6\n|teamsize|p2|6\n|start\n|switch|p1a: Volbeat|Volbeat, L90, M|263/263\n|switch|p2a: Koraidon|Koraidon, L64|235/235\n|-weather|SunnyDay|[from] ability: Orichalcum Pulse|[of] p2a: Koraidon\n|-activate|p2a: Koraidon|Orichalcum Pulse|[source]\n|turn|1\n|j| Noobieshadow\n|\n|t:|1781393047\n|move|p1a: Volbeat|Thunder Wave|p2a: Koraidon\n|-status|p2a: Koraidon|par\n|move|p2a: Koraidon|Swords Dance|p2a: Koraidon\n|-boost|p2a: Koraidon|atk|2\n|\n|-weather|SunnyDay|[upkeep]\n|upkeep\n|turn|2\n|inactive|Battle timer is ON: inactive players will automatically lose when time's up. (requested by MagikarpMax96)\n|\n|t:|1781393098\n|move|p1a: Volbeat|Lunge|p2a: Koraidon\n|-resisted|p2a: Koraidon\n|-damage|p2a: Koraidon|191/235 par\n|-unboost|p2a: Koraidon|atk|1\n|move|p2a: Koraidon|Flare Blitz|p1a: Volbeat\n|-supereffective|p1a: Volbeat\n|-damage|p1a: Volbeat|0 fnt\n|faint|p1a: Volbeat\n|-damage|p2a: Koraidon|104/235 par|[from] Recoil\n|\n|-weather|SunnyDay|[upkeep]\n|upkeep\n|\n|t:|1781393117\n|switch|p1a: Malamar|Malamar, L82, F|275/275\n|turn|3\n|\n|t:|1781393123\n|move|p1a: Malamar|Psycho Cut|p2a: Koraidon\n|-supereffective|p2a: Koraidon\n|-damage|p2a: Koraidon|0 fnt\n|faint|p2a: Koraidon\n|\n|-weather|SunnyDay|[upkeep]\n|upkeep\n|\n|t:|1781393133\n|switch|p2a: Registeel|Registeel, L81|262/262\n|turn|4\n|\n|t:|1781393139\n|move|p1a: Malamar|Superpower|p2a: Registeel\n|-supereffective|p2a: Registeel\n|-damage|p2a: Registeel|164/262\n|-boost|p1a: Malamar|atk|1\n|-boost|p1a: Malamar|def|1\n|move|p2a: Registeel|Thunder Wave|p1a: Malamar\n|-status|p1a: Malamar|par\n|\n|-weather|SunnyDay|[upkeep]\n|-heal|p2a: Registeel|180/262|[from] item: Leftovers\n|upkeep\n|turn|5\n|\n|t:|1781393163\n|-terastallize|p2a: Registeel|Fighting\n|move|p2a: Registeel|Body Press|p1a: Malamar\n|-damage|p1a: Malamar|200/275 par\n|cant|p1a: Malamar|par\n|\n|-weather|none\n|-heal|p2a: Registeel|196/262|[from] item: Leftovers\n|upkeep\n|turn|6\n|\n|t:|1781393173\n|move|p2a: Registeel|Iron Head|p1a: Malamar\n|-damage|p1a: Malamar|152/275 par\n|cant|p1a: Malamar|flinch\n|\n|-heal|p2a: Registeel|212/262|[from] item: Leftovers\n|upkeep\n|turn|7\n|\n|t:|1781393179\n|move|p2a: Registeel|Iron Head|p1a: Malamar\n|-damage|p1a: Malamar|106/275 par\n|cant|p1a: Malamar|flinch\n|\n|-heal|p2a: Registeel|228/262|[from] item: Leftovers\n|upkeep\n|turn|8\n|\n|t:|1781393185\n|move|p2a: Registeel|Iron Head|p1a: Malamar\n|-damage|p1a: Malamar|58/275 par\n|cant|p1a: Malamar|flinch\n|\n|-heal|p2a: Registeel|244/262|[from] item: Leftovers\n|upkeep\n|turn|9\n|\n|t:|1781393192\n|move|p2a: Registeel|Iron Head|p1a: Malamar\n|-crit|p1a: Malamar\n|-damage|p1a: Malamar|0 fnt\n|faint|p1a: Malamar\n|\n|-heal|p2a: Registeel|260/262|[from] item: Leftovers\n|upkeep\n|\n|t:|1781393203\n|switch|p1a: Bellossom|Bellossom, L84, F|263/263\n|turn|10\n|inactive|PizzaPenguin1208 has 270 seconds left.\n|\n|t:|1781393242\n|move|p1a: Bellossom|Tera Blast|p2a: Registeel\n|-damage|p2a: Registeel|223/262\n|move|p2a: Registeel|Thunder Wave|p1a: Bellossom\n|-status|p1a: Bellossom|par\n|\n|-heal|p2a: Registeel|239/262|[from] item: Leftovers\n|upkeep\n|turn|11\n|inactive|PizzaPenguin1208 has 270 seconds left.\n|\n|t:|1781393250\n|move|p2a: Registeel|Iron Head|p1a: Bellossom\n|-damage|p1a: Bellossom|200/263 par\n|move|p1a: Bellossom|Strength Sap|p2a: Registeel\n|-fail|p2a: Registeel|unboost|[from] ability: Clear Body|[of] p2a: Registeel\n|-heal|p1a: Bellossom|263/263 par\n|\n|-heal|p2a: Registeel|255/262|[from] item: Leftovers\n|upkeep\n|turn|12\n|inactive|PizzaPenguin1208 has 270 seconds left.\n|\n|t:|1781393263\n|move|p2a: Registeel|Iron Head|p1a: Bellossom\n|-damage|p1a: Bellossom|197/263 par\n|move|p1a: Bellossom|Quiver Dance|p1a: Bellossom\n|-boost|p1a: Bellossom|spa|1\n|-boost|p1a: Bellossom|spd|1\n|-boost|p1a: Bellossom|spe|1\n|\n|-heal|p2a: Registeel|262/262|[from] item: Leftovers\n|-heal|p1a: Bellossom|213/263 par|[from] item: Leftovers\n|upkeep\n|turn|13\n|\n|t:|1781393273\n|move|p2a: Registeel|Iron Head|p1a: Bellossom\n|-damage|p1a: Bellossom|150/263 par\n|cant|p1a: Bellossom|par\n|\n|-heal|p1a: Bellossom|166/263 par|[from] item: Leftovers\n|upkeep\n|turn|14\n|\n|t:|1781393279\n|move|p2a: Registeel|Iron Head|p1a: Bellossom\n|-damage|p1a: Bellossom|102/263 par\n|cant|p1a: Bellossom|flinch\n|\n|-heal|p1a: Bellossom|118/263 par|[from] item: Leftovers\n|upkeep\n|turn|15\n|\n|t:|1781393285\n|move|p2a: Registeel|Iron Head|p1a: Bellossom\n|-damage|p1a: Bellossom|60/263 par\n|move|p1a: Bellossom|Giga Drain|p2a: Registeel\n|-damage|p2a: Registeel|189/262\n|-heal|p1a: Bellossom|97/263 par|[from] drain|[of] p2a: Registeel\n|\n|-heal|p2a: Registeel|205/262|[from] item: Leftovers\n|-heal|p1a: Bellossom|113/263 par|[from] item: Leftovers\n|upkeep\n|turn|16\n|\n|t:|1781393293\n|move|p2a: Registeel|Iron Head|p1a: Bellossom\n|-damage|p1a: Bellossom|47/263 par\n|move|p1a: Bellossom|Quiver Dance|p1a: Bellossom\n|-boost|p1a: Bellossom|spa|1\n|-boost|p1a: Bellossom|spd|1\n|-boost|p1a: Bellossom|spe|1\n|\n|-heal|p1a: Bellossom|63/263 par|[from] item: Leftovers\n|-heal|p2a: Registeel|221/262|[from] item: Leftovers\n|upkeep\n|turn|17\n|\n|t:|1781393301\n|cant|p1a: Bellossom|par\n|move|p2a: Registeel|Iron Head|p1a: Bellossom\n|-damage|p1a: Bellossom|3/263 par\n|\n|-heal|p1a: Bellossom|19/263 par|[from] item: Leftovers\n|-heal|p2a: Registeel|237/262|[from] item: Leftovers\n|upkeep\n|turn|18\n|\n|t:|1781393308\n|move|p1a: Bellossom|Giga Drain|p2a: Registeel\n|-damage|p2a: Registeel|132/262\n|-heal|p1a: Bellossom|72/263 par|[from] drain|[of] p2a: Registeel\n|move|p2a: Registeel|Iron Head|p1a: Bellossom\n|-damage|p1a: Bellossom|6/263 par\n|\n|-heal|p1a: Bellossom|22/263 par|[from] item: Leftovers\n|-heal|p2a: Registeel|148/262|[from] item: Leftovers\n|upkeep\n|turn|19\n|\n|t:|1781393316\n|move|p1a: Bellossom|Giga Drain|p2a: Registeel\n|-damage|p2a: Registeel|52/262\n|-heal|p1a: Bellossom|70/263 par|[from] drain|[of] p2a: Registeel\n|move|p2a: Registeel|Iron Head|p1a: Bellossom\n|-damage|p1a: Bellossom|10/263 par\n|\n|-heal|p1a: Bellossom|26/263 par|[from] item: Leftovers\n|-heal|p2a: Registeel|68/262|[from] item: Leftovers\n|upkeep\n|turn|20\n|\n|t:|1781393327\n|move|p1a: Bellossom|Giga Drain|p2a: Registeel\n|-crit|p2a: Registeel\n|-damage|p2a: Registeel|0 fnt\n|-heal|p1a: Bellossom|60/263 par|[from] drain|[of] p2a: Registeel\n|faint|p2a: Registeel\n|\n|-heal|p1a: Bellossom|76/263 par|[from] item: Leftovers\n|upkeep\n|\n|t:|1781393336\n|switch|p2a: Pecharunt|Pecharunt, L77|262/262\n|turn|21\n|\n|t:|1781393350\n|move|p2a: Pecharunt|Malignant Chain|p1a: Bellossom\n|-supereffective|p1a: Bellossom\n|-damage|p1a: Bellossom|0 fnt\n|faint|p1a: Bellossom\n|\n|upkeep\n|\n|t:|1781393360\n|switch|p1a: Cetitan|Cetitan, L82, M|412/412\n|turn|22\n|\n|t:|1781393366\n|move|p2a: Pecharunt|Nasty Plot|p2a: Pecharunt\n|-boost|p2a: Pecharunt|spa|2\n|move|p1a: Cetitan|Earthquake|p2a: Pecharunt\n|-supereffective|p2a: Pecharunt\n|-damage|p2a: Pecharunt|150/262\n|\n|-heal|p2a: Pecharunt|166/262|[from] item: Leftovers\n|upkeep\n|turn|23\n|\n|t:|1781393375\n|move|p2a: Pecharunt|Malignant Chain|p1a: Cetitan\n|-damage|p1a: Cetitan|189/412\n|-status|p1a: Cetitan|tox\n|-start|p1a: Cetitan|confusion|[from] ability: Poison Puppeteer|[of] p2a: Pecharunt\n|-enditem|p1a: Cetitan|Sitrus Berry|[eat]\n|-heal|p1a: Cetitan|292/412 tox|[from] item: Sitrus Berry\n|-activate|p1a: Cetitan|confusion\n|move|p1a: Cetitan|Earthquake|p2a: Pecharunt\n|-supereffective|p2a: Pecharunt\n|-damage|p2a: Pecharunt|64/262\n|\n|-heal|p2a: Pecharunt|80/262|[from] item: Leftovers\n|-damage|p1a: Cetitan|267/412 tox|[from] psn\n|upkeep\n|turn|24\n|\n|t:|1781393390\n|-activate|p1a: Cetitan|confusion\n|move|p1a: Cetitan|Ice Shard|p2a: Pecharunt\n|-damage|p2a: Pecharunt|47/262\n|move|p2a: Pecharunt|Malignant Chain|p1a: Cetitan\n|-damage|p1a: Cetitan|41/412 tox\n|\n|-heal|p2a: Pecharunt|63/262|[from] item: Leftovers\n|-damage|p1a: Cetitan|0 fnt|[from] psn\n|faint|p1a: Cetitan\n|upkeep\n|\n|t:|1781393400\n|switch|p1a: Clodsire|Clodsire, L81, F|343/343\n|turn|25\n|\n|t:|1781393407\n|move|p2a: Pecharunt|Recover|p2a: Pecharunt\n|-heal|p2a: Pecharunt|194/262\n|move|p1a: Clodsire|Earthquake|p2a: Pecharunt\n|-supereffective|p2a: Pecharunt\n|-damage|p2a: Pecharunt|80/262\n|\n|-heal|p2a: Pecharunt|96/262|[from] item: Leftovers\n|upkeep\n|turn|26\n|\n|t:|1781393414\n|move|p2a: Pecharunt|Recover|p2a: Pecharunt\n|-heal|p2a: Pecharunt|227/262\n|move|p1a: Clodsire|Earthquake|p2a: Pecharunt\n|-supereffective|p2a: Pecharunt\n|-damage|p2a: Pecharunt|119/262\n|\n|-heal|p2a: Pecharunt|135/262|[from] item: Leftovers\n|upkeep\n|turn|27\n|\n|t:|1781393421\n|move|p2a: Pecharunt|Recover|p2a: Pecharunt\n|-heal|p2a: Pecharunt|262/262\n|move|p1a: Clodsire|Earthquake|p2a: Pecharunt\n|-supereffective|p2a: Pecharunt\n|-damage|p2a: Pecharunt|154/262\n|\n|-heal|p2a: Pecharunt|170/262|[from] item: Leftovers\n|upkeep\n|turn|28\n|\n|t:|1781393430\n|move|p2a: Pecharunt|Nasty Plot|p2a: Pecharunt\n|-boost|p2a: Pecharunt|spa|2\n|move|p1a: Clodsire|Earthquake|p2a: Pecharunt\n|-supereffective|p2a: Pecharunt\n|-damage|p2a: Pecharunt|48/262\n|\n|-heal|p2a: Pecharunt|64/262|[from] item: Leftovers\n|upkeep\n|turn|29\n|\n|t:|1781393440\n|switch|p2a: Slaking|Slaking, L84, M|389/389\n|move|p1a: Clodsire|Earthquake|p2a: Slaking\n|-damage|p2a: Slaking|322/389\n|\n|upkeep\n|turn|30\n|\n|t:|1781393466\n|move|p2a: Slaking|Earthquake|p1a: Clodsire\n|-supereffective|p1a: Clodsire\n|-damage|p1a: Clodsire|0 fnt\n|faint|p1a: Clodsire\n|\n|upkeep\n|inactive|PizzaPenguin1208 has 270 seconds left.\n|\n|t:|1781393478\n|switch|p1a: Slowking|Slowking, L88, M|310/310\n|turn|31\n|\n|t:|1781393483\n|cant|p2a: Slaking|ability: Truant\n|move|p1a: Slowking|Scald|p2a: Slaking\n|-damage|p2a: Slaking|196/389\n|\n|upkeep\n|turn|32\n|\n|t:|1781393491\n|move|p2a: Slaking|Earthquake|p1a: Slowking\n|-damage|p1a: Slowking|154/310\n|move|p1a: Slowking|Thunder Wave|p2a: Slaking\n|-status|p2a: Slaking|par\n|\n|-heal|p1a: Slowking|173/310|[from] item: Leftovers\n|upkeep\n|turn|33\n|\n|t:|1781393502\n|switch|p2a: Brute Bonnet|Brute Bonnet, L80|309/309\n|move|p1a: Slowking|Slack Off|p1a: Slowking\n|-heal|p1a: Slowking|310/310\n|\n|upkeep\n|turn|34\n|\n|t:|1781393516\n|-terastallize|p1a: Slowking|Dragon\n|move|p2a: Brute Bonnet|Spore|p1a: Slowking\n|-status|p1a: Slowking|slp|[from] move: Spore\n|cant|p1a: Slowking|slp\n|\n|upkeep\n|turn|35\n|\n|t:|1781393524\n|move|p2a: Brute Bonnet|Crunch|p1a: Slowking\n|-damage|p1a: Slowking|219/310 slp\n|-curestatus|p1a: Slowking|slp|[msg]\n|move|p1a: Slowking|Thunder Wave|p2a: Brute Bonnet\n|-status|p2a: Brute Bonnet|par\n|\n|-heal|p1a: Slowking|238/310|[from] item: Leftovers\n|upkeep\n|turn|36\n|\n|t:|1781393535\n|move|p1a: Slowking|Scald|p2a: Brute Bonnet\n|-resisted|p2a: Brute Bonnet\n|-damage|p2a: Brute Bonnet|267/309 par\n|move|p2a: Brute Bonnet|Spore|p1a: Slowking\n|-status|p1a: Slowking|slp|[from] move: Spore\n|\n|-heal|p1a: Slowking|257/310 slp|[from] item: Leftovers\n|-heal|p2a: Brute Bonnet|286/309 par|[from] item: Leftovers\n|upkeep\n|turn|37\n|\n|t:|1781393548\n|cant|p1a: Slowking|slp\n|move|p2a: Brute Bonnet|Crunch|p1a: Slowking\n|-damage|p1a: Slowking|164/310 slp\n|\n|-heal|p1a: Slowking|183/310 slp|[from] item: Leftovers\n|-heal|p2a: Brute Bonnet|305/309 par|[from] item: Leftovers\n|upkeep\n|turn|38\n|\n|t:|1781393555\n|-curestatus|p1a: Slowking|slp|[msg]\n|move|p1a: Slowking|Slack Off|p1a: Slowking\n|-heal|p1a: Slowking|310/310\n|move|p2a: Brute Bonnet|Crunch|p1a: Slowking\n|-damage|p1a: Slowking|213/310\n|\n|-heal|p1a: Slowking|232/310|[from] item: Leftovers\n|-heal|p2a: Brute Bonnet|309/309 par|[from] item: Leftovers\n|upkeep\n|turn|39\n|\n|t:|1781393566\n|move|p1a: Slowking|Scald|p2a: Brute Bonnet\n|-resisted|p2a: Brute Bonnet\n|-damage|p2a: Brute Bonnet|263/309 par\n|cant|p2a: Brute Bonnet|par\n|\n|-heal|p1a: Slowking|251/310|[from] item: Leftovers\n|-heal|p2a: Brute Bonnet|282/309 par|[from] item: Leftovers\n|upkeep\n|turn|40\n|\n|t:|1781393573\n|move|p1a: Slowking|Scald|p2a: Brute Bonnet\n|-resisted|p2a: Brute Bonnet\n|-damage|p2a: Brute Bonnet|236/309 par\n|move|p2a: Brute Bonnet|Spore|p1a: Slowking\n|-status|p1a: Slowking|slp|[from] move: Spore\n|\n|-heal|p1a: Slowking|270/310 slp|[from] item: Leftovers\n|-heal|p2a: Brute Bonnet|255/309 par|[from] item: Leftovers\n|upkeep\n|turn|41\n|\n|t:|1781393585\n|-end|p2a: Brute Bonnet|Protosynthesis|[silent]\n|switch|p2a: Slaking|Slaking, L84, M|196/389 par\n|cant|p1a: Slowking|slp\n|\n|-heal|p1a: Slowking|289/310 slp|[from] item: Leftovers\n|upkeep\n|turn|42\n|\n|t:|1781393593\n|move|p2a: Slaking|Giga Impact|p1a: Slowking\n|-damage|p1a: Slowking|0 fnt\n|-mustrecharge|p2a: Slaking\n|faint|p1a: Slowking\n|\n|win|MagikarpMax96\n|l|\u2606PizzaPenguin1208\n|player|p1|\n", "inputlog": ">version a8376a258c1d4662feba110a92103f3664a72141\n>start {\"formatid\":\"gen9randombattle\",\"seed\":\"sodium,bb55c9eef164c94834a7011d0a4ad687\"}\n>player p1 {\"name\":\"PizzaPenguin1208\",\"avatar\":\"tuber\",\"rating\":0,\"seed\":\"sodium,70214b63f0cb1b3dccf60c2c8ca19709\"}\n>player p2 {\"name\":\"MagikarpMax96\",\"avatar\":\"biker\",\"rating\":0,\"seed\":\"sodium,5e64100f1593ca68e6f1190c1f8dfbf6\"}\n>p1 move thunderwave\n>p2 move swordsdance\n>p1 move lunge\n>p2 move flareblitz\n>p1 switch 5\n>p1 move psychocut\n>p2 move collisioncourse\n>p2 switch 4\n>p1 move superpower\n>p2 move thunderwave\n>p1 move knockoff\n>p2 move bodypress terastallize\n>p1 move psychocut\n>p2 move ironhead\n>p1 move psychocut\n>p2 move ironhead\n>p1 move psychocut\n>p2 move ironhead\n>p1 move psychocut\n>p2 move ironhead\n>p1 switch 2\n>p1 move terablast\n>p2 move thunderwave\n>p1 move strengthsap\n>p2 move ironhead\n>p1 move quiverdance\n>p2 move ironhead\n>p1 move gigadrain\n>p2 move ironhead\n>p1 move gigadrain\n>p2 move ironhead\n>p1 move gigadrain\n>p2 move ironhead\n>p1 move quiverdance\n>p2 move ironhead\n>p1 move gigadrain\n>p2 move ironhead\n>p1 move gigadrain\n>p2 move ironhead\n>p1 move gigadrain\n>p2 move ironhead\n>p1 move gigadrain\n>p2 move bodypress\n>p2 switch 2\n>p1 move gigadrain\n>p2 move malignantchain\n>p1 switch 3\n>p1 move earthquake\n>p2 move nastyplot\n>p1 move earthquake\n>p2 move malignantchain\n>p1 move iceshard\n>p2 move malignantchain\n>p1 switch 6\n>p1 move earthquake\n>p2 move recover\n>p1 move earthquake\n>p2 move recover\n>p1 move earthquake\n>p2 move recover\n>p1 move earthquake\n>p2 move nastyplot\n>p1 move earthquake\n>p2 switch 6\n>p1 move gunkshot\n>p2 move earthquake\n>p1 switch 4\n>p1 move scald\n>p2 move earthquake\n>p1 move thunderwave\n>p2 move earthquake\n>p1 move slackoff\n>p2 switch 5\n>p1 move thunderwave terastallize\n>p2 move spore\n>p1 move thunderwave\n>p2 move crunch\n>p1 move scald\n>p2 move spore\n>p1 move scald\n>p2 move crunch\n>p1 move slackoff\n>p2 move crunch\n>p1 move scald\n>p2 move spore\n>p1 move scald\n>p2 move spore\n>p1 move slackoff\n>p2 switch 5\n>p1 move slackoff\n>p2 move gigaimpact", "uploadtime": 1781393601, "views": 4, "formatid": "gen9randombattle", "rating": null, "private": 0, "password": null, "player_dets": [{"name": "PizzaPenguin1208", "avatar": "tuber", "rating": 0, "seed": "sodium,70214b63f0cb1b3dccf60c2c8ca19709"}, {"name": "MagikarpMax96", "avatar": "biker", "rating": 0, "seed": "sodium,5e64100f1593ca68e6f1190c1f8dfbf6"}], "teams_full": [{"Volbeat": {"name": "Volbeat", "species": "Volbeat", "speciesId": "volbeat", "gender": "M", "shiny": false, "level": 90, "moves": ["thunderwave", "encore", "roost", "lunge"], "ability": "Prankster", "evs": {"hp": 85, "atk": 85, "def": 85, "spa": 85, "spd": 85, "spe": 85}, "ivs": {"hp": 31, "atk": 31, "def": 31, "spa": 31, "spd": 31, "spe": 31}, "item": "Heavy-Duty Boots", "teraType": "Steel", "role": "Bulky Attacker", "bvs": {"hp": 65, "atk": 73, "def": 75, "spa": 47, "spd": 85, "spe": 85}, "stats": {"hp": 263, "atk": 183, "def": 186, "spa": 136, "spd": 204, "spe": 204}}, "Bellossom": {"name": "Bellossom", "species": "Bellossom", "speciesId": "bellossom", "gender": "F", "shiny": false, "level": 84, "moves": ["gigadrain", "terablast", "quiverdance", "strengthsap"], "ability": "Chlorophyll", "evs": {"hp": 85, "atk": 0, "def": 85, "spa": 85, "spd": 85, "spe": 85}, "ivs": {"hp": 31, "atk": 0, "def": 31, "spa": 31, "spd": 31, "spe": 31}, "item": "Leftovers", "teraType": "Rock", "role": "Tera Blast user", "bvs": {"hp": 75, "atk": 80, "def": 95, "spa": 90, "spd": 100, "spe": 50}, "stats": {"hp": 263, "atk": 139, "def": 208, "spa": 199, "spd": 216, "spe": 132}}, "Cetitan": {"name": "Cetitan", "species": "Cetitan", "speciesId": "cetitan", "gender": "M", "shiny": false, "level": 82, "moves": ["earthquake", "icespinner", "bellydrum", "iceshard"], "ability": "Thick Fat", "evs": {"hp": 81, "atk": 85, "def": 85, "spa": 85, "spd": 85, "spe": 85}, "ivs": {"hp": 31, "atk": 31, "def": 31, "spa": 31, "spd": 31, "spe": 31}, "item": "Sitrus Berry", "teraType": "Ice", "role": "Bulky Setup", "bvs": {"hp": 170, "atk": 113, "def": 65, "spa": 45, "spd": 55, "spe": 73}, "stats": {"hp": 412, "atk": 232, "def": 154, "spa": 121, "spd": 137, "spe": 167}}, "Slowking": {"name": "Slowking", "species": "Slowking", "speciesId": "slowking", "gender": "M", "shiny": false, "level": 88, "moves": ["psyshock", "thunderwave", "slackoff", "scald"], "ability": "Regenerator", "evs": {"hp": 85, "atk": 0, "def": 85, "spa": 85, "spd": 85, "spe": 85}, "ivs": {"hp": 31, "atk": 0, "def": 31, "spa": 31, "spd": 31, "spe": 31}, "item": "Leftovers", "teraType": "Dragon", "role": "Bulky Attacker", "bvs": {"hp": 95, "atk": 75, "def": 80, "spa": 100, "spd": 110, "spe": 30}, "stats": {"hp": 310, "atk": 137, "def": 191, "spa": 226, "spd": 244, "spe": 103}}, "Malamar": {"name": "Malamar", "species": "Malamar", "speciesId": "malamar", "gender": "F", "shiny": false, "level": 82, "moves": ["rest", "knockoff", "superpower", "psychocut"], "ability": "Contrary", "evs": {"hp": 85, "atk": 85, "def": 85, "spa": 85, "spd": 85, "spe": 85}, "ivs": {"hp": 31, "atk": 31, "def": 31, "spa": 31, "spd": 31, "spe": 31}, "item": "Chesto Berry", "teraType": "Steel", "role": "Fast Bulky Setup", "bvs": {"hp": 86, "atk": 92, "def": 88, "spa": 68, "spd": 75, "spe": 73}, "stats": {"hp": 275, "atk": 198, "def": 191, "spa": 159, "spd": 170, "spe": 167}}, "Clodsire": {"name": "Clodsire", "species": "Clodsire", "speciesId": "clodsire", "gender": "F", "shiny": false, "level": 81, "moves": ["gunkshot", "curse", "recover", "earthquake"], "ability": "Water Absorb", "evs": {"hp": 85, "atk": 85, "def": 85, "spa": 85, "spd": 85, "spe": 85}, "ivs": {"hp": 31, "atk": 31, "def": 31, "spa": 31, "spd": 31, "spe": 31}, "item": "Leftovers", "teraType": "Steel", "role": "Bulky Attacker", "bvs": {"hp": 130, "atk": 75, "def": 60, "spa": 45, "spd": 100, "spe": 20}, "stats": {"hp": 343, "atk": 168, "def": 144, "spa": 120, "spd": 209, "spe": 79}}}, {"Koraidon": {"name": "Koraidon", "species": "Koraidon", "speciesId": "koraidon", "gender": "N", "shiny": false, "level": 64, "moves": ["collisioncourse", "swordsdance", "scaleshot", "flareblitz"], "ability": "Orichalcum Pulse", "evs": {"hp": 85, "atk": 85, "def": 85, "spa": 85, "spd": 85, "spe": 85}, "ivs": {"hp": 31, "atk": 31, "def": 31, "spa": 31, "spd": 31, "spe": 31}, "item": "Loaded Dice", "teraType": "Fire", "role": "Setup Sweeper", "bvs": {"hp": 100, "atk": 135, "def": 115, "spa": 85, "spd": 100, "spe": 135}, "stats": {"hp": 235, "atk": 211, "def": 185, "spa": 147, "spd": 166, "spe": 211}}, "Pecharunt": {"name": "Pecharunt", "species": "Pecharunt", "speciesId": "pecharunt", "gender": "N", "shiny": false, "level": 77, "moves": ["shadowball", "malignantchain", "recover", "nastyplot"], "ability": "Poison Puppeteer", "evs": {"hp": 85, "atk": 0, "def": 85, "spa": 85, "spd": 85, "spe": 85}, "ivs": {"hp": 31, "atk": 0, "def": 31, "spa": 31, "spd": 31, "spe": 31}, "item": "Leftovers", "teraType": "Dark", "role": "Bulky Attacker", "bvs": {"hp": 88, "atk": 88, "def": 160, "spa": 88, "spd": 88, "spe": 88}, "stats": {"hp": 262, "atk": 140, "def": 291, "spa": 180, "spd": 180, "spe": 180}}, "Leavanny": {"name": "Leavanny", "species": "Leavanny", "speciesId": "leavanny", "gender": "M", "shiny": false, "level": 86, "moves": ["tripleaxel", "bulletseed", "stickyweb", "knockoff"], "ability": "Chlorophyll", "evs": {"hp": 85, "atk": 85, "def": 85, "spa": 85, "spd": 85, "spe": 85}, "ivs": {"hp": 31, "atk": 31, "def": 31, "spa": 31, "spd": 31, "spe": 31}, "item": "Loaded Dice", "teraType": "Rock", "role": "Fast Attacker", "bvs": {"hp": 75, "atk": 103, "def": 80, "spa": 70, "spd": 80, "spe": 92}, "stats": {"hp": 269, "atk": 226, "def": 187, "spa": 170, "spd": 187, "spe": 207}}, "Registeel": {"name": "Registeel", "species": "Registeel", "speciesId": "registeel", "gender": "N", "shiny": false, "level": 81, "moves": ["stealthrock", "thunderwave", "ironhead", "bodypress"], "ability": "Clear Body", "evs": {"hp": 85, "atk": 85, "def": 85, "spa": 85, "spd": 85, "spe": 85}, "ivs": {"hp": 31, "atk": 31, "def": 31, "spa": 31, "spd": 31, "spe": 31}, "item": "Leftovers", "teraType": "Fighting", "role": "Bulky Support", "bvs": {"hp": 80, "atk": 75, "def": 150, "spa": 75, "spd": 150, "spe": 50}, "stats": {"hp": 262, "atk": 168, "def": 290, "spa": 168, "spd": 290, "spe": 128}}, "Brute Bonnet": {"name": "Brute Bonnet", "species": "Brute Bonnet", "speciesId": "brutebonnet", "gender": "N", "shiny": false, "level": 80, "moves": ["crunch", "seedbomb", "spore", "suckerpunch"], "ability": "Protosynthesis", "evs": {"hp": 85, "atk": 85, "def": 85, "spa": 85, "spd": 85, "spe": 85}, "ivs": {"hp": 31, "atk": 31, "def": 31, "spa": 31, "spd": 31, "spe": 31}, "item": "Leftovers", "teraType": "Poison", "role": "Bulky Support", "bvs": {"hp": 111, "atk": 127, "def": 99, "spa": 79, "spd": 99, "spe": 55}, "stats": {"hp": 309, "atk": 249, "def": 205, "spa": 173, "spd": 205, "spe": 134}}, "Slaking": {"name": "Slaking", "species": "Slaking", "speciesId": "slaking", "gender": "M", "shiny": false, "level": 84, "moves": ["gigaimpact", "doubleedge", "knockoff", "earthquake"], "ability": "Truant", "evs": {"hp": 85, "atk": 85, "def": 85, "spa": 85, "spd": 85, "spe": 85}, "ivs": {"hp": 31, "atk": 31, "def": 31, "spa": 31, "spd": 31, "spe": 31}, "item": "Choice Band", "teraType": "Ground", "role": "Wallbreaker", "bvs": {"hp": 150, "atk": 160, "def": 100, "spa": 95, "spd": 65, "spe": 100}, "stats": {"hp": 389, "atk": 317, "def": 216, "spa": 208, "spd": 157, "spe": 216}}}]}