{"id": "gen9randombattle-2631607766", "format": "[Gen 9] Random Battle", "players": ["Mango75577", "Luciano0707"], "log": "|j|\u2606Mango75577\n|j|\u2606Luciano0707\n|t:|1781408078\n|gametype|singles\n|player|p1|Mango75577|dawn|1000\n|player|p2|Luciano0707|2|1000\n|gen|9\n|tier|[Gen 9] Random Battle\n|rated|\n|rule|Species Clause: Limit one of each Pok\u00e9mon\n|rule|HP Percentage Mod: HP is shown in percentages\n|rule|Sleep Clause Mod: Limit one foe put to sleep\n|rule|Illusion Level Mod: Illusion disguises the Pok\u00e9mon's true level\n|\n|t:|1781408078\n|teamsize|p1|6\n|teamsize|p2|6\n|start\n|switch|p1a: Gastrodon|Gastrodon-East, L86, M|331/331\n|switch|p2a: Oranguru|Oranguru, L92, M|315/315\n|turn|1\n|-message|Mango75577 forfeited.\n|\n|win|Luciano0707\n|raw|Mango75577's rating: 1000 &rarr; <strong>1000</strong><br />(+0 for losing)\n|raw|Luciano0707's rating: 1000 &rarr; <strong>1040</strong><br />(+40 for winning)\n|l|\u2606Mango75577\n|player|p1|\n", "inputlog": ">version a8376a258c1d4662feba110a92103f3664a72141\n>start {\"formatid\":\"gen9randombattle\",\"seed\":\"sodium,ac1ce87dba5840c853ee182bc4fa6550\",\"rated\":\"Rated battle\"}\n>player p1 {\"name\":\"Mango75577\",\"avatar\":\"dawn\",\"rating\":1000,\"seed\":\"sodium,da775e357e24075bf2047974e9eecaf4\"}\n>player p2 {\"name\":\"Luciano0707\",\"avatar\":\"2\",\"rating\":1000,\"seed\":\"sodium,02b970d3080b4f261e919ff9d16f463c\"}\n>forcelose p1", "uploadtime": 1781408090, "views": 4, "formatid": "gen9randombattle", "rating": 1000, "private": 0, "password": null}