{"id": "gen9randombattle-2631625517", "format": "[Gen 9] Random Battle", "players": ["randomperson43", "Atom_14"], "log": "|j|\u2606randomperson43\n|j|\u2606Atom_14\n|t:|1781410819\n|gametype|singles\n|player|p1|randomperson43|2|1918\n|player|p2|Atom_14|cyrus|1904\n|gen|9\n|tier|[Gen 9] Random Battle\n|rated|\n|rule|Species Clause: Limit one of each Pok\u00e9mon\n|rule|HP Percentage Mod: HP is shown in percentages\n|rule|Sleep Clause Mod: Limit one foe put to sleep\n|rule|Illusion Level Mod: Illusion disguises the Pok\u00e9mon's true level\n|\n|t:|1781410819\n|teamsize|p1|6\n|teamsize|p2|6\n|start\n|switch|p1a: Sneasler|Sneasler, L74, F|240/240\n|switch|p2a: Luxray|Luxray, L88, M|283/283\n|turn|1\n|inactive|Battle timer is ON: inactive players will automatically lose when time's up. (requested by Atom_14)\n|\n|t:|1781410839\n|move|p1a: Sneasler|U-turn|p2a: Luxray\n|-damage|p2a: Luxray|208/283\n|\n|t:|1781410844\n|switch|p1a: Lurantis|Lurantis, L87, M|264/264|[from] U-turn\n|move|p2a: Luxray|Trailblaze|p1a: Lurantis\n|-resisted|p1a: Lurantis\n|-damage|p1a: Lurantis|243/264\n|-boost|p2a: Luxray|spe|1\n|\n|-heal|p1a: Lurantis|259/264|[from] item: Leftovers\n|-status|p2a: Luxray|brn|[from] item: Flame Orb\n|upkeep\n|turn|2\n|\n|t:|1781410853\n|move|p2a: Luxray|Facade|p1a: Lurantis\n|-damage|p1a: Lurantis|77/264\n|move|p1a: Lurantis|Superpower|p2a: Luxray\n|-damage|p2a: Luxray|100/283 brn\n|-boost|p1a: Lurantis|atk|1\n|-boost|p1a: Lurantis|def|1\n|\n|-heal|p1a: Lurantis|93/264|[from] item: Leftovers\n|-damage|p2a: Luxray|83/283 brn|[from] brn\n|upkeep\n|turn|3\n|\n|t:|1781410862\n|move|p2a: Luxray|Facade|p1a: Lurantis\n|-damage|p1a: Lurantis|0 fnt\n|faint|p1a: Lurantis\n|\n|-damage|p2a: Luxray|66/283 brn|[from] brn\n|upkeep\n|\n|t:|1781410864\n|switch|p1a: Garganacl|Garganacl, L80, F|291/291\n|turn|4\n|\n|t:|1781410893\n|switch|p2a: Passimian|Passimian, L83, M|302/302\n|move|p1a: Garganacl|Salt Cure|p2a: Passimian\n|-resisted|p2a: Passimian\n|-damage|p2a: Passimian|282/302\n|-start|p2a: Passimian|Salt Cure\n|\n|-damage|p2a: Passimian|245/302|[from] Salt Cure\n|upkeep\n|turn|5\n|\n|t:|1781410907\n|switch|p2a: Dunsparce|Dunsparce, L86, M|312/312\n|move|p1a: Garganacl|Protect||[still]\n|-fail|p1a: Garganacl\n|\n|upkeep\n|turn|6\n|\n|t:|1781410919\n|move|p2a: Dunsparce|Coil|p2a: Dunsparce\n|-boost|p2a: Dunsparce|atk|1\n|-boost|p2a: Dunsparce|def|1\n|-boost|p2a: Dunsparce|accuracy|1\n|move|p1a: Garganacl|Salt Cure|p2a: Dunsparce\n|-damage|p2a: Dunsparce|290/312\n|-start|p2a: Dunsparce|Salt Cure\n|\n|-damage|p2a: Dunsparce|251/312|[from] Salt Cure\n|upkeep\n|turn|7\n|\n|t:|1781410932\n|move|p2a: Dunsparce|Earthquake|p1a: Garganacl\n|-supereffective|p1a: Garganacl\n|-damage|p1a: Garganacl|151/291\n|move|p1a: Garganacl|Body Press|p2a: Dunsparce\n|-supereffective|p2a: Dunsparce\n|-damage|p2a: Dunsparce|183/312\n|\n|-heal|p1a: Garganacl|169/291|[from] item: Leftovers\n|-damage|p2a: Dunsparce|144/312|[from] Salt Cure\n|upkeep\n|turn|8\n|\n|t:|1781410937\n|move|p2a: Dunsparce|Roost|p2a: Dunsparce\n|-heal|p2a: Dunsparce|300/312\n|-singleturn|p2a: Dunsparce|move: Roost\n|move|p1a: Garganacl|Recover|p1a: Garganacl\n|-heal|p1a: Garganacl|291/291\n|\n|-damage|p2a: Dunsparce|261/312|[from] Salt Cure\n|upkeep\n|turn|9\n|\n|t:|1781410942\n|move|p2a: Dunsparce|Coil|p2a: Dunsparce\n|-boost|p2a: Dunsparce|atk|1\n|-boost|p2a: Dunsparce|def|1\n|-boost|p2a: Dunsparce|accuracy|1\n|move|p1a: Garganacl|Body Press|p2a: Dunsparce\n|-supereffective|p2a: Dunsparce\n|-damage|p2a: Dunsparce|209/312\n|\n|-damage|p2a: Dunsparce|170/312|[from] Salt Cure\n|upkeep\n|turn|10\n|\n|t:|1781410945\n|switch|p1a: Yanmega|Yanmega, L82, M|275/275\n|move|p2a: Dunsparce|Roost|p2a: Dunsparce\n|-heal|p2a: Dunsparce|312/312\n|-singleturn|p2a: Dunsparce|move: Roost\n|\n|-damage|p2a: Dunsparce|273/312|[from] Salt Cure\n|upkeep\n|turn|11\n|\n|t:|1781410952\n|move|p1a: Yanmega|Air Slash|p2a: Dunsparce\n|-damage|p2a: Dunsparce|164/312\n|move|p2a: Dunsparce|Body Slam|p1a: Yanmega\n|-damage|p1a: Yanmega|118/275\n|-status|p1a: Yanmega|par\n|\n|-damage|p2a: Dunsparce|125/312|[from] Salt Cure\n|upkeep\n|turn|12\n|\n|t:|1781410961\n|move|p2a: Dunsparce|Roost|p2a: Dunsparce\n|-heal|p2a: Dunsparce|281/312\n|-singleturn|p2a: Dunsparce|move: Roost\n|move|p1a: Yanmega|Air Slash|p2a: Dunsparce\n|-damage|p2a: Dunsparce|182/312\n|\n|-damage|p2a: Dunsparce|143/312|[from] Salt Cure\n|upkeep\n|turn|13\n|\n|t:|1781410967\n|move|p2a: Dunsparce|Roost|p2a: Dunsparce\n|-heal|p2a: Dunsparce|299/312\n|-singleturn|p2a: Dunsparce|move: Roost\n|cant|p1a: Yanmega|par\n|\n|-damage|p2a: Dunsparce|260/312|[from] Salt Cure\n|upkeep\n|turn|14\n|-message|randomperson43 forfeited.\n|\n|win|Atom_14\n", "inputlog": ">version a8376a258c1d4662feba110a92103f3664a72141\n>start {\"formatid\":\"gen9randombattle\",\"seed\":\"sodium,fec1489d0b745e3cb95982591be5f498\",\"rated\":\"Rated battle\"}\n>player p1 {\"name\":\"randomperson43\",\"avatar\":\"2\",\"rating\":1918,\"seed\":\"sodium,9486598d08031c2460c728eb2380214c\"}\n>player p2 {\"name\":\"Atom_14\",\"avatar\":\"cyrus\",\"rating\":1904,\"seed\":\"sodium,72c55b74cbee3d8a3bf440750de7058f\"}\n>p1 move uturn\n>p2 move trailblaze\n>p1 switch 3\n>p1 move superpower\n>p2 move facade\n>p1 move synthesis\n>p2 move facade\n>p1 switch 6\n>p1 move saltcure\n>p2 switch 5\n>p1 move protect\n>p2 switch 3\n>p1 move saltcure\n>p2 move coil\n>p1 move bodypress\n>p2 move earthquake\n>p1 move recover\n>p2 move roost\n>p1 move bodypress\n>p2 move coil\n>p1 switch 5\n>p2 move roost\n>p1 move airslash\n>p2 move bodyslam\n>p1 move airslash\n>p2 move roost\n>p1 move airslash\n>p2 move roost\n>forcelose p1", "uploadtime": 1781410821, "views": 4, "formatid": "gen9randombattle", "rating": null, "private": 0, "password": null, "player_dets": [{"name": "randomperson43", "avatar": "2", "rating": 1918, "seed": "sodium,9486598d08031c2460c728eb2380214c"}, {"name": "Atom_14", "avatar": "cyrus", "rating": 1904, "seed": "sodium,72c55b74cbee3d8a3bf440750de7058f"}], "teams_full": [{"Sneasler": {"name": "Sneasler", "species": "Sneasler", "speciesId": "sneasler", "gender": "F", "shiny": false, "level": 74, "moves": ["direclaw", "uturn", "throatchop", "closecombat"], "ability": "Poison Touch", "evs": {"hp": 85, "atk": 85, "def": 85, "spa": 85, "spd": 85, "spe": 85}, "ivs": {"hp": 31, "atk": 31, "def": 31, "spa": 31, "spd": 31, "spe": 31}, "item": "Choice Band", "teraType": "Dark", "role": "Fast Attacker", "bvs": {"hp": 80, "atk": 130, "def": 60, "spa": 40, "spd": 80, "spe": 120}, "stats": {"hp": 240, "atk": 235, "def": 132, "spa": 102, "spd": 161, "spe": 221}}, "Kingambit": {"name": "Kingambit", "species": "Kingambit", "speciesId": "kingambit", "gender": "M", "shiny": false, "level": 74, "moves": ["ironhead", "kowtowcleave", "suckerpunch", "swordsdance"], "ability": "Supreme Overlord", "evs": {"hp": 85, "atk": 85, "def": 85, "spa": 85, "spd": 85, "spe": 85}, "ivs": {"hp": 31, "atk": 31, "def": 31, "spa": 31, "spd": 31, "spe": 31}, "item": "Leftovers", "teraType": "Flying", "role": "Bulky Attacker", "bvs": {"hp": 100, "atk": 135, "def": 120, "spa": 60, "spd": 85, "spe": 50}, "stats": {"hp": 270, "atk": 243, "def": 221, "spa": 132, "spd": 169, "spe": 117}}, "Lurantis": {"name": "Lurantis", "species": "Lurantis", "speciesId": "lurantis", "gender": "M", "shiny": false, "level": 87, "moves": ["leafstorm", "superpower", "defog", "synthesis"], "ability": "Contrary", "evs": {"hp": 85, "atk": 85, "def": 85, "spa": 85, "spd": 85, "spe": 85}, "ivs": {"hp": 31, "atk": 31, "def": 31, "spa": 31, "spd": 31, "spe": 31}, "item": "Leftovers", "teraType": "Fighting", "role": "Bulky Attacker", "bvs": {"hp": 70, "atk": 105, "def": 90, "spa": 80, "spd": 90, "spe": 45}, "stats": {"hp": 264, "atk": 232, "def": 206, "spa": 189, "spd": 206, "spe": 128}}, "Chansey": {"name": "Chansey", "species": "Chansey", "speciesId": "chansey", "gender": "F", "shiny": false, "level": 85, "moves": ["thunderwave", "stealthrock", "seismictoss", "softboiled"], "ability": "Natural Cure", "evs": {"hp": 85, "atk": 0, "def": 85, "spa": 85, "spd": 85, "spe": 85}, "ivs": {"hp": 31, "atk": 0, "def": 31, "spa": 31, "spd": 31, "spe": 31}, "item": "Eviolite", "teraType": "Dark", "role": "Bulky Support", "bvs": {"hp": 250, "atk": 5, "def": 5, "spa": 35, "spd": 105, "spe": 50}, "stats": {"hp": 564, "atk": 13, "def": 57, "spa": 108, "spd": 227, "spe": 134}}, "Yanmega": {"name": "Yanmega", "species": "Yanmega", "speciesId": "yanmega", "gender": "M", "shiny": false, "level": 82, "moves": ["airslash", "gigadrain", "uturn", "bugbuzz"], "ability": "Tinted Lens", "evs": {"hp": 85, "atk": 85, "def": 85, "spa": 85, "spd": 85, "spe": 85}, "ivs": {"hp": 31, "atk": 31, "def": 31, "spa": 31, "spd": 31, "spe": 31}, "item": "Choice Specs", "teraType": "Bug", "role": "Wallbreaker", "bvs": {"hp": 86, "atk": 76, "def": 86, "spa": 116, "spd": 56, "spe": 95}, "stats": {"hp": 275, "atk": 172, "def": 188, "spa": 237, "spd": 139, "spe": 203}}, "Garganacl": {"name": "Garganacl", "species": "Garganacl", "speciesId": "garganacl", "gender": "F", "shiny": false, "level": 80, "moves": ["recover", "saltcure", "protect", "bodypress"], "ability": "Purifying Salt", "evs": {"hp": 85, "atk": 85, "def": 85, "spa": 85, "spd": 85, "spe": 85}, "ivs": {"hp": 31, "atk": 31, "def": 31, "spa": 31, "spd": 31, "spe": 31}, "item": "Leftovers", "teraType": "Ghost", "role": "Bulky Support", "bvs": {"hp": 100, "atk": 100, "def": 130, "spa": 45, "spd": 90, "spe": 35}, "stats": {"hp": 291, "atk": 206, "def": 254, "spa": 118, "spd": 190, "spe": 102}}}, {"Luxray": {"name": "Luxray", "species": "Luxray", "speciesId": "luxray", "gender": "M", "shiny": false, "level": 88, "moves": ["trailblaze", "facade", "supercellslam", "playrough"], "ability": "Guts", "evs": {"hp": 81, "atk": 85, "def": 85, "spa": 85, "spd": 85, "spe": 85}, "ivs": {"hp": 31, "atk": 31, "def": 31, "spa": 31, "spd": 31, "spe": 31}, "item": "Flame Orb", "teraType": "Normal", "role": "Setup Sweeper", "bvs": {"hp": 80, "atk": 120, "def": 79, "spa": 95, "spd": 79, "spe": 70}, "stats": {"hp": 283, "atk": 261, "def": 189, "spa": 217, "spd": 189, "spe": 173}}, "Ninetales": {"name": "Ninetales", "species": "Ninetales-Alola", "speciesId": "ninetalesalola", "gender": "F", "shiny": false, "level": 78, "moves": ["auroraveil", "blizzard", "moonblast", "nastyplot"], "ability": "Snow Warning", "evs": {"hp": 85, "atk": 0, "def": 85, "spa": 85, "spd": 85, "spe": 85}, "ivs": {"hp": 31, "atk": 0, "def": 31, "spa": 31, "spd": 31, "spe": 31}, "item": "Light Clay", "teraType": "Steel", "role": "Fast Support", "bvs": {"hp": 73, "atk": 67, "def": 75, "spa": 81, "spd": 100, "spe": 109}, "stats": {"hp": 242, "atk": 109, "def": 162, "spa": 171, "spd": 201, "spe": 215}}, "Dunsparce": {"name": "Dunsparce", "species": "Dunsparce", "speciesId": "dunsparce", "gender": "M", "shiny": false, "level": 86, "moves": ["coil", "earthquake", "bodyslam", "roost"], "ability": "Serene Grace", "evs": {"hp": 85, "atk": 85, "def": 85, "spa": 85, "spd": 85, "spe": 85}, "ivs": {"hp": 31, "atk": 31, "def": 31, "spa": 31, "spd": 31, "spe": 31}, "item": "Eviolite", "teraType": "Ground", "role": "Bulky Setup", "bvs": {"hp": 100, "atk": 70, "def": 70, "spa": 65, "spd": 65, "spe": 45}, "stats": {"hp": 312, "atk": 170, "def": 170, "spa": 161, "spd": 161, "spe": 127}}, "Weavile": {"name": "Weavile", "species": "Weavile", "speciesId": "weavile", "gender": "F", "shiny": false, "level": 79, "moves": ["lowkick", "tripleaxel", "swordsdance", "knockoff"], "ability": "Pickpocket", "evs": {"hp": 85, "atk": 85, "def": 85, "spa": 85, "spd": 85, "spe": 85}, "ivs": {"hp": 31, "atk": 31, "def": 31, "spa": 31, "spd": 31, "spe": 31}, "item": "Heavy-Duty Boots", "teraType": "Ice", "role": "Fast Attacker", "bvs": {"hp": 70, "atk": 120, "def": 65, "spa": 45, "spd": 85, "spe": 125}, "stats": {"hp": 240, "atk": 235, "def": 148, "spa": 117, "spd": 180, "spe": 243}}, "Passimian": {"name": "Passimian", "species": "Passimian", "speciesId": "passimian", "gender": "M", "shiny": false, "level": 83, "moves": ["knockoff", "gunkshot", "closecombat", "uturn"], "ability": "Defiant", "evs": {"hp": 85, "atk": 85, "def": 85, "spa": 85, "spd": 85, "spe": 85}, "ivs": {"hp": 31, "atk": 31, "def": 31, "spa": 31, "spd": 31, "spe": 31}, "item": "Choice Band", "teraType": "Fighting", "role": "Fast Attacker", "bvs": {"hp": 100, "atk": 120, "def": 90, "spa": 40, "spd": 60, "spe": 80}, "stats": {"hp": 302, "atk": 247, "def": 197, "spa": 114, "spd": 147, "spe": 180}}, "Copperajah": {"name": "Copperajah", "species": "Copperajah", "speciesId": "copperajah", "gender": "M", "shiny": false, "level": 86, "moves": ["superpower", "playrough", "ironhead", "stealthrock"], "ability": "Sheer Force", "evs": {"hp": 85, "atk": 85, "def": 85, "spa": 85, "spd": 85, "spe": 85}, "ivs": {"hp": 31, "atk": 31, "def": 31, "spa": 31, "spd": 31, "spe": 31}, "item": "Life Orb", "teraType": "Fairy", "role": "Wallbreaker", "bvs": {"hp": 122, "atk": 130, "def": 69, "spa": 80, "spd": 69, "spe": 30}, "stats": {"hp": 350, "atk": 273, "def": 168, "spa": 187, "spd": 168, "spe": 101}}}]}