{"id": "gen9randombattle-2631937722", "format": "[Gen 9] Random Battle", "players": ["pranavvvv24", "grddrhgtf"], "log": "|j|\u2606pranavvvv24\n|j|\u2606grddrhgtf\n|t:|1781457666\n|gametype|singles\n|player|p1|pranavvvv24|266|1063\n|player|p2|grddrhgtf|170|1081\n|gen|9\n|tier|[Gen 9] Random Battle\n|rated|\n|rule|Species Clause: Limit one of each Pok\u00e9mon\n|rule|HP Percentage Mod: HP is shown in percentages\n|rule|Sleep Clause Mod: Limit one foe put to sleep\n|rule|Illusion Level Mod: Illusion disguises the Pok\u00e9mon's true level\n|\n|t:|1781457666\n|teamsize|p1|6\n|teamsize|p2|6\n|start\n|switch|p1a: Dewgong|Dewgong, L94, F|322/322\n|switch|p2a: Granbull|Granbull, L88, F|302/302\n|-ability|p2a: Granbull|Intimidate|boost\n|-unboost|p1a: Dewgong|atk|1\n|turn|1\n|inactive|Battle timer is ON: inactive players will automatically lose when time's up. (requested by grddrhgtf)\n|\n|t:|1781457699\n|move|p1a: Dewgong|Encore||[still]\n|-fail|p1a: Dewgong\n|move|p2a: Granbull|Thunder Wave|p1a: Dewgong\n|-status|p1a: Dewgong|par\n|\n|upkeep\n|turn|2\n|\n|t:|1781457724\n|move|p2a: Granbull|Play Rough|p1a: Dewgong\n|-damage|p1a: Dewgong|204/322 par\n|move|p1a: Dewgong|Encore|p2a: Granbull\n|-start|p2a: Granbull|Encore\n|\n|upkeep\n|turn|3\n|inactive|grddrhgtf has 120 seconds left.\n|\n|t:|1781457760\n|move|p2a: Granbull|Play Rough|p1a: Dewgong\n|-damage|p1a: Dewgong|90/322 par\n|move|p1a: Dewgong|Ice Beam|p2a: Granbull\n|-damage|p2a: Granbull|185/302\n|-status|p2a: Granbull|frz\n|\n|-heal|p2a: Granbull|203/302 frz|[from] item: Leftovers\n|upkeep\n|turn|4\n|inactive|grddrhgtf has 120 seconds left.\n|\n|t:|1781457776\n|switch|p2a: Basculin|Basculin-Blue-Striped, L86, F|261/261\n|move|p1a: Dewgong|Ice Beam|p2a: Basculin\n|-resisted|p2a: Basculin\n|-damage|p2a: Basculin|201/261\n|\n|upkeep\n|turn|5\n|\n|t:|1781457783\n|switch|p1a: Bellossom|Bellossom, L84, M|263/263\n|move|p2a: Basculin|Double-Edge|p1a: Bellossom\n|-damage|p1a: Bellossom|143/263\n|-damage|p2a: Basculin|161/261|[from] Recoil\n|\n|-heal|p1a: Bellossom|159/263|[from] item: Leftovers\n|upkeep\n|turn|6\n|inactive|grddrhgtf has 120 seconds left.\n|inactive|pranavvvv24 has 120 seconds left.\n|\n|t:|1781457807\n|switch|p2a: Noctowl|Noctowl, L95, M|344/344\n|move|p1a: Bellossom|Giga Drain|p2a: Noctowl\n|-resisted|p2a: Noctowl\n|-damage|p2a: Noctowl|312/344\n|-heal|p1a: Bellossom|175/263|[from] drain|[of] p2a: Noctowl\n|\n|-heal|p1a: Bellossom|191/263|[from] item: Leftovers\n|upkeep\n|turn|7\n|inactive|pranavvvv24 has 120 seconds left.\n|\n|t:|1781457833\n|switch|p1a: Empoleon|Empoleon, L84, M|278/278\n|move|p2a: Noctowl|Calm Mind|p2a: Noctowl\n|-boost|p2a: Noctowl|spa|1\n|-boost|p2a: Noctowl|spd|1\n|\n|upkeep\n|turn|8\n|inactive|grddrhgtf has 120 seconds left.\n|\n|t:|1781457856\n|move|p2a: Noctowl|Hyper Voice|p1a: Empoleon\n|-resisted|p1a: Empoleon\n|-damage|p1a: Empoleon|130/278\n|move|p1a: Empoleon|Yawn|p2a: Noctowl\n|-start|p2a: Noctowl|move: Yawn|[of] p1a: Empoleon\n|\n|-heal|p1a: Empoleon|147/278|[from] item: Leftovers\n|upkeep\n|turn|9\n|inactive|grddrhgtf has 120 seconds left.\n|inactive|pranavvvv24 has 90 seconds left.\n|\n|t:|1781457878\n|move|p2a: Noctowl|Hyper Voice|p1a: Empoleon\n|-resisted|p1a: Empoleon\n|-damage|p1a: Empoleon|0 fnt\n|faint|p1a: Empoleon\n|\n|-end|p2a: Noctowl|move: Yawn|[silent]\n|-status|p2a: Noctowl|slp\n|upkeep\n|inactive|pranavvvv24 has 90 seconds left.\n|\n|t:|1781457885\n|switch|p1a: Regidrago|Regidrago, L77|435/435\n|turn|10\n|\n|t:|1781457900\n|switch|p2a: Granbull|Granbull, L88, F|203/302 frz\n|-ability|p2a: Granbull|Intimidate|boost\n|-unboost|p1a: Regidrago|atk|1\n|move|p1a: Regidrago|Dragon Dance|p1a: Regidrago\n|-boost|p1a: Regidrago|atk|1\n|-boost|p1a: Regidrago|spe|1\n|\n|-heal|p2a: Granbull|221/302 frz|[from] item: Leftovers\n|upkeep\n|turn|11\n|inactive|pranavvvv24 has 90 seconds left.\n|\n|t:|1781457915\n|-terastallize|p1a: Regidrago|Steel\n|move|p1a: Regidrago|Tera Blast|p2a: Granbull|[anim] Tera Blast Steel\n|-supereffective|p2a: Granbull\n|-damage|p2a: Granbull|0 fnt\n|faint|p2a: Granbull\n|-damage|p1a: Regidrago|392/435|[from] item: Life Orb\n|\n|upkeep\n|inactive|grddrhgtf has 120 seconds left.\n|\n|t:|1781457940\n|switch|p2a: Deoxys|Deoxys, L74|196/196\n|-ability|p2a: Deoxys|Pressure\n|turn|12\n|\n|t:|1781457949\n|move|p2a: Deoxys|Superpower|p1a: Regidrago\n|-supereffective|p1a: Regidrago\n|-damage|p1a: Regidrago|0 fnt\n|-unboost|p2a: Deoxys|atk|1\n|-unboost|p2a: Deoxys|def|1\n|faint|p1a: Regidrago\n|-damage|p2a: Deoxys|177/196|[from] item: Life Orb\n|\n|upkeep\n|\n|t:|1781457958\n|switch|p1a: Zapdos|Zapdos-Galar, L77|265/265\n|turn|13\n|\n|t:|1781457963\n|move|p2a: Deoxys|Psycho Boost|p1a: Zapdos\n|-supereffective|p1a: Zapdos\n|-damage|p1a: Zapdos|0 fnt\n|-unboost|p2a: Deoxys|spa|2\n|faint|p1a: Zapdos\n|-damage|p2a: Deoxys|158/196|[from] item: Life Orb\n|\n|upkeep\n|\n|t:|1781457972\n|switch|p1a: Hitmonlee|Hitmonlee, L85, M|224/224\n|turn|14\n|\n|t:|1781457978\n|move|p2a: Deoxys|Psycho Boost|p1a: Hitmonlee\n|-supereffective|p1a: Hitmonlee\n|-damage|p1a: Hitmonlee|50/224\n|-unboost|p2a: Deoxys|spa|2\n|-damage|p2a: Deoxys|139/196|[from] item: Life Orb\n|move|p1a: Hitmonlee|Close Combat|p2a: Deoxys\n|-resisted|p2a: Deoxys\n|-damage|p2a: Deoxys|0 fnt\n|-unboost|p1a: Hitmonlee|def|1\n|-unboost|p1a: Hitmonlee|spd|1\n|faint|p2a: Deoxys\n|-enditem|p1a: Hitmonlee|White Herb\n|-clearnegativeboost|p1a: Hitmonlee|[silent]\n|\n|upkeep\n|\n|t:|1781457989\n|switch|p2a: Basculin|Basculin-Blue-Striped, L86, F|161/261\n|turn|15\n|\n|t:|1781457999\n|move|p2a: Basculin|Aqua Jet|p1a: Hitmonlee\n|-damage|p1a: Hitmonlee|0 fnt\n|faint|p1a: Hitmonlee\n|\n|upkeep\n|\n|t:|1781458005\n|switch|p1a: Bellossom|Bellossom, L84, M|191/263\n|turn|16\n|\n|t:|1781458010\n|switch|p2a: Houndoom|Houndoom, L87, F|272/272\n|move|p1a: Bellossom|Giga Drain|p2a: Houndoom\n|-resisted|p2a: Houndoom\n|-damage|p2a: Houndoom|236/272\n|-heal|p1a: Bellossom|209/263|[from] drain|[of] p2a: Houndoom\n|\n|-heal|p1a: Bellossom|225/263|[from] item: Leftovers\n|upkeep\n|turn|17\n|\n|t:|1781458020\n|move|p2a: Houndoom|Fire Blast|p1a: Bellossom\n|-supereffective|p1a: Bellossom\n|-damage|p1a: Bellossom|0 fnt\n|faint|p1a: Bellossom\n|\n|upkeep\n|\n|t:|1781458026\n|switch|p1a: Dewgong|Dewgong, L94, F|90/322 par\n|turn|18\n|\n|t:|1781458033\n|move|p2a: Houndoom|Dark Pulse|p1a: Dewgong\n|-damage|p1a: Dewgong|6/322 par\n|move|p1a: Dewgong|Surf|p2a: Houndoom\n|-supereffective|p2a: Houndoom\n|-damage|p2a: Houndoom|26/272\n|\n|upkeep\n|turn|19\n|\n|t:|1781458040\n|switch|p2a: Dugtrio|Dugtrio-Alola, L84, M|196/196\n|move|p1a: Dewgong|Surf|p2a: Dugtrio\n|-supereffective|p2a: Dugtrio\n|-damage|p2a: Dugtrio|0 fnt\n|faint|p2a: Dugtrio\n|\n|upkeep\n|\n|t:|1781458046\n|switch|p2a: Noctowl|Noctowl, L95, M|312/344 slp\n|turn|20\n|\n|t:|1781458051\n|cant|p2a: Noctowl|slp\n|cant|p1a: Dewgong|par\n|\n|upkeep\n|turn|21\n|\n|t:|1781458062\n|-curestatus|p2a: Noctowl|slp|[msg]\n|move|p2a: Noctowl|Hyper Voice|p1a: Dewgong\n|-damage|p1a: Dewgong|0 fnt\n|faint|p1a: Dewgong\n|\n|win|grddrhgtf\n|raw|pranavvvv24's rating: 1063 &rarr; <strong>1043</strong><br />(-20 for losing)\n|raw|grddrhgtf's rating: 1059 &rarr; <strong>1091</strong><br />(+32 for winning)\n", "inputlog": ">version a8376a258c1d4662feba110a92103f3664a72141\n>start {\"formatid\":\"gen9randombattle\",\"seed\":\"sodium,a86e439ffed7d6630ad382f86d01a907\",\"rated\":\"Rated battle\"}\n>player p1 {\"name\":\"pranavvvv24\",\"avatar\":\"266\",\"rating\":1063,\"seed\":\"sodium,bcd760423d1eaa6ac99e5ad79e250034\"}\n>player p2 {\"name\":\"grddrhgtf\",\"avatar\":\"170\",\"rating\":1081,\"seed\":\"sodium,7b0b648fce9982d4d47e17c63d42299e\"}\n>p1 move encore\n>p2 move thunderwave\n>p1 move encore\n>p2 move playrough\n>p1 move icebeam\n>p2 move playrough\n>p1 move icebeam\n>p2 switch 4\n>p1 switch 2\n>p2 move doubleedge\n>p1 move gigadrain\n>p2 switch 6\n>p1 switch 3\n>p2 move calmmind\n>p1 move yawn\n>p2 move hypervoice\n>p1 move roost\n>p2 move hypervoice\n>p1 switch 6\n>p1 move dragondance\n>p2 switch 4\n>p1 move terablast terastallize\n>p2 move playrough\n>p2 switch 3\n>p1 move earthquake\n>p2 move superpower\n>p1 switch 4\n>p1 move bravebird\n>p2 move psychoboost\n>p1 switch 5\n>p1 move closecombat\n>p2 move psychoboost\n>p2 switch 6\n>p1 move closecombat\n>p2 move aquajet\n>p1 switch 3\n>p1 move gigadrain\n>p2 switch 2\n>p1 move sludgebomb\n>p2 move fireblast\n>p1 switch 2\n>p1 move surf\n>p2 move darkpulse\n>p1 move surf\n>p2 switch 5\n>p2 switch 4\n>p1 move icebeam\n>p2 move hypervoice\n>p1 move icebeam\n>p2 move hypervoice", "uploadtime": 1781458066, "views": 3, "formatid": "gen9randombattle", "rating": 1043, "private": 0, "password": null, "player_dets": [{"name": "pranavvvv24", "avatar": "266", "rating": 1063, "seed": "sodium,bcd760423d1eaa6ac99e5ad79e250034"}, {"name": "grddrhgtf", "avatar": "170", "rating": 1081, "seed": "sodium,7b0b648fce9982d4d47e17c63d42299e"}], "teams_full": [{"Dewgong": {"name": "Dewgong", "species": "Dewgong", "speciesId": "dewgong", "gender": "F", "shiny": false, "level": 94, "moves": ["encore", "icebeam", "knockoff", "surf"], "ability": "Thick Fat", "evs": {"hp": 85, "atk": 85, "def": 85, "spa": 85, "spd": 85, "spe": 85}, "ivs": {"hp": 31, "atk": 31, "def": 31, "spa": 31, "spd": 31, "spe": 31}, "item": "Heavy-Duty Boots", "teraType": "Dragon", "role": "Bulky Support", "bvs": {"hp": 90, "atk": 70, "def": 80, "spa": 70, "spd": 95, "spe": 70}, "stats": {"hp": 322, "atk": 185, "def": 204, "spa": 185, "spd": 232, "spe": 185}}, "Bellossom": {"name": "Bellossom", "species": "Bellossom", "speciesId": "bellossom", "gender": "M", "shiny": false, "level": 84, "moves": ["sludgebomb", "quiverdance", "gigadrain", "strengthsap"], "ability": "Chlorophyll", "evs": {"hp": 85, "atk": 0, "def": 85, "spa": 85, "spd": 85, "spe": 85}, "ivs": {"hp": 31, "atk": 0, "def": 31, "spa": 31, "spd": 31, "spe": 31}, "item": "Leftovers", "teraType": "Poison", "role": "Bulky Setup", "bvs": {"hp": 75, "atk": 80, "def": 95, "spa": 90, "spd": 100, "spe": 50}, "stats": {"hp": 263, "atk": 139, "def": 208, "spa": 199, "spd": 216, "spe": 132}}, "Empoleon": {"name": "Empoleon", "species": "Empoleon", "speciesId": "empoleon", "gender": "M", "shiny": false, "level": 84, "moves": ["roost", "yawn", "surf", "flipturn"], "ability": "Competitive", "evs": {"hp": 85, "atk": 85, "def": 85, "spa": 85, "spd": 85, "spe": 85}, "ivs": {"hp": 31, "atk": 31, "def": 31, "spa": 31, "spd": 31, "spe": 31}, "item": "Leftovers", "teraType": "Flying", "role": "Bulky Support", "bvs": {"hp": 84, "atk": 86, "def": 88, "spa": 111, "spd": 101, "spe": 60}, "stats": {"hp": 278, "atk": 193, "def": 196, "spa": 235, "spd": 218, "spe": 149}}, "Zapdos": {"name": "Zapdos", "species": "Zapdos-Galar", "speciesId": "zapdosgalar", "gender": "N", "shiny": false, "level": 77, "moves": ["bravebird", "bulkup", "closecombat", "knockoff"], "ability": "Defiant", "evs": {"hp": 85, "atk": 85, "def": 85, "spa": 85, "spd": 85, "spe": 85}, "ivs": {"hp": 31, "atk": 31, "def": 31, "spa": 31, "spd": 31, "spe": 31}, "item": "Life Orb", "teraType": "Steel", "role": "Fast Attacker", "bvs": {"hp": 90, "atk": 125, "def": 90, "spa": 85, "spd": 90, "spe": 100}, "stats": {"hp": 265, "atk": 237, "def": 183, "spa": 175, "spd": 183, "spe": 199}}, "Hitmonlee": {"name": "Hitmonlee", "species": "Hitmonlee", "speciesId": "hitmonlee", "gender": "M", "shiny": false, "level": 85, "moves": ["swordsdance", "poisonjab", "knockoff", "closecombat"], "ability": "Unburden", "evs": {"hp": 85, "atk": 85, "def": 85, "spa": 85, "spd": 85, "spe": 85}, "ivs": {"hp": 31, "atk": 31, "def": 31, "spa": 31, "spd": 31, "spe": 31}, "item": "White Herb", "teraType": "Poison", "role": "Setup Sweeper", "bvs": {"hp": 50, "atk": 120, "def": 53, "spa": 35, "spd": 110, "spe": 87}, "stats": {"hp": 224, "atk": 253, "def": 139, "spa": 108, "spd": 236, "spe": 197}}, "Regidrago": {"name": "Regidrago", "species": "Regidrago", "speciesId": "regidrago", "gender": "N", "shiny": false, "level": 77, "moves": ["terablast", "earthquake", "dragondance", "dragonclaw"], "ability": "Dragon's Maw", "evs": {"hp": 85, "atk": 85, "def": 85, "spa": 85, "spd": 85, "spe": 85}, "ivs": {"hp": 31, "atk": 31, "def": 31, "spa": 31, "spd": 31, "spe": 31}, "item": "Life Orb", "teraType": "Steel", "role": "Tera Blast user", "bvs": {"hp": 200, "atk": 100, "def": 50, "spa": 100, "spd": 50, "spe": 80}, "stats": {"hp": 435, "atk": 199, "def": 122, "spa": 199, "spd": 122, "spe": 168}}}, {"Granbull": {"name": "Granbull", "species": "Granbull", "speciesId": "granbull", "gender": "F", "shiny": false, "level": 88, "moves": ["roar", "earthquake", "thunderwave", "playrough"], "ability": "Intimidate", "evs": {"hp": 85, "atk": 85, "def": 85, "spa": 85, "spd": 85, "spe": 85}, "ivs": {"hp": 31, "atk": 31, "def": 31, "spa": 31, "spd": 31, "spe": 31}, "item": "Leftovers", "teraType": "Ground", "role": "Bulky Support", "bvs": {"hp": 90, "atk": 120, "def": 75, "spa": 60, "spd": 60, "spe": 45}, "stats": {"hp": 302, "atk": 261, "def": 182, "spa": 156, "spd": 156, "spe": 129}}, "Houndoom": {"name": "Houndoom", "species": "Houndoom", "speciesId": "houndoom", "gender": "F", "shiny": false, "level": 87, "moves": ["nastyplot", "darkpulse", "sludgebomb", "fireblast"], "ability": "Flash Fire", "evs": {"hp": 85, "atk": 0, "def": 85, "spa": 85, "spd": 85, "spe": 85}, "ivs": {"hp": 31, "atk": 0, "def": 31, "spa": 31, "spd": 31, "spe": 31}, "item": "Heavy-Duty Boots", "teraType": "Fire", "role": "Fast Attacker", "bvs": {"hp": 75, "atk": 90, "def": 50, "spa": 110, "spd": 80, "spe": 95}, "stats": {"hp": 272, "atk": 161, "def": 137, "spa": 241, "spd": 189, "spe": 215}}, "Deoxys": {"name": "Deoxys", "species": "Deoxys", "speciesId": "deoxys", "gender": "N", "shiny": false, "level": 74, "moves": ["icebeam", "knockoff", "psychoboost", "superpower"], "ability": "Pressure", "evs": {"hp": 85, "atk": 85, "def": 85, "spa": 85, "spd": 85, "spe": 85}, "ivs": {"hp": 31, "atk": 31, "def": 31, "spa": 31, "spd": 31, "spe": 31}, "item": "Life Orb", "teraType": "Dark", "role": "Wallbreaker", "bvs": {"hp": 50, "atk": 150, "def": 50, "spa": 150, "spd": 50, "spe": 150}, "stats": {"hp": 196, "atk": 265, "def": 117, "spa": 265, "spd": 117, "spe": 265}}, "Basculin": {"name": "Basculin", "species": "Basculin-Blue-Striped", "speciesId": "basculin", "gender": "F", "shiny": false, "level": 86, "moves": ["flipturn", "doubleedge", "aquajet", "wavecrash"], "ability": "Adaptability", "evs": {"hp": 85, "atk": 85, "def": 85, "spa": 85, "spd": 85, "spe": 85}, "ivs": {"hp": 31, "atk": 31, "def": 31, "spa": 31, "spd": 31, "spe": 31}, "item": "Choice Band", "teraType": "Water", "role": "Wallbreaker", "bvs": {"hp": 70, "atk": 92, "def": 65, "spa": 80, "spd": 55, "spe": 98}, "stats": {"hp": 261, "atk": 207, "def": 161, "spa": 187, "spd": 144, "spe": 218}}, "Dugtrio": {"name": "Dugtrio", "species": "Dugtrio-Alola", "speciesId": "dugtrioalola", "gender": "M", "shiny": false, "level": 84, "moves": ["swordsdance", "ironhead", "suckerpunch", "earthquake"], "ability": "Tangling Hair", "evs": {"hp": 85, "atk": 85, "def": 85, "spa": 85, "spd": 85, "spe": 85}, "ivs": {"hp": 31, "atk": 31, "def": 31, "spa": 31, "spd": 31, "spe": 31}, "item": "Life Orb", "teraType": "Ground", "role": "Fast Attacker", "bvs": {"hp": 35, "atk": 100, "def": 60, "spa": 50, "spd": 70, "spe": 110}, "stats": {"hp": 196, "atk": 216, "def": 149, "spa": 132, "spd": 166, "spe": 233}}, "Noctowl": {"name": "Noctowl", "species": "Noctowl", "speciesId": "noctowl", "gender": "M", "shiny": false, "level": 95, "moves": ["hurricane", "roost", "hypervoice", "calmmind"], "ability": "Tinted Lens", "evs": {"hp": 85, "atk": 0, "def": 85, "spa": 85, "spd": 85, "spe": 85}, "ivs": {"hp": 31, "atk": 0, "def": 31, "spa": 31, "spd": 31, "spe": 31}, "item": "Heavy-Duty Boots", "teraType": "Ground", "role": "Bulky Attacker", "bvs": {"hp": 100, "atk": 50, "def": 50, "spa": 86, "spd": 96, "spe": 70}, "stats": {"hp": 344, "atk": 100, "def": 149, "spa": 217, "spd": 236, "spe": 187}}}]}