{"id": "gen9randombattle-2631557879", "format": "[Gen 9] Random Battle", "players": ["No2go4", "Strongestmans"], "log": "|j|\u2606No2go4\n|j|\u2606Strongestmans\n|t:|1781401058\n|gametype|singles\n|player|p1|No2go4|101|\n|player|p2|Strongestmans|1|\n|gen|9\n|tier|[Gen 9] Random Battle\n|rule|Species Clause: Limit one of each Pok\u00e9mon\n|rule|HP Percentage Mod: HP is shown in percentages\n|rule|Sleep Clause Mod: Limit one foe put to sleep\n|rule|Illusion Level Mod: Illusion disguises the Pok\u00e9mon's true level\n|\n|t:|1781401058\n|teamsize|p1|6\n|teamsize|p2|6\n|start\n|switch|p1a: Plusle|Plusle, L95, F|268/268\n|switch|p2a: Maushold|Maushold-Four, L76|238/238\n|turn|1\n|\n|t:|1781401079\n|switch|p1a: Scrafty|Scrafty, L83, M|244/244\n|move|p2a: Maushold|Population Bomb|p1a: Scrafty\n|-damage|p1a: Scrafty|226/244\n|-damage|p1a: Scrafty|208/244\n|-damage|p1a: Scrafty|190/244\n|-damage|p1a: Scrafty|171/244\n|-damage|p1a: Scrafty|152/244\n|-damage|p1a: Scrafty|134/244\n|-damage|p1a: Scrafty|115/244\n|-damage|p1a: Scrafty|99/244\n|-damage|p1a: Scrafty|80/244\n|-damage|p1a: Scrafty|62/244\n|-hitcount|p1a: Scrafty|10\n|\n|-heal|p1a: Scrafty|77/244|[from] item: Leftovers\n|upkeep\n|turn|2\n|\n|t:|1781401105\n|move|p2a: Maushold|Bite|p1a: Scrafty\n|-resisted|p1a: Scrafty\n|-damage|p1a: Scrafty|68/244\n|cant|p1a: Scrafty|flinch\n|\n|-heal|p1a: Scrafty|83/244|[from] item: Leftovers\n|upkeep\n|turn|3\n|\n|t:|1781401135\n|move|p2a: Maushold|Population Bomb|p1a: Scrafty\n|-damage|p1a: Scrafty|64/244\n|-damage|p1a: Scrafty|45/244\n|-damage|p1a: Scrafty|26/244\n|-damage|p1a: Scrafty|7/244\n|-damage|p1a: Scrafty|0 fnt\n|faint|p1a: Scrafty\n|-hitcount|p1: Scrafty|5\n|\n|upkeep\n|\n|t:|1781401155\n|switch|p1a: Plusle|Plusle, L95, F|268/268\n|turn|4\n|\n|t:|1781401165\n|move|p1a: Plusle|Thunderbolt|p2a: Maushold\n|-damage|p2a: Maushold|46/238\n|-damage|p1a: Plusle|242/268|[from] item: Life Orb\n|move|p2a: Maushold|Population Bomb|p1a: Plusle\n|-crit|p1a: Plusle\n|-damage|p1a: Plusle|188/268\n|-damage|p1a: Plusle|155/268\n|-crit|p1a: Plusle\n|-damage|p1a: Plusle|103/268\n|-damage|p1a: Plusle|72/268\n|-damage|p1a: Plusle|39/268\n|-damage|p1a: Plusle|2/268\n|-damage|p1a: Plusle|0 fnt\n|faint|p1a: Plusle\n|-hitcount|p1: Plusle|7\n|\n|upkeep\n|\n|t:|1781401183\n|switch|p1a: Jolteon|Jolteon, L84, F|246/246\n|turn|5\n|\n|t:|1781401195\n|switch|p2a: Wugtrio|Wugtrio, L91, M|212/212\n|move|p1a: Jolteon|Thunderbolt|p2a: Wugtrio\n|-supereffective|p2a: Wugtrio\n|-damage|p2a: Wugtrio|0 fnt\n|faint|p2a: Wugtrio\n|-damage|p1a: Jolteon|222/246|[from] item: Life Orb\n|\n|upkeep\n|\n|t:|1781401228\n|switch|p2a: Smeargle|Smeargle, L95, F|258/258\n|turn|6\n|\n|t:|1781401241\n|move|p1a: Jolteon|Shadow Ball|p2a: Smeargle\n|-immune|p2a: Smeargle\n|move|p2a: Smeargle|Population Bomb|p1a: Jolteon\n|-crit|p1a: Jolteon\n|-damage|p1a: Jolteon|189/246\n|-damage|p1a: Jolteon|167/246\n|-damage|p1a: Jolteon|146/246\n|-damage|p1a: Jolteon|124/246\n|-damage|p1a: Jolteon|105/246\n|-damage|p1a: Jolteon|86/246\n|-damage|p1a: Jolteon|62/246\n|-damage|p1a: Jolteon|41/246\n|-damage|p1a: Jolteon|19/246\n|-damage|p1a: Jolteon|0 fnt\n|faint|p1a: Jolteon\n|-hitcount|p1: Jolteon|10\n|\n|upkeep\n|\n|t:|1781401259\n|switch|p1a: Latios|Latios, L78, M|253/253\n|turn|7\n|\n|t:|1781401272\n|move|p1a: Latios|Aura Sphere|p2a: Smeargle\n|-supereffective|p2a: Smeargle\n|-damage|p2a: Smeargle|80/258\n|move|p2a: Smeargle|Population Bomb|p1a: Latios\n|-damage|p1a: Latios|234/253\n|-damage|p1a: Latios|215/253\n|-damage|p1a: Latios|197/253\n|-damage|p1a: Latios|179/253\n|-damage|p1a: Latios|160/253\n|-damage|p1a: Latios|141/253\n|-damage|p1a: Latios|123/253\n|-damage|p1a: Latios|105/253\n|-crit|p1a: Latios\n|-damage|p1a: Latios|77/253\n|-damage|p1a: Latios|58/253\n|-hitcount|p1a: Latios|10\n|\n|upkeep\n|turn|8\n|\n|t:|1781401291\n|-terastallize|p2a: Smeargle|Ghost\n|move|p1a: Latios|Aura Sphere|p2a: Smeargle\n|-immune|p2a: Smeargle\n|move|p2a: Smeargle|Population Bomb|p1a: Latios\n|-damage|p1a: Latios|40/253\n|-damage|p1a: Latios|21/253\n|-damage|p1a: Latios|3/253\n|-damage|p1a: Latios|0 fnt\n|faint|p1a: Latios\n|-hitcount|p1: Latios|4\n|\n|upkeep\n|\n|t:|1781401306\n|switch|p1a: Slaking|Slaking, L84, F|389/389\n|turn|9\n|\n|t:|1781401325\n|-terastallize|p1a: Slaking|Normal\n|move|p1a: Slaking|Double-Edge|p2a: Smeargle\n|-immune|p2a: Smeargle\n|move|p2a: Smeargle|Population Bomb|p1a: Slaking\n|-damage|p1a: Slaking|373/389\n|-damage|p1a: Slaking|357/389\n|-damage|p1a: Slaking|339/389\n|-damage|p1a: Slaking|321/389\n|-damage|p1a: Slaking|305/389\n|-damage|p1a: Slaking|289/389\n|-damage|p1a: Slaking|273/389\n|-damage|p1a: Slaking|257/389\n|-damage|p1a: Slaking|239/389\n|-damage|p1a: Slaking|221/389\n|-hitcount|p1a: Slaking|10\n|\n|upkeep\n|turn|10\n|\n|t:|1781401347\n|switch|p1a: Gastrodon|Gastrodon-East, L86, F|331/331\n|move|p2a: Smeargle|Population Bomb|p1a: Gastrodon\n|-damage|p1a: Gastrodon|312/331\n|-damage|p1a: Gastrodon|293/331\n|-damage|p1a: Gastrodon|275/331\n|-damage|p1a: Gastrodon|254/331\n|-damage|p1a: Gastrodon|235/331\n|-damage|p1a: Gastrodon|216/331\n|-damage|p1a: Gastrodon|195/331\n|-damage|p1a: Gastrodon|174/331\n|-damage|p1a: Gastrodon|155/331\n|-damage|p1a: Gastrodon|134/331\n|-hitcount|p1a: Gastrodon|10\n|\n|-heal|p1a: Gastrodon|154/331|[from] item: Leftovers\n|upkeep\n|turn|11\n|\n|t:|1781401377\n|move|p2a: Smeargle|Population Bomb|p1a: Gastrodon\n|-damage|p1a: Gastrodon|135/331\n|-damage|p1a: Gastrodon|116/331\n|-damage|p1a: Gastrodon|95/331\n|-damage|p1a: Gastrodon|74/331\n|-damage|p1a: Gastrodon|53/331\n|-damage|p1a: Gastrodon|32/331\n|-damage|p1a: Gastrodon|13/331\n|-hitcount|p1a: Gastrodon|7\n|move|p1a: Gastrodon|Earthquake|p2a: Smeargle\n|-damage|p2a: Smeargle|0 fnt\n|faint|p2a: Smeargle\n|\n|-heal|p1a: Gastrodon|33/331|[from] item: Leftovers\n|upkeep\n|\n|t:|1781401390\n|switch|p2a: Maushold|Maushold-Four, L76|46/238\n|turn|12\n|\n|t:|1781401403\n|move|p2a: Maushold|Population Bomb|p1a: Gastrodon\n|-damage|p1a: Gastrodon|8/331\n|-damage|p1a: Gastrodon|0 fnt\n|faint|p1a: Gastrodon\n|-hitcount|p1: Gastrodon|2\n|\n|upkeep\n|\n|t:|1781401411\n|switch|p1a: Slaking|Slaking, L84, F, tera:Normal|221/389\n|turn|13\n|\n|t:|1781401425\n|move|p1a: Slaking|Earthquake|p2a: Maushold\n|-damage|p2a: Maushold|0 fnt\n|faint|p2a: Maushold\n|\n|upkeep\n|\n|t:|1781401438\n|switch|p2a: Gyarados|Gyarados, L79, M|280/280\n|-ability|p2a: Gyarados|Intimidate|boost\n|-unboost|p1a: Slaking|atk|1\n|turn|14\n|\n|t:|1781401477\n|cant|p1a: Slaking|ability: Truant\n|move|p2a: Gyarados|Earthquake|p1a: Slaking\n|-damage|p1a: Slaking|148/389\n|\n|upkeep\n|turn|15\n|\n|t:|1781401491\n|move|p1a: Slaking|Earthquake|p2a: Gyarados\n|-immune|p2a: Gyarados\n|move|p2a: Gyarados|Waterfall|p1a: Slaking\n|-damage|p1a: Slaking|67/389\n|\n|upkeep\n|turn|16\n|\n|t:|1781401499\n|cant|p1a: Slaking|ability: Truant\n|move|p2a: Gyarados|Waterfall|p1a: Slaking\n|-damage|p1a: Slaking|0 fnt\n|faint|p1a: Slaking\n|\n|win|Strongestmans\n|l|\u2606No2go4\n|player|p1|\n", "inputlog": ">version a8376a258c1d4662feba110a92103f3664a72141\n>start {\"formatid\":\"gen9randombattle\",\"seed\":\"sodium,995064ef9fe9e4918db59f831c10383c\"}\n>player p1 {\"name\":\"No2go4\",\"avatar\":\"101\",\"rating\":0,\"seed\":\"sodium,211d5f7fa0fe74595eb8d2e58c473fc7\"}\n>player p2 {\"name\":\"Strongestmans\",\"avatar\":\"1\",\"rating\":0,\"seed\":\"sodium,51136266c8b49c6da6038249a7441f66\"}\n>p1 switch 2\n>p2 move populationbomb\n>p1 move drainpunch\n>p2 move bite\n>p1 move rest\n>p2 move populationbomb\n>p1 switch 2\n>p1 move thunderbolt\n>p2 move populationbomb\n>p1 switch 3\n>p1 move thunderbolt\n>p2 switch 4\n>p2 switch 3\n>p1 move shadowball\n>p2 move populationbomb\n>p1 switch 5\n>p1 move aurasphere\n>p2 move populationbomb\n>p1 move aurasphere\n>p2 move populationbomb terastallize\n>p1 switch 6\n>p1 move doubleedge terastallize\n>p2 move populationbomb\n>p1 switch 4\n>p2 move populationbomb\n>p1 move earthquake\n>p2 move populationbomb\n>p2 switch 4\n>p1 move spikes\n>p2 move populationbomb\n>p1 switch 4\n>p1 move earthquake\n>p2 move populationbomb\n>p2 switch 5\n>p1 move earthquake\n>p2 move earthquake\n>p1 move earthquake\n>p2 move waterfall\n>p1 move earthquake\n>p2 move waterfall", "uploadtime": 1781401538, "views": 15, "formatid": "gen9randombattle", "rating": null, "private": 0, "password": null, "player_dets": [{"name": "No2go4", "avatar": "101", "rating": 0, "seed": "sodium,211d5f7fa0fe74595eb8d2e58c473fc7"}, {"name": "Strongestmans", "avatar": "1", "rating": 0, "seed": "sodium,51136266c8b49c6da6038249a7441f66"}], "teams_full": [{"Plusle": {"name": "Plusle", "species": "Plusle", "speciesId": "plusle", "gender": "F", "shiny": false, "level": 95, "moves": ["encore", "thunderbolt", "alluringvoice", "nastyplot"], "ability": "Lightning Rod", "evs": {"hp": 85, "atk": 0, "def": 85, "spa": 85, "spd": 85, "spe": 85}, "ivs": {"hp": 31, "atk": 0, "def": 31, "spa": 31, "spd": 31, "spe": 31}, "item": "Life Orb", "teraType": "Fairy", "role": "Setup Sweeper", "bvs": {"hp": 60, "atk": 50, "def": 40, "spa": 85, "spd": 75, "spe": 95}, "stats": {"hp": 268, "atk": 100, "def": 130, "spa": 215, "spd": 196, "spe": 234}, "types": ["Electric"]}, "Scrafty": {"name": "Scrafty", "species": "Scrafty", "speciesId": "scrafty", "gender": "M", "shiny": false, "level": 83, "moves": ["bulkup", "knockoff", "rest", "drainpunch"], "ability": "Shed Skin", "evs": {"hp": 85, "atk": 85, "def": 85, "spa": 85, "spd": 85, "spe": 85}, "ivs": {"hp": 31, "atk": 31, "def": 31, "spa": 31, "spd": 31, "spe": 31}, "item": "Leftovers", "teraType": "Poison", "role": "Bulky Setup", "bvs": {"hp": 65, "atk": 90, "def": 115, "spa": 45, "spd": 115, "spe": 58}, "stats": {"hp": 244, "atk": 197, "def": 239, "spa": 122, "spd": 239, "spe": 144}, "types": ["Dark", "Fighting"]}, "Jolteon": {"name": "Jolteon", "species": "Jolteon", "speciesId": "jolteon", "gender": "F", "shiny": false, "level": 84, "moves": ["alluringvoice", "calmmind", "shadowball", "thunderbolt"], "ability": "Volt Absorb", "evs": {"hp": 85, "atk": 0, "def": 85, "spa": 85, "spd": 85, "spe": 85}, "ivs": {"hp": 31, "atk": 0, "def": 31, "spa": 31, "spd": 31, "spe": 31}, "item": "Life Orb", "teraType": "Electric", "role": "Fast Attacker", "bvs": {"hp": 65, "atk": 65, "def": 60, "spa": 110, "spd": 95, "spe": 130}, "stats": {"hp": 246, "atk": 114, "def": 149, "spa": 233, "spd": 208, "spe": 267}, "types": ["Electric"]}, "Gastrodon": {"name": "Gastrodon", "species": "Gastrodon-East", "speciesId": "gastrodon", "gender": "F", "shiny": false, "level": 86, "moves": ["earthquake", "recover", "icebeam", "spikes"], "ability": "Storm Drain", "evs": {"hp": 85, "atk": 85, "def": 85, "spa": 85, "spd": 85, "spe": 85}, "ivs": {"hp": 31, "atk": 31, "def": 31, "spa": 31, "spd": 31, "spe": 31}, "item": "Leftovers", "teraType": "Poison", "role": "Bulky Attacker", "bvs": {"hp": 111, "atk": 83, "def": 68, "spa": 92, "spd": 82, "spe": 39}, "stats": {"hp": 331, "atk": 192, "def": 166, "spa": 207, "spd": 190, "spe": 116}, "types": ["Water", "Ground"]}, "Latios": {"name": "Latios", "species": "Latios", "speciesId": "latios", "gender": "M", "shiny": false, "level": 78, "moves": ["lusterpurge", "recover", "aurasphere", "dracometeor"], "ability": "Levitate", "evs": {"hp": 85, "atk": 0, "def": 85, "spa": 85, "spd": 85, "spe": 85}, "ivs": {"hp": 31, "atk": 0, "def": 31, "spa": 31, "spd": 31, "spe": 31}, "item": "Soul Dew", "teraType": "Dragon", "role": "Bulky Attacker", "bvs": {"hp": 80, "atk": 90, "def": 80, "spa": 130, "spd": 110, "spe": 110}, "stats": {"hp": 253, "atk": 145, "def": 170, "spa": 248, "spd": 217, "spe": 217}, "types": ["Dragon", "Psychic"]}, "Slaking": {"name": "Slaking", "species": "Slaking", "speciesId": "slaking", "gender": "F", "shiny": false, "level": 84, "moves": ["doubleedge", "knockoff", "earthquake", "gigaimpact"], "ability": "Truant", "evs": {"hp": 85, "atk": 85, "def": 85, "spa": 85, "spd": 85, "spe": 85}, "ivs": {"hp": 31, "atk": 31, "def": 31, "spa": 31, "spd": 31, "spe": 31}, "item": "Choice Band", "teraType": "Normal", "role": "Fast Attacker", "bvs": {"hp": 150, "atk": 160, "def": 100, "spa": 95, "spd": 65, "spe": 100}, "stats": {"hp": 389, "atk": 317, "def": 216, "spa": 208, "spd": 157, "spe": 216}, "types": ["Normal"]}}, {"Maushold": {"name": "Maushold", "species": "Maushold-Four", "speciesId": "maushold", "gender": "N", "shiny": false, "level": 76, "moves": ["encore", "populationbomb", "tidyup", "bite"], "ability": "Technician", "evs": {"hp": 85, "atk": 85, "def": 85, "spa": 85, "spd": 85, "spe": 85}, "ivs": {"hp": 31, "atk": 31, "def": 31, "spa": 31, "spd": 31, "spe": 31}, "item": "Wide Lens", "teraType": "Normal", "role": "Setup Sweeper", "bvs": {"hp": 74, "atk": 75, "def": 70, "spa": 65, "spd": 75, "spe": 111}, "stats": {"hp": 238, "atk": 158, "def": 150, "spa": 143, "spd": 158, "spe": 213}, "types": ["Normal"]}, "Minior": {"name": "Minior", "species": "Minior-Blue", "speciesId": "minior", "gender": "N", "shiny": false, "level": 79, "moves": ["shellsmash", "acrobatics", "earthquake", "powergem"], "ability": "Shields Down", "evs": {"hp": 85, "atk": 85, "def": 85, "spa": 85, "spd": 85, "spe": 85}, "ivs": {"hp": 31, "atk": 31, "def": 31, "spa": 31, "spd": 31, "spe": 31}, "item": "White Herb", "teraType": "Flying", "role": "Setup Sweeper", "bvs": {"hp": 60, "atk": 100, "def": 60, "spa": 100, "spd": 60, "spe": 120}, "stats": {"hp": 224, "atk": 204, "def": 140, "spa": 204, "spd": 140, "spe": 235}, "types": ["Rock", "Flying"]}, "Smeargle": {"name": "Smeargle", "species": "Smeargle", "speciesId": "smeargle", "gender": "F", "shiny": false, "level": 95, "moves": ["populationbomb", "spore", "powertrip", "shellsmash"], "ability": "Technician", "evs": {"hp": 85, "atk": 85, "def": 85, "spa": 85, "spd": 85, "spe": 85}, "ivs": {"hp": 31, "atk": 31, "def": 31, "spa": 31, "spd": 31, "spe": 31}, "item": "Wide Lens", "teraType": "Ghost", "role": "Setup Sweeper", "bvs": {"hp": 55, "atk": 20, "def": 35, "spa": 20, "spd": 45, "spe": 75}, "stats": {"hp": 258, "atk": 92, "def": 120, "spa": 92, "spd": 139, "spe": 196}, "types": ["Normal"]}, "Wugtrio": {"name": "Wugtrio", "species": "Wugtrio", "speciesId": "wugtrio", "gender": "M", "shiny": false, "level": 91, "moves": ["throatchop", "liquidation", "stompingtantrum", "aquajet"], "ability": "Gooey", "evs": {"hp": 85, "atk": 85, "def": 85, "spa": 85, "spd": 85, "spe": 85}, "ivs": {"hp": 31, "atk": 31, "def": 31, "spa": 31, "spd": 31, "spe": 31}, "item": "Choice Band", "teraType": "Dark", "role": "Fast Attacker", "bvs": {"hp": 35, "atk": 100, "def": 50, "spa": 50, "spd": 70, "spe": 120}, "stats": {"hp": 212, "atk": 234, "def": 143, "spa": 143, "spd": 179, "spe": 270}, "types": ["Water"]}, "Gyarados": {"name": "Gyarados", "species": "Gyarados", "speciesId": "gyarados", "gender": "M", "shiny": false, "level": 79, "moves": ["terablast", "dragondance", "earthquake", "waterfall"], "ability": "Intimidate", "evs": {"hp": 85, "atk": 85, "def": 85, "spa": 85, "spd": 85, "spe": 85}, "ivs": {"hp": 31, "atk": 31, "def": 31, "spa": 31, "spd": 31, "spe": 31}, "item": "Heavy-Duty Boots", "teraType": "Flying", "role": "Tera Blast user", "bvs": {"hp": 95, "atk": 125, "def": 79, "spa": 60, "spd": 100, "spe": 81}, "stats": {"hp": 280, "atk": 243, "def": 170, "spa": 140, "spd": 204, "spe": 174}, "types": ["Water", "Flying"]}, "Illumise": {"name": "Illumise", "species": "Illumise", "speciesId": "illumise", "gender": "F", "shiny": false, "level": 91, "moves": ["thunderwave", "bugbuzz", "encore", "roost"], "ability": "Prankster", "evs": {"hp": 85, "atk": 0, "def": 85, "spa": 85, "spd": 85, "spe": 85}, "ivs": {"hp": 31, "atk": 0, "def": 31, "spa": 31, "spd": 31, "spe": 31}, "item": "Heavy-Duty Boots", "teraType": "Steel", "role": "Bulky Support", "bvs": {"hp": 65, "atk": 47, "def": 75, "spa": 73, "spd": 85, "spe": 85}, "stats": {"hp": 266, "atk": 90, "def": 188, "spa": 185, "spd": 207, "spe": 207}, "types": ["Bug"]}}]}