{"id": "gen9randombattle-2631925943", "format": "[Gen 9] Random Battle", "players": ["castiel123", "Chicken347"], "log": "|j|\u2606castiel123\n|j|\u2606Chicken347\n|t:|1781456347\n|gametype|singles\n|player|p1|castiel123|170|1986\n|player|p2|Chicken347|101|2016\n|gen|9\n|tier|[Gen 9] Random Battle\n|rated|\n|rule|Species Clause: Limit one of each Pok\u00e9mon\n|rule|HP Percentage Mod: HP is shown in percentages\n|rule|Sleep Clause Mod: Limit one foe put to sleep\n|rule|Illusion Level Mod: Illusion disguises the Pok\u00e9mon's true level\n|\n|t:|1781456347\n|teamsize|p1|6\n|teamsize|p2|6\n|start\n|switch|p1a: Dachsbun|Dachsbun, L92, F|254/254\n|switch|p2a: Arboliva|Arboliva, L91, F|288/288\n|turn|1\n|\n|t:|1781456355\n|move|p1a: Dachsbun|Yawn|p2a: Arboliva\n|-start|p2a: Arboliva|move: Yawn|[of] p1a: Dachsbun\n|move|p2a: Arboliva|Substitute|p2a: Arboliva\n|-start|p2a: Arboliva|Substitute\n|-damage|p2a: Arboliva|216/288\n|\n|upkeep\n|turn|2\n|\n|t:|1781456370\n|switch|p1a: Golurk|Golurk, L87|297/297\n|switch|p2a: Torkoal|Torkoal, L88, M|266/266\n|-weather|SunnyDay|[from] ability: Drought|[of] p2a: Torkoal\n|\n|-weather|SunnyDay|[upkeep]\n|upkeep\n|turn|3\n|inactive|Battle timer is ON: inactive players will automatically lose when time's up. (requested by Chicken347)\n|\n|t:|1781456393\n|switch|p1a: Dachsbun|Dachsbun, L92, F|254/254\n|move|p2a: Torkoal|Stealth Rock|p1a: Dachsbun\n|-sidestart|p1: castiel123|move: Stealth Rock\n|\n|-weather|SunnyDay|[upkeep]\n|upkeep\n|turn|4\n|\n|t:|1781456400\n|move|p1a: Dachsbun|Yawn|p2a: Torkoal\n|-start|p2a: Torkoal|move: Yawn|[of] p1a: Dachsbun\n|move|p2a: Torkoal|Yawn|p1a: Dachsbun\n|-start|p1a: Dachsbun|move: Yawn|[of] p2a: Torkoal\n|\n|-weather|SunnyDay|[upkeep]\n|upkeep\n|turn|5\n|\n|t:|1781456413\n|switch|p1a: Kleavor|Kleavor, L78, F|237/237\n|switch|p2a: Grimmsnarl|Grimmsnarl, L83, M|293/293\n|\n|-weather|SunnyDay|[upkeep]\n|upkeep\n|turn|6\n|\n|t:|1781456421\n|move|p2a: Grimmsnarl|Reflect|p2a: Grimmsnarl\n|-sidestart|p2: Chicken347|Reflect\n|move|p1a: Kleavor|Defog|p2a: Grimmsnarl\n|-unboost|p2a: Grimmsnarl|evasion|1\n|-sideend|p2: Chicken347|Reflect\n|-sideend|p1: castiel123|Stealth Rock|[from] move: Defog|[of] p1a: Kleavor\n|\n|-weather|none\n|upkeep\n|turn|7\n|\n|t:|1781456425\n|move|p2a: Grimmsnarl|Parting Shot|p1a: Kleavor\n|-unboost|p1a: Kleavor|atk|1\n|-unboost|p1a: Kleavor|spa|1\n|\n|t:|1781456440\n|switch|p2a: Wyrdeer|Wyrdeer, L87, M|321/321|[from] Parting Shot\n|-ability|p2a: Wyrdeer|Intimidate|boost\n|-unboost|p1a: Kleavor|atk|1\n|move|p1a: Kleavor|Stone Axe|p2a: Wyrdeer\n|-damage|p2a: Wyrdeer|251/321\n|-sidestart|p2: Chicken347|move: Stealth Rock\n|\n|upkeep\n|turn|8\n|\n|t:|1781456447\n|switch|p1a: Golurk|Golurk, L87|297/297\n|move|p2a: Wyrdeer|Earthquake|p1a: Golurk\n|-damage|p1a: Golurk|219/297\n|\n|upkeep\n|turn|9\n|\n|t:|1781456455\n|move|p2a: Wyrdeer|Psychic Noise|p1a: Golurk\n|-damage|p1a: Golurk|128/297\n|-start|p1a: Golurk|move: Heal Block\n|move|p1a: Golurk|Earthquake|p2a: Wyrdeer\n|-damage|p2a: Wyrdeer|51/321\n|-damage|p1a: Golurk|99/297|[from] item: Life Orb\n|\n|upkeep\n|turn|10\n|\n|t:|1781456469\n|move|p2a: Wyrdeer|Psychic Noise|p1a: Golurk\n|-damage|p1a: Golurk|14/297\n|move|p1a: Golurk|Earthquake|p2a: Wyrdeer\n|-damage|p2a: Wyrdeer|0 fnt\n|faint|p2a: Wyrdeer\n|-damage|p1a: Golurk|0 fnt|[from] item: Life Orb\n|faint|p1a: Golurk\n|\n|upkeep\n|\n|t:|1781456483\n|switch|p2a: Grimmsnarl|Grimmsnarl, L83, M|293/293\n|switch|p1a: Dewgong|Dewgong, L94, F|322/322\n|-damage|p2a: Grimmsnarl|257/293|[from] Stealth Rock\n|turn|11\n|\n|t:|1781456491\n|move|p2a: Grimmsnarl|Light Screen|p2a: Grimmsnarl\n|-sidestart|p2: Chicken347|move: Light Screen\n|move|p1a: Dewgong|Knock Off|p2a: Grimmsnarl\n|-resisted|p2a: Grimmsnarl\n|-damage|p2a: Grimmsnarl|238/293\n|-enditem|p2a: Grimmsnarl|Light Clay|[from] move: Knock Off|[of] p1a: Dewgong\n|\n|upkeep\n|turn|12\n|\n|t:|1781456497\n|move|p2a: Grimmsnarl|Reflect|p2a: Grimmsnarl\n|-sidestart|p2: Chicken347|Reflect\n|move|p1a: Dewgong|Flip Turn|p2a: Grimmsnarl\n|-damage|p2a: Grimmsnarl|196/293\n|\n|t:|1781456503\n|switch|p1a: Kleavor|Kleavor, L78, F|237/237|[from] Flip Turn\n|\n|upkeep\n|turn|13\n|\n|t:|1781456508\n|move|p2a: Grimmsnarl|Parting Shot|p1a: Kleavor\n|-unboost|p1a: Kleavor|atk|1\n|-unboost|p1a: Kleavor|spa|1\n|inactive|Chicken347 has 120 seconds left.\n|\n|t:|1781456549\n|switch|p2a: Arboliva|Arboliva, L91, F|216/288|[from] Parting Shot\n|-damage|p2a: Arboliva|180/288|[from] Stealth Rock\n|move|p1a: Kleavor|Defog|p2a: Arboliva\n|-unboost|p2a: Arboliva|evasion|1\n|-sideend|p2: Chicken347|Reflect\n|-sideend|p2: Chicken347|move: Light Screen\n|-sideend|p2: Chicken347|Stealth Rock|[from] move: Defog|[of] p1a: Kleavor\n|\n|upkeep\n|turn|14\n|\n|t:|1781456556\n|move|p1a: Kleavor|X-Scissor|p2a: Arboliva\n|-supereffective|p2a: Arboliva\n|-damage|p2a: Arboliva|6/288\n|-enditem|p2a: Arboliva|Sitrus Berry|[eat]\n|-heal|p2a: Arboliva|78/288|[from] item: Sitrus Berry\n|move|p2a: Arboliva|Leech Seed|p1a: Kleavor\n|-start|p1a: Kleavor|move: Leech Seed\n|\n|-damage|p1a: Kleavor|208/237|[from] Leech Seed|[of] p2a: Arboliva\n|-heal|p2a: Arboliva|107/288|[silent]\n|-item|p2a: Arboliva|Sitrus Berry|[from] ability: Harvest\n|upkeep\n|-enditem|p2a: Arboliva|Sitrus Berry|[eat]\n|-heal|p2a: Arboliva|179/288|[from] item: Sitrus Berry\n|turn|15\n|\n|t:|1781456564\n|move|p2a: Arboliva|Protect|p2a: Arboliva\n|-singleturn|p2a: Arboliva|Protect\n|move|p1a: Kleavor|X-Scissor|p2a: Arboliva\n|-activate|p2a: Arboliva|move: Protect\n|\n|-damage|p1a: Kleavor|179/237|[from] Leech Seed|[of] p2a: Arboliva\n|-heal|p2a: Arboliva|208/288|[silent]\n|upkeep\n|turn|16\n|\n|t:|1781456575\n|switch|p1a: Wyrdeer|Wyrdeer, L87, M|321/321\n|-ability|p1a: Wyrdeer|Intimidate|boost\n|-unboost|p2a: Arboliva|atk|1\n|move|p2a: Arboliva|Substitute|p2a: Arboliva\n|-start|p2a: Arboliva|Substitute\n|-damage|p2a: Arboliva|136/288\n|\n|upkeep\n|turn|17\n|\n|t:|1781456581\n|switch|p2a: Grimmsnarl|Grimmsnarl, L83, M|196/293\n|move|p1a: Wyrdeer|Psychic Noise|p2a: Grimmsnarl\n|-immune|p2a: Grimmsnarl\n|\n|upkeep\n|turn|18\n|\n|t:|1781456587\n|move|p2a: Grimmsnarl|Parting Shot|p1a: Wyrdeer\n|-unboost|p1a: Wyrdeer|atk|1\n|-unboost|p1a: Wyrdeer|spa|1\n|\n|t:|1781456599\n|switch|p2a: Torkoal|Torkoal, L88, M|266/266|[from] Parting Shot\n|-weather|SunnyDay|[from] ability: Drought|[of] p2a: Torkoal\n|move|p1a: Wyrdeer|Body Slam|p2a: Torkoal\n|-damage|p2a: Torkoal|217/266\n|\n|-weather|SunnyDay|[upkeep]\n|upkeep\n|turn|19\n|\n|t:|1781456607\n|switch|p1a: Dachsbun|Dachsbun, L92, F|254/254\n|move|p2a: Torkoal|Yawn|p1a: Dachsbun\n|-start|p1a: Dachsbun|move: Yawn|[of] p2a: Torkoal\n|\n|-weather|SunnyDay|[upkeep]\n|upkeep\n|turn|20\n|\n|t:|1781456622\n|switch|p2a: Grimmsnarl|Grimmsnarl, L83, M|196/293\n|move|p1a: Dachsbun|Yawn|p2a: Grimmsnarl\n|-start|p2a: Grimmsnarl|move: Yawn|[of] p1a: Dachsbun\n|\n|-weather|SunnyDay|[upkeep]\n|-end|p1a: Dachsbun|move: Yawn|[silent]\n|-status|p1a: Dachsbun|slp\n|upkeep\n|turn|21\n|\n|t:|1781456630\n|move|p2a: Grimmsnarl|Parting Shot|p1a: Dachsbun\n|-unboost|p1a: Dachsbun|atk|1\n|-unboost|p1a: Dachsbun|spa|1\n|inactive|Chicken347 has 120 seconds left.\n|\n|t:|1781456668\n|switch|p2a: Arboliva|Arboliva, L91, F|136/288|[from] Parting Shot\n|cant|p1a: Dachsbun|slp\n|\n|-weather|SunnyDay|[upkeep]\n|-item|p2a: Arboliva|Sitrus Berry|[from] ability: Harvest\n|upkeep\n|-enditem|p2a: Arboliva|Sitrus Berry|[eat]\n|-heal|p2a: Arboliva|208/288|[from] item: Sitrus Berry\n|turn|22\n|\n|t:|1781456673\n|cant|p1a: Dachsbun|slp\n|move|p2a: Arboliva|Leech Seed|p1a: Dachsbun\n|-start|p1a: Dachsbun|move: Leech Seed\n|\n|-weather|none\n|-damage|p1a: Dachsbun|223/254 slp|[from] Leech Seed|[of] p2a: Arboliva\n|-heal|p2a: Arboliva|239/288|[silent]\n|-item|p2a: Arboliva|Sitrus Berry|[from] ability: Harvest\n|upkeep\n|turn|23\n|\n|t:|1781456683\n|-curestatus|p1a: Dachsbun|slp|[msg]\n|move|p1a: Dachsbun|Yawn|p2a: Arboliva\n|-start|p2a: Arboliva|move: Yawn|[of] p1a: Dachsbun\n|move|p2a: Arboliva|Substitute|p2a: Arboliva\n|-start|p2a: Arboliva|Substitute\n|-damage|p2a: Arboliva|167/288\n|\n|-heal|p1a: Dachsbun|238/254|[from] item: Leftovers\n|-damage|p1a: Dachsbun|207/254|[from] Leech Seed|[of] p2a: Arboliva\n|-heal|p2a: Arboliva|198/288|[silent]\n|upkeep\n|turn|24\n|\n|t:|1781456692\n|switch|p1a: Wyrdeer|Wyrdeer, L87, M|321/321\n|-ability|p1a: Wyrdeer|Intimidate|boost\n|-immune|p2a: Arboliva\n|move|p2a: Arboliva|Hyper Voice|p1a: Wyrdeer\n|-damage|p1a: Wyrdeer|222/321\n|\n|-end|p2a: Arboliva|move: Yawn|[silent]\n|-status|p2a: Arboliva|slp\n|upkeep\n|turn|25\n|\n|t:|1781456699\n|switch|p2a: Houndstone|Houndstone, L86, F|264/264\n|move|p1a: Wyrdeer|Megahorn|p2a: Houndstone\n|-resisted|p2a: Houndstone\n|-damage|p2a: Houndstone|242/264\n|\n|-heal|p2a: Houndstone|258/264|[from] item: Leftovers\n|upkeep\n|turn|26\n|\n|t:|1781456709\n|move|p2a: Houndstone|Body Press|p1a: Wyrdeer\n|-damage|p1a: Wyrdeer|155/321\n|move|p1a: Wyrdeer|Psychic Noise|p2a: Houndstone\n|-damage|p2a: Houndstone|170/264\n|-start|p2a: Houndstone|move: Heal Block\n|\n|upkeep\n|turn|27\n|\n|t:|1781456718\n|switch|p2a: Grimmsnarl|Grimmsnarl, L83, M|196/293\n|switch|p1a: Dewgong|Dewgong, L94, F|322/322\n|\n|upkeep\n|turn|28\n|\n|t:|1781456723\n|move|p2a: Grimmsnarl|Parting Shot|p1a: Dewgong\n|-unboost|p1a: Dewgong|atk|1\n|-unboost|p1a: Dewgong|spa|1\n|\n|t:|1781456738\n|switch|p2a: Torkoal|Torkoal, L88, M|217/266|[from] Parting Shot\n|-weather|SunnyDay|[from] ability: Drought|[of] p2a: Torkoal\n|move|p1a: Dewgong|Triple Axel|p2a: Torkoal\n|-resisted|p2a: Torkoal\n|-damage|p2a: Torkoal|213/266\n|-resisted|p2a: Torkoal\n|-damage|p2a: Torkoal|204/266\n|-resisted|p2a: Torkoal\n|-damage|p2a: Torkoal|191/266\n|-hitcount|p2a: Torkoal|3\n|\n|-weather|SunnyDay|[upkeep]\n|upkeep\n|turn|29\n|\n|t:|1781456747\n|move|p1a: Dewgong|Surf|p2a: Torkoal\n|-supereffective|p2a: Torkoal\n|-damage|p2a: Torkoal|119/266\n|move|p2a: Torkoal|Lava Plume|p1a: Dewgong\n|-damage|p1a: Dewgong|288/322\n|\n|-weather|SunnyDay|[upkeep]\n|upkeep\n|turn|30\n|\n|t:|1781456752\n|move|p1a: Dewgong|Flip Turn|p2a: Torkoal\n|-supereffective|p2a: Torkoal\n|-damage|p2a: Torkoal|93/266\n|\n|t:|1781456757\n|switch|p1a: Dachsbun|Dachsbun, L92, F|207/254|[from] Flip Turn\n|move|p2a: Torkoal|Yawn|p1a: Dachsbun\n|-start|p1a: Dachsbun|move: Yawn|[of] p2a: Torkoal\n|\n|-weather|SunnyDay|[upkeep]\n|-heal|p1a: Dachsbun|222/254|[from] item: Leftovers\n|upkeep\n|turn|31\n|\n|t:|1781456763\n|switch|p1a: Dewgong|Dewgong, L94, F|288/322\n|move|p2a: Torkoal|Stealth Rock|p1a: Dewgong\n|-sidestart|p1: castiel123|move: Stealth Rock\n|\n|-weather|SunnyDay|[upkeep]\n|upkeep\n|turn|32\n|\n|t:|1781456769\n|move|p1a: Dewgong|Flip Turn|p2a: Torkoal\n|-supereffective|p2a: Torkoal\n|-damage|p2a: Torkoal|55/266\n|\n|t:|1781456772\n|switch|p1a: Kleavor|Kleavor, L78, F|179/237|[from] Flip Turn\n|move|p2a: Torkoal|Yawn|p1a: Kleavor\n|-start|p1a: Kleavor|move: Yawn|[of] p2a: Torkoal\n|\n|-weather|none\n|upkeep\n|turn|33\n|\n|t:|1781456795\n|switch|p2a: Houndstone|Houndstone, L86, F|170/264\n|move|p1a: Kleavor|Stone Axe|p2a: Houndstone\n|-damage|p2a: Houndstone|117/264\n|-sidestart|p2: Chicken347|move: Stealth Rock\n|\n|-heal|p2a: Houndstone|133/264|[from] item: Leftovers\n|-end|p1a: Kleavor|move: Yawn|[silent]\n|-status|p1a: Kleavor|slp\n|upkeep\n|turn|34\n|\n|t:|1781456805\n|switch|p1a: Wyrdeer|Wyrdeer, L87, M|155/321\n|-damage|p1a: Wyrdeer|115/321|[from] Stealth Rock\n|-ability|p1a: Wyrdeer|Intimidate|boost\n|-unboost|p2a: Houndstone|atk|1\n|switch|p2a: Grimmsnarl|Grimmsnarl, L83, M|196/293\n|-damage|p2a: Grimmsnarl|160/293|[from] Stealth Rock\n|\n|upkeep\n|turn|35\n|\n|t:|1781456817\n|move|p2a: Grimmsnarl|Parting Shot|p1a: Wyrdeer\n|-unboost|p1a: Wyrdeer|atk|1\n|-unboost|p1a: Wyrdeer|spa|1\n|\n|t:|1781456819\n|switch|p2a: Houndstone|Houndstone, L86, F|133/264|[from] Parting Shot\n|-damage|p2a: Houndstone|100/264|[from] Stealth Rock\n|move|p1a: Wyrdeer|Body Slam|p2a: Houndstone\n|-immune|p2a: Houndstone\n|\n|-heal|p2a: Houndstone|116/264|[from] item: Leftovers\n|upkeep\n|turn|36\n|\n|t:|1781456824\n|move|p2a: Houndstone|Body Press|p1a: Wyrdeer\n|-damage|p1a: Wyrdeer|45/321\n|move|p1a: Wyrdeer|Psychic Noise|p2a: Houndstone\n|-damage|p2a: Houndstone|58/264\n|-start|p2a: Houndstone|move: Heal Block\n|\n|upkeep\n|turn|37\n|\n|t:|1781456830\n|switch|p1a: Gyarados|Gyarados, L79, M|280/280\n|-ability|p1a: Gyarados|Intimidate|boost\n|-unboost|p2a: Houndstone|atk|1\n|move|p2a: Houndstone|Body Press|p1a: Gyarados\n|-resisted|p1a: Gyarados\n|-damage|p1a: Gyarados|243/280\n|\n|-end|p2a: Houndstone|move: Heal Block\n|upkeep\n|turn|38\n|\n|t:|1781456839\n|switch|p2a: Torkoal|Torkoal, L88, M|55/266\n|-weather|SunnyDay|[from] ability: Drought|[of] p2a: Torkoal\n|move|p1a: Gyarados|Dragon Dance|p1a: Gyarados\n|-boost|p1a: Gyarados|atk|1\n|-boost|p1a: Gyarados|spe|1\n|\n|-weather|SunnyDay|[upkeep]\n|upkeep\n|turn|39\n|\n|t:|1781456844\n|move|p1a: Gyarados|Waterfall|p2a: Torkoal\n|-supereffective|p2a: Torkoal\n|-damage|p2a: Torkoal|0 fnt\n|faint|p2a: Torkoal\n|\n|-weather|SunnyDay|[upkeep]\n|upkeep\n|\n|t:|1781456855\n|switch|p2a: Grimmsnarl|Grimmsnarl, L83, M|160/293\n|-damage|p2a: Grimmsnarl|124/293|[from] Stealth Rock\n|turn|40\n|\n|t:|1781456860\n|-terastallize|p1a: Gyarados|Flying\n|move|p2a: Grimmsnarl|Reflect|p2a: Grimmsnarl\n|-sidestart|p2: Chicken347|Reflect\n|move|p1a: Gyarados|Tera Blast|p2a: Grimmsnarl|[anim] Tera Blast Flying\n|-damage|p2a: Grimmsnarl|14/293\n|\n|-weather|SunnyDay|[upkeep]\n|upkeep\n|turn|41\n|\n|t:|1781456866\n|move|p2a: Grimmsnarl|Parting Shot|p1a: Gyarados\n|-unboost|p1a: Gyarados|atk|1\n|-unboost|p1a: Gyarados|spa|1\n|\n|t:|1781456872\n|switch|p2a: Zamazenta|Zamazenta-Crowned, L68|238/238|[from] Parting Shot\n|-damage|p2a: Zamazenta|231/238|[from] Stealth Rock\n|-ability|p2a: Zamazenta|Dauntless Shield|boost\n|-boost|p2a: Zamazenta|def|1\n|move|p1a: Gyarados|Dragon Dance|p1a: Gyarados\n|-boost|p1a: Gyarados|atk|1\n|-boost|p1a: Gyarados|spe|1\n|\n|-weather|SunnyDay|[upkeep]\n|upkeep\n|turn|42\n|\n|t:|1781456890\n|move|p1a: Gyarados|Dragon Dance|p1a: Gyarados\n|-boost|p1a: Gyarados|atk|1\n|-boost|p1a: Gyarados|spe|1\n|move|p2a: Zamazenta|Iron Defense|p2a: Zamazenta\n|-boost|p2a: Zamazenta|def|2\n|\n|-weather|none\n|upkeep\n|turn|43\n|\n|t:|1781456901\n|move|p1a: Gyarados|Earthquake|p2a: Zamazenta\n|-supereffective|p2a: Zamazenta\n|-damage|p2a: Zamazenta|178/238\n|move|p2a: Zamazenta|Iron Defense|p2a: Zamazenta\n|-boost|p2a: Zamazenta|def|2\n|\n|upkeep\n|turn|44\n|\n|t:|1781456904\n|move|p1a: Gyarados|Earthquake|p2a: Zamazenta\n|-supereffective|p2a: Zamazenta\n|-damage|p2a: Zamazenta|139/238\n|move|p2a: Zamazenta|Stone Edge|p1a: Gyarados\n|-supereffective|p1a: Gyarados\n|-damage|p1a: Gyarados|113/280\n|\n|-sideend|p2: Chicken347|Reflect\n|upkeep\n|turn|45\n|\n|t:|1781456919\n|-terastallize|p2a: Zamazenta|Ghost\n|move|p1a: Gyarados|Waterfall|p2a: Zamazenta\n|-damage|p2a: Zamazenta|94/238\n|move|p2a: Zamazenta|Stone Edge|p1a: Gyarados\n|-supereffective|p1a: Gyarados\n|-damage|p1a: Gyarados|0 fnt\n|faint|p1a: Gyarados\n|\n|upkeep\n|\n|t:|1781456928\n|switch|p1a: Dachsbun|Dachsbun, L92, F|222/254\n|-damage|p1a: Dachsbun|191/254|[from] Stealth Rock\n|turn|46\n|\n|t:|1781456932\n|move|p1a: Dachsbun|Yawn|p2a: Zamazenta\n|-start|p2a: Zamazenta|move: Yawn|[of] p1a: Dachsbun\n|move|p2a: Zamazenta|Heavy Slam|p1a: Dachsbun\n|-supereffective|p1a: Dachsbun\n|-damage|p1a: Dachsbun|39/254\n|\n|-heal|p1a: Dachsbun|54/254|[from] item: Leftovers\n|upkeep\n|turn|47\n|\n|t:|1781456949\n|move|p1a: Dachsbun|Protect|p1a: Dachsbun\n|-singleturn|p1a: Dachsbun|Protect\n|move|p2a: Zamazenta|Heavy Slam|p1a: Dachsbun\n|-activate|p1a: Dachsbun|move: Protect\n|\n|-heal|p1a: Dachsbun|69/254|[from] item: Leftovers\n|-end|p2a: Zamazenta|move: Yawn|[silent]\n|-message|Sleep Clause Mod activated.\n|-hint|Sleep Clause Mod prevents players from putting more than one of their opponent's Pok\u00e9mon to sleep at a time\n|upkeep\n|turn|48\n|\n|t:|1781456962\n|move|p1a: Dachsbun|Play Rough|p2a: Zamazenta\n|-damage|p2a: Zamazenta|72/238\n|move|p2a: Zamazenta|Heavy Slam|p1a: Dachsbun\n|-supereffective|p1a: Dachsbun\n|-damage|p1a: Dachsbun|0 fnt\n|faint|p1a: Dachsbun\n|\n|upkeep\n|\n|t:|1781456966\n|switch|p1a: Wyrdeer|Wyrdeer, L87, M|45/321\n|-damage|p1a: Wyrdeer|5/321|[from] Stealth Rock\n|-ability|p1a: Wyrdeer|Intimidate|boost\n|-unboost|p2a: Zamazenta|atk|1\n|turn|49\n|\n|t:|1781456969\n|move|p2a: Zamazenta|Body Press|p1a: Wyrdeer\n|-damage|p1a: Wyrdeer|0 fnt\n|faint|p1a: Wyrdeer\n|\n|upkeep\n|-message|castiel123 forfeited.\n|\n|win|Chicken347\n", "inputlog": ">version a8376a258c1d4662feba110a92103f3664a72141\n>start {\"formatid\":\"gen9randombattle\",\"seed\":\"sodium,79b59fa3638488d7d6ef138e99aca6f6\",\"rated\":\"Rated battle\"}\n>player p1 {\"name\":\"castiel123\",\"avatar\":\"170\",\"rating\":1986,\"seed\":\"sodium,2bc80d67bc18cd1010ccb8dd603ec7c1\"}\n>player p2 {\"name\":\"Chicken347\",\"avatar\":\"101\",\"rating\":2016,\"seed\":\"sodium,76ad009d36beb8f28276213f428fdd0f\"}\n>p1 move yawn\n>p2 move substitute\n>p1 switch 2\n>p2 switch 6\n>p1 switch 2\n>p2 move stealthrock\n>p1 move yawn\n>p2 move yawn\n>p1 switch 5\n>p2 switch 5\n>p1 move defog\n>p2 move reflect\n>p1 move stoneaxe\n>p2 move partingshot\n>p2 switch 3\n>p1 switch 2\n>p2 move earthquake\n>p1 move earthquake\n>p2 move psychicnoise\n>p1 move earthquake\n>p2 move psychicnoise\n>p1 switch 3\n>p2 switch 3\n>p1 move knockoff\n>p2 move lightscreen\n>p1 move flipturn\n>p2 move reflect\n>p1 switch 2\n>p1 move defog\n>p2 move partingshot\n>p2 switch 6\n>p1 move xscissor\n>p2 move leechseed\n>p1 move xscissor\n>p2 move protect\n>p1 switch 6\n>p2 move substitute\n>p1 move psychicnoise\n>p2 switch 6\n>p1 move bodyslam\n>p2 move partingshot\n>p2 switch 5\n>p1 switch 5\n>p2 move yawn\n>p1 move yawn\n>p2 switch 5\n>p1 move playrough\n>p2 move partingshot\n>p2 switch 6\n>p1 move yawn\n>p2 move leechseed\n>p1 move yawn\n>p2 move substitute\n>p1 switch 5\n>p2 move hypervoice\n>p1 move megahorn\n>p2 switch 4\n>p1 move psychicnoise\n>p2 move bodypress\n>p1 switch 2\n>p2 switch 6\n>p1 move tripleaxel\n>p2 move partingshot\n>p2 switch 5\n>p1 move surf\n>p2 move lavaplume\n>p1 move flipturn\n>p2 move yawn\n>p1 switch 5\n>p1 switch 5\n>p2 move stealthrock\n>p1 move flipturn\n>p2 move yawn\n>p1 switch 6\n>p1 move stoneaxe\n>p2 switch 6\n>p1 switch 2\n>p2 switch 5\n>p1 move bodyslam\n>p2 move partingshot\n>p2 switch 5\n>p1 move psychicnoise\n>p2 move bodypress\n>p1 switch 4\n>p2 move bodypress\n>p1 move dragondance\n>p2 switch 6\n>p1 move waterfall\n>p2 move yawn\n>p2 switch 5\n>p1 move terablast terastallize\n>p2 move reflect\n>p1 move dragondance\n>p2 move partingshot\n>p2 switch 2\n>p1 move dragondance\n>p2 move irondefense\n>p1 move earthquake\n>p2 move irondefense\n>p1 move earthquake\n>p2 move stoneedge\n>p1 move waterfall\n>p2 move stoneedge terastallize\n>p1 switch 5\n>p1 move yawn\n>p2 move heavyslam\n>p1 move protect\n>p2 move heavyslam\n>p1 move playrough\n>p2 move heavyslam\n>p1 switch 4\n>p1 move psychicnoise\n>p2 move bodypress\n>forcelose p1", "uploadtime": 1781456350, "views": 5, "formatid": "gen9randombattle", "rating": null, "private": 0, "password": null, "player_dets": [{"name": "castiel123", "avatar": "170", "rating": 1986, "seed": "sodium,2bc80d67bc18cd1010ccb8dd603ec7c1"}, {"name": "Chicken347", "avatar": "101", "rating": 2016, "seed": "sodium,76ad009d36beb8f28276213f428fdd0f"}], "teams_full": [{"Dachsbun": {"name": "Dachsbun", "species": "Dachsbun", "speciesId": "dachsbun", "gender": "F", "shiny": false, "level": 92, "moves": ["wish", "playrough", "protect", "yawn"], "ability": "Well-Baked Body", "evs": {"hp": 85, "atk": 85, "def": 85, "spa": 85, "spd": 85, "spe": 85}, "ivs": {"hp": 31, "atk": 31, "def": 31, "spa": 31, "spd": 31, "spe": 31}, "item": "Leftovers", "teraType": "Steel", "role": "Bulky Support", "bvs": {"hp": 57, "atk": 80, "def": 115, "spa": 50, "spd": 80, "spe": 95}, "stats": {"hp": 254, "atk": 200, "def": 264, "spa": 144, "spd": 200, "spe": 227}, "types": ["Fairy"]}, "Golurk": {"name": "Golurk", "species": "Golurk", "speciesId": "golurk", "gender": "N", "shiny": false, "level": 87, "moves": ["poltergeist", "stoneedge", "earthquake", "stealthrock"], "ability": "No Guard", "evs": {"hp": 85, "atk": 85, "def": 85, "spa": 85, "spd": 85, "spe": 85}, "ivs": {"hp": 31, "atk": 31, "def": 31, "spa": 31, "spd": 31, "spe": 31}, "item": "Life Orb", "teraType": "Ghost", "role": "Wallbreaker", "bvs": {"hp": 89, "atk": 124, "def": 80, "spa": 55, "spd": 80, "spe": 55}, "stats": {"hp": 297, "atk": 266, "def": 189, "spa": 145, "spd": 189, "spe": 145}, "types": ["Ground", "Ghost"]}, "Dewgong": {"name": "Dewgong", "species": "Dewgong", "speciesId": "dewgong", "gender": "F", "shiny": false, "level": 94, "moves": ["surf", "tripleaxel", "knockoff", "flipturn"], "ability": "Thick Fat", "evs": {"hp": 85, "atk": 85, "def": 85, "spa": 85, "spd": 85, "spe": 85}, "ivs": {"hp": 31, "atk": 31, "def": 31, "spa": 31, "spd": 31, "spe": 31}, "item": "Assault Vest", "teraType": "Dragon", "role": "Bulky Attacker", "bvs": {"hp": 90, "atk": 70, "def": 80, "spa": 70, "spd": 95, "spe": 70}, "stats": {"hp": 322, "atk": 185, "def": 204, "spa": 185, "spd": 232, "spe": 185}, "types": ["Water", "Ice"]}, "Gyarados": {"name": "Gyarados", "species": "Gyarados", "speciesId": "gyarados", "gender": "M", "shiny": false, "level": 79, "moves": ["waterfall", "dragondance", "terablast", "earthquake"], "ability": "Intimidate", "evs": {"hp": 85, "atk": 85, "def": 85, "spa": 85, "spd": 85, "spe": 85}, "ivs": {"hp": 31, "atk": 31, "def": 31, "spa": 31, "spd": 31, "spe": 31}, "item": "Heavy-Duty Boots", "teraType": "Flying", "role": "Tera Blast user", "bvs": {"hp": 95, "atk": 125, "def": 79, "spa": 60, "spd": 100, "spe": 81}, "stats": {"hp": 280, "atk": 243, "def": 170, "spa": 140, "spd": 204, "spe": 174}, "types": ["Water", "Flying"]}, "Kleavor": {"name": "Kleavor", "species": "Kleavor", "speciesId": "kleavor", "gender": "F", "shiny": false, "level": 78, "moves": ["defog", "xscissor", "stoneaxe", "closecombat"], "ability": "Sharpness", "evs": {"hp": 85, "atk": 85, "def": 85, "spa": 85, "spd": 85, "spe": 85}, "ivs": {"hp": 31, "atk": 31, "def": 31, "spa": 31, "spd": 31, "spe": 31}, "item": "Heavy-Duty Boots", "teraType": "Fighting", "role": "Bulky Attacker", "bvs": {"hp": 70, "atk": 135, "def": 95, "spa": 45, "spd": 70, "spe": 85}, "stats": {"hp": 237, "atk": 256, "def": 193, "spa": 115, "spd": 154, "spe": 178}, "types": ["Bug", "Rock"]}, "Wyrdeer": {"name": "Wyrdeer", "species": "Wyrdeer", "speciesId": "wyrdeer", "gender": "M", "shiny": false, "level": 87, "moves": ["megahorn", "earthquake", "bodyslam", "psychicnoise"], "ability": "Intimidate", "evs": {"hp": 85, "atk": 85, "def": 85, "spa": 85, "spd": 85, "spe": 85}, "ivs": {"hp": 31, "atk": 31, "def": 31, "spa": 31, "spd": 31, "spe": 31}, "item": "Assault Vest", "teraType": "Ground", "role": "Bulky Attacker", "bvs": {"hp": 103, "atk": 105, "def": 72, "spa": 105, "spd": 75, "spe": 65}, "stats": {"hp": 321, "atk": 232, "def": 175, "spa": 232, "spd": 180, "spe": 163}, "types": ["Normal", "Psychic"]}}, {"Arboliva": {"name": "Arboliva", "species": "Arboliva", "speciesId": "arboliva", "gender": "F", "shiny": false, "level": 91, "moves": ["hypervoice", "protect", "leechseed", "substitute"], "ability": "Harvest", "evs": {"hp": 77, "atk": 0, "def": 85, "spa": 85, "spd": 85, "spe": 85}, "ivs": {"hp": 31, "atk": 0, "def": 31, "spa": 31, "spd": 31, "spe": 31}, "item": "Sitrus Berry", "teraType": "Water", "role": "Bulky Support", "bvs": {"hp": 78, "atk": 69, "def": 90, "spa": 125, "spd": 109, "spe": 39}, "stats": {"hp": 288, "atk": 130, "def": 216, "spa": 279, "spd": 250, "spe": 123}, "types": ["Grass", "Normal"]}, "Zamazenta": {"name": "Zamazenta", "species": "Zamazenta", "speciesId": "zamazentacrowned", "gender": "N", "shiny": false, "level": 68, "moves": ["stoneedge", "heavyslam", "irondefense", "bodypress"], "ability": "Dauntless Shield", "evs": {"hp": 85, "atk": 85, "def": 85, "spa": 85, "spd": 85, "spe": 85}, "ivs": {"hp": 31, "atk": 31, "def": 31, "spa": 31, "spd": 31, "spe": 31}, "item": "Rusted Shield", "teraType": "Ghost", "role": "Bulky Setup", "bvs": {"hp": 92, "atk": 120, "def": 115, "spa": 80, "spd": 115, "spe": 138}, "stats": {"hp": 238, "atk": 203, "def": 196, "spa": 149, "spd": 196, "spe": 228}, "types": ["Fighting"]}, "Wyrdeer": {"name": "Wyrdeer", "species": "Wyrdeer", "speciesId": "wyrdeer", "gender": "M", "shiny": false, "level": 87, "moves": ["bodyslam", "earthquake", "megahorn", "psychicnoise"], "ability": "Intimidate", "evs": {"hp": 85, "atk": 85, "def": 85, "spa": 85, "spd": 85, "spe": 85}, "ivs": {"hp": 31, "atk": 31, "def": 31, "spa": 31, "spd": 31, "spe": 31}, "item": "Assault Vest", "teraType": "Ground", "role": "Bulky Attacker", "bvs": {"hp": 103, "atk": 105, "def": 72, "spa": 105, "spd": 75, "spe": 65}, "stats": {"hp": 321, "atk": 232, "def": 175, "spa": 232, "spd": 180, "spe": 163}, "types": ["Normal", "Psychic"]}, "Houndstone": {"name": "Houndstone", "species": "Houndstone", "speciesId": "houndstone", "gender": "F", "shiny": false, "level": 86, "moves": ["sleeptalk", "poltergeist", "bodypress", "rest"], "ability": "Fluffy", "evs": {"hp": 85, "atk": 85, "def": 85, "spa": 85, "spd": 85, "spe": 85}, "ivs": {"hp": 31, "atk": 31, "def": 31, "spa": 31, "spd": 31, "spe": 31}, "item": "Leftovers", "teraType": "Fighting", "role": "Bulky Support", "bvs": {"hp": 72, "atk": 101, "def": 100, "spa": 50, "spd": 97, "spe": 68}, "stats": {"hp": 264, "atk": 223, "def": 221, "spa": 135, "spd": 216, "spe": 166}, "types": ["Ghost"]}, "Grimmsnarl": {"name": "Grimmsnarl", "species": "Grimmsnarl", "speciesId": "grimmsnarl", "gender": "M", "shiny": false, "level": 83, "moves": ["reflect", "spiritbreak", "partingshot", "lightscreen"], "ability": "Prankster", "evs": {"hp": 85, "atk": 85, "def": 85, "spa": 85, "spd": 85, "spe": 85}, "ivs": {"hp": 31, "atk": 31, "def": 31, "spa": 31, "spd": 31, "spe": 31}, "item": "Light Clay", "teraType": "Poison", "role": "Bulky Support", "bvs": {"hp": 95, "atk": 120, "def": 65, "spa": 95, "spd": 75, "spe": 60}, "stats": {"hp": 293, "atk": 247, "def": 156, "spa": 205, "spd": 172, "spe": 147}, "types": ["Dark", "Fairy"]}, "Torkoal": {"name": "Torkoal", "species": "Torkoal", "speciesId": "torkoal", "gender": "M", "shiny": false, "level": 88, "moves": ["rapidspin", "stealthrock", "yawn", "lavaplume"], "ability": "Drought", "evs": {"hp": 85, "atk": 85, "def": 85, "spa": 85, "spd": 85, "spe": 85}, "ivs": {"hp": 31, "atk": 31, "def": 31, "spa": 31, "spd": 31, "spe": 31}, "item": "Heavy-Duty Boots", "teraType": "Dragon", "role": "Bulky Support", "bvs": {"hp": 70, "atk": 85, "def": 140, "spa": 85, "spd": 70, "spe": 20}, "stats": {"hp": 266, "atk": 200, "def": 297, "spa": 200, "spd": 173, "spe": 85}, "types": ["Fire"]}}]}