{"id": "gen9randombattle-2631649617", "format": "[Gen 9] Random Battle", "players": ["monrayhudson", "lalo's pollos"], "log": "|j|\u2606monrayhudson\n|j|\u2606lalo's pollos\n|t:|1781414821\n|gametype|singles\n|player|p1|monrayhudson|blue|1968\n|player|p2|lalo's pollos|1|1961\n|gen|9\n|tier|[Gen 9] Random Battle\n|rated|\n|rule|Species Clause: Limit one of each Pok\u00e9mon\n|rule|HP Percentage Mod: HP is shown in percentages\n|rule|Sleep Clause Mod: Limit one foe put to sleep\n|rule|Illusion Level Mod: Illusion disguises the Pok\u00e9mon's true level\n|\n|t:|1781414821\n|teamsize|p1|6\n|teamsize|p2|6\n|start\n|switch|p1a: Honchkrow|Honchkrow, L86, M|312/312\n|switch|p2a: Zapdos|Zapdos, L78|268/268\n|turn|1\n|inactive|Battle timer is ON: inactive players will automatically lose when time's up. (requested by monrayhudson)\n|inactive|lalo's pollos has 120 seconds left.\n|\n|t:|1781414885\n|switch|p1a: Raichu|Raichu, L88, M|249/249\n|move|p2a: Zapdos|Discharge|p1a: Raichu\n|-ability|p1a: Raichu|Lightning Rod|boost\n|-boost|p1a: Raichu|spa|1\n|\n|upkeep\n|turn|2\n|\n|t:|1781414894\n|switch|p2a: Iron Leaves|Iron Leaves, L80|275/275\n|move|p1a: Raichu|Thunderbolt|p2a: Iron Leaves\n|-resisted|p2a: Iron Leaves\n|-damage|p2a: Iron Leaves|188/275\n|-damage|p1a: Raichu|225/249|[from] item: Life Orb\n|\n|upkeep\n|turn|3\n|\n|t:|1781414910\n|switch|p1a: Lokix|Lokix, L82, F|251/251\n|move|p2a: Iron Leaves|Megahorn|p1a: Lokix\n|-supereffective|p1a: Lokix\n|-damage|p1a: Lokix|0 fnt\n|faint|p1a: Lokix\n|\n|upkeep\n|\n|t:|1781414920\n|switch|p1a: Honchkrow|Honchkrow, L86, M|312/312\n|turn|4\n|\n|t:|1781414938\n|-end|p2a: Iron Leaves|Quark Drive|[silent]\n|switch|p2a: Tinkaton|Tinkaton, L82, F|274/274\n|-ability|p2a: Tinkaton|Mold Breaker\n|move|p1a: Honchkrow|Heat Wave|p2a: Tinkaton\n|-supereffective|p2a: Tinkaton\n|-damage|p2a: Tinkaton|140/274\n|\n|-heal|p2a: Tinkaton|157/274|[from] item: Leftovers\n|upkeep\n|turn|5\n|\n|t:|1781414949\n|switch|p1a: Flareon|Flareon, L90, F|263/263\n|move|p2a: Tinkaton|Play Rough|p1a: Flareon\n|-resisted|p1a: Flareon\n|-damage|p1a: Flareon|215/263\n|-unboost|p1a: Flareon|atk|1\n|\n|-heal|p2a: Tinkaton|174/274|[from] item: Leftovers\n|-status|p1a: Flareon|tox|[from] item: Toxic Orb\n|upkeep\n|turn|6\n|\n|t:|1781414961\n|move|p2a: Tinkaton|Stealth Rock|p1a: Flareon\n|-sidestart|p1: monrayhudson|move: Stealth Rock\n|move|p1a: Flareon|Flare Blitz|p2a: Tinkaton\n|-supereffective|p2a: Tinkaton\n|-crit|p2a: Tinkaton\n|-damage|p2a: Tinkaton|0 fnt\n|faint|p2a: Tinkaton\n|-damage|p1a: Flareon|158/263 tox|[from] Recoil\n|\n|-damage|p1a: Flareon|142/263 tox|[from] psn\n|upkeep\n|\n|t:|1781414979\n|switch|p2a: Iron Bundle|Iron Bundle, L78|215/215\n|turn|7\n|inactive|monrayhudson has 120 seconds left.\n|inactive|monrayhudson has 90 seconds left.\n|\n|t:|1781415045\n|move|p2a: Iron Bundle|Hydro Pump|p1a: Flareon\n|-supereffective|p1a: Flareon\n|-damage|p1a: Flareon|0 fnt\n|faint|p1a: Flareon\n|\n|upkeep\n|\n|t:|1781415057\n|switch|p1a: Falinks|Falinks, L84|246/246\n|-damage|p1a: Falinks|231/246|[from] Stealth Rock\n|turn|8\n|\n|t:|1781415086\n|-end|p2a: Iron Bundle|Quark Drive|[silent]\n|switch|p2a: Gliscor|Gliscor, L76, M|239/239\n|move|p1a: Falinks|Close Combat|p2a: Gliscor\n|-resisted|p2a: Gliscor\n|-damage|p2a: Gliscor|166/239\n|-unboost|p1a: Falinks|def|1\n|-unboost|p1a: Falinks|spd|1\n|-damage|p1a: Falinks|207/246|[from] item: Life Orb\n|\n|-status|p2a: Gliscor|tox|[from] item: Toxic Orb\n|upkeep\n|turn|9\n|\n|t:|1781415110\n|move|p2a: Gliscor|Toxic|p1a: Falinks\n|-status|p1a: Falinks|tox\n|move|p1a: Falinks|Knock Off|p2a: Gliscor\n|-damage|p2a: Gliscor|95/239 tox\n|-enditem|p2a: Gliscor|Toxic Orb|[from] move: Knock Off|[of] p1a: Falinks\n|-damage|p1a: Falinks|183/246 tox|[from] item: Life Orb\n|\n|-heal|p2a: Gliscor|124/239 tox|[from] ability: Poison Heal\n|-damage|p1a: Falinks|168/246 tox|[from] psn\n|upkeep\n|turn|10\n|\n|t:|1781415115\n|move|p2a: Gliscor|Protect|p2a: Gliscor\n|-singleturn|p2a: Gliscor|Protect\n|move|p1a: Falinks|No Retreat|p1a: Falinks\n|-boost|p1a: Falinks|atk|1\n|-boost|p1a: Falinks|def|1\n|-boost|p1a: Falinks|spa|1\n|-boost|p1a: Falinks|spd|1\n|-boost|p1a: Falinks|spe|1\n|-start|p1a: Falinks|move: No Retreat\n|\n|-damage|p1a: Falinks|138/246 tox|[from] psn\n|-heal|p2a: Gliscor|153/239 tox|[from] ability: Poison Heal\n|upkeep\n|turn|11\n|\n|t:|1781415120\n|move|p1a: Falinks|Close Combat|p2a: Gliscor\n|-resisted|p2a: Gliscor\n|-damage|p2a: Gliscor|48/239 tox\n|-unboost|p1a: Falinks|def|1\n|-unboost|p1a: Falinks|spd|1\n|-damage|p1a: Falinks|114/246 tox|[from] item: Life Orb\n|move|p2a: Gliscor|Earthquake|p1a: Falinks\n|-crit|p1a: Falinks\n|-damage|p1a: Falinks|0 fnt\n|faint|p1a: Falinks\n|\n|-heal|p2a: Gliscor|77/239 tox|[from] ability: Poison Heal\n|upkeep\n|inactive|monrayhudson has 90 seconds left.\n|\n|t:|1781415128\n|switch|p1a: Raichu|Raichu, L88, M|225/249\n|-damage|p1a: Raichu|194/249|[from] Stealth Rock\n|turn|12\n|\n|t:|1781415136\n|move|p2a: Gliscor|Protect|p2a: Gliscor\n|-singleturn|p2a: Gliscor|Protect\n|move|p1a: Raichu|Surf|p2a: Gliscor\n|-activate|p2a: Gliscor|move: Protect\n|\n|-heal|p2a: Gliscor|106/239 tox|[from] ability: Poison Heal\n|upkeep\n|turn|13\n|\n|t:|1781415139\n|switch|p2a: Iron Leaves|Iron Leaves, L80|188/275\n|move|p1a: Raichu|Surf|p2a: Iron Leaves\n|-resisted|p2a: Iron Leaves\n|-damage|p2a: Iron Leaves|152/275\n|-damage|p1a: Raichu|170/249|[from] item: Life Orb\n|\n|upkeep\n|turn|14\n|\n|t:|1781415148\n|switch|p1a: Honchkrow|Honchkrow, L86, M|312/312\n|move|p2a: Iron Leaves|Megahorn|p1a: Honchkrow\n|-damage|p1a: Honchkrow|103/312\n|\n|upkeep\n|turn|15\n|\n|t:|1781415153\n|move|p2a: Iron Leaves|Megahorn|p1a: Honchkrow\n|-damage|p1a: Honchkrow|0 fnt\n|faint|p1a: Honchkrow\n|\n|upkeep\n|inactive|monrayhudson has 120 seconds left.\n|-message|monrayhudson forfeited.\n|\n|win|lalo's pollos\n", "inputlog": ">version a8376a258c1d4662feba110a92103f3664a72141\n>start {\"formatid\":\"gen9randombattle\",\"seed\":\"sodium,1bd85281ce974ec2b9855b43e0af335a\",\"rated\":\"Rated battle\"}\n>player p1 {\"name\":\"monrayhudson\",\"avatar\":\"blue\",\"rating\":1968,\"seed\":\"sodium,5b34faf73cd2d871c1f5fe312c8fc5dc\"}\n>player p2 {\"name\":\"lalo's pollos\",\"avatar\":\"1\",\"rating\":1961,\"seed\":\"sodium,417e00d483ffb39ee43565d3825c7bf7\"}\n>p1 switch 5\n>p2 move discharge\n>p1 move thunderbolt\n>p2 switch 3\n>p1 switch 2\n>p2 move megahorn\n>p1 switch 5\n>p1 move heatwave\n>p2 switch 4\n>p1 switch 6\n>p2 move playrough\n>p1 move flareblitz\n>p2 move stealthrock\n>p2 switch 6\n>p1 move flareblitz\n>p2 move hydropump\n>p1 switch 4\n>p1 move closecombat\n>p2 switch 2\n>p1 move knockoff\n>p2 move toxic\n>p1 move noretreat\n>p2 move protect\n>p1 move closecombat\n>p2 move earthquake\n>p1 switch 2\n>p1 move surf\n>p2 move protect\n>p1 move surf\n>p2 switch 4\n>p1 switch 6\n>p2 move megahorn\n>p1 move bravebird\n>p2 move megahorn\n>forcelose p1", "uploadtime": 1781414822, "views": 4, "formatid": "gen9randombattle", "rating": null, "private": 0, "password": null, "player_dets": [{"name": "monrayhudson", "avatar": "blue", "rating": 1968, "seed": "sodium,5b34faf73cd2d871c1f5fe312c8fc5dc"}, {"name": "lalo's pollos", "avatar": "1", "rating": 1961, "seed": "sodium,417e00d483ffb39ee43565d3825c7bf7"}], "teams_full": [{"Honchkrow": {"name": "Honchkrow", "species": "Honchkrow", "speciesId": "honchkrow", "gender": "M", "shiny": false, "level": 86, "moves": ["suckerpunch", "heatwave", "bravebird", "uturn"], "ability": "Moxie", "evs": {"hp": 85, "atk": 85, "def": 85, "spa": 85, "spd": 85, "spe": 85}, "ivs": {"hp": 31, "atk": 31, "def": 31, "spa": 31, "spd": 31, "spe": 31}, "item": "Heavy-Duty Boots", "teraType": "Flying", "role": "Fast Attacker", "bvs": {"hp": 100, "atk": 125, "def": 52, "spa": 105, "spd": 52, "spe": 71}, "stats": {"hp": 312, "atk": 264, "def": 139, "spa": 230, "spd": 139, "spe": 171}, "types": ["Dark", "Flying"]}, "Lokix": {"name": "Lokix", "species": "Lokix", "speciesId": "lokix", "gender": "F", "shiny": false, "level": 82, "moves": ["suckerpunch", "firstimpression", "leechlife", "knockoff"], "ability": "Tinted Lens", "evs": {"hp": 85, "atk": 85, "def": 85, "spa": 85, "spd": 85, "spe": 85}, "ivs": {"hp": 31, "atk": 31, "def": 31, "spa": 31, "spd": 31, "spe": 31}, "item": "Life Orb", "teraType": "Bug", "role": "Wallbreaker", "bvs": {"hp": 71, "atk": 102, "def": 78, "spa": 52, "spd": 55, "spe": 92}, "stats": {"hp": 251, "atk": 214, "def": 175, "spa": 132, "spd": 137, "spe": 198}, "types": ["Bug", "Dark"]}, "Espeon": {"name": "Espeon", "species": "Espeon", "speciesId": "espeon", "gender": "F", "shiny": false, "level": 84, "moves": ["calmmind", "psyshock", "shadowball", "alluringvoice"], "ability": "Magic Bounce", "evs": {"hp": 85, "atk": 0, "def": 85, "spa": 85, "spd": 85, "spe": 85}, "ivs": {"hp": 31, "atk": 0, "def": 31, "spa": 31, "spd": 31, "spe": 31}, "item": "Life Orb", "teraType": "Fairy", "role": "Fast Attacker", "bvs": {"hp": 65, "atk": 65, "def": 60, "spa": 130, "spd": 95, "spe": 110}, "stats": {"hp": 246, "atk": 114, "def": 149, "spa": 267, "spd": 208, "spe": 233}, "types": ["Psychic"]}, "Falinks": {"name": "Falinks", "species": "Falinks", "speciesId": "falinks", "gender": "N", "shiny": false, "level": 84, "moves": ["knockoff", "closecombat", "ironhead", "noretreat"], "ability": "Defiant", "evs": {"hp": 85, "atk": 85, "def": 85, "spa": 85, "spd": 85, "spe": 85}, "ivs": {"hp": 31, "atk": 31, "def": 31, "spa": 31, "spd": 31, "spe": 31}, "item": "Life Orb", "teraType": "Steel", "role": "Setup Sweeper", "bvs": {"hp": 65, "atk": 100, "def": 100, "spa": 70, "spd": 60, "spe": 75}, "stats": {"hp": 246, "atk": 216, "def": 216, "spa": 166, "spd": 149, "spe": 174}, "types": ["Fighting"]}, "Raichu": {"name": "Raichu", "species": "Raichu", "speciesId": "raichu", "gender": "M", "shiny": false, "level": 88, "moves": ["surf", "terablast", "nastyplot", "thunderbolt"], "ability": "Lightning Rod", "evs": {"hp": 85, "atk": 0, "def": 85, "spa": 85, "spd": 85, "spe": 85}, "ivs": {"hp": 31, "atk": 0, "def": 31, "spa": 31, "spd": 31, "spe": 31}, "item": "Life Orb", "teraType": "Ice", "role": "Tera Blast user", "bvs": {"hp": 60, "atk": 90, "def": 55, "spa": 90, "spd": 80, "spe": 110}, "stats": {"hp": 249, "atk": 163, "def": 147, "spa": 209, "spd": 191, "spe": 244}, "types": ["Electric"]}, "Flareon": {"name": "Flareon", "species": "Flareon", "speciesId": "flareon", "gender": "F", "shiny": false, "level": 90, "moves": ["quickattack", "flareblitz", "facade", "trailblaze"], "ability": "Guts", "evs": {"hp": 85, "atk": 85, "def": 85, "spa": 85, "spd": 85, "spe": 85}, "ivs": {"hp": 31, "atk": 31, "def": 31, "spa": 31, "spd": 31, "spe": 31}, "item": "Toxic Orb", "teraType": "Normal", "role": "Setup Sweeper", "bvs": {"hp": 65, "atk": 130, "def": 60, "spa": 95, "spd": 110, "spe": 65}, "stats": {"hp": 263, "atk": 285, "def": 159, "spa": 222, "spd": 249, "spe": 168}, "types": ["Fire"]}}, {"Zapdos": {"name": "Zapdos", "species": "Zapdos", "speciesId": "zapdos", "gender": "N", "shiny": false, "level": 78, "moves": ["roost", "hurricane", "discharge", "heatwave"], "ability": "Static", "evs": {"hp": 85, "atk": 0, "def": 85, "spa": 85, "spd": 85, "spe": 85}, "ivs": {"hp": 31, "atk": 0, "def": 31, "spa": 31, "spd": 31, "spe": 31}, "item": "Heavy-Duty Boots", "teraType": "Electric", "role": "Bulky Attacker", "bvs": {"hp": 90, "atk": 90, "def": 85, "spa": 125, "spd": 90, "spe": 100}, "stats": {"hp": 268, "atk": 145, "def": 178, "spa": 240, "spd": 185, "spe": 201}, "types": ["Electric", "Flying"]}, "Gliscor": {"name": "Gliscor", "species": "Gliscor", "speciesId": "gliscor", "gender": "M", "shiny": false, "level": 76, "moves": ["toxic", "earthquake", "knockoff", "protect"], "ability": "Poison Heal", "evs": {"hp": 85, "atk": 85, "def": 85, "spa": 85, "spd": 85, "spe": 85}, "ivs": {"hp": 31, "atk": 31, "def": 31, "spa": 31, "spd": 31, "spe": 31}, "item": "Toxic Orb", "teraType": "Water", "role": "Bulky Support", "bvs": {"hp": 75, "atk": 95, "def": 125, "spa": 45, "spd": 75, "spe": 95}, "stats": {"hp": 239, "atk": 188, "def": 234, "spa": 112, "spd": 158, "spe": 188}, "types": ["Ground", "Flying"]}, "Iron Leaves": {"name": "Iron Leaves", "species": "Iron Leaves", "speciesId": "ironleaves", "gender": "N", "shiny": false, "level": 80, "moves": ["closecombat", "megahorn", "leafblade", "psyblade"], "ability": "Quark Drive", "evs": {"hp": 85, "atk": 85, "def": 85, "spa": 85, "spd": 85, "spe": 85}, "ivs": {"hp": 31, "atk": 31, "def": 31, "spa": 31, "spd": 31, "spe": 31}, "item": "Choice Band", "teraType": "Fighting", "role": "Wallbreaker", "bvs": {"hp": 90, "atk": 130, "def": 88, "spa": 70, "spd": 108, "spe": 104}, "stats": {"hp": 275, "atk": 254, "def": 187, "spa": 158, "spd": 219, "spe": 213}, "types": ["Grass", "Psychic"]}, "Tinkaton": {"name": "Tinkaton", "species": "Tinkaton", "speciesId": "tinkaton", "gender": "F", "shiny": false, "level": 82, "moves": ["thunderwave", "stealthrock", "gigatonhammer", "playrough"], "ability": "Mold Breaker", "evs": {"hp": 85, "atk": 85, "def": 85, "spa": 85, "spd": 85, "spe": 85}, "ivs": {"hp": 31, "atk": 31, "def": 31, "spa": 31, "spd": 31, "spe": 31}, "item": "Leftovers", "teraType": "Water", "role": "Bulky Attacker", "bvs": {"hp": 85, "atk": 75, "def": 77, "spa": 70, "spd": 105, "spe": 94}, "stats": {"hp": 274, "atk": 170, "def": 173, "spa": 162, "spd": 219, "spe": 201}, "types": ["Fairy", "Steel"]}, "Mimikyu": {"name": "Mimikyu", "species": "Mimikyu", "speciesId": "mimikyu", "gender": "M", "shiny": false, "level": 79, "moves": ["shadowclaw", "shadowsneak", "playrough", "swordsdance"], "ability": "Disguise", "evs": {"hp": 85, "atk": 85, "def": 85, "spa": 85, "spd": 85, "spe": 85}, "ivs": {"hp": 31, "atk": 31, "def": 31, "spa": 31, "spd": 31, "spe": 31}, "item": "Life Orb", "teraType": "Fairy", "role": "Fast Bulky Setup", "bvs": {"hp": 55, "atk": 90, "def": 80, "spa": 50, "spd": 105, "spe": 96}, "stats": {"hp": 216, "atk": 188, "def": 172, "spa": 125, "spd": 211, "spe": 197}, "types": ["Ghost", "Fairy"]}, "Iron Bundle": {"name": "Iron Bundle", "species": "Iron Bundle", "speciesId": "ironbundle", "gender": "N", "shiny": false, "level": 78, "moves": ["encore", "freezedry", "icebeam", "hydropump"], "ability": "Quark Drive", "evs": {"hp": 85, "atk": 0, "def": 85, "spa": 85, "spd": 85, "spe": 85}, "ivs": {"hp": 31, "atk": 0, "def": 31, "spa": 31, "spd": 31, "spe": 31}, "item": "Heavy-Duty Boots", "teraType": "Ice", "role": "Fast Attacker", "bvs": {"hp": 56, "atk": 80, "def": 114, "spa": 124, "spd": 60, "spe": 136}, "stats": {"hp": 215, "atk": 129, "def": 223, "spa": 239, "spd": 139, "spe": 257}, "types": ["Ice", "Water"]}}]}