{"id": "gen9randombattle-2632001616", "format": "[Gen 9] Random Battle", "players": ["TossedOnYourNeck", "Aurrem173"], "log": "|j|\u2606TossedOnYourNeck\n|j|\u2606Aurrem173\n|t:|1781464663\n|gametype|singles\n|player|p1|TossedOnYourNeck|102|1972\n|player|p2|Aurrem173|veteranf|2037\n|gen|9\n|tier|[Gen 9] Random Battle\n|rated|\n|rule|Species Clause: Limit one of each Pok\u00e9mon\n|rule|HP Percentage Mod: HP is shown in percentages\n|rule|Sleep Clause Mod: Limit one foe put to sleep\n|rule|Illusion Level Mod: Illusion disguises the Pok\u00e9mon's true level\n|\n|t:|1781464663\n|teamsize|p1|6\n|teamsize|p2|6\n|start\n|switch|p1a: Deoxys|Deoxys-Attack, L72|191/191\n|switch|p2a: Blastoise|Blastoise, L80, F|258/258\n|-ability|p1a: Deoxys|Pressure\n|turn|1\n|inactive|Battle timer is ON: inactive players will automatically lose when time's up. (requested by Aurrem173)\n|inactive|TossedOnYourNeck has 120 seconds left.\n|inactive|Aurrem173 has 120 seconds left.\n|\n|t:|1781464704\n|switch|p1a: Swampert|Swampert, L83, F|302/302\n|switch|p2a: Grumpig|Grumpig, L92, F|297/297\n|\n|upkeep\n|turn|2\n|\n|t:|1781464719\n|move|p2a: Grumpig|Psychic|p1a: Swampert\n|-crit|p1a: Swampert\n|-damage|p1a: Swampert|149/302\n|move|p1a: Swampert|Yawn|p2a: Grumpig\n|-start|p2a: Grumpig|move: Yawn|[of] p1a: Swampert\n|\n|-heal|p1a: Swampert|167/302|[from] item: Leftovers\n|upkeep\n|turn|3\n|\n|t:|1781464727\n|switch|p2a: Weezing|Weezing-Galar, L86, M|252/252\n|switch|p1a: Hydreigon|Hydreigon, L79, F|275/275\n|\n|upkeep\n|turn|4\n|\n|t:|1781464738\n|switch|p1a: Girafarig|Girafarig, L89, M|269/269\n|move|p2a: Weezing|Strange Steam|p1a: Girafarig\n|-damage|p1a: Girafarig|203/269\n|\n|upkeep\n|turn|5\n|\n|t:|1781464755\n|move|p1a: Girafarig|Hyper Voice|p2a: Weezing\n|-damage|p2a: Weezing|140/252\n|move|p2a: Weezing|Gunk Shot|p1a: Girafarig|[miss]\n|-miss|p2a: Weezing|p1a: Girafarig\n|\n|-heal|p2a: Weezing|155/252|[from] item: Leftovers\n|upkeep\n|turn|6\n|\n|t:|1781464762\n|switch|p2a: Probopass|Probopass, L91, F|257/257\n|move|p1a: Girafarig|Nasty Plot|p1a: Girafarig\n|-boost|p1a: Girafarig|spa|2\n|\n|upkeep\n|turn|7\n|\n|t:|1781464766\n|move|p1a: Girafarig|Thunderbolt|p2a: Probopass\n|-damage|p2a: Probopass|180/257\n|move|p2a: Probopass|Iron Defense|p2a: Probopass\n|-boost|p2a: Probopass|def|2\n|\n|upkeep\n|turn|8\n|\n|t:|1781464779\n|move|p1a: Girafarig|Thunderbolt|p2a: Probopass\n|-damage|p2a: Probopass|106/257\n|move|p2a: Probopass|Iron Defense|p2a: Probopass\n|-boost|p2a: Probopass|def|2\n|\n|upkeep\n|turn|9\n|\n|t:|1781464789\n|switch|p1a: Pikachu|Pikachu-Hoenn, L93, M|216/216\n|move|p2a: Probopass|Rest|p2a: Probopass\n|-status|p2a: Probopass|slp|[from] move: Rest\n|-heal|p2a: Probopass|257/257 slp|[silent]\n|-enditem|p2a: Probopass|Chesto Berry|[eat]\n|-curestatus|p2a: Probopass|slp|[msg]\n|\n|upkeep\n|turn|10\n|\n|t:|1781464794\n|move|p1a: Pikachu|Surf|p2a: Probopass\n|-supereffective|p2a: Probopass\n|-damage|p2a: Probopass|147/257\n|move|p2a: Probopass|Body Press|p1a: Pikachu\n|-damage|p1a: Pikachu|0 fnt\n|faint|p1a: Pikachu\n|\n|upkeep\n|\n|t:|1781464806\n|switch|p1a: Swampert|Swampert, L83, F|167/302\n|turn|11\n|\n|t:|1781464809\n|move|p1a: Swampert|Earthquake|p2a: Probopass\n|-supereffective|p2a: Probopass\n|-damage|p2a: Probopass|59/257\n|move|p2a: Probopass|Body Press|p1a: Swampert\n|-damage|p1a: Swampert|0 fnt\n|faint|p1a: Swampert\n|\n|upkeep\n|\n|t:|1781464819\n|switch|p1a: Hydreigon|Hydreigon, L79, F|275/275\n|turn|12\n|\n|t:|1781464824\n|move|p1a: Hydreigon|Dark Pulse|p2a: Probopass\n|-damage|p2a: Probopass|0 fnt\n|faint|p2a: Probopass\n|-damage|p1a: Hydreigon|248/275|[from] item: Life Orb\n|\n|upkeep\n|\n|t:|1781464829\n|switch|p2a: Weezing|Weezing-Galar, L86, M|155/252\n|turn|13\n|\n|t:|1781464835\n|switch|p1a: Girafarig|Girafarig, L89, M|203/269\n|move|p2a: Weezing|Gunk Shot|p1a: Girafarig|[miss]\n|-miss|p2a: Weezing|p1a: Girafarig\n|\n|-heal|p2a: Weezing|170/252|[from] item: Leftovers\n|upkeep\n|turn|14\n|\n|t:|1781464845\n|switch|p2a: Arceus|Arceus-Fire, L72|291/291\n|move|p1a: Girafarig|Psyshock|p2a: Arceus\n|-damage|p2a: Arceus|215/291\n|\n|upkeep\n|turn|15\n|\n|t:|1781464854\n|move|p2a: Arceus|Dragon Dance|p2a: Arceus\n|-boost|p2a: Arceus|atk|1\n|-boost|p2a: Arceus|spe|1\n|move|p1a: Girafarig|Nasty Plot|p1a: Girafarig\n|-boost|p1a: Girafarig|spa|2\n|\n|upkeep\n|turn|16\n|\n|t:|1781464858\n|move|p2a: Arceus|Flare Blitz|p1a: Girafarig\n|-damage|p1a: Girafarig|37/269\n|-damage|p2a: Arceus|160/291|[from] Recoil\n|move|p1a: Girafarig|Hyper Voice|p2a: Arceus\n|-damage|p2a: Arceus|0 fnt\n|faint|p2a: Arceus\n|\n|upkeep\n|\n|t:|1781464868\n|switch|p2a: Grumpig|Grumpig, L92, F|297/297\n|turn|17\n|\n|t:|1781464876\n|move|p2a: Grumpig|Focus Blast|p1a: Girafarig|[miss]\n|-miss|p2a: Grumpig|p1a: Girafarig\n|move|p1a: Girafarig|Hyper Voice|p2a: Grumpig\n|-damage|p2a: Grumpig|129/297\n|\n|upkeep\n|turn|18\n|\n|t:|1781464878\n|move|p2a: Grumpig|Focus Blast|p1a: Girafarig|[miss]\n|-miss|p2a: Grumpig|p1a: Girafarig\n|move|p1a: Girafarig|Hyper Voice|p2a: Grumpig\n|-damage|p2a: Grumpig|0 fnt\n|faint|p2a: Grumpig\n|\n|upkeep\n|-message|TossedOnYourNeck forfeited.\n|\n|win|Aurrem173\n", "inputlog": ">version a8376a258c1d4662feba110a92103f3664a72141\n>start {\"formatid\":\"gen9randombattle\",\"seed\":\"sodium,305466e011ededbb1a99ae794e7bcd54\",\"rated\":\"Rated battle\"}\n>player p1 {\"name\":\"TossedOnYourNeck\",\"avatar\":\"102\",\"rating\":1972,\"seed\":\"sodium,22190d6e84513bb6706d031e3b5f598a\"}\n>player p2 {\"name\":\"Aurrem173\",\"avatar\":\"veteranf\",\"rating\":2037,\"seed\":\"sodium,f9c3565d7a31116793dbc3efe5d7edf1\"}\n>p1 switch 4\n>p2 switch 3\n>p1 move yawn\n>p2 move psychic\n>p1 switch 5\n>p2 switch 5\n>p1 switch 2\n>p2 move strangesteam\n>p1 move hypervoice\n>p2 move gunkshot\n>p1 move nastyplot\n>p2 switch 6\n>p1 move thunderbolt\n>p2 move irondefense\n>p1 move thunderbolt\n>p2 move irondefense\n>p1 switch 6\n>p2 move rest\n>p1 move surf\n>p2 move bodypress\n>p1 switch 5\n>p1 move earthquake\n>p2 move bodypress\n>p1 switch 2\n>p1 move darkpulse\n>p2 move bodypress\n>p2 switch 6\n>p1 switch 6\n>p2 move gunkshot\n>p1 move psyshock\n>p2 switch 2\n>p1 move nastyplot\n>p2 move dragondance\n>p1 move hypervoice\n>p2 move flareblitz\n>p2 switch 5\n>p1 move hypervoice\n>p2 move focusblast\n>p1 move hypervoice\n>p2 move focusblast\n>forcelose p1", "uploadtime": 1781464666, "views": 5, "formatid": "gen9randombattle", "rating": null, "private": 0, "password": null, "player_dets": [{"name": "TossedOnYourNeck", "avatar": "102", "rating": 1972, "seed": "sodium,22190d6e84513bb6706d031e3b5f598a"}, {"name": "Aurrem173", "avatar": "veteranf", "rating": 2037, "seed": "sodium,f9c3565d7a31116793dbc3efe5d7edf1"}], "teams_full": [{"Deoxys": {"name": "Deoxys", "species": "Deoxys-Attack", "speciesId": "deoxysattack", "gender": "N", "shiny": false, "level": 72, "moves": ["superpower", "icebeam", "psychoboost", "knockoff"], "ability": "Pressure", "evs": {"hp": 85, "atk": 85, "def": 85, "spa": 85, "spd": 85, "spe": 85}, "ivs": {"hp": 31, "atk": 31, "def": 31, "spa": 31, "spd": 31, "spe": 31}, "item": "Life Orb", "teraType": "Fighting", "role": "Wallbreaker", "bvs": {"hp": 50, "atk": 180, "def": 20, "spa": 180, "spd": 20, "spe": 150}, "stats": {"hp": 191, "atk": 301, "def": 71, "spa": 301, "spd": 71, "spe": 258}}, "Girafarig": {"name": "Girafarig", "species": "Girafarig", "speciesId": "girafarig", "gender": "M", "shiny": false, "level": 89, "moves": ["thunderbolt", "psyshock", "nastyplot", "hypervoice"], "ability": "Sap Sipper", "evs": {"hp": 85, "atk": 0, "def": 85, "spa": 85, "spd": 85, "spe": 85}, "ivs": {"hp": 31, "atk": 0, "def": 31, "spa": 31, "spd": 31, "spe": 31}, "item": "Eviolite", "teraType": "Normal", "role": "Fast Bulky Setup", "bvs": {"hp": 70, "atk": 80, "def": 65, "spa": 90, "spd": 65, "spe": 85}, "stats": {"hp": 269, "atk": 147, "def": 166, "spa": 211, "spd": 166, "spe": 202}}, "Terrakion": {"name": "Terrakion", "species": "Terrakion", "speciesId": "terrakion", "gender": "N", "shiny": false, "level": 79, "moves": ["earthquake", "stoneedge", "closecombat", "swordsdance"], "ability": "Justified", "evs": {"hp": 85, "atk": 85, "def": 85, "spa": 85, "spd": 85, "spe": 85}, "ivs": {"hp": 31, "atk": 31, "def": 31, "spa": 31, "spd": 31, "spe": 31}, "item": "Life Orb", "teraType": "Ground", "role": "Setup Sweeper", "bvs": {"hp": 91, "atk": 129, "def": 90, "spa": 72, "spd": 90, "spe": 108}, "stats": {"hp": 273, "atk": 249, "def": 188, "spa": 159, "spd": 188, "spe": 216}}, "Swampert": {"name": "Swampert", "species": "Swampert", "speciesId": "swampert", "gender": "F", "shiny": false, "level": 83, "moves": ["yawn", "earthquake", "flipturn", "icebeam"], "ability": "Torrent", "evs": {"hp": 85, "atk": 85, "def": 85, "spa": 85, "spd": 85, "spe": 85}, "ivs": {"hp": 31, "atk": 31, "def": 31, "spa": 31, "spd": 31, "spe": 31}, "item": "Leftovers", "teraType": "Poison", "role": "Bulky Support", "bvs": {"hp": 100, "atk": 110, "def": 90, "spa": 85, "spd": 90, "spe": 60}, "stats": {"hp": 302, "atk": 230, "def": 197, "spa": 189, "spd": 197, "spe": 147}}, "Hydreigon": {"name": "Hydreigon", "species": "Hydreigon", "speciesId": "hydreigon", "gender": "F", "shiny": false, "level": 79, "moves": ["fireblast", "nastyplot", "darkpulse", "dracometeor"], "ability": "Levitate", "evs": {"hp": 85, "atk": 0, "def": 85, "spa": 85, "spd": 85, "spe": 85}, "ivs": {"hp": 31, "atk": 0, "def": 31, "spa": 31, "spd": 31, "spe": 31}, "item": "Life Orb", "teraType": "Fire", "role": "Fast Attacker", "bvs": {"hp": 92, "atk": 105, "def": 90, "spa": 125, "spd": 90, "spe": 98}, "stats": {"hp": 275, "atk": 170, "def": 188, "spa": 243, "spd": 188, "spe": 200}}, "Pikachu": {"name": "Pikachu", "species": "Pikachu-Hoenn", "speciesId": "pikachu", "gender": "M", "shiny": false, "level": 93, "moves": ["knockoff", "fakeout", "surf", "volttackle"], "ability": "Lightning Rod", "evs": {"hp": 85, "atk": 85, "def": 85, "spa": 85, "spd": 85, "spe": 85}, "ivs": {"hp": 31, "atk": 31, "def": 31, "spa": 31, "spd": 31, "spe": 31}, "item": "Light Ball", "teraType": "Water", "role": "Fast Attacker", "bvs": {"hp": 35, "atk": 55, "def": 40, "spa": 50, "spd": 50, "spe": 90}, "stats": {"hp": 216, "atk": 155, "def": 127, "spa": 146, "spd": 146, "spe": 220}}}, {"Blastoise": {"name": "Blastoise", "species": "Blastoise", "speciesId": "blastoise", "gender": "F", "shiny": false, "level": 80, "moves": ["icebeam", "hydropump", "earthquake", "shellsmash"], "ability": "Torrent", "evs": {"hp": 85, "atk": 85, "def": 85, "spa": 85, "spd": 85, "spe": 85}, "ivs": {"hp": 31, "atk": 31, "def": 31, "spa": 31, "spd": 31, "spe": 31}, "item": "White Herb", "teraType": "Water", "role": "Setup Sweeper", "bvs": {"hp": 79, "atk": 83, "def": 100, "spa": 85, "spd": 105, "spe": 78}, "stats": {"hp": 258, "atk": 179, "def": 206, "spa": 182, "spd": 214, "spe": 171}}, "Arceus": {"name": "Arceus", "species": "Arceus-Fire", "speciesId": "arceusfire", "gender": "N", "shiny": false, "level": 72, "moves": ["earthquake", "flareblitz", "dragondance", "recover"], "ability": "Multitype", "evs": {"hp": 81, "atk": 85, "def": 85, "spa": 85, "spd": 85, "spe": 85}, "ivs": {"hp": 31, "atk": 31, "def": 31, "spa": 31, "spd": 31, "spe": 31}, "item": "Flame Plate", "teraType": "Fire", "role": "Fast Bulky Setup", "bvs": {"hp": 120, "atk": 120, "def": 120, "spa": 120, "spd": 120, "spe": 120}, "stats": {"hp": 291, "atk": 215, "def": 215, "spa": 215, "spd": 215, "spe": 215}}, "Grumpig": {"name": "Grumpig", "species": "Grumpig", "speciesId": "grumpig", "gender": "F", "shiny": false, "level": 92, "moves": ["focusblast", "trick", "shadowball", "psychic"], "ability": "Thick Fat", "evs": {"hp": 85, "atk": 0, "def": 85, "spa": 85, "spd": 85, "spe": 85}, "ivs": {"hp": 31, "atk": 0, "def": 31, "spa": 31, "spd": 31, "spe": 31}, "item": "Choice Scarf", "teraType": "Psychic", "role": "Bulky Attacker", "bvs": {"hp": 80, "atk": 45, "def": 65, "spa": 90, "spd": 110, "spe": 80}, "stats": {"hp": 297, "atk": 87, "def": 172, "spa": 218, "spd": 255, "spe": 200}}, "Exeggutor": {"name": "Exeggutor", "species": "Exeggutor-Alola", "speciesId": "exeggutoralola", "gender": "F", "shiny": false, "level": 89, "moves": ["gigadrain", "calmmind", "flamethrower", "dragonpulse"], "ability": "Harvest", "evs": {"hp": 85, "atk": 0, "def": 85, "spa": 85, "spd": 85, "spe": 85}, "ivs": {"hp": 31, "atk": 0, "def": 31, "spa": 31, "spd": 31, "spe": 31}, "item": "Sitrus Berry", "teraType": "Fire", "role": "Bulky Setup", "bvs": {"hp": 95, "atk": 105, "def": 85, "spa": 125, "spd": 75, "spe": 45}, "stats": {"hp": 314, "atk": 191, "def": 202, "spa": 273, "spd": 184, "spe": 131}}, "Weezing": {"name": "Weezing", "species": "Weezing-Galar", "speciesId": "weezinggalar", "gender": "M", "shiny": false, "level": 86, "moves": ["defog", "fireblast", "gunkshot", "strangesteam"], "ability": "Levitate", "evs": {"hp": 85, "atk": 85, "def": 85, "spa": 85, "spd": 85, "spe": 85}, "ivs": {"hp": 31, "atk": 31, "def": 31, "spa": 31, "spd": 31, "spe": 31}, "item": "Leftovers", "teraType": "Steel", "role": "Bulky Support", "bvs": {"hp": 65, "atk": 90, "def": 120, "spa": 85, "spd": 70, "spe": 60}, "stats": {"hp": 252, "atk": 204, "def": 256, "spa": 195, "spd": 170, "spe": 152}}, "Probopass": {"name": "Probopass", "species": "Probopass", "speciesId": "probopass", "gender": "F", "shiny": false, "level": 91, "moves": ["powergem", "bodypress", "irondefense", "rest"], "ability": "Magnet Pull", "evs": {"hp": 85, "atk": 0, "def": 85, "spa": 85, "spd": 85, "spe": 85}, "ivs": {"hp": 31, "atk": 0, "def": 31, "spa": 31, "spd": 31, "spe": 31}, "item": "Chesto Berry", "teraType": "Fighting", "role": "Bulky Setup", "bvs": {"hp": 60, "atk": 55, "def": 145, "spa": 75, "spd": 150, "spe": 40}, "stats": {"hp": 257, "atk": 105, "def": 316, "spa": 188, "spd": 325, "spe": 125}}}]}