{"id": "gen9randombattle-2632018360", "format": "[Gen 9] Random Battle", "players": ["Flei", "shyshedinja"], "log": "|j|\u2606Flei\n|j|\u2606shyshedinja\n|t:|1781466507\n|gametype|singles\n|player|p1|Flei|ghetsis-gen5bw|\n|player|p2|shyshedinja|ash-kalos|\n|gen|9\n|tier|[Gen 9] Random Battle\n|rule|Species Clause: Limit one of each Pok\u00e9mon\n|rule|HP Percentage Mod: HP is shown in percentages\n|rule|Sleep Clause Mod: Limit one foe put to sleep\n|rule|Illusion Level Mod: Illusion disguises the Pok\u00e9mon's true level\n|\n|t:|1781466507\n|teamsize|p1|6\n|teamsize|p2|6\n|start\n|switch|p1a: Crabominable|Crabominable, L90, F|321/321\n|switch|p2a: Kyogre|Kyogre, L71|259/259\n|-weather|RainDance|[from] ability: Drizzle|[of] p2a: Kyogre\n|turn|1\n|inactive|Battle timer is ON: inactive players will automatically lose when time's up. (requested by shyshedinja)\n|c|\u2606shyshedinja|ABUENO\n|c|\u2606Flei|A\n|c|\u2606shyshedinja|empezamo duro\n|\n|t:|1781466520\n|move|p2a: Kyogre|Water Spout|p1a: Crabominable\n|-damage|p1a: Crabominable|134/321\n|move|p1a: Crabominable|Knock Off|p2a: Kyogre\n|-damage|p2a: Kyogre|140/259\n|-enditem|p2a: Kyogre|Choice Scarf|[from] move: Knock Off|[of] p1a: Crabominable\n|\n|-weather|RainDance|[upkeep]\n|upkeep\n|turn|2\n|\n|t:|1781466530\n|move|p2a: Kyogre|Origin Pulse|p1a: Crabominable|[miss]\n|-miss|p2a: Kyogre|p1a: Crabominable\n|move|p1a: Crabominable|Drain Punch|p2a: Kyogre\n|-damage|p2a: Kyogre|0 fnt\n|-heal|p1a: Crabominable|204/321|[from] drain|[of] p2a: Kyogre\n|faint|p2a: Kyogre\n|\n|-weather|RainDance|[upkeep]\n|upkeep\n|c|\u2606shyshedinja|...\n|\n|t:|1781466544\n|switch|p2a: Pecharunt|Pecharunt, L77|262/262\n|turn|3\n|\n|t:|1781466550\n|move|p2a: Pecharunt|Malignant Chain|p1a: Crabominable\n|-damage|p1a: Crabominable|140/321\n|move|p1a: Crabominable|Knock Off|p2a: Pecharunt\n|-supereffective|p2a: Pecharunt\n|-damage|p2a: Pecharunt|120/262\n|-enditem|p2a: Pecharunt|Leftovers|[from] move: Knock Off|[of] p1a: Crabominable\n|\n|-weather|RainDance|[upkeep]\n|upkeep\n|turn|4\n|\n|t:|1781466561\n|move|p2a: Pecharunt|Parting Shot|p1a: Crabominable\n|-unboost|p1a: Crabominable|atk|1\n|-unboost|p1a: Crabominable|spa|1\n|\n|t:|1781466566\n|switch|p2a: Raichu|Raichu-Alola, L87, M|246/246|[from] Parting Shot\n|move|p1a: Crabominable|Earthquake|p2a: Raichu\n|-supereffective|p2a: Raichu\n|-damage|p2a: Raichu|36/246\n|\n|-weather|RainDance|[upkeep]\n|upkeep\n|turn|5\n|c|\u2606shyshedinja|vale\n|\n|t:|1781466578\n|move|p2a: Raichu|Alluring Voice|p1a: Crabominable\n|-supereffective|p1a: Crabominable\n|-crit|p1a: Crabominable\n|-damage|p1a: Crabominable|0 fnt\n|faint|p1a: Crabominable\n|-damage|p2a: Raichu|12/246|[from] item: Life Orb\n|\n|-weather|none\n|upkeep\n|\n|t:|1781466586\n|switch|p1a: Kilowattrel|Kilowattrel, L83, M|252/252\n|turn|6\n|\n|t:|1781466596\n|switch|p2a: Komala|Komala, L88, M|258/258\n|-ability|p2a: Komala|Comatose\n|move|p1a: Kilowattrel|U-turn|p2a: Komala\n|-damage|p2a: Komala|212/258\n|\n|t:|1781466616\n|switch|p1a: Sudowoodo|Sudowoodo, L94, F|284/284|[from] U-turn\n|\n|upkeep\n|turn|7\n|\n|t:|1781466624\n|move|p2a: Komala|Knock Off|p1a: Sudowoodo\n|-damage|p1a: Sudowoodo|219/284\n|-enditem|p1a: Sudowoodo|Choice Band|[from] move: Knock Off|[of] p2a: Komala\n|move|p1a: Sudowoodo|Head Smash|p2a: Komala\n|-damage|p2a: Komala|0 fnt\n|faint|p2a: Komala\n|\n|upkeep\n|\n|t:|1781466636\n|switch|p2a: Bellossom|Bellossom, L84, M|263/263\n|turn|8\n|\n|t:|1781466643\n|move|p2a: Bellossom|Quiver Dance|p2a: Bellossom\n|-boost|p2a: Bellossom|spa|1\n|-boost|p2a: Bellossom|spd|1\n|-boost|p2a: Bellossom|spe|1\n|move|p1a: Sudowoodo|Head Smash|p2a: Bellossom\n|-damage|p2a: Bellossom|67/263\n|\n|-heal|p2a: Bellossom|83/263|[from] item: Leftovers\n|upkeep\n|turn|9\n|\n|t:|1781466654\n|-terastallize|p1a: Sudowoodo|Grass\n|move|p2a: Bellossom|Strength Sap|p1a: Sudowoodo\n|-unboost|p1a: Sudowoodo|atk|1\n|-heal|p2a: Bellossom|263/263\n|move|p1a: Sudowoodo|Head Smash|p2a: Bellossom|[miss]\n|-miss|p1a: Sudowoodo|p2a: Bellossom\n|\n|upkeep\n|turn|10\n|\n|t:|1781466663\n|switch|p1a: Kilowattrel|Kilowattrel, L83, M|252/252\n|move|p2a: Bellossom|Moonblast|p1a: Kilowattrel\n|-damage|p1a: Kilowattrel|136/252\n|\n|upkeep\n|turn|11\n|\n|t:|1781466671\n|-terastallize|p2a: Bellossom|Fairy\n|move|p1a: Kilowattrel|Hurricane|p2a: Bellossom|[miss]\n|-miss|p1a: Kilowattrel|p2a: Bellossom\n|move|p2a: Bellossom|Quiver Dance|p2a: Bellossom\n|-boost|p2a: Bellossom|spa|1\n|-boost|p2a: Bellossom|spd|1\n|-boost|p2a: Bellossom|spe|1\n|\n|upkeep\n|turn|12\n|\n|t:|1781466678\n|move|p2a: Bellossom|Moonblast|p1a: Kilowattrel\n|-damage|p1a: Kilowattrel|0 fnt\n|faint|p1a: Kilowattrel\n|\n|upkeep\n|\n|t:|1781466682\n|switch|p1a: Seviper|Seviper, L93, F|287/287\n|turn|13\n|\n|t:|1781466692\n|switch|p2a: Pincurchin|Pincurchin, F|258/258\n|-fieldstart|move: Electric Terrain|[from] ability: Electric Surge|[of] p2a: Pincurchin\n|move|p1a: Seviper|Gunk Shot|p2a: Pincurchin\n|-damage|p2a: Pincurchin|131/258\n|\n|-heal|p2a: Pincurchin|147/258|[from] item: Leftovers\n|upkeep\n|turn|14\n|\n|t:|1781466701\n|move|p1a: Seviper|Earthquake|p2a: Pincurchin\n|-supereffective|p2a: Pincurchin\n|-damage|p2a: Pincurchin|0 fnt\n|faint|p2a: Pincurchin\n|\n|upkeep\n|\n|t:|1781466710\n|switch|p2a: Raichu|Raichu-Alola, L87, M|12/246\n|turn|15\n|\n|t:|1781466716\n|switch|p1a: Sudowoodo|Sudowoodo, L94, F, tera:Grass|219/284\n|move|p2a: Raichu|Psyshock|p1a: Sudowoodo\n|-damage|p1a: Sudowoodo|137/284\n|-damage|p2a: Raichu|0 fnt|[from] item: Life Orb\n|faint|p2a: Raichu\n|\n|upkeep\n|\n|t:|1781466722\n|switch|p2a: Pecharunt|Pecharunt, L77|120/262\n|turn|16\n|\n|t:|1781466731\n|move|p1a: Sudowoodo|Sucker Punch||[still]\n|-fail|p1a: Sudowoodo\n|move|p2a: Pecharunt|Parting Shot|p1a: Sudowoodo\n|-unboost|p1a: Sudowoodo|atk|1\n|-unboost|p1a: Sudowoodo|spa|1\n|\n|t:|1781466735\n|switch|p2a: Bellossom|Bellossom, L84, M, tera:Fairy|263/263|[from] Parting Shot\n|\n|upkeep\n|turn|17\n|\n|t:|1781466744\n|switch|p1a: Seviper|Seviper, L93, F|287/287\n|move|p2a: Bellossom|Strength Sap|p1a: Seviper\n|-unboost|p1a: Seviper|atk|1\n|\n|-fieldend|move: Electric Terrain\n|upkeep\n|turn|18\n|\n|t:|1781466751\n|switch|p2a: Pecharunt|Pecharunt, L77|120/262\n|move|p1a: Seviper|Swords Dance|p1a: Seviper\n|-boost|p1a: Seviper|atk|2\n|\n|upkeep\n|turn|19\n|c|\u2606shyshedinja|gg\n|\n|t:|1781466759\n|move|p2a: Pecharunt|Parting Shot|p1a: Seviper\n|-unboost|p1a: Seviper|atk|1\n|-unboost|p1a: Seviper|spa|1\n|\n|t:|1781466760\n|switch|p2a: Bellossom|Bellossom, L84, M, tera:Fairy|263/263|[from] Parting Shot\n|move|p1a: Seviper|Trailblaze|p2a: Bellossom\n|-damage|p2a: Bellossom|219/263\n|-boost|p1a: Seviper|spe|1\n|\n|-heal|p2a: Bellossom|235/263|[from] item: Leftovers\n|upkeep\n|turn|20\n|\n|t:|1781466767\n|move|p1a: Seviper|Gunk Shot|p2a: Bellossom\n|-supereffective|p2a: Bellossom\n|-damage|p2a: Bellossom|0 fnt\n|faint|p2a: Bellossom\n|\n|upkeep\n|\n|t:|1781466768\n|switch|p2a: Pecharunt|Pecharunt, L77|120/262\n|turn|21\n|\n|t:|1781466770\n|move|p1a: Seviper|Earthquake|p2a: Pecharunt\n|-supereffective|p2a: Pecharunt\n|-crit|p2a: Pecharunt\n|-damage|p2a: Pecharunt|0 fnt\n|faint|p2a: Pecharunt\n|\n|win|Flei\n|l|\u2606shyshedinja\n|player|p2|\n", "inputlog": ">version a8376a258c1d4662feba110a92103f3664a72141\n>start {\"formatid\":\"gen9randombattle\",\"seed\":\"sodium,11458b0df854f2f17789746b04a0904a\"}\n>player p1 {\"name\":\"Flei\",\"avatar\":\"ghetsis-gen5bw\",\"rating\":0,\"seed\":\"sodium,4de969cb4f5c4146b8e5fe049a538e39\"}\n>player p2 {\"name\":\"shyshedinja\",\"avatar\":\"ash-kalos\",\"rating\":0,\"seed\":\"sodium,f2534446450eb251390692e2b202ca15\"}\n>chat \u2606shyshedinja|ABUENO\n>chat \u2606Flei|A\n>chat \u2606shyshedinja|empezamo duro\n>p1 move knockoff\n>p2 move waterspout\n>p1 move drainpunch\n>p2 move originpulse\n>chat \u2606shyshedinja|...\n>p2 switch 4\n>p1 move knockoff\n>p2 move malignantchain\n>p1 move earthquake\n>p2 move partingshot\n>p2 switch 2\n>chat \u2606shyshedinja|vale\n>p1 move knockoff\n>p2 move alluringvoice\n>p1 switch 2\n>p1 move uturn\n>p2 switch 6\n>p1 switch 4\n>p1 move headsmash\n>p2 move knockoff\n>p2 switch 5\n>p1 move headsmash\n>p2 move quiverdance\n>p1 move headsmash terastallize\n>p2 move strengthsap\n>p1 switch 4\n>p2 move moonblast\n>p1 move hurricane\n>p2 move quiverdance terastallize\n>p1 move discharge\n>p2 move moonblast\n>p1 switch 5\n>p1 move gunkshot\n>p2 switch 3\n>p1 move earthquake\n>p2 move recover\n>p2 switch 6\n>p1 switch 4\n>p2 move psyshock\n>p2 switch 2\n>p1 move suckerpunch\n>p2 move partingshot\n>p2 switch 3\n>p1 switch 4\n>p2 move strengthsap\n>p1 move swordsdance\n>p2 switch 3\n>chat \u2606shyshedinja|gg\n>p1 move trailblaze\n>p2 move partingshot\n>p2 switch 3\n>p1 move gunkshot\n>p2 move quiverdance\n>p2 switch 3\n>p1 move earthquake\n>p2 move shadowball", "uploadtime": 1781466773, "views": 4, "formatid": "gen9randombattle", "rating": null, "private": 0, "password": null, "player_dets": [{"name": "Flei", "avatar": "ghetsis-gen5bw", "rating": 0, "seed": "sodium,4de969cb4f5c4146b8e5fe049a538e39"}, {"name": "shyshedinja", "avatar": "ash-kalos", "rating": 0, "seed": "sodium,f2534446450eb251390692e2b202ca15"}], "teams_full": [{"Crabominable": {"name": "Crabominable", "species": "Crabominable", "speciesId": "crabominable", "gender": "F", "shiny": false, "level": 90, "moves": ["knockoff", "drainpunch", "icehammer", "earthquake"], "ability": "Iron Fist", "evs": {"hp": 85, "atk": 85, "def": 85, "spa": 85, "spd": 85, "spe": 85}, "ivs": {"hp": 31, "atk": 31, "def": 31, "spa": 31, "spd": 31, "spe": 31}, "item": "Assault Vest", "teraType": "Ground", "role": "AV Pivot", "bvs": {"hp": 97, "atk": 132, "def": 77, "spa": 62, "spd": 67, "spe": 43}, "stats": {"hp": 321, "atk": 289, "def": 190, "spa": 163, "spd": 172, "spe": 129}, "types": ["Fighting", "Ice"]}, "Kilowattrel": {"name": "Kilowattrel", "species": "Kilowattrel", "speciesId": "kilowattrel", "gender": "M", "shiny": false, "level": 83, "moves": ["hurricane", "uturn", "roost", "discharge"], "ability": "Volt Absorb", "evs": {"hp": 85, "atk": 85, "def": 85, "spa": 85, "spd": 85, "spe": 85}, "ivs": {"hp": 31, "atk": 31, "def": 31, "spa": 31, "spd": 31, "spe": 31}, "item": "Heavy-Duty Boots", "teraType": "Water", "role": "Bulky Attacker", "bvs": {"hp": 70, "atk": 70, "def": 60, "spa": 105, "spd": 60, "spe": 125}, "stats": {"hp": 252, "atk": 164, "def": 147, "spa": 222, "spd": 147, "spe": 255}, "types": ["Electric", "Flying"]}, "Manaphy": {"name": "Manaphy", "species": "Manaphy", "speciesId": "manaphy", "gender": "N", "shiny": false, "level": 78, "moves": ["energyball", "surf", "icebeam", "tailglow"], "ability": "Hydration", "evs": {"hp": 85, "atk": 0, "def": 85, "spa": 85, "spd": 85, "spe": 85}, "ivs": {"hp": 31, "atk": 0, "def": 31, "spa": 31, "spd": 31, "spe": 31}, "item": "Leftovers", "teraType": "Grass", "role": "Bulky Setup", "bvs": {"hp": 100, "atk": 100, "def": 100, "spa": 100, "spd": 100, "spe": 100}, "stats": {"hp": 284, "atk": 161, "def": 201, "spa": 201, "spd": 201, "spe": 201}, "types": ["Water"]}, "Sudowoodo": {"name": "Sudowoodo", "species": "Sudowoodo", "speciesId": "sudowoodo", "gender": "F", "shiny": false, "level": 94, "moves": ["woodhammer", "earthquake", "headsmash", "suckerpunch"], "ability": "Rock Head", "evs": {"hp": 85, "atk": 85, "def": 85, "spa": 85, "spd": 85, "spe": 85}, "ivs": {"hp": 31, "atk": 31, "def": 31, "spa": 31, "spd": 31, "spe": 31}, "item": "Choice Band", "teraType": "Grass", "role": "Bulky Attacker", "bvs": {"hp": 70, "atk": 100, "def": 115, "spa": 30, "spd": 65, "spe": 30}, "stats": {"hp": 284, "atk": 241, "def": 270, "spa": 110, "spd": 176, "spe": 110}, "types": ["Rock"]}, "Seviper": {"name": "Seviper", "species": "Seviper", "speciesId": "seviper", "gender": "F", "shiny": false, "level": 93, "moves": ["gunkshot", "earthquake", "trailblaze", "swordsdance"], "ability": "Shed Skin", "evs": {"hp": 85, "atk": 85, "def": 85, "spa": 85, "spd": 85, "spe": 85}, "ivs": {"hp": 31, "atk": 31, "def": 31, "spa": 31, "spd": 31, "spe": 31}, "item": "Leftovers", "teraType": "Grass", "role": "Bulky Setup", "bvs": {"hp": 73, "atk": 100, "def": 60, "spa": 100, "spd": 60, "spe": 65}, "stats": {"hp": 287, "atk": 239, "def": 164, "spa": 239, "spd": 164, "spe": 174}, "types": ["Poison"]}, "Clawitzer": {"name": "Clawitzer", "species": "Clawitzer", "speciesId": "clawitzer", "gender": "F", "shiny": false, "level": 87, "moves": ["dragonpulse", "waterpulse", "uturn", "darkpulse"], "ability": "Mega Launcher", "evs": {"hp": 85, "atk": 85, "def": 85, "spa": 85, "spd": 85, "spe": 85}, "ivs": {"hp": 31, "atk": 31, "def": 31, "spa": 31, "spd": 31, "spe": 31}, "item": "Assault Vest", "teraType": "Dragon", "role": "AV Pivot", "bvs": {"hp": 71, "atk": 73, "def": 88, "spa": 120, "spd": 89, "spe": 59}, "stats": {"hp": 265, "atk": 177, "def": 203, "spa": 259, "spd": 205, "spe": 152}, "types": ["Water"]}}, {"Kyogre": {"name": "Kyogre", "species": "Kyogre", "speciesId": "kyogre", "gender": "N", "shiny": false, "level": 71, "moves": ["icebeam", "waterspout", "originpulse", "thunder"], "ability": "Drizzle", "evs": {"hp": 85, "atk": 0, "def": 85, "spa": 85, "spd": 85, "spe": 85}, "ivs": {"hp": 31, "atk": 0, "def": 31, "spa": 31, "spd": 31, "spe": 31}, "item": "Choice Scarf", "teraType": "Water", "role": "Fast Attacker", "bvs": {"hp": 100, "atk": 100, "def": 90, "spa": 150, "spd": 140, "spe": 90}, "stats": {"hp": 259, "atk": 147, "def": 169, "spa": 254, "spd": 240, "spe": 169}, "types": ["Water"]}, "Raichu": {"name": "Raichu", "species": "Raichu-Alola", "speciesId": "raichualola", "gender": "M", "shiny": false, "level": 87, "moves": ["psyshock", "nastyplot", "alluringvoice", "thunderbolt"], "ability": "Surge Surfer", "evs": {"hp": 85, "atk": 0, "def": 85, "spa": 85, "spd": 85, "spe": 85}, "ivs": {"hp": 31, "atk": 0, "def": 31, "spa": 31, "spd": 31, "spe": 31}, "item": "Life Orb", "teraType": "Fairy", "role": "Setup Sweeper", "bvs": {"hp": 60, "atk": 85, "def": 50, "spa": 95, "spd": 85, "spe": 110}, "stats": {"hp": 246, "atk": 152, "def": 137, "spa": 215, "spd": 198, "spe": 241}, "types": ["Electric", "Psychic"]}, "Pincurchin": {"name": "Pincurchin", "species": "Pincurchin", "speciesId": "pincurchin", "gender": "F", "shiny": false, "level": 100, "moves": ["curse", "liquidation", "recover", "zingzap"], "ability": "Electric Surge", "evs": {"hp": 85, "atk": 85, "def": 85, "spa": 85, "spd": 85, "spe": 85}, "ivs": {"hp": 31, "atk": 31, "def": 31, "spa": 31, "spd": 31, "spe": 31}, "item": "Leftovers", "teraType": "Water", "role": "Bulky Setup", "bvs": {"hp": 48, "atk": 101, "def": 95, "spa": 91, "spd": 85, "spe": 15}, "stats": {"hp": 258, "atk": 259, "def": 247, "spa": 239, "spd": 227, "spe": 87}, "types": ["Electric"]}, "Pecharunt": {"name": "Pecharunt", "species": "Pecharunt", "speciesId": "pecharunt", "gender": "N", "shiny": false, "level": 77, "moves": ["shadowball", "recover", "partingshot", "malignantchain"], "ability": "Poison Puppeteer", "evs": {"hp": 85, "atk": 0, "def": 85, "spa": 85, "spd": 85, "spe": 85}, "ivs": {"hp": 31, "atk": 0, "def": 31, "spa": 31, "spd": 31, "spe": 31}, "item": "Leftovers", "teraType": "Dark", "role": "Bulky Attacker", "bvs": {"hp": 88, "atk": 88, "def": 160, "spa": 88, "spd": 88, "spe": 88}, "stats": {"hp": 262, "atk": 140, "def": 291, "spa": 180, "spd": 180, "spe": 180}, "types": ["Poison", "Ghost"]}, "Bellossom": {"name": "Bellossom", "species": "Bellossom", "speciesId": "bellossom", "gender": "M", "shiny": false, "level": 84, "moves": ["quiverdance", "gigadrain", "strengthsap", "moonblast"], "ability": "Chlorophyll", "evs": {"hp": 85, "atk": 0, "def": 85, "spa": 85, "spd": 85, "spe": 85}, "ivs": {"hp": 31, "atk": 0, "def": 31, "spa": 31, "spd": 31, "spe": 31}, "item": "Leftovers", "teraType": "Fairy", "role": "Bulky Setup", "bvs": {"hp": 75, "atk": 80, "def": 95, "spa": 90, "spd": 100, "spe": 50}, "stats": {"hp": 263, "atk": 139, "def": 208, "spa": 199, "spd": 216, "spe": 132}, "types": ["Grass"]}, "Komala": {"name": "Komala", "species": "Komala", "speciesId": "komala", "gender": "M", "shiny": false, "level": 88, "moves": ["rapidspin", "earthquake", "knockoff", "bodyslam"], "ability": "Comatose", "evs": {"hp": 85, "atk": 85, "def": 85, "spa": 85, "spd": 85, "spe": 85}, "ivs": {"hp": 31, "atk": 31, "def": 31, "spa": 31, "spd": 31, "spe": 31}, "item": "Assault Vest", "teraType": "Ghost", "role": "Bulky Support", "bvs": {"hp": 65, "atk": 115, "def": 65, "spa": 75, "spd": 95, "spe": 65}, "stats": {"hp": 258, "atk": 253, "def": 165, "spa": 182, "spd": 217, "spe": 165}, "types": ["Normal"]}}]}