{"id": "gen9randombattle-2631999623", "format": "[Gen 9] Random Battle", "players": ["LENOP1020", "Jenome"], "log": "|j|\u2606LENOP1020\n|j|\u2606Jenome\n|t:|1781464446\n|gametype|singles\n|player|p1|LENOP1020|galacticgrunt|1638\n|player|p2|Jenome|gentleman-gen4|1586\n|gen|9\n|tier|[Gen 9] Random Battle\n|rated|\n|rule|Species Clause: Limit one of each Pok\u00e9mon\n|rule|HP Percentage Mod: HP is shown in percentages\n|rule|Sleep Clause Mod: Limit one foe put to sleep\n|rule|Illusion Level Mod: Illusion disguises the Pok\u00e9mon's true level\n|\n|t:|1781464446\n|teamsize|p1|6\n|teamsize|p2|6\n|start\n|switch|p1a: Diancie|Diancie, L82|216/216\n|switch|p2a: Spectrier|Spectrier, L75|274/274\n|turn|1\n|inactive|Battle timer is ON: inactive players will automatically lose when time's up. (requested by LENOP1020)\n|\n|t:|1781464458\n|move|p2a: Spectrier|Nasty Plot|p2a: Spectrier\n|-boost|p2a: Spectrier|spa|2\n|move|p1a: Diancie|Diamond Storm|p2a: Spectrier\n|-damage|p2a: Spectrier|136/274\n|\n|-heal|p2a: Spectrier|153/274|[from] item: Leftovers\n|upkeep\n|turn|2\n|\n|t:|1781464466\n|move|p2a: Spectrier|Shadow Ball|p1a: Diancie\n|-damage|p1a: Diancie|126/216\n|move|p1a: Diancie|Moonblast|p2a: Spectrier\n|-damage|p2a: Spectrier|32/274\n|\n|-heal|p2a: Spectrier|49/274|[from] item: Leftovers\n|upkeep\n|turn|3\n|\n|t:|1781464471\n|move|p2a: Spectrier|Shadow Ball|p1a: Diancie\n|-damage|p1a: Diancie|36/216\n|move|p1a: Diancie|Moonblast|p2a: Spectrier\n|-damage|p2a: Spectrier|0 fnt\n|faint|p2a: Spectrier\n|\n|upkeep\n|\n|t:|1781464477\n|switch|p2a: Magmortar|Magmortar, L88, F|275/275\n|turn|4\n|\n|t:|1781464483\n|move|p2a: Magmortar|Focus Blast|p1a: Diancie\n|-damage|p1a: Diancie|0 fnt\n|faint|p1a: Diancie\n|\n|upkeep\n|\n|t:|1781464487\n|switch|p1a: Blastoise|Blastoise, L80, M|258/258\n|turn|5\n|\n|t:|1781464492\n|move|p2a: Magmortar|Thunderbolt|p1a: Blastoise\n|-supereffective|p1a: Blastoise\n|-damage|p1a: Blastoise|100/258\n|move|p1a: Blastoise|Shell Smash|p1a: Blastoise\n|-unboost|p1a: Blastoise|def|1\n|-unboost|p1a: Blastoise|spd|1\n|-boost|p1a: Blastoise|atk|2\n|-boost|p1a: Blastoise|spa|2\n|-boost|p1a: Blastoise|spe|2\n|-enditem|p1a: Blastoise|White Herb\n|-clearnegativeboost|p1a: Blastoise|[silent]\n|\n|upkeep\n|turn|6\n|\n|t:|1781464502\n|-terastallize|p2a: Magmortar|Water\n|move|p1a: Blastoise|Hydro Pump|p2a: Magmortar\n|-resisted|p2a: Magmortar\n|-damage|p2a: Magmortar|194/275\n|move|p2a: Magmortar|Thunderbolt|p1a: Blastoise\n|-supereffective|p1a: Blastoise\n|-damage|p1a: Blastoise|0 fnt\n|faint|p1a: Blastoise\n|\n|upkeep\n|\n|t:|1781464512\n|switch|p1a: Electrode|Electrode-Hisui, L87|246/246\n|turn|7\n|inactive|Jenome has 120 seconds left.\n|\n|t:|1781464561\n|switch|p2a: Hatterene|Hatterene, L85, F|236/236\n|move|p1a: Electrode|Thunderbolt|p2a: Hatterene\n|-damage|p2a: Hatterene|166/236\n|-damage|p1a: Electrode|222/246|[from] item: Life Orb\n|\n|upkeep\n|turn|8\n|\n|t:|1781464573\n|move|p1a: Electrode|Volt Switch|p2a: Hatterene\n|-damage|p2a: Hatterene|114/236\n|-damage|p1a: Electrode|198/246|[from] item: Life Orb\n|\n|t:|1781464578\n|switch|p1a: Morpeko|Morpeko, L88, M|245/245|[from] Volt Switch\n|move|p2a: Hatterene|Mystical Fire|p1a: Morpeko\n|-damage|p1a: Morpeko|154/245\n|-unboost|p1a: Morpeko|spa|1\n|\n|-heal|p1a: Morpeko|169/245|[from] item: Leftovers\n|-formechange|p1a: Morpeko|Morpeko-Hangry||[from] ability: Hunger Switch\n|upkeep\n|turn|9\n|\n|t:|1781464586\n|move|p1a: Morpeko|Knock Off|p2a: Hatterene\n|-damage|p2a: Hatterene|15/236\n|-enditem|p2a: Hatterene|Assault Vest|[from] move: Knock Off|[of] p1a: Morpeko\n|move|p2a: Hatterene|Draining Kiss|p1a: Morpeko\n|-supereffective|p1a: Morpeko\n|-damage|p1a: Morpeko|0 fnt\n|-heal|p2a: Hatterene|142/236|[from] drain|[of] p1a: Morpeko\n|faint|p1a: Morpeko\n|\n|upkeep\n|\n|t:|1781464596\n|switch|p1a: Jumpluff|Jumpluff, L87, M|271/271\n|turn|10\n|inactive|Jenome has 120 seconds left.\n|\n|t:|1781464618\n|move|p1a: Jumpluff|Encore|p2a: Hatterene\n|move|p2a: Hatterene|Encore||[from] ability: Magic Bounce|[still]\n|-fail|p2a: Hatterene\n|move|p2a: Hatterene|Nuzzle|p1a: Jumpluff\n|-damage|p1a: Jumpluff|255/271\n|-status|p1a: Jumpluff|par\n|\n|upkeep\n|turn|11\n|\n|t:|1781464628\n|cant|p1a: Jumpluff|par\n|move|p2a: Hatterene|Draining Kiss|p1a: Jumpluff\n|-damage|p1a: Jumpluff|189/271 par\n|-heal|p2a: Hatterene|192/236|[from] drain|[of] p1a: Jumpluff\n|\n|upkeep\n|turn|12\n|-message|LENOP1020 forfeited.\n|\n|win|Jenome\n|raw|LENOP1020's rating: 1638 &rarr; <strong>1615</strong><br />(-23 for losing)\n|raw|Jenome's rating: 1586 &rarr; <strong>1609</strong><br />(+23 for winning)\n|l|\u2606LENOP1020\n|player|p1|\n", "inputlog": ">version a8376a258c1d4662feba110a92103f3664a72141\n>start {\"formatid\":\"gen9randombattle\",\"seed\":\"sodium,2040b40cd6982f5dac8fcacc74d6584f\",\"rated\":\"Rated battle\"}\n>player p1 {\"name\":\"LENOP1020\",\"avatar\":\"galacticgrunt\",\"rating\":1638,\"seed\":\"sodium,b5d77c1caf79330995f03ae2f3de0628\"}\n>player p2 {\"name\":\"Jenome\",\"avatar\":\"gentleman-gen4\",\"rating\":1586,\"seed\":\"sodium,f4535320e7f8a59f7b5b58fda85dc661\"}\n>p1 move diamondstorm\n>p2 move nastyplot\n>p1 move moonblast\n>p2 move shadowball\n>p1 move moonblast\n>p2 move shadowball\n>p2 switch 5\n>p1 move diamondstorm\n>p2 move focusblast\n>p1 switch 5\n>p1 move shellsmash\n>p2 move thunderbolt\n>p1 move hydropump\n>p2 move thunderbolt terastallize\n>p1 switch 3\n>p1 move thunderbolt\n>p2 switch 4\n>p1 move voltswitch\n>p2 move mysticalfire\n>p1 switch 4\n>p1 move knockoff\n>p2 move drainingkiss\n>p1 switch 2\n>p1 move encore\n>p2 move nuzzle\n>p1 move acrobatics\n>p2 move drainingkiss\n>forcelose p1", "uploadtime": 1781464648, "views": 8, "formatid": "gen9randombattle", "rating": 1609, "private": 0, "password": null, "player_dets": [{"name": "LENOP1020", "avatar": "galacticgrunt", "rating": 1638, "seed": "sodium,b5d77c1caf79330995f03ae2f3de0628"}, {"name": "Jenome", "avatar": "gentleman-gen4", "rating": 1586, "seed": "sodium,f4535320e7f8a59f7b5b58fda85dc661"}], "teams_full": [{"Diancie": {"name": "Diancie", "species": "Diancie", "speciesId": "diancie", "gender": "N", "shiny": false, "level": 82, "moves": ["bodypress", "earthpower", "diamondstorm", "moonblast"], "ability": "Clear Body", "evs": {"hp": 85, "atk": 85, "def": 85, "spa": 85, "spd": 85, "spe": 85}, "ivs": {"hp": 31, "atk": 31, "def": 31, "spa": 31, "spd": 31, "spe": 31}, "item": "Assault Vest", "teraType": "Fighting", "role": "Bulky Attacker", "bvs": {"hp": 50, "atk": 100, "def": 150, "spa": 100, "spd": 150, "spe": 50}, "stats": {"hp": 216, "atk": 211, "def": 293, "spa": 211, "spd": 293, "spe": 129}}, "Jumpluff": {"name": "Jumpluff", "species": "Jumpluff", "speciesId": "jumpluff", "gender": "M", "shiny": false, "level": 87, "moves": ["uturn", "strengthsap", "acrobatics", "encore"], "ability": "Infiltrator", "evs": {"hp": 81, "atk": 85, "def": 85, "spa": 85, "spd": 85, "spe": 85}, "ivs": {"hp": 31, "atk": 31, "def": 31, "spa": 31, "spd": 31, "spe": 31}, "item": "", "teraType": "Steel", "role": "Bulky Attacker", "bvs": {"hp": 75, "atk": 55, "def": 70, "spa": 55, "spd": 95, "spe": 110}, "stats": {"hp": 271, "atk": 145, "def": 172, "spa": 145, "spd": 215, "spe": 241}}, "Electrode": {"name": "Electrode", "species": "Electrode-Hisui", "speciesId": "electrodehisui", "gender": "N", "shiny": false, "level": 87, "moves": ["thunderbolt", "taunt", "leafstorm", "voltswitch"], "ability": "Aftermath", "evs": {"hp": 85, "atk": 0, "def": 85, "spa": 85, "spd": 85, "spe": 85}, "ivs": {"hp": 31, "atk": 0, "def": 31, "spa": 31, "spd": 31, "spe": 31}, "item": "Life Orb", "teraType": "Electric", "role": "Fast Attacker", "bvs": {"hp": 60, "atk": 50, "def": 70, "spa": 80, "spd": 80, "spe": 150}, "stats": {"hp": 246, "atk": 92, "def": 172, "spa": 189, "spd": 189, "spe": 311}}, "Morpeko": {"name": "Morpeko", "species": "Morpeko", "speciesId": "morpeko", "gender": "M", "shiny": false, "level": 88, "moves": ["aurawheel", "rapidspin", "knockoff", "protect"], "ability": "Hunger Switch", "evs": {"hp": 85, "atk": 85, "def": 85, "spa": 85, "spd": 85, "spe": 85}, "ivs": {"hp": 31, "atk": 31, "def": 31, "spa": 31, "spd": 31, "spe": 31}, "item": "Leftovers", "teraType": "Electric", "role": "Bulky Attacker", "bvs": {"hp": 58, "atk": 95, "def": 58, "spa": 70, "spd": 58, "spe": 97}, "stats": {"hp": 245, "atk": 217, "def": 152, "spa": 173, "spd": 152, "spe": 221}}, "Blastoise": {"name": "Blastoise", "species": "Blastoise", "speciesId": "blastoise", "gender": "M", "shiny": false, "level": 80, "moves": ["icebeam", "earthquake", "shellsmash", "hydropump"], "ability": "Torrent", "evs": {"hp": 85, "atk": 85, "def": 85, "spa": 85, "spd": 85, "spe": 85}, "ivs": {"hp": 31, "atk": 31, "def": 31, "spa": 31, "spd": 31, "spe": 31}, "item": "White Herb", "teraType": "Steel", "role": "Setup Sweeper", "bvs": {"hp": 79, "atk": 83, "def": 100, "spa": 85, "spd": 105, "spe": 78}, "stats": {"hp": 258, "atk": 179, "def": 206, "spa": 182, "spd": 214, "spe": 171}}, "Meloetta": {"name": "Meloetta", "species": "Meloetta", "speciesId": "meloetta", "gender": "N", "shiny": false, "level": 82, "moves": ["focusblast", "calmmind", "psyshock", "hypervoice"], "ability": "Serene Grace", "evs": {"hp": 85, "atk": 0, "def": 85, "spa": 85, "spd": 85, "spe": 85}, "ivs": {"hp": 31, "atk": 0, "def": 31, "spa": 31, "spd": 31, "spe": 31}, "item": "Leftovers", "teraType": "Fighting", "role": "Bulky Attacker", "bvs": {"hp": 100, "atk": 77, "def": 77, "spa": 128, "spd": 128, "spe": 90}, "stats": {"hp": 298, "atk": 131, "def": 173, "spa": 257, "spd": 257, "spe": 195}}}, {"Spectrier": {"name": "Spectrier", "species": "Spectrier", "speciesId": "spectrier", "gender": "N", "shiny": false, "level": 75, "moves": ["nastyplot", "substitute", "darkpulse", "shadowball"], "ability": "Grim Neigh", "evs": {"hp": 85, "atk": 0, "def": 85, "spa": 85, "spd": 85, "spe": 85}, "ivs": {"hp": 31, "atk": 0, "def": 31, "spa": 31, "spd": 31, "spe": 31}, "item": "Leftovers", "teraType": "Dark", "role": "Setup Sweeper", "bvs": {"hp": 100, "atk": 65, "def": 60, "spa": 145, "spd": 80, "spe": 130}, "stats": {"hp": 274, "atk": 102, "def": 134, "spa": 261, "spd": 164, "spe": 239}}, "Sudowoodo": {"name": "Sudowoodo", "species": "Sudowoodo", "speciesId": "sudowoodo", "gender": "M", "shiny": false, "level": 94, "moves": ["headsmash", "woodhammer", "earthquake", "stealthrock"], "ability": "Rock Head", "evs": {"hp": 85, "atk": 85, "def": 85, "spa": 85, "spd": 85, "spe": 85}, "ivs": {"hp": 31, "atk": 31, "def": 31, "spa": 31, "spd": 31, "spe": 31}, "item": "Leftovers", "teraType": "Rock", "role": "Bulky Attacker", "bvs": {"hp": 70, "atk": 100, "def": 115, "spa": 30, "spd": 65, "spe": 30}, "stats": {"hp": 284, "atk": 241, "def": 270, "spa": 110, "spd": 176, "spe": 110}}, "Regirock": {"name": "Regirock", "species": "Regirock", "speciesId": "regirock", "gender": "N", "shiny": false, "level": 83, "moves": ["irondefense", "stoneedge", "thunderwave", "bodypress"], "ability": "Clear Body", "evs": {"hp": 85, "atk": 85, "def": 85, "spa": 85, "spd": 85, "spe": 85}, "ivs": {"hp": 31, "atk": 31, "def": 31, "spa": 31, "spd": 31, "spe": 31}, "item": "Leftovers", "teraType": "Fighting", "role": "Bulky Attacker", "bvs": {"hp": 80, "atk": 100, "def": 200, "spa": 50, "spd": 100, "spe": 50}, "stats": {"hp": 268, "atk": 214, "def": 380, "spa": 131, "spd": 214, "spe": 131}}, "Hatterene": {"name": "Hatterene", "species": "Hatterene", "speciesId": "hatterene", "gender": "F", "shiny": false, "level": 85, "moves": ["psychicnoise", "drainingkiss", "mysticalfire", "nuzzle"], "ability": "Magic Bounce", "evs": {"hp": 85, "atk": 85, "def": 85, "spa": 85, "spd": 85, "spe": 85}, "ivs": {"hp": 31, "atk": 31, "def": 31, "spa": 31, "spd": 31, "spe": 31}, "item": "Assault Vest", "teraType": "Steel", "role": "AV Pivot", "bvs": {"hp": 57, "atk": 90, "def": 95, "spa": 136, "spd": 103, "spe": 29}, "stats": {"hp": 236, "atk": 202, "def": 210, "spa": 280, "spd": 224, "spe": 98}}, "Magmortar": {"name": "Magmortar", "species": "Magmortar", "speciesId": "magmortar", "gender": "F", "shiny": false, "level": 88, "moves": ["thunderbolt", "focusblast", "fireblast", "knockoff"], "ability": "Flame Body", "evs": {"hp": 85, "atk": 85, "def": 85, "spa": 85, "spd": 85, "spe": 85}, "ivs": {"hp": 31, "atk": 31, "def": 31, "spa": 31, "spd": 31, "spe": 31}, "item": "Heavy-Duty Boots", "teraType": "Water", "role": "Wallbreaker", "bvs": {"hp": 75, "atk": 95, "def": 67, "spa": 125, "spd": 95, "spe": 83}, "stats": {"hp": 275, "atk": 217, "def": 168, "spa": 270, "spd": 217, "spe": 196}}, "Articuno": {"name": "Articuno", "species": "Articuno-Galar", "speciesId": "articunogalar", "gender": "N", "shiny": false, "level": 84, "moves": ["hurricane", "calmmind", "freezingglare", "recover"], "ability": "Competitive", "evs": {"hp": 85, "atk": 0, "def": 85, "spa": 85, "spd": 85, "spe": 85}, "ivs": {"hp": 31, "atk": 0, "def": 31, "spa": 31, "spd": 31, "spe": 31}, "item": "Heavy-Duty Boots", "teraType": "Steel", "role": "Fast Bulky Setup", "bvs": {"hp": 90, "atk": 85, "def": 85, "spa": 125, "spd": 100, "spe": 95}, "stats": {"hp": 288, "atk": 147, "def": 191, "spa": 258, "spd": 216, "spe": 208}}}]}