{"id": "gen9randombattle-2631819079", "format": "[Gen 9] Random Battle", "players": ["Schibi", "Chicken347"], "log": "|j|\u2606Schibi\n|j|\u2606Chicken347\n|t:|1781444141\n|gametype|singles\n|player|p1|Schibi|265|1967\n|player|p2|Chicken347|266|2005\n|gen|9\n|tier|[Gen 9] Random Battle\n|rated|\n|rule|Species Clause: Limit one of each Pok\u00e9mon\n|rule|HP Percentage Mod: HP is shown in percentages\n|rule|Sleep Clause Mod: Limit one foe put to sleep\n|rule|Illusion Level Mod: Illusion disguises the Pok\u00e9mon's true level\n|\n|t:|1781444141\n|teamsize|p1|6\n|teamsize|p2|6\n|start\n|switch|p1a: Raikou|Raikou, L81|278/278\n|switch|p2a: Mienshao|Mienshao, L83, F|243/243\n|-ability|p1a: Raikou|Pressure\n|turn|1\n|inactive|Battle timer is ON: inactive players will automatically lose when time's up. (requested by Schibi)\n|\n|t:|1781444157\n|switch|p2a: Morpeko|Morpeko, L88, F|245/245\n|move|p1a: Raikou|Volt Switch|p2a: Morpeko\n|-resisted|p2a: Morpeko\n|-damage|p2a: Morpeko|168/245\n|\n|t:|1781444167\n|switch|p1a: Heatran|Heatran, L79, M|273/273|[from] Volt Switch\n|-item|p1a: Heatran|Air Balloon\n|\n|-formechange|p2a: Morpeko|Morpeko-Hangry||[from] ability: Hunger Switch\n|upkeep\n|turn|2\n|\n|t:|1781444185\n|move|p2a: Morpeko|Parting Shot|p1a: Heatran\n|-unboost|p1a: Heatran|atk|1\n|-unboost|p1a: Heatran|spa|1\n|\n|t:|1781444193\n|switch|p2a: Ludicolo|Ludicolo, L90, M|290/290|[from] Parting Shot\n|move|p1a: Heatran|Stealth Rock|p2a: Ludicolo\n|-sidestart|p2: Chicken347|move: Stealth Rock\n|\n|upkeep\n|turn|3\n|\n|t:|1781444201\n|switch|p1a: Luvdisc|Luvdisc, M|247/247\n|move|p2a: Ludicolo|Rain Dance|p2a: Ludicolo\n|-weather|RainDance\n|\n|-weather|RainDance|[upkeep]\n|upkeep\n|turn|4\n|\n|t:|1781444207\n|move|p1a: Luvdisc|Substitute|p1a: Luvdisc\n|-start|p1a: Luvdisc|Substitute\n|-damage|p1a: Luvdisc|186/247\n|move|p2a: Ludicolo|Giga Drain|p1a: Luvdisc\n|-supereffective|p1a: Luvdisc\n|-end|p1a: Luvdisc|Substitute\n|-damage|p2a: Ludicolo|261/290|[from] item: Life Orb\n|\n|-weather|RainDance|[upkeep]\n|upkeep\n|turn|5\n|\n|t:|1781444220\n|switch|p2a: Morpeko|Morpeko, L88, F|168/245\n|move|p1a: Luvdisc|Substitute|p1a: Luvdisc\n|-start|p1a: Luvdisc|Substitute\n|-damage|p1a: Luvdisc|125/247\n|\n|-weather|RainDance|[upkeep]\n|-formechange|p2a: Morpeko|Morpeko-Hangry||[from] ability: Hunger Switch\n|upkeep\n|turn|6\n|\n|t:|1781444224\n|move|p1a: Luvdisc|Surf|p2a: Morpeko\n|-damage|p2a: Morpeko|20/245\n|move|p2a: Morpeko|Aura Wheel|p1a: Luvdisc\n|-end|p1a: Luvdisc|Substitute\n|-boost|p2a: Morpeko|spe|1\n|\n|-weather|RainDance|[upkeep]\n|-formechange|p2a: Morpeko|Morpeko||[from] ability: Hunger Switch\n|upkeep\n|turn|7\n|\n|t:|1781444229\n|move|p1a: Luvdisc|Substitute|p1a: Luvdisc\n|-start|p1a: Luvdisc|Substitute\n|-damage|p1a: Luvdisc|64/247\n|move|p2a: Morpeko|Aura Wheel|p1a: Luvdisc\n|-supereffective|p1a: Luvdisc\n|-end|p1a: Luvdisc|Substitute\n|-boost|p2a: Morpeko|spe|1\n|\n|-weather|none\n|-formechange|p2a: Morpeko|Morpeko-Hangry||[from] ability: Hunger Switch\n|upkeep\n|turn|8\n|\n|t:|1781444236\n|move|p2a: Morpeko|Aura Wheel|p1a: Luvdisc\n|-damage|p1a: Luvdisc|0 fnt\n|-boost|p2a: Morpeko|spe|1\n|faint|p1a: Luvdisc\n|\n|-formechange|p2a: Morpeko|Morpeko||[from] ability: Hunger Switch\n|upkeep\n|\n|t:|1781444241\n|switch|p1a: Heatran|Heatran, L79, M|273/273\n|-item|p1a: Heatran|Air Balloon\n|turn|9\n|\n|t:|1781444245\n|move|p2a: Morpeko|Rapid Spin|p1a: Heatran\n|-resisted|p1a: Heatran\n|-damage|p1a: Heatran|254/273\n|-boost|p2a: Morpeko|spe|1\n|-enditem|p1a: Heatran|Air Balloon\n|-sideend|p2: Chicken347|Stealth Rock|[from] move: Rapid Spin|[of] p2a: Morpeko\n|move|p1a: Heatran|Lava Plume|p2a: Morpeko\n|-damage|p2a: Morpeko|0 fnt\n|faint|p2a: Morpeko\n|\n|upkeep\n|\n|t:|1781444257\n|switch|p2a: Ludicolo|Ludicolo, L90, M|261/290\n|turn|10\n|\n|t:|1781444262\n|switch|p1a: Noctowl|Noctowl, L95, F|344/344\n|move|p2a: Ludicolo|Rain Dance|p2a: Ludicolo\n|-weather|RainDance\n|\n|-weather|RainDance|[upkeep]\n|upkeep\n|turn|11\n|\n|t:|1781444275\n|switch|p2a: Cryogonal|Cryogonal, L89|287/287\n|move|p1a: Noctowl|Hurricane|p2a: Cryogonal\n|-damage|p2a: Cryogonal|200/287\n|\n|-weather|RainDance|[upkeep]\n|upkeep\n|turn|12\n|\n|t:|1781444282\n|switch|p2a: Ludicolo|Ludicolo, L90, M|261/290\n|switch|p1a: Heatran|Heatran, L79, M|254/273\n|\n|-weather|RainDance|[upkeep]\n|upkeep\n|turn|13\n|\n|t:|1781444287\n|move|p2a: Ludicolo|Hydro Pump|p1a: Heatran\n|-supereffective|p1a: Heatran\n|-damage|p1a: Heatran|0 fnt\n|faint|p1a: Heatran\n|-damage|p2a: Ludicolo|232/290|[from] item: Life Orb\n|\n|-weather|RainDance|[upkeep]\n|upkeep\n|\n|t:|1781444294\n|switch|p1a: Noctowl|Noctowl, L95, F|344/344\n|turn|14\n|\n|t:|1781444302\n|switch|p2a: Cryogonal|Cryogonal, L89|200/287\n|move|p1a: Noctowl|Calm Mind|p1a: Noctowl\n|-boost|p1a: Noctowl|spa|1\n|-boost|p1a: Noctowl|spd|1\n|\n|-weather|none\n|upkeep\n|turn|15\n|\n|t:|1781444307\n|move|p2a: Cryogonal|Haze|p2a: Cryogonal\n|-clearallboost\n|move|p1a: Noctowl|Calm Mind|p1a: Noctowl\n|-boost|p1a: Noctowl|spa|1\n|-boost|p1a: Noctowl|spd|1\n|\n|upkeep\n|turn|16\n|\n|t:|1781444310\n|move|p2a: Cryogonal|Freeze-Dry|p1a: Noctowl\n|-supereffective|p1a: Noctowl\n|-damage|p1a: Noctowl|248/344\n|move|p1a: Noctowl|Hyper Voice|p2a: Cryogonal\n|-damage|p2a: Cryogonal|92/287\n|\n|upkeep\n|turn|17\n|\n|t:|1781444315\n|move|p2a: Cryogonal|Haze|p2a: Cryogonal\n|-clearallboost\n|move|p1a: Noctowl|Hurricane|p2a: Cryogonal\n|-damage|p2a: Cryogonal|0 fnt\n|faint|p2a: Cryogonal\n|\n|upkeep\n|\n|t:|1781444335\n|switch|p2a: Mienshao|Mienshao, L83, F|243/243\n|turn|18\n|\n|t:|1781444342\n|move|p2a: Mienshao|High Jump Kick|p1a: Noctowl\n|-damage|p1a: Noctowl|0 fnt\n|faint|p1a: Noctowl\n|\n|upkeep\n|\n|t:|1781444349\n|switch|p1a: Raikou|Raikou, L81|278/278\n|-ability|p1a: Raikou|Pressure\n|turn|19\n|\n|t:|1781444359\n|move|p1a: Raikou|Volt Switch|p2a: Mienshao\n|-crit|p2a: Mienshao\n|-damage|p2a: Mienshao|9/243\n|\n|t:|1781444363\n|switch|p1a: Gouging Fire|Gouging Fire, L74|277/277|[from] Volt Switch\n|move|p2a: Mienshao|High Jump Kick|p1a: Gouging Fire\n|-crit|p1a: Gouging Fire\n|-damage|p1a: Gouging Fire|0 fnt\n|faint|p1a: Gouging Fire\n|-end|p1a: Gouging Fire|Protosynthesis|[silent]\n|\n|upkeep\n|\n|t:|1781444365\n|switch|p1a: Raikou|Raikou, L81|278/278\n|-ability|p1a: Raikou|Pressure\n|turn|20\n|\n|t:|1781444388\n|switch|p2a: Lapras|Lapras, L87, F|368/368\n|move|p1a: Raikou|Thunderbolt|p2a: Lapras\n|-supereffective|p2a: Lapras\n|-damage|p2a: Lapras|98/368\n|-status|p2a: Lapras|par\n|\n|upkeep\n|turn|21\n|\n|t:|1781444392\n|move|p1a: Raikou|Thunderbolt|p2a: Lapras\n|-supereffective|p2a: Lapras\n|-damage|p2a: Lapras|0 fnt\n|faint|p2a: Lapras\n|\n|upkeep\n|\n|t:|1781444403\n|switch|p2a: Hitmonchan|Hitmonchan, L87, M|229/229\n|turn|22\n|\n|t:|1781444407\n|move|p1a: Raikou|Thunderbolt|p2a: Hitmonchan\n|-damage|p2a: Hitmonchan|106/229\n|move|p2a: Hitmonchan|Drain Punch|p1a: Raikou\n|-damage|p1a: Raikou|158/278\n|-heal|p2a: Hitmonchan|166/229|[from] drain|[of] p1a: Raikou\n|\n|-heal|p2a: Hitmonchan|180/229|[from] item: Leftovers\n|upkeep\n|turn|23\n|\n|t:|1781444412\n|move|p1a: Raikou|Thunderbolt|p2a: Hitmonchan\n|-damage|p2a: Hitmonchan|63/229\n|move|p2a: Hitmonchan|Drain Punch|p1a: Raikou\n|-crit|p1a: Raikou\n|-damage|p1a: Raikou|0 fnt\n|-heal|p2a: Hitmonchan|142/229|[from] drain|[of] p1a: Raikou\n|faint|p1a: Raikou\n|\n|-heal|p2a: Hitmonchan|156/229|[from] item: Leftovers\n|upkeep\n|\n|t:|1781444417\n|switch|p1a: Weavile|Weavile, L79, F|240/240\n|turn|24\n|\n|t:|1781444422\n|move|p1a: Weavile|Triple Axel|p2a: Hitmonchan\n|-damage|p2a: Hitmonchan|132/229\n|-damage|p2a: Hitmonchan|83/229\n|-damage|p2a: Hitmonchan|8/229\n|-hitcount|p2a: Hitmonchan|3\n|move|p2a: Hitmonchan|Drain Punch|p1a: Weavile\n|-supereffective|p1a: Weavile\n|-damage|p1a: Weavile|0 fnt\n|-heal|p2a: Hitmonchan|128/229|[from] drain|[of] p1a: Weavile\n|faint|p1a: Weavile\n|\n|win|Chicken347\n", "inputlog": ">version a8376a258c1d4662feba110a92103f3664a72141\n>start {\"formatid\":\"gen9randombattle\",\"seed\":\"sodium,ba3a836b83f2879e7bf37cb54d400d88\",\"rated\":\"Rated battle\"}\n>player p1 {\"name\":\"Schibi\",\"avatar\":\"265\",\"rating\":1967,\"seed\":\"sodium,e277b886d655aef16d226f4d130edb7b\"}\n>player p2 {\"name\":\"Chicken347\",\"avatar\":\"266\",\"rating\":2005,\"seed\":\"sodium,0a16f1e398c4eb2638050d2b4d5df507\"}\n>p1 move voltswitch\n>p2 switch 2\n>p1 switch 5\n>p1 move stealthrock\n>p2 move partingshot\n>p2 switch 5\n>p1 switch 3\n>p2 move raindance\n>p1 move substitute\n>p2 move gigadrain\n>p1 move substitute\n>p2 switch 5\n>p1 move surf\n>p2 move aurawheel\n>p1 move substitute\n>p2 move aurawheel\n>p1 move surf\n>p2 move aurawheel\n>p1 switch 3\n>p1 move lavaplume\n>p2 move rapidspin\n>p2 switch 5\n>p1 switch 6\n>p2 move raindance\n>p1 move hurricane\n>p2 switch 3\n>p1 switch 6\n>p2 switch 3\n>p1 move lavaplume\n>p2 move hydropump\n>p1 switch 6\n>p1 move calmmind\n>p2 switch 3\n>p1 move calmmind\n>p2 move haze\n>p1 move hypervoice\n>p2 move freezedry\n>p1 move hurricane\n>p2 move haze\n>p2 switch 2\n>p1 move hurricane\n>p2 move highjumpkick\n>p1 switch 5\n>p1 move voltswitch\n>p2 move highjumpkick\n>p1 switch 4\n>p1 switch 4\n>p1 move thunderbolt\n>p2 switch 6\n>p1 move thunderbolt\n>p2 move rest\n>p2 switch 4\n>p1 move thunderbolt\n>p2 move drainpunch\n>p1 move thunderbolt\n>p2 move drainpunch\n>p1 switch 2\n>p1 move tripleaxel\n>p2 move drainpunch", "uploadtime": 1781444143, "views": 5, "formatid": "gen9randombattle", "rating": null, "private": 0, "password": null, "player_dets": [{"name": "Schibi", "avatar": "265", "rating": 1967, "seed": "sodium,e277b886d655aef16d226f4d130edb7b"}, {"name": "Chicken347", "avatar": "266", "rating": 2005, "seed": "sodium,0a16f1e398c4eb2638050d2b4d5df507"}], "teams_full": [{"Raikou": {"name": "Raikou", "species": "Raikou", "speciesId": "raikou", "gender": "N", "shiny": false, "level": 81, "moves": ["scald", "voltswitch", "shadowball", "thunderbolt"], "ability": "Pressure", "evs": {"hp": 85, "atk": 0, "def": 85, "spa": 85, "spd": 85, "spe": 85}, "ivs": {"hp": 31, "atk": 0, "def": 31, "spa": 31, "spd": 31, "spe": 31}, "item": "Choice Specs", "teraType": "Water", "role": "Bulky Attacker", "bvs": {"hp": 90, "atk": 85, "def": 75, "spa": 115, "spd": 100, "spe": 115}, "stats": {"hp": 278, "atk": 142, "def": 168, "spa": 233, "spd": 209, "spe": 233}, "types": ["Electric"]}, "Weavile": {"name": "Weavile", "species": "Weavile", "speciesId": "weavile", "gender": "F", "shiny": false, "level": 79, "moves": ["knockoff", "tripleaxel", "lowkick", "swordsdance"], "ability": "Pickpocket", "evs": {"hp": 85, "atk": 85, "def": 85, "spa": 85, "spd": 85, "spe": 85}, "ivs": {"hp": 31, "atk": 31, "def": 31, "spa": 31, "spd": 31, "spe": 31}, "item": "Heavy-Duty Boots", "teraType": "Dark", "role": "Fast Attacker", "bvs": {"hp": 70, "atk": 120, "def": 65, "spa": 45, "spd": 85, "spe": 125}, "stats": {"hp": 240, "atk": 235, "def": 148, "spa": 117, "spd": 180, "spe": 243}, "types": ["Dark", "Ice"]}, "Luvdisc": {"name": "Luvdisc", "species": "Luvdisc", "speciesId": "luvdisc", "gender": "M", "shiny": false, "level": 100, "moves": ["endeavor", "flipturn", "surf", "substitute"], "ability": "Swift Swim", "evs": {"hp": 81, "atk": 85, "def": 85, "spa": 85, "spd": 85, "spe": 85}, "ivs": {"hp": 31, "atk": 31, "def": 31, "spa": 31, "spd": 31, "spe": 31}, "item": "Heavy-Duty Boots", "teraType": "Ghost", "role": "Fast Support", "bvs": {"hp": 43, "atk": 30, "def": 55, "spa": 40, "spd": 65, "spe": 97}, "stats": {"hp": 247, "atk": 117, "def": 167, "spa": 137, "spd": 187, "spe": 251}, "types": ["Water"]}, "Gouging Fire": {"name": "Gouging Fire", "species": "Gouging Fire", "speciesId": "gougingfire", "gender": "N", "shiny": false, "level": 74, "moves": ["morningsun", "dragondance", "heatcrash", "outrage"], "ability": "Protosynthesis", "evs": {"hp": 85, "atk": 85, "def": 85, "spa": 85, "spd": 85, "spe": 85}, "ivs": {"hp": 31, "atk": 31, "def": 31, "spa": 31, "spd": 31, "spe": 31}, "item": "Heavy-Duty Boots", "teraType": "Fairy", "role": "Bulky Setup", "bvs": {"hp": 105, "atk": 115, "def": 121, "spa": 65, "spd": 93, "spe": 91}, "stats": {"hp": 277, "atk": 213, "def": 222, "spa": 139, "spd": 181, "spe": 178}, "types": ["Fire", "Dragon"]}, "Heatran": {"name": "Heatran", "species": "Heatran", "speciesId": "heatran", "gender": "M", "shiny": false, "level": 79, "moves": ["earthpower", "stealthrock", "heavyslam", "lavaplume"], "ability": "Flash Fire", "evs": {"hp": 85, "atk": 85, "def": 85, "spa": 85, "spd": 85, "spe": 85}, "ivs": {"hp": 31, "atk": 31, "def": 31, "spa": 31, "spd": 31, "spe": 31}, "item": "Air Balloon", "teraType": "Flying", "role": "Bulky Support", "bvs": {"hp": 91, "atk": 90, "def": 106, "spa": 130, "spd": 106, "spe": 77}, "stats": {"hp": 273, "atk": 188, "def": 213, "spa": 251, "spd": 213, "spe": 167}, "types": ["Fire", "Steel"]}, "Noctowl": {"name": "Noctowl", "species": "Noctowl", "speciesId": "noctowl", "gender": "F", "shiny": false, "level": 95, "moves": ["hurricane", "roost", "calmmind", "hypervoice"], "ability": "Tinted Lens", "evs": {"hp": 85, "atk": 0, "def": 85, "spa": 85, "spd": 85, "spe": 85}, "ivs": {"hp": 31, "atk": 0, "def": 31, "spa": 31, "spd": 31, "spe": 31}, "item": "Heavy-Duty Boots", "teraType": "Normal", "role": "Bulky Attacker", "bvs": {"hp": 100, "atk": 50, "def": 50, "spa": 86, "spd": 96, "spe": 70}, "stats": {"hp": 344, "atk": 100, "def": 149, "spa": 217, "spd": 236, "spe": 187}, "types": ["Normal", "Flying"]}}, {"Mienshao": {"name": "Mienshao", "species": "Mienshao", "speciesId": "mienshao", "gender": "F", "shiny": false, "level": 83, "moves": ["poisonjab", "stoneedge", "knockoff", "highjumpkick"], "ability": "Reckless", "evs": {"hp": 81, "atk": 85, "def": 85, "spa": 85, "spd": 85, "spe": 85}, "ivs": {"hp": 31, "atk": 31, "def": 31, "spa": 31, "spd": 31, "spe": 31}, "item": "Choice Band", "teraType": "Fighting", "role": "Wallbreaker", "bvs": {"hp": 65, "atk": 125, "def": 60, "spa": 95, "spd": 60, "spe": 105}, "stats": {"hp": 243, "atk": 255, "def": 147, "spa": 205, "spd": 147, "spe": 222}, "types": ["Fighting"]}, "Morpeko": {"name": "Morpeko", "species": "Morpeko", "speciesId": "morpeko", "gender": "F", "shiny": false, "level": 88, "moves": ["aurawheel", "rapidspin", "protect", "partingshot"], "ability": "Hunger Switch", "evs": {"hp": 85, "atk": 85, "def": 85, "spa": 85, "spd": 85, "spe": 85}, "ivs": {"hp": 31, "atk": 31, "def": 31, "spa": 31, "spd": 31, "spe": 31}, "item": "Heavy-Duty Boots", "teraType": "Electric", "role": "Fast Support", "bvs": {"hp": 58, "atk": 95, "def": 58, "spa": 70, "spd": 58, "spe": 97}, "stats": {"hp": 245, "atk": 217, "def": 152, "spa": 173, "spd": 152, "spe": 221}, "types": ["Electric", "Dark"]}, "Cryogonal": {"name": "Cryogonal", "species": "Cryogonal", "speciesId": "cryogonal", "gender": "N", "shiny": false, "level": 89, "moves": ["freezedry", "flashcannon", "recover", "haze"], "ability": "Levitate", "evs": {"hp": 85, "atk": 0, "def": 85, "spa": 85, "spd": 85, "spe": 85}, "ivs": {"hp": 31, "atk": 0, "def": 31, "spa": 31, "spd": 31, "spe": 31}, "item": "Heavy-Duty Boots", "teraType": "Steel", "role": "Bulky Support", "bvs": {"hp": 80, "atk": 50, "def": 50, "spa": 95, "spd": 135, "spe": 105}, "stats": {"hp": 287, "atk": 94, "def": 140, "spa": 220, "spd": 291, "spe": 238}, "types": ["Ice"]}, "Hitmonchan": {"name": "Hitmonchan", "species": "Hitmonchan", "speciesId": "hitmonchan", "gender": "M", "shiny": false, "level": 87, "moves": ["bulkup", "poisonjab", "drainpunch", "knockoff"], "ability": "Iron Fist", "evs": {"hp": 85, "atk": 85, "def": 85, "spa": 85, "spd": 85, "spe": 85}, "ivs": {"hp": 31, "atk": 31, "def": 31, "spa": 31, "spd": 31, "spe": 31}, "item": "Leftovers", "teraType": "Poison", "role": "Bulky Setup", "bvs": {"hp": 50, "atk": 105, "def": 79, "spa": 35, "spd": 110, "spe": 76}, "stats": {"hp": 229, "atk": 232, "def": 187, "spa": 111, "spd": 241, "spe": 182}, "types": ["Fighting"]}, "Ludicolo": {"name": "Ludicolo", "species": "Ludicolo", "speciesId": "ludicolo", "gender": "M", "shiny": false, "level": 90, "moves": ["hydropump", "raindance", "gigadrain", "icebeam"], "ability": "Swift Swim", "evs": {"hp": 85, "atk": 0, "def": 85, "spa": 85, "spd": 85, "spe": 85}, "ivs": {"hp": 31, "atk": 0, "def": 31, "spa": 31, "spd": 31, "spe": 31}, "item": "Life Orb", "teraType": "Grass", "role": "Setup Sweeper", "bvs": {"hp": 80, "atk": 70, "def": 70, "spa": 90, "spd": 100, "spe": 70}, "stats": {"hp": 290, "atk": 131, "def": 177, "spa": 213, "spd": 231, "spe": 177}, "types": ["Water", "Grass"]}, "Lapras": {"name": "Lapras", "species": "Lapras", "speciesId": "lapras", "gender": "F", "shiny": false, "level": 87, "moves": ["sparklingaria", "freezedry", "sleeptalk", "rest"], "ability": "Water Absorb", "evs": {"hp": 85, "atk": 0, "def": 85, "spa": 85, "spd": 85, "spe": 85}, "ivs": {"hp": 31, "atk": 0, "def": 31, "spa": 31, "spd": 31, "spe": 31}, "item": "Heavy-Duty Boots", "teraType": "Steel", "role": "Bulky Attacker", "bvs": {"hp": 130, "atk": 85, "def": 80, "spa": 85, "spd": 95, "spe": 60}, "stats": {"hp": 368, "atk": 152, "def": 189, "spa": 198, "spd": 215, "spe": 154}, "types": ["Water", "Ice"]}}]}