{"id": "gen9randombattle-2631998033", "format": "[Gen 9] Random Battle", "players": ["ricv", "TrainerBabis"], "log": "|j|\u2606ricv\n|j|\u2606TrainerBabis\n|t:|1781464275\n|gametype|singles\n|player|p1|ricv|red|2009\n|player|p2|TrainerBabis|cynthia-masters3|1971\n|gen|9\n|tier|[Gen 9] Random Battle\n|rated|\n|rule|Species Clause: Limit one of each Pok\u00e9mon\n|rule|HP Percentage Mod: HP is shown in percentages\n|rule|Sleep Clause Mod: Limit one foe put to sleep\n|rule|Illusion Level Mod: Illusion disguises the Pok\u00e9mon's true level\n|\n|t:|1781464275\n|teamsize|p1|6\n|teamsize|p2|6\n|start\n|switch|p1a: Stonjourner|Stonjourner, L91, M|330/330\n|switch|p2a: Espeon|Espeon, L84, M|246/246\n|turn|1\n|inactive|Battle timer is ON: inactive players will automatically lose when time's up. (requested by TrainerBabis)\n|inactive|ricv has 120 seconds left.\n|\n|t:|1781464335\n|switch|p1a: Tornadus|Tornadus-Therian, L79, M|254/254\n|move|p2a: Espeon|Trick|p1a: Tornadus\n|-activate|p2a: Espeon|move: Trick|[of] p1a: Tornadus\n|-item|p1a: Tornadus|Choice Specs|[from] move: Trick\n|-item|p2a: Espeon|Choice Specs|[from] move: Trick\n|\n|upkeep\n|turn|2\n|\n|t:|1781464354\n|move|p1a: Tornadus|Bleakwind Storm|p2a: Espeon\n|-damage|p2a: Espeon|111/246\n|-unboost|p2a: Espeon|spe|1\n|move|p2a: Espeon|Psyshock|p1a: Tornadus\n|-damage|p1a: Tornadus|62/254\n|\n|upkeep\n|turn|3\n|\n|t:|1781464364\n|switch|p2a: Iron Thorns|Iron Thorns, L83|302/302\n|-enditem|p2a: Iron Thorns|Booster Energy\n|-activate|p2a: Iron Thorns|ability: Quark Drive|[fromitem]\n|-start|p2a: Iron Thorns|quarkdriveatk\n|move|p1a: Tornadus|Bleakwind Storm|p2a: Iron Thorns|[miss]\n|-miss|p1a: Tornadus|p2a: Iron Thorns\n|\n|upkeep\n|turn|4\n|\n|t:|1781464372\n|switch|p1a: Stonjourner|Stonjourner, L91, M|330/330\n|move|p2a: Iron Thorns|Wild Charge|p1a: Stonjourner\n|-damage|p1a: Stonjourner|221/330\n|-damage|p2a: Iron Thorns|275/302|[from] Recoil\n|\n|upkeep\n|turn|5\n|\n|t:|1781464377\n|-end|p2a: Iron Thorns|Quark Drive|[silent]\n|switch|p2a: Donphan|Donphan, L84, M|288/288\n|move|p1a: Stonjourner|Earthquake|p2a: Donphan\n|-damage|p2a: Donphan|183/288\n|-damage|p1a: Stonjourner|188/330|[from] item: Life Orb\n|\n|upkeep\n|turn|6\n|\n|t:|1781464386\n|switch|p1a: Palossand|Palossand, L89, F|296/296\n|move|p2a: Donphan|Knock Off|p1a: Palossand\n|-supereffective|p1a: Palossand\n|-damage|p1a: Palossand|178/296\n|-enditem|p1a: Palossand|Leftovers|[from] move: Knock Off|[of] p2a: Donphan\n|\n|upkeep\n|turn|7\n|\n|t:|1781464397\n|move|p2a: Donphan|Knock Off|p1a: Palossand\n|-supereffective|p1a: Palossand\n|-damage|p1a: Palossand|94/296\n|move|p1a: Palossand|Earth Power|p2a: Donphan\n|-damage|p2a: Donphan|81/288\n|\n|upkeep\n|turn|8\n|\n|t:|1781464403\n|move|p2a: Donphan|Knock Off|p1a: Palossand\n|-supereffective|p1a: Palossand\n|-damage|p1a: Palossand|8/296\n|move|p1a: Palossand|Shore Up|p1a: Palossand\n|-heal|p1a: Palossand|156/296\n|\n|upkeep\n|turn|9\n|\n|t:|1781464405\n|move|p2a: Donphan|Knock Off|p1a: Palossand\n|-supereffective|p1a: Palossand\n|-damage|p1a: Palossand|66/296\n|move|p1a: Palossand|Shore Up|p1a: Palossand\n|-heal|p1a: Palossand|214/296\n|\n|upkeep\n|turn|10\n|\n|t:|1781464408\n|move|p2a: Donphan|Earthquake|p1a: Palossand\n|-damage|p1a: Palossand|118/296\n|move|p1a: Palossand|Shore Up|p1a: Palossand\n|-heal|p1a: Palossand|266/296\n|\n|upkeep\n|turn|11\n|\n|t:|1781464416\n|move|p2a: Donphan|Earthquake|p1a: Palossand\n|-damage|p1a: Palossand|164/296\n|move|p1a: Palossand|Earth Power|p2a: Donphan\n|-damage|p2a: Donphan|0 fnt\n|faint|p2a: Donphan\n|\n|upkeep\n|\n|t:|1781464423\n|switch|p2a: Espeon|Espeon, L84, M|111/246\n|turn|12\n|\n|t:|1781464426\n|move|p2a: Espeon|Shadow Ball|p1a: Palossand\n|-supereffective|p1a: Palossand\n|-damage|p1a: Palossand|0 fnt\n|faint|p1a: Palossand\n|\n|upkeep\n|\n|t:|1781464432\n|switch|p1a: Dodrio|Dodrio, L85, F|241/241\n|turn|13\n|\n|t:|1781464446\n|switch|p1a: Stonjourner|Stonjourner, L91, M|188/330\n|switch|p2a: Malamar|Malamar, L82, F|275/275\n|\n|upkeep\n|turn|14\n|\n|t:|1781464454\n|move|p1a: Stonjourner|Stone Edge|p2a: Malamar\n|-damage|p2a: Malamar|55/275\n|-damage|p1a: Stonjourner|155/330|[from] item: Life Orb\n|move|p2a: Malamar|Superpower|p1a: Stonjourner\n|-supereffective|p1a: Stonjourner\n|-damage|p1a: Stonjourner|47/330\n|-boost|p2a: Malamar|atk|1\n|-boost|p2a: Malamar|def|1\n|\n|upkeep\n|turn|15\n|\n|t:|1781464461\n|move|p1a: Stonjourner|Earthquake|p2a: Malamar\n|-damage|p2a: Malamar|0 fnt\n|faint|p2a: Malamar\n|-damage|p1a: Stonjourner|14/330|[from] item: Life Orb\n|\n|upkeep\n|\n|t:|1781464467\n|switch|p2a: Iron Thorns|Iron Thorns, L83|275/302\n|turn|16\n|\n|t:|1781464477\n|-terastallize|p2a: Iron Thorns|Grass\n|move|p1a: Stonjourner|Earthquake|p2a: Iron Thorns\n|-resisted|p2a: Iron Thorns\n|-damage|p2a: Iron Thorns|222/302\n|-damage|p1a: Stonjourner|0 fnt|[from] item: Life Orb\n|faint|p1a: Stonjourner\n|move|p2a: Iron Thorns|Dragon Dance|p2a: Iron Thorns\n|-boost|p2a: Iron Thorns|atk|1\n|-boost|p2a: Iron Thorns|spe|1\n|\n|upkeep\n|\n|t:|1781464488\n|switch|p1a: Regirock|Regirock, L83|268/268\n|turn|17\n|\n|t:|1781464513\n|move|p2a: Iron Thorns|Dragon Dance|p2a: Iron Thorns\n|-boost|p2a: Iron Thorns|atk|1\n|-boost|p2a: Iron Thorns|spe|1\n|move|p1a: Regirock|Thunder Wave|p2a: Iron Thorns\n|-status|p2a: Iron Thorns|par\n|\n|upkeep\n|turn|18\n|\n|t:|1781464519\n|move|p2a: Iron Thorns|Dragon Dance|p2a: Iron Thorns\n|-boost|p2a: Iron Thorns|atk|1\n|-boost|p2a: Iron Thorns|spe|1\n|move|p1a: Regirock|Iron Defense|p1a: Regirock\n|-boost|p1a: Regirock|def|2\n|\n|upkeep\n|turn|19\n|\n|t:|1781464523\n|cant|p2a: Iron Thorns|par\n|move|p1a: Regirock|Iron Defense|p1a: Regirock\n|-boost|p1a: Regirock|def|2\n|\n|upkeep\n|turn|20\n|\n|t:|1781464526\n|move|p2a: Iron Thorns|Dragon Dance|p2a: Iron Thorns\n|-boost|p2a: Iron Thorns|atk|1\n|-boost|p2a: Iron Thorns|spe|1\n|move|p1a: Regirock|Iron Defense|p1a: Regirock\n|-boost|p1a: Regirock|def|2\n|\n|upkeep\n|turn|21\n|\n|t:|1781464531\n|move|p2a: Iron Thorns|Stone Edge|p1a: Regirock\n|-damage|p1a: Regirock|217/268\n|move|p1a: Regirock|Body Press|p2a: Iron Thorns\n|-damage|p2a: Iron Thorns|0 fnt\n|faint|p2a: Iron Thorns\n|-end|p2a: Iron Thorns|Quark Drive|[silent]\n|\n|-heal|p1a: Regirock|233/268|[from] item: Leftovers\n|upkeep\n|\n|t:|1781464536\n|switch|p2a: Espeon|Espeon, L84, M|111/246\n|turn|22\n|\n|t:|1781464543\n|move|p2a: Espeon|Shadow Ball|p1a: Regirock\n|-damage|p1a: Regirock|138/268\n|move|p1a: Regirock|Body Press|p2a: Espeon\n|-resisted|p2a: Espeon\n|-damage|p2a: Espeon|0 fnt\n|faint|p2a: Espeon\n|\n|-heal|p1a: Regirock|154/268|[from] item: Leftovers\n|upkeep\n|\n|t:|1781464546\n|switch|p2a: Clodsire|Clodsire, L81, M|343/343\n|turn|23\n|\n|t:|1781464555\n|move|p1a: Regirock|Body Press|p2a: Clodsire\n|-resisted|p2a: Clodsire\n|-damage|p2a: Clodsire|272/343\n|move|p2a: Clodsire|Earthquake|p1a: Regirock\n|-supereffective|p1a: Regirock\n|-damage|p1a: Regirock|74/268\n|\n|-heal|p1a: Regirock|90/268|[from] item: Leftovers\n|-heal|p2a: Clodsire|293/343|[from] item: Leftovers\n|upkeep\n|turn|24\n|\n|t:|1781464568\n|switch|p1a: Dodrio|Dodrio, L85, F|241/241\n|move|p2a: Clodsire|Poison Jab|p1a: Dodrio\n|-damage|p1a: Dodrio|162/241\n|\n|-heal|p2a: Clodsire|314/343|[from] item: Leftovers\n|upkeep\n|turn|25\n|\n|t:|1781464574\n|move|p1a: Dodrio|Brave Bird|p2a: Clodsire\n|-damage|p2a: Clodsire|1/343\n|-damage|p1a: Dodrio|59/241|[from] Recoil\n|move|p2a: Clodsire|Poison Jab|p1a: Dodrio\n|-damage|p1a: Dodrio|0 fnt\n|faint|p1a: Dodrio\n|\n|-heal|p2a: Clodsire|22/343|[from] item: Leftovers\n|upkeep\n|\n|t:|1781464582\n|switch|p1a: Regirock|Regirock, L83|90/268\n|turn|26\n|\n|t:|1781464587\n|move|p1a: Regirock|Body Press|p2a: Clodsire\n|-resisted|p2a: Clodsire\n|-damage|p2a: Clodsire|0 fnt\n|faint|p2a: Clodsire\n|\n|-heal|p1a: Regirock|106/268|[from] item: Leftovers\n|upkeep\n|\n|t:|1781464590\n|switch|p2a: Lucario|Lucario, L84, M|255/255\n|turn|27\n|\n|t:|1781464594\n|move|p2a: Lucario|Meteor Mash|p1a: Regirock\n|-supereffective|p1a: Regirock\n|-damage|p1a: Regirock|0 fnt\n|faint|p1a: Regirock\n|\n|upkeep\n|\n|t:|1781464602\n|switch|p1a: Tornadus|Tornadus-Therian, L79, M|146/254\n|turn|28\n|\n|t:|1781464609\n|-terastallize|p1a: Tornadus|Fire\n|move|p1a: Tornadus|Heat Wave|p2a: Lucario\n|-supereffective|p2a: Lucario\n|-damage|p2a: Lucario|0 fnt\n|faint|p2a: Lucario\n|\n|win|ricv\n", "inputlog": ">version a8376a258c1d4662feba110a92103f3664a72141\n>start {\"formatid\":\"gen9randombattle\",\"seed\":\"sodium,f75a97ef896a684f64ddef3f75f90062\",\"rated\":\"Rated battle\"}\n>player p1 {\"name\":\"ricv\",\"avatar\":\"red\",\"rating\":2009,\"seed\":\"sodium,cdf2fe71c8982d1a99a7178ab70b1602\"}\n>player p2 {\"name\":\"TrainerBabis\",\"avatar\":\"cynthia-masters3\",\"rating\":1971,\"seed\":\"sodium,0edd41533c8403e08a8d3e6bb95965ff\"}\n>p1 switch 4\n>p2 move trick\n>p1 move bleakwindstorm\n>p2 move psyshock\n>p1 move bleakwindstorm\n>p2 switch 6\n>p1 switch 4\n>p2 move wildcharge\n>p1 move earthquake\n>p2 switch 3\n>p1 switch 2\n>p2 move knockoff\n>p1 move earthpower\n>p2 move knockoff\n>p1 move shoreup\n>p2 move knockoff\n>p1 move shoreup\n>p2 move knockoff\n>p1 move shoreup\n>p2 move earthquake\n>p1 move earthpower\n>p2 move earthquake\n>p2 switch 6\n>p1 move shadowball\n>p2 move shadowball\n>p1 switch 3\n>p1 switch 2\n>p2 switch 5\n>p1 move stoneedge\n>p2 move superpower\n>p1 move earthquake\n>p2 move rest\n>p2 switch 3\n>p1 move earthquake\n>p2 move dragondance terastallize\n>p1 switch 5\n>p1 move thunderwave\n>p2 move dragondance\n>p1 move irondefense\n>p2 move dragondance\n>p1 move irondefense\n>p2 move dragondance\n>p1 move irondefense\n>p2 move dragondance\n>p1 move bodypress\n>p2 move stoneedge\n>p2 switch 5\n>p1 move bodypress\n>p2 move shadowball\n>p2 switch 2\n>p1 move bodypress\n>p2 move earthquake\n>p1 switch 2\n>p2 move poisonjab\n>p1 move bravebird\n>p2 move poisonjab\n>p1 switch 2\n>p1 move bodypress\n>p2 move earthquake\n>p2 switch 4\n>p1 move thunderwave\n>p2 move meteormash\n>p1 switch 4\n>p1 move heatwave terastallize\n>p2 move meteormash", "uploadtime": 1781464278, "views": 4, "formatid": "gen9randombattle", "rating": null, "private": 0, "password": null}