{"id": "gen9randombattle-2631912344", "format": "[Gen 9] Random Battle", "players": ["nesk95", "Aminator3000"], "log": "|j|\u2606nesk95\n|j|\u2606Aminator3000\n|t:|1781454878\n|gametype|singles\n|player|p1|nesk95|unknown|1925\n|player|p2|Aminator3000|veteran|1934\n|gen|9\n|tier|[Gen 9] Random Battle\n|rated|\n|rule|Species Clause: Limit one of each Pok\u00e9mon\n|rule|HP Percentage Mod: HP is shown in percentages\n|rule|Sleep Clause Mod: Limit one foe put to sleep\n|rule|Illusion Level Mod: Illusion disguises the Pok\u00e9mon's true level\n|\n|t:|1781454878\n|teamsize|p1|6\n|teamsize|p2|6\n|start\n|switch|p1a: Dragonite|Dragonite, L74, M|257/257\n|switch|p2a: Politoed|Politoed, L88, F|302/302\n|-weather|RainDance|[from] ability: Drizzle|[of] p2a: Politoed\n|turn|1\n|inactive|Battle timer is ON: inactive players will automatically lose when time's up. (requested by Aminator3000)\n|\n|t:|1781454896\n|switch|p1a: Glalie|Glalie, L96, F|309/309\n|move|p2a: Politoed|Ice Beam|p1a: Glalie\n|-resisted|p1a: Glalie\n|-damage|p1a: Glalie|261/309\n|\n|-weather|RainDance|[upkeep]\n|upkeep\n|turn|2\n|\n|t:|1781454912\n|switch|p2a: Bronzong|Bronzong, L88|261/261\n|move|p1a: Glalie|Spikes|p2a: Bronzong\n|-sidestart|p2: Aminator3000|Spikes\n|\n|-weather|RainDance|[upkeep]\n|upkeep\n|turn|3\n|\n|t:|1781454920\n|move|p1a: Glalie|Taunt|p2a: Bronzong\n|-start|p2a: Bronzong|move: Taunt\n|move|p2a: Bronzong|Iron Head|p1a: Glalie\n|-supereffective|p1a: Glalie\n|-damage|p1a: Glalie|99/309\n|\n|-weather|RainDance|[upkeep]\n|upkeep\n|turn|4\n|\n|t:|1781454929\n|move|p1a: Glalie|Spikes|p2a: Bronzong\n|-sidestart|p2: Aminator3000|Spikes\n|move|p2a: Bronzong|Iron Head|p1a: Glalie\n|-supereffective|p1a: Glalie\n|-damage|p1a: Glalie|0 fnt\n|faint|p1a: Glalie\n|\n|-weather|RainDance|[upkeep]\n|upkeep\n|\n|t:|1781454937\n|switch|p1a: Crawdaunt|Crawdaunt, L84, M|243/243\n|turn|5\n|\n|t:|1781454946\n|switch|p2a: Wigglytuff|Wigglytuff, L96, F|424/424\n|-damage|p2a: Wigglytuff|354/424|[from] Spikes\n|move|p1a: Crawdaunt|Dragon Dance|p1a: Crawdaunt\n|-boost|p1a: Crawdaunt|atk|1\n|-boost|p1a: Crawdaunt|spe|1\n|\n|-weather|none\n|-heal|p2a: Wigglytuff|380/424|[from] item: Leftovers\n|upkeep\n|turn|6\n|\n|t:|1781454956\n|move|p1a: Crawdaunt|Crabhammer|p2a: Wigglytuff|[miss]\n|-miss|p1a: Crawdaunt|p2a: Wigglytuff\n|move|p2a: Wigglytuff|Alluring Voice|p1a: Crawdaunt\n|-supereffective|p1a: Crawdaunt\n|-damage|p1a: Crawdaunt|0 fnt\n|faint|p1a: Crawdaunt\n|\n|-heal|p2a: Wigglytuff|406/424|[from] item: Leftovers\n|upkeep\n|\n|t:|1781454965\n|switch|p1a: Camerupt|Camerupt, L91, M|275/275\n|turn|7\n|\n|t:|1781454969\n|move|p2a: Wigglytuff|Knock Off|p1a: Camerupt\n|-damage|p1a: Camerupt|199/275\n|-enditem|p1a: Camerupt|Leftovers|[from] move: Knock Off|[of] p2a: Wigglytuff\n|move|p1a: Camerupt|Stealth Rock|p2a: Wigglytuff\n|-sidestart|p2: Aminator3000|move: Stealth Rock\n|\n|-heal|p2a: Wigglytuff|424/424|[from] item: Leftovers\n|upkeep\n|turn|8\n|\n|t:|1781454979\n|switch|p2a: Politoed|Politoed, L88, F|302/302\n|-damage|p2a: Politoed|252/302|[from] Spikes\n|-damage|p2a: Politoed|215/302|[from] Stealth Rock\n|-weather|RainDance|[from] ability: Drizzle|[of] p2a: Politoed\n|move|p1a: Camerupt|Roar|p2a: Politoed\n|drag|p2a: Bronzong|Bronzong, L88|261/261\n|-damage|p2a: Bronzong|245/261|[from] Stealth Rock\n|\n|-weather|RainDance|[upkeep]\n|-heal|p2a: Bronzong|261/261|[from] item: Leftovers\n|upkeep\n|turn|9\n|\n|t:|1781454994\n|move|p2a: Bronzong|Stealth Rock|p1a: Camerupt\n|-sidestart|p1: nesk95|move: Stealth Rock\n|move|p1a: Camerupt|Roar|p2a: Bronzong\n|drag|p2a: Ariados|Ariados, L95, M|287/287\n|\n|-weather|RainDance|[upkeep]\n|upkeep\n|turn|10\n|\n|t:|1781455004\n|move|p2a: Ariados|Sticky Web|p1a: Camerupt\n|-sidestart|p1: nesk95|move: Sticky Web\n|move|p1a: Camerupt|Earthquake|p2a: Ariados\n|-damage|p2a: Ariados|155/287\n|\n|-weather|RainDance|[upkeep]\n|upkeep\n|turn|11\n|\n|t:|1781455012\n|move|p2a: Ariados|Poison Jab|p1a: Camerupt\n|-resisted|p1a: Camerupt\n|-damage|p1a: Camerupt|145/275\n|move|p1a: Camerupt|Roar|p2a: Ariados\n|drag|p2a: Politoed|Politoed, L88, F|215/302\n|-damage|p2a: Politoed|165/302|[from] Spikes\n|-damage|p2a: Politoed|128/302|[from] Stealth Rock\n|\n|-weather|RainDance|[upkeep]\n|upkeep\n|turn|12\n|\n|t:|1781455023\n|move|p2a: Politoed|Weather Ball|p1a: Camerupt\n|-supereffective|p1a: Camerupt\n|-damage|p1a: Camerupt|0 fnt\n|faint|p1a: Camerupt\n|\n|-weather|none\n|upkeep\n|\n|t:|1781455034\n|switch|p1a: Zekrom|Zekrom, L71|259/259\n|-damage|p1a: Zekrom|227/259|[from] Stealth Rock\n|-activate|p1a: Zekrom|move: Sticky Web\n|-unboost|p1a: Zekrom|spe|1\n|-ability|p1a: Zekrom|Teravolt\n|turn|13\n|\n|t:|1781455045\n|switch|p2a: Bronzong|Bronzong, L88|261/261\n|-damage|p2a: Bronzong|245/261|[from] Stealth Rock\n|move|p1a: Zekrom|Dragon Dance|p1a: Zekrom\n|-boost|p1a: Zekrom|atk|1\n|-boost|p1a: Zekrom|spe|1\n|\n|-heal|p1a: Zekrom|243/259|[from] item: Leftovers\n|-heal|p2a: Bronzong|261/261|[from] item: Leftovers\n|upkeep\n|turn|14\n|\n|t:|1781455057\n|move|p1a: Zekrom|Dragon Dance|p1a: Zekrom\n|-boost|p1a: Zekrom|atk|1\n|-boost|p1a: Zekrom|spe|1\n|move|p2a: Bronzong|Psychic|p1a: Zekrom\n|-damage|p1a: Zekrom|140/259\n|\n|-heal|p1a: Zekrom|156/259|[from] item: Leftovers\n|upkeep\n|turn|15\n|\n|t:|1781455065\n|move|p1a: Zekrom|Bolt Strike|p2a: Bronzong\n|-damage|p2a: Bronzong|35/261\n|-status|p2a: Bronzong|par\n|move|p2a: Bronzong|Psychic|p1a: Zekrom\n|-damage|p1a: Zekrom|65/259\n|\n|-heal|p1a: Zekrom|81/259|[from] item: Leftovers\n|-heal|p2a: Bronzong|51/261 par|[from] item: Leftovers\n|upkeep\n|turn|16\n|\n|t:|1781455079\n|move|p1a: Zekrom|Substitute|p1a: Zekrom\n|-start|p1a: Zekrom|Substitute\n|-damage|p1a: Zekrom|17/259\n|move|p2a: Bronzong|Psychic|p1a: Zekrom\n|-end|p1a: Zekrom|Substitute\n|\n|-heal|p1a: Zekrom|33/259|[from] item: Leftovers\n|-heal|p2a: Bronzong|67/261 par|[from] item: Leftovers\n|upkeep\n|turn|17\n|\n|t:|1781455088\n|move|p1a: Zekrom|Bolt Strike|p2a: Bronzong\n|-damage|p2a: Bronzong|0 fnt\n|faint|p2a: Bronzong\n|\n|-heal|p1a: Zekrom|49/259|[from] item: Leftovers\n|upkeep\n|\n|t:|1781455094\n|switch|p2a: Venusaur|Venusaur, L84, F|272/272\n|-damage|p2a: Venusaur|227/272|[from] Spikes\n|-damage|p2a: Venusaur|193/272|[from] Stealth Rock\n|turn|18\n|\n|t:|1781455102\n|move|p1a: Zekrom|Outrage|p2a: Venusaur\n|-damage|p2a: Venusaur|0 fnt\n|faint|p2a: Venusaur\n|\n|-heal|p1a: Zekrom|65/259|[from] item: Leftovers\n|upkeep\n|\n|t:|1781455109\n|switch|p2a: Wigglytuff|Wigglytuff, L96, F|424/424\n|-damage|p2a: Wigglytuff|354/424|[from] Spikes\n|-damage|p2a: Wigglytuff|301/424|[from] Stealth Rock\n|turn|19\n|\n|t:|1781455115\n|move|p1a: Zekrom|Outrage|p2a: Wigglytuff|[from] lockedmove\n|-immune|p2a: Wigglytuff\n|move|p2a: Wigglytuff|Alluring Voice|p1a: Zekrom\n|-supereffective|p1a: Zekrom\n|-damage|p1a: Zekrom|0 fnt\n|faint|p1a: Zekrom\n|\n|-heal|p2a: Wigglytuff|327/424|[from] item: Leftovers\n|upkeep\n|\n|t:|1781455123\n|switch|p1a: Lugia|Lugia, L73|275/275\n|turn|20\n|\n|t:|1781455127\n|move|p1a: Lugia|Calm Mind|p1a: Lugia\n|-boost|p1a: Lugia|spa|1\n|-boost|p1a: Lugia|spd|1\n|move|p2a: Wigglytuff|Knock Off|p1a: Lugia\n|-supereffective|p1a: Lugia\n|-damage|p1a: Lugia|216/275\n|-enditem|p1a: Lugia|Heavy-Duty Boots|[from] move: Knock Off|[of] p2a: Wigglytuff\n|\n|-heal|p2a: Wigglytuff|353/424|[from] item: Leftovers\n|upkeep\n|turn|21\n|\n|t:|1781455137\n|move|p1a: Lugia|Psychic Noise|p2a: Wigglytuff\n|-crit|p2a: Wigglytuff\n|-damage|p2a: Wigglytuff|176/424\n|-start|p2a: Wigglytuff|move: Heal Block\n|move|p2a: Wigglytuff|Alluring Voice|p1a: Lugia\n|-damage|p1a: Lugia|165/275\n|\n|upkeep\n|turn|22\n|\n|t:|1781455148\n|move|p1a: Lugia|Recover|p1a: Lugia\n|-heal|p1a: Lugia|275/275\n|move|p2a: Wigglytuff|Alluring Voice|p1a: Lugia\n|-damage|p1a: Lugia|251/275\n|\n|-end|p2a: Wigglytuff|move: Heal Block\n|upkeep\n|turn|23\n|\n|t:|1781455160\n|move|p1a: Lugia|Psychic Noise|p2a: Wigglytuff\n|-damage|p2a: Wigglytuff|68/424\n|-start|p2a: Wigglytuff|move: Heal Block\n|move|p2a: Wigglytuff|Alluring Voice|p1a: Lugia\n|-damage|p1a: Lugia|203/275\n|\n|upkeep\n|turn|24\n|\n|t:|1781455170\n|move|p1a: Lugia|Recover|p1a: Lugia\n|-heal|p1a: Lugia|275/275\n|move|p2a: Wigglytuff|Alluring Voice|p1a: Lugia\n|-crit|p1a: Lugia\n|-damage|p1a: Lugia|217/275\n|\n|-end|p2a: Wigglytuff|move: Heal Block\n|upkeep\n|turn|25\n|\n|t:|1781455178\n|move|p1a: Lugia|Psychic Noise|p2a: Wigglytuff\n|-damage|p2a: Wigglytuff|0 fnt\n|faint|p2a: Wigglytuff\n|\n|upkeep\n|\n|t:|1781455184\n|switch|p2a: Basculegion|Basculegion, L80, M|323/323\n|-damage|p2a: Basculegion|270/323|[from] Spikes\n|-damage|p2a: Basculegion|230/323|[from] Stealth Rock\n|turn|26\n|\n|t:|1781455201\n|-terastallize|p1a: Lugia|Steel\n|move|p1a: Lugia|Psychic Noise|p2a: Basculegion\n|-damage|p2a: Basculegion|161/323\n|-start|p2a: Basculegion|move: Heal Block\n|move|p2a: Basculegion|Shadow Ball|p1a: Lugia\n|-damage|p1a: Lugia|171/275\n|\n|upkeep\n|turn|27\n|\n|t:|1781455216\n|move|p1a: Lugia|Recover|p1a: Lugia\n|-heal|p1a: Lugia|275/275\n|move|p2a: Basculegion|Flip Turn|p1a: Lugia\n|-damage|p1a: Lugia|237/275\n|-message|Aminator3000 forfeited.\n|\n|win|nesk95\n", "inputlog": ">version a8376a258c1d4662feba110a92103f3664a72141\n>start {\"formatid\":\"gen9randombattle\",\"seed\":\"sodium,9e7c502d5041227fffe811a6649b9a2f\",\"rated\":\"Rated battle\"}\n>player p1 {\"name\":\"nesk95\",\"avatar\":\"unknown\",\"rating\":1925,\"seed\":\"sodium,3f7ee9ddb08b56054f401e6eb78bd80a\"}\n>player p2 {\"name\":\"Aminator3000\",\"avatar\":\"veteran\",\"rating\":1934,\"seed\":\"sodium,002ce190cff7c4f1b5eb19cae25c945a\"}\n>p1 switch 2\n>p2 move icebeam\n>p1 move spikes\n>p2 switch 2\n>p1 move taunt\n>p2 move ironhead\n>p1 move spikes\n>p2 move ironhead\n>p1 switch 5\n>p1 move dragondance\n>p2 switch 3\n>p1 move crabhammer\n>p2 move alluringvoice\n>p1 switch 3\n>p1 move stealthrock\n>p2 move knockoff\n>p1 move roar\n>p2 switch 2\n>p1 move roar\n>p2 move stealthrock\n>p1 move earthquake\n>p2 move stickyweb\n>p1 move roar\n>p2 move poisonjab\n>p1 move roar\n>p2 move weatherball\n>p1 switch 6\n>p1 move dragondance\n>p2 switch 4\n>p1 move dragondance\n>p2 move psychic\n>p1 move boltstrike\n>p2 move psychic\n>p1 move substitute\n>p2 move psychic\n>p1 move boltstrike\n>p2 move psychic\n>p2 switch 6\n>p1 move outrage\n>p2 move sludgebomb\n>p2 switch 2\n>p1 move outrage\n>p2 move alluringvoice\n>p1 switch 4\n>p1 move calmmind\n>p2 move knockoff\n>p1 move psychicnoise\n>p2 move alluringvoice\n>p1 move recover\n>p2 move alluringvoice\n>p1 move psychicnoise\n>p2 move alluringvoice\n>p1 move recover\n>p2 move alluringvoice\n>p1 move psychicnoise\n>p2 move alluringvoice\n>p2 switch 5\n>p1 move psychicnoise terastallize\n>p2 move shadowball\n>p1 move recover\n>p2 move flipturn\n>forcelose p2", "uploadtime": 1781454880, "views": 5, "formatid": "gen9randombattle", "rating": null, "private": 0, "password": null, "player_dets": [{"name": "nesk95", "avatar": "unknown", "rating": 1925, "seed": "sodium,3f7ee9ddb08b56054f401e6eb78bd80a"}, {"name": "Aminator3000", "avatar": "veteran", "rating": 1934, "seed": "sodium,002ce190cff7c4f1b5eb19cae25c945a"}], "teams_full": [{"Dragonite": {"name": "Dragonite", "species": "Dragonite", "speciesId": "dragonite", "gender": "M", "shiny": false, "level": 74, "moves": ["earthquake", "dragondance", "outrage", "roost"], "ability": "Multiscale", "evs": {"hp": 85, "atk": 85, "def": 85, "spa": 85, "spd": 85, "spe": 85}, "ivs": {"hp": 31, "atk": 31, "def": 31, "spa": 31, "spd": 31, "spe": 31}, "item": "Heavy-Duty Boots", "teraType": "Ground", "role": "Bulky Setup", "bvs": {"hp": 91, "atk": 134, "def": 95, "spa": 100, "spd": 100, "spe": 80}, "stats": {"hp": 257, "atk": 241, "def": 184, "spa": 191, "spd": 191, "spe": 161}, "types": ["Dragon", "Flying"]}, "Glalie": {"name": "Glalie", "species": "Glalie", "speciesId": "glalie", "gender": "F", "shiny": false, "level": 96, "moves": ["earthquake", "spikes", "taunt", "freezedry"], "ability": "Inner Focus", "evs": {"hp": 85, "atk": 85, "def": 85, "spa": 85, "spd": 85, "spe": 85}, "ivs": {"hp": 31, "atk": 31, "def": 31, "spa": 31, "spd": 31, "spe": 31}, "item": "Heavy-Duty Boots", "teraType": "Ground", "role": "Fast Support", "bvs": {"hp": 80, "atk": 80, "def": 80, "spa": 80, "spd": 80, "spe": 80}, "stats": {"hp": 309, "atk": 208, "def": 208, "spa": 208, "spd": 208, "spe": 208}, "types": ["Ice"]}, "Camerupt": {"name": "Camerupt", "species": "Camerupt", "speciesId": "camerupt", "gender": "M", "shiny": false, "level": 91, "moves": ["stealthrock", "earthquake", "roar", "overheat"], "ability": "Solid Rock", "evs": {"hp": 85, "atk": 85, "def": 85, "spa": 85, "spd": 85, "spe": 85}, "ivs": {"hp": 31, "atk": 31, "def": 31, "spa": 31, "spd": 31, "spe": 31}, "item": "Leftovers", "teraType": "Water", "role": "Bulky Support", "bvs": {"hp": 70, "atk": 100, "def": 70, "spa": 105, "spd": 75, "spe": 40}, "stats": {"hp": 275, "atk": 234, "def": 179, "spa": 243, "spd": 188, "spe": 125}, "types": ["Fire", "Ground"]}, "Lugia": {"name": "Lugia", "species": "Lugia", "speciesId": "lugia", "gender": "N", "shiny": false, "level": 73, "moves": ["calmmind", "psychicnoise", "aeroblast", "recover"], "ability": "Multiscale", "evs": {"hp": 85, "atk": 0, "def": 85, "spa": 85, "spd": 85, "spe": 85}, "ivs": {"hp": 31, "atk": 0, "def": 31, "spa": 31, "spd": 31, "spe": 31}, "item": "Heavy-Duty Boots", "teraType": "Steel", "role": "Setup Sweeper", "bvs": {"hp": 106, "atk": 90, "def": 130, "spa": 90, "spd": 154, "spe": 110}, "stats": {"hp": 275, "atk": 136, "def": 232, "spa": 174, "spd": 267, "spe": 203}, "types": ["Psychic", "Flying"]}, "Crawdaunt": {"name": "Crawdaunt", "species": "Crawdaunt", "speciesId": "crawdaunt", "gender": "M", "shiny": false, "level": 84, "moves": ["crabhammer", "dragondance", "closecombat", "knockoff"], "ability": "Adaptability", "evs": {"hp": 85, "atk": 85, "def": 85, "spa": 85, "spd": 85, "spe": 85}, "ivs": {"hp": 31, "atk": 31, "def": 31, "spa": 31, "spd": 31, "spe": 31}, "item": "Life Orb", "teraType": "Fighting", "role": "Fast Attacker", "bvs": {"hp": 63, "atk": 120, "def": 85, "spa": 90, "spd": 55, "spe": 55}, "stats": {"hp": 243, "atk": 250, "def": 191, "spa": 199, "spd": 141, "spe": 141}, "types": ["Water", "Dark"]}, "Zekrom": {"name": "Zekrom", "species": "Zekrom", "speciesId": "zekrom", "gender": "N", "shiny": false, "level": 71, "moves": ["boltstrike", "substitute", "outrage", "dragondance"], "ability": "Teravolt", "evs": {"hp": 85, "atk": 85, "def": 85, "spa": 85, "spd": 85, "spe": 85}, "ivs": {"hp": 31, "atk": 31, "def": 31, "spa": 31, "spd": 31, "spe": 31}, "item": "Leftovers", "teraType": "Steel", "role": "Setup Sweeper", "bvs": {"hp": 100, "atk": 150, "def": 120, "spa": 120, "spd": 100, "spe": 90}, "stats": {"hp": 259, "atk": 254, "def": 212, "spa": 212, "spd": 183, "spe": 169}, "types": ["Dragon", "Electric"]}}, {"Politoed": {"name": "Politoed", "species": "Politoed", "speciesId": "politoed", "gender": "F", "shiny": false, "level": 88, "moves": ["icebeam", "hydropump", "focusblast", "weatherball"], "ability": "Drizzle", "evs": {"hp": 85, "atk": 0, "def": 85, "spa": 85, "spd": 85, "spe": 85}, "ivs": {"hp": 31, "atk": 0, "def": 31, "spa": 31, "spd": 31, "spe": 31}, "item": "Choice Specs", "teraType": "Water", "role": "Fast Attacker", "bvs": {"hp": 90, "atk": 75, "def": 75, "spa": 90, "spd": 100, "spe": 70}, "stats": {"hp": 302, "atk": 137, "def": 182, "spa": 209, "spd": 226, "spe": 173}, "types": ["Water"]}, "Bronzong": {"name": "Bronzong", "species": "Bronzong", "speciesId": "bronzong", "gender": "N", "shiny": false, "level": 88, "moves": ["hypnosis", "psychic", "ironhead", "stealthrock"], "ability": "Levitate", "evs": {"hp": 85, "atk": 85, "def": 85, "spa": 85, "spd": 85, "spe": 85}, "ivs": {"hp": 31, "atk": 31, "def": 31, "spa": 31, "spd": 31, "spe": 31}, "item": "Leftovers", "teraType": "Water", "role": "Bulky Support", "bvs": {"hp": 67, "atk": 89, "def": 116, "spa": 79, "spd": 116, "spe": 33}, "stats": {"hp": 261, "atk": 207, "def": 254, "spa": 189, "spd": 254, "spe": 108}, "types": ["Steel", "Psychic"]}, "Wigglytuff": {"name": "Wigglytuff", "species": "Wigglytuff", "speciesId": "wigglytuff", "gender": "F", "shiny": false, "level": 96, "moves": ["knockoff", "alluringvoice", "protect", "wish"], "ability": "Competitive", "evs": {"hp": 85, "atk": 85, "def": 85, "spa": 85, "spd": 85, "spe": 85}, "ivs": {"hp": 31, "atk": 31, "def": 31, "spa": 31, "spd": 31, "spe": 31}, "item": "Leftovers", "teraType": "Poison", "role": "Bulky Support", "bvs": {"hp": 140, "atk": 70, "def": 45, "spa": 85, "spd": 50, "spe": 45}, "stats": {"hp": 424, "atk": 189, "def": 141, "spa": 218, "spd": 150, "spe": 141}, "types": ["Normal", "Fairy"]}, "Ariados": {"name": "Ariados", "species": "Ariados", "speciesId": "ariados", "gender": "M", "shiny": false, "level": 95, "moves": ["toxicspikes", "poisonjab", "stickyweb", "megahorn"], "ability": "Swarm", "evs": {"hp": 85, "atk": 85, "def": 85, "spa": 85, "spd": 85, "spe": 85}, "ivs": {"hp": 31, "atk": 31, "def": 31, "spa": 31, "spd": 31, "spe": 31}, "item": "Heavy-Duty Boots", "teraType": "Ghost", "role": "Fast Support", "bvs": {"hp": 70, "atk": 90, "def": 70, "spa": 60, "spd": 70, "spe": 40}, "stats": {"hp": 287, "atk": 225, "def": 187, "spa": 168, "spd": 187, "spe": 130}, "types": ["Bug", "Poison"]}, "Basculegion": {"name": "Basculegion", "species": "Basculegion", "speciesId": "basculegion", "gender": "M", "shiny": false, "level": 80, "moves": ["flipturn", "aquajet", "wavecrash", "shadowball"], "ability": "Adaptability", "evs": {"hp": 85, "atk": 85, "def": 85, "spa": 85, "spd": 85, "spe": 85}, "ivs": {"hp": 31, "atk": 31, "def": 31, "spa": 31, "spd": 31, "spe": 31}, "item": "Assault Vest", "teraType": "Water", "role": "AV Pivot", "bvs": {"hp": 120, "atk": 112, "def": 65, "spa": 80, "spd": 75, "spe": 78}, "stats": {"hp": 323, "atk": 225, "def": 150, "spa": 174, "spd": 166, "spe": 171}, "types": ["Water", "Ghost"]}, "Venusaur": {"name": "Venusaur", "species": "Venusaur", "speciesId": "venusaur", "gender": "F", "shiny": false, "level": 84, "moves": ["sludgebomb", "leechseed", "substitute", "sleeppowder"], "ability": "Chlorophyll", "evs": {"hp": 85, "atk": 0, "def": 85, "spa": 85, "spd": 85, "spe": 85}, "ivs": {"hp": 31, "atk": 0, "def": 31, "spa": 31, "spd": 31, "spe": 31}, "item": "Leftovers", "teraType": "Water", "role": "Bulky Support", "bvs": {"hp": 80, "atk": 82, "def": 83, "spa": 100, "spd": 100, "spe": 80}, "stats": {"hp": 272, "atk": 142, "def": 188, "spa": 216, "spd": 216, "spe": 183}, "types": ["Grass", "Poison"]}}]}