{"id": "gen9randombattle-2631813749", "format": "[Gen 9] Random Battle", "players": ["Hunrito", "Schibi"], "log": "|j|\u2606Hunrito\n|j|\u2606Schibi\n|t:|1781443432\n|gametype|singles\n|player|p1|Hunrito|102|1914\n|player|p2|Schibi|265|1994\n|gen|9\n|tier|[Gen 9] Random Battle\n|rated|\n|rule|Species Clause: Limit one of each Pok\u00e9mon\n|rule|HP Percentage Mod: HP is shown in percentages\n|rule|Sleep Clause Mod: Limit one foe put to sleep\n|rule|Illusion Level Mod: Illusion disguises the Pok\u00e9mon's true level\n|\n|t:|1781443432\n|teamsize|p1|6\n|teamsize|p2|6\n|start\n|switch|p1a: Infernape|Infernape, L82, M|259/259\n|switch|p2a: Rillaboom|Rillaboom, L79, F|288/288\n|-fieldstart|move: Grassy Terrain|[from] ability: Grassy Surge|[of] p2a: Rillaboom\n|turn|1\n|inactive|Battle timer is ON: inactive players will automatically lose when time's up. (requested by Hunrito)\n|\n|t:|1781443445\n|switch|p2a: Dedenne|Dedenne, L88, M|261/261\n|move|p1a: Infernape|Overheat|p2a: Dedenne|[miss]\n|-miss|p1a: Infernape|p2a: Dedenne\n|\n|upkeep\n|turn|2\n|\n|t:|1781443455\n|switch|p1a: Sandaconda|Sandaconda, L84, M|258/258\n|move|p2a: Dedenne|Nuzzle|p1a: Sandaconda\n|-immune|p1a: Sandaconda\n|\n|upkeep\n|turn|3\n|\n|t:|1781443458\n|move|p2a: Dedenne|Super Fang|p1a: Sandaconda\n|-damage|p1a: Sandaconda|129/258\n|move|p1a: Sandaconda|Stealth Rock|p2a: Dedenne\n|-sidestart|p2: Schibi|move: Stealth Rock\n|\n|-heal|p1a: Sandaconda|145/258|[from] Grassy Terrain\n|-heal|p1a: Sandaconda|161/258|[from] item: Leftovers\n|upkeep\n|turn|4\n|\n|t:|1781443465\n|switch|p2a: Rillaboom|Rillaboom, L79, F|288/288\n|-damage|p2a: Rillaboom|252/288|[from] Stealth Rock\n|move|p1a: Sandaconda|Earthquake|p2a: Rillaboom\n|-resisted|p2a: Rillaboom\n|-damage|p2a: Rillaboom|222/288\n|\n|-heal|p2a: Rillaboom|240/288|[from] Grassy Terrain\n|-heal|p1a: Sandaconda|177/258|[from] Grassy Terrain\n|-heal|p1a: Sandaconda|193/258|[from] item: Leftovers\n|upkeep\n|turn|5\n|\n|t:|1781443467\n|switch|p1a: Meganium|Meganium, L90, M|290/290\n|move|p2a: Rillaboom|Wood Hammer|p1a: Meganium\n|-resisted|p1a: Meganium\n|-damage|p1a: Meganium|182/290\n|-damage|p2a: Rillaboom|204/288|[from] Recoil\n|\n|-heal|p1a: Meganium|200/290|[from] Grassy Terrain\n|-heal|p1a: Meganium|218/290|[from] item: Leftovers\n|-heal|p2a: Rillaboom|222/288|[from] Grassy Terrain\n|-fieldend|move: Grassy Terrain\n|upkeep\n|turn|6\n|\n|t:|1781443473\n|switch|p2a: Lurantis|Lurantis, L87, F|264/264\n|-damage|p2a: Lurantis|231/264|[from] Stealth Rock\n|move|p1a: Meganium|Knock Off|p2a: Lurantis\n|-damage|p2a: Lurantis|161/264\n|-enditem|p2a: Lurantis|Assault Vest|[from] move: Knock Off|[of] p1a: Meganium\n|\n|-heal|p1a: Meganium|236/290|[from] item: Leftovers\n|upkeep\n|turn|7\n|\n|t:|1781443478\n|switch|p1a: Infernape|Infernape, L82, M|259/259\n|move|p2a: Lurantis|Superpower|p1a: Infernape\n|-damage|p1a: Infernape|148/259\n|-boost|p2a: Lurantis|atk|1\n|-boost|p2a: Lurantis|def|1\n|\n|upkeep\n|turn|8\n|\n|t:|1781443484\n|move|p1a: Infernape|Overheat|p2a: Lurantis\n|-supereffective|p2a: Lurantis\n|-damage|p2a: Lurantis|0 fnt\n|-unboost|p1a: Infernape|spa|2\n|faint|p2a: Lurantis\n|-damage|p1a: Infernape|123/259|[from] item: Life Orb\n|\n|upkeep\n|\n|t:|1781443488\n|switch|p2a: Azelf|Azelf, L82|257/257\n|-damage|p2a: Azelf|225/257|[from] Stealth Rock\n|turn|9\n|\n|t:|1781443492\n|switch|p1a: Mabosstiff|Mabosstiff, L86, F|278/278\n|move|p2a: Azelf|Psychic|p1a: Mabosstiff\n|-immune|p1a: Mabosstiff\n|\n|upkeep\n|turn|10\n|\n|t:|1781443501\n|switch|p2a: Dedenne|Dedenne, L88, M|261/261\n|-damage|p2a: Dedenne|229/261|[from] Stealth Rock\n|move|p1a: Mabosstiff|Crunch|p2a: Dedenne\n|-resisted|p2a: Dedenne\n|-damage|p2a: Dedenne|31/261\n|-unboost|p2a: Dedenne|def|1\n|-enditem|p2a: Dedenne|Sitrus Berry|[eat]\n|-heal|p2a: Dedenne|96/261|[from] item: Sitrus Berry\n|-heal|p2a: Dedenne|183/261|[from] ability: Cheek Pouch\n|\n|upkeep\n|turn|11\n|\n|t:|1781443505\n|switch|p1a: Meganium|Meganium, L90, M|236/290\n|move|p2a: Dedenne|Super Fang|p1a: Meganium\n|-damage|p1a: Meganium|118/290\n|\n|-heal|p1a: Meganium|136/290|[from] item: Leftovers\n|upkeep\n|turn|12\n|\n|t:|1781443513\n|move|p2a: Dedenne|Super Fang|p1a: Meganium\n|-damage|p1a: Meganium|68/290\n|move|p1a: Meganium|Synthesis|p1a: Meganium\n|-heal|p1a: Meganium|213/290\n|\n|-heal|p1a: Meganium|231/290|[from] item: Leftovers\n|upkeep\n|turn|13\n|\n|t:|1781443517\n|move|p2a: Dedenne|Nuzzle|p1a: Meganium\n|-resisted|p1a: Meganium\n|-damage|p1a: Meganium|224/290\n|-status|p1a: Meganium|par\n|cant|p1a: Meganium|par\n|\n|-heal|p1a: Meganium|242/290 par|[from] item: Leftovers\n|upkeep\n|turn|14\n|\n|t:|1781443519\n|move|p2a: Dedenne|Super Fang|p1a: Meganium\n|-damage|p1a: Meganium|121/290 par\n|move|p1a: Meganium|Leech Seed|p2a: Dedenne\n|-start|p2a: Dedenne|move: Leech Seed\n|\n|-heal|p1a: Meganium|139/290 par|[from] item: Leftovers\n|-damage|p2a: Dedenne|151/261|[from] Leech Seed|[of] p1a: Meganium\n|-heal|p1a: Meganium|171/290 par|[silent]\n|upkeep\n|turn|15\n|\n|t:|1781443525\n|switch|p2a: Azelf|Azelf, L82|225/257\n|-damage|p2a: Azelf|193/257|[from] Stealth Rock\n|move|p1a: Meganium|Knock Off|p2a: Azelf\n|-supereffective|p2a: Azelf\n|-damage|p2a: Azelf|17/257\n|-enditem|p2a: Azelf|Life Orb|[from] move: Knock Off|[of] p1a: Meganium\n|\n|-heal|p1a: Meganium|189/290 par|[from] item: Leftovers\n|upkeep\n|turn|16\n|\n|t:|1781443535\n|move|p2a: Azelf|Fire Blast|p1a: Meganium\n|-supereffective|p1a: Meganium\n|-damage|p1a: Meganium|31/290 par\n|move|p1a: Meganium|Synthesis|p1a: Meganium\n|-heal|p1a: Meganium|176/290 par\n|\n|-heal|p1a: Meganium|194/290 par|[from] item: Leftovers\n|upkeep\n|turn|17\n|\n|t:|1781443544\n|move|p2a: Azelf|Fire Blast|p1a: Meganium\n|-supereffective|p1a: Meganium\n|-damage|p1a: Meganium|48/290 par\n|cant|p1a: Meganium|par\n|\n|-heal|p1a: Meganium|66/290 par|[from] item: Leftovers\n|upkeep\n|turn|18\n|\n|t:|1781443548\n|move|p2a: Azelf|Psychic|p1a: Meganium\n|-damage|p1a: Meganium|0 fnt\n|faint|p1a: Meganium\n|\n|upkeep\n|\n|t:|1781443555\n|switch|p1a: Infernape|Infernape, L82, M|123/259\n|turn|19\n|\n|t:|1781443556\n|move|p1a: Infernape|Mach Punch|p2a: Azelf\n|-resisted|p2a: Azelf\n|-damage|p2a: Azelf|0 fnt\n|faint|p2a: Azelf\n|-damage|p1a: Infernape|98/259|[from] item: Life Orb\n|\n|upkeep\n|\n|t:|1781443561\n|switch|p2a: Rillaboom|Rillaboom, L79, F|222/288\n|-damage|p2a: Rillaboom|186/288|[from] Stealth Rock\n|-fieldstart|move: Grassy Terrain|[from] ability: Grassy Surge|[of] p2a: Rillaboom\n|turn|20\n|\n|t:|1781443564\n|move|p2a: Rillaboom|Grassy Glide|p1a: Infernape\n|-resisted|p1a: Infernape\n|-damage|p1a: Infernape|20/259\n|move|p1a: Infernape|Overheat|p2a: Rillaboom\n|-supereffective|p2a: Rillaboom\n|-damage|p2a: Rillaboom|0 fnt\n|-unboost|p1a: Infernape|spa|2\n|faint|p2a: Rillaboom\n|-damage|p1a: Infernape|0 fnt|[from] item: Life Orb\n|faint|p1a: Infernape\n|\n|upkeep\n|\n|t:|1781443575\n|switch|p1a: Sylveon|Sylveon, L85, F|300/300\n|switch|p2a: Dedenne|Dedenne, L88, M|151/261\n|-damage|p2a: Dedenne|119/261|[from] Stealth Rock\n|turn|21\n|\n|t:|1781443578\n|switch|p1a: Sandaconda|Sandaconda, L84, M|193/258\n|move|p2a: Dedenne|Nuzzle|p1a: Sandaconda\n|-immune|p1a: Sandaconda\n|\n|-heal|p2a: Dedenne|135/261|[from] Grassy Terrain\n|-heal|p1a: Sandaconda|209/258|[from] Grassy Terrain\n|-heal|p1a: Sandaconda|225/258|[from] item: Leftovers\n|upkeep\n|turn|22\n|\n|t:|1781443582\n|move|p2a: Dedenne|Super Fang|p1a: Sandaconda\n|-damage|p1a: Sandaconda|113/258\n|move|p1a: Sandaconda|Stone Edge|p2a: Dedenne\n|-damage|p2a: Dedenne|39/261\n|\n|-heal|p2a: Dedenne|55/261|[from] Grassy Terrain\n|-heal|p1a: Sandaconda|129/258|[from] Grassy Terrain\n|-heal|p1a: Sandaconda|145/258|[from] item: Leftovers\n|upkeep\n|turn|23\n|\n|t:|1781443588\n|move|p2a: Dedenne|Super Fang|p1a: Sandaconda\n|-damage|p1a: Sandaconda|73/258\n|move|p1a: Sandaconda|Earthquake|p2a: Dedenne\n|-supereffective|p2a: Dedenne\n|-damage|p2a: Dedenne|0 fnt\n|faint|p2a: Dedenne\n|\n|-heal|p1a: Sandaconda|89/258|[from] Grassy Terrain\n|-heal|p1a: Sandaconda|105/258|[from] item: Leftovers\n|upkeep\n|\n|t:|1781443591\n|switch|p2a: Kyurem|Kyurem-Black, L71|295/295\n|-damage|p2a: Kyurem|222/295|[from] Stealth Rock\n|-ability|p2a: Kyurem|Teravolt\n|turn|24\n|\n|t:|1781443598\n|-terastallize|p2a: Kyurem|Electric\n|move|p2a: Kyurem|Dragon Dance|p2a: Kyurem\n|-boost|p2a: Kyurem|atk|1\n|-boost|p2a: Kyurem|spe|1\n|move|p1a: Sandaconda|Stone Edge|p2a: Kyurem\n|-damage|p2a: Kyurem|133/295\n|\n|-heal|p2a: Kyurem|151/295|[from] Grassy Terrain\n|-heal|p1a: Sandaconda|121/258|[from] Grassy Terrain\n|-heal|p1a: Sandaconda|137/258|[from] item: Leftovers\n|-fieldend|move: Grassy Terrain\n|upkeep\n|turn|25\n|\n|t:|1781443611\n|-terastallize|p1a: Sandaconda|Water\n|move|p2a: Kyurem|Icicle Spear|p1a: Sandaconda\n|-resisted|p1a: Sandaconda\n|-damage|p1a: Sandaconda|121/258\n|-resisted|p1a: Sandaconda\n|-damage|p1a: Sandaconda|105/258\n|-resisted|p1a: Sandaconda\n|-damage|p1a: Sandaconda|87/258\n|-resisted|p1a: Sandaconda\n|-damage|p1a: Sandaconda|69/258\n|-hitcount|p1a: Sandaconda|4\n|move|p1a: Sandaconda|Earthquake|p2a: Kyurem\n|-supereffective|p2a: Kyurem\n|-damage|p2a: Kyurem|0 fnt\n|faint|p2a: Kyurem\n|\n|-heal|p1a: Sandaconda|85/258|[from] item: Leftovers\n|upkeep\n|\n|t:|1781443614\n|switch|p2a: Snorlax|Snorlax, L82, M|397/397\n|-damage|p2a: Snorlax|348/397|[from] Stealth Rock\n|turn|26\n|\n|t:|1781443617\n|move|p1a: Sandaconda|Earthquake|p2a: Snorlax\n|-damage|p2a: Snorlax|213/397\n|move|p2a: Snorlax|Curse|p2a: Snorlax\n|-unboost|p2a: Snorlax|spe|1\n|-boost|p2a: Snorlax|atk|1\n|-boost|p2a: Snorlax|def|1\n|\n|-heal|p1a: Sandaconda|101/258|[from] item: Leftovers\n|-heal|p2a: Snorlax|237/397|[from] item: Leftovers\n|upkeep\n|turn|27\n|\n|t:|1781443620\n|move|p1a: Sandaconda|Earthquake|p2a: Snorlax\n|-damage|p2a: Snorlax|146/397\n|move|p2a: Snorlax|Curse|p2a: Snorlax\n|-unboost|p2a: Snorlax|spe|1\n|-boost|p2a: Snorlax|atk|1\n|-boost|p2a: Snorlax|def|1\n|\n|-heal|p1a: Sandaconda|117/258|[from] item: Leftovers\n|-heal|p2a: Snorlax|170/397|[from] item: Leftovers\n|upkeep\n|turn|28\n|\n|t:|1781443624\n|move|p1a: Sandaconda|Earthquake|p2a: Snorlax\n|-crit|p2a: Snorlax\n|-damage|p2a: Snorlax|0 fnt\n|faint|p2a: Snorlax\n|\n|win|Hunrito\n", "inputlog": ">version a8376a258c1d4662feba110a92103f3664a72141\n>start {\"formatid\":\"gen9randombattle\",\"seed\":\"sodium,e73634acdad869cb8e3488d77f3eadcb\",\"rated\":\"Rated battle\"}\n>player p1 {\"name\":\"Hunrito\",\"avatar\":\"102\",\"rating\":1914,\"seed\":\"sodium,ecb9c60c7f7a56e377a2dbb8dfd32dcc\"}\n>player p2 {\"name\":\"Schibi\",\"avatar\":\"265\",\"rating\":1994,\"seed\":\"sodium,b0dfa577add6102cb06ec5ea98b0d912\"}\n>p1 move overheat\n>p2 switch 3\n>p1 switch 6\n>p2 move nuzzle\n>p1 move stealthrock\n>p2 move superfang\n>p1 move earthquake\n>p2 switch 3\n>p1 switch 3\n>p2 move woodhammer\n>p1 move knockoff\n>p2 switch 2\n>p1 switch 6\n>p2 move superpower\n>p1 move overheat\n>p2 move superpower\n>p2 switch 5\n>p1 switch 4\n>p2 move psychic\n>p1 move crunch\n>p2 switch 3\n>p1 switch 6\n>p2 move superfang\n>p1 move synthesis\n>p2 move superfang\n>p1 move energyball\n>p2 move nuzzle\n>p1 move leechseed\n>p2 move superfang\n>p1 move knockoff\n>p2 switch 3\n>p1 move synthesis\n>p2 move fireblast\n>p1 move energyball\n>p2 move fireblast\n>p1 move energyball\n>p2 move psychic\n>p1 switch 4\n>p1 move machpunch\n>p2 move psychic\n>p2 switch 2\n>p1 move overheat\n>p2 move grassyglide\n>p1 switch 5\n>p2 switch 3\n>p1 switch 3\n>p2 move nuzzle\n>p1 move stoneedge\n>p2 move superfang\n>p1 move earthquake\n>p2 move superfang\n>p2 switch 6\n>p1 move stoneedge\n>p2 move dragondance terastallize\n>p1 move earthquake terastallize\n>p2 move iciclespear\n>p2 switch 4\n>p1 move earthquake\n>p2 move curse\n>p1 move earthquake\n>p2 move curse\n>p1 move earthquake\n>p2 move bodyslam", "uploadtime": 1781443434, "views": 4, "formatid": "gen9randombattle", "rating": null, "private": 0, "password": null, "player_dets": [{"name": "Hunrito", "avatar": "102", "rating": 1914, "seed": "sodium,ecb9c60c7f7a56e377a2dbb8dfd32dcc"}, {"name": "Schibi", "avatar": "265", "rating": 1994, "seed": "sodium,b0dfa577add6102cb06ec5ea98b0d912"}], "teams_full": [{"Infernape": {"name": "Infernape", "species": "Infernape", "speciesId": "infernape", "gender": "M", "shiny": false, "level": 82, "moves": ["overheat", "knockoff", "closecombat", "machpunch"], "ability": "Iron Fist", "evs": {"hp": 85, "atk": 85, "def": 85, "spa": 85, "spd": 85, "spe": 85}, "ivs": {"hp": 31, "atk": 31, "def": 31, "spa": 31, "spd": 31, "spe": 31}, "item": "Life Orb", "teraType": "Fighting", "role": "Fast Attacker", "bvs": {"hp": 76, "atk": 104, "def": 71, "spa": 104, "spd": 71, "spe": 108}, "stats": {"hp": 259, "atk": 218, "def": 164, "spa": 218, "spd": 164, "spe": 224}}, "Sneasler": {"name": "Sneasler", "species": "Sneasler", "speciesId": "sneasler", "gender": "M", "shiny": false, "level": 74, "moves": ["acrobatics", "closecombat", "swordsdance", "gunkshot"], "ability": "Unburden", "evs": {"hp": 85, "atk": 85, "def": 85, "spa": 85, "spd": 85, "spe": 85}, "ivs": {"hp": 31, "atk": 31, "def": 31, "spa": 31, "spd": 31, "spe": 31}, "item": "White Herb", "teraType": "Flying", "role": "Setup Sweeper", "bvs": {"hp": 80, "atk": 130, "def": 60, "spa": 40, "spd": 80, "spe": 120}, "stats": {"hp": 240, "atk": 235, "def": 132, "spa": 102, "spd": 161, "spe": 221}}, "Meganium": {"name": "Meganium", "species": "Meganium", "speciesId": "meganium", "gender": "M", "shiny": false, "level": 90, "moves": ["knockoff", "synthesis", "energyball", "leechseed"], "ability": "Overgrow", "evs": {"hp": 85, "atk": 85, "def": 85, "spa": 85, "spd": 85, "spe": 85}, "ivs": {"hp": 31, "atk": 31, "def": 31, "spa": 31, "spd": 31, "spe": 31}, "item": "Leftovers", "teraType": "Water", "role": "Bulky Attacker", "bvs": {"hp": 80, "atk": 82, "def": 100, "spa": 83, "spd": 100, "spe": 80}, "stats": {"hp": 290, "atk": 199, "def": 231, "spa": 201, "spd": 231, "spe": 195}}, "Mabosstiff": {"name": "Mabosstiff", "species": "Mabosstiff", "speciesId": "mabosstiff", "gender": "F", "shiny": false, "level": 86, "moves": ["psychicfangs", "wildcharge", "playrough", "crunch"], "ability": "Stakeout", "evs": {"hp": 85, "atk": 85, "def": 85, "spa": 85, "spd": 85, "spe": 85}, "ivs": {"hp": 31, "atk": 31, "def": 31, "spa": 31, "spd": 31, "spe": 31}, "item": "Choice Band", "teraType": "Dark", "role": "Bulky Attacker", "bvs": {"hp": 80, "atk": 120, "def": 90, "spa": 60, "spd": 70, "spe": 85}, "stats": {"hp": 278, "atk": 256, "def": 204, "spa": 152, "spd": 170, "spe": 195}}, "Sylveon": {"name": "Sylveon", "species": "Sylveon", "speciesId": "sylveon", "gender": "F", "shiny": false, "level": 85, "moves": ["hypervoice", "protect", "wish", "calmmind"], "ability": "Pixilate", "evs": {"hp": 85, "atk": 0, "def": 85, "spa": 85, "spd": 85, "spe": 85}, "ivs": {"hp": 31, "atk": 0, "def": 31, "spa": 31, "spd": 31, "spe": 31}, "item": "Leftovers", "teraType": "Steel", "role": "Bulky Setup", "bvs": {"hp": 95, "atk": 65, "def": 65, "spa": 110, "spd": 130, "spe": 60}, "stats": {"hp": 300, "atk": 115, "def": 159, "spa": 236, "spd": 270, "spe": 151}}, "Sandaconda": {"name": "Sandaconda", "species": "Sandaconda", "speciesId": "sandaconda", "gender": "M", "shiny": false, "level": 84, "moves": ["stoneedge", "stealthrock", "rest", "earthquake"], "ability": "Shed Skin", "evs": {"hp": 85, "atk": 85, "def": 85, "spa": 85, "spd": 85, "spe": 85}, "ivs": {"hp": 31, "atk": 31, "def": 31, "spa": 31, "spd": 31, "spe": 31}, "item": "Leftovers", "teraType": "Water", "role": "Bulky Attacker", "bvs": {"hp": 72, "atk": 107, "def": 125, "spa": 65, "spd": 70, "spe": 71}, "stats": {"hp": 258, "atk": 228, "def": 258, "spa": 157, "spd": 166, "spe": 167}}}, {"Rillaboom": {"name": "Rillaboom", "species": "Rillaboom", "speciesId": "rillaboom", "gender": "F", "shiny": false, "level": 79, "moves": ["knockoff", "woodhammer", "grassyglide", "uturn"], "ability": "Grassy Surge", "evs": {"hp": 85, "atk": 85, "def": 85, "spa": 85, "spd": 85, "spe": 85}, "ivs": {"hp": 31, "atk": 31, "def": 31, "spa": 31, "spd": 31, "spe": 31}, "item": "Choice Band", "teraType": "Grass", "role": "Wallbreaker", "bvs": {"hp": 100, "atk": 125, "def": 90, "spa": 60, "spd": 70, "spe": 85}, "stats": {"hp": 288, "atk": 243, "def": 188, "spa": 140, "spd": 156, "spe": 180}}, "Lurantis": {"name": "Lurantis", "species": "Lurantis", "speciesId": "lurantis", "gender": "F", "shiny": false, "level": 87, "moves": ["superpower", "leafstorm", "leechlife", "knockoff"], "ability": "Contrary", "evs": {"hp": 85, "atk": 85, "def": 85, "spa": 85, "spd": 85, "spe": 85}, "ivs": {"hp": 31, "atk": 31, "def": 31, "spa": 31, "spd": 31, "spe": 31}, "item": "Assault Vest", "teraType": "Steel", "role": "AV Pivot", "bvs": {"hp": 70, "atk": 105, "def": 90, "spa": 80, "spd": 90, "spe": 45}, "stats": {"hp": 264, "atk": 232, "def": 206, "spa": 189, "spd": 206, "spe": 128}}, "Dedenne": {"name": "Dedenne", "species": "Dedenne", "speciesId": "dedenne", "gender": "M", "shiny": false, "level": 88, "moves": ["dazzlinggleam", "nuzzle", "superfang", "thunderbolt"], "ability": "Cheek Pouch", "evs": {"hp": 85, "atk": 85, "def": 85, "spa": 85, "spd": 85, "spe": 85}, "ivs": {"hp": 31, "atk": 31, "def": 31, "spa": 31, "spd": 31, "spe": 31}, "item": "Sitrus Berry", "teraType": "Flying", "role": "Fast Support", "bvs": {"hp": 67, "atk": 58, "def": 57, "spa": 81, "spd": 67, "spe": 101}, "stats": {"hp": 261, "atk": 152, "def": 151, "spa": 193, "spd": 168, "spe": 228}}, "Snorlax": {"name": "Snorlax", "species": "Snorlax", "speciesId": "snorlax", "gender": "M", "shiny": false, "level": 82, "moves": ["crunch", "curse", "bodyslam", "earthquake"], "ability": "Thick Fat", "evs": {"hp": 85, "atk": 85, "def": 85, "spa": 85, "spd": 85, "spe": 85}, "ivs": {"hp": 31, "atk": 31, "def": 31, "spa": 31, "spd": 31, "spe": 31}, "item": "Leftovers", "teraType": "Ground", "role": "Bulky Setup", "bvs": {"hp": 160, "atk": 110, "def": 65, "spa": 65, "spd": 110, "spe": 30}, "stats": {"hp": 397, "atk": 228, "def": 154, "spa": 154, "spd": 228, "spe": 96}}, "Azelf": {"name": "Azelf", "species": "Azelf", "speciesId": "azelf", "gender": "N", "shiny": false, "level": 82, "moves": ["psychic", "fireblast", "taunt", "knockoff"], "ability": "Levitate", "evs": {"hp": 85, "atk": 85, "def": 85, "spa": 85, "spd": 85, "spe": 85}, "ivs": {"hp": 31, "atk": 31, "def": 31, "spa": 31, "spd": 31, "spe": 31}, "item": "Life Orb", "teraType": "Fire", "role": "Fast Support", "bvs": {"hp": 75, "atk": 125, "def": 70, "spa": 125, "spd": 70, "spe": 115}, "stats": {"hp": 257, "atk": 252, "def": 162, "spa": 252, "spd": 162, "spe": 236}}, "Kyurem": {"name": "Kyurem", "species": "Kyurem-Black", "speciesId": "kyuremblack", "gender": "N", "shiny": false, "level": 71, "moves": ["iciclespear", "scaleshot", "dragondance", "fusionbolt"], "ability": "Teravolt", "evs": {"hp": 85, "atk": 85, "def": 85, "spa": 85, "spd": 85, "spe": 85}, "ivs": {"hp": 31, "atk": 31, "def": 31, "spa": 31, "spd": 31, "spe": 31}, "item": "Loaded Dice", "teraType": "Electric", "role": "Setup Sweeper", "bvs": {"hp": 125, "atk": 170, "def": 100, "spa": 120, "spd": 90, "spe": 95}, "stats": {"hp": 295, "atk": 283, "def": 183, "spa": 212, "spd": 169, "spe": 176}}}]}