{"id": "gen9randombattle-2631738144", "format": "[Gen 9] Random Battle", "players": ["Barniekiller42064", "paddyd121"], "log": "|j|\u2606Barniekiller42064\n|j|\u2606paddyd121\n|t:|1781431469\n|gametype|singles\n|player|p1|Barniekiller42064|crasherwake|1993\n|player|p2|paddyd121|ethan|1915\n|gen|9\n|tier|[Gen 9] Random Battle\n|rated|\n|rule|Species Clause: Limit one of each Pok\u00e9mon\n|rule|HP Percentage Mod: HP is shown in percentages\n|rule|Sleep Clause Mod: Limit one foe put to sleep\n|rule|Illusion Level Mod: Illusion disguises the Pok\u00e9mon's true level\n|\n|t:|1781431469\n|teamsize|p1|6\n|teamsize|p2|6\n|start\n|switch|p1a: Emboar|Emboar, L84, M|322/322\n|switch|p2a: Gurdurr|Gurdurr, L85, M|283/283\n|turn|1\n|inactive|Battle timer is ON: inactive players will automatically lose when time's up. (requested by Barniekiller42064)\n|\n|t:|1781431489\n|move|p1a: Emboar|Knock Off|p2a: Gurdurr\n|-resisted|p2a: Gurdurr\n|-damage|p2a: Gurdurr|255/283\n|-enditem|p2a: Gurdurr|Eviolite|[from] move: Knock Off|[of] p1a: Emboar\n|move|p2a: Gurdurr|Drain Punch|p1a: Emboar\n|-damage|p1a: Emboar|217/322\n|-heal|p2a: Gurdurr|283/283|[from] drain|[of] p1a: Emboar\n|\n|upkeep\n|turn|2\n|\n|t:|1781431497\n|move|p1a: Emboar|Flare Blitz|p2a: Gurdurr\n|-damage|p2a: Gurdurr|85/283\n|-damage|p1a: Emboar|152/322|[from] Recoil\n|move|p2a: Gurdurr|Drain Punch|p1a: Emboar\n|-damage|p1a: Emboar|41/322\n|-heal|p2a: Gurdurr|141/283|[from] drain|[of] p1a: Emboar\n|\n|upkeep\n|turn|3\n|\n|t:|1781431501\n|move|p2a: Gurdurr|Mach Punch|p1a: Emboar\n|-damage|p1a: Emboar|0 fnt\n|faint|p1a: Emboar\n|\n|upkeep\n|\n|t:|1781431508\n|switch|p1a: Lurantis|Lurantis, L87, M|264/264\n|turn|4\n|\n|t:|1781431519\n|switch|p2a: Mandibuzz|Mandibuzz, L85, F|326/326\n|move|p1a: Lurantis|Leaf Storm|p2a: Mandibuzz\n|-resisted|p2a: Mandibuzz\n|-damage|p2a: Mandibuzz|266/326\n|-boost|p1a: Lurantis|spa|2\n|\n|upkeep\n|turn|5\n|\n|t:|1781431532\n|switch|p1a: Toxtricity|Toxtricity, L82, M|257/257\n|move|p2a: Mandibuzz|Toxic|p1a: Toxtricity\n|-immune|p1a: Toxtricity\n|\n|upkeep\n|turn|6\n|\n|t:|1781431546\n|switch|p2a: Sinistcha|Sinistcha, L83|254/254\n|move|p1a: Toxtricity|Shift Gear|p1a: Toxtricity\n|-boost|p1a: Toxtricity|spe|2\n|-boost|p1a: Toxtricity|atk|1\n|\n|upkeep\n|turn|7\n|\n|t:|1781431551\n|move|p1a: Toxtricity|Gunk Shot|p2a: Sinistcha\n|-damage|p2a: Sinistcha|103/254\n|move|p2a: Sinistcha|Strength Sap|p1a: Toxtricity\n|-unboost|p1a: Toxtricity|atk|1\n|-heal|p2a: Sinistcha|254/254\n|\n|upkeep\n|turn|8\n|\n|t:|1781431558\n|switch|p1a: Pachirisu|Pachirisu, L96, F|271/271\n|move|p2a: Sinistcha|Calm Mind|p2a: Sinistcha\n|-boost|p2a: Sinistcha|spa|1\n|-boost|p2a: Sinistcha|spd|1\n|\n|upkeep\n|turn|9\n|\n|t:|1781431567\n|switch|p2a: Gurdurr|Gurdurr, L85, M|141/283\n|move|p1a: Pachirisu|Nuzzle|p2a: Gurdurr\n|-damage|p2a: Gurdurr|125/283\n|-status|p2a: Gurdurr|par\n|\n|upkeep\n|turn|10\n|\n|t:|1781431575\n|move|p1a: Pachirisu|U-turn|p2a: Gurdurr\n|-resisted|p2a: Gurdurr\n|-damage|p2a: Gurdurr|107/283 par\n|\n|t:|1781431576\n|switch|p1a: Toxtricity|Toxtricity, L82, M|257/257|[from] U-turn\n|move|p2a: Gurdurr|Knock Off|p1a: Toxtricity\n|-damage|p1a: Toxtricity|124/257\n|-enditem|p1a: Toxtricity|Throat Spray|[from] move: Knock Off|[of] p2a: Gurdurr\n|\n|upkeep\n|turn|11\n|\n|t:|1781431584\n|move|p1a: Toxtricity|Overdrive|p2a: Gurdurr\n|-damage|p2a: Gurdurr|0 fnt\n|faint|p2a: Gurdurr\n|\n|upkeep\n|\n|t:|1781431591\n|switch|p2a: Porygon-Z|Porygon-Z, L83|277/277\n|-ability|p2a: Porygon-Z|Download|boost\n|-boost|p2a: Porygon-Z|spa|1\n|turn|12\n|\n|t:|1781431597\n|switch|p1a: Pachirisu|Pachirisu, L96, F|271/271\n|move|p2a: Porygon-Z|Tri Attack|p1a: Pachirisu\n|-damage|p1a: Pachirisu|132/271\n|\n|upkeep\n|turn|13\n|\n|t:|1781431605\n|switch|p2a: Brute Bonnet|Brute Bonnet, L80|309/309\n|move|p1a: Pachirisu|Nuzzle|p2a: Brute Bonnet\n|-resisted|p2a: Brute Bonnet\n|-damage|p2a: Brute Bonnet|301/309\n|-status|p2a: Brute Bonnet|par\n|\n|-heal|p2a: Brute Bonnet|309/309 par|[from] item: Leftovers\n|upkeep\n|turn|14\n|\n|t:|1781431612\n|move|p1a: Pachirisu|U-turn|p2a: Brute Bonnet\n|-supereffective|p2a: Brute Bonnet\n|-damage|p2a: Brute Bonnet|149/309 par\n|\n|t:|1781431619\n|switch|p1a: Lurantis|Lurantis, L87, M|264/264|[from] U-turn\n|move|p2a: Brute Bonnet|Spore|p1a: Lurantis\n|-immune|p1a: Lurantis\n|\n|-heal|p2a: Brute Bonnet|168/309 par|[from] item: Leftovers\n|upkeep\n|turn|15\n|\n|t:|1781431622\n|-end|p2a: Brute Bonnet|Protosynthesis|[silent]\n|switch|p2a: Mandibuzz|Mandibuzz, L85, F|266/326\n|move|p1a: Lurantis|Superpower|p2a: Mandibuzz\n|-damage|p2a: Mandibuzz|187/326\n|-boost|p1a: Lurantis|atk|1\n|-boost|p1a: Lurantis|def|1\n|\n|upkeep\n|turn|16\n|\n|t:|1781431628\n|move|p2a: Mandibuzz|Toxic|p1a: Lurantis\n|-status|p1a: Lurantis|tox\n|move|p1a: Lurantis|Superpower|p2a: Mandibuzz\n|-damage|p2a: Mandibuzz|64/326\n|-boost|p1a: Lurantis|atk|1\n|-boost|p1a: Lurantis|def|1\n|\n|-damage|p1a: Lurantis|248/264 tox|[from] psn\n|upkeep\n|turn|17\n|\n|t:|1781431634\n|move|p2a: Mandibuzz|Roost|p2a: Mandibuzz\n|-heal|p2a: Mandibuzz|227/326\n|-singleturn|p2a: Mandibuzz|move: Roost\n|move|p1a: Lurantis|Knock Off|p2a: Mandibuzz\n|-resisted|p2a: Mandibuzz\n|-damage|p2a: Mandibuzz|161/326\n|-enditem|p2a: Mandibuzz|Heavy-Duty Boots|[from] move: Knock Off|[of] p1a: Lurantis\n|\n|-heal|p1a: Lurantis|264/264 tox|[from] item: Leftovers\n|-damage|p1a: Lurantis|232/264 tox|[from] psn\n|upkeep\n|turn|18\n|\n|t:|1781431644\n|move|p2a: Mandibuzz|Roost|p2a: Mandibuzz\n|-heal|p2a: Mandibuzz|324/326\n|-singleturn|p2a: Mandibuzz|move: Roost\n|move|p1a: Lurantis|Superpower|p2a: Mandibuzz\n|-supereffective|p2a: Mandibuzz\n|-damage|p2a: Mandibuzz|8/326\n|-boost|p1a: Lurantis|atk|1\n|-boost|p1a: Lurantis|def|1\n|\n|-heal|p1a: Lurantis|248/264 tox|[from] item: Leftovers\n|-damage|p1a: Lurantis|200/264 tox|[from] psn\n|upkeep\n|turn|19\n|\n|t:|1781431651\n|move|p2a: Mandibuzz|Foul Play|p1a: Lurantis\n|-damage|p1a: Lurantis|94/264 tox\n|move|p1a: Lurantis|Superpower|p2a: Mandibuzz\n|-damage|p2a: Mandibuzz|0 fnt\n|-boost|p1a: Lurantis|atk|1\n|-boost|p1a: Lurantis|def|1\n|faint|p2a: Mandibuzz\n|\n|-heal|p1a: Lurantis|110/264 tox|[from] item: Leftovers\n|-damage|p1a: Lurantis|46/264 tox|[from] psn\n|upkeep\n|\n|t:|1781431660\n|switch|p2a: Sinistcha|Sinistcha, L83|254/254\n|turn|20\n|\n|t:|1781431665\n|move|p2a: Sinistcha|Shadow Ball|p1a: Lurantis\n|-damage|p1a: Lurantis|0 fnt\n|faint|p1a: Lurantis\n|\n|upkeep\n|\n|t:|1781431672\n|switch|p1a: Crabominable|Crabominable, L90, F|321/321\n|turn|21\n|inactive|paddyd121 has 120 seconds left.\n|\n|t:|1781431703\n|-terastallize|p2a: Sinistcha|Steel\n|move|p2a: Sinistcha|Calm Mind|p2a: Sinistcha\n|-boost|p2a: Sinistcha|spa|1\n|-boost|p2a: Sinistcha|spd|1\n|move|p1a: Crabominable|Ice Hammer|p2a: Sinistcha\n|-resisted|p2a: Sinistcha\n|-damage|p2a: Sinistcha|140/254\n|-unboost|p1a: Crabominable|spe|1\n|\n|-heal|p2a: Sinistcha|155/254|[from] item: Leftovers\n|upkeep\n|turn|22\n|\n|t:|1781431710\n|switch|p1a: Pachirisu|Pachirisu, L96, F|132/271\n|move|p2a: Sinistcha|Matcha Gotcha|p1a: Pachirisu\n|-damage|p1a: Pachirisu|47/271\n|-heal|p2a: Sinistcha|198/254|[from] drain|[of] p1a: Pachirisu\n|-status|p1a: Pachirisu|brn\n|\n|-heal|p2a: Sinistcha|213/254|[from] item: Leftovers\n|-damage|p1a: Pachirisu|31/271 brn|[from] brn\n|upkeep\n|turn|23\n|\n|t:|1781431715\n|switch|p2a: Brute Bonnet|Brute Bonnet, L80|168/309 par\n|move|p1a: Pachirisu|Nuzzle|p2a: Brute Bonnet\n|-resisted|p2a: Brute Bonnet\n|-damage|p2a: Brute Bonnet|164/309 par\n|\n|-heal|p2a: Brute Bonnet|183/309 par|[from] item: Leftovers\n|-damage|p1a: Pachirisu|15/271 brn|[from] brn\n|upkeep\n|turn|24\n|\n|t:|1781431723\n|move|p2a: Brute Bonnet|Sucker Punch|p1a: Pachirisu\n|-damage|p1a: Pachirisu|0 fnt\n|faint|p1a: Pachirisu\n|\n|-heal|p2a: Brute Bonnet|202/309 par|[from] item: Leftovers\n|upkeep\n|\n|t:|1781431732\n|switch|p1a: Crabominable|Crabominable, L90, F|321/321\n|turn|25\n|\n|t:|1781431736\n|move|p1a: Crabominable|Drain Punch|p2a: Brute Bonnet\n|-supereffective|p2a: Brute Bonnet\n|-damage|p2a: Brute Bonnet|0 fnt\n|faint|p2a: Brute Bonnet\n|-end|p2a: Brute Bonnet|Protosynthesis|[silent]\n|\n|upkeep\n|\n|t:|1781431740\n|switch|p2a: Deoxys|Deoxys-Attack, L72|191/191\n|-ability|p2a: Deoxys|Pressure\n|turn|26\n|\n|t:|1781431745\n|switch|p1a: Toxtricity|Toxtricity, L82, M|124/257\n|move|p2a: Deoxys|Psycho Boost|p1a: Toxtricity\n|-supereffective|p1a: Toxtricity\n|-damage|p1a: Toxtricity|0 fnt\n|-unboost|p2a: Deoxys|spa|2\n|faint|p1a: Toxtricity\n|-damage|p2a: Deoxys|172/191|[from] item: Life Orb\n|\n|upkeep\n|\n|t:|1781431749\n|switch|p1a: Floatzel|Floatzel, L86, M|286/286\n|turn|27\n|\n|t:|1781431759\n|move|p2a: Deoxys|Superpower|p1a: Floatzel\n|-damage|p1a: Floatzel|118/286\n|-unboost|p2a: Deoxys|atk|1\n|-unboost|p2a: Deoxys|def|1\n|-damage|p2a: Deoxys|153/191|[from] item: Life Orb\n|move|p1a: Floatzel|Bulk Up|p1a: Floatzel\n|-boost|p1a: Floatzel|atk|1\n|-boost|p1a: Floatzel|def|1\n|\n|-heal|p1a: Floatzel|135/286|[from] item: Leftovers\n|upkeep\n|turn|28\n|\n|t:|1781431767\n|move|p2a: Deoxys|Psycho Boost|p1a: Floatzel\n|-damage|p1a: Floatzel|0 fnt\n|-unboost|p2a: Deoxys|spa|2\n|faint|p1a: Floatzel\n|-damage|p2a: Deoxys|134/191|[from] item: Life Orb\n|\n|upkeep\n|\n|t:|1781431770\n|switch|p1a: Crabominable|Crabominable, L90, F|321/321\n|turn|29\n|\n|t:|1781431775\n|move|p2a: Deoxys|Knock Off|p1a: Crabominable\n|-resisted|p1a: Crabominable\n|-damage|p1a: Crabominable|283/321\n|-enditem|p1a: Crabominable|Choice Band|[from] move: Knock Off|[of] p2a: Deoxys\n|-damage|p2a: Deoxys|115/191|[from] item: Life Orb\n|move|p1a: Crabominable|Drain Punch|p2a: Deoxys\n|-resisted|p2a: Deoxys\n|-damage|p2a: Deoxys|0 fnt\n|-heal|p1a: Crabominable|321/321|[from] drain|[of] p2a: Deoxys\n|faint|p2a: Deoxys\n|\n|upkeep\n|\n|t:|1781431784\n|switch|p2a: Porygon-Z|Porygon-Z, L83|277/277\n|-ability|p2a: Porygon-Z|Download|boost\n|-boost|p2a: Porygon-Z|spa|1\n|turn|30\n|\n|t:|1781431792\n|move|p2a: Porygon-Z|Tri Attack|p1a: Crabominable\n|-damage|p1a: Crabominable|39/321\n|move|p1a: Crabominable|Drain Punch|p2a: Porygon-Z\n|-supereffective|p2a: Porygon-Z\n|-damage|p2a: Porygon-Z|0 fnt\n|-heal|p1a: Crabominable|178/321|[from] drain|[of] p2a: Porygon-Z\n|faint|p2a: Porygon-Z\n|\n|upkeep\n|\n|t:|1781431796\n|switch|p2a: Sinistcha|Sinistcha, L83, tera:Steel|213/254\n|turn|31\n|\n|t:|1781431804\n|-terastallize|p1a: Crabominable|Fighting\n|move|p2a: Sinistcha|Strength Sap|p1a: Crabominable\n|-unboost|p1a: Crabominable|atk|1\n|-heal|p2a: Sinistcha|254/254\n|move|p1a: Crabominable|Drain Punch|p2a: Sinistcha\n|-supereffective|p2a: Sinistcha\n|-damage|p2a: Sinistcha|34/254\n|-heal|p1a: Crabominable|288/321|[from] drain|[of] p2a: Sinistcha\n|\n|-heal|p2a: Sinistcha|49/254|[from] item: Leftovers\n|upkeep\n|turn|32\n|\n|t:|1781431810\n|move|p2a: Sinistcha|Strength Sap|p1a: Crabominable\n|-unboost|p1a: Crabominable|atk|1\n|-heal|p2a: Sinistcha|241/254\n|move|p1a: Crabominable|Drain Punch|p2a: Sinistcha\n|-supereffective|p2a: Sinistcha\n|-damage|p2a: Sinistcha|89/254\n|-heal|p1a: Crabominable|321/321|[from] drain|[of] p2a: Sinistcha\n|\n|-heal|p2a: Sinistcha|104/254|[from] item: Leftovers\n|upkeep\n|turn|33\n|\n|t:|1781431816\n|move|p2a: Sinistcha|Strength Sap|p1a: Crabominable\n|-unboost|p1a: Crabominable|atk|1\n|-heal|p2a: Sinistcha|248/254\n|move|p1a: Crabominable|Drain Punch|p2a: Sinistcha\n|-supereffective|p2a: Sinistcha\n|-damage|p2a: Sinistcha|116/254\n|\n|-heal|p2a: Sinistcha|131/254|[from] item: Leftovers\n|upkeep\n|turn|34\n|\n|t:|1781431821\n|move|p2a: Sinistcha|Strength Sap|p1a: Crabominable\n|-unboost|p1a: Crabominable|atk|1\n|-heal|p2a: Sinistcha|246/254\n|move|p1a: Crabominable|Drain Punch|p2a: Sinistcha\n|-supereffective|p2a: Sinistcha\n|-damage|p2a: Sinistcha|130/254\n|\n|-heal|p2a: Sinistcha|145/254|[from] item: Leftovers\n|upkeep\n|turn|35\n|\n|t:|1781431831\n|move|p2a: Sinistcha|Strength Sap|p1a: Crabominable\n|-unboost|p1a: Crabominable|atk|1\n|-heal|p2a: Sinistcha|241/254\n|move|p1a: Crabominable|Drain Punch|p2a: Sinistcha\n|-supereffective|p2a: Sinistcha\n|-damage|p2a: Sinistcha|145/254\n|\n|-heal|p2a: Sinistcha|160/254|[from] item: Leftovers\n|upkeep\n|turn|36\n|\n|t:|1781431838\n|move|p2a: Sinistcha|Calm Mind|p2a: Sinistcha\n|-boost|p2a: Sinistcha|spa|1\n|-boost|p2a: Sinistcha|spd|1\n|move|p1a: Crabominable|Drain Punch|p2a: Sinistcha\n|-supereffective|p2a: Sinistcha\n|-damage|p2a: Sinistcha|56/254\n|\n|-heal|p2a: Sinistcha|71/254|[from] item: Leftovers\n|upkeep\n|turn|37\n|\n|t:|1781431843\n|move|p2a: Sinistcha|Strength Sap|p1a: Crabominable\n|-unboost|p1a: Crabominable|atk|1\n|-heal|p2a: Sinistcha|153/254\n|move|p1a: Crabominable|Drain Punch|p2a: Sinistcha\n|-supereffective|p2a: Sinistcha\n|-damage|p2a: Sinistcha|69/254\n|\n|-heal|p2a: Sinistcha|84/254|[from] item: Leftovers\n|upkeep\n|turn|38\n|\n|t:|1781431850\n|move|p2a: Sinistcha|Strength Sap||[still]\n|-fail|p2a: Sinistcha\n|move|p1a: Crabominable|Drain Punch|p2a: Sinistcha\n|-supereffective|p2a: Sinistcha\n|-damage|p2a: Sinistcha|4/254\n|\n|-heal|p2a: Sinistcha|19/254|[from] item: Leftovers\n|upkeep\n|turn|39\n|\n|t:|1781431859\n|move|p2a: Sinistcha|Matcha Gotcha|p1a: Crabominable\n|-damage|p1a: Crabominable|147/321\n|-heal|p2a: Sinistcha|106/254|[from] drain|[of] p1a: Crabominable\n|move|p1a: Crabominable|Drain Punch|p2a: Sinistcha\n|-supereffective|p2a: Sinistcha\n|-damage|p2a: Sinistcha|22/254\n|-heal|p1a: Crabominable|189/321|[from] drain|[of] p2a: Sinistcha\n|\n|-heal|p2a: Sinistcha|37/254|[from] item: Leftovers\n|upkeep\n|turn|40\n|\n|t:|1781431866\n|move|p2a: Sinistcha|Matcha Gotcha|p1a: Crabominable\n|-damage|p1a: Crabominable|33/321\n|-heal|p2a: Sinistcha|115/254|[from] drain|[of] p1a: Crabominable\n|move|p1a: Crabominable|Drain Punch|p2a: Sinistcha\n|-supereffective|p2a: Sinistcha\n|-damage|p2a: Sinistcha|31/254\n|-heal|p1a: Crabominable|75/321|[from] drain|[of] p2a: Sinistcha\n|\n|-heal|p2a: Sinistcha|46/254|[from] item: Leftovers\n|upkeep\n|turn|41\n|\n|t:|1781431871\n|move|p2a: Sinistcha|Shadow Ball|p1a: Crabominable\n|-damage|p1a: Crabominable|0 fnt\n|faint|p1a: Crabominable\n|\n|win|paddyd121\n", "inputlog": ">version a8376a258c1d4662feba110a92103f3664a72141\n>start {\"formatid\":\"gen9randombattle\",\"seed\":\"sodium,d1f6035ee9e5c91c240c470669d7fea2\",\"rated\":\"Rated battle\"}\n>player p1 {\"name\":\"Barniekiller42064\",\"avatar\":\"crasherwake\",\"rating\":1993,\"seed\":\"sodium,aa3faffb9f8cc77c7fc2311271dcb0fc\"}\n>player p2 {\"name\":\"paddyd121\",\"avatar\":\"ethan\",\"rating\":1915,\"seed\":\"sodium,7d785aedacb5444589e19e0be22310fc\"}\n>p1 move knockoff\n>p2 move drainpunch\n>p1 move flareblitz\n>p2 move drainpunch\n>p1 move flareblitz\n>p2 move machpunch\n>p1 switch 2\n>p1 move leafstorm\n>p2 switch 3\n>p1 switch 5\n>p2 move toxic\n>p1 move shiftgear\n>p2 switch 6\n>p1 move gunkshot\n>p2 move strengthsap\n>p1 switch 3\n>p2 move calmmind\n>p1 move nuzzle\n>p2 switch 3\n>p1 move uturn\n>p2 move knockoff\n>p1 switch 3\n>p1 move overdrive\n>p2 move drainpunch\n>p2 switch 4\n>p1 switch 3\n>p2 move triattack\n>p1 move nuzzle\n>p2 switch 2\n>p1 move uturn\n>p2 move spore\n>p1 switch 5\n>p1 move superpower\n>p2 switch 6\n>p1 move superpower\n>p2 move toxic\n>p1 move knockoff\n>p2 move roost\n>p1 move superpower\n>p2 move roost\n>p1 move superpower\n>p2 move foulplay\n>p2 switch 3\n>p1 move knockoff\n>p2 move shadowball\n>p1 switch 6\n>p1 move icehammer\n>p2 move calmmind terastallize\n>p1 switch 5\n>p2 move matchagotcha\n>p1 move nuzzle\n>p2 switch 6\n>p1 move uturn\n>p2 move suckerpunch\n>p1 switch 5\n>p1 move drainpunch\n>p2 move closecombat\n>p2 switch 5\n>p1 switch 3\n>p2 move psychoboost\n>p1 switch 4\n>p1 move bulkup\n>p2 move superpower\n>p1 move icespinner\n>p2 move psychoboost\n>p1 switch 3\n>p1 move drainpunch\n>p2 move knockoff\n>p2 switch 2\n>p1 move drainpunch\n>p2 move triattack\n>p2 switch 6\n>p1 move drainpunch terastallize\n>p2 move strengthsap\n>p1 move drainpunch\n>p2 move strengthsap\n>p1 move drainpunch\n>p2 move strengthsap\n>p1 move drainpunch\n>p2 move strengthsap\n>p1 move drainpunch\n>p2 move strengthsap\n>p1 move drainpunch\n>p2 move calmmind\n>p1 move drainpunch\n>p2 move strengthsap\n>p1 move drainpunch\n>p2 move strengthsap\n>p1 move drainpunch\n>p2 move matchagotcha\n>p1 move drainpunch\n>p2 move matchagotcha\n>p1 move drainpunch\n>p2 move shadowball", "uploadtime": 1781431471, "views": 4, "formatid": "gen9randombattle", "rating": null, "private": 0, "password": null, "player_dets": [{"name": "Barniekiller42064", "avatar": "crasherwake", "rating": 1993, "seed": "sodium,aa3faffb9f8cc77c7fc2311271dcb0fc"}, {"name": "paddyd121", "avatar": "ethan", "rating": 1915, "seed": "sodium,7d785aedacb5444589e19e0be22310fc"}], "teams_full": [{"Emboar": {"name": "Emboar", "species": "Emboar", "speciesId": "emboar", "gender": "M", "shiny": false, "level": 84, "moves": ["closecombat", "knockoff", "flareblitz", "wildcharge"], "ability": "Reckless", "evs": {"hp": 85, "atk": 85, "def": 85, "spa": 85, "spd": 85, "spe": 85}, "ivs": {"hp": 31, "atk": 31, "def": 31, "spa": 31, "spd": 31, "spe": 31}, "item": "Assault Vest", "teraType": "Dark", "role": "AV Pivot", "bvs": {"hp": 110, "atk": 123, "def": 65, "spa": 100, "spd": 65, "spe": 65}, "stats": {"hp": 322, "atk": 255, "def": 157, "spa": 216, "spd": 157, "spe": 157}}, "Lurantis": {"name": "Lurantis", "species": "Lurantis", "speciesId": "lurantis", "gender": "M", "shiny": false, "level": 87, "moves": ["leafstorm", "synthesis", "knockoff", "superpower"], "ability": "Contrary", "evs": {"hp": 85, "atk": 85, "def": 85, "spa": 85, "spd": 85, "spe": 85}, "ivs": {"hp": 31, "atk": 31, "def": 31, "spa": 31, "spd": 31, "spe": 31}, "item": "Leftovers", "teraType": "Fighting", "role": "Bulky Attacker", "bvs": {"hp": 70, "atk": 105, "def": 90, "spa": 80, "spd": 90, "spe": 45}, "stats": {"hp": 264, "atk": 232, "def": 206, "spa": 189, "spd": 206, "spe": 128}}, "Pachirisu": {"name": "Pachirisu", "species": "Pachirisu", "speciesId": "pachirisu", "gender": "F", "shiny": false, "level": 96, "moves": ["superfang", "nuzzle", "thunderbolt", "uturn"], "ability": "Volt Absorb", "evs": {"hp": 85, "atk": 85, "def": 85, "spa": 85, "spd": 85, "spe": 85}, "ivs": {"hp": 31, "atk": 31, "def": 31, "spa": 31, "spd": 31, "spe": 31}, "item": "Assault Vest", "teraType": "Flying", "role": "AV Pivot", "bvs": {"hp": 60, "atk": 45, "def": 70, "spa": 45, "spd": 90, "spe": 95}, "stats": {"hp": 271, "atk": 141, "def": 189, "spa": 141, "spd": 227, "spe": 237}}, "Floatzel": {"name": "Floatzel", "species": "Floatzel", "speciesId": "floatzel", "gender": "M", "shiny": false, "level": 86, "moves": ["bulkup", "taunt", "icespinner", "wavecrash"], "ability": "Water Veil", "evs": {"hp": 85, "atk": 85, "def": 85, "spa": 85, "spd": 85, "spe": 85}, "ivs": {"hp": 31, "atk": 31, "def": 31, "spa": 31, "spd": 31, "spe": 31}, "item": "Leftovers", "teraType": "Water", "role": "Bulky Setup", "bvs": {"hp": 85, "atk": 105, "def": 55, "spa": 85, "spd": 50, "spe": 115}, "stats": {"hp": 286, "atk": 230, "def": 144, "spa": 195, "spd": 135, "spe": 247}}, "Toxtricity": {"name": "Toxtricity", "species": "Toxtricity", "speciesId": "toxtricity", "gender": "M", "shiny": false, "level": 82, "moves": ["overdrive", "shiftgear", "boomburst", "gunkshot"], "ability": "Punk Rock", "evs": {"hp": 85, "atk": 85, "def": 85, "spa": 85, "spd": 85, "spe": 85}, "ivs": {"hp": 31, "atk": 31, "def": 31, "spa": 31, "spd": 31, "spe": 31}, "item": "Throat Spray", "teraType": "Normal", "role": "Setup Sweeper", "bvs": {"hp": 75, "atk": 98, "def": 70, "spa": 114, "spd": 70, "spe": 75}, "stats": {"hp": 257, "atk": 208, "def": 162, "spa": 234, "spd": 162, "spe": 170}}, "Crabominable": {"name": "Crabominable", "species": "Crabominable", "speciesId": "crabominable", "gender": "F", "shiny": false, "level": 90, "moves": ["drainpunch", "icehammer", "earthquake", "gunkshot"], "ability": "Iron Fist", "evs": {"hp": 85, "atk": 85, "def": 85, "spa": 85, "spd": 85, "spe": 85}, "ivs": {"hp": 31, "atk": 31, "def": 31, "spa": 31, "spd": 31, "spe": 31}, "item": "Choice Band", "teraType": "Fighting", "role": "Wallbreaker", "bvs": {"hp": 97, "atk": 132, "def": 77, "spa": 62, "spd": 67, "spe": 43}, "stats": {"hp": 321, "atk": 289, "def": 190, "spa": 163, "spd": 172, "spe": 129}}}, {"Gurdurr": {"name": "Gurdurr", "species": "Gurdurr", "speciesId": "gurdurr", "gender": "M", "shiny": false, "level": 85, "moves": ["drainpunch", "defog", "knockoff", "machpunch"], "ability": "Guts", "evs": {"hp": 85, "atk": 85, "def": 85, "spa": 85, "spd": 85, "spe": 85}, "ivs": {"hp": 31, "atk": 31, "def": 31, "spa": 31, "spd": 31, "spe": 31}, "item": "Eviolite", "teraType": "Steel", "role": "Bulky Attacker", "bvs": {"hp": 85, "atk": 105, "def": 85, "spa": 40, "spd": 50, "spe": 40}, "stats": {"hp": 283, "atk": 227, "def": 193, "spa": 117, "spd": 134, "spe": 117}}, "Brute Bonnet": {"name": "Brute Bonnet", "species": "Brute Bonnet", "speciesId": "brutebonnet", "gender": "N", "shiny": false, "level": 80, "moves": ["closecombat", "suckerpunch", "spore", "crunch"], "ability": "Protosynthesis", "evs": {"hp": 85, "atk": 85, "def": 85, "spa": 85, "spd": 85, "spe": 85}, "ivs": {"hp": 31, "atk": 31, "def": 31, "spa": 31, "spd": 31, "spe": 31}, "item": "Leftovers", "teraType": "Fighting", "role": "Bulky Attacker", "bvs": {"hp": 111, "atk": 127, "def": 99, "spa": 79, "spd": 99, "spe": 55}, "stats": {"hp": 309, "atk": 249, "def": 205, "spa": 173, "spd": 205, "spe": 134}}, "Mandibuzz": {"name": "Mandibuzz", "species": "Mandibuzz", "speciesId": "mandibuzz", "gender": "F", "shiny": false, "level": 85, "moves": ["bravebird", "foulplay", "toxic", "roost"], "ability": "Overcoat", "evs": {"hp": 85, "atk": 85, "def": 85, "spa": 85, "spd": 85, "spe": 85}, "ivs": {"hp": 31, "atk": 31, "def": 31, "spa": 31, "spd": 31, "spe": 31}, "item": "Heavy-Duty Boots", "teraType": "Steel", "role": "Bulky Attacker", "bvs": {"hp": 110, "atk": 65, "def": 105, "spa": 55, "spd": 95, "spe": 80}, "stats": {"hp": 326, "atk": 159, "def": 227, "spa": 142, "spd": 210, "spe": 185}}, "Porygon-Z": {"name": "Porygon-Z", "species": "Porygon-Z", "speciesId": "porygonz", "gender": "N", "shiny": false, "level": 83, "moves": ["icebeam", "thunderbolt", "shadowball", "triattack"], "ability": "Download", "evs": {"hp": 85, "atk": 0, "def": 85, "spa": 85, "spd": 85, "spe": 85}, "ivs": {"hp": 31, "atk": 0, "def": 31, "spa": 31, "spd": 31, "spe": 31}, "item": "Choice Specs", "teraType": "Ghost", "role": "Fast Attacker", "bvs": {"hp": 85, "atk": 80, "def": 70, "spa": 135, "spd": 75, "spe": 90}, "stats": {"hp": 277, "atk": 137, "def": 164, "spa": 272, "spd": 172, "spe": 197}}, "Deoxys": {"name": "Deoxys", "species": "Deoxys-Attack", "speciesId": "deoxysattack", "gender": "N", "shiny": false, "level": 72, "moves": ["knockoff", "superpower", "psychoboost", "icebeam"], "ability": "Pressure", "evs": {"hp": 85, "atk": 85, "def": 85, "spa": 85, "spd": 85, "spe": 85}, "ivs": {"hp": 31, "atk": 31, "def": 31, "spa": 31, "spd": 31, "spe": 31}, "item": "Life Orb", "teraType": "Psychic", "role": "Wallbreaker", "bvs": {"hp": 50, "atk": 180, "def": 20, "spa": 180, "spd": 20, "spe": 150}, "stats": {"hp": 191, "atk": 301, "def": 71, "spa": 301, "spd": 71, "spe": 258}}, "Sinistcha": {"name": "Sinistcha", "species": "Sinistcha", "speciesId": "sinistcha", "gender": "N", "shiny": false, "level": 83, "moves": ["shadowball", "strengthsap", "matchagotcha", "calmmind"], "ability": "Heatproof", "evs": {"hp": 85, "atk": 0, "def": 85, "spa": 85, "spd": 85, "spe": 85}, "ivs": {"hp": 31, "atk": 0, "def": 31, "spa": 31, "spd": 31, "spe": 31}, "item": "Leftovers", "teraType": "Steel", "role": "Bulky Setup", "bvs": {"hp": 71, "atk": 60, "def": 106, "spa": 121, "spd": 80, "spe": 70}, "stats": {"hp": 254, "atk": 104, "def": 224, "spa": 249, "spd": 180, "spe": 164}}}]}