{"id": "gen9randombattle-2631467203", "format": "[Gen 9] Random Battle", "players": ["Loerik2", "coolx1"], "log": "|j|\u2606Loerik2\n|j|\u2606coolx1\n|t:|1781388311\n|gametype|singles\n|player|p1|Loerik2|170|1967\n|player|p2|coolx1|266|1947\n|gen|9\n|tier|[Gen 9] Random Battle\n|rated|\n|rule|Species Clause: Limit one of each Pok\u00e9mon\n|rule|HP Percentage Mod: HP is shown in percentages\n|rule|Sleep Clause Mod: Limit one foe put to sleep\n|rule|Illusion Level Mod: Illusion disguises the Pok\u00e9mon's true level\n|\n|t:|1781388311\n|teamsize|p1|6\n|teamsize|p2|6\n|start\n|switch|p1a: Skeledirge|Skeledirge, L79, M|294/294\n|switch|p2a: Volcanion|Volcanion, L79|256/256\n|turn|1\n|inactive|Battle timer is ON: inactive players will automatically lose when time's up. (requested by coolx1)\n|\n|t:|1781388326\n|switch|p1a: Iron Hands|Iron Hands, L79|373/373\n|move|p2a: Volcanion|Sludge Bomb|p1a: Iron Hands\n|-damage|p1a: Iron Hands|315/373\n|\n|upkeep\n|turn|2\n|\n|t:|1781388344\n|move|p1a: Iron Hands|Fake Out|p2a: Volcanion\n|-damage|p2a: Volcanion|226/256\n|cant|p2a: Volcanion|flinch\n|\n|upkeep\n|turn|3\n|\n|t:|1781388356\n|move|p2a: Volcanion|Steam Eruption|p1a: Iron Hands\n|-damage|p1a: Iron Hands|198/373\n|move|p1a: Iron Hands|Wild Charge|p2a: Volcanion\n|-supereffective|p2a: Volcanion\n|-damage|p2a: Volcanion|34/256\n|-damage|p1a: Iron Hands|150/373|[from] Recoil\n|\n|upkeep\n|turn|4\n|\n|t:|1781388364\n|move|p2a: Volcanion|Steam Eruption|p1a: Iron Hands\n|-damage|p1a: Iron Hands|36/373\n|move|p1a: Iron Hands|Drain Punch|p2a: Volcanion\n|-damage|p2a: Volcanion|0 fnt\n|-heal|p1a: Iron Hands|53/373|[from] drain|[of] p2a: Volcanion\n|faint|p2a: Volcanion\n|\n|upkeep\n|\n|t:|1781388377\n|switch|p2a: Shaymin|Shaymin-Sky, L73|266/266\n|turn|5\n|\n|t:|1781388385\n|-end|p1a: Iron Hands|Quark Drive|[silent]\n|switch|p1a: Vespiquen|Vespiquen, L99, F|299/299\n|-ability|p1a: Vespiquen|Pressure\n|move|p2a: Shaymin|Earth Power|p1a: Vespiquen\n|-immune|p1a: Vespiquen\n|\n|upkeep\n|turn|6\n|\n|t:|1781388388\n|move|p2a: Shaymin|Air Slash|p1a: Vespiquen\n|-supereffective|p1a: Vespiquen\n|-damage|p1a: Vespiquen|177/299\n|move|p1a: Vespiquen|Toxic Spikes|p2a: Shaymin\n|-sidestart|p2: coolx1|move: Toxic Spikes\n|\n|upkeep\n|turn|7\n|\n|t:|1781388401\n|move|p2a: Shaymin|Air Slash|p1a: Vespiquen\n|-supereffective|p1a: Vespiquen\n|-damage|p1a: Vespiquen|63/299\n|cant|p1a: Vespiquen|flinch\n|\n|upkeep\n|turn|8\n|\n|t:|1781388408\n|move|p2a: Shaymin|Air Slash|p1a: Vespiquen\n|-supereffective|p1a: Vespiquen\n|-damage|p1a: Vespiquen|0 fnt\n|faint|p1a: Vespiquen\n|\n|upkeep\n|\n|t:|1781388416\n|switch|p1a: Bombirdier|Bombirdier, L85, F|258/258\n|turn|9\n|\n|t:|1781388432\n|move|p2a: Shaymin|Air Slash|p1a: Bombirdier\n|-damage|p1a: Bombirdier|189/258\n|move|p1a: Bombirdier|Knock Off|p2a: Shaymin\n|-damage|p2a: Shaymin|59/266\n|-enditem|p2a: Shaymin|Heavy-Duty Boots|[from] move: Knock Off|[of] p1a: Bombirdier\n|\n|upkeep\n|turn|10\n|\n|t:|1781388443\n|switch|p2a: Ting-Lu|Ting-Lu, L78|370/370\n|-status|p2a: Ting-Lu|psn\n|-ability|p2a: Ting-Lu|Vessel of Ruin\n|move|p1a: Bombirdier|Knock Off|p2a: Ting-Lu\n|-resisted|p2a: Ting-Lu\n|-damage|p2a: Ting-Lu|302/370 psn\n|-enditem|p2a: Ting-Lu|Leftovers|[from] move: Knock Off|[of] p1a: Bombirdier\n|\n|-damage|p2a: Ting-Lu|256/370 psn|[from] psn\n|upkeep\n|turn|11\n|\n|t:|1781388449\n|switch|p1a: Iron Hands|Iron Hands, L79|53/373\n|move|p2a: Ting-Lu|Stealth Rock|p1a: Iron Hands\n|-sidestart|p1: Loerik2|move: Stealth Rock\n|\n|-damage|p2a: Ting-Lu|210/370 psn|[from] psn\n|upkeep\n|turn|12\n|\n|t:|1781388463\n|move|p1a: Iron Hands|Drain Punch|p2a: Ting-Lu\n|-supereffective|p2a: Ting-Lu\n|-damage|p2a: Ting-Lu|46/370 psn\n|-heal|p1a: Iron Hands|135/373|[from] drain|[of] p2a: Ting-Lu\n|move|p2a: Ting-Lu|Earthquake|p1a: Iron Hands\n|-supereffective|p1a: Iron Hands\n|-damage|p1a: Iron Hands|0 fnt\n|faint|p1a: Iron Hands\n|-end|p1a: Iron Hands|Quark Drive|[silent]\n|\n|-damage|p2a: Ting-Lu|0 fnt|[from] psn\n|faint|p2a: Ting-Lu\n|upkeep\n|\n|t:|1781388484\n|switch|p1a: Bombirdier|Bombirdier, L85, F|189/258\n|switch|p2a: Raikou|Raikou, L81|278/278\n|-status|p2a: Raikou|psn\n|-ability|p2a: Raikou|Pressure\n|-damage|p1a: Bombirdier|125/258|[from] Stealth Rock\n|turn|13\n|\n|t:|1781388490\n|move|p1a: Bombirdier|Sucker Punch|p2a: Raikou\n|-crit|p2a: Raikou\n|-damage|p2a: Raikou|61/278 psn\n|move|p2a: Raikou|Thunderbolt|p1a: Bombirdier\n|-supereffective|p1a: Bombirdier\n|-damage|p1a: Bombirdier|0 fnt\n|faint|p1a: Bombirdier\n|\n|-heal|p2a: Raikou|78/278 psn|[from] item: Leftovers\n|-damage|p2a: Raikou|44/278 psn|[from] psn\n|upkeep\n|\n|t:|1781388511\n|switch|p1a: Deoxys|Deoxys-Defense, L84|221/221\n|-damage|p1a: Deoxys|194/221|[from] Stealth Rock\n|-ability|p1a: Deoxys|Pressure\n|turn|14\n|\n|t:|1781388522\n|move|p2a: Raikou|Shadow Ball|p1a: Deoxys\n|-supereffective|p1a: Deoxys\n|-damage|p1a: Deoxys|118/221\n|-unboost|p1a: Deoxys|spd|1\n|move|p1a: Deoxys|Spikes|p2a: Raikou\n|-sidestart|p2: coolx1|Spikes\n|\n|-heal|p2a: Raikou|61/278 psn|[from] item: Leftovers\n|-heal|p1a: Deoxys|131/221|[from] item: Leftovers\n|-damage|p2a: Raikou|27/278 psn|[from] psn\n|upkeep\n|turn|15\n|\n|t:|1781388527\n|switch|p1a: Alomomola|Alomomola, L87, M|429/429\n|move|p2a: Raikou|Shadow Ball|p1a: Alomomola\n|-damage|p1a: Alomomola|340/429\n|\n|-heal|p2a: Raikou|44/278 psn|[from] item: Leftovers\n|-damage|p2a: Raikou|10/278 psn|[from] psn\n|upkeep\n|turn|16\n|\n|t:|1781388531\n|move|p1a: Alomomola|Protect|p1a: Alomomola\n|-singleturn|p1a: Alomomola|Protect\n|move|p2a: Raikou|Thunderbolt|p1a: Alomomola\n|-activate|p1a: Alomomola|move: Protect\n|\n|-heal|p2a: Raikou|27/278 psn|[from] item: Leftovers\n|-damage|p2a: Raikou|0 fnt|[from] psn\n|faint|p2a: Raikou\n|upkeep\n|\n|t:|1781388536\n|switch|p2a: Shaymin|Shaymin-Sky, L73|59/266\n|turn|17\n|\n|t:|1781388543\n|-terastallize|p1a: Alomomola|Poison\n|move|p2a: Shaymin|Synthesis|p2a: Shaymin\n|-heal|p2a: Shaymin|192/266\n|move|p1a: Alomomola|Wish|p1a: Alomomola\n|\n|upkeep\n|turn|18\n|\n|t:|1781388550\n|move|p2a: Shaymin|Seed Flare|p1a: Alomomola\n|-resisted|p1a: Alomomola\n|-damage|p1a: Alomomola|253/429\n|-unboost|p1a: Alomomola|spd|2\n|move|p1a: Alomomola|Flip Turn|p2a: Shaymin\n|-resisted|p2a: Shaymin\n|-damage|p2a: Shaymin|159/266\n|\n|t:|1781388554\n|switch|p1a: Deoxys|Deoxys-Defense, L84|131/221|[from] Flip Turn\n|-damage|p1a: Deoxys|104/221|[from] Stealth Rock\n|-ability|p1a: Deoxys|Pressure\n|\n|-heal|p1a: Deoxys|221/221|[from] move: Wish|[wisher] Alomomola\n|upkeep\n|turn|19\n|\n|t:|1781388564\n|move|p2a: Shaymin|Seed Flare|p1a: Deoxys\n|-damage|p1a: Deoxys|152/221\n|move|p1a: Deoxys|Psychic Noise|p2a: Shaymin\n|-damage|p2a: Shaymin|74/266\n|-start|p2a: Shaymin|move: Heal Block\n|\n|-heal|p1a: Deoxys|165/221|[from] item: Leftovers\n|upkeep\n|turn|20\n|\n|t:|1781388570\n|move|p2a: Shaymin|Air Slash|p1a: Deoxys\n|-crit|p1a: Deoxys\n|-damage|p1a: Deoxys|96/221\n|cant|p1a: Deoxys|flinch\n|\n|-heal|p1a: Deoxys|109/221|[from] item: Leftovers\n|-end|p2a: Shaymin|move: Heal Block\n|upkeep\n|turn|21\n|\n|t:|1781388575\n|move|p2a: Shaymin|Synthesis|p2a: Shaymin\n|-heal|p2a: Shaymin|207/266\n|move|p1a: Deoxys|Psychic Noise|p2a: Shaymin\n|-damage|p2a: Shaymin|119/266\n|-start|p2a: Shaymin|move: Heal Block\n|\n|-heal|p1a: Deoxys|122/221|[from] item: Leftovers\n|upkeep\n|turn|22\n|\n|t:|1781388578\n|move|p2a: Shaymin|Air Slash|p1a: Deoxys\n|-damage|p1a: Deoxys|77/221\n|cant|p1a: Deoxys|flinch\n|\n|-heal|p1a: Deoxys|90/221|[from] item: Leftovers\n|-end|p2a: Shaymin|move: Heal Block\n|upkeep\n|turn|23\n|\n|t:|1781388582\n|move|p2a: Shaymin|Synthesis|p2a: Shaymin\n|-heal|p2a: Shaymin|252/266\n|move|p1a: Deoxys|Recover|p1a: Deoxys\n|-heal|p1a: Deoxys|201/221\n|\n|-heal|p1a: Deoxys|214/221|[from] item: Leftovers\n|upkeep\n|turn|24\n|\n|t:|1781388585\n|move|p2a: Shaymin|Seed Flare|p1a: Deoxys\n|-crit|p1a: Deoxys\n|-damage|p1a: Deoxys|105/221\n|-unboost|p1a: Deoxys|spd|2\n|move|p1a: Deoxys|Psychic Noise|p2a: Shaymin\n|-damage|p2a: Shaymin|176/266\n|-start|p2a: Shaymin|move: Heal Block\n|\n|-heal|p1a: Deoxys|118/221|[from] item: Leftovers\n|upkeep\n|turn|25\n|\n|t:|1781388589\n|switch|p1a: Alomomola|Alomomola, L87, M, tera:Poison|396/429\n|move|p2a: Shaymin|Air Slash|p1a: Alomomola\n|-damage|p1a: Alomomola|290/429\n|\n|-end|p2a: Shaymin|move: Heal Block\n|upkeep\n|turn|26\n|\n|t:|1781388595\n|move|p2a: Shaymin|Earth Power|p1a: Alomomola\n|-supereffective|p1a: Alomomola\n|-damage|p1a: Alomomola|126/429\n|move|p1a: Alomomola|Wish|p1a: Alomomola\n|\n|upkeep\n|turn|27\n|\n|t:|1781388603\n|move|p1a: Alomomola|Protect|p1a: Alomomola\n|-singleturn|p1a: Alomomola|Protect\n|move|p2a: Shaymin|Seed Flare|p1a: Alomomola\n|-activate|p1a: Alomomola|move: Protect\n|\n|-heal|p1a: Alomomola|340/429|[from] move: Wish|[wisher] Alomomola\n|upkeep\n|turn|28\n|\n|t:|1781388608\n|move|p2a: Shaymin|Air Slash|p1a: Alomomola\n|-damage|p1a: Alomomola|225/429\n|cant|p1a: Alomomola|flinch\n|\n|upkeep\n|turn|29\n|\n|t:|1781388613\n|move|p1a: Alomomola|Protect|p1a: Alomomola\n|-singleturn|p1a: Alomomola|Protect\n|move|p2a: Shaymin|Air Slash|p1a: Alomomola\n|-activate|p1a: Alomomola|move: Protect\n|\n|upkeep\n|turn|30\n|\n|t:|1781388615\n|move|p2a: Shaymin|Air Slash|p1a: Alomomola\n|-damage|p1a: Alomomola|105/429\n|cant|p1a: Alomomola|flinch\n|\n|upkeep\n|turn|31\n|\n|t:|1781388620\n|move|p1a: Alomomola|Protect|p1a: Alomomola\n|-singleturn|p1a: Alomomola|Protect\n|move|p2a: Shaymin|Earth Power|p1a: Alomomola\n|-activate|p1a: Alomomola|move: Protect\n|\n|upkeep\n|turn|32\n|\n|t:|1781388625\n|switch|p1a: Skeledirge|Skeledirge, L79, M|294/294\n|move|p2a: Shaymin|Earth Power|p1a: Skeledirge\n|-supereffective|p1a: Skeledirge\n|-damage|p1a: Skeledirge|156/294\n|\n|upkeep\n|turn|33\n|\n|t:|1781388629\n|move|p2a: Shaymin|Air Slash|p1a: Skeledirge\n|-damage|p1a: Skeledirge|71/294\n|cant|p1a: Skeledirge|flinch\n|\n|upkeep\n|turn|34\n|\n|t:|1781388632\n|move|p2a: Shaymin|Earth Power|p1a: Skeledirge\n|-supereffective|p1a: Skeledirge\n|-damage|p1a: Skeledirge|0 fnt\n|faint|p1a: Skeledirge\n|\n|upkeep\n|\n|t:|1781388633\n|switch|p1a: Alomomola|Alomomola, L87, M, tera:Poison|248/429\n|turn|35\n|\n|t:|1781388638\n|move|p1a: Alomomola|Protect|p1a: Alomomola\n|-singleturn|p1a: Alomomola|Protect\n|move|p2a: Shaymin|Air Slash|p1a: Alomomola\n|-activate|p1a: Alomomola|move: Protect\n|\n|upkeep\n|turn|36\n|\n|t:|1781388640\n|move|p2a: Shaymin|Air Slash|p1a: Alomomola\n|-damage|p1a: Alomomola|139/429\n|cant|p1a: Alomomola|flinch\n|\n|upkeep\n|turn|37\n|\n|t:|1781388644\n|move|p1a: Alomomola|Protect|p1a: Alomomola\n|-singleturn|p1a: Alomomola|Protect\n|move|p2a: Shaymin|Earth Power|p1a: Alomomola\n|-activate|p1a: Alomomola|move: Protect\n|\n|upkeep\n|turn|38\n|\n|t:|1781388646\n|switch|p1a: Deoxys|Deoxys-Defense, L84|118/221\n|-damage|p1a: Deoxys|91/221|[from] Stealth Rock\n|-ability|p1a: Deoxys|Pressure\n|move|p2a: Shaymin|Earth Power|p1a: Deoxys\n|-damage|p1a: Deoxys|52/221\n|\n|-heal|p1a: Deoxys|65/221|[from] item: Leftovers\n|upkeep\n|turn|39\n|\n|t:|1781388650\n|move|p2a: Shaymin|Seed Flare|p1a: Deoxys\n|-damage|p1a: Deoxys|0 fnt\n|faint|p1a: Deoxys\n|\n|upkeep\n|\n|t:|1781388653\n|switch|p1a: Alomomola|Alomomola, L87, M, tera:Poison|282/429\n|turn|40\n|-message|Loerik2 forfeited.\n|\n|win|coolx1\n", "inputlog": ">version a8376a258c1d4662feba110a92103f3664a72141\n>start {\"formatid\":\"gen9randombattle\",\"seed\":\"sodium,c3443ad8c70103dbe6e913b96e33c145\",\"rated\":\"Rated battle\"}\n>player p1 {\"name\":\"Loerik2\",\"avatar\":\"170\",\"rating\":1967,\"seed\":\"sodium,6739152f9dac6958677f3bfa9d8c1d9d\"}\n>player p2 {\"name\":\"coolx1\",\"avatar\":\"266\",\"rating\":1947,\"seed\":\"sodium,51857c964582acf72cc22aa50e350df4\"}\n>p1 switch 3\n>p2 move sludgebomb\n>p1 move fakeout\n>p2 move steameruption\n>p1 move wildcharge\n>p2 move steameruption\n>p1 move drainpunch\n>p2 move steameruption\n>p2 switch 5\n>p1 switch 5\n>p2 move earthpower\n>p1 move toxicspikes\n>p2 move airslash\n>p1 move hurricane\n>p2 move airslash\n>p1 move roost\n>p2 move airslash\n>p1 switch 2\n>p1 move knockoff\n>p2 move airslash\n>p1 move knockoff\n>p2 switch 3\n>p1 switch 5\n>p2 move stealthrock\n>p1 move drainpunch\n>p2 move earthquake\n>p1 switch 5\n>p2 switch 2\n>p1 move suckerpunch\n>p2 move thunderbolt\n>p1 switch 6\n>p1 move spikes\n>p2 move shadowball\n>p1 switch 4\n>p2 move shadowball\n>p1 move protect\n>p2 move thunderbolt\n>p2 switch 3\n>p1 move wish terastallize\n>p2 move synthesis\n>p1 move flipturn\n>p2 move seedflare\n>p1 switch 4\n>p1 move psychicnoise\n>p2 move seedflare\n>p1 move psychicnoise\n>p2 move airslash\n>p1 move psychicnoise\n>p2 move synthesis\n>p1 move psychicnoise\n>p2 move airslash\n>p1 move recover\n>p2 move synthesis\n>p1 move psychicnoise\n>p2 move seedflare\n>p1 switch 4\n>p2 move airslash\n>p1 move wish\n>p2 move earthpower\n>p1 move protect\n>p2 move seedflare\n>p1 move wish\n>p2 move airslash\n>p1 move protect\n>p2 move airslash\n>p1 move wish\n>p2 move airslash\n>p1 move protect\n>p2 move earthpower\n>p1 switch 3\n>p2 move earthpower\n>p1 move torchsong\n>p2 move airslash\n>p1 move torchsong\n>p2 move earthpower\n>p1 switch 3\n>p1 move protect\n>p2 move airslash\n>p1 move wish\n>p2 move airslash\n>p1 move protect\n>p2 move earthpower\n>p1 switch 4\n>p2 move earthpower\n>p1 move recover\n>p2 move seedflare\n>p1 switch 4\n>forcelose p1", "uploadtime": 1781388313, "views": 7, "formatid": "gen9randombattle", "rating": null, "private": 0, "password": null, "player_dets": [{"name": "Loerik2", "avatar": "170", "rating": 1967, "seed": "sodium,6739152f9dac6958677f3bfa9d8c1d9d"}, {"name": "coolx1", "avatar": "266", "rating": 1947, "seed": "sodium,51857c964582acf72cc22aa50e350df4"}], "teams_full": [{"Skeledirge": {"name": "Skeledirge", "species": "Skeledirge", "speciesId": "skeledirge", "gender": "M", "shiny": false, "level": 79, "moves": ["torchsong", "hex", "slackoff", "willowisp"], "ability": "Unaware", "evs": {"hp": 85, "atk": 0, "def": 85, "spa": 85, "spd": 85, "spe": 85}, "ivs": {"hp": 31, "atk": 0, "def": 31, "spa": 31, "spd": 31, "spe": 31}, "item": "Heavy-Duty Boots", "teraType": "Fairy", "role": "Bulky Support", "bvs": {"hp": 104, "atk": 75, "def": 100, "spa": 110, "spd": 75, "spe": 66}, "stats": {"hp": 294, "atk": 123, "def": 204, "spa": 219, "spd": 164, "spe": 150}, "types": ["Fire", "Ghost"]}, "Bombirdier": {"name": "Bombirdier", "species": "Bombirdier", "speciesId": "bombirdier", "gender": "F", "shiny": false, "level": 85, "moves": ["stoneedge", "knockoff", "bravebird", "suckerpunch"], "ability": "Rocky Payload", "evs": {"hp": 85, "atk": 85, "def": 85, "spa": 85, "spd": 85, "spe": 85}, "ivs": {"hp": 31, "atk": 31, "def": 31, "spa": 31, "spd": 31, "spe": 31}, "item": "Choice Band", "teraType": "Rock", "role": "Fast Attacker", "bvs": {"hp": 70, "atk": 103, "def": 85, "spa": 60, "spd": 85, "spe": 82}, "stats": {"hp": 258, "atk": 224, "def": 193, "spa": 151, "spd": 193, "spe": 188}, "types": ["Flying", "Dark"]}, "Iron Hands": {"name": "Iron Hands", "species": "Iron Hands", "speciesId": "ironhands", "gender": "N", "shiny": false, "level": 79, "moves": ["fakeout", "drainpunch", "wildcharge", "voltswitch"], "ability": "Quark Drive", "evs": {"hp": 85, "atk": 85, "def": 85, "spa": 85, "spd": 85, "spe": 85}, "ivs": {"hp": 31, "atk": 31, "def": 31, "spa": 31, "spd": 31, "spe": 31}, "item": "Assault Vest", "teraType": "Fighting", "role": "AV Pivot", "bvs": {"hp": 154, "atk": 140, "def": 108, "spa": 50, "spd": 68, "spe": 50}, "stats": {"hp": 373, "atk": 267, "def": 216, "spa": 125, "spd": 153, "spe": 125}, "types": ["Fighting", "Electric"]}, "Alomomola": {"name": "Alomomola", "species": "Alomomola", "speciesId": "alomomola", "gender": "M", "shiny": false, "level": 87, "moves": ["scald", "wish", "flipturn", "protect"], "ability": "Regenerator", "evs": {"hp": 85, "atk": 85, "def": 85, "spa": 85, "spd": 85, "spe": 85}, "ivs": {"hp": 31, "atk": 31, "def": 31, "spa": 31, "spd": 31, "spe": 31}, "item": "Heavy-Duty Boots", "teraType": "Poison", "role": "Fast Support", "bvs": {"hp": 165, "atk": 75, "def": 80, "spa": 40, "spd": 45, "spe": 65}, "stats": {"hp": 429, "atk": 180, "def": 189, "spa": 119, "spd": 128, "spe": 163}, "types": ["Water"]}, "Vespiquen": {"name": "Vespiquen", "species": "Vespiquen", "speciesId": "vespiquen", "gender": "F", "shiny": false, "level": 99, "moves": ["uturn", "roost", "hurricane", "toxicspikes"], "ability": "Pressure", "evs": {"hp": 85, "atk": 85, "def": 85, "spa": 85, "spd": 85, "spe": 85}, "ivs": {"hp": 31, "atk": 31, "def": 31, "spa": 31, "spd": 31, "spe": 31}, "item": "Heavy-Duty Boots", "teraType": "Steel", "role": "Bulky Support", "bvs": {"hp": 70, "atk": 80, "def": 102, "spa": 80, "spd": 102, "spe": 40}, "stats": {"hp": 299, "atk": 214, "def": 258, "spa": 214, "spd": 258, "spe": 135}, "types": ["Bug", "Flying"]}, "Deoxys": {"name": "Deoxys", "species": "Deoxys-Defense", "speciesId": "deoxysdefense", "gender": "N", "shiny": false, "level": 84, "moves": ["spikes", "psychicnoise", "knockoff", "recover"], "ability": "Pressure", "evs": {"hp": 85, "atk": 85, "def": 85, "spa": 85, "spd": 85, "spe": 85}, "ivs": {"hp": 31, "atk": 31, "def": 31, "spa": 31, "spd": 31, "spe": 31}, "item": "Leftovers", "teraType": "Steel", "role": "Bulky Support", "bvs": {"hp": 50, "atk": 70, "def": 160, "spa": 70, "spd": 160, "spe": 90}, "stats": {"hp": 221, "atk": 166, "def": 317, "spa": 166, "spd": 317, "spe": 199}, "types": ["Psychic"]}}, {"Volcanion": {"name": "Volcanion", "species": "Volcanion", "speciesId": "volcanion", "gender": "N", "shiny": false, "level": 79, "moves": ["sludgebomb", "flamethrower", "haze", "steameruption"], "ability": "Water Absorb", "evs": {"hp": 85, "atk": 0, "def": 85, "spa": 85, "spd": 85, "spe": 85}, "ivs": {"hp": 31, "atk": 0, "def": 31, "spa": 31, "spd": 31, "spe": 31}, "item": "Heavy-Duty Boots", "teraType": "Water", "role": "Bulky Attacker", "bvs": {"hp": 80, "atk": 110, "def": 120, "spa": 130, "spd": 90, "spe": 70}, "stats": {"hp": 256, "atk": 178, "def": 235, "spa": 251, "spd": 188, "spe": 156}, "types": ["Fire", "Water"]}, "Raikou": {"name": "Raikou", "species": "Raikou", "speciesId": "raikou", "gender": "N", "shiny": false, "level": 81, "moves": ["scald", "shadowball", "calmmind", "thunderbolt"], "ability": "Pressure", "evs": {"hp": 85, "atk": 0, "def": 85, "spa": 85, "spd": 85, "spe": 85}, "ivs": {"hp": 31, "atk": 0, "def": 31, "spa": 31, "spd": 31, "spe": 31}, "item": "Leftovers", "teraType": "Water", "role": "Bulky Attacker", "bvs": {"hp": 90, "atk": 85, "def": 75, "spa": 115, "spd": 100, "spe": 115}, "stats": {"hp": 278, "atk": 142, "def": 168, "spa": 233, "spd": 209, "spe": 233}, "types": ["Electric"]}, "Ting-Lu": {"name": "Ting-Lu", "species": "Ting-Lu", "speciesId": "tinglu", "gender": "N", "shiny": false, "level": 78, "moves": ["payback", "stealthrock", "earthquake", "spikes"], "ability": "Vessel of Ruin", "evs": {"hp": 85, "atk": 85, "def": 85, "spa": 85, "spd": 85, "spe": 85}, "ivs": {"hp": 31, "atk": 31, "def": 31, "spa": 31, "spd": 31, "spe": 31}, "item": "Leftovers", "teraType": "Ghost", "role": "Bulky Attacker", "bvs": {"hp": 155, "atk": 110, "def": 125, "spa": 55, "spd": 80, "spe": 45}, "stats": {"hp": 370, "atk": 217, "def": 240, "spa": 131, "spd": 170, "spe": 115}, "types": ["Dark", "Ground"]}, "Bellossom": {"name": "Bellossom", "species": "Bellossom", "speciesId": "bellossom", "gender": "F", "shiny": false, "level": 84, "moves": ["strengthsap", "quiverdance", "gigadrain", "terablast"], "ability": "Chlorophyll", "evs": {"hp": 85, "atk": 0, "def": 85, "spa": 85, "spd": 85, "spe": 85}, "ivs": {"hp": 31, "atk": 0, "def": 31, "spa": 31, "spd": 31, "spe": 31}, "item": "Leftovers", "teraType": "Rock", "role": "Tera Blast user", "bvs": {"hp": 75, "atk": 80, "def": 95, "spa": 90, "spd": 100, "spe": 50}, "stats": {"hp": 263, "atk": 139, "def": 208, "spa": 199, "spd": 216, "spe": 132}, "types": ["Grass"]}, "Shaymin": {"name": "Shaymin", "species": "Shaymin-Sky", "speciesId": "shayminsky", "gender": "N", "shiny": false, "level": 73, "moves": ["airslash", "synthesis", "seedflare", "earthpower"], "ability": "Serene Grace", "evs": {"hp": 85, "atk": 0, "def": 85, "spa": 85, "spd": 85, "spe": 85}, "ivs": {"hp": 31, "atk": 0, "def": 31, "spa": 31, "spd": 31, "spe": 31}, "item": "Heavy-Duty Boots", "teraType": "Steel", "role": "Bulky Attacker", "bvs": {"hp": 100, "atk": 103, "def": 75, "spa": 120, "spd": 75, "spe": 127}, "stats": {"hp": 266, "atk": 155, "def": 152, "spa": 218, "spd": 152, "spe": 228}, "types": ["Grass", "Flying"]}, "Umbreon": {"name": "Umbreon", "species": "Umbreon", "speciesId": "umbreon", "gender": "F", "shiny": false, "level": 84, "moves": ["foulplay", "protect", "wish", "toxic"], "ability": "Synchronize", "evs": {"hp": 85, "atk": 0, "def": 85, "spa": 85, "spd": 85, "spe": 85}, "ivs": {"hp": 31, "atk": 0, "def": 31, "spa": 31, "spd": 31, "spe": 31}, "item": "Leftovers", "teraType": "Poison", "role": "Bulky Support", "bvs": {"hp": 95, "atk": 65, "def": 110, "spa": 60, "spd": 130, "spe": 65}, "stats": {"hp": 297, "atk": 114, "def": 233, "spa": 149, "spd": 267, "spe": 157}, "types": ["Dark"]}}]}