{"id": "gen9randombattle-2631877181", "format": "[Gen 9] Random Battle", "players": ["Kieskauer", "azztheddicaff"], "log": "|j|\u2606Kieskauer\n|j|\u2606azztheddicaff\n|t:|1781451049\n|gametype|singles\n|player|p1|Kieskauer|265|2039\n|player|p2|azztheddicaff|265|2074\n|gen|9\n|tier|[Gen 9] Random Battle\n|rated|\n|rule|Species Clause: Limit one of each Pok\u00e9mon\n|rule|HP Percentage Mod: HP is shown in percentages\n|rule|Sleep Clause Mod: Limit one foe put to sleep\n|rule|Illusion Level Mod: Illusion disguises the Pok\u00e9mon's true level\n|\n|t:|1781451049\n|teamsize|p1|6\n|teamsize|p2|6\n|start\n|switch|p1a: Meloetta|Meloetta, L82|298/298\n|switch|p2a: Lugia|Lugia, L73|275/275\n|turn|1\n|inactive|Battle timer is ON: inactive players will automatically lose when time's up. (requested by azztheddicaff)\n|\n|t:|1781451071\n|switch|p2a: Bellibolt|Bellibolt, L84, F|320/320\n|move|p1a: Meloetta|Hyper Voice|p2a: Bellibolt\n|-damage|p2a: Bellibolt|196/320\n|-start|p2a: Bellibolt|Charge|Hyper Voice|[from] ability: Electromorphosis\n|\n|-heal|p2a: Bellibolt|216/320|[from] item: Leftovers\n|upkeep\n|turn|2\n|\n|t:|1781451081\n|move|p1a: Meloetta|Calm Mind|p1a: Meloetta\n|-boost|p1a: Meloetta|spa|1\n|-boost|p1a: Meloetta|spd|1\n|move|p2a: Bellibolt|Slack Off|p2a: Bellibolt\n|-heal|p2a: Bellibolt|320/320\n|\n|upkeep\n|turn|3\n|\n|t:|1781451091\n|move|p1a: Meloetta|Calm Mind|p1a: Meloetta\n|-boost|p1a: Meloetta|spa|1\n|-boost|p1a: Meloetta|spd|1\n|move|p2a: Bellibolt|Toxic|p1a: Meloetta|[miss]\n|-miss|p2a: Bellibolt|p1a: Meloetta\n|\n|upkeep\n|turn|4\n|\n|t:|1781451097\n|move|p1a: Meloetta|Psyshock|p2a: Bellibolt\n|-damage|p2a: Bellibolt|121/320\n|-start|p2a: Bellibolt|Charge|Psyshock|[from] ability: Electromorphosis\n|move|p2a: Bellibolt|Toxic|p1a: Meloetta\n|-status|p1a: Meloetta|tox\n|\n|-heal|p2a: Bellibolt|141/320|[from] item: Leftovers\n|-damage|p1a: Meloetta|280/298 tox|[from] psn\n|upkeep\n|turn|5\n|\n|t:|1781451101\n|switch|p2a: Lugia|Lugia, L73|275/275\n|move|p1a: Meloetta|Hyper Voice|p2a: Lugia\n|-damage|p2a: Lugia|197/275\n|\n|-heal|p1a: Meloetta|298/298 tox|[from] item: Leftovers\n|-damage|p1a: Meloetta|262/298 tox|[from] psn\n|upkeep\n|turn|6\n|\n|t:|1781451108\n|move|p2a: Lugia|Recover|p2a: Lugia\n|-heal|p2a: Lugia|275/275\n|move|p1a: Meloetta|Hyper Voice|p2a: Lugia\n|-damage|p2a: Lugia|195/275\n|\n|-heal|p1a: Meloetta|280/298 tox|[from] item: Leftovers\n|-damage|p1a: Meloetta|226/298 tox|[from] psn\n|upkeep\n|turn|7\n|\n|t:|1781451118\n|switch|p1a: Zekrom|Zekrom, L71|259/259\n|-ability|p1a: Zekrom|Teravolt\n|move|p2a: Lugia|Calm Mind|p2a: Lugia\n|-boost|p2a: Lugia|spa|1\n|-boost|p2a: Lugia|spd|1\n|\n|upkeep\n|turn|8\n|\n|t:|1781451128\n|move|p2a: Lugia|Earth Power|p1a: Zekrom\n|-supereffective|p1a: Zekrom\n|-damage|p1a: Zekrom|101/259\n|move|p1a: Zekrom|Dragon Dance|p1a: Zekrom\n|-boost|p1a: Zekrom|atk|1\n|-boost|p1a: Zekrom|spe|1\n|\n|-heal|p1a: Zekrom|117/259|[from] item: Leftovers\n|upkeep\n|turn|9\n|\n|t:|1781451138\n|switch|p2a: Avalugg|Avalugg-Hisui, L90, M|317/317\n|move|p1a: Zekrom|Bolt Strike|p2a: Avalugg\n|-damage|p2a: Avalugg|202/317\n|\n|-heal|p1a: Zekrom|133/259|[from] item: Leftovers\n|upkeep\n|turn|10\n|\n|t:|1781451151\n|switch|p1a: Meloetta|Meloetta, L82|226/298 tox\n|move|p2a: Avalugg|Avalanche|p1a: Meloetta\n|-damage|p1a: Meloetta|127/298 tox\n|\n|-heal|p1a: Meloetta|145/298 tox|[from] item: Leftovers\n|-damage|p1a: Meloetta|127/298 tox|[from] psn\n|upkeep\n|turn|11\n|\n|t:|1781451155\n|switch|p2a: Lugia|Lugia, L73|195/275\n|move|p1a: Meloetta|Focus Blast|p2a: Lugia\n|-resisted|p2a: Lugia\n|-crit|p2a: Lugia\n|-damage|p2a: Lugia|166/275\n|-unboost|p2a: Lugia|spd|1\n|\n|-heal|p1a: Meloetta|145/298 tox|[from] item: Leftovers\n|-damage|p1a: Meloetta|109/298 tox|[from] psn\n|upkeep\n|turn|12\n|\n|t:|1781451164\n|switch|p1a: Zekrom|Zekrom, L71|133/259\n|-ability|p1a: Zekrom|Teravolt\n|move|p2a: Lugia|Recover|p2a: Lugia\n|-heal|p2a: Lugia|275/275\n|\n|-heal|p1a: Zekrom|149/259|[from] item: Leftovers\n|upkeep\n|turn|13\n|\n|t:|1781451169\n|move|p2a: Lugia|Earth Power|p1a: Zekrom\n|-supereffective|p1a: Zekrom\n|-damage|p1a: Zekrom|41/259\n|-unboost|p1a: Zekrom|spd|1\n|move|p1a: Zekrom|Dragon Dance|p1a: Zekrom\n|-boost|p1a: Zekrom|atk|1\n|-boost|p1a: Zekrom|spe|1\n|\n|-heal|p1a: Zekrom|57/259|[from] item: Leftovers\n|upkeep\n|turn|14\n|\n|t:|1781451176\n|switch|p2a: Hitmontop|Hitmontop, L88, M|231/231\n|-ability|p2a: Hitmontop|Intimidate|boost\n|-unboost|p1a: Zekrom|atk|1\n|move|p1a: Zekrom|Bolt Strike|p2a: Hitmontop|[miss]\n|-miss|p1a: Zekrom|p2a: Hitmontop\n|\n|-heal|p1a: Zekrom|73/259|[from] item: Leftovers\n|upkeep\n|turn|15\n|\n|t:|1781451189\n|switch|p1a: Meloetta|Meloetta, L82|109/298 tox\n|move|p2a: Hitmontop|Earthquake|p1a: Meloetta\n|-damage|p1a: Meloetta|0 fnt\n|faint|p1a: Meloetta\n|\n|upkeep\n|\n|t:|1781451207\n|switch|p1a: Porygon2|Porygon2, L81|270/270\n|-ability|p1a: Porygon2|Download|boost\n|-boost|p1a: Porygon2|atk|1\n|turn|16\n|\n|t:|1781451226\n|switch|p2a: Lugia|Lugia, L73|275/275\n|move|p1a: Porygon2|Tri Attack|p2a: Lugia\n|-damage|p2a: Lugia|245/275\n|\n|upkeep\n|turn|17\n|\n|t:|1781451233\n|move|p2a: Lugia|Calm Mind|p2a: Lugia\n|-boost|p2a: Lugia|spa|1\n|-boost|p2a: Lugia|spd|1\n|move|p1a: Porygon2|Discharge|p2a: Lugia\n|-supereffective|p2a: Lugia\n|-damage|p2a: Lugia|187/275\n|\n|upkeep\n|turn|18\n|\n|t:|1781451237\n|move|p2a: Lugia|Aeroblast|p1a: Porygon2\n|-damage|p1a: Porygon2|200/270\n|move|p1a: Porygon2|Discharge|p2a: Lugia\n|-supereffective|p2a: Lugia\n|-damage|p2a: Lugia|127/275\n|-status|p2a: Lugia|par\n|\n|upkeep\n|turn|19\n|\n|t:|1781451243\n|switch|p1a: Zekrom|Zekrom, L71|73/259\n|-ability|p1a: Zekrom|Teravolt\n|move|p2a: Lugia|Recover|p2a: Lugia\n|-heal|p2a: Lugia|265/275 par\n|\n|-heal|p1a: Zekrom|89/259|[from] item: Leftovers\n|upkeep\n|turn|20\n|\n|t:|1781451251\n|move|p1a: Zekrom|Substitute|p1a: Zekrom\n|-start|p1a: Zekrom|Substitute\n|-damage|p1a: Zekrom|25/259\n|move|p2a: Lugia|Earth Power|p1a: Zekrom\n|-supereffective|p1a: Zekrom\n|-end|p1a: Zekrom|Substitute\n|\n|-heal|p1a: Zekrom|41/259|[from] item: Leftovers\n|upkeep\n|turn|21\n|\n|t:|1781451257\n|move|p1a: Zekrom|Bolt Strike|p2a: Lugia|[miss]\n|-miss|p1a: Zekrom|p2a: Lugia\n|cant|p2a: Lugia|par\n|\n|-heal|p1a: Zekrom|57/259|[from] item: Leftovers\n|upkeep\n|turn|22\n|\n|t:|1781451264\n|move|p1a: Zekrom|Bolt Strike|p2a: Lugia\n|-supereffective|p2a: Lugia\n|-damage|p2a: Lugia|43/275 par\n|move|p2a: Lugia|Earth Power|p1a: Zekrom\n|-supereffective|p1a: Zekrom\n|-damage|p1a: Zekrom|0 fnt\n|faint|p1a: Zekrom\n|\n|upkeep\n|c|\u2606Kieskauer|!dt lugia\n|c|\u2606Kieskauer|/raw <div class=\"message\"><ul class=\"utilichart\"><li class=\"result\"><span class=\"col numcol\">Uber</span> <span class=\"col iconcol\"><psicon pokemon=\"lugia\"/></span> <span class=\"col pokemonnamecol\" style=\"white-space:nowrap\"><a href=\"https://dex.pokemonshowdown.com/pokemon/lugia\" target=\"_blank\">Lugia</a></span> <span class=\"col typecol\"><img src=\"https://play.pokemonshowdown.com/sprites/types/Psychic.png\" alt=\"Psychic\" height=\"14\" width=\"32\"><img src=\"https://play.pokemonshowdown.com/sprites/types/Flying.png\" alt=\"Flying\" height=\"14\" width=\"32\"></span> <span style=\"float:left;min-height:26px\"><span class=\"col abilitycol\">Pressure</span><span class=\"col abilitycol\"><em>Multiscale</em></span></span><span style=\"float:left;min-height:26px\"><span class=\"col statcol\"><em>HP</em><br />106</span> <span class=\"col statcol\"><em>Atk</em><br />90</span> <span class=\"col statcol\"><em>Def</em><br />130</span> <span class=\"col statcol\"><em>SpA</em><br />90</span> <span class=\"col statcol\"><em>SpD</em><br />154</span> <span class=\"col statcol\"><em>Spe</em><br />110</span> <span class=\"col bstcol\"><em>BST<br />680</em></span> </span></li><li style=\"clear:both\"></li></ul></div>\n|c|\u2606Kieskauer|/raw <font size=\"1\"><font color=\"#686868\">Dex#:</font> 249&nbsp;|&ThickSpace;<font color=\"#686868\">Gen:</font> 2&nbsp;|&ThickSpace;<font color=\"#686868\">Height:</font> 5.2 m&nbsp;|&ThickSpace;<font color=\"#686868\">Weight:</font> 216 kg <em>(120 BP)</em>&nbsp;|&ThickSpace;<font color=\"#686868\">Dex Colour:</font> White&nbsp;|&ThickSpace;<font color=\"#686868\">Egg Group(s):</font> Undiscovered&nbsp;|&ThickSpace;<font color=\"#686868\">Does Not Evolve</font></font>\n\n|inactive|Kieskauer has 120 seconds left.\n|\n|t:|1781451294\n|switch|p1a: Arceus|Arceus-Electric, L70|284/284\n|turn|23\n|\n|t:|1781451301\n|move|p1a: Arceus|Judgment|p2a: Lugia\n|-supereffective|p2a: Lugia\n|-damage|p2a: Lugia|0 fnt\n|faint|p2a: Lugia\n|\n|upkeep\n|\n|t:|1781451305\n|switch|p2a: Bellibolt|Bellibolt, L84, F|141/320\n|turn|24\n|\n|t:|1781451311\n|switch|p1a: Dragalge|Dragalge, L88, M|258/258\n|move|p2a: Bellibolt|Slack Off|p2a: Bellibolt\n|-heal|p2a: Bellibolt|301/320\n|\n|-heal|p2a: Bellibolt|320/320|[from] item: Leftovers\n|upkeep\n|turn|25\n|\n|t:|1781451316\n|switch|p2a: Hypno|Hypno, L95, F|315/315\n|move|p1a: Dragalge|Dragon Tail|p2a: Hypno\n|-damage|p2a: Hypno|235/315\n|drag|p2a: Bellibolt|Bellibolt, L84, F|320/320\n|\n|upkeep\n|turn|26\n|\n|t:|1781451324\n|switch|p2a: Hypno|Hypno, L95, F|235/315\n|move|p1a: Dragalge|Dragon Tail|p2a: Hypno|[miss]\n|-miss|p1a: Dragalge|p2a: Hypno\n|\n|-heal|p2a: Hypno|254/315|[from] item: Leftovers\n|upkeep\n|turn|27\n|\n|t:|1781451335\n|switch|p1a: Arceus|Arceus-Electric, L70|284/284\n|move|p2a: Hypno|Psychic Noise|p1a: Arceus\n|-damage|p1a: Arceus|209/284\n|-start|p1a: Arceus|move: Heal Block\n|\n|-heal|p2a: Hypno|273/315|[from] item: Leftovers\n|upkeep\n|turn|28\n|\n|t:|1781451340\n|move|p1a: Arceus|Ice Beam|p2a: Hypno\n|-damage|p2a: Hypno|236/315\n|-status|p2a: Hypno|frz\n|-curestatus|p2a: Hypno|frz|[msg]\n|move|p2a: Hypno|Psychic Noise|p1a: Arceus\n|-damage|p1a: Arceus|133/284\n|\n|-heal|p2a: Hypno|255/315|[from] item: Leftovers\n|-end|p1a: Arceus|move: Heal Block\n|upkeep\n|turn|29\n|\n|t:|1781451345\n|move|p1a: Arceus|Judgment|p2a: Hypno\n|-damage|p2a: Hypno|183/315\n|move|p2a: Hypno|Toxic|p1a: Arceus\n|-status|p1a: Arceus|tox\n|\n|-heal|p2a: Hypno|202/315|[from] item: Leftovers\n|-damage|p1a: Arceus|116/284 tox|[from] psn\n|upkeep\n|turn|30\n|\n|t:|1781451351\n|move|p1a: Arceus|Recover|p1a: Arceus\n|-heal|p1a: Arceus|258/284 tox\n|move|p2a: Hypno|Psychic Noise|p1a: Arceus\n|-damage|p1a: Arceus|183/284 tox\n|-start|p1a: Arceus|move: Heal Block\n|\n|-heal|p2a: Hypno|221/315|[from] item: Leftovers\n|-damage|p1a: Arceus|149/284 tox|[from] psn\n|upkeep\n|turn|31\n|\n|t:|1781451355\n|move|p2a: Hypno|Protect|p2a: Hypno\n|-singleturn|p2a: Hypno|Protect\n|move|p1a: Arceus|Judgment|p2a: Hypno\n|-activate|p2a: Hypno|move: Protect\n|\n|-heal|p2a: Hypno|240/315|[from] item: Leftovers\n|-damage|p1a: Arceus|98/284 tox|[from] psn\n|-end|p1a: Arceus|move: Heal Block\n|upkeep\n|turn|32\n|\n|t:|1781451360\n|move|p1a: Arceus|Judgment|p2a: Hypno\n|-damage|p2a: Hypno|165/315\n|move|p2a: Hypno|Psychic Noise|p1a: Arceus\n|-damage|p1a: Arceus|22/284 tox\n|-start|p1a: Arceus|move: Heal Block\n|\n|-heal|p2a: Hypno|184/315|[from] item: Leftovers\n|-damage|p1a: Arceus|0 fnt|[from] psn\n|faint|p1a: Arceus\n|upkeep\n|\n|t:|1781451382\n|switch|p1a: Dragalge|Dragalge, L88, M|258/258\n|turn|33\n|\n|t:|1781451386\n|move|p2a: Hypno|Protect|p2a: Hypno\n|-singleturn|p2a: Hypno|Protect\n|move|p1a: Dragalge|Dragon Tail|p2a: Hypno\n|-activate|p2a: Hypno|move: Protect\n|\n|-heal|p2a: Hypno|203/315|[from] item: Leftovers\n|upkeep\n|turn|34\n|\n|t:|1781451390\n|move|p2a: Hypno|Psychic Noise|p1a: Dragalge\n|-supereffective|p1a: Dragalge\n|-damage|p1a: Dragalge|180/258\n|-start|p1a: Dragalge|move: Heal Block\n|move|p1a: Dragalge|Dragon Tail|p2a: Hypno\n|-damage|p2a: Hypno|115/315\n|drag|p2a: Hitmontop|Hitmontop, L88, M|231/231\n|-ability|p2a: Hitmontop|Intimidate|boost\n|-unboost|p1a: Dragalge|atk|1\n|\n|upkeep\n|turn|35\n|\n|t:|1781451398\n|move|p2a: Hitmontop|Earthquake|p1a: Dragalge\n|-supereffective|p1a: Dragalge\n|-damage|p1a: Dragalge|0 fnt\n|faint|p1a: Dragalge\n|\n|upkeep\n|\n|t:|1781451402\n|switch|p1a: Bellossom|Bellossom, L84, F|263/263\n|turn|36\n|\n|t:|1781451415\n|switch|p2a: Bellibolt|Bellibolt, L84, F|320/320\n|switch|p1a: Porygon2|Porygon2, L81|200/270\n|-ability|p1a: Porygon2|Download|boost\n|-boost|p1a: Porygon2|spa|1\n|\n|upkeep\n|turn|37\n|\n|t:|1781451422\n|-terastallize|p1a: Porygon2|Poison\n|move|p1a: Porygon2|Tri Attack|p2a: Bellibolt\n|-damage|p2a: Bellibolt|187/320\n|-start|p2a: Bellibolt|Charge|Tri Attack|[from] ability: Electromorphosis\n|move|p2a: Bellibolt|Toxic|p1a: Porygon2\n|-immune|p1a: Porygon2\n|\n|-heal|p2a: Bellibolt|207/320|[from] item: Leftovers\n|upkeep\n|turn|38\n|\n|t:|1781451431\n|move|p1a: Porygon2|Tri Attack|p2a: Bellibolt\n|-damage|p2a: Bellibolt|74/320\n|-status|p2a: Bellibolt|frz\n|-start|p2a: Bellibolt|Charge|Tri Attack|[from] ability: Electromorphosis\n|cant|p2a: Bellibolt|frz\n|\n|-heal|p2a: Bellibolt|94/320 frz|[from] item: Leftovers\n|upkeep\n|turn|39\n|\n|t:|1781451438\n|move|p1a: Porygon2|Tri Attack|p2a: Bellibolt\n|-damage|p2a: Bellibolt|0 fnt\n|faint|p2a: Bellibolt\n|\n|upkeep\n|\n|t:|1781451443\n|switch|p2a: Hypno|Hypno, L95, F|115/315\n|turn|40\n|\n|t:|1781451446\n|move|p2a: Hypno|Psychic Noise|p1a: Porygon2\n|-supereffective|p1a: Porygon2\n|-damage|p1a: Porygon2|90/270\n|-start|p1a: Porygon2|move: Heal Block\n|move|p1a: Porygon2|Tri Attack|p2a: Hypno\n|-damage|p2a: Hypno|31/315\n|\n|-heal|p2a: Hypno|50/315|[from] item: Leftovers\n|upkeep\n|turn|41\n|\n|t:|1781451465\n|move|p2a: Hypno|Focus Blast|p1a: Porygon2\n|-resisted|p1a: Porygon2\n|-damage|p1a: Porygon2|60/270\n|move|p1a: Porygon2|Tri Attack|p2a: Hypno\n|-damage|p2a: Hypno|0 fnt\n|faint|p2a: Hypno\n|\n|-end|p1a: Porygon2|move: Heal Block\n|upkeep\n|\n|t:|1781451468\n|switch|p2a: Dodrio|Dodrio, L85, F|241/241\n|turn|42\n|\n|t:|1781451477\n|move|p2a: Dodrio|Brave Bird|p1a: Porygon2\n|-damage|p1a: Porygon2|0 fnt\n|faint|p1a: Porygon2\n|-damage|p2a: Dodrio|221/241|[from] Recoil\n|\n|upkeep\n|\n|t:|1781451479\n|switch|p1a: Bellossom|Bellossom, L84, F|263/263\n|turn|43\n|\n|t:|1781451482\n|-terastallize|p2a: Dodrio|Flying\n|move|p2a: Dodrio|Brave Bird|p1a: Bellossom\n|-supereffective|p1a: Bellossom\n|-damage|p1a: Bellossom|0 fnt\n|faint|p1a: Bellossom\n|-damage|p2a: Dodrio|134/241|[from] Recoil\n|\n|win|azztheddicaff\n", "inputlog": ">version a8376a258c1d4662feba110a92103f3664a72141\n>start {\"formatid\":\"gen9randombattle\",\"seed\":\"sodium,18e1408c62620038f1da82268012066f\",\"rated\":\"Rated battle\"}\n>player p1 {\"name\":\"Kieskauer\",\"avatar\":\"265\",\"rating\":2039,\"seed\":\"sodium,32e2999a645fe365e519081385cec54d\"}\n>player p2 {\"name\":\"azztheddicaff\",\"avatar\":\"265\",\"rating\":2074,\"seed\":\"sodium,c01fef700fecac6db9e27d149697cf88\"}\n>p1 move hypervoice\n>p2 switch 6\n>p1 move calmmind\n>p2 move slackoff\n>p1 move calmmind\n>p2 move toxic\n>p1 move psyshock\n>p2 move toxic\n>p1 move hypervoice\n>p2 switch 6\n>p1 move hypervoice\n>p2 move recover\n>p1 switch 3\n>p2 move calmmind\n>p1 move dragondance\n>p2 move earthpower\n>p1 move boltstrike\n>p2 switch 4\n>p1 switch 3\n>p2 move avalanche\n>p1 move focusblast\n>p2 switch 4\n>p1 switch 3\n>p2 move recover\n>p1 move dragondance\n>p2 move earthpower\n>p1 move boltstrike\n>p2 switch 5\n>p1 switch 3\n>p2 move earthquake\n>p1 switch 5\n>p1 move triattack\n>p2 switch 5\n>p1 move discharge\n>p2 move calmmind\n>p1 move discharge\n>p2 move aeroblast\n>p1 switch 3\n>p2 move recover\n>p1 move substitute\n>p2 move earthpower\n>p1 move boltstrike\n>p2 move earthpower\n>p1 move boltstrike\n>p2 move earthpower\n>chat \u2606Kieskauer|!dt lugia\n>p1 switch 2\n>p1 move judgment\n>p2 move earthpower\n>p2 switch 6\n>p1 switch 6\n>p2 move slackoff\n>p1 move dragontail\n>p2 switch 2\n>p1 move dragontail\n>p2 switch 2\n>p1 switch 6\n>p2 move psychicnoise\n>p1 move icebeam\n>p2 move psychicnoise\n>p1 move judgment\n>p2 move toxic\n>p1 move recover\n>p2 move psychicnoise\n>p1 move judgment\n>p2 move protect\n>p1 move judgment\n>p2 move psychicnoise\n>p1 switch 6\n>p1 move dragontail\n>p2 move protect\n>p1 move dragontail\n>p2 move psychicnoise\n>p1 move sludgewave\n>p2 move earthquake\n>p1 switch 4\n>p1 switch 3\n>p2 switch 2\n>p1 move triattack terastallize\n>p2 move toxic\n>p1 move triattack\n>p2 move slackoff\n>p1 move triattack\n>p2 move slackoff\n>p2 switch 5\n>p1 move triattack\n>p2 move psychicnoise\n>p1 move triattack\n>p2 move focusblast\n>p2 switch 3\n>p1 move triattack\n>p2 move bravebird\n>p1 switch 3\n>p1 move strengthsap\n>p2 move bravebird terastallize", "uploadtime": 1781451052, "views": 8, "formatid": "gen9randombattle", "rating": null, "private": 0, "password": null, "player_dets": [{"name": "Kieskauer", "avatar": "265", "rating": 2039, "seed": "sodium,32e2999a645fe365e519081385cec54d"}, {"name": "azztheddicaff", "avatar": "265", "rating": 2074, "seed": "sodium,c01fef700fecac6db9e27d149697cf88"}], "teams_full": [{"Meloetta": {"name": "Meloetta", "species": "Meloetta", "speciesId": "meloetta", "gender": "N", "shiny": false, "level": 82, "moves": ["calmmind", "psyshock", "hypervoice", "focusblast"], "ability": "Serene Grace", "evs": {"hp": 85, "atk": 0, "def": 85, "spa": 85, "spd": 85, "spe": 85}, "ivs": {"hp": 31, "atk": 0, "def": 31, "spa": 31, "spd": 31, "spe": 31}, "item": "Leftovers", "teraType": "Fighting", "role": "Bulky Attacker", "bvs": {"hp": 100, "atk": 77, "def": 77, "spa": 128, "spd": 128, "spe": 90}, "stats": {"hp": 298, "atk": 131, "def": 173, "spa": 257, "spd": 257, "spe": 195}, "types": ["Normal", "Psychic"]}, "Arceus": {"name": "Arceus", "species": "Arceus-Electric", "speciesId": "arceuselectric", "gender": "N", "shiny": false, "level": 70, "moves": ["judgment", "recover", "icebeam", "calmmind"], "ability": "Multitype", "evs": {"hp": 85, "atk": 0, "def": 85, "spa": 85, "spd": 85, "spe": 85}, "ivs": {"hp": 31, "atk": 0, "def": 31, "spa": 31, "spd": 31, "spe": 31}, "item": "Zap Plate", "teraType": "Ice", "role": "Bulky Setup", "bvs": {"hp": 120, "atk": 120, "def": 120, "spa": 120, "spd": 120, "spe": 120}, "stats": {"hp": 284, "atk": 173, "def": 209, "spa": 209, "spd": 209, "spe": 209}, "types": ["Electric"]}, "Zekrom": {"name": "Zekrom", "species": "Zekrom", "speciesId": "zekrom", "gender": "N", "shiny": false, "level": 71, "moves": ["boltstrike", "dragondance", "outrage", "substitute"], "ability": "Teravolt", "evs": {"hp": 85, "atk": 85, "def": 85, "spa": 85, "spd": 85, "spe": 85}, "ivs": {"hp": 31, "atk": 31, "def": 31, "spa": 31, "spd": 31, "spe": 31}, "item": "Leftovers", "teraType": "Electric", "role": "Setup Sweeper", "bvs": {"hp": 100, "atk": 150, "def": 120, "spa": 120, "spd": 100, "spe": 90}, "stats": {"hp": 259, "atk": 254, "def": 212, "spa": 212, "spd": 183, "spe": 169}, "types": ["Dragon", "Electric"]}, "Bellossom": {"name": "Bellossom", "species": "Bellossom", "speciesId": "bellossom", "gender": "F", "shiny": false, "level": 84, "moves": ["gigadrain", "terablast", "strengthsap", "quiverdance"], "ability": "Chlorophyll", "evs": {"hp": 85, "atk": 0, "def": 85, "spa": 85, "spd": 85, "spe": 85}, "ivs": {"hp": 31, "atk": 0, "def": 31, "spa": 31, "spd": 31, "spe": 31}, "item": "Leftovers", "teraType": "Fire", "role": "Tera Blast user", "bvs": {"hp": 75, "atk": 80, "def": 95, "spa": 90, "spd": 100, "spe": 50}, "stats": {"hp": 263, "atk": 139, "def": 208, "spa": 199, "spd": 216, "spe": 132}, "types": ["Grass"]}, "Porygon2": {"name": "Porygon2", "species": "Porygon2", "speciesId": "porygon2", "gender": "N", "shiny": false, "level": 81, "moves": ["icebeam", "triattack", "discharge", "recover"], "ability": "Download", "evs": {"hp": 85, "atk": 0, "def": 85, "spa": 85, "spd": 85, "spe": 85}, "ivs": {"hp": 31, "atk": 0, "def": 31, "spa": 31, "spd": 31, "spe": 31}, "item": "Eviolite", "teraType": "Poison", "role": "Bulky Support", "bvs": {"hp": 85, "atk": 80, "def": 90, "spa": 105, "spd": 95, "spe": 60}, "stats": {"hp": 270, "atk": 134, "def": 192, "spa": 217, "spd": 201, "spe": 144}, "types": ["Normal"]}, "Dragalge": {"name": "Dragalge", "species": "Dragalge", "speciesId": "dragalge", "gender": "M", "shiny": false, "level": 88, "moves": ["dragontail", "dracometeor", "focusblast", "sludgewave"], "ability": "Adaptability", "evs": {"hp": 85, "atk": 85, "def": 85, "spa": 85, "spd": 85, "spe": 85}, "ivs": {"hp": 31, "atk": 31, "def": 31, "spa": 31, "spd": 31, "spe": 31}, "item": "Assault Vest", "teraType": "Fighting", "role": "Bulky Attacker", "bvs": {"hp": 65, "atk": 75, "def": 90, "spa": 97, "spd": 123, "spe": 44}, "stats": {"hp": 258, "atk": 182, "def": 209, "spa": 221, "spd": 267, "spe": 128}, "types": ["Poison", "Dragon"]}}, {"Lugia": {"name": "Lugia", "species": "Lugia", "speciesId": "lugia", "gender": "N", "shiny": false, "level": 73, "moves": ["recover", "aeroblast", "calmmind", "earthpower"], "ability": "Multiscale", "evs": {"hp": 85, "atk": 0, "def": 85, "spa": 85, "spd": 85, "spe": 85}, "ivs": {"hp": 31, "atk": 0, "def": 31, "spa": 31, "spd": 31, "spe": 31}, "item": "Heavy-Duty Boots", "teraType": "Steel", "role": "Bulky Setup", "bvs": {"hp": 106, "atk": 90, "def": 130, "spa": 90, "spd": 154, "spe": 110}, "stats": {"hp": 275, "atk": 136, "def": 232, "spa": 174, "spd": 267, "spe": 203}, "types": ["Psychic", "Flying"]}, "Hypno": {"name": "Hypno", "species": "Hypno", "speciesId": "hypno", "gender": "F", "shiny": false, "level": 95, "moves": ["protect", "psychicnoise", "toxic", "focusblast"], "ability": "Insomnia", "evs": {"hp": 85, "atk": 0, "def": 85, "spa": 85, "spd": 85, "spe": 85}, "ivs": {"hp": 31, "atk": 0, "def": 31, "spa": 31, "spd": 31, "spe": 31}, "item": "Leftovers", "teraType": "Dark", "role": "Bulky Attacker", "bvs": {"hp": 85, "atk": 73, "def": 70, "spa": 73, "spd": 115, "spe": 67}, "stats": {"hp": 315, "atk": 143, "def": 187, "spa": 193, "spd": 272, "spe": 181}, "types": ["Psychic"]}, "Dodrio": {"name": "Dodrio", "species": "Dodrio", "speciesId": "dodrio", "gender": "F", "shiny": false, "level": 85, "moves": ["knockoff", "doubleedge", "bravebird", "quickattack"], "ability": "Early Bird", "evs": {"hp": 85, "atk": 85, "def": 85, "spa": 85, "spd": 85, "spe": 85}, "ivs": {"hp": 31, "atk": 31, "def": 31, "spa": 31, "spd": 31, "spe": 31}, "item": "Choice Band", "teraType": "Flying", "role": "Fast Attacker", "bvs": {"hp": 60, "atk": 110, "def": 70, "spa": 60, "spd": 60, "spe": 110}, "stats": {"hp": 241, "atk": 236, "def": 168, "spa": 151, "spd": 151, "spe": 236}, "types": ["Normal", "Flying"]}, "Avalugg": {"name": "Avalugg", "species": "Avalugg-Hisui", "speciesId": "avalugghisui", "gender": "M", "shiny": false, "level": 90, "moves": ["rapidspin", "avalanche", "stoneedge", "recover"], "ability": "Sturdy", "evs": {"hp": 85, "atk": 85, "def": 85, "spa": 85, "spd": 85, "spe": 85}, "ivs": {"hp": 31, "atk": 31, "def": 31, "spa": 31, "spd": 31, "spe": 31}, "item": "Heavy-Duty Boots", "teraType": "Flying", "role": "Bulky Attacker", "bvs": {"hp": 95, "atk": 127, "def": 184, "spa": 34, "spd": 36, "spe": 38}, "stats": {"hp": 317, "atk": 280, "def": 383, "spa": 113, "spd": 116, "spe": 120}, "types": ["Ice", "Rock"]}, "Hitmontop": {"name": "Hitmontop", "species": "Hitmontop", "speciesId": "hitmontop", "gender": "M", "shiny": false, "level": 88, "moves": ["suckerpunch", "earthquake", "closecombat", "stoneedge"], "ability": "Intimidate", "evs": {"hp": 85, "atk": 85, "def": 85, "spa": 85, "spd": 85, "spe": 85}, "ivs": {"hp": 31, "atk": 31, "def": 31, "spa": 31, "spd": 31, "spe": 31}, "item": "Choice Band", "teraType": "Steel", "role": "Bulky Support", "bvs": {"hp": 50, "atk": 95, "def": 95, "spa": 35, "spd": 110, "spe": 70}, "stats": {"hp": 231, "atk": 217, "def": 217, "spa": 112, "spd": 244, "spe": 173}, "types": ["Fighting"]}, "Bellibolt": {"name": "Bellibolt", "species": "Bellibolt", "speciesId": "bellibolt", "gender": "F", "shiny": false, "level": 84, "moves": ["muddywater", "thunderbolt", "toxic", "slackoff"], "ability": "Electromorphosis", "evs": {"hp": 85, "atk": 0, "def": 85, "spa": 85, "spd": 85, "spe": 85}, "ivs": {"hp": 31, "atk": 0, "def": 31, "spa": 31, "spd": 31, "spe": 31}, "item": "Leftovers", "teraType": "Electric", "role": "Bulky Attacker", "bvs": {"hp": 109, "atk": 64, "def": 91, "spa": 103, "spd": 83, "spe": 45}, "stats": {"hp": 320, "atk": 112, "def": 201, "spa": 221, "spd": 188, "spe": 124}, "types": ["Electric"]}}]}