{"id": "gen9randombattle-2631565186", "format": "[Gen 9] Random Battle", "players": ["95bin", "Elite 4 Waally"], "log": "|j|\u260695bin\n|j|\u2606Elite 4 Waally\n|t:|1781402072\n|gametype|singles\n|player|p1|95bin|265|1897\n|player|p2|Elite 4 Waally|wally|1909\n|gen|9\n|tier|[Gen 9] Random Battle\n|rated|\n|rule|Species Clause: Limit one of each Pok\u00e9mon\n|rule|HP Percentage Mod: HP is shown in percentages\n|rule|Sleep Clause Mod: Limit one foe put to sleep\n|rule|Illusion Level Mod: Illusion disguises the Pok\u00e9mon's true level\n|\n|t:|1781402072\n|teamsize|p1|6\n|teamsize|p2|6\n|start\n|switch|p1a: Clodsire|Clodsire, L81, F|343/343\n|switch|p2a: Incineroar|Incineroar, L82, F|290/290\n|-ability|p2a: Incineroar|Intimidate|boost\n|-unboost|p1a: Clodsire|atk|1\n|turn|1\n|\n|t:|1781402095\n|move|p2a: Incineroar|Knock Off|p1a: Clodsire\n|-damage|p1a: Clodsire|198/343\n|-enditem|p1a: Clodsire|Leftovers|[from] move: Knock Off|[of] p2a: Incineroar\n|move|p1a: Clodsire|Spikes|p2a: Incineroar\n|-sidestart|p2: Elite 4 Waally|Spikes\n|\n|upkeep\n|turn|2\n|\n|t:|1781402102\n|move|p2a: Incineroar|Swords Dance|p2a: Incineroar\n|-boost|p2a: Incineroar|atk|2\n|move|p1a: Clodsire|Recover|p1a: Clodsire\n|-heal|p1a: Clodsire|343/343\n|\n|upkeep\n|turn|3\n|\n|t:|1781402120\n|move|p2a: Incineroar|Trailblaze|p1a: Clodsire\n|-damage|p1a: Clodsire|234/343\n|-boost|p2a: Incineroar|spe|1\n|move|p1a: Clodsire|Earthquake|p2a: Incineroar\n|-supereffective|p2a: Incineroar\n|-damage|p2a: Incineroar|174/290\n|\n|upkeep\n|turn|4\n|\n|t:|1781402128\n|-terastallize|p2a: Incineroar|Grass\n|move|p2a: Incineroar|Swords Dance|p2a: Incineroar\n|-boost|p2a: Incineroar|atk|2\n|move|p1a: Clodsire|Earthquake|p2a: Incineroar\n|-resisted|p2a: Incineroar\n|-damage|p2a: Incineroar|146/290\n|\n|upkeep\n|turn|5\n|\n|t:|1781402136\n|move|p2a: Incineroar|Trailblaze|p1a: Clodsire\n|-damage|p1a: Clodsire|0 fnt\n|-boost|p2a: Incineroar|spe|1\n|faint|p1a: Clodsire\n|\n|upkeep\n|inactive|Battle timer is ON: inactive players will automatically lose when time's up. (requested by Elite 4 Waally)\n|\n|t:|1781402148\n|switch|p1a: Zamazenta|Zamazenta, L71|248/248\n|-ability|p1a: Zamazenta|Dauntless Shield|boost\n|-boost|p1a: Zamazenta|def|1\n|turn|6\n|\n|t:|1781402155\n|move|p2a: Incineroar|Flare Blitz|p1a: Zamazenta\n|-damage|p1a: Zamazenta|0 fnt\n|faint|p1a: Zamazenta\n|-damage|p2a: Incineroar|64/290|[from] Recoil\n|\n|upkeep\n|\n|t:|1781402177\n|switch|p1a: Roaring Moon|Roaring Moon, L72|270/270\n|turn|7\n|\n|t:|1781402182\n|move|p2a: Incineroar|Flare Blitz|p1a: Roaring Moon\n|-resisted|p1a: Roaring Moon\n|-damage|p1a: Roaring Moon|0 fnt\n|faint|p1a: Roaring Moon\n|-end|p1a: Roaring Moon|Protosynthesis|[silent]\n|-damage|p2a: Incineroar|0 fnt|[from] Recoil\n|faint|p2a: Incineroar\n|\n|upkeep\n|\n|t:|1781402192\n|switch|p1a: Dedenne|Dedenne, L88, M|261/261\n|switch|p2a: Lurantis|Lurantis, L87, F|264/264\n|-damage|p2a: Lurantis|231/264|[from] Spikes\n|turn|8\n|\n|t:|1781402211\n|move|p1a: Dedenne|Super Fang|p2a: Lurantis\n|-damage|p2a: Lurantis|116/264\n|move|p2a: Lurantis|Leaf Storm|p1a: Dedenne\n|-damage|p1a: Dedenne|116/261\n|-boost|p2a: Lurantis|spa|2\n|-enditem|p1a: Dedenne|Sitrus Berry|[eat]\n|-heal|p1a: Dedenne|181/261|[from] item: Sitrus Berry\n|-heal|p1a: Dedenne|261/261|[from] ability: Cheek Pouch\n|\n|upkeep\n|turn|9\n|inactive|95bin has 120 seconds left.\n|\n|t:|1781402238\n|move|p1a: Dedenne|Super Fang|p2a: Lurantis\n|-damage|p2a: Lurantis|58/264\n|move|p2a: Lurantis|Leaf Storm|p1a: Dedenne\n|-damage|p1a: Dedenne|0 fnt\n|-boost|p2a: Lurantis|spa|2\n|faint|p1a: Dedenne\n|\n|upkeep\n|\n|t:|1781402242\n|switch|p1a: Darkrai|Darkrai, L77|234/234\n|turn|10\n|\n|t:|1781402248\n|move|p1a: Darkrai|Sludge Bomb|p2a: Lurantis\n|-supereffective|p2a: Lurantis\n|-damage|p2a: Lurantis|0 fnt\n|faint|p2a: Lurantis\n|\n|upkeep\n|\n|t:|1781402275\n|switch|p2a: Noctowl|Noctowl, L95, F|344/344\n|turn|11\n|\n|t:|1781402286\n|move|p1a: Darkrai|Nasty Plot|p1a: Darkrai\n|-boost|p1a: Darkrai|spa|2\n|move|p2a: Noctowl|Calm Mind|p2a: Noctowl\n|-boost|p2a: Noctowl|spa|1\n|-boost|p2a: Noctowl|spd|1\n|\n|upkeep\n|turn|12\n|\n|t:|1781402302\n|move|p1a: Darkrai|Nasty Plot|p1a: Darkrai\n|-boost|p1a: Darkrai|spa|2\n|move|p2a: Noctowl|Hyper Voice|p1a: Darkrai\n|-damage|p1a: Darkrai|50/234\n|\n|-heal|p1a: Darkrai|64/234|[from] item: Leftovers\n|upkeep\n|turn|13\n|\n|t:|1781402306\n|move|p1a: Darkrai|Dark Pulse|p2a: Noctowl\n|-damage|p2a: Noctowl|199/344\n|cant|p2a: Noctowl|flinch\n|\n|-heal|p1a: Darkrai|78/234|[from] item: Leftovers\n|upkeep\n|turn|14\n|\n|t:|1781402316\n|move|p1a: Darkrai|Dark Pulse|p2a: Noctowl\n|-damage|p2a: Noctowl|58/344\n|move|p2a: Noctowl|Hyper Voice|p1a: Darkrai\n|-damage|p1a: Darkrai|0 fnt\n|faint|p1a: Darkrai\n|\n|upkeep\n|\n|t:|1781402319\n|switch|p1a: Quagsire|Quagsire, L84, F|297/297\n|turn|15\n|-message|95bin forfeited.\n|\n|win|Elite 4 Waally\n|raw|95bin's rating: 1897 &rarr; <strong>1878</strong><br />(-19 for losing)\n|raw|Elite 4 Waally's rating: 1909 &rarr; <strong>1928</strong><br />(+19 for winning)\n", "inputlog": ">version a8376a258c1d4662feba110a92103f3664a72141\n>start {\"formatid\":\"gen9randombattle\",\"seed\":\"sodium,56da5b4356a9e601a938f392a29c1ef7\",\"rated\":\"Rated battle\"}\n>player p1 {\"name\":\"95bin\",\"avatar\":\"265\",\"rating\":1897,\"seed\":\"sodium,835758bd6aaebf0985d13283084d7637\"}\n>player p2 {\"name\":\"Elite 4 Waally\",\"avatar\":\"wally\",\"rating\":1909,\"seed\":\"sodium,6aef0fee7f5d5460b5e533e6ae1145ae\"}\n>p1 move spikes\n>p2 move knockoff\n>p1 move recover\n>p2 move swordsdance\n>p1 move earthquake\n>p2 move trailblaze\n>p1 move earthquake\n>p2 move swordsdance terastallize\n>p1 move poisonjab\n>p2 move trailblaze\n>p1 switch 2\n>p1 move closecombat\n>p2 move flareblitz\n>p1 switch 5\n>p1 move uturn\n>p2 move flareblitz\n>p1 switch 4\n>p2 switch 4\n>p1 move superfang\n>p2 move leafstorm\n>p1 move superfang\n>p2 move leafstorm\n>p1 switch 6\n>p1 move sludgebomb\n>p2 move superpower\n>p2 switch 2\n>p1 move nastyplot\n>p2 move calmmind\n>p1 move nastyplot\n>p2 move hypervoice\n>p1 move darkpulse\n>p2 move hypervoice\n>p1 move darkpulse\n>p2 move hypervoice\n>p1 switch 3\n>forcelose p1", "uploadtime": 1781402323, "views": 5, "formatid": "gen9randombattle", "rating": 1878, "private": 0, "password": null, "player_dets": [{"name": "95bin", "avatar": "265", "rating": 1897, "seed": "sodium,835758bd6aaebf0985d13283084d7637"}, {"name": "Elite 4 Waally", "avatar": "wally", "rating": 1909, "seed": "sodium,6aef0fee7f5d5460b5e533e6ae1145ae"}], "teams_full": [{"Clodsire": {"name": "Clodsire", "species": "Clodsire", "speciesId": "clodsire", "gender": "F", "shiny": false, "level": 81, "moves": ["poisonjab", "earthquake", "spikes", "recover"], "ability": "Water Absorb", "evs": {"hp": 85, "atk": 85, "def": 85, "spa": 85, "spd": 85, "spe": 85}, "ivs": {"hp": 31, "atk": 31, "def": 31, "spa": 31, "spd": 31, "spe": 31}, "item": "Leftovers", "teraType": "Flying", "role": "Bulky Support", "bvs": {"hp": 130, "atk": 75, "def": 60, "spa": 45, "spd": 100, "spe": 20}, "stats": {"hp": 343, "atk": 168, "def": 144, "spa": 120, "spd": 209, "spe": 79}, "types": ["Poison", "Ground"]}, "Zamazenta": {"name": "Zamazenta", "species": "Zamazenta", "speciesId": "zamazenta", "gender": "N", "shiny": false, "level": 71, "moves": ["ironhead", "psychicfangs", "stoneedge", "closecombat"], "ability": "Dauntless Shield", "evs": {"hp": 85, "atk": 85, "def": 85, "spa": 85, "spd": 85, "spe": 85}, "ivs": {"hp": 31, "atk": 31, "def": 31, "spa": 31, "spd": 31, "spe": 31}, "item": "Choice Band", "teraType": "Fighting", "role": "Bulky Attacker", "bvs": {"hp": 92, "atk": 120, "def": 115, "spa": 80, "spd": 115, "spe": 138}, "stats": {"hp": 248, "atk": 212, "def": 205, "spa": 155, "spd": 205, "spe": 237}, "types": ["Fighting"]}, "Quagsire": {"name": "Quagsire", "species": "Quagsire", "speciesId": "quagsire", "gender": "F", "shiny": false, "level": 84, "moves": ["toxic", "spikes", "earthquake", "recover"], "ability": "Unaware", "evs": {"hp": 85, "atk": 85, "def": 85, "spa": 85, "spd": 85, "spe": 85}, "ivs": {"hp": 31, "atk": 31, "def": 31, "spa": 31, "spd": 31, "spe": 31}, "item": "Leftovers", "teraType": "Steel", "role": "Bulky Support", "bvs": {"hp": 95, "atk": 85, "def": 85, "spa": 65, "spd": 65, "spe": 35}, "stats": {"hp": 297, "atk": 191, "def": 191, "spa": 157, "spd": 157, "spe": 107}, "types": ["Water", "Ground"]}, "Dedenne": {"name": "Dedenne", "species": "Dedenne", "speciesId": "dedenne", "gender": "M", "shiny": false, "level": 88, "moves": ["superfang", "dazzlinggleam", "uturn", "thunderbolt"], "ability": "Cheek Pouch", "evs": {"hp": 85, "atk": 85, "def": 85, "spa": 85, "spd": 85, "spe": 85}, "ivs": {"hp": 31, "atk": 31, "def": 31, "spa": 31, "spd": 31, "spe": 31}, "item": "Sitrus Berry", "teraType": "Flying", "role": "Fast Support", "bvs": {"hp": 67, "atk": 58, "def": 57, "spa": 81, "spd": 67, "spe": 101}, "stats": {"hp": 261, "atk": 152, "def": 151, "spa": 193, "spd": 168, "spe": 228}, "types": ["Electric", "Fairy"]}, "Roaring Moon": {"name": "Roaring Moon", "species": "Roaring Moon", "speciesId": "roaringmoon", "gender": "N", "shiny": false, "level": 72, "moves": ["outrage", "uturn", "knockoff", "ironhead"], "ability": "Protosynthesis", "evs": {"hp": 85, "atk": 85, "def": 85, "spa": 85, "spd": 85, "spe": 85}, "ivs": {"hp": 31, "atk": 31, "def": 31, "spa": 31, "spd": 31, "spe": 31}, "item": "Choice Band", "teraType": "Steel", "role": "Bulky Attacker", "bvs": {"hp": 105, "atk": 139, "def": 71, "spa": 55, "spd": 101, "spe": 119}, "stats": {"hp": 270, "atk": 242, "def": 144, "spa": 121, "spd": 187, "spe": 213}, "types": ["Dragon", "Dark"]}, "Darkrai": {"name": "Darkrai", "species": "Darkrai", "speciesId": "darkrai", "gender": "N", "shiny": false, "level": 77, "moves": ["substitute", "sludgebomb", "darkpulse", "nastyplot"], "ability": "Bad Dreams", "evs": {"hp": 85, "atk": 0, "def": 85, "spa": 85, "spd": 85, "spe": 85}, "ivs": {"hp": 31, "atk": 0, "def": 31, "spa": 31, "spd": 31, "spe": 31}, "item": "Leftovers", "teraType": "Poison", "role": "Setup Sweeper", "bvs": {"hp": 70, "atk": 90, "def": 90, "spa": 135, "spd": 90, "spe": 125}, "stats": {"hp": 234, "atk": 143, "def": 183, "spa": 252, "spd": 183, "spe": 237}, "types": ["Dark"]}}, {"Incineroar": {"name": "Incineroar", "species": "Incineroar", "speciesId": "incineroar", "gender": "F", "shiny": false, "level": 82, "moves": ["flareblitz", "knockoff", "swordsdance", "trailblaze"], "ability": "Intimidate", "evs": {"hp": 85, "atk": 85, "def": 85, "spa": 85, "spd": 85, "spe": 85}, "ivs": {"hp": 31, "atk": 31, "def": 31, "spa": 31, "spd": 31, "spe": 31}, "item": "Heavy-Duty Boots", "teraType": "Grass", "role": "Setup Sweeper", "bvs": {"hp": 95, "atk": 115, "def": 90, "spa": 80, "spd": 90, "spe": 60}, "stats": {"hp": 290, "atk": 236, "def": 195, "spa": 178, "spd": 195, "spe": 146}, "types": ["Fire", "Dark"]}, "Noctowl": {"name": "Noctowl", "species": "Noctowl", "speciesId": "noctowl", "gender": "F", "shiny": false, "level": 95, "moves": ["calmmind", "hypervoice", "hurricane", "roost"], "ability": "Tinted Lens", "evs": {"hp": 85, "atk": 0, "def": 85, "spa": 85, "spd": 85, "spe": 85}, "ivs": {"hp": 31, "atk": 0, "def": 31, "spa": 31, "spd": 31, "spe": 31}, "item": "Heavy-Duty Boots", "teraType": "Ground", "role": "Bulky Attacker", "bvs": {"hp": 100, "atk": 50, "def": 50, "spa": 86, "spd": 96, "spe": 70}, "stats": {"hp": 344, "atk": 100, "def": 149, "spa": 217, "spd": 236, "spe": 187}, "types": ["Normal", "Flying"]}, "Manaphy": {"name": "Manaphy", "species": "Manaphy", "speciesId": "manaphy", "gender": "N", "shiny": false, "level": 78, "moves": ["icebeam", "tailglow", "energyball", "surf"], "ability": "Hydration", "evs": {"hp": 85, "atk": 0, "def": 85, "spa": 85, "spd": 85, "spe": 85}, "ivs": {"hp": 31, "atk": 0, "def": 31, "spa": 31, "spd": 31, "spe": 31}, "item": "Leftovers", "teraType": "Water", "role": "Bulky Setup", "bvs": {"hp": 100, "atk": 100, "def": 100, "spa": 100, "spd": 100, "spe": 100}, "stats": {"hp": 284, "atk": 161, "def": 201, "spa": 201, "spd": 201, "spe": 201}, "types": ["Water"]}, "Lurantis": {"name": "Lurantis", "species": "Lurantis", "speciesId": "lurantis", "gender": "F", "shiny": false, "level": 87, "moves": ["knockoff", "leechlife", "superpower", "leafstorm"], "ability": "Contrary", "evs": {"hp": 85, "atk": 85, "def": 85, "spa": 85, "spd": 85, "spe": 85}, "ivs": {"hp": 31, "atk": 31, "def": 31, "spa": 31, "spd": 31, "spe": 31}, "item": "Assault Vest", "teraType": "Steel", "role": "AV Pivot", "bvs": {"hp": 70, "atk": 105, "def": 90, "spa": 80, "spd": 90, "spe": 45}, "stats": {"hp": 264, "atk": 232, "def": 206, "spa": 189, "spd": 206, "spe": 128}, "types": ["Grass"]}, "Samurott": {"name": "Samurott", "species": "Samurott", "speciesId": "samurott", "gender": "F", "shiny": false, "level": 88, "moves": ["icebeam", "aquajet", "knockoff", "hydropump"], "ability": "Torrent", "evs": {"hp": 85, "atk": 85, "def": 85, "spa": 85, "spd": 85, "spe": 85}, "ivs": {"hp": 31, "atk": 31, "def": 31, "spa": 31, "spd": 31, "spe": 31}, "item": "Assault Vest", "teraType": "Water", "role": "AV Pivot", "bvs": {"hp": 95, "atk": 100, "def": 85, "spa": 108, "spd": 70, "spe": 70}, "stats": {"hp": 310, "atk": 226, "def": 200, "spa": 240, "spd": 173, "spe": 173}, "types": ["Water"]}, "Weezing": {"name": "Weezing", "species": "Weezing", "speciesId": "weezing", "gender": "F", "shiny": false, "level": 88, "moves": ["gunkshot", "painsplit", "willowisp", "fireblast"], "ability": "Levitate", "evs": {"hp": 85, "atk": 85, "def": 85, "spa": 85, "spd": 85, "spe": 85}, "ivs": {"hp": 31, "atk": 31, "def": 31, "spa": 31, "spd": 31, "spe": 31}, "item": "Leftovers", "teraType": "Steel", "role": "Bulky Attacker", "bvs": {"hp": 65, "atk": 90, "def": 120, "spa": 85, "spd": 70, "spe": 60}, "stats": {"hp": 258, "atk": 209, "def": 261, "spa": 200, "spd": 173, "spe": 156}, "types": ["Poison"]}}]}