{"id": "gen9randombattle-2631762850", "format": "[Gen 9] Random Battle", "players": ["vBasket", "Barniekiller42064"], "log": "|j|\u2606vBasket\n|j|\u2606Barniekiller42064\n|t:|1781435726\n|gametype|singles\n|player|p1|vBasket|pokemaniac|1964\n|player|p2|Barniekiller42064|crasherwake|1994\n|gen|9\n|tier|[Gen 9] Random Battle\n|rated|\n|rule|Species Clause: Limit one of each Pok\u00e9mon\n|rule|HP Percentage Mod: HP is shown in percentages\n|rule|Sleep Clause Mod: Limit one foe put to sleep\n|rule|Illusion Level Mod: Illusion disguises the Pok\u00e9mon's true level\n|\n|t:|1781435726\n|teamsize|p1|6\n|teamsize|p2|6\n|start\n|switch|p1a: Toxtricity|Toxtricity, L82, M|257/257\n|switch|p2a: Oricorio|Oricorio-Pom-Pom, L82, M|257/257\n|turn|1\n|inactive|Battle timer is ON: inactive players will automatically lose when time's up. (requested by Barniekiller42064)\n|inactive|vBasket also wants the timer to be on.\n|\n|t:|1781435743\n|-terastallize|p2a: Oricorio|Ground\n|move|p2a: Oricorio|Revelation Dance|p1a: Toxtricity\n|-supereffective|p1a: Toxtricity\n|-damage|p1a: Toxtricity|0 fnt\n|faint|p1a: Toxtricity\n|\n|upkeep\n|\n|t:|1781435749\n|switch|p1a: Clawitzer|Clawitzer, L87, M|265/265\n|turn|2\n|\n|t:|1781435755\n|switch|p2a: Golduck|Golduck, L90, F|290/290\n|-ability|p2a: Golduck|Cloud Nine\n|move|p1a: Clawitzer|U-turn|p2a: Golduck\n|-damage|p2a: Golduck|244/290\n|\n|t:|1781435757\n|switch|p1a: Abomasnow|Abomasnow, L84, M|287/287|[from] U-turn\n|-weather|Snowscape|[from] ability: Snow Warning|[of] p1a: Abomasnow\n|\n|-weather|Snowscape|[upkeep]\n|upkeep\n|turn|3\n|\n|t:|1781435764\n|move|p2a: Golduck|Ice Beam|p1a: Abomasnow\n|-damage|p1a: Abomasnow|183/287\n|move|p1a: Abomasnow|Wood Hammer|p2a: Golduck\n|-supereffective|p2a: Golduck\n|-damage|p2a: Golduck|0 fnt\n|faint|p2a: Golduck\n|-damage|p1a: Abomasnow|102/287|[from] Recoil\n|\n|-weather|Snowscape|[upkeep]\n|upkeep\n|\n|t:|1781435770\n|switch|p2a: Medicham|Medicham, L86, M|243/243\n|turn|4\n|\n|t:|1781435775\n|move|p1a: Abomasnow|Ice Shard|p2a: Medicham\n|-damage|p2a: Medicham|195/243\n|move|p2a: Medicham|Close Combat|p1a: Abomasnow\n|-supereffective|p1a: Abomasnow\n|-damage|p1a: Abomasnow|0 fnt\n|-unboost|p2a: Medicham|def|1\n|-unboost|p2a: Medicham|spd|1\n|faint|p1a: Abomasnow\n|\n|-weather|Snowscape|[upkeep]\n|upkeep\n|\n|t:|1781435781\n|switch|p1a: Miraidon|Miraidon, L65|238/238\n|-fieldstart|move: Electric Terrain|[from] ability: Hadron Engine|[of] p1a: Miraidon\n|turn|5\n|\n|t:|1781435789\n|switch|p2a: Mimikyu|Mimikyu, L79, M|216/216\n|move|p1a: Miraidon|Draco Meteor|p2a: Mimikyu\n|-immune|p2a: Mimikyu\n|\n|-weather|Snowscape|[upkeep]\n|upkeep\n|turn|6\n|\n|t:|1781435794\n|switch|p1a: Clawitzer|Clawitzer, L87, M|265/265\n|move|p2a: Mimikyu|Swords Dance|p2a: Mimikyu\n|-boost|p2a: Mimikyu|atk|2\n|\n|-weather|none\n|upkeep\n|turn|7\n|\n|t:|1781435797\n|move|p2a: Mimikyu|Swords Dance|p2a: Mimikyu\n|-boost|p2a: Mimikyu|atk|2\n|move|p1a: Clawitzer|Water Pulse|p2a: Mimikyu\n|-activate|p2a: Mimikyu|ability: Disguise\n|-damage|p2a: Mimikyu|216/216\n|detailschange|p2a: Mimikyu|Mimikyu-Busted, L79, M\n|-damage|p2a: Mimikyu|189/216|[from] pokemon: Mimikyu-Busted\n|\n|upkeep\n|turn|8\n|\n|t:|1781435800\n|move|p2a: Mimikyu|Play Rough|p1a: Clawitzer\n|-damage|p1a: Clawitzer|0 fnt\n|faint|p1a: Clawitzer\n|-damage|p2a: Mimikyu|168/216|[from] item: Life Orb\n|\n|upkeep\n|\n|t:|1781435828\n|switch|p1a: Miraidon|Miraidon, L65|238/238\n|-activate|p1a: Miraidon|ability: Hadron Engine\n|turn|9\n|\n|t:|1781435835\n|move|p2a: Mimikyu|Shadow Sneak|p1a: Miraidon\n|-damage|p1a: Miraidon|66/238\n|-damage|p2a: Mimikyu|147/216|[from] item: Life Orb\n|move|p1a: Miraidon|Overheat|p2a: Mimikyu\n|-damage|p2a: Mimikyu|9/216\n|-unboost|p1a: Miraidon|spa|2\n|\n|-fieldend|move: Electric Terrain\n|upkeep\n|turn|10\n|\n|t:|1781435842\n|move|p1a: Miraidon|Overheat|p2a: Mimikyu|[miss]\n|-miss|p1a: Miraidon|p2a: Mimikyu\n|move|p2a: Mimikyu|Shadow Claw|p1a: Miraidon\n|-damage|p1a: Miraidon|0 fnt\n|faint|p1a: Miraidon\n|-damage|p2a: Mimikyu|0 fnt|[from] item: Life Orb\n|faint|p2a: Mimikyu\n|\n|upkeep\n|\n|t:|1781435848\n|switch|p1a: Diancie|Diancie, L82|216/216\n|switch|p2a: Medicham|Medicham, L86, M|195/243\n|turn|11\n|\n|t:|1781435852\n|move|p2a: Medicham|Trick|p1a: Diancie\n|-activate|p2a: Medicham|move: Trick|[of] p1a: Diancie\n|-item|p1a: Diancie|Choice Scarf|[from] move: Trick\n|-item|p2a: Medicham|Leftovers|[from] move: Trick\n|move|p1a: Diancie|Rock Polish|p1a: Diancie\n|-boost|p1a: Diancie|spe|2\n|\n|-heal|p2a: Medicham|210/243|[from] item: Leftovers\n|upkeep\n|turn|12\n|-message|vBasket forfeited.\n|\n|win|Barniekiller42064\n", "inputlog": ">version a8376a258c1d4662feba110a92103f3664a72141\n>start {\"formatid\":\"gen9randombattle\",\"seed\":\"sodium,cb40ebfa0454b0033c3157d9011d09af\",\"rated\":\"Rated battle\"}\n>player p1 {\"name\":\"vBasket\",\"avatar\":\"pokemaniac\",\"rating\":1964,\"seed\":\"sodium,f883eac965b377d421846f159169479b\"}\n>player p2 {\"name\":\"Barniekiller42064\",\"avatar\":\"crasherwake\",\"rating\":1994,\"seed\":\"sodium,543098f8d79543a5fcbe20a188514b75\"}\n>p1 move shiftgear\n>p2 move revelationdance terastallize\n>p1 switch 6\n>p1 move uturn\n>p2 switch 2\n>p1 switch 3\n>p1 move woodhammer\n>p2 move icebeam\n>p2 switch 6\n>p1 move iceshard\n>p2 move closecombat\n>p1 switch 2\n>p1 move dracometeor\n>p2 switch 5\n>p1 switch 3\n>p2 move swordsdance\n>p1 move waterpulse\n>p2 move swordsdance\n>p1 move waterpulse\n>p2 move playrough\n>p1 switch 3\n>p1 move overheat\n>p2 move shadowsneak\n>p1 move overheat\n>p2 move shadowclaw\n>p1 switch 5\n>p2 switch 5\n>p1 move rockpolish\n>p2 move trick\n>forcelose p1", "uploadtime": 1781435728, "views": 10, "formatid": "gen9randombattle", "rating": null, "private": 0, "password": null, "player_dets": [{"name": "vBasket", "avatar": "pokemaniac", "rating": 1964, "seed": "sodium,f883eac965b377d421846f159169479b"}, {"name": "Barniekiller42064", "avatar": "crasherwake", "rating": 1994, "seed": "sodium,543098f8d79543a5fcbe20a188514b75"}], "teams_full": [{"Toxtricity": {"name": "Toxtricity", "species": "Toxtricity", "speciesId": "toxtricity", "gender": "M", "shiny": false, "level": 82, "moves": ["boomburst", "gunkshot", "shiftgear", "overdrive"], "ability": "Punk Rock", "evs": {"hp": 85, "atk": 85, "def": 85, "spa": 85, "spd": 85, "spe": 85}, "ivs": {"hp": 31, "atk": 31, "def": 31, "spa": 31, "spd": 31, "spe": 31}, "item": "Throat Spray", "teraType": "Normal", "role": "Setup Sweeper", "bvs": {"hp": 75, "atk": 98, "def": 70, "spa": 114, "spd": 70, "spe": 75}, "stats": {"hp": 257, "atk": 208, "def": 162, "spa": 234, "spd": 162, "spe": 170}}, "Miraidon": {"name": "Miraidon", "species": "Miraidon", "speciesId": "miraidon", "gender": "N", "shiny": false, "level": 65, "moves": ["voltswitch", "electrodrift", "dracometeor", "overheat"], "ability": "Hadron Engine", "evs": {"hp": 85, "atk": 0, "def": 85, "spa": 85, "spd": 85, "spe": 85}, "ivs": {"hp": 31, "atk": 0, "def": 31, "spa": 31, "spd": 31, "spe": 31}, "item": "Choice Specs", "teraType": "Electric", "role": "Fast Attacker", "bvs": {"hp": 100, "atk": 85, "def": 100, "spa": 135, "spd": 115, "spe": 135}, "stats": {"hp": 238, "atk": 115, "def": 168, "spa": 214, "spd": 188, "spe": 214}}, "Abomasnow": {"name": "Abomasnow", "species": "Abomasnow", "speciesId": "abomasnow", "gender": "M", "shiny": false, "level": 84, "moves": ["auroraveil", "woodhammer", "blizzard", "iceshard"], "ability": "Snow Warning", "evs": {"hp": 77, "atk": 85, "def": 85, "spa": 85, "spd": 85, "spe": 85}, "ivs": {"hp": 31, "atk": 31, "def": 31, "spa": 31, "spd": 31, "spe": 31}, "item": "Light Clay", "teraType": "Ghost", "role": "Bulky Support", "bvs": {"hp": 90, "atk": 92, "def": 75, "spa": 92, "spd": 85, "spe": 60}, "stats": {"hp": 287, "atk": 203, "def": 174, "spa": 203, "spd": 191, "spe": 149}}, "Exeggutor": {"name": "Exeggutor", "species": "Exeggutor-Alola", "speciesId": "exeggutoralola", "gender": "M", "shiny": false, "level": 89, "moves": ["gigadrain", "flamethrower", "dracometeor", "leafstorm"], "ability": "Frisk", "evs": {"hp": 85, "atk": 0, "def": 85, "spa": 85, "spd": 85, "spe": 85}, "ivs": {"hp": 31, "atk": 0, "def": 31, "spa": 31, "spd": 31, "spe": 31}, "item": "Choice Specs", "teraType": "Fire", "role": "Wallbreaker", "bvs": {"hp": 95, "atk": 105, "def": 85, "spa": 125, "spd": 75, "spe": 45}, "stats": {"hp": 314, "atk": 191, "def": 202, "spa": 273, "spd": 184, "spe": 131}}, "Diancie": {"name": "Diancie", "species": "Diancie", "speciesId": "diancie", "gender": "N", "shiny": false, "level": 82, "moves": ["moonblast", "diamondstorm", "bodypress", "rockpolish"], "ability": "Clear Body", "evs": {"hp": 85, "atk": 85, "def": 85, "spa": 85, "spd": 85, "spe": 85}, "ivs": {"hp": 31, "atk": 31, "def": 31, "spa": 31, "spd": 31, "spe": 31}, "item": "Leftovers", "teraType": "Fighting", "role": "Bulky Attacker", "bvs": {"hp": 50, "atk": 100, "def": 150, "spa": 100, "spd": 150, "spe": 50}, "stats": {"hp": 216, "atk": 211, "def": 293, "spa": 211, "spd": 293, "spe": 129}}, "Clawitzer": {"name": "Clawitzer", "species": "Clawitzer", "speciesId": "clawitzer", "gender": "M", "shiny": false, "level": 87, "moves": ["darkpulse", "waterpulse", "uturn", "dragonpulse"], "ability": "Mega Launcher", "evs": {"hp": 85, "atk": 85, "def": 85, "spa": 85, "spd": 85, "spe": 85}, "ivs": {"hp": 31, "atk": 31, "def": 31, "spa": 31, "spd": 31, "spe": 31}, "item": "Assault Vest", "teraType": "Dragon", "role": "AV Pivot", "bvs": {"hp": 71, "atk": 73, "def": 88, "spa": 120, "spd": 89, "spe": 59}, "stats": {"hp": 265, "atk": 177, "def": 203, "spa": 259, "spd": 205, "spe": 152}}}, {"Oricorio": {"name": "Oricorio", "species": "Oricorio-Pom-Pom", "speciesId": "oricoriopompom", "gender": "M", "shiny": false, "level": 82, "moves": ["roost", "hurricane", "revelationdance", "quiverdance"], "ability": "Dancer", "evs": {"hp": 85, "atk": 0, "def": 85, "spa": 85, "spd": 85, "spe": 85}, "ivs": {"hp": 31, "atk": 0, "def": 31, "spa": 31, "spd": 31, "spe": 31}, "item": "Heavy-Duty Boots", "teraType": "Ground", "role": "Setup Sweeper", "bvs": {"hp": 75, "atk": 70, "def": 70, "spa": 98, "spd": 70, "spe": 93}, "stats": {"hp": 257, "atk": 119, "def": 162, "spa": 208, "spd": 162, "spe": 200}}, "Golduck": {"name": "Golduck", "species": "Golduck", "speciesId": "golduck", "gender": "F", "shiny": false, "level": 90, "moves": ["icebeam", "grassknot", "flipturn", "hydropump"], "ability": "Cloud Nine", "evs": {"hp": 85, "atk": 85, "def": 85, "spa": 85, "spd": 85, "spe": 85}, "ivs": {"hp": 31, "atk": 31, "def": 31, "spa": 31, "spd": 31, "spe": 31}, "item": "Choice Specs", "teraType": "Grass", "role": "Fast Attacker", "bvs": {"hp": 80, "atk": 82, "def": 78, "spa": 95, "spd": 80, "spe": 85}, "stats": {"hp": 290, "atk": 199, "def": 192, "spa": 222, "spd": 195, "spe": 204}}, "Sunflora": {"name": "Sunflora", "species": "Sunflora", "speciesId": "sunflora", "gender": "M", "shiny": false, "level": 100, "moves": ["solarbeam", "weatherball", "earthpower", "sunnyday"], "ability": "Chlorophyll", "evs": {"hp": 85, "atk": 0, "def": 85, "spa": 85, "spd": 85, "spe": 85}, "ivs": {"hp": 31, "atk": 0, "def": 31, "spa": 31, "spd": 31, "spe": 31}, "item": "Life Orb", "teraType": "Fire", "role": "Setup Sweeper", "bvs": {"hp": 75, "atk": 75, "def": 55, "spa": 105, "spd": 85, "spe": 30}, "stats": {"hp": 312, "atk": 155, "def": 167, "spa": 267, "spd": 227, "spe": 117}}, "Vivillon": {"name": "Vivillon", "species": "Vivillon-River", "speciesId": "vivillon", "gender": "M", "shiny": false, "level": 83, "moves": ["hurricane", "quiverdance", "sleeppowder", "terablast"], "ability": "Compound Eyes", "evs": {"hp": 85, "atk": 0, "def": 85, "spa": 85, "spd": 85, "spe": 85}, "ivs": {"hp": 31, "atk": 0, "def": 31, "spa": 31, "spd": 31, "spe": 31}, "item": "Heavy-Duty Boots", "teraType": "Ground", "role": "Tera Blast user", "bvs": {"hp": 80, "atk": 52, "def": 50, "spa": 90, "spd": 50, "spe": 89}, "stats": {"hp": 268, "atk": 91, "def": 131, "spa": 197, "spd": 131, "spe": 195}}, "Mimikyu": {"name": "Mimikyu", "species": "Mimikyu", "speciesId": "mimikyu", "gender": "M", "shiny": false, "level": 79, "moves": ["playrough", "shadowsneak", "shadowclaw", "swordsdance"], "ability": "Disguise", "evs": {"hp": 85, "atk": 85, "def": 85, "spa": 85, "spd": 85, "spe": 85}, "ivs": {"hp": 31, "atk": 31, "def": 31, "spa": 31, "spd": 31, "spe": 31}, "item": "Life Orb", "teraType": "Ghost", "role": "Fast Bulky Setup", "bvs": {"hp": 55, "atk": 90, "def": 80, "spa": 50, "spd": 105, "spe": 96}, "stats": {"hp": 216, "atk": 188, "def": 172, "spa": 125, "spd": 211, "spe": 197}}, "Medicham": {"name": "Medicham", "species": "Medicham", "speciesId": "medicham", "gender": "M", "shiny": false, "level": 86, "moves": ["zenheadbutt", "trick", "icepunch", "closecombat"], "ability": "Pure Power", "evs": {"hp": 85, "atk": 85, "def": 85, "spa": 85, "spd": 85, "spe": 85}, "ivs": {"hp": 31, "atk": 31, "def": 31, "spa": 31, "spd": 31, "spe": 31}, "item": "Choice Scarf", "teraType": "Fighting", "role": "Fast Attacker", "bvs": {"hp": 60, "atk": 60, "def": 75, "spa": 60, "spd": 75, "spe": 80}, "stats": {"hp": 243, "atk": 152, "def": 178, "spa": 152, "spd": 178, "spe": 187}}}]}