{"id": "gen9randombattle-2632001321", "format": "[Gen 9] Random Battle", "players": ["LXMDI", "poisi"], "log": "|j|\u2606LXMDI\n|j|\u2606poisi\n|t:|1781464630\n|gametype|singles\n|player|p1|LXMDI|nate|1360\n|player|p2|poisi|plasmagrunt-gen5bw|1357\n|gen|9\n|tier|[Gen 9] Random Battle\n|rated|\n|rule|Species Clause: Limit one of each Pok\u00e9mon\n|rule|HP Percentage Mod: HP is shown in percentages\n|rule|Sleep Clause Mod: Limit one foe put to sleep\n|rule|Illusion Level Mod: Illusion disguises the Pok\u00e9mon's true level\n|\n|t:|1781464631\n|teamsize|p1|6\n|teamsize|p2|6\n|start\n|switch|p1a: Revavroom|Revavroom, L79, M|256/256\n|switch|p2a: Sandy Shocks|Sandy Shocks, L80|267/267\n|turn|1\n|inactive|Battle timer is ON: inactive players will automatically lose when time's up. (requested by LXMDI)\n|\n|t:|1781464643\n|switch|p1a: Masquerain|Masquerain, L87, M|264/264\n|-ability|p1a: Masquerain|Intimidate|boost\n|-unboost|p2a: Sandy Shocks|atk|1\n|move|p2a: Sandy Shocks|Earth Power|p1a: Masquerain\n|-immune|p1a: Masquerain\n|\n|upkeep\n|turn|2\n|\n|t:|1781464654\n|switch|p1a: Palossand|Palossand, L89, M|296/296\n|move|p2a: Sandy Shocks|Stealth Rock|p1a: Palossand\n|-sidestart|p1: LXMDI|move: Stealth Rock\n|\n|upkeep\n|turn|3\n|\n|t:|1781464662\n|-end|p2a: Sandy Shocks|Protosynthesis|[silent]\n|switch|p2a: Muk|Muk-Alola, L82, M|306/306\n|move|p1a: Palossand|Earth Power|p2a: Muk\n|-supereffective|p2a: Muk\n|-damage|p2a: Muk|174/306\n|\n|upkeep\n|turn|4\n|\n|t:|1781464668\n|move|p2a: Muk|Knock Off|p1a: Palossand\n|-supereffective|p1a: Palossand\n|-damage|p1a: Palossand|132/296\n|-enditem|p1a: Palossand|Leftovers|[from] move: Knock Off|[of] p2a: Muk\n|move|p1a: Palossand|Earth Power|p2a: Muk\n|-supereffective|p2a: Muk\n|-damage|p2a: Muk|48/306\n|\n|upkeep\n|turn|5\n|\n|t:|1781464676\n|move|p2a: Muk|Knock Off|p1a: Palossand\n|-supereffective|p1a: Palossand\n|-damage|p1a: Palossand|12/296\n|move|p1a: Palossand|Earth Power|p2a: Muk\n|-supereffective|p2a: Muk\n|-damage|p2a: Muk|0 fnt\n|faint|p2a: Muk\n|\n|upkeep\n|\n|t:|1781464698\n|switch|p2a: Kleavor|Kleavor, L78, M|237/237\n|turn|6\n|\n|t:|1781464703\n|move|p2a: Kleavor|Stone Axe|p1a: Palossand\n|-resisted|p1a: Palossand\n|-damage|p1a: Palossand|0 fnt\n|faint|p1a: Palossand\n|\n|upkeep\n|\n|t:|1781464709\n|switch|p1a: Masquerain|Masquerain, L87, M|264/264\n|-ability|p1a: Masquerain|Intimidate|boost\n|-unboost|p2a: Kleavor|atk|1\n|turn|7\n|\n|t:|1781464715\n|move|p1a: Masquerain|Hydro Pump|p2a: Kleavor\n|-supereffective|p2a: Kleavor\n|-damage|p2a: Kleavor|9/237\n|move|p2a: Kleavor|Stone Axe|p1a: Masquerain|[miss]\n|-miss|p2a: Kleavor|p1a: Masquerain\n|\n|upkeep\n|turn|8\n|\n|t:|1781464724\n|move|p1a: Masquerain|Hydro Pump|p2a: Kleavor|[miss]\n|-miss|p1a: Masquerain|p2a: Kleavor\n|move|p2a: Kleavor|Stone Axe|p1a: Masquerain\n|-supereffective|p1a: Masquerain\n|-damage|p1a: Masquerain|0 fnt\n|faint|p1a: Masquerain\n|\n|upkeep\n|\n|t:|1781464731\n|switch|p1a: Suicune|Suicune, L82|298/298\n|-damage|p1a: Suicune|261/298|[from] Stealth Rock\n|-ability|p1a: Suicune|Pressure\n|turn|9\n|c|\u2606poisi|tiens nique bien ta mere plus loin\n|\n|t:|1781464745\n|move|p1a: Suicune|Scald|p2a: Kleavor\n|-supereffective|p2a: Kleavor\n|-damage|p2a: Kleavor|0 fnt\n|faint|p2a: Kleavor\n|\n|-heal|p1a: Suicune|279/298|[from] item: Leftovers\n|upkeep\n|\n|t:|1781464751\n|switch|p2a: Meowstic|Meowstic, L89, M|277/277\n|turn|10\n|inactive|LXMDI has 120 seconds left.\n|\n|t:|1781464789\n|move|p2a: Meowstic|Thunder Wave|p1a: Suicune\n|-status|p1a: Suicune|par\n|move|p1a: Suicune|Substitute|p1a: Suicune\n|-start|p1a: Suicune|Substitute\n|-damage|p1a: Suicune|205/298 par\n|\n|-heal|p1a: Suicune|223/298 par|[from] item: Leftovers\n|upkeep\n|turn|11\n|\n|t:|1781464797\n|move|p2a: Meowstic|Psychic Noise|p1a: Suicune\n|-damage|p1a: Suicune|153/298 par\n|-start|p1a: Suicune|move: Heal Block\n|move|p1a: Suicune|Calm Mind|p1a: Suicune\n|-boost|p1a: Suicune|spa|1\n|-boost|p1a: Suicune|spd|1\n|\n|upkeep\n|turn|12\n|\n|t:|1781464807\n|move|p2a: Meowstic|Light Screen|p2a: Meowstic\n|-sidestart|p2: poisi|move: Light Screen\n|move|p1a: Suicune|Scald|p2a: Meowstic\n|-damage|p2a: Meowstic|223/277\n|\n|-end|p1a: Suicune|move: Heal Block\n|upkeep\n|turn|13\n|\n|t:|1781464810\n|move|p2a: Meowstic|Psychic Noise|p1a: Suicune\n|-damage|p1a: Suicune|107/298 par\n|-start|p1a: Suicune|move: Heal Block\n|move|p1a: Suicune|Scald|p2a: Meowstic\n|-damage|p2a: Meowstic|169/277\n|\n|upkeep\n|turn|14\n|\n|t:|1781464817\n|move|p2a: Meowstic|Psychic Noise|p1a: Suicune\n|-damage|p1a: Suicune|62/298 par\n|move|p1a: Suicune|Scald|p2a: Meowstic\n|-damage|p2a: Meowstic|115/277\n|-status|p2a: Meowstic|brn\n|\n|-damage|p2a: Meowstic|98/277 brn|[from] brn\n|-end|p1a: Suicune|move: Heal Block\n|upkeep\n|turn|15\n|\n|t:|1781464824\n|move|p2a: Meowstic|Psychic Noise|p1a: Suicune\n|-damage|p1a: Suicune|14/298 par\n|-start|p1a: Suicune|move: Heal Block\n|cant|p1a: Suicune|par\n|\n|-damage|p2a: Meowstic|81/277 brn|[from] brn\n|upkeep\n|turn|16\n|\n|t:|1781464830\n|cant|p1a: Suicune|par\n|move|p2a: Meowstic|Psychic Noise|p1a: Suicune\n|-damage|p1a: Suicune|0 fnt\n|faint|p1a: Suicune\n|\n|-damage|p2a: Meowstic|64/277 brn|[from] brn\n|upkeep\n|\n|t:|1781464833\n|switch|p1a: Revavroom|Revavroom, L79, M|256/256\n|-damage|p1a: Revavroom|240/256|[from] Stealth Rock\n|turn|17\n|\n|t:|1781464842\n|-terastallize|p1a: Revavroom|Ground\n|move|p2a: Meowstic|Thunder Wave|p1a: Revavroom\n|-immune|p1a: Revavroom\n|move|p1a: Revavroom|Shift Gear|p1a: Revavroom\n|-boost|p1a: Revavroom|spe|2\n|-boost|p1a: Revavroom|atk|1\n|\n|-damage|p2a: Meowstic|47/277 brn|[from] brn\n|upkeep\n|turn|18\n|\n|t:|1781464863\n|move|p2a: Meowstic|Reflect|p2a: Meowstic\n|-sidestart|p2: poisi|Reflect\n|move|p1a: Revavroom|Iron Head|p2a: Meowstic\n|-damage|p2a: Meowstic|0 fnt\n|faint|p2a: Meowstic\n|-damage|p1a: Revavroom|215/256|[from] item: Life Orb\n|\n|upkeep\n|-message|LXMDI forfeited.\n|\n|win|poisi\n", "inputlog": ">version a8376a258c1d4662feba110a92103f3664a72141\n>start {\"formatid\":\"gen9randombattle\",\"seed\":\"sodium,c58421a71c9cd25f7a79e38dacf1a9c6\",\"rated\":\"Rated battle\"}\n>player p1 {\"name\":\"LXMDI\",\"avatar\":\"nate\",\"rating\":1360,\"seed\":\"sodium,fe2a29ef71127156d662e9212dd289a0\"}\n>player p2 {\"name\":\"poisi\",\"avatar\":\"plasmagrunt-gen5bw\",\"rating\":1357,\"seed\":\"sodium,c12ec6ccaf256b65bae46feba06023da\"}\n>p1 switch 3\n>p2 move earthpower\n>p1 switch 6\n>p2 move stealthrock\n>p1 move earthpower\n>p2 switch 4\n>p1 move earthpower\n>p2 move knockoff\n>p1 move earthpower\n>p2 move knockoff\n>p2 switch 5\n>p1 move earthpower\n>p2 move stoneaxe\n>p1 switch 6\n>p1 move hydropump\n>p2 move stoneaxe\n>p1 move hydropump\n>p2 move stoneaxe\n>p1 switch 2\n>chat \u2606poisi|tiens nique bien ta mere plus loin\n>p1 move scald\n>p2 move closecombat\n>p2 switch 6\n>p1 move substitute\n>p2 move thunderwave\n>p1 move calmmind\n>p2 move psychicnoise\n>p1 move scald\n>p2 move lightscreen\n>p1 move scald\n>p2 move psychicnoise\n>p1 move scald\n>p2 move psychicnoise\n>p1 move scald\n>p2 move psychicnoise\n>p1 move protect\n>p2 move psychicnoise\n>p1 switch 3\n>p1 move shiftgear terastallize\n>p2 move thunderwave\n>p1 move ironhead\n>p2 move reflect\n>forcelose p1", "uploadtime": 1781464738, "views": 4, "formatid": "gen9randombattle", "rating": null, "private": 0, "password": null, "player_dets": [{"name": "LXMDI", "avatar": "nate", "rating": 1360, "seed": "sodium,fe2a29ef71127156d662e9212dd289a0"}, {"name": "poisi", "avatar": "plasmagrunt-gen5bw", "rating": 1357, "seed": "sodium,c12ec6ccaf256b65bae46feba06023da"}], "teams_full": [{"Revavroom": {"name": "Revavroom", "species": "Revavroom", "speciesId": "revavroom", "gender": "M", "shiny": false, "level": 79, "moves": ["shiftgear", "gunkshot", "ironhead", "highhorsepower"], "ability": "Filter", "evs": {"hp": 85, "atk": 85, "def": 85, "spa": 85, "spd": 85, "spe": 85}, "ivs": {"hp": 31, "atk": 31, "def": 31, "spa": 31, "spd": 31, "spe": 31}, "item": "Life Orb", "teraType": "Ground", "role": "Fast Attacker", "bvs": {"hp": 80, "atk": 119, "def": 90, "spa": 54, "spd": 67, "spe": 90}, "stats": {"hp": 256, "atk": 234, "def": 188, "spa": 131, "spd": 151, "spe": 188}}, "Suicune": {"name": "Suicune", "species": "Suicune", "speciesId": "suicune", "gender": "N", "shiny": false, "level": 82, "moves": ["scald", "protect", "substitute", "calmmind"], "ability": "Pressure", "evs": {"hp": 85, "atk": 0, "def": 85, "spa": 85, "spd": 85, "spe": 85}, "ivs": {"hp": 31, "atk": 0, "def": 31, "spa": 31, "spd": 31, "spe": 31}, "item": "Leftovers", "teraType": "Steel", "role": "Fast Support", "bvs": {"hp": 100, "atk": 75, "def": 115, "spa": 90, "spd": 115, "spe": 85}, "stats": {"hp": 298, "atk": 127, "def": 236, "spa": 195, "spd": 236, "spe": 187}}, "Masquerain": {"name": "Masquerain", "species": "Masquerain", "speciesId": "masquerain", "gender": "M", "shiny": false, "level": 87, "moves": ["stickyweb", "hurricane", "stunspore", "hydropump"], "ability": "Intimidate", "evs": {"hp": 85, "atk": 0, "def": 85, "spa": 85, "spd": 85, "spe": 85}, "ivs": {"hp": 31, "atk": 0, "def": 31, "spa": 31, "spd": 31, "spe": 31}, "item": "Heavy-Duty Boots", "teraType": "Water", "role": "Fast Support", "bvs": {"hp": 70, "atk": 60, "def": 62, "spa": 100, "spd": 82, "spe": 80}, "stats": {"hp": 264, "atk": 109, "def": 158, "spa": 224, "spd": 192, "spe": 189}}, "Stonjourner": {"name": "Stonjourner", "species": "Stonjourner", "speciesId": "stonjourner", "gender": "M", "shiny": false, "level": 91, "moves": ["heatcrash", "stealthrock", "stoneedge", "earthquake"], "ability": "Power Spot", "evs": {"hp": 85, "atk": 85, "def": 85, "spa": 85, "spd": 85, "spe": 85}, "ivs": {"hp": 31, "atk": 31, "def": 31, "spa": 31, "spd": 31, "spe": 31}, "item": "Life Orb", "teraType": "Ground", "role": "Fast Attacker", "bvs": {"hp": 100, "atk": 125, "def": 135, "spa": 20, "spd": 20, "spe": 70}, "stats": {"hp": 330, "atk": 279, "def": 298, "spa": 88, "spd": 88, "spe": 179}}, "Florges": {"name": "Florges", "species": "Florges-Orange", "speciesId": "florges", "gender": "F", "shiny": false, "level": 85, "moves": ["synthesis", "moonblast", "calmmind", "terablast"], "ability": "Flower Veil", "evs": {"hp": 85, "atk": 0, "def": 85, "spa": 85, "spd": 85, "spe": 85}, "ivs": {"hp": 31, "atk": 0, "def": 31, "spa": 31, "spd": 31, "spe": 31}, "item": "Leftovers", "teraType": "Ground", "role": "Tera Blast user", "bvs": {"hp": 78, "atk": 65, "def": 68, "spa": 112, "spd": 154, "spe": 75}, "stats": {"hp": 271, "atk": 115, "def": 164, "spa": 239, "spd": 311, "spe": 176}}, "Palossand": {"name": "Palossand", "species": "Palossand", "speciesId": "palossand", "gender": "M", "shiny": false, "level": 89, "moves": ["shadowball", "earthpower", "sludgebomb", "shoreup"], "ability": "Water Compaction", "evs": {"hp": 85, "atk": 0, "def": 85, "spa": 85, "spd": 85, "spe": 85}, "ivs": {"hp": 31, "atk": 0, "def": 31, "spa": 31, "spd": 31, "spe": 31}, "item": "Leftovers", "teraType": "Water", "role": "Bulky Support", "bvs": {"hp": 85, "atk": 75, "def": 110, "spa": 100, "spd": 75, "spe": 35}, "stats": {"hp": 296, "atk": 138, "def": 247, "spa": 229, "spd": 184, "spe": 113}}}, {"Sandy Shocks": {"name": "Sandy Shocks", "species": "Sandy Shocks", "speciesId": "sandyshocks", "gender": "N", "shiny": false, "level": 80, "moves": ["thunderwave", "earthpower", "stealthrock", "thunderbolt"], "ability": "Protosynthesis", "evs": {"hp": 85, "atk": 0, "def": 85, "spa": 85, "spd": 85, "spe": 85}, "ivs": {"hp": 31, "atk": 0, "def": 31, "spa": 31, "spd": 31, "spe": 31}, "item": "Leftovers", "teraType": "Grass", "role": "Fast Support", "bvs": {"hp": 85, "atk": 81, "def": 97, "spa": 121, "spd": 85, "spe": 101}, "stats": {"hp": 267, "atk": 134, "def": 201, "spa": 240, "spd": 182, "spe": 208}}, "Great Tusk": {"name": "Great Tusk", "species": "Great Tusk", "speciesId": "greattusk", "gender": "N", "shiny": false, "level": 77, "moves": ["earthquake", "rapidspin", "closecombat", "bulkup"], "ability": "Protosynthesis", "evs": {"hp": 85, "atk": 85, "def": 85, "spa": 85, "spd": 85, "spe": 85}, "ivs": {"hp": 31, "atk": 31, "def": 31, "spa": 31, "spd": 31, "spe": 31}, "item": "Leftovers", "teraType": "Steel", "role": "Bulky Setup", "bvs": {"hp": 115, "atk": 131, "def": 131, "spa": 53, "spd": 53, "spe": 87}, "stats": {"hp": 304, "atk": 246, "def": 246, "spa": 126, "spd": 126, "spe": 179}}, "Mew": {"name": "Mew", "species": "Mew", "speciesId": "mew", "gender": "N", "shiny": false, "level": 82, "moves": ["bugbuzz", "psychic", "nastyplot", "fireblast"], "ability": "Synchronize", "evs": {"hp": 85, "atk": 0, "def": 85, "spa": 85, "spd": 85, "spe": 85}, "ivs": {"hp": 31, "atk": 0, "def": 31, "spa": 31, "spd": 31, "spe": 31}, "item": "Life Orb", "teraType": "Psychic", "role": "Fast Bulky Setup", "bvs": {"hp": 100, "atk": 100, "def": 100, "spa": 100, "spd": 100, "spe": 100}, "stats": {"hp": 298, "atk": 169, "def": 211, "spa": 211, "spd": 211, "spe": 211}}, "Muk": {"name": "Muk", "species": "Muk-Alola", "speciesId": "mukalola", "gender": "M", "shiny": false, "level": 82, "moves": ["knockoff", "drainpunch", "gunkshot", "shadowsneak"], "ability": "Poison Touch", "evs": {"hp": 85, "atk": 85, "def": 85, "spa": 85, "spd": 85, "spe": 85}, "ivs": {"hp": 31, "atk": 31, "def": 31, "spa": 31, "spd": 31, "spe": 31}, "item": "Assault Vest", "teraType": "Fighting", "role": "AV Pivot", "bvs": {"hp": 105, "atk": 105, "def": 75, "spa": 65, "spd": 100, "spe": 50}, "stats": {"hp": 306, "atk": 219, "def": 170, "spa": 154, "spd": 211, "spe": 129}}, "Kleavor": {"name": "Kleavor", "species": "Kleavor", "speciesId": "kleavor", "gender": "M", "shiny": false, "level": 78, "moves": ["swordsdance", "xscissor", "stoneaxe", "closecombat"], "ability": "Sharpness", "evs": {"hp": 85, "atk": 85, "def": 85, "spa": 85, "spd": 85, "spe": 85}, "ivs": {"hp": 31, "atk": 31, "def": 31, "spa": 31, "spd": 31, "spe": 31}, "item": "Heavy-Duty Boots", "teraType": "Bug", "role": "Bulky Attacker", "bvs": {"hp": 70, "atk": 135, "def": 95, "spa": 45, "spd": 70, "spe": 85}, "stats": {"hp": 237, "atk": 256, "def": 193, "spa": 115, "spd": 154, "spe": 178}}, "Meowstic": {"name": "Meowstic", "species": "Meowstic", "speciesId": "meowstic", "gender": "M", "shiny": false, "level": 89, "moves": ["psychicnoise", "thunderwave", "lightscreen", "reflect"], "ability": "Prankster", "evs": {"hp": 85, "atk": 0, "def": 85, "spa": 85, "spd": 85, "spe": 85}, "ivs": {"hp": 31, "atk": 0, "def": 31, "spa": 31, "spd": 31, "spe": 31}, "item": "Light Clay", "teraType": "Fairy", "role": "Bulky Support", "bvs": {"hp": 74, "atk": 48, "def": 76, "spa": 83, "spd": 81, "spe": 104}, "stats": {"hp": 277, "atk": 90, "def": 186, "spa": 199, "spd": 195, "spe": 236}}}]}