{"id": "gen9randombattle-2631506602", "format": "[Gen 9] Random Battle", "players": ["TRedden", "MixHagelslag"], "log": "|j|\u2606TRedden\n|j|\u2606MixHagelslag\n|t:|1781393873\n|gametype|singles\n|player|p1|TRedden|blue|1715\n|player|p2|MixHagelslag|265|1712\n|gen|9\n|tier|[Gen 9] Random Battle\n|rated|\n|rule|Species Clause: Limit one of each Pok\u00e9mon\n|rule|HP Percentage Mod: HP is shown in percentages\n|rule|Sleep Clause Mod: Limit one foe put to sleep\n|rule|Illusion Level Mod: Illusion disguises the Pok\u00e9mon's true level\n|\n|t:|1781393873\n|teamsize|p1|6\n|teamsize|p2|6\n|start\n|switch|p1a: Excadrill|Excadrill, L79, M|303/303\n|switch|p2a: Falinks|Falinks, L84|246/246\n|-ability|p1a: Excadrill|Mold Breaker\n|turn|1\n|inactive|Battle timer is ON: inactive players will automatically lose when time's up. (requested by MixHagelslag)\n|\n|t:|1781393891\n|move|p1a: Excadrill|Earthquake|p2a: Falinks\n|-damage|p2a: Falinks|137/246\n|move|p2a: Falinks|Knock Off|p1a: Excadrill\n|-damage|p1a: Excadrill|181/303\n|-enditem|p1a: Excadrill|Assault Vest|[from] move: Knock Off|[of] p2a: Falinks\n|-damage|p2a: Falinks|113/246|[from] item: Life Orb\n|\n|upkeep\n|turn|2\n|\n|t:|1781393906\n|switch|p2a: Donphan|Donphan, L84, F|288/288\n|move|p1a: Excadrill|Iron Head|p2a: Donphan\n|-damage|p2a: Donphan|209/288\n|\n|-heal|p2a: Donphan|227/288|[from] item: Leftovers\n|upkeep\n|turn|3\n|\n|t:|1781393923\n|switch|p1a: Piloswine|Piloswine, L85, M|309/309\n|move|p2a: Donphan|Stealth Rock|p1a: Piloswine\n|-sidestart|p1: TRedden|move: Stealth Rock\n|\n|-heal|p2a: Donphan|245/288|[from] item: Leftovers\n|upkeep\n|turn|4\n|\n|t:|1781393941\n|switch|p2a: Falinks|Falinks, L84|113/246\n|move|p1a: Piloswine|Stealth Rock|p2a: Falinks\n|-sidestart|p2: MixHagelslag|move: Stealth Rock\n|\n|upkeep\n|turn|5\n|\n|t:|1781393951\n|move|p2a: Falinks|No Retreat|p2a: Falinks\n|-boost|p2a: Falinks|atk|1\n|-boost|p2a: Falinks|def|1\n|-boost|p2a: Falinks|spa|1\n|-boost|p2a: Falinks|spd|1\n|-boost|p2a: Falinks|spe|1\n|-start|p2a: Falinks|move: No Retreat\n|move|p1a: Piloswine|Roar|p2a: Falinks\n|drag|p2a: Donphan|Donphan, L84, F|245/288\n|-damage|p2a: Donphan|227/288|[from] Stealth Rock\n|\n|-heal|p2a: Donphan|245/288|[from] item: Leftovers\n|upkeep\n|turn|6\n|c|\u2606MixHagelslag|lol\n|\n|t:|1781393971\n|move|p1a: Piloswine|Icicle Crash|p2a: Donphan\n|-supereffective|p2a: Donphan\n|-damage|p2a: Donphan|83/288\n|cant|p2a: Donphan|flinch\n|\n|-heal|p2a: Donphan|101/288|[from] item: Leftovers\n|upkeep\n|turn|7\n|\n|t:|1781393980\n|-terastallize|p2a: Donphan|Steel\n|move|p1a: Piloswine|Icicle Crash|p2a: Donphan\n|-resisted|p2a: Donphan\n|-damage|p2a: Donphan|63/288\n|move|p2a: Donphan|Rapid Spin|p1a: Piloswine\n|-damage|p1a: Piloswine|277/309\n|-boost|p2a: Donphan|spe|1\n|-sideend|p2: MixHagelslag|Stealth Rock|[from] move: Rapid Spin|[of] p2a: Donphan\n|\n|-heal|p2a: Donphan|81/288|[from] item: Leftovers\n|upkeep\n|turn|8\n|\n|t:|1781393991\n|move|p2a: Donphan|Earthquake|p1a: Piloswine\n|-damage|p1a: Piloswine|186/309\n|move|p1a: Piloswine|Earthquake|p2a: Donphan\n|-supereffective|p2a: Donphan\n|-damage|p2a: Donphan|0 fnt\n|faint|p2a: Donphan\n|\n|upkeep\n|\n|t:|1781393996\n|switch|p2a: Magmortar|Magmortar, L88, F|275/275\n|turn|9\n|\n|t:|1781394002\n|move|p2a: Magmortar|Fire Blast|p1a: Piloswine\n|-supereffective|p1a: Piloswine\n|-damage|p1a: Piloswine|48/309\n|move|p1a: Piloswine|Earthquake|p2a: Magmortar\n|-supereffective|p2a: Magmortar\n|-damage|p2a: Magmortar|5/275\n|\n|upkeep\n|turn|10\n|\n|t:|1781394009\n|move|p2a: Magmortar|Fire Blast|p1a: Piloswine\n|-supereffective|p1a: Piloswine\n|-damage|p1a: Piloswine|0 fnt\n|faint|p1a: Piloswine\n|\n|upkeep\n|\n|t:|1781394023\n|switch|p1a: Munkidori|Munkidori, L79, M|269/269\n|-damage|p1a: Munkidori|236/269|[from] Stealth Rock\n|turn|11\n|\n|t:|1781394029\n|move|p1a: Munkidori|Psyshock|p2a: Magmortar\n|-damage|p2a: Magmortar|0 fnt\n|faint|p2a: Magmortar\n|-damage|p1a: Munkidori|210/269|[from] item: Life Orb\n|\n|upkeep\n|\n|t:|1781394038\n|switch|p2a: Lanturn|Lanturn, L89, F|367/367\n|turn|12\n|\n|t:|1781394046\n|switch|p1a: Excadrill|Excadrill, L79, M|181/303\n|-damage|p1a: Excadrill|172/303|[from] Stealth Rock\n|-ability|p1a: Excadrill|Mold Breaker\n|move|p2a: Lanturn|Thunder Wave|p1a: Excadrill\n|-immune|p1a: Excadrill\n|\n|upkeep\n|turn|13\n|\n|t:|1781394050\n|move|p1a: Excadrill|Rapid Spin|p2a: Lanturn\n|-damage|p2a: Lanturn|313/367\n|-boost|p1a: Excadrill|spe|1\n|-sideend|p1: TRedden|Stealth Rock|[from] move: Rapid Spin|[of] p1a: Excadrill\n|move|p2a: Lanturn|Scald|p1a: Excadrill\n|-supereffective|p1a: Excadrill\n|-damage|p1a: Excadrill|0 fnt\n|faint|p1a: Excadrill\n|\n|upkeep\n|\n|t:|1781394059\n|switch|p1a: Stonjourner|Stonjourner, L91, F|330/330\n|turn|14\n|\n|t:|1781394065\n|move|p1a: Stonjourner|Earthquake|p2a: Lanturn\n|-supereffective|p2a: Lanturn\n|-damage|p2a: Lanturn|0 fnt\n|faint|p2a: Lanturn\n|-damage|p1a: Stonjourner|297/330|[from] item: Life Orb\n|\n|upkeep\n|\n|t:|1781394071\n|switch|p2a: Venusaur|Venusaur, L84, F|272/272\n|turn|15\n|\n|t:|1781394086\n|switch|p1a: Munkidori|Munkidori, L79, M|210/269\n|move|p2a: Venusaur|Substitute|p2a: Venusaur\n|-start|p2a: Venusaur|Substitute\n|-damage|p2a: Venusaur|204/272\n|\n|-heal|p2a: Venusaur|221/272|[from] item: Leftovers\n|upkeep\n|turn|16\n|\n|t:|1781394095\n|move|p1a: Munkidori|Psyshock|p2a: Venusaur\n|-supereffective|p2a: Venusaur\n|-end|p2a: Venusaur|Substitute\n|-damage|p1a: Munkidori|184/269|[from] item: Life Orb\n|move|p2a: Venusaur|Leech Seed|p1a: Munkidori\n|-start|p1a: Munkidori|move: Leech Seed\n|\n|-heal|p2a: Venusaur|238/272|[from] item: Leftovers\n|-damage|p1a: Munkidori|151/269|[from] Leech Seed|[of] p2a: Venusaur\n|-heal|p2a: Venusaur|271/272|[silent]\n|upkeep\n|turn|17\n|\n|t:|1781394108\n|switch|p2a: Diancie|Diancie, L82|216/216\n|move|p1a: Munkidori|Psyshock|p2a: Diancie\n|-damage|p2a: Diancie|134/216\n|-status|p2a: Diancie|tox|[from] ability: Toxic Chain|[of] p1a: Munkidori\n|-damage|p1a: Munkidori|125/269|[from] item: Life Orb\n|\n|-damage|p1a: Munkidori|92/269|[from] Leech Seed|[of] p2a: Diancie\n|-heal|p2a: Diancie|167/216 tox|[silent]\n|-damage|p2a: Diancie|154/216 tox|[from] psn\n|upkeep\n|turn|18\n|inactive|MixHagelslag has 120 seconds left.\n|l|\u2606MixHagelslag\n|inactive|MixHagelslag disconnected and has a minute to reconnect!\n|player|p2|\n|j|\u2606MixHagelslag\n|inactive|MixHagelslag reconnected and has 110 seconds left.\n|player|p2|MixHagelslag|265|\n|\n|t:|1781394162\n|switch|p1a: Samurott|Samurott, L88, M|310/310\n|move|p2a: Diancie|Diamond Storm|p1a: Samurott\n|-damage|p1a: Samurott|201/310\n|-boost|p2a: Diancie|def|2\n|\n|-damage|p2a: Diancie|128/216 tox|[from] psn\n|upkeep\n|turn|19\n|\n|t:|1781394172\n|move|p1a: Samurott|Swords Dance|p1a: Samurott\n|-boost|p1a: Samurott|atk|2\n|move|p2a: Diancie|Body Press|p1a: Samurott\n|-crit|p1a: Samurott\n|-damage|p1a: Samurott|0 fnt\n|faint|p1a: Samurott\n|\n|-damage|p2a: Diancie|89/216 tox|[from] psn\n|upkeep\n|\n|t:|1781394190\n|switch|p1a: Stonjourner|Stonjourner, L91, F|297/330\n|turn|20\n|inactive|MixHagelslag has 90 seconds left.\n|\n|t:|1781394218\n|move|p1a: Stonjourner|Earthquake|p2a: Diancie\n|-supereffective|p2a: Diancie\n|-damage|p2a: Diancie|0 fnt\n|faint|p2a: Diancie\n|-damage|p1a: Stonjourner|264/330|[from] item: Life Orb\n|\n|upkeep\n|\n|t:|1781394222\n|switch|p2a: Venusaur|Venusaur, L84, F|271/272\n|turn|21\n|inactive|MixHagelslag has 90 seconds left.\n|\n|t:|1781394239\n|switch|p1a: Munkidori|Munkidori, L79, M|92/269\n|move|p2a: Venusaur|Substitute|p2a: Venusaur\n|-start|p2a: Venusaur|Substitute\n|-damage|p2a: Venusaur|203/272\n|\n|-heal|p2a: Venusaur|220/272|[from] item: Leftovers\n|upkeep\n|turn|22\n|inactive|MixHagelslag has 90 seconds left.\n|\n|t:|1781394256\n|move|p1a: Munkidori|Psyshock|p2a: Venusaur\n|-supereffective|p2a: Venusaur\n|-end|p2a: Venusaur|Substitute\n|-damage|p1a: Munkidori|66/269|[from] item: Life Orb\n|move|p2a: Venusaur|Substitute|p2a: Venusaur\n|-start|p2a: Venusaur|Substitute\n|-damage|p2a: Venusaur|152/272\n|\n|-heal|p2a: Venusaur|169/272|[from] item: Leftovers\n|upkeep\n|turn|23\n|inactive|MixHagelslag has 90 seconds left.\n|\n|t:|1781394263\n|move|p1a: Munkidori|Psyshock|p2a: Venusaur\n|-supereffective|p2a: Venusaur\n|-end|p2a: Venusaur|Substitute\n|-damage|p1a: Munkidori|40/269|[from] item: Life Orb\n|move|p2a: Venusaur|Substitute|p2a: Venusaur\n|-start|p2a: Venusaur|Substitute\n|-damage|p2a: Venusaur|101/272\n|\n|-heal|p2a: Venusaur|118/272|[from] item: Leftovers\n|upkeep\n|turn|24\n|inactive|MixHagelslag has 90 seconds left.\n|\n|t:|1781394274\n|move|p1a: Munkidori|Psyshock|p2a: Venusaur\n|-supereffective|p2a: Venusaur\n|-end|p2a: Venusaur|Substitute\n|-damage|p1a: Munkidori|14/269|[from] item: Life Orb\n|move|p2a: Venusaur|Leech Seed|p1a: Munkidori\n|-start|p1a: Munkidori|move: Leech Seed\n|\n|-heal|p2a: Venusaur|135/272|[from] item: Leftovers\n|-damage|p1a: Munkidori|0 fnt|[from] Leech Seed|[of] p2a: Venusaur\n|-heal|p2a: Venusaur|149/272|[silent]\n|faint|p1a: Munkidori\n|upkeep\n|\n|t:|1781394277\n|switch|p1a: Latias|Latias, L79, F|256/256\n|turn|25\n|c|\u2606MixHagelslag|:(\n|c|\u2606MixHagelslag|Yeah gg\n|inactive|MixHagelslag has 90 seconds left.\n|\n|t:|1781394296\n|move|p1a: Latias|Psyshock|p2a: Venusaur\n|-supereffective|p2a: Venusaur\n|-damage|p2a: Venusaur|0 fnt\n|faint|p2a: Venusaur\n|\n|upkeep\n|\n|t:|1781394299\n|switch|p2a: Falinks|Falinks, L84|113/246\n|turn|26\n|\n|t:|1781394302\n|move|p1a: Latias|Psyshock|p2a: Falinks\n|-supereffective|p2a: Falinks\n|-damage|p2a: Falinks|0 fnt\n|faint|p2a: Falinks\n|\n|win|TRedden\n|raw|TRedden's rating: 1715 &rarr; <strong>1735</strong><br />(+20 for winning)\n|raw|MixHagelslag's rating: 1712 &rarr; <strong>1692</strong><br />(-20 for losing)\n", "inputlog": ">version a8376a258c1d4662feba110a92103f3664a72141\n>start {\"formatid\":\"gen9randombattle\",\"seed\":\"sodium,7a27fa2cbf97809ccc99bcc835245e54\",\"rated\":\"Rated battle\"}\n>player p1 {\"name\":\"TRedden\",\"avatar\":\"blue\",\"rating\":1715,\"seed\":\"sodium,f375dfa32a8d52d2d128d36082a43126\"}\n>player p2 {\"name\":\"MixHagelslag\",\"avatar\":\"265\",\"rating\":1712,\"seed\":\"sodium,49e71880ac89ee84b387163b43f64435\"}\n>p1 move earthquake\n>p2 move knockoff\n>p1 move ironhead\n>p2 switch 4\n>p1 switch 3\n>p2 move stealthrock\n>p1 move stealthrock\n>p2 switch 4\n>p1 move roar\n>p2 move noretreat\n>chat \u2606MixHagelslag|lol\n>p1 move iciclecrash\n>p2 move earthquake\n>p1 move iciclecrash\n>p2 move rapidspin terastallize\n>p1 move earthquake\n>p2 move earthquake\n>p2 switch 2\n>p1 move earthquake\n>p2 move fireblast\n>p1 move earthquake\n>p2 move fireblast\n>p1 switch 2\n>p1 move psyshock\n>p2 move knockoff\n>p2 switch 3\n>p1 switch 3\n>p2 move thunderwave\n>p1 move rapidspin\n>p2 move scald\n>p1 switch 4\n>p1 move earthquake\n>p2 move scald\n>p2 switch 5\n>p1 switch 3\n>p2 move substitute\n>p1 move psyshock\n>p2 move leechseed\n>p1 move psyshock\n>p2 switch 6\n>p1 switch 6\n>p2 move diamondstorm\n>p1 move swordsdance\n>p2 move bodypress\n>p1 switch 3\n>p1 move earthquake\n>p2 move earthpower\n>p2 switch 6\n>p1 switch 6\n>p2 move substitute\n>p1 move psyshock\n>p2 move substitute\n>p1 move psyshock\n>p2 move substitute\n>p1 move psyshock\n>p2 move leechseed\n>p1 switch 5\n>chat \u2606MixHagelslag|:(\n>chat \u2606MixHagelslag|Yeah gg\n>p1 move psyshock\n>p2 move leechseed\n>p2 switch 4\n>p1 move psyshock\n>p2 move noretreat", "uploadtime": 1781394304, "views": 5, "formatid": "gen9randombattle", "rating": 1692, "private": 0, "password": null, "player_dets": [{"name": "TRedden", "avatar": "blue", "rating": 1715, "seed": "sodium,f375dfa32a8d52d2d128d36082a43126"}, {"name": "MixHagelslag", "avatar": "265", "rating": 1712, "seed": "sodium,49e71880ac89ee84b387163b43f64435"}], "teams_full": [{"Excadrill": {"name": "Excadrill", "species": "Excadrill", "speciesId": "excadrill", "gender": "M", "shiny": false, "level": 79, "moves": ["rapidspin", "ironhead", "earthquake", "rockslide"], "ability": "Mold Breaker", "evs": {"hp": 85, "atk": 85, "def": 85, "spa": 85, "spd": 85, "spe": 85}, "ivs": {"hp": 31, "atk": 31, "def": 31, "spa": 31, "spd": 31, "spe": 31}, "item": "Assault Vest", "teraType": "Grass", "role": "AV Pivot", "bvs": {"hp": 110, "atk": 135, "def": 60, "spa": 50, "spd": 65, "spe": 88}, "stats": {"hp": 303, "atk": 259, "def": 140, "spa": 125, "spd": 148, "spe": 185}}, "Munkidori": {"name": "Munkidori", "species": "Munkidori", "speciesId": "munkidori", "gender": "M", "shiny": false, "level": 79, "moves": ["psyshock", "focusblast", "sludgewave", "nastyplot"], "ability": "Toxic Chain", "evs": {"hp": 85, "atk": 0, "def": 85, "spa": 85, "spd": 85, "spe": 85}, "ivs": {"hp": 31, "atk": 0, "def": 31, "spa": 31, "spd": 31, "spe": 31}, "item": "Life Orb", "teraType": "Poison", "role": "Fast Attacker", "bvs": {"hp": 88, "atk": 75, "def": 66, "spa": 130, "spd": 90, "spe": 106}, "stats": {"hp": 269, "atk": 123, "def": 150, "spa": 251, "spd": 188, "spe": 213}}, "Piloswine": {"name": "Piloswine", "species": "Piloswine", "speciesId": "piloswine", "gender": "M", "shiny": false, "level": 85, "moves": ["stealthrock", "iciclecrash", "roar", "earthquake"], "ability": "Thick Fat", "evs": {"hp": 85, "atk": 85, "def": 85, "spa": 85, "spd": 85, "spe": 85}, "ivs": {"hp": 31, "atk": 31, "def": 31, "spa": 31, "spd": 31, "spe": 31}, "item": "Eviolite", "teraType": "Dragon", "role": "Bulky Support", "bvs": {"hp": 100, "atk": 100, "def": 80, "spa": 60, "spd": 60, "spe": 50}, "stats": {"hp": 309, "atk": 219, "def": 185, "spa": 151, "spd": 151, "spe": 134}}, "Stonjourner": {"name": "Stonjourner", "species": "Stonjourner", "speciesId": "stonjourner", "gender": "F", "shiny": false, "level": 91, "moves": ["earthquake", "stoneedge", "heatcrash", "rockpolish"], "ability": "Power Spot", "evs": {"hp": 85, "atk": 85, "def": 85, "spa": 85, "spd": 85, "spe": 85}, "ivs": {"hp": 31, "atk": 31, "def": 31, "spa": 31, "spd": 31, "spe": 31}, "item": "Life Orb", "teraType": "Fire", "role": "Fast Attacker", "bvs": {"hp": 100, "atk": 125, "def": 135, "spa": 20, "spd": 20, "spe": 70}, "stats": {"hp": 330, "atk": 279, "def": 298, "spa": 88, "spd": 88, "spe": 179}}, "Latias": {"name": "Latias", "species": "Latias", "speciesId": "latias", "gender": "F", "shiny": false, "level": 79, "moves": ["recover", "dracometeor", "psyshock", "calmmind"], "ability": "Levitate", "evs": {"hp": 85, "atk": 0, "def": 85, "spa": 85, "spd": 85, "spe": 85}, "ivs": {"hp": 31, "atk": 0, "def": 31, "spa": 31, "spd": 31, "spe": 31}, "item": "Soul Dew", "teraType": "Steel", "role": "Fast Bulky Setup", "bvs": {"hp": 80, "atk": 80, "def": 90, "spa": 110, "spd": 130, "spe": 110}, "stats": {"hp": 256, "atk": 131, "def": 188, "spa": 219, "spd": 251, "spe": 219}}, "Samurott": {"name": "Samurott", "species": "Samurott", "speciesId": "samurott", "gender": "M", "shiny": false, "level": 88, "moves": ["swordsdance", "liquidation", "knockoff", "sacredsword"], "ability": "Torrent", "evs": {"hp": 85, "atk": 85, "def": 85, "spa": 85, "spd": 85, "spe": 85}, "ivs": {"hp": 31, "atk": 31, "def": 31, "spa": 31, "spd": 31, "spe": 31}, "item": "Life Orb", "teraType": "Dark", "role": "Setup Sweeper", "bvs": {"hp": 95, "atk": 100, "def": 85, "spa": 108, "spd": 70, "spe": 70}, "stats": {"hp": 310, "atk": 226, "def": 200, "spa": 240, "spd": 173, "spe": 173}}}, {"Falinks": {"name": "Falinks", "species": "Falinks", "speciesId": "falinks", "gender": "N", "shiny": false, "level": 84, "moves": ["noretreat", "knockoff", "ironhead", "closecombat"], "ability": "Defiant", "evs": {"hp": 85, "atk": 85, "def": 85, "spa": 85, "spd": 85, "spe": 85}, "ivs": {"hp": 31, "atk": 31, "def": 31, "spa": 31, "spd": 31, "spe": 31}, "item": "Life Orb", "teraType": "Steel", "role": "Setup Sweeper", "bvs": {"hp": 65, "atk": 100, "def": 100, "spa": 70, "spd": 60, "spe": 75}, "stats": {"hp": 246, "atk": 216, "def": 216, "spa": 166, "spd": 149, "spe": 174}}, "Magmortar": {"name": "Magmortar", "species": "Magmortar", "speciesId": "magmortar", "gender": "F", "shiny": false, "level": 88, "moves": ["fireblast", "focusblast", "knockoff", "thunderbolt"], "ability": "Flame Body", "evs": {"hp": 85, "atk": 85, "def": 85, "spa": 85, "spd": 85, "spe": 85}, "ivs": {"hp": 31, "atk": 31, "def": 31, "spa": 31, "spd": 31, "spe": 31}, "item": "Heavy-Duty Boots", "teraType": "Water", "role": "Fast Attacker", "bvs": {"hp": 75, "atk": 95, "def": 67, "spa": 125, "spd": 95, "spe": 83}, "stats": {"hp": 275, "atk": 217, "def": 168, "spa": 270, "spd": 217, "spe": 196}}, "Lanturn": {"name": "Lanturn", "species": "Lanturn", "speciesId": "lanturn", "gender": "F", "shiny": false, "level": 89, "moves": ["thunderbolt", "scald", "voltswitch", "thunderwave"], "ability": "Volt Absorb", "evs": {"hp": 85, "atk": 0, "def": 85, "spa": 85, "spd": 85, "spe": 85}, "ivs": {"hp": 31, "atk": 0, "def": 31, "spa": 31, "spd": 31, "spe": 31}, "item": "Heavy-Duty Boots", "teraType": "Flying", "role": "Fast Support", "bvs": {"hp": 125, "atk": 58, "def": 58, "spa": 76, "spd": 76, "spe": 67}, "stats": {"hp": 367, "atk": 108, "def": 154, "spa": 186, "spd": 186, "spe": 170}}, "Donphan": {"name": "Donphan", "species": "Donphan", "speciesId": "donphan", "gender": "F", "shiny": false, "level": 84, "moves": ["earthquake", "stealthrock", "icespinner", "rapidspin"], "ability": "Sturdy", "evs": {"hp": 85, "atk": 85, "def": 85, "spa": 85, "spd": 85, "spe": 85}, "ivs": {"hp": 31, "atk": 31, "def": 31, "spa": 31, "spd": 31, "spe": 31}, "item": "Leftovers", "teraType": "Steel", "role": "Bulky Support", "bvs": {"hp": 90, "atk": 120, "def": 120, "spa": 60, "spd": 60, "spe": 50}, "stats": {"hp": 288, "atk": 250, "def": 250, "spa": 149, "spd": 149, "spe": 132}}, "Venusaur": {"name": "Venusaur", "species": "Venusaur", "speciesId": "venusaur", "gender": "F", "shiny": false, "level": 84, "moves": ["gigadrain", "leechseed", "substitute", "sludgebomb"], "ability": "Overgrow", "evs": {"hp": 85, "atk": 0, "def": 85, "spa": 85, "spd": 85, "spe": 85}, "ivs": {"hp": 31, "atk": 0, "def": 31, "spa": 31, "spd": 31, "spe": 31}, "item": "Leftovers", "teraType": "Water", "role": "Bulky Support", "bvs": {"hp": 80, "atk": 82, "def": 83, "spa": 100, "spd": 100, "spe": 80}, "stats": {"hp": 272, "atk": 142, "def": 188, "spa": 216, "spd": 216, "spe": 183}}, "Diancie": {"name": "Diancie", "species": "Diancie", "speciesId": "diancie", "gender": "N", "shiny": false, "level": 82, "moves": ["moonblast", "earthpower", "bodypress", "diamondstorm"], "ability": "Clear Body", "evs": {"hp": 85, "atk": 85, "def": 85, "spa": 85, "spd": 85, "spe": 85}, "ivs": {"hp": 31, "atk": 31, "def": 31, "spa": 31, "spd": 31, "spe": 31}, "item": "Assault Vest", "teraType": "Fighting", "role": "Bulky Attacker", "bvs": {"hp": 50, "atk": 100, "def": 150, "spa": 100, "spd": 150, "spe": 50}, "stats": {"hp": 216, "atk": 211, "def": 293, "spa": 211, "spd": 293, "spe": 129}}}]}