{"id": "gen9randombattle-2631481467", "format": "[Gen 9] Random Battle", "players": ["tuhermana47", "LureAction"], "log": "|j|\u2606tuhermana47\n|j|\u2606LureAction\n|t:|1781390402\n|gametype|singles\n|player|p1|tuhermana47|169|1318\n|player|p2|LureAction|fisherman-gen4|1265\n|gen|9\n|tier|[Gen 9] Random Battle\n|rated|\n|rule|Species Clause: Limit one of each Pok\u00e9mon\n|rule|HP Percentage Mod: HP is shown in percentages\n|rule|Sleep Clause Mod: Limit one foe put to sleep\n|rule|Illusion Level Mod: Illusion disguises the Pok\u00e9mon's true level\n|\n|t:|1781390402\n|teamsize|p1|6\n|teamsize|p2|6\n|start\n|switch|p1a: Excadrill|Excadrill, L79, F|303/303\n|switch|p2a: Sinistcha|Sinistcha, L83|254/254\n|-ability|p1a: Excadrill|Mold Breaker\n|turn|1\n|\n|t:|1781390419\n|switch|p1a: Volbeat|Volbeat, L90, M|263/263\n|move|p2a: Sinistcha|Strength Sap|p1a: Volbeat\n|-unboost|p1a: Volbeat|atk|1\n|\n|upkeep\n|turn|2\n|\n|t:|1781390442\n|-terastallize|p2a: Sinistcha|Steel\n|move|p1a: Volbeat|Thunder Wave|p2a: Sinistcha\n|-status|p2a: Sinistcha|par\n|move|p2a: Sinistcha|Calm Mind|p2a: Sinistcha\n|-boost|p2a: Sinistcha|spa|1\n|-boost|p2a: Sinistcha|spd|1\n|\n|upkeep\n|turn|3\n|\n|t:|1781390455\n|move|p1a: Volbeat|Encore|p2a: Sinistcha\n|-start|p2a: Sinistcha|Encore\n|cant|p2a: Sinistcha|par\n|\n|upkeep\n|turn|4\n|\n|t:|1781390462\n|switch|p1a: Excadrill|Excadrill, L79, F|303/303\n|-ability|p1a: Excadrill|Mold Breaker\n|move|p2a: Sinistcha|Calm Mind|p2a: Sinistcha\n|-boost|p2a: Sinistcha|spa|1\n|-boost|p2a: Sinistcha|spd|1\n|\n|upkeep\n|turn|5\n|\n|t:|1781390476\n|switch|p2a: Kommo-o|Kommo-o, L78, M|245/245\n|move|p1a: Excadrill|Swords Dance|p1a: Excadrill\n|-boost|p1a: Excadrill|atk|2\n|\n|upkeep\n|turn|6\n|\n|t:|1781390484\n|move|p1a: Excadrill|Earthquake|p2a: Kommo-o\n|-damage|p2a: Kommo-o|41/245\n|move|p2a: Kommo-o|Close Combat|p1a: Excadrill\n|-supereffective|p1a: Excadrill\n|-damage|p1a: Excadrill|0 fnt\n|-unboost|p2a: Kommo-o|def|1\n|-unboost|p2a: Kommo-o|spd|1\n|faint|p1a: Excadrill\n|\n|upkeep\n|\n|t:|1781390489\n|switch|p1a: Volbeat|Volbeat, L90, M|263/263\n|turn|7\n|\n|t:|1781390503\n|switch|p2a: Gurdurr|Gurdurr, L85, F|283/283\n|move|p1a: Volbeat|Lunge|p2a: Gurdurr\n|-resisted|p2a: Gurdurr\n|-damage|p2a: Gurdurr|255/283\n|-unboost|p2a: Gurdurr|atk|1\n|\n|upkeep\n|turn|8\n|\n|t:|1781390512\n|move|p1a: Volbeat|Thunder Wave|p2a: Gurdurr\n|-status|p2a: Gurdurr|par\n|move|p2a: Gurdurr|Bulk Up|p2a: Gurdurr\n|-boost|p2a: Gurdurr|atk|1\n|-boost|p2a: Gurdurr|def|1\n|\n|upkeep\n|turn|9\n|\n|t:|1781390522\n|move|p1a: Volbeat|Encore|p2a: Gurdurr\n|-start|p2a: Gurdurr|Encore\n|move|p2a: Gurdurr|Bulk Up|p2a: Gurdurr\n|-boost|p2a: Gurdurr|atk|1\n|-boost|p2a: Gurdurr|def|1\n|\n|upkeep\n|turn|10\n|\n|t:|1781390528\n|switch|p1a: Comfey|Comfey, L85, F|225/225\n|move|p2a: Gurdurr|Bulk Up|p2a: Gurdurr\n|-boost|p2a: Gurdurr|atk|1\n|-boost|p2a: Gurdurr|def|1\n|\n|upkeep\n|turn|11\n|\n|t:|1781390538\n|move|p1a: Comfey|Calm Mind|p1a: Comfey\n|-boost|p1a: Comfey|spa|1\n|-boost|p1a: Comfey|spd|1\n|cant|p2a: Gurdurr|par\n|\n|-end|p2a: Gurdurr|Encore\n|upkeep\n|turn|12\n|\n|t:|1781390553\n|move|p1a: Comfey|Encore|p2a: Gurdurr\n|-start|p2a: Gurdurr|Encore\n|move|p2a: Gurdurr|Bulk Up|p2a: Gurdurr\n|-boost|p2a: Gurdurr|atk|1\n|-boost|p2a: Gurdurr|def|1\n|\n|upkeep\n|turn|13\n|\n|t:|1781390561\n|move|p1a: Comfey|Calm Mind|p1a: Comfey\n|-boost|p1a: Comfey|spa|1\n|-boost|p1a: Comfey|spd|1\n|move|p2a: Gurdurr|Bulk Up|p2a: Gurdurr\n|-boost|p2a: Gurdurr|atk|1\n|-boost|p2a: Gurdurr|def|1\n|\n|upkeep\n|turn|14\n|\n|t:|1781390568\n|move|p1a: Comfey|Calm Mind|p1a: Comfey\n|-boost|p1a: Comfey|spa|1\n|-boost|p1a: Comfey|spd|1\n|move|p2a: Gurdurr|Bulk Up|p2a: Gurdurr\n|-boost|p2a: Gurdurr|atk|1\n|-boost|p2a: Gurdurr|def|1\n|\n|-end|p2a: Gurdurr|Encore\n|upkeep\n|turn|15\n|\n|t:|1781390578\n|move|p1a: Comfey|Encore|p2a: Gurdurr\n|-start|p2a: Gurdurr|Encore\n|cant|p2a: Gurdurr|par\n|\n|upkeep\n|turn|16\n|\n|t:|1781390583\n|move|p1a: Comfey|Calm Mind|p1a: Comfey\n|-boost|p1a: Comfey|spa|1\n|-boost|p1a: Comfey|spd|1\n|cant|p2a: Gurdurr|par\n|\n|upkeep\n|turn|17\n|\n|t:|1781390589\n|move|p1a: Comfey|Calm Mind|p1a: Comfey\n|-boost|p1a: Comfey|spa|1\n|-boost|p1a: Comfey|spd|1\n|move|p2a: Gurdurr|Bulk Up|p2a: Gurdurr\n|-boost|p2a: Gurdurr|atk|1\n|-boost|p2a: Gurdurr|def|0\n|\n|-end|p2a: Gurdurr|Encore\n|upkeep\n|turn|18\n|\n|t:|1781390598\n|move|p2a: Gurdurr|Mach Punch|p1a: Comfey\n|-resisted|p1a: Comfey\n|-damage|p1a: Comfey|101/225\n|move|p1a: Comfey|Encore|p2a: Gurdurr\n|-start|p2a: Gurdurr|Encore\n|\n|-heal|p1a: Comfey|115/225|[from] item: Leftovers\n|upkeep\n|turn|19\n|\n|t:|1781390606\n|move|p1a: Comfey|Draining Kiss|p2a: Gurdurr\n|-supereffective|p2a: Gurdurr\n|-damage|p2a: Gurdurr|0 fnt\n|-heal|p1a: Comfey|225/225|[from] drain|[of] p2a: Gurdurr\n|faint|p2a: Gurdurr\n|\n|upkeep\n|\n|t:|1781390615\n|switch|p2a: Sinistcha|Sinistcha, L83, tera:Steel|254/254 par\n|turn|20\n|\n|t:|1781390630\n|move|p1a: Comfey|Calm Mind|p1a: Comfey\n|-boost|p1a: Comfey|spa|1\n|-boost|p1a: Comfey|spd|1\n|move|p2a: Sinistcha|Strength Sap|p1a: Comfey\n|-unboost|p1a: Comfey|atk|1\n|\n|upkeep\n|turn|21\n|\n|t:|1781390637\n|-terastallize|p1a: Comfey|Ground\n|move|p1a: Comfey|Tera Blast|p2a: Sinistcha|[anim] Tera Blast Ground\n|-supereffective|p2a: Sinistcha\n|-damage|p2a: Sinistcha|0 fnt\n|faint|p2a: Sinistcha\n|\n|upkeep\n|\n|t:|1781390645\n|switch|p2a: Misdreavus|Misdreavus, L90, M|254/254\n|turn|22\n|\n|t:|1781390650\n|move|p1a: Comfey|Draining Kiss|p2a: Misdreavus\n|-damage|p2a: Misdreavus|128/254\n|move|p2a: Misdreavus|Will-O-Wisp|p1a: Comfey|[miss]\n|-miss|p2a: Misdreavus|p1a: Comfey\n|\n|upkeep\n|turn|23\n|\n|t:|1781390656\n|move|p1a: Comfey|Draining Kiss|p2a: Misdreavus\n|-damage|p2a: Misdreavus|7/254\n|move|p2a: Misdreavus|Will-O-Wisp|p1a: Comfey\n|-status|p1a: Comfey|brn\n|\n|-damage|p1a: Comfey|211/225 brn|[from] brn\n|upkeep\n|turn|24\n|\n|t:|1781390670\n|switch|p2a: Kommo-o|Kommo-o, L78, M|41/245\n|move|p1a: Comfey|Draining Kiss|p2a: Kommo-o\n|-supereffective|p2a: Kommo-o\n|-damage|p2a: Kommo-o|0 fnt\n|-heal|p1a: Comfey|225/225 brn|[from] drain|[of] p2a: Kommo-o\n|faint|p2a: Kommo-o\n|\n|-damage|p1a: Comfey|211/225 brn|[from] brn\n|upkeep\n|\n|t:|1781390683\n|switch|p2a: Luvdisc|Luvdisc, M|247/247\n|turn|25\n|\n|t:|1781390691\n|move|p1a: Comfey|Draining Kiss|p2a: Luvdisc\n|-damage|p2a: Luvdisc|49/247\n|-heal|p1a: Comfey|225/225 brn|[from] drain|[of] p2a: Luvdisc\n|move|p2a: Luvdisc|Endeavor|p1a: Comfey\n|-damage|p1a: Comfey|49/225 brn\n|\n|-heal|p1a: Comfey|63/225 brn|[from] item: Leftovers\n|-damage|p1a: Comfey|49/225 brn|[from] brn\n|upkeep\n|turn|26\n|\n|t:|1781390711\n|switch|p2a: Misdreavus|Misdreavus, L90, M|7/254\n|move|p1a: Comfey|Draining Kiss|p2a: Misdreavus\n|-damage|p2a: Misdreavus|0 fnt\n|-heal|p1a: Comfey|54/225 brn|[from] drain|[of] p2a: Misdreavus\n|faint|p2a: Misdreavus\n|\n|-heal|p1a: Comfey|68/225 brn|[from] item: Leftovers\n|-damage|p1a: Comfey|54/225 brn|[from] brn\n|upkeep\n|\n|t:|1781390725\n|switch|p2a: Luvdisc|Luvdisc, M|49/247\n|turn|27\n|\n|t:|1781390728\n|move|p1a: Comfey|Draining Kiss|p2a: Luvdisc\n|-damage|p2a: Luvdisc|0 fnt\n|-heal|p1a: Comfey|91/225 brn|[from] drain|[of] p2a: Luvdisc\n|faint|p2a: Luvdisc\n|\n|-heal|p1a: Comfey|105/225 brn|[from] item: Leftovers\n|-damage|p1a: Comfey|91/225 brn|[from] brn\n|upkeep\n|\n|t:|1781390737\n|switch|p2a: Baxcalibur|Baxcalibur, L75, M|295/295\n|turn|28\n|\n|t:|1781390742\n|move|p1a: Comfey|Draining Kiss|p2a: Baxcalibur\n|-supereffective|p2a: Baxcalibur\n|-damage|p2a: Baxcalibur|0 fnt\n|-heal|p1a: Comfey|225/225 brn|[from] drain|[of] p2a: Baxcalibur\n|faint|p2a: Baxcalibur\n|\n|win|tuhermana47\n|raw|tuhermana47's rating: 1318 &rarr; <strong>1335</strong><br />(+17 for winning)\n|raw|LureAction's rating: 1265 &rarr; <strong>1244</strong><br />(-21 for losing)\n", "inputlog": ">version a8376a258c1d4662feba110a92103f3664a72141\n>start {\"formatid\":\"gen9randombattle\",\"seed\":\"sodium,58aaf2673f9d85d757cb88f0e473369c\",\"rated\":\"Rated battle\"}\n>player p1 {\"name\":\"tuhermana47\",\"avatar\":\"169\",\"rating\":1318,\"seed\":\"sodium,60768a1d4642dea37f7196fe65440df5\"}\n>player p2 {\"name\":\"LureAction\",\"avatar\":\"fisherman-gen4\",\"rating\":1265,\"seed\":\"sodium,7723c9690c86b019c853ad5c2877a4e9\"}\n>p1 switch 4\n>p2 move strengthsap\n>p1 move thunderwave\n>p2 move calmmind terastallize\n>p1 move encore\n>p2 move shadowball\n>p1 switch 4\n>p2 move calmmind\n>p1 move swordsdance\n>p2 switch 3\n>p1 move earthquake\n>p2 move closecombat\n>p1 switch 4\n>p1 move lunge\n>p2 switch 4\n>p1 move thunderwave\n>p2 move bulkup\n>p1 move encore\n>p2 move knockoff\n>p1 switch 5\n>p2 move bulkup\n>p1 move calmmind\n>p2 move bulkup\n>p1 move encore\n>p2 move knockoff\n>p1 move calmmind\n>p2 move bulkup\n>p1 move calmmind\n>p2 move bulkup\n>p1 move encore\n>p2 move drainpunch\n>p1 move calmmind\n>p2 move bulkup\n>p1 move calmmind\n>p2 move bulkup\n>p1 move encore\n>p2 move machpunch\n>p1 move drainingkiss\n>p2 move machpunch\n>p2 switch 3\n>p1 move calmmind\n>p2 move strengthsap\n>p1 move terablast terastallize\n>p2 move matchagotcha\n>p2 switch 5\n>p1 move drainingkiss\n>p2 move willowisp\n>p1 move drainingkiss\n>p2 move willowisp\n>p1 move drainingkiss\n>p2 switch 4\n>p2 switch 6\n>p1 move drainingkiss\n>p2 move endeavor\n>p1 move drainingkiss\n>p2 switch 4\n>p2 switch 4\n>p1 move drainingkiss\n>p2 move surf\n>p2 switch 2\n>p1 move drainingkiss\n>p2 move iceshard", "uploadtime": 1781390744, "views": 6, "formatid": "gen9randombattle", "rating": 1244, "private": 0, "password": null, "player_dets": [{"name": "tuhermana47", "avatar": "169", "rating": 1318, "seed": "sodium,60768a1d4642dea37f7196fe65440df5"}, {"name": "LureAction", "avatar": "fisherman-gen4", "rating": 1265, "seed": "sodium,7723c9690c86b019c853ad5c2877a4e9"}], "teams_full": [{"Excadrill": {"name": "Excadrill", "species": "Excadrill", "speciesId": "excadrill", "gender": "F", "shiny": false, "level": 79, "moves": ["ironhead", "swordsdance", "earthquake", "rapidspin"], "ability": "Mold Breaker", "evs": {"hp": 85, "atk": 85, "def": 85, "spa": 85, "spd": 85, "spe": 85}, "ivs": {"hp": 31, "atk": 31, "def": 31, "spa": 31, "spd": 31, "spe": 31}, "item": "Leftovers", "teraType": "Grass", "role": "Bulky Setup", "bvs": {"hp": 110, "atk": 135, "def": 60, "spa": 50, "spd": 65, "spe": 88}, "stats": {"hp": 303, "atk": 259, "def": 140, "spa": 125, "spd": 148, "spe": 185}}, "Magnezone": {"name": "Magnezone", "species": "Magnezone", "speciesId": "magnezone", "gender": "N", "shiny": false, "level": 85, "moves": ["voltswitch", "bodypress", "thunderbolt", "flashcannon"], "ability": "Analytic", "evs": {"hp": 85, "atk": 0, "def": 85, "spa": 85, "spd": 85, "spe": 85}, "ivs": {"hp": 31, "atk": 0, "def": 31, "spa": 31, "spd": 31, "spe": 31}, "item": "Assault Vest", "teraType": "Flying", "role": "AV Pivot", "bvs": {"hp": 70, "atk": 70, "def": 115, "spa": 130, "spd": 90, "spe": 60}, "stats": {"hp": 258, "atk": 124, "def": 244, "spa": 270, "spd": 202, "spe": 151}}, "Espeon": {"name": "Espeon", "species": "Espeon", "speciesId": "espeon", "gender": "F", "shiny": false, "level": 84, "moves": ["calmmind", "psyshock", "morningsun", "shadowball"], "ability": "Magic Bounce", "evs": {"hp": 85, "atk": 0, "def": 85, "spa": 85, "spd": 85, "spe": 85}, "ivs": {"hp": 31, "atk": 0, "def": 31, "spa": 31, "spd": 31, "spe": 31}, "item": "Life Orb", "teraType": "Psychic", "role": "Fast Attacker", "bvs": {"hp": 65, "atk": 65, "def": 60, "spa": 130, "spd": 95, "spe": 110}, "stats": {"hp": 246, "atk": 114, "def": 149, "spa": 267, "spd": 208, "spe": 233}}, "Volbeat": {"name": "Volbeat", "species": "Volbeat", "speciesId": "volbeat", "gender": "M", "shiny": false, "level": 90, "moves": ["encore", "roost", "thunderwave", "lunge"], "ability": "Prankster", "evs": {"hp": 85, "atk": 85, "def": 85, "spa": 85, "spd": 85, "spe": 85}, "ivs": {"hp": 31, "atk": 31, "def": 31, "spa": 31, "spd": 31, "spe": 31}, "item": "Heavy-Duty Boots", "teraType": "Steel", "role": "Bulky Attacker", "bvs": {"hp": 65, "atk": 73, "def": 75, "spa": 47, "spd": 85, "spe": 85}, "stats": {"hp": 263, "atk": 183, "def": 186, "spa": 136, "spd": 204, "spe": 204}}, "Comfey": {"name": "Comfey", "species": "Comfey", "speciesId": "comfey", "gender": "F", "shiny": false, "level": 85, "moves": ["terablast", "drainingkiss", "calmmind", "encore"], "ability": "Triage", "evs": {"hp": 85, "atk": 0, "def": 85, "spa": 85, "spd": 85, "spe": 85}, "ivs": {"hp": 31, "atk": 0, "def": 31, "spa": 31, "spd": 31, "spe": 31}, "item": "Leftovers", "teraType": "Ground", "role": "Tera Blast user", "bvs": {"hp": 51, "atk": 52, "def": 90, "spa": 82, "spd": 110, "spe": 100}, "stats": {"hp": 225, "atk": 93, "def": 202, "spa": 188, "spd": 236, "spe": 219}}, "Rotom": {"name": "Rotom", "species": "Rotom-Wash", "speciesId": "rotomwash", "gender": "N", "shiny": false, "level": 82, "moves": ["hydropump", "willowisp", "voltswitch", "thunderbolt"], "ability": "Levitate", "evs": {"hp": 85, "atk": 0, "def": 85, "spa": 85, "spd": 85, "spe": 85}, "ivs": {"hp": 31, "atk": 0, "def": 31, "spa": 31, "spd": 31, "spe": 31}, "item": "Leftovers", "teraType": "Electric", "role": "Bulky Attacker", "bvs": {"hp": 50, "atk": 65, "def": 107, "spa": 105, "spd": 107, "spe": 86}, "stats": {"hp": 216, "atk": 111, "def": 223, "spa": 219, "spd": 223, "spe": 188}}}, {"Sinistcha": {"name": "Sinistcha", "species": "Sinistcha", "speciesId": "sinistcha", "gender": "N", "shiny": false, "level": 83, "moves": ["strengthsap", "matchagotcha", "calmmind", "shadowball"], "ability": "Heatproof", "evs": {"hp": 85, "atk": 0, "def": 85, "spa": 85, "spd": 85, "spe": 85}, "ivs": {"hp": 31, "atk": 0, "def": 31, "spa": 31, "spd": 31, "spe": 31}, "item": "Leftovers", "teraType": "Steel", "role": "Bulky Setup", "bvs": {"hp": 71, "atk": 60, "def": 106, "spa": 121, "spd": 80, "spe": 70}, "stats": {"hp": 254, "atk": 104, "def": 224, "spa": 249, "spd": 180, "spe": 164}}, "Baxcalibur": {"name": "Baxcalibur", "species": "Baxcalibur", "speciesId": "baxcalibur", "gender": "M", "shiny": false, "level": 75, "moves": ["iciclecrash", "iceshard", "earthquake", "glaiverush"], "ability": "Thermal Exchange", "evs": {"hp": 81, "atk": 85, "def": 85, "spa": 85, "spd": 85, "spe": 85}, "ivs": {"hp": 31, "atk": 31, "def": 31, "spa": 31, "spd": 31, "spe": 31}, "item": "Choice Band", "teraType": "Ground", "role": "Fast Attacker", "bvs": {"hp": 115, "atk": 145, "def": 92, "spa": 75, "spd": 86, "spe": 87}, "stats": {"hp": 295, "atk": 261, "def": 182, "spa": 156, "spd": 173, "spe": 174}}, "Kommo-o": {"name": "Kommo-o", "species": "Kommo-o", "speciesId": "kommoo", "gender": "M", "shiny": false, "level": 78, "moves": ["scaleshot", "closecombat", "swordsdance", "ironhead"], "ability": "Soundproof", "evs": {"hp": 85, "atk": 85, "def": 85, "spa": 85, "spd": 85, "spe": 85}, "ivs": {"hp": 31, "atk": 31, "def": 31, "spa": 31, "spd": 31, "spe": 31}, "item": "Loaded Dice", "teraType": "Steel", "role": "Setup Sweeper", "bvs": {"hp": 75, "atk": 110, "def": 125, "spa": 100, "spd": 105, "spe": 85}, "stats": {"hp": 245, "atk": 217, "def": 240, "spa": 201, "spd": 209, "spe": 178}}, "Gurdurr": {"name": "Gurdurr", "species": "Gurdurr", "speciesId": "gurdurr", "gender": "F", "shiny": false, "level": 85, "moves": ["bulkup", "machpunch", "knockoff", "drainpunch"], "ability": "Guts", "evs": {"hp": 85, "atk": 85, "def": 85, "spa": 85, "spd": 85, "spe": 85}, "ivs": {"hp": 31, "atk": 31, "def": 31, "spa": 31, "spd": 31, "spe": 31}, "item": "Eviolite", "teraType": "Steel", "role": "Bulky Attacker", "bvs": {"hp": 85, "atk": 105, "def": 85, "spa": 40, "spd": 50, "spe": 40}, "stats": {"hp": 283, "atk": 227, "def": 193, "spa": 117, "spd": 134, "spe": 117}}, "Misdreavus": {"name": "Misdreavus", "species": "Misdreavus", "speciesId": "misdreavus", "gender": "M", "shiny": false, "level": 90, "moves": ["shadowball", "calmmind", "drainingkiss", "willowisp"], "ability": "Levitate", "evs": {"hp": 85, "atk": 0, "def": 85, "spa": 85, "spd": 85, "spe": 85}, "ivs": {"hp": 31, "atk": 0, "def": 31, "spa": 31, "spd": 31, "spe": 31}, "item": "Eviolite", "teraType": "Fairy", "role": "Bulky Setup", "bvs": {"hp": 60, "atk": 60, "def": 60, "spa": 85, "spd": 85, "spe": 85}, "stats": {"hp": 254, "atk": 113, "def": 159, "spa": 204, "spd": 204, "spe": 204}}, "Luvdisc": {"name": "Luvdisc", "species": "Luvdisc", "speciesId": "luvdisc", "gender": "M", "shiny": false, "level": 100, "moves": ["endeavor", "surf", "substitute", "whirlpool"], "ability": "Swift Swim", "evs": {"hp": 81, "atk": 0, "def": 85, "spa": 85, "spd": 85, "spe": 85}, "ivs": {"hp": 31, "atk": 0, "def": 31, "spa": 31, "spd": 31, "spe": 31}, "item": "Heavy-Duty Boots", "teraType": "Ghost", "role": "Fast Support", "bvs": {"hp": 43, "atk": 30, "def": 55, "spa": 40, "spd": 65, "spe": 97}, "stats": {"hp": 247, "atk": 65, "def": 167, "spa": 137, "spd": 187, "spe": 251}}}]}