{"id": "gen9randombattle-2631880007", "format": "[Gen 9] Random Battle", "players": ["Xan4ss", "bimiuchiratnhieu"], "log": "|j|\u2606Xan4ss\n|j|\u2606bimiuchiratnhieu\n|t:|1781451368\n|gametype|singles\n|player|p1|Xan4ss|1|1997\n|player|p2|bimiuchiratnhieu|hilda|1995\n|gen|9\n|tier|[Gen 9] Random Battle\n|rated|\n|rule|Species Clause: Limit one of each Pok\u00e9mon\n|rule|HP Percentage Mod: HP is shown in percentages\n|rule|Sleep Clause Mod: Limit one foe put to sleep\n|rule|Illusion Level Mod: Illusion disguises the Pok\u00e9mon's true level\n|\n|t:|1781451368\n|teamsize|p1|6\n|teamsize|p2|6\n|start\n|switch|p1a: Metagross|Metagross, L79|256/256\n|switch|p2a: Magcargo|Magcargo, L95, M|268/268\n|turn|1\n|inactive|Battle timer is ON: inactive players will automatically lose when time's up. (requested by bimiuchiratnhieu)\n|\n|t:|1781451386\n|switch|p1a: Grimmsnarl|Grimmsnarl, L83, M|293/293\n|switch|p2a: Phione|Phione, L91|293/293\n|\n|upkeep\n|turn|2\n|\n|t:|1781451396\n|move|p1a: Grimmsnarl|Thunder Wave|p2a: Phione\n|-status|p2a: Phione|par\n|cant|p2a: Phione|par\n|\n|upkeep\n|turn|3\n|\n|t:|1781451402\n|move|p1a: Grimmsnarl|Spirit Break|p2a: Phione\n|-damage|p2a: Phione|197/293 par\n|-unboost|p2a: Phione|spa|1\n|cant|p2a: Phione|par\n|\n|-heal|p2a: Phione|215/293 par|[from] item: Leftovers\n|upkeep\n|turn|4\n|inactive|bimiuchiratnhieu has 120 seconds left.\n|\n|t:|1781451432\n|move|p1a: Grimmsnarl|Parting Shot|p2a: Phione\n|-unboost|p2a: Phione|atk|1\n|-unboost|p2a: Phione|spa|1\n|\n|t:|1781451434\n|switch|p1a: Lurantis|Lurantis, L87, F|264/264|[from] Parting Shot\n|move|p2a: Phione|Take Heart|p2a: Phione\n|-boost|p2a: Phione|spa|1\n|-boost|p2a: Phione|spd|1\n|-curestatus|p2a: Phione|par|[msg]\n|\n|-heal|p2a: Phione|233/293|[from] item: Leftovers\n|upkeep\n|turn|5\n|inactive|bimiuchiratnhieu has 120 seconds left.\n|\n|t:|1781451461\n|switch|p2a: Magcargo|Magcargo, L95, M|268/268\n|move|p1a: Lurantis|Leaf Storm|p2a: Magcargo\n|-damage|p2a: Magcargo|153/268\n|-boost|p1a: Lurantis|spa|2\n|\n|upkeep\n|turn|6\n|\n|t:|1781451466\n|move|p1a: Lurantis|Leaf Storm|p2a: Magcargo\n|-damage|p2a: Magcargo|0 fnt\n|-boost|p1a: Lurantis|spa|2\n|faint|p2a: Magcargo\n|\n|upkeep\n|inactive|bimiuchiratnhieu has 120 seconds left.\n|\n|t:|1781451487\n|switch|p2a: Incineroar|Incineroar, L82, M|290/290\n|-ability|p2a: Incineroar|Intimidate|boost\n|-boost|p1a: Lurantis|atk|1\n|turn|7\n|\n|t:|1781451501\n|-terastallize|p1a: Lurantis|Water\n|move|p2a: Incineroar|Overheat|p1a: Lurantis|[miss]\n|-miss|p2a: Incineroar|p1a: Lurantis\n|move|p1a: Lurantis|Superpower|p2a: Incineroar\n|-supereffective|p2a: Incineroar\n|-crit|p2a: Incineroar\n|-damage|p2a: Incineroar|0 fnt\n|-boost|p1a: Lurantis|atk|1\n|-boost|p1a: Lurantis|def|1\n|faint|p2a: Incineroar\n|\n|upkeep\n|\n|t:|1781451516\n|switch|p2a: Girafarig|Girafarig, L89, F|269/269\n|turn|8\n|inactive|Xan4ss has 120 seconds left.\n|\n|t:|1781451550\n|move|p2a: Girafarig|Thunderbolt|p1a: Lurantis\n|-supereffective|p1a: Lurantis\n|-damage|p1a: Lurantis|176/264\n|move|p1a: Lurantis|Leech Life|p2a: Girafarig\n|-supereffective|p2a: Girafarig\n|-damage|p2a: Girafarig|57/269\n|-heal|p1a: Lurantis|264/264|[from] drain|[of] p2a: Girafarig\n|\n|upkeep\n|turn|9\n|inactive|bimiuchiratnhieu has 120 seconds left.\n|inactive|bimiuchiratnhieu has 90 seconds left.\n|\n|t:|1781451588\n|move|p2a: Girafarig|Thunderbolt|p1a: Lurantis\n|-supereffective|p1a: Lurantis\n|-damage|p1a: Lurantis|186/264\n|move|p1a: Lurantis|Leech Life|p2a: Girafarig\n|-supereffective|p2a: Girafarig\n|-damage|p2a: Girafarig|0 fnt\n|-heal|p1a: Lurantis|215/264|[from] drain|[of] p2a: Girafarig\n|faint|p2a: Girafarig\n|\n|upkeep\n|inactive|bimiuchiratnhieu has 90 seconds left.\n|\n|t:|1781451598\n|switch|p2a: Sandy Shocks|Sandy Shocks, L80|267/267\n|turn|10\n|\n|t:|1781451608\n|move|p2a: Sandy Shocks|Thunderbolt|p1a: Lurantis\n|-supereffective|p1a: Lurantis\n|-damage|p1a: Lurantis|77/264\n|move|p1a: Lurantis|Leaf Storm|p2a: Sandy Shocks\n|-supereffective|p2a: Sandy Shocks\n|-damage|p2a: Sandy Shocks|0 fnt\n|-boost|p1a: Lurantis|spa|2\n|faint|p2a: Sandy Shocks\n|-end|p2a: Sandy Shocks|Protosynthesis|[silent]\n|\n|upkeep\n|inactive|bimiuchiratnhieu has 90 seconds left.\n|\n|t:|1781451647\n|switch|p2a: Garchomp|Garchomp, L74, M|282/282\n|turn|11\n|\n|t:|1781451654\n|-terastallize|p2a: Garchomp|Ground\n|move|p2a: Garchomp|Earthquake|p1a: Lurantis\n|-damage|p1a: Lurantis|0 fnt\n|faint|p1a: Lurantis\n|\n|upkeep\n|\n|t:|1781451664\n|switch|p1a: Golem|Golem, L87, F|281/281\n|turn|12\n|\n|t:|1781451677\n|switch|p2a: Phione|Phione, L91|233/293\n|move|p1a: Golem|Rock Polish|p1a: Golem\n|-boost|p1a: Golem|spe|2\n|\n|-heal|p2a: Phione|251/293|[from] item: Leftovers\n|upkeep\n|turn|13\n|\n|t:|1781451687\n|move|p1a: Golem|Stone Edge|p2a: Phione\n|-damage|p2a: Phione|122/293\n|move|p2a: Phione|Take Heart|p2a: Phione\n|-boost|p2a: Phione|spa|1\n|-boost|p2a: Phione|spd|1\n|\n|-heal|p2a: Phione|140/293|[from] item: Leftovers\n|upkeep\n|turn|14\n|inactive|bimiuchiratnhieu has 90 seconds left.\n|inactive|bimiuchiratnhieu has 60 seconds left.\n|\n|t:|1781451725\n|move|p1a: Golem|Earthquake|p2a: Phione\n|-damage|p2a: Phione|14/293\n|move|p2a: Phione|Rest|p2a: Phione\n|-status|p2a: Phione|slp|[from] move: Rest\n|-heal|p2a: Phione|293/293 slp|[silent]\n|\n|upkeep\n|turn|15\n|\n|t:|1781451733\n|move|p1a: Golem|Stone Edge|p2a: Phione|[miss]\n|-miss|p1a: Golem|p2a: Phione\n|cant|p2a: Phione|slp\n|move|p2a: Phione|Sleep Talk|p2a: Phione\n|move|p2a: Phione|Take Heart|p2a: Phione|[from] move: Sleep Talk\n|-boost|p2a: Phione|spa|1\n|-boost|p2a: Phione|spd|1\n|-curestatus|p2a: Phione|slp|[msg]\n|\n|upkeep\n|turn|16\n|inactive|bimiuchiratnhieu has 60 seconds left.\n|\n|t:|1781451760\n|move|p1a: Golem|Stone Edge|p2a: Phione\n|-damage|p2a: Phione|151/293\n|move|p2a: Phione|Scald|p1a: Golem\n|-supereffective|p1a: Golem\n|-ability|p1a: Golem|Sturdy\n|-damage|p1a: Golem|1/281\n|-enditem|p1a: Golem|Weakness Policy\n|-boost|p1a: Golem|atk|2|[from] item: Weakness Policy\n|-boost|p1a: Golem|spa|2|[from] item: Weakness Policy\n|\n|-heal|p2a: Phione|169/293|[from] item: Leftovers\n|upkeep\n|turn|17\n|inactive|bimiuchiratnhieu has 60 seconds left.\n|\n|t:|1781451766\n|move|p1a: Golem|Earthquake|p2a: Phione\n|-damage|p2a: Phione|0 fnt\n|faint|p2a: Phione\n|\n|upkeep\n|\n|t:|1781451768\n|switch|p2a: Garchomp|Garchomp, L74, M, tera:Ground|282/282\n|turn|18\n|\n|t:|1781451773\n|move|p1a: Golem|Explosion|p2a: Garchomp\n|-crit|p2a: Garchomp\n|-damage|p2a: Garchomp|0 fnt\n|faint|p1a: Golem\n|faint|p2a: Garchomp\n|\n|win|Xan4ss\n", "inputlog": ">version a8376a258c1d4662feba110a92103f3664a72141\n>start {\"formatid\":\"gen9randombattle\",\"seed\":\"sodium,cbab5ccefab53be3233231c2f3964a43\",\"rated\":\"Rated battle\"}\n>player p1 {\"name\":\"Xan4ss\",\"avatar\":\"1\",\"rating\":1997,\"seed\":\"sodium,152077b6a4cd3c0ff365379bc4c389c4\"}\n>player p2 {\"name\":\"bimiuchiratnhieu\",\"avatar\":\"hilda\",\"rating\":1995,\"seed\":\"sodium,420933379e8507fcd5887568e7b5df4f\"}\n>p1 switch 3\n>p2 switch 4\n>p1 move thunderwave\n>p2 move takeheart\n>p1 move spiritbreak\n>p2 move takeheart\n>p1 move partingshot\n>p2 move takeheart\n>p1 switch 4\n>p1 move leafstorm\n>p2 switch 4\n>p1 move leafstorm\n>p2 move lavaplume\n>p2 switch 3\n>p1 move superpower terastallize\n>p2 move overheat\n>p2 switch 5\n>p1 move leechlife\n>p2 move thunderbolt\n>p1 move leechlife\n>p2 move thunderbolt\n>p2 switch 2\n>p1 move leafstorm\n>p2 move thunderbolt\n>p2 switch 6\n>p1 move leafstorm\n>p2 move earthquake terastallize\n>p1 switch 5\n>p1 move rockpolish\n>p2 switch 4\n>p1 move stoneedge\n>p2 move takeheart\n>p1 move earthquake\n>p2 move rest\n>p1 move stoneedge\n>p2 move sleeptalk\n>p1 move stoneedge\n>p2 move scald\n>p1 move earthquake\n>p2 move scald\n>p2 switch 4\n>p1 move explosion\n>p2 move scaleshot", "uploadtime": 1781451370, "views": 5, "formatid": "gen9randombattle", "rating": null, "private": 0, "password": null, "player_dets": [{"name": "Xan4ss", "avatar": "1", "rating": 1997, "seed": "sodium,152077b6a4cd3c0ff365379bc4c389c4"}, {"name": "bimiuchiratnhieu", "avatar": "hilda", "rating": 1995, "seed": "sodium,420933379e8507fcd5887568e7b5df4f"}], "teams_full": [{"Metagross": {"name": "Metagross", "species": "Metagross", "speciesId": "metagross", "gender": "N", "shiny": false, "level": 79, "moves": ["bulletpunch", "heavyslam", "stealthrock", "psychicfangs"], "ability": "Clear Body", "evs": {"hp": 85, "atk": 85, "def": 85, "spa": 85, "spd": 85, "spe": 85}, "ivs": {"hp": 31, "atk": 31, "def": 31, "spa": 31, "spd": 31, "spe": 31}, "item": "Leftovers", "teraType": "Water", "role": "Bulky Support", "bvs": {"hp": 80, "atk": 135, "def": 130, "spa": 95, "spd": 90, "spe": 70}, "stats": {"hp": 256, "atk": 259, "def": 251, "spa": 196, "spd": 188, "spe": 156}, "types": ["Steel", "Psychic"]}, "Reuniclus": {"name": "Reuniclus", "species": "Reuniclus", "speciesId": "reuniclus", "gender": "M", "shiny": false, "level": 88, "moves": ["focusblast", "recover", "calmmind", "psyshock"], "ability": "Magic Guard", "evs": {"hp": 85, "atk": 0, "def": 85, "spa": 85, "spd": 85, "spe": 85}, "ivs": {"hp": 31, "atk": 0, "def": 31, "spa": 31, "spd": 31, "spe": 31}, "item": "Life Orb", "teraType": "Fighting", "role": "Bulky Setup", "bvs": {"hp": 110, "atk": 65, "def": 75, "spa": 125, "spd": 85, "spe": 30}, "stats": {"hp": 337, "atk": 119, "def": 182, "spa": 270, "spd": 200, "spe": 103}, "types": ["Psychic"]}, "Grimmsnarl": {"name": "Grimmsnarl", "species": "Grimmsnarl", "speciesId": "grimmsnarl", "gender": "M", "shiny": false, "level": 83, "moves": ["thunderwave", "partingshot", "spiritbreak", "suckerpunch"], "ability": "Prankster", "evs": {"hp": 85, "atk": 85, "def": 85, "spa": 85, "spd": 85, "spe": 85}, "ivs": {"hp": 31, "atk": 31, "def": 31, "spa": 31, "spd": 31, "spe": 31}, "item": "Leftovers", "teraType": "Poison", "role": "Bulky Attacker", "bvs": {"hp": 95, "atk": 120, "def": 65, "spa": 95, "spd": 75, "spe": 60}, "stats": {"hp": 293, "atk": 247, "def": 156, "spa": 205, "spd": 172, "spe": 147}, "types": ["Dark", "Fairy"]}, "Lurantis": {"name": "Lurantis", "species": "Lurantis", "speciesId": "lurantis", "gender": "F", "shiny": false, "level": 87, "moves": ["leafstorm", "knockoff", "leechlife", "superpower"], "ability": "Contrary", "evs": {"hp": 85, "atk": 85, "def": 85, "spa": 85, "spd": 85, "spe": 85}, "ivs": {"hp": 31, "atk": 31, "def": 31, "spa": 31, "spd": 31, "spe": 31}, "item": "Assault Vest", "teraType": "Water", "role": "AV Pivot", "bvs": {"hp": 70, "atk": 105, "def": 90, "spa": 80, "spd": 90, "spe": 45}, "stats": {"hp": 264, "atk": 232, "def": 206, "spa": 189, "spd": 206, "spe": 128}, "types": ["Grass"]}, "Golem": {"name": "Golem", "species": "Golem", "speciesId": "golem", "gender": "F", "shiny": false, "level": 87, "moves": ["explosion", "stoneedge", "rockpolish", "earthquake"], "ability": "Sturdy", "evs": {"hp": 85, "atk": 85, "def": 85, "spa": 85, "spd": 85, "spe": 85}, "ivs": {"hp": 31, "atk": 31, "def": 31, "spa": 31, "spd": 31, "spe": 31}, "item": "Weakness Policy", "teraType": "Grass", "role": "Bulky Attacker", "bvs": {"hp": 80, "atk": 120, "def": 130, "spa": 55, "spd": 65, "spe": 45}, "stats": {"hp": 281, "atk": 259, "def": 276, "spa": 145, "spd": 163, "spe": 128}, "types": ["Rock", "Ground"]}, "Conkeldurr": {"name": "Conkeldurr", "species": "Conkeldurr", "speciesId": "conkeldurr", "gender": "M", "shiny": false, "level": 80, "moves": ["closecombat", "knockoff", "facade", "machpunch"], "ability": "Guts", "evs": {"hp": 85, "atk": 85, "def": 85, "spa": 85, "spd": 85, "spe": 85}, "ivs": {"hp": 31, "atk": 31, "def": 31, "spa": 31, "spd": 31, "spe": 31}, "item": "Flame Orb", "teraType": "Normal", "role": "Wallbreaker", "bvs": {"hp": 105, "atk": 140, "def": 95, "spa": 55, "spd": 65, "spe": 45}, "stats": {"hp": 299, "atk": 270, "def": 198, "spa": 134, "spd": 150, "spe": 118}, "types": ["Fighting"]}}, {"Magcargo": {"name": "Magcargo", "species": "Magcargo", "speciesId": "magcargo", "gender": "M", "shiny": false, "level": 95, "moves": ["powergem", "yawn", "recover", "lavaplume"], "ability": "Flame Body", "evs": {"hp": 85, "atk": 0, "def": 85, "spa": 85, "spd": 85, "spe": 85}, "ivs": {"hp": 31, "atk": 0, "def": 31, "spa": 31, "spd": 31, "spe": 31}, "item": "Heavy-Duty Boots", "teraType": "Grass", "role": "Bulky Support", "bvs": {"hp": 60, "atk": 50, "def": 120, "spa": 90, "spd": 80, "spe": 30}, "stats": {"hp": 268, "atk": 100, "def": 282, "spa": 225, "spd": 206, "spe": 111}, "types": ["Fire", "Rock"]}, "Sandy Shocks": {"name": "Sandy Shocks", "species": "Sandy Shocks", "speciesId": "sandyshocks", "gender": "N", "shiny": false, "level": 80, "moves": ["stealthrock", "spikes", "earthpower", "thunderbolt"], "ability": "Protosynthesis", "evs": {"hp": 85, "atk": 0, "def": 85, "spa": 85, "spd": 85, "spe": 85}, "ivs": {"hp": 31, "atk": 0, "def": 31, "spa": 31, "spd": 31, "spe": 31}, "item": "Leftovers", "teraType": "Ground", "role": "Fast Support", "bvs": {"hp": 85, "atk": 81, "def": 97, "spa": 121, "spd": 85, "spe": 101}, "stats": {"hp": 267, "atk": 134, "def": 201, "spa": 240, "spd": 182, "spe": 208}, "types": ["Electric", "Ground"]}, "Incineroar": {"name": "Incineroar", "species": "Incineroar", "speciesId": "incineroar", "gender": "M", "shiny": false, "level": 82, "moves": ["overheat", "uturn", "closecombat", "knockoff"], "ability": "Intimidate", "evs": {"hp": 85, "atk": 85, "def": 85, "spa": 85, "spd": 85, "spe": 85}, "ivs": {"hp": 31, "atk": 31, "def": 31, "spa": 31, "spd": 31, "spe": 31}, "item": "Assault Vest", "teraType": "Fighting", "role": "AV Pivot", "bvs": {"hp": 95, "atk": 115, "def": 90, "spa": 80, "spd": 90, "spe": 60}, "stats": {"hp": 290, "atk": 236, "def": 195, "spa": 178, "spd": 195, "spe": 146}, "types": ["Fire", "Dark"]}, "Phione": {"name": "Phione", "species": "Phione", "speciesId": "phione", "gender": "N", "shiny": false, "level": 91, "moves": ["scald", "sleeptalk", "rest", "takeheart"], "ability": "Hydration", "evs": {"hp": 85, "atk": 0, "def": 85, "spa": 85, "spd": 85, "spe": 85}, "ivs": {"hp": 31, "atk": 0, "def": 31, "spa": 31, "spd": 31, "spe": 31}, "item": "Leftovers", "teraType": "Steel", "role": "Bulky Setup", "bvs": {"hp": 80, "atk": 80, "def": 80, "spa": 80, "spd": 80, "spe": 80}, "stats": {"hp": 293, "atk": 150, "def": 197, "spa": 197, "spd": 197, "spe": 197}, "types": ["Water"]}, "Girafarig": {"name": "Girafarig", "species": "Girafarig", "speciesId": "girafarig", "gender": "F", "shiny": false, "level": 89, "moves": ["nastyplot", "hypervoice", "thunderbolt", "psyshock"], "ability": "Sap Sipper", "evs": {"hp": 85, "atk": 0, "def": 85, "spa": 85, "spd": 85, "spe": 85}, "ivs": {"hp": 31, "atk": 0, "def": 31, "spa": 31, "spd": 31, "spe": 31}, "item": "Eviolite", "teraType": "Electric", "role": "Fast Bulky Setup", "bvs": {"hp": 70, "atk": 80, "def": 65, "spa": 90, "spd": 65, "spe": 85}, "stats": {"hp": 269, "atk": 147, "def": 166, "spa": 211, "spd": 166, "spe": 202}, "types": ["Normal", "Psychic"]}, "Garchomp": {"name": "Garchomp", "species": "Garchomp", "speciesId": "garchomp", "gender": "M", "shiny": false, "level": 74, "moves": ["earthquake", "ironhead", "scaleshot", "swordsdance"], "ability": "Rough Skin", "evs": {"hp": 85, "atk": 85, "def": 85, "spa": 85, "spd": 85, "spe": 85}, "ivs": {"hp": 31, "atk": 31, "def": 31, "spa": 31, "spd": 31, "spe": 31}, "item": "Loaded Dice", "teraType": "Ground", "role": "Setup Sweeper", "bvs": {"hp": 108, "atk": 130, "def": 95, "spa": 80, "spd": 85, "spe": 102}, "stats": {"hp": 282, "atk": 235, "def": 184, "spa": 161, "spd": 169, "spe": 194}, "types": ["Dragon", "Ground"]}}]}