{"id": "gen9randombattle-2631734761", "format": "[Gen 9] Random Battle", "players": ["marrickchill", "Etjx"], "log": "|j|\u2606marrickchill\n|j|\u2606Etjx\n|t:|1781430850\n|gametype|singles\n|player|p1|marrickchill|266|2051\n|player|p2|Etjx|policeman-gen4|2050\n|gen|9\n|tier|[Gen 9] Random Battle\n|rated|\n|rule|Species Clause: Limit one of each Pok\u00e9mon\n|rule|HP Percentage Mod: HP is shown in percentages\n|rule|Sleep Clause Mod: Limit one foe put to sleep\n|rule|Illusion Level Mod: Illusion disguises the Pok\u00e9mon's true level\n|\n|t:|1781430850\n|teamsize|p1|6\n|teamsize|p2|6\n|start\n|switch|p1a: Thundurus|Thundurus-Therian, L80, M|258/258\n|switch|p2a: Leafeon|Leafeon, L88, F|258/258\n|turn|1\n|inactive|Battle timer is ON: inactive players will automatically lose when time's up. (requested by Etjx)\n|\n|t:|1781430863\n|switch|p1a: Tauros|Tauros, L82, M|257/257\n|move|p2a: Leafeon|Swords Dance|p2a: Leafeon\n|-boost|p2a: Leafeon|atk|2\n|\n|upkeep\n|turn|2\n|\n|t:|1781430876\n|move|p1a: Tauros|Body Slam|p2a: Leafeon\n|-damage|p2a: Leafeon|153/258\n|move|p2a: Leafeon|Leaf Blade|p1a: Tauros\n|-damage|p1a: Tauros|0 fnt\n|faint|p1a: Tauros\n|-damage|p2a: Leafeon|128/258|[from] item: Life Orb\n|\n|upkeep\n|\n|t:|1781430883\n|switch|p1a: Glastrier|Glastrier, L86|312/312\n|turn|3\n|\n|t:|1781430893\n|move|p2a: Leafeon|Leaf Blade|p1a: Glastrier\n|-crit|p1a: Glastrier\n|-damage|p1a: Glastrier|0 fnt\n|faint|p1a: Glastrier\n|-damage|p2a: Leafeon|103/258|[from] item: Life Orb\n|\n|upkeep\n|\n|t:|1781430897\n|switch|p1a: Kommo-o|Kommo-o, L78, F|245/245\n|turn|4\n|\n|t:|1781430916\n|-terastallize|p1a: Kommo-o|Steel\n|move|p2a: Leafeon|Double-Edge|p1a: Kommo-o\n|-resisted|p1a: Kommo-o\n|-damage|p1a: Kommo-o|131/245\n|-damage|p2a: Leafeon|65/258|[from] Recoil\n|-damage|p2a: Leafeon|40/258|[from] item: Life Orb\n|move|p1a: Kommo-o|Clangorous Soul|p1a: Kommo-o\n|-boost|p1a: Kommo-o|atk|1\n|-boost|p1a: Kommo-o|def|1\n|-boost|p1a: Kommo-o|spa|1\n|-boost|p1a: Kommo-o|spd|1\n|-boost|p1a: Kommo-o|spe|1\n|-damage|p1a: Kommo-o|51/245\n|-enditem|p1a: Kommo-o|Throat Spray\n|-boost|p1a: Kommo-o|spa|1|[from] item: Throat Spray\n|\n|upkeep\n|turn|5\n|\n|t:|1781430921\n|move|p1a: Kommo-o|Drain Punch|p2a: Leafeon\n|-damage|p2a: Leafeon|0 fnt\n|-heal|p1a: Kommo-o|71/245|[from] drain|[of] p2a: Leafeon\n|faint|p2a: Leafeon\n|\n|upkeep\n|\n|t:|1781430929\n|switch|p2a: Donphan|Donphan, L84, M|288/288\n|turn|6\n|\n|t:|1781430935\n|move|p1a: Kommo-o|Clanging Scales|p2a: Donphan\n|-damage|p2a: Donphan|17/288\n|-unboost|p1a: Kommo-o|def|1\n|move|p2a: Donphan|Earthquake|p1a: Kommo-o\n|-supereffective|p1a: Kommo-o\n|-damage|p1a: Kommo-o|0 fnt\n|faint|p1a: Kommo-o\n|\n|-heal|p2a: Donphan|35/288|[from] item: Leftovers\n|upkeep\n|\n|t:|1781430940\n|switch|p1a: Electivire|Electivire, L84, F|263/263\n|turn|7\n|\n|t:|1781430964\n|move|p2a: Donphan|Ice Shard|p1a: Electivire\n|-damage|p1a: Electivire|220/263\n|move|p1a: Electivire|Earthquake|p2a: Donphan\n|-damage|p2a: Donphan|0 fnt\n|faint|p2a: Donphan\n|-damage|p1a: Electivire|194/263|[from] item: Life Orb\n|\n|upkeep\n|\n|t:|1781430969\n|switch|p2a: Sandaconda|Sandaconda, L84, F|258/258\n|turn|8\n|\n|t:|1781430975\n|move|p1a: Electivire|Ice Punch|p2a: Sandaconda\n|-supereffective|p2a: Sandaconda\n|-damage|p2a: Sandaconda|120/258\n|-damage|p1a: Electivire|168/263|[from] item: Life Orb\n|move|p2a: Sandaconda|Scale Shot|p1a: Electivire\n|-damage|p1a: Electivire|146/263\n|-damage|p1a: Electivire|124/263\n|-damage|p1a: Electivire|102/263\n|-damage|p1a: Electivire|77/263\n|-damage|p1a: Electivire|52/263\n|-hitcount|p1a: Electivire|5\n|-unboost|p2a: Sandaconda|def|1\n|-boost|p2a: Sandaconda|spe|1\n|\n|upkeep\n|turn|9\n|\n|t:|1781430979\n|move|p2a: Sandaconda|Earthquake|p1a: Electivire\n|-supereffective|p1a: Electivire\n|-damage|p1a: Electivire|0 fnt\n|faint|p1a: Electivire\n|\n|upkeep\n|\n|t:|1781430983\n|switch|p1a: Thundurus|Thundurus-Therian, L80, M|258/258\n|turn|10\n|\n|t:|1781430987\n|move|p2a: Sandaconda|Rock Blast|p1a: Thundurus\n|-supereffective|p1a: Thundurus\n|-damage|p1a: Thundurus|210/258\n|-supereffective|p1a: Thundurus\n|-damage|p1a: Thundurus|160/258\n|-supereffective|p1a: Thundurus\n|-damage|p1a: Thundurus|114/258\n|-supereffective|p1a: Thundurus\n|-damage|p1a: Thundurus|62/258\n|-hitcount|p1a: Thundurus|4\n|move|p1a: Thundurus|Focus Blast|p2a: Sandaconda\n|-damage|p2a: Sandaconda|0 fnt\n|faint|p2a: Sandaconda\n|\n|upkeep\n|\n|t:|1781431017\n|switch|p2a: Ampharos|Ampharos, L88, F|302/302\n|turn|11\n|\n|t:|1781431021\n|move|p1a: Thundurus|Focus Blast|p2a: Ampharos\n|-damage|p2a: Ampharos|192/302\n|move|p2a: Ampharos|Agility|p2a: Ampharos\n|-boost|p2a: Ampharos|spe|2\n|\n|upkeep\n|turn|12\n|-message|marrickchill forfeited.\n|\n|win|Etjx\n|raw|marrickchill's rating: 2051 &rarr; <strong>2031</strong><br />(-20 for losing)\n|raw|Etjx's rating: 2050 &rarr; <strong>2070</strong><br />(+20 for winning)\n", "inputlog": ">version a8376a258c1d4662feba110a92103f3664a72141\n>start {\"formatid\":\"gen9randombattle\",\"seed\":\"sodium,54c18009c9832c54bb6f5946ef5a26e4\",\"rated\":\"Rated battle\"}\n>player p1 {\"name\":\"marrickchill\",\"avatar\":\"266\",\"rating\":2051,\"seed\":\"sodium,cacbeb3b8919b232ff777cd1f717cbbc\"}\n>player p2 {\"name\":\"Etjx\",\"avatar\":\"policeman-gen4\",\"rating\":2050,\"seed\":\"sodium,ee82f0ec118b080aa4f7b3fb45846d0e\"}\n>p1 switch 3\n>p2 move swordsdance\n>p1 move bodyslam\n>p2 move leafblade\n>p1 switch 2\n>p1 move iciclecrash\n>p2 move leafblade\n>p1 switch 5\n>p1 move clangoroussoul terastallize\n>p2 move doubleedge\n>p1 move drainpunch\n>p2 move knockoff\n>p2 switch 2\n>p1 move clangingscales\n>p2 move earthquake\n>p1 switch 6\n>p1 move earthquake\n>p2 move iceshard\n>p2 switch 6\n>p1 move icepunch\n>p2 move scaleshot\n>p1 move icepunch\n>p2 move earthquake\n>p1 switch 3\n>p1 move focusblast\n>p2 move rockblast\n>p2 switch 5\n>p1 move focusblast\n>p2 move agility\n>forcelose p1", "uploadtime": 1781430853, "views": 6, "formatid": "gen9randombattle", "rating": 2031, "private": 0, "password": null, "player_dets": [{"name": "marrickchill", "avatar": "266", "rating": 2051, "seed": "sodium,cacbeb3b8919b232ff777cd1f717cbbc"}, {"name": "Etjx", "avatar": "policeman-gen4", "rating": 2050, "seed": "sodium,ee82f0ec118b080aa4f7b3fb45846d0e"}], "teams_full": [{"Thundurus": {"name": "Thundurus", "species": "Thundurus-Therian", "speciesId": "thundurustherian", "gender": "M", "shiny": false, "level": 80, "moves": ["terablast", "nastyplot", "thunderbolt", "focusblast"], "ability": "Volt Absorb", "evs": {"hp": 85, "atk": 0, "def": 85, "spa": 85, "spd": 85, "spe": 85}, "ivs": {"hp": 31, "atk": 0, "def": 31, "spa": 31, "spd": 31, "spe": 31}, "item": "Heavy-Duty Boots", "teraType": "Flying", "role": "Tera Blast user", "bvs": {"hp": 79, "atk": 105, "def": 70, "spa": 145, "spd": 80, "spe": 101}, "stats": {"hp": 258, "atk": 173, "def": 158, "spa": 278, "spd": 174, "spe": 208}, "types": ["Electric", "Flying"]}, "Glastrier": {"name": "Glastrier", "species": "Glastrier", "speciesId": "glastrier", "gender": "N", "shiny": false, "level": 86, "moves": ["heavyslam", "closecombat", "swordsdance", "iciclecrash"], "ability": "Chilling Neigh", "evs": {"hp": 85, "atk": 85, "def": 85, "spa": 85, "spd": 85, "spe": 85}, "ivs": {"hp": 31, "atk": 31, "def": 31, "spa": 31, "spd": 31, "spe": 31}, "item": "Heavy-Duty Boots", "teraType": "Steel", "role": "Bulky Attacker", "bvs": {"hp": 100, "atk": 145, "def": 130, "spa": 65, "spd": 110, "spe": 30}, "stats": {"hp": 312, "atk": 299, "def": 273, "spa": 161, "spd": 238, "spe": 101}, "types": ["Ice"]}, "Tauros": {"name": "Tauros", "species": "Tauros", "speciesId": "tauros", "gender": "M", "shiny": false, "level": 82, "moves": ["bodyslam", "earthquake", "closecombat", "throatchop"], "ability": "Sheer Force", "evs": {"hp": 85, "atk": 85, "def": 85, "spa": 85, "spd": 85, "spe": 85}, "ivs": {"hp": 31, "atk": 31, "def": 31, "spa": 31, "spd": 31, "spe": 31}, "item": "Life Orb", "teraType": "Ground", "role": "Fast Attacker", "bvs": {"hp": 75, "atk": 100, "def": 95, "spa": 40, "spd": 70, "spe": 110}, "stats": {"hp": 257, "atk": 211, "def": 203, "spa": 113, "spd": 162, "spe": 228}, "types": ["Normal"]}, "Palkia": {"name": "Palkia", "species": "Palkia", "speciesId": "palkia", "gender": "N", "shiny": false, "level": 75, "moves": ["spacialrend", "thunderwave", "fireblast", "hydropump"], "ability": "Pressure", "evs": {"hp": 85, "atk": 0, "def": 85, "spa": 85, "spd": 85, "spe": 85}, "ivs": {"hp": 31, "atk": 0, "def": 31, "spa": 31, "spd": 31, "spe": 31}, "item": "Lustrous Orb", "teraType": "Water", "role": "Bulky Attacker", "bvs": {"hp": 90, "atk": 120, "def": 100, "spa": 150, "spd": 120, "spe": 100}, "stats": {"hp": 259, "atk": 185, "def": 194, "spa": 269, "spd": 224, "spe": 194}, "types": ["Water", "Dragon"]}, "Kommo-o": {"name": "Kommo-o", "species": "Kommo-o", "speciesId": "kommoo", "gender": "F", "shiny": false, "level": 78, "moves": ["clangingscales", "clangoroussoul", "ironhead", "drainpunch"], "ability": "Soundproof", "evs": {"hp": 85, "atk": 85, "def": 85, "spa": 85, "spd": 85, "spe": 85}, "ivs": {"hp": 31, "atk": 31, "def": 31, "spa": 31, "spd": 31, "spe": 31}, "item": "Throat Spray", "teraType": "Steel", "role": "Fast Bulky Setup", "bvs": {"hp": 75, "atk": 110, "def": 125, "spa": 100, "spd": 105, "spe": 85}, "stats": {"hp": 245, "atk": 217, "def": 240, "spa": 201, "spd": 209, "spe": 178}, "types": ["Dragon", "Fighting"]}, "Electivire": {"name": "Electivire", "species": "Electivire", "speciesId": "electivire", "gender": "F", "shiny": false, "level": 84, "moves": ["icepunch", "bulkup", "supercellslam", "earthquake"], "ability": "Motor Drive", "evs": {"hp": 85, "atk": 85, "def": 85, "spa": 85, "spd": 85, "spe": 85}, "ivs": {"hp": 31, "atk": 31, "def": 31, "spa": 31, "spd": 31, "spe": 31}, "item": "Life Orb", "teraType": "Flying", "role": "Setup Sweeper", "bvs": {"hp": 75, "atk": 123, "def": 67, "spa": 95, "spd": 85, "spe": 95}, "stats": {"hp": 263, "atk": 255, "def": 161, "spa": 208, "spd": 191, "spe": 208}, "types": ["Electric"]}}, {"Leafeon": {"name": "Leafeon", "species": "Leafeon", "speciesId": "leafeon", "gender": "F", "shiny": false, "level": 88, "moves": ["doubleedge", "leafblade", "swordsdance", "knockoff"], "ability": "Chlorophyll", "evs": {"hp": 85, "atk": 85, "def": 85, "spa": 85, "spd": 85, "spe": 85}, "ivs": {"hp": 31, "atk": 31, "def": 31, "spa": 31, "spd": 31, "spe": 31}, "item": "Life Orb", "teraType": "Dark", "role": "Setup Sweeper", "bvs": {"hp": 65, "atk": 110, "def": 130, "spa": 60, "spd": 65, "spe": 95}, "stats": {"hp": 258, "atk": 244, "def": 279, "spa": 156, "spd": 165, "spe": 217}, "types": ["Grass"]}, "Donphan": {"name": "Donphan", "species": "Donphan", "speciesId": "donphan", "gender": "M", "shiny": false, "level": 84, "moves": ["rapidspin", "stealthrock", "iceshard", "earthquake"], "ability": "Sturdy", "evs": {"hp": 85, "atk": 85, "def": 85, "spa": 85, "spd": 85, "spe": 85}, "ivs": {"hp": 31, "atk": 31, "def": 31, "spa": 31, "spd": 31, "spe": 31}, "item": "Leftovers", "teraType": "Dragon", "role": "Bulky Support", "bvs": {"hp": 90, "atk": 120, "def": 120, "spa": 60, "spd": 60, "spe": 50}, "stats": {"hp": 288, "atk": 250, "def": 250, "spa": 149, "spd": 149, "spe": 132}, "types": ["Ground"]}, "Annihilape": {"name": "Annihilape", "species": "Annihilape", "speciesId": "annihilape", "gender": "M", "shiny": false, "level": 76, "moves": ["bulkup", "ragefist", "drainpunch", "rest"], "ability": "Defiant", "evs": {"hp": 85, "atk": 85, "def": 85, "spa": 85, "spd": 85, "spe": 85}, "ivs": {"hp": 31, "atk": 31, "def": 31, "spa": 31, "spd": 31, "spe": 31}, "item": "Chesto Berry", "teraType": "Fairy", "role": "Bulky Setup", "bvs": {"hp": 110, "atk": 115, "def": 80, "spa": 50, "spd": 90, "spe": 90}, "stats": {"hp": 292, "atk": 219, "def": 166, "spa": 120, "spd": 181, "spe": 181}, "types": ["Fighting", "Ghost"]}, "Chi-Yu": {"name": "Chi-Yu", "species": "Chi-Yu", "speciesId": "chiyu", "gender": "N", "shiny": false, "level": 77, "moves": ["flamethrower", "overheat", "psychic", "darkpulse"], "ability": "Beads of Ruin", "evs": {"hp": 85, "atk": 0, "def": 85, "spa": 85, "spd": 85, "spe": 85}, "ivs": {"hp": 31, "atk": 0, "def": 31, "spa": 31, "spd": 31, "spe": 31}, "item": "Choice Specs", "teraType": "Fire", "role": "Fast Attacker", "bvs": {"hp": 55, "atk": 80, "def": 80, "spa": 135, "spd": 120, "spe": 100}, "stats": {"hp": 211, "atk": 128, "def": 168, "spa": 252, "spd": 229, "spe": 199}, "types": ["Dark", "Fire"]}, "Ampharos": {"name": "Ampharos", "species": "Ampharos", "speciesId": "ampharos", "gender": "F", "shiny": false, "level": 88, "moves": ["agility", "dazzlinggleam", "thunderbolt", "focusblast"], "ability": "Static", "evs": {"hp": 85, "atk": 0, "def": 85, "spa": 85, "spd": 85, "spe": 85}, "ivs": {"hp": 31, "atk": 0, "def": 31, "spa": 31, "spd": 31, "spe": 31}, "item": "Life Orb", "teraType": "Fairy", "role": "Wallbreaker", "bvs": {"hp": 90, "atk": 75, "def": 85, "spa": 115, "spd": 90, "spe": 55}, "stats": {"hp": 302, "atk": 137, "def": 200, "spa": 253, "spd": 209, "spe": 147}, "types": ["Electric"]}, "Sandaconda": {"name": "Sandaconda", "species": "Sandaconda", "speciesId": "sandaconda", "gender": "F", "shiny": false, "level": 84, "moves": ["coil", "earthquake", "rockblast", "scaleshot"], "ability": "Shed Skin", "evs": {"hp": 85, "atk": 85, "def": 85, "spa": 85, "spd": 85, "spe": 85}, "ivs": {"hp": 31, "atk": 31, "def": 31, "spa": 31, "spd": 31, "spe": 31}, "item": "Loaded Dice", "teraType": "Dragon", "role": "Fast Bulky Setup", "bvs": {"hp": 72, "atk": 107, "def": 125, "spa": 65, "spd": 70, "spe": 71}, "stats": {"hp": 258, "atk": 228, "def": 258, "spa": 157, "spd": 166, "spe": 167}, "types": ["Ground"]}}]}