{"id": "gen9randombattle-2631835263", "format": "[Gen 9] Random Battle", "players": ["Shaqatk", "BlazenFL97"], "log": "|j|\u2606Shaqatk\n|j|\u2606BlazenFL97\n|t:|1781446172\n|gametype|singles\n|player|p1|Shaqatk|265|1244\n|player|p2|BlazenFL97|psychicf|1207\n|gen|9\n|tier|[Gen 9] Random Battle\n|rated|\n|rule|Species Clause: Limit one of each Pok\u00e9mon\n|rule|HP Percentage Mod: HP is shown in percentages\n|rule|Sleep Clause Mod: Limit one foe put to sleep\n|rule|Illusion Level Mod: Illusion disguises the Pok\u00e9mon's true level\n|\n|t:|1781446172\n|teamsize|p1|6\n|teamsize|p2|6\n|start\n|switch|p1a: Chansey|Chansey, L85, F|564/564\n|switch|p2a: Deoxys|Deoxys-Speed, L82|216/216\n|-ability|p2a: Deoxys|Pressure\n|turn|1\n|inactive|Battle timer is ON: inactive players will automatically lose when time's up. (requested by BlazenFL97)\n|inactive|Shaqatk also wants the timer to be on.\n|\n|t:|1781446192\n|switch|p1a: Rotom|Rotom-Frost, L87|229/229\n|move|p2a: Deoxys|Superpower|p1a: Rotom\n|-supereffective|p1a: Rotom\n|-damage|p1a: Rotom|52/229\n|-unboost|p2a: Deoxys|atk|1\n|-unboost|p2a: Deoxys|def|1\n|-damage|p2a: Deoxys|195/216|[from] item: Life Orb\n|\n|upkeep\n|turn|2\n|\n|t:|1781446204\n|switch|p1a: Golurk|Golurk, L87|297/297\n|move|p2a: Deoxys|Superpower|p1a: Golurk\n|-immune|p1a: Golurk\n|\n|upkeep\n|turn|3\n|\n|t:|1781446223\n|switch|p2a: Squawkabilly|Squawkabilly-Blue, L85, F, shiny|278/278\n|move|p1a: Golurk|Poltergeist|p2a: Squawkabilly\n|-immune|p2a: Squawkabilly\n|\n|-status|p2a: Squawkabilly|brn|[from] item: Flame Orb\n|upkeep\n|turn|4\n|\n|t:|1781446232\n|move|p2a: Squawkabilly|Brave Bird|p1a: Golurk\n|-damage|p1a: Golurk|108/297\n|-damage|p2a: Squawkabilly|216/278 brn|[from] Recoil\n|move|p1a: Golurk|Dynamic Punch|p2a: Squawkabilly\n|-damage|p2a: Squawkabilly|51/278 brn\n|-start|p2a: Squawkabilly|confusion\n|-damage|p1a: Golurk|79/297|[from] item: Life Orb\n|\n|-damage|p2a: Squawkabilly|34/278 brn|[from] brn\n|upkeep\n|turn|5\n|\n|t:|1781446245\n|switch|p1a: Rotom|Rotom-Frost, L87|52/229\n|-activate|p2a: Squawkabilly|confusion\n|move|p2a: Squawkabilly|Brave Bird|p1a: Rotom\n|-resisted|p1a: Rotom\n|-crit|p1a: Rotom\n|-damage|p1a: Rotom|0 fnt\n|faint|p1a: Rotom\n|-damage|p2a: Squawkabilly|17/278 brn|[from] Recoil\n|\n|-damage|p2a: Squawkabilly|0 fnt|[from] brn\n|faint|p2a: Squawkabilly\n|upkeep\n|\n|t:|1781446256\n|switch|p2a: Deoxys|Deoxys-Speed, L82|195/216\n|switch|p1a: Chansey|Chansey, L85, F|564/564\n|-ability|p2a: Deoxys|Pressure\n|turn|6\n|\n|t:|1781446263\n|-terastallize|p1a: Chansey|Ghost\n|move|p2a: Deoxys|Superpower|p1a: Chansey\n|-immune|p1a: Chansey\n|move|p1a: Chansey|Thunder Wave|p2a: Deoxys\n|-status|p2a: Deoxys|par\n|\n|upkeep\n|turn|7\n|c|\u2606BlazenFL97|lol okay bro\n|\n|t:|1781446279\n|move|p2a: Deoxys|Knock Off|p1a: Chansey\n|-supereffective|p1a: Chansey\n|-damage|p1a: Chansey|164/564\n|-enditem|p1a: Chansey|Eviolite|[from] move: Knock Off|[of] p2a: Deoxys\n|-damage|p2a: Deoxys|174/216 par|[from] item: Life Orb\n|move|p1a: Chansey|Seismic Toss|p2a: Deoxys\n|-damage|p2a: Deoxys|89/216 par\n|\n|upkeep\n|turn|8\n|\n|t:|1781446285\n|switch|p1a: Serperior|Serperior, L79, F|248/248\n|move|p2a: Deoxys|Knock Off|p1a: Serperior\n|-damage|p1a: Serperior|170/248\n|-enditem|p1a: Serperior|Life Orb|[from] move: Knock Off|[of] p2a: Deoxys\n|-damage|p2a: Deoxys|68/216 par|[from] item: Life Orb\n|\n|upkeep\n|turn|9\n|\n|t:|1781446293\n|switch|p2a: Torkoal|Torkoal, L88, M|266/266\n|-weather|SunnyDay|[from] ability: Drought|[of] p2a: Torkoal\n|move|p1a: Serperior|Leaf Storm|p2a: Torkoal\n|-resisted|p2a: Torkoal\n|-damage|p2a: Torkoal|208/266\n|-boost|p1a: Serperior|spa|2\n|\n|-weather|SunnyDay|[upkeep]\n|upkeep\n|turn|10\n|\n|t:|1781446299\n|move|p1a: Serperior|Glare|p2a: Torkoal\n|-status|p2a: Torkoal|par\n|cant|p2a: Torkoal|par\n|\n|-weather|SunnyDay|[upkeep]\n|upkeep\n|turn|11\n|\n|t:|1781446303\n|move|p1a: Serperior|Dragon Pulse|p2a: Torkoal\n|-damage|p2a: Torkoal|100/266 par\n|cant|p2a: Torkoal|par\n|\n|-weather|SunnyDay|[upkeep]\n|upkeep\n|turn|12\n|\n|t:|1781446307\n|move|p1a: Serperior|Leaf Storm|p2a: Torkoal\n|-resisted|p2a: Torkoal\n|-crit|p2a: Torkoal\n|-damage|p2a: Torkoal|0 fnt\n|-boost|p1a: Serperior|spa|2\n|faint|p2a: Torkoal\n|\n|-weather|SunnyDay|[upkeep]\n|upkeep\n|c|\u2606BlazenFL97|Gayyyyyyyyyyyyyyyyyy\n|\n|t:|1781446320\n|switch|p2a: Regidrago|Regidrago, L77|435/435\n|turn|13\n|\n|t:|1781446325\n|move|p1a: Serperior|Dragon Pulse|p2a: Regidrago\n|-supereffective|p2a: Regidrago\n|-damage|p2a: Regidrago|0 fnt\n|faint|p2a: Regidrago\n|\n|-weather|none\n|upkeep\n|\n|t:|1781446331\n|switch|p2a: Garganacl|Garganacl, L80, F|291/291\n|turn|14\n|-message|BlazenFL97 forfeited.\n|\n|win|Shaqatk\n", "inputlog": ">version a8376a258c1d4662feba110a92103f3664a72141\n>start {\"formatid\":\"gen9randombattle\",\"seed\":\"sodium,f0f3c5a98b0538fd573b139efc692470\",\"rated\":\"Rated battle\"}\n>player p1 {\"name\":\"Shaqatk\",\"avatar\":\"265\",\"rating\":1244,\"seed\":\"sodium,d76243e7377114ef9962dcb7d6a5913b\"}\n>player p2 {\"name\":\"BlazenFL97\",\"avatar\":\"psychicf\",\"rating\":1207,\"seed\":\"sodium,f1d31193ea4249cd1941e1754da89b39\"}\n>p1 switch 4\n>p2 move superpower\n>p1 switch 2\n>p2 move superpower\n>p1 move poltergeist\n>p2 switch 2\n>p1 move dynamicpunch\n>p2 move bravebird\n>p1 switch 2\n>p2 move bravebird\n>p1 switch 4\n>p2 switch 2\n>p1 move thunderwave terastallize\n>p2 move superpower\n>chat \u2606BlazenFL97|lol okay bro\n>p1 move seismictoss\n>p2 move knockoff\n>p1 switch 6\n>p2 move knockoff\n>p1 move leafstorm\n>p2 switch 4\n>p1 move glare\n>p2 move yawn\n>p1 move dragonpulse\n>p2 move lavaplume\n>p1 move leafstorm\n>p2 move lavaplume\n>chat \u2606BlazenFL97|Gayyyyyyyyyyyyyyyyyy\n>p2 switch 3\n>p1 move dragonpulse\n>p2 move dragondance\n>p2 switch 6\n>forcelose p2", "uploadtime": 1781446315, "views": 3, "formatid": "gen9randombattle", "rating": null, "private": 0, "password": null, "player_dets": [{"name": "Shaqatk", "avatar": "265", "rating": 1244, "seed": "sodium,d76243e7377114ef9962dcb7d6a5913b"}, {"name": "BlazenFL97", "avatar": "psychicf", "rating": 1207, "seed": "sodium,f1d31193ea4249cd1941e1754da89b39"}], "teams_full": [{"Chansey": {"name": "Chansey", "species": "Chansey", "speciesId": "chansey", "gender": "F", "shiny": false, "level": 85, "moves": ["seismictoss", "healbell", "thunderwave", "softboiled"], "ability": "Natural Cure", "evs": {"hp": 85, "atk": 0, "def": 85, "spa": 85, "spd": 85, "spe": 85}, "ivs": {"hp": 31, "atk": 0, "def": 31, "spa": 31, "spd": 31, "spe": 31}, "item": "Eviolite", "teraType": "Ghost", "role": "Bulky Support", "bvs": {"hp": 250, "atk": 5, "def": 5, "spa": 35, "spd": 105, "spe": 50}, "stats": {"hp": 564, "atk": 13, "def": 57, "spa": 108, "spd": 227, "spe": 134}}, "Golurk": {"name": "Golurk", "species": "Golurk", "speciesId": "golurk", "gender": "N", "shiny": false, "level": 87, "moves": ["earthquake", "poltergeist", "stealthrock", "dynamicpunch"], "ability": "No Guard", "evs": {"hp": 85, "atk": 85, "def": 85, "spa": 85, "spd": 85, "spe": 85}, "ivs": {"hp": 31, "atk": 31, "def": 31, "spa": 31, "spd": 31, "spe": 31}, "item": "Life Orb", "teraType": "Ghost", "role": "Wallbreaker", "bvs": {"hp": 89, "atk": 124, "def": 80, "spa": 55, "spd": 80, "spe": 55}, "stats": {"hp": 297, "atk": 266, "def": 189, "spa": 145, "spd": 189, "spe": 145}}, "Tyranitar": {"name": "Tyranitar", "species": "Tyranitar", "speciesId": "tyranitar", "gender": "M", "shiny": false, "level": 78, "moves": ["icebeam", "knockoff", "thunderwave", "stoneedge"], "ability": "Sand Stream", "evs": {"hp": 85, "atk": 85, "def": 85, "spa": 85, "spd": 85, "spe": 85}, "ivs": {"hp": 31, "atk": 31, "def": 31, "spa": 31, "spd": 31, "spe": 31}, "item": "Leftovers", "teraType": "Rock", "role": "Bulky Support", "bvs": {"hp": 100, "atk": 134, "def": 110, "spa": 95, "spd": 100, "spe": 61}, "stats": {"hp": 284, "atk": 254, "def": 217, "spa": 193, "spd": 201, "spe": 140}}, "Rotom": {"name": "Rotom", "species": "Rotom-Frost", "speciesId": "rotomfrost", "gender": "N", "shiny": false, "level": 87, "moves": ["willowisp", "nastyplot", "thunderbolt", "blizzard"], "ability": "Levitate", "evs": {"hp": 85, "atk": 0, "def": 85, "spa": 85, "spd": 85, "spe": 85}, "ivs": {"hp": 31, "atk": 0, "def": 31, "spa": 31, "spd": 31, "spe": 31}, "item": "Heavy-Duty Boots", "teraType": "Electric", "role": "Fast Attacker", "bvs": {"hp": 50, "atk": 65, "def": 107, "spa": 105, "spd": 107, "spe": 86}, "stats": {"hp": 229, "atk": 118, "def": 236, "spa": 232, "spd": 236, "spe": 199}}, "Zekrom": {"name": "Zekrom", "species": "Zekrom", "speciesId": "zekrom", "gender": "N", "shiny": false, "level": 71, "moves": ["boltstrike", "substitute", "dragondance", "outrage"], "ability": "Teravolt", "evs": {"hp": 85, "atk": 85, "def": 85, "spa": 85, "spd": 85, "spe": 85}, "ivs": {"hp": 31, "atk": 31, "def": 31, "spa": 31, "spd": 31, "spe": 31}, "item": "Leftovers", "teraType": "Fairy", "role": "Setup Sweeper", "bvs": {"hp": 100, "atk": 150, "def": 120, "spa": 120, "spd": 100, "spe": 90}, "stats": {"hp": 259, "atk": 254, "def": 212, "spa": 212, "spd": 183, "spe": 169}}, "Serperior": {"name": "Serperior", "species": "Serperior", "speciesId": "serperior", "gender": "F", "shiny": false, "level": 79, "moves": ["glare", "leafstorm", "synthesis", "dragonpulse"], "ability": "Contrary", "evs": {"hp": 85, "atk": 0, "def": 85, "spa": 85, "spd": 85, "spe": 85}, "ivs": {"hp": 31, "atk": 0, "def": 31, "spa": 31, "spd": 31, "spe": 31}, "item": "Life Orb", "teraType": "Grass", "role": "Fast Attacker", "bvs": {"hp": 75, "atk": 75, "def": 95, "spa": 75, "spd": 95, "spe": 113}, "stats": {"hp": 248, "atk": 123, "def": 196, "spa": 164, "spd": 196, "spe": 224}}}, {"Deoxys": {"name": "Deoxys", "species": "Deoxys-Speed", "speciesId": "deoxysspeed", "gender": "N", "shiny": false, "level": 82, "moves": ["superpower", "psychoboost", "knockoff", "taunt"], "ability": "Pressure", "evs": {"hp": 85, "atk": 85, "def": 85, "spa": 85, "spd": 85, "spe": 85}, "ivs": {"hp": 31, "atk": 31, "def": 31, "spa": 31, "spd": 31, "spe": 31}, "item": "Life Orb", "teraType": "Dark", "role": "Fast Support", "bvs": {"hp": 50, "atk": 95, "def": 90, "spa": 95, "spd": 90, "spe": 180}, "stats": {"hp": 216, "atk": 203, "def": 195, "spa": 203, "spd": 195, "spe": 342}}, "Squawkabilly": {"name": "Squawkabilly", "species": "Squawkabilly-Blue", "speciesId": "squawkabillyblue", "gender": "F", "shiny": true, "level": 85, "moves": ["quickattack", "bravebird", "uturn", "facade"], "ability": "Guts", "evs": {"hp": 85, "atk": 85, "def": 85, "spa": 85, "spd": 85, "spe": 85}, "ivs": {"hp": 31, "atk": 31, "def": 31, "spa": 31, "spd": 31, "spe": 31}, "item": "Flame Orb", "teraType": "Normal", "role": "Wallbreaker", "bvs": {"hp": 82, "atk": 96, "def": 51, "spa": 45, "spd": 51, "spe": 92}, "stats": {"hp": 278, "atk": 212, "def": 135, "spa": 125, "spd": 135, "spe": 205}}, "Regidrago": {"name": "Regidrago", "species": "Regidrago", "speciesId": "regidrago", "gender": "N", "shiny": false, "level": 77, "moves": ["earthquake", "terablast", "dragonclaw", "dragondance"], "ability": "Dragon's Maw", "evs": {"hp": 85, "atk": 85, "def": 85, "spa": 85, "spd": 85, "spe": 85}, "ivs": {"hp": 31, "atk": 31, "def": 31, "spa": 31, "spd": 31, "spe": 31}, "item": "Life Orb", "teraType": "Steel", "role": "Tera Blast user", "bvs": {"hp": 200, "atk": 100, "def": 50, "spa": 100, "spd": 50, "spe": 80}, "stats": {"hp": 435, "atk": 199, "def": 122, "spa": 199, "spd": 122, "spe": 168}}, "Torkoal": {"name": "Torkoal", "species": "Torkoal", "speciesId": "torkoal", "gender": "M", "shiny": false, "level": 88, "moves": ["solarbeam", "lavaplume", "stealthrock", "yawn"], "ability": "Drought", "evs": {"hp": 85, "atk": 0, "def": 85, "spa": 85, "spd": 85, "spe": 85}, "ivs": {"hp": 31, "atk": 0, "def": 31, "spa": 31, "spd": 31, "spe": 31}, "item": "Heavy-Duty Boots", "teraType": "Grass", "role": "Wallbreaker", "bvs": {"hp": 70, "atk": 85, "def": 140, "spa": 85, "spd": 70, "spe": 20}, "stats": {"hp": 266, "atk": 154, "def": 297, "spa": 200, "spd": 173, "spe": 85}}, "Kommo-o": {"name": "Kommo-o", "species": "Kommo-o", "speciesId": "kommoo", "gender": "F", "shiny": false, "level": 78, "moves": ["ironhead", "clangoroussoul", "clangingscales", "drainpunch"], "ability": "Soundproof", "evs": {"hp": 85, "atk": 85, "def": 85, "spa": 85, "spd": 85, "spe": 85}, "ivs": {"hp": 31, "atk": 31, "def": 31, "spa": 31, "spd": 31, "spe": 31}, "item": "Throat Spray", "teraType": "Steel", "role": "Fast Bulky Setup", "bvs": {"hp": 75, "atk": 110, "def": 125, "spa": 100, "spd": 105, "spe": 85}, "stats": {"hp": 245, "atk": 217, "def": 240, "spa": 201, "spd": 209, "spe": 178}}, "Garganacl": {"name": "Garganacl", "species": "Garganacl", "speciesId": "garganacl", "gender": "F", "shiny": false, "level": 80, "moves": ["bodypress", "irondefense", "saltcure", "recover"], "ability": "Purifying Salt", "evs": {"hp": 85, "atk": 85, "def": 85, "spa": 85, "spd": 85, "spe": 85}, "ivs": {"hp": 31, "atk": 31, "def": 31, "spa": 31, "spd": 31, "spe": 31}, "item": "Leftovers", "teraType": "Dragon", "role": "Bulky Setup", "bvs": {"hp": 100, "atk": 100, "def": 130, "spa": 45, "spd": 90, "spe": 35}, "stats": {"hp": 291, "atk": 206, "def": 254, "spa": 118, "spd": 190, "spe": 102}}}]}