{"id": "gen9randombattle-2631563297", "format": "[Gen 9] Random Battle", "players": ["schleeby", "RoLi404"], "log": "|j|\u2606schleeby\n|j|\u2606RoLi404\n|t:|1781401821\n|gametype|singles\n|player|p1|schleeby|rosa|1999\n|player|p2|RoLi404|jacinthe|2024\n|gen|9\n|tier|[Gen 9] Random Battle\n|rated|\n|rule|Species Clause: Limit one of each Pok\u00e9mon\n|rule|HP Percentage Mod: HP is shown in percentages\n|rule|Sleep Clause Mod: Limit one foe put to sleep\n|rule|Illusion Level Mod: Illusion disguises the Pok\u00e9mon's true level\n|\n|t:|1781401821\n|teamsize|p1|6\n|teamsize|p2|6\n|start\n|switch|p1a: Rabsca|Rabsca, L91, M|284/284\n|switch|p2a: Sunflora|Sunflora, F|312/312\n|turn|1\n|inactive|Battle timer is ON: inactive players will automatically lose when time's up. (requested by RoLi404)\n|\n|t:|1781401848\n|switch|p2a: Necrozma|Necrozma-Dawn-Wings, L76|272/272\n|move|p1a: Rabsca|Psychic|p2a: Necrozma\n|-resisted|p2a: Necrozma\n|-damage|p2a: Necrozma|220/272\n|\n|-heal|p2a: Necrozma|237/272|[from] item: Leftovers\n|upkeep\n|turn|2\n|\n|t:|1781401859\n|switch|p1a: Kricketune|Kricketune, L99, M|312/312\n|move|p2a: Necrozma|Moongeist Beam|p1a: Kricketune\n|-damage|p1a: Kricketune|137/312\n|\n|-heal|p2a: Necrozma|254/272|[from] item: Leftovers\n|upkeep\n|turn|3\n|\n|t:|1781401879\n|switch|p2a: Qwilfish|Qwilfish, L86, F|252/252\n|-ability|p2a: Qwilfish|Intimidate|boost\n|-unboost|p1a: Kricketune|atk|1\n|move|p1a: Kricketune|Knock Off|p2a: Qwilfish\n|-damage|p2a: Qwilfish|197/252\n|-enditem|p2a: Qwilfish|Leftovers|[from] move: Knock Off|[of] p1a: Kricketune\n|\n|upkeep\n|turn|4\n|\n|t:|1781401886\n|switch|p1a: Uxie|Uxie, L83|260/260\n|move|p2a: Qwilfish|Gunk Shot|p1a: Uxie\n|-damage|p1a: Uxie|160/260\n|-status|p1a: Uxie|psn\n|\n|-heal|p1a: Uxie|176/260 psn|[from] item: Leftovers\n|-damage|p1a: Uxie|144/260 psn|[from] psn\n|upkeep\n|turn|5\n|\n|t:|1781401894\n|switch|p2a: Sunflora|Sunflora, F|312/312\n|move|p1a: Uxie|Psychic Noise|p2a: Sunflora\n|-damage|p2a: Sunflora|261/312\n|-start|p2a: Sunflora|move: Heal Block\n|\n|-heal|p1a: Uxie|160/260 psn|[from] item: Leftovers\n|-damage|p1a: Uxie|128/260 psn|[from] psn\n|upkeep\n|turn|6\n|\n|t:|1781401903\n|move|p1a: Uxie|U-turn|p2a: Sunflora\n|-supereffective|p2a: Sunflora\n|-damage|p2a: Sunflora|161/312\n|\n|t:|1781401908\n|switch|p1a: Rabsca|Rabsca, L91, M|284/284|[from] U-turn\n|move|p2a: Sunflora|Sunny Day|p2a: Sunflora\n|-weather|SunnyDay\n|\n|-weather|SunnyDay|[upkeep]\n|-end|p2a: Sunflora|move: Heal Block\n|upkeep\n|turn|7\n|\n|t:|1781401913\n|switch|p1a: Heatran|Heatran, L79, F|273/273\n|-item|p1a: Heatran|Air Balloon\n|move|p2a: Sunflora|Weather Ball|p1a: Heatran\n|-start|p1a: Heatran|ability: Flash Fire\n|\n|-weather|SunnyDay|[upkeep]\n|upkeep\n|turn|8\n|\n|t:|1781401924\n|move|p2a: Sunflora|Solar Beam||[still]\n|-prepare|p2a: Sunflora|Solar Beam\n|-anim|p2a: Sunflora|Solar Beam|p1a: Heatran\n|-resisted|p1a: Heatran\n|-damage|p1a: Heatran|220/273\n|-enditem|p1a: Heatran|Air Balloon\n|-damage|p2a: Sunflora|130/312|[from] item: Life Orb\n|move|p1a: Heatran|Magma Storm|p2a: Sunflora\n|-supereffective|p2a: Sunflora\n|-damage|p2a: Sunflora|0 fnt\n|faint|p2a: Sunflora\n|\n|-weather|SunnyDay|[upkeep]\n|upkeep\n|inactive|RoLi404 has 120 seconds left.\n|\n|t:|1781401955\n|switch|p2a: Necrozma|Necrozma-Dawn-Wings, L76|254/272\n|turn|9\n|\n|t:|1781401962\n|move|p1a: Heatran|Magma Storm|p2a: Necrozma|[miss]\n|-miss|p1a: Heatran|p2a: Necrozma\n|move|p2a: Necrozma|Moongeist Beam|p1a: Heatran\n|-damage|p1a: Heatran|100/273\n|\n|-weather|SunnyDay|[upkeep]\n|-heal|p2a: Necrozma|271/272|[from] item: Leftovers\n|upkeep\n|turn|10\n|\n|t:|1781401969\n|move|p1a: Heatran|Stealth Rock|p2a: Necrozma\n|-sidestart|p2: RoLi404|move: Stealth Rock\n|move|p2a: Necrozma|Moongeist Beam|p1a: Heatran\n|-damage|p1a: Heatran|0 fnt\n|faint|p1a: Heatran\n|\n|-weather|none\n|-heal|p2a: Necrozma|272/272|[from] item: Leftovers\n|upkeep\n|\n|t:|1781401973\n|switch|p1a: Uxie|Uxie, L83|128/260 psn\n|turn|11\n|\n|t:|1781401977\n|move|p1a: Uxie|Knock Off|p2a: Necrozma\n|-supereffective|p2a: Necrozma\n|-damage|p2a: Necrozma|125/272\n|-enditem|p2a: Necrozma|Leftovers|[from] move: Knock Off|[of] p1a: Uxie\n|move|p2a: Necrozma|Moongeist Beam|p1a: Uxie\n|-supereffective|p1a: Uxie\n|-damage|p1a: Uxie|0 fnt\n|faint|p1a: Uxie\n|\n|upkeep\n|\n|t:|1781401980\n|switch|p1a: Kricketune|Kricketune, L99, M|137/312\n|turn|12\n|\n|t:|1781401985\n|move|p1a: Kricketune|Sticky Web|p2a: Necrozma\n|-sidestart|p2: RoLi404|move: Sticky Web\n|move|p2a: Necrozma|Moongeist Beam|p1a: Kricketune\n|-damage|p1a: Kricketune|0 fnt\n|faint|p1a: Kricketune\n|\n|upkeep\n|\n|t:|1781401987\n|switch|p1a: Poliwrath|Poliwrath, L88, M|302/302\n|turn|13\n|\n|t:|1781401993\n|move|p1a: Poliwrath|Knock Off|p2a: Necrozma\n|-supereffective|p2a: Necrozma\n|-damage|p2a: Necrozma|0 fnt\n|faint|p2a: Necrozma\n|\n|upkeep\n|\n|t:|1781402007\n|switch|p2a: Annihilape|Annihilape, L76, M|292/292\n|-damage|p2a: Annihilape|274/292|[from] Stealth Rock\n|-activate|p2a: Annihilape|move: Sticky Web\n|-unboost|p2a: Annihilape|spe|1\n|-ability|p2a: Annihilape|Defiant|boost\n|-boost|p2a: Annihilape|atk|2\n|turn|14\n|\n|t:|1781402028\n|switch|p1a: Rabsca|Rabsca, L91, M|284/284\n|move|p2a: Annihilape|Bulk Up|p2a: Annihilape\n|-boost|p2a: Annihilape|atk|1\n|-boost|p2a: Annihilape|def|1\n|\n|upkeep\n|turn|15\n|\n|t:|1781402039\n|-terastallize|p2a: Annihilape|Fairy\n|move|p1a: Rabsca|Psychic|p2a: Annihilape\n|-damage|p2a: Annihilape|139/292\n|move|p2a: Annihilape|Rage Fist|p1a: Rabsca\n|-supereffective|p1a: Rabsca\n|-damage|p1a: Rabsca|0 fnt\n|faint|p1a: Rabsca\n|\n|upkeep\n|\n|t:|1781402043\n|switch|p1a: Pecharunt|Pecharunt, L77|262/262\n|turn|16\n|\n|t:|1781402056\n|switch|p2a: Qwilfish|Qwilfish, L86, F|197/252\n|-damage|p2a: Qwilfish|166/252|[from] Stealth Rock\n|-activate|p2a: Qwilfish|move: Sticky Web\n|-unboost|p2a: Qwilfish|spe|1\n|-ability|p2a: Qwilfish|Intimidate|boost\n|-unboost|p1a: Pecharunt|atk|1\n|move|p1a: Pecharunt|Malignant Chain|p2a: Qwilfish\n|-resisted|p2a: Qwilfish\n|-damage|p2a: Qwilfish|105/252\n|\n|upkeep\n|turn|17\n|\n|t:|1781402074\n|move|p1a: Pecharunt|Shadow Ball|p2a: Qwilfish\n|-damage|p2a: Qwilfish|14/252\n|move|p2a: Qwilfish|Taunt|p1a: Pecharunt\n|-start|p1a: Pecharunt|move: Taunt\n|\n|upkeep\n|turn|18\n|\n|t:|1781402077\n|move|p1a: Pecharunt|Shadow Ball|p2a: Qwilfish\n|-damage|p2a: Qwilfish|0 fnt\n|faint|p2a: Qwilfish\n|\n|upkeep\n|\n|t:|1781402079\n|switch|p2a: Bruxish|Bruxish, L85, F|254/254\n|-damage|p2a: Bruxish|223/254|[from] Stealth Rock\n|-activate|p2a: Bruxish|move: Sticky Web\n|-unboost|p2a: Bruxish|spe|1\n|turn|19\n|\n|t:|1781402086\n|-terastallize|p1a: Pecharunt|Dark\n|move|p1a: Pecharunt|Shadow Ball|p2a: Bruxish\n|-supereffective|p2a: Bruxish\n|-damage|p2a: Bruxish|79/254\n|move|p2a: Bruxish|Psychic Fangs|p1a: Pecharunt\n|-immune|p1a: Pecharunt\n|\n|upkeep\n|turn|20\n|\n|t:|1781402089\n|move|p1a: Pecharunt|Shadow Ball|p2a: Bruxish\n|-supereffective|p2a: Bruxish\n|-damage|p2a: Bruxish|0 fnt\n|faint|p2a: Bruxish\n|\n|-end|p1a: Pecharunt|move: Taunt\n|upkeep\n|\n|t:|1781402093\n|switch|p2a: Ogerpon|Ogerpon-Hearthflame, L74, F|239/239\n|-damage|p2a: Ogerpon|180/239|[from] Stealth Rock\n|-activate|p2a: Ogerpon|move: Sticky Web\n|-unboost|p2a: Ogerpon|spe|1\n|-ability|p2a: Ogerpon|Mold Breaker\n|turn|21\n|\n|t:|1781402097\n|move|p1a: Pecharunt|Malignant Chain|p2a: Ogerpon\n|-supereffective|p2a: Ogerpon\n|-damage|p2a: Ogerpon|0 fnt\n|faint|p2a: Ogerpon\n|\n|upkeep\n|\n|t:|1781402099\n|switch|p2a: Annihilape|Annihilape, L76, M, tera:Fairy|139/292\n|-damage|p2a: Annihilape|103/292|[from] Stealth Rock\n|-activate|p2a: Annihilape|move: Sticky Web\n|-unboost|p2a: Annihilape|spe|1\n|-ability|p2a: Annihilape|Defiant|boost\n|-boost|p2a: Annihilape|atk|2\n|turn|22\n|\n|t:|1781402100\n|move|p1a: Pecharunt|Malignant Chain|p2a: Annihilape\n|-supereffective|p2a: Annihilape\n|-damage|p2a: Annihilape|0 fnt\n|faint|p2a: Annihilape\n|\n|win|schleeby\n", "inputlog": ">version a8376a258c1d4662feba110a92103f3664a72141\n>start {\"formatid\":\"gen9randombattle\",\"seed\":\"sodium,e872c2452ef58e3b2fae83db6d403445\",\"rated\":\"Rated battle\"}\n>player p1 {\"name\":\"schleeby\",\"avatar\":\"rosa\",\"rating\":1999,\"seed\":\"sodium,30c86a353865406653477a406e16172b\"}\n>player p2 {\"name\":\"RoLi404\",\"avatar\":\"jacinthe\",\"rating\":2024,\"seed\":\"sodium,23f67f4880da769161019b7562e241e3\"}\n>p1 move psychic\n>p2 switch 2\n>p1 switch 2\n>p2 move moongeistbeam\n>p1 move knockoff\n>p2 switch 5\n>p1 switch 3\n>p2 move gunkshot\n>p1 move psychicnoise\n>p2 switch 2\n>p1 move uturn\n>p2 move sunnyday\n>p1 switch 2\n>p1 switch 5\n>p2 move weatherball\n>p1 move magmastorm\n>p2 move solarbeam\n>p2 switch 5\n>p1 move magmastorm\n>p2 move moongeistbeam\n>p1 move stealthrock\n>p2 move moongeistbeam\n>p1 switch 2\n>p1 move knockoff\n>p2 move moongeistbeam\n>p1 switch 3\n>p1 move stickyweb\n>p2 move moongeistbeam\n>p1 switch 4\n>p1 move knockoff\n>p2 move photongeyser\n>p2 switch 3\n>p1 switch 5\n>p2 move bulkup\n>p1 move psychic\n>p2 move ragefist terastallize\n>p1 switch 6\n>p1 move malignantchain\n>p2 switch 2\n>p1 move shadowball\n>p2 move taunt\n>p1 move shadowball\n>p2 move toxicspikes\n>p2 switch 6\n>p1 move shadowball terastallize\n>p2 move psychicfangs\n>p1 move shadowball\n>p2 move psychicfangs\n>p2 switch 4\n>p1 move malignantchain\n>p2 move powerwhip\n>p2 switch 2\n>p1 move malignantchain\n>p2 move drainpunch", "uploadtime": 1781401823, "views": 6, "formatid": "gen9randombattle", "rating": null, "private": 0, "password": null, "player_dets": [{"name": "schleeby", "avatar": "rosa", "rating": 1999, "seed": "sodium,30c86a353865406653477a406e16172b"}, {"name": "RoLi404", "avatar": "jacinthe", "rating": 2024, "seed": "sodium,23f67f4880da769161019b7562e241e3"}], "teams_full": [{"Rabsca": {"name": "Rabsca", "species": "Rabsca", "speciesId": "rabsca", "gender": "M", "shiny": false, "level": 91, "moves": ["revivalblessing", "psychic", "bugbuzz", "earthpower"], "ability": "Synchronize", "evs": {"hp": 85, "atk": 0, "def": 85, "spa": 85, "spd": 85, "spe": 85}, "ivs": {"hp": 31, "atk": 0, "def": 31, "spa": 31, "spd": 31, "spe": 31}, "item": "Heavy-Duty Boots", "teraType": "Steel", "role": "Wallbreaker", "bvs": {"hp": 75, "atk": 50, "def": 85, "spa": 115, "spd": 100, "spe": 45}, "stats": {"hp": 284, "atk": 96, "def": 207, "spa": 261, "spd": 234, "spe": 134}}, "Kricketune": {"name": "Kricketune", "species": "Kricketune", "speciesId": "kricketune", "gender": "M", "shiny": false, "level": 99, "moves": ["pounce", "taunt", "stickyweb", "knockoff"], "ability": "Technician", "evs": {"hp": 85, "atk": 85, "def": 85, "spa": 85, "spd": 85, "spe": 85}, "ivs": {"hp": 31, "atk": 31, "def": 31, "spa": 31, "spd": 31, "spe": 31}, "item": "Heavy-Duty Boots", "teraType": "Ghost", "role": "Fast Support", "bvs": {"hp": 77, "atk": 85, "def": 51, "spa": 55, "spd": 51, "spe": 65}, "stats": {"hp": 312, "atk": 224, "def": 157, "spa": 165, "spd": 157, "spe": 185}}, "Uxie": {"name": "Uxie", "species": "Uxie", "speciesId": "uxie", "gender": "N", "shiny": false, "level": 83, "moves": ["knockoff", "psychicnoise", "thunderwave", "uturn"], "ability": "Levitate", "evs": {"hp": 85, "atk": 85, "def": 85, "spa": 85, "spd": 85, "spe": 85}, "ivs": {"hp": 31, "atk": 31, "def": 31, "spa": 31, "spd": 31, "spe": 31}, "item": "Leftovers", "teraType": "Dark", "role": "Bulky Support", "bvs": {"hp": 75, "atk": 75, "def": 130, "spa": 75, "spd": 130, "spe": 95}, "stats": {"hp": 260, "atk": 172, "def": 263, "spa": 172, "spd": 263, "spe": 205}}, "Poliwrath": {"name": "Poliwrath", "species": "Poliwrath", "speciesId": "poliwrath", "gender": "M", "shiny": false, "level": 88, "moves": ["knockoff", "circlethrow", "liquidation", "closecombat"], "ability": "Water Absorb", "evs": {"hp": 85, "atk": 85, "def": 85, "spa": 85, "spd": 85, "spe": 85}, "ivs": {"hp": 31, "atk": 31, "def": 31, "spa": 31, "spd": 31, "spe": 31}, "item": "Assault Vest", "teraType": "Steel", "role": "AV Pivot", "bvs": {"hp": 90, "atk": 95, "def": 95, "spa": 70, "spd": 90, "spe": 70}, "stats": {"hp": 302, "atk": 217, "def": 217, "spa": 173, "spd": 209, "spe": 173}}, "Heatran": {"name": "Heatran", "species": "Heatran", "speciesId": "heatran", "gender": "F", "shiny": false, "level": 79, "moves": ["earthpower", "stealthrock", "magmastorm", "heavyslam"], "ability": "Flash Fire", "evs": {"hp": 85, "atk": 85, "def": 85, "spa": 85, "spd": 85, "spe": 85}, "ivs": {"hp": 31, "atk": 31, "def": 31, "spa": 31, "spd": 31, "spe": 31}, "item": "Air Balloon", "teraType": "Flying", "role": "Bulky Support", "bvs": {"hp": 91, "atk": 90, "def": 106, "spa": 130, "spd": 106, "spe": 77}, "stats": {"hp": 273, "atk": 188, "def": 213, "spa": 251, "spd": 213, "spe": 167}}, "Pecharunt": {"name": "Pecharunt", "species": "Pecharunt", "speciesId": "pecharunt", "gender": "N", "shiny": false, "level": 77, "moves": ["partingshot", "malignantchain", "shadowball", "recover"], "ability": "Poison Puppeteer", "evs": {"hp": 85, "atk": 0, "def": 85, "spa": 85, "spd": 85, "spe": 85}, "ivs": {"hp": 31, "atk": 0, "def": 31, "spa": 31, "spd": 31, "spe": 31}, "item": "Leftovers", "teraType": "Dark", "role": "Bulky Attacker", "bvs": {"hp": 88, "atk": 88, "def": 160, "spa": 88, "spd": 88, "spe": 88}, "stats": {"hp": 262, "atk": 140, "def": 291, "spa": 180, "spd": 180, "spe": 180}}}, {"Sunflora": {"name": "Sunflora", "species": "Sunflora", "speciesId": "sunflora", "gender": "F", "shiny": false, "level": 100, "moves": ["weatherball", "solarbeam", "earthpower", "sunnyday"], "ability": "Chlorophyll", "evs": {"hp": 85, "atk": 0, "def": 85, "spa": 85, "spd": 85, "spe": 85}, "ivs": {"hp": 31, "atk": 0, "def": 31, "spa": 31, "spd": 31, "spe": 31}, "item": "Life Orb", "teraType": "Fire", "role": "Setup Sweeper", "bvs": {"hp": 75, "atk": 75, "def": 55, "spa": 105, "spd": 85, "spe": 30}, "stats": {"hp": 312, "atk": 155, "def": 167, "spa": 267, "spd": 227, "spe": 117}}, "Necrozma": {"name": "Necrozma", "species": "Necrozma-Dawn-Wings", "speciesId": "necrozmadawnwings", "gender": "N", "shiny": false, "level": 76, "moves": ["calmmind", "photongeyser", "moongeistbeam", "moonlight"], "ability": "Prism Armor", "evs": {"hp": 85, "atk": 0, "def": 85, "spa": 85, "spd": 85, "spe": 85}, "ivs": {"hp": 31, "atk": 0, "def": 31, "spa": 31, "spd": 31, "spe": 31}, "item": "Leftovers", "teraType": "Dark", "role": "Bulky Setup", "bvs": {"hp": 97, "atk": 113, "def": 109, "spa": 157, "spd": 127, "spe": 77}, "stats": {"hp": 272, "atk": 176, "def": 210, "spa": 283, "spd": 237, "spe": 161}}, "Annihilape": {"name": "Annihilape", "species": "Annihilape", "speciesId": "annihilape", "gender": "M", "shiny": false, "level": 76, "moves": ["ragefist", "bulkup", "drainpunch", "rest"], "ability": "Defiant", "evs": {"hp": 85, "atk": 85, "def": 85, "spa": 85, "spd": 85, "spe": 85}, "ivs": {"hp": 31, "atk": 31, "def": 31, "spa": 31, "spd": 31, "spe": 31}, "item": "Chesto Berry", "teraType": "Fairy", "role": "Bulky Setup", "bvs": {"hp": 110, "atk": 115, "def": 80, "spa": 50, "spd": 90, "spe": 90}, "stats": {"hp": 292, "atk": 219, "def": 166, "spa": 120, "spd": 181, "spe": 181}}, "Ogerpon": {"name": "Ogerpon", "species": "Ogerpon-Hearthflame", "speciesId": "ogerponhearthflame", "gender": "F", "shiny": false, "level": 74, "moves": ["ivycudgel", "powerwhip", "stompingtantrum", "swordsdance"], "ability": "Mold Breaker", "evs": {"hp": 77, "atk": 85, "def": 85, "spa": 85, "spd": 85, "spe": 85}, "ivs": {"hp": 31, "atk": 31, "def": 31, "spa": 31, "spd": 31, "spe": 31}, "item": "Hearthflame Mask", "teraType": "Fire", "role": "Setup Sweeper", "bvs": {"hp": 80, "atk": 120, "def": 84, "spa": 60, "spd": 96, "spe": 110}, "stats": {"hp": 239, "atk": 221, "def": 167, "spa": 132, "spd": 185, "spe": 206}}, "Qwilfish": {"name": "Qwilfish", "species": "Qwilfish", "speciesId": "qwilfish", "gender": "F", "shiny": false, "level": 86, "moves": ["gunkshot", "toxicspikes", "taunt", "waterfall"], "ability": "Intimidate", "evs": {"hp": 85, "atk": 85, "def": 85, "spa": 85, "spd": 85, "spe": 85}, "ivs": {"hp": 31, "atk": 31, "def": 31, "spa": 31, "spd": 31, "spe": 31}, "item": "Leftovers", "teraType": "Grass", "role": "Bulky Support", "bvs": {"hp": 65, "atk": 95, "def": 85, "spa": 55, "spd": 55, "spe": 85}, "stats": {"hp": 252, "atk": 213, "def": 195, "spa": 144, "spd": 144, "spe": 195}}, "Bruxish": {"name": "Bruxish", "species": "Bruxish", "speciesId": "bruxish", "gender": "F", "shiny": false, "level": 85, "moves": ["wavecrash", "icefang", "psychicfangs", "aquajet"], "ability": "Strong Jaw", "evs": {"hp": 85, "atk": 85, "def": 85, "spa": 85, "spd": 85, "spe": 85}, "ivs": {"hp": 31, "atk": 31, "def": 31, "spa": 31, "spd": 31, "spe": 31}, "item": "Choice Band", "teraType": "Psychic", "role": "Fast Attacker", "bvs": {"hp": 68, "atk": 105, "def": 70, "spa": 70, "spd": 70, "spe": 92}, "stats": {"hp": 254, "atk": 227, "def": 168, "spa": 168, "spd": 168, "spe": 205}}}]}