{"id": "gen9randombattle-2631669448", "format": "[Gen 9] Random Battle", "players": ["iiSilverkx", "Druidad"], "log": "|j|\u2606iiSilverkx\n|j|\u2606Druidad\n|t:|1781418432\n|gametype|singles\n|player|p1|iiSilverkx|miku-ground|1314\n|player|p2|Druidad|brawly|1339\n|gen|9\n|tier|[Gen 9] Random Battle\n|rated|\n|rule|Species Clause: Limit one of each Pok\u00e9mon\n|rule|HP Percentage Mod: HP is shown in percentages\n|rule|Sleep Clause Mod: Limit one foe put to sleep\n|rule|Illusion Level Mod: Illusion disguises the Pok\u00e9mon's true level\n|\n|t:|1781418432\n|teamsize|p1|6\n|teamsize|p2|6\n|start\n|switch|p1a: Porygon-Z|Porygon-Z, L83|277/277\n|switch|p2a: Urshifu|Urshifu, L74, F|270/270\n|turn|1\n|inactive|Battle timer is ON: inactive players will automatically lose when time's up. (requested by Druidad)\n|inactive|iiSilverkx also wants the timer to be on.\n|\n|t:|1781418444\n|move|p1a: Porygon-Z|Tri Attack|p2a: Urshifu\n|-damage|p2a: Urshifu|68/270\n|move|p2a: Urshifu|Wicked Blow|p1a: Porygon-Z\n|-crit|p1a: Porygon-Z\n|-damage|p1a: Porygon-Z|54/277\n|\n|upkeep\n|turn|2\n|\n|t:|1781418462\n|switch|p2a: Drednaw|Drednaw, L81, M|278/278\n|move|p1a: Porygon-Z|Tri Attack|p2a: Drednaw\n|-resisted|p2a: Drednaw\n|-damage|p2a: Drednaw|182/278\n|\n|upkeep\n|turn|3\n|\n|t:|1781418473\n|move|p1a: Porygon-Z|Tri Attack|p2a: Drednaw\n|-resisted|p2a: Drednaw\n|-damage|p2a: Drednaw|86/278\n|move|p2a: Drednaw|Shell Smash|p2a: Drednaw\n|-unboost|p2a: Drednaw|def|1\n|-unboost|p2a: Drednaw|spd|1\n|-boost|p2a: Drednaw|atk|2\n|-boost|p2a: Drednaw|spa|2\n|-boost|p2a: Drednaw|spe|2\n|-enditem|p2a: Drednaw|White Herb\n|-clearnegativeboost|p2a: Drednaw|[silent]\n|\n|upkeep\n|turn|4\n|\n|t:|1781418481\n|move|p2a: Drednaw|Liquidation|p1a: Porygon-Z\n|-damage|p1a: Porygon-Z|0 fnt\n|faint|p1a: Porygon-Z\n|\n|upkeep\n|\n|t:|1781418488\n|switch|p1a: Sceptile|Sceptile, L87, M|264/264\n|turn|5\n|\n|t:|1781418496\n|move|p2a: Drednaw|Crunch|p1a: Sceptile\n|-damage|p1a: Sceptile|60/264\n|move|p1a: Sceptile|Earthquake|p2a: Drednaw\n|-supereffective|p2a: Drednaw\n|-damage|p2a: Drednaw|0 fnt\n|faint|p2a: Drednaw\n|-damage|p1a: Sceptile|34/264|[from] item: Life Orb\n|\n|upkeep\n|\n|t:|1781418510\n|switch|p2a: Volbeat|Volbeat, L90, M|263/263\n|turn|6\n|\n|t:|1781418522\n|switch|p1a: Eternatus|Eternatus, L69|308/308\n|-ability|p1a: Eternatus|Pressure\n|move|p2a: Volbeat|Lunge|p1a: Eternatus\n|-resisted|p1a: Eternatus\n|-damage|p1a: Eternatus|266/308\n|-unboost|p1a: Eternatus|atk|1\n|\n|-heal|p1a: Eternatus|285/308|[from] item: Leftovers\n|upkeep\n|turn|7\n|\n|t:|1781418538\n|move|p2a: Volbeat|Thunder Wave|p1a: Eternatus\n|-status|p1a: Eternatus|par\n|move|p1a: Eternatus|Toxic Spikes|p2a: Volbeat\n|-sidestart|p2: Druidad|move: Toxic Spikes\n|\n|-heal|p1a: Eternatus|304/308 par|[from] item: Leftovers\n|upkeep\n|turn|8\n|\n|t:|1781418563\n|move|p2a: Volbeat|Encore|p1a: Eternatus\n|-start|p1a: Eternatus|Encore\n|move|p1a: Eternatus|Toxic Spikes|p2a: Volbeat\n|-sidestart|p2: Druidad|move: Toxic Spikes\n|\n|-heal|p1a: Eternatus|308/308 par|[from] item: Leftovers\n|upkeep\n|turn|9\n|\n|t:|1781418572\n|switch|p2a: Lunala|Lunala, L70|308/308\n|-status|p2a: Lunala|tox\n|switch|p1a: Sceptile|Sceptile, L87, M|34/264\n|\n|-damage|p2a: Lunala|289/308 tox|[from] psn\n|upkeep\n|turn|10\n|\n|t:|1781418580\n|move|p1a: Sceptile|Leaf Blade|p2a: Lunala\n|-damage|p2a: Lunala|77/308 tox\n|-damage|p1a: Sceptile|8/264|[from] item: Life Orb\n|move|p2a: Lunala|Psyshock|p1a: Sceptile\n|-damage|p1a: Sceptile|0 fnt\n|faint|p1a: Sceptile\n|\n|-heal|p2a: Lunala|96/308 tox|[from] item: Leftovers\n|-damage|p2a: Lunala|58/308 tox|[from] psn\n|upkeep\n|\n|t:|1781418585\n|switch|p1a: Gumshoos|Gumshoos, L95, F|321/321\n|turn|11\n|\n|t:|1781418596\n|move|p2a: Lunala|Psyshock|p1a: Gumshoos\n|-crit|p1a: Gumshoos\n|-damage|p1a: Gumshoos|168/321\n|move|p1a: Gumshoos|Knock Off|p2a: Lunala\n|-supereffective|p2a: Lunala\n|-damage|p2a: Lunala|0 fnt\n|-enditem|p2a: Lunala|Leftovers|[from] move: Knock Off|[of] p1a: Gumshoos\n|faint|p2a: Lunala\n|\n|upkeep\n|\n|t:|1781418605\n|switch|p2a: Urshifu|Urshifu, L74, F|68/270\n|-status|p2a: Urshifu|tox\n|turn|12\n|\n|t:|1781418612\n|switch|p1a: Sinistcha|Sinistcha, L83|254/254\n|move|p2a: Urshifu|Close Combat|p1a: Sinistcha\n|-immune|p1a: Sinistcha\n|\n|-damage|p2a: Urshifu|52/270 tox|[from] psn\n|upkeep\n|turn|13\n|\n|t:|1781418623\n|switch|p2a: Bisharp|Bisharp, L79, M|232/232\n|move|p1a: Sinistcha|Strength Sap|p2a: Bisharp\n|-unboost|p2a: Bisharp|atk|1\n|-ability|p2a: Bisharp|Defiant|boost\n|-boost|p2a: Bisharp|atk|2\n|\n|upkeep\n|turn|14\n|\n|t:|1781418650\n|-terastallize|p1a: Sinistcha|Steel\n|move|p1a: Sinistcha|Matcha Gotcha|p2a: Bisharp\n|-resisted|p2a: Bisharp\n|-damage|p2a: Bisharp|188/232\n|move|p2a: Bisharp|Throat Chop|p1a: Sinistcha\n|-damage|p1a: Sinistcha|137/254\n|-start|p1a: Sinistcha|Throat Chop|[silent]\n|\n|-heal|p1a: Sinistcha|152/254|[from] item: Leftovers\n|upkeep\n|turn|15\n|\n|t:|1781418664\n|move|p1a: Sinistcha|Matcha Gotcha|p2a: Bisharp\n|-resisted|p2a: Bisharp\n|-damage|p2a: Bisharp|149/232\n|-heal|p1a: Sinistcha|172/254|[from] drain|[of] p2a: Bisharp\n|-status|p2a: Bisharp|brn\n|move|p2a: Bisharp|Swords Dance|p2a: Bisharp\n|-boost|p2a: Bisharp|atk|2\n|\n|-heal|p1a: Sinistcha|187/254|[from] item: Leftovers\n|-damage|p2a: Bisharp|135/232 brn|[from] brn\n|-end|p1a: Sinistcha|Throat Chop|[silent]\n|upkeep\n|turn|16\n|\n|t:|1781418680\n|switch|p1a: Gumshoos|Gumshoos, L95, F|168/321\n|move|p2a: Bisharp|Throat Chop|p1a: Gumshoos\n|-damage|p1a: Gumshoos|30/321\n|-start|p1a: Gumshoos|Throat Chop|[silent]\n|\n|-damage|p2a: Bisharp|121/232 brn|[from] brn\n|upkeep\n|turn|17\n|\n|t:|1781418688\n|move|p2a: Bisharp|Throat Chop|p1a: Gumshoos\n|-damage|p1a: Gumshoos|0 fnt\n|faint|p1a: Gumshoos\n|\n|-damage|p2a: Bisharp|107/232 brn|[from] brn\n|upkeep\n|\n|t:|1781418696\n|switch|p1a: Eternatus|Eternatus, L69|308/308 par\n|-ability|p1a: Eternatus|Pressure\n|turn|18\n|\n|t:|1781418712\n|move|p2a: Bisharp|Throat Chop|p1a: Eternatus\n|-damage|p1a: Eternatus|182/308 par\n|-start|p1a: Eternatus|Throat Chop|[silent]\n|cant|p1a: Eternatus|par\n|\n|-heal|p1a: Eternatus|201/308 par|[from] item: Leftovers\n|-damage|p2a: Bisharp|93/232 brn|[from] brn\n|upkeep\n|turn|19\n|\n|t:|1781418723\n|move|p2a: Bisharp|Iron Head|p1a: Eternatus\n|-damage|p1a: Eternatus|60/308 par\n|cant|p1a: Eternatus|flinch\n|\n|-heal|p1a: Eternatus|79/308 par|[from] item: Leftovers\n|-damage|p2a: Bisharp|79/232 brn|[from] brn\n|-end|p1a: Eternatus|Throat Chop|[silent]\n|upkeep\n|turn|20\n|\n|t:|1781418729\n|move|p2a: Bisharp|Iron Head|p1a: Eternatus\n|-damage|p1a: Eternatus|0 fnt\n|faint|p1a: Eternatus\n|\n|-damage|p2a: Bisharp|65/232 brn|[from] brn\n|upkeep\n|\n|t:|1781418733\n|switch|p1a: Sinistcha|Sinistcha, L83, tera:Steel|187/254\n|turn|21\n|\n|t:|1781418742\n|move|p1a: Sinistcha|Matcha Gotcha|p2a: Bisharp\n|-resisted|p2a: Bisharp\n|-damage|p2a: Bisharp|21/232 brn\n|-heal|p1a: Sinistcha|209/254|[from] drain|[of] p2a: Bisharp\n|move|p2a: Bisharp|Throat Chop|p1a: Sinistcha\n|-damage|p1a: Sinistcha|103/254\n|-start|p1a: Sinistcha|Throat Chop|[silent]\n|\n|-heal|p1a: Sinistcha|118/254|[from] item: Leftovers\n|-damage|p2a: Bisharp|7/232 brn|[from] brn\n|upkeep\n|turn|22\n|\n|t:|1781418754\n|move|p2a: Bisharp|Sucker Punch||[still]\n|-fail|p2a: Bisharp\n|move|p1a: Sinistcha|Strength Sap|p2a: Bisharp\n|-unboost|p2a: Bisharp|atk|1\n|-ability|p2a: Bisharp|Defiant|boost\n|-boost|p2a: Bisharp|atk|2\n|-heal|p1a: Sinistcha|254/254\n|\n|-damage|p2a: Bisharp|0 fnt|[from] brn\n|faint|p2a: Bisharp\n|-end|p1a: Sinistcha|Throat Chop|[silent]\n|upkeep\n|\n|t:|1781418768\n|switch|p2a: Urshifu|Urshifu, L74, F|52/270 tox\n|turn|23\n|\n|t:|1781418772\n|switch|p1a: Lunala|Lunala, L70|308/308\n|move|p2a: Urshifu|Close Combat|p1a: Lunala\n|-immune|p1a: Lunala\n|\n|-damage|p2a: Urshifu|36/270 tox|[from] psn\n|upkeep\n|turn|24\n|\n|t:|1781418777\n|switch|p2a: Vespiquen|Vespiquen, L99, F|299/299\n|-ability|p2a: Vespiquen|Pressure\n|move|p1a: Lunala|Moongeist Beam|p2a: Vespiquen\n|-damage|p2a: Vespiquen|227/299\n|\n|upkeep\n|turn|25\n|\n|t:|1781418794\n|move|p1a: Lunala|Calm Mind|p1a: Lunala\n|-boost|p1a: Lunala|spa|1\n|-boost|p1a: Lunala|spd|1\n|move|p2a: Vespiquen|Spikes|p1a: Lunala\n|-sidestart|p1: iiSilverkx|Spikes\n|\n|upkeep\n|turn|26\n|\n|t:|1781418806\n|move|p1a: Lunala|Moongeist Beam|p2a: Vespiquen\n|-damage|p2a: Vespiquen|122/299\n|move|p2a: Vespiquen|Hurricane|p1a: Lunala\n|-damage|p1a: Lunala|263/308\n|\n|-heal|p1a: Lunala|282/308|[from] item: Leftovers\n|upkeep\n|turn|27\n|\n|t:|1781418822\n|move|p1a: Lunala|Moongeist Beam|p2a: Vespiquen\n|-damage|p2a: Vespiquen|2/299\n|move|p2a: Vespiquen|Hurricane|p1a: Lunala\n|-damage|p1a: Lunala|189/308\n|\n|-heal|p1a: Lunala|208/308|[from] item: Leftovers\n|upkeep\n|turn|28\n|\n|t:|1781418832\n|move|p1a: Lunala|Moonlight|p1a: Lunala\n|-heal|p1a: Lunala|308/308\n|move|p2a: Vespiquen|Spikes|p1a: Lunala\n|-sidestart|p1: iiSilverkx|Spikes\n|\n|upkeep\n|turn|29\n|\n|t:|1781418836\n|move|p1a: Lunala|Moongeist Beam|p2a: Vespiquen\n|-damage|p2a: Vespiquen|0 fnt\n|faint|p2a: Vespiquen\n|\n|upkeep\n|\n|t:|1781418837\n|switch|p2a: Volbeat|Volbeat, L90, M|263/263\n|turn|30\n|\n|t:|1781418865\n|move|p2a: Volbeat|Thunder Wave|p1a: Lunala|[miss]\n|-miss|p2a: Volbeat|p1a: Lunala\n|move|p1a: Lunala|Psyshock|p2a: Volbeat\n|-damage|p2a: Volbeat|137/263\n|\n|upkeep\n|turn|31\n|\n|t:|1781418880\n|move|p2a: Volbeat|Lunge|p1a: Lunala\n|-damage|p1a: Lunala|262/308\n|-unboost|p1a: Lunala|atk|1\n|move|p1a: Lunala|Psyshock|p2a: Volbeat\n|-damage|p2a: Volbeat|13/263\n|\n|-heal|p1a: Lunala|281/308|[from] item: Leftovers\n|upkeep\n|turn|32\n|\n|t:|1781418890\n|move|p2a: Volbeat|Thunder Wave|p1a: Lunala\n|-status|p1a: Lunala|par\n|move|p1a: Lunala|Psyshock|p2a: Volbeat\n|-damage|p2a: Volbeat|0 fnt\n|faint|p2a: Volbeat\n|\n|-heal|p1a: Lunala|300/308 par|[from] item: Leftovers\n|upkeep\n|\n|t:|1781418896\n|switch|p2a: Urshifu|Urshifu, L74, F|36/270 tox\n|turn|33\n|\n|t:|1781418907\n|move|p2a: Urshifu|Wicked Blow|p1a: Lunala\n|-supereffective|p1a: Lunala\n|-crit|p1a: Lunala\n|-damage|p1a: Lunala|0 fnt\n|faint|p1a: Lunala\n|\n|-damage|p2a: Urshifu|20/270 tox|[from] psn\n|upkeep\n|\n|t:|1781418909\n|switch|p1a: Sinistcha|Sinistcha, L83, tera:Steel|254/254\n|-damage|p1a: Sinistcha|212/254|[from] Spikes\n|turn|34\n|\n|t:|1781418914\n|move|p2a: Urshifu|Wicked Blow|p1a: Sinistcha\n|-crit|p1a: Sinistcha\n|-damage|p1a: Sinistcha|56/254\n|move|p1a: Sinistcha|Strength Sap|p2a: Urshifu\n|-unboost|p2a: Urshifu|atk|1\n|-heal|p1a: Sinistcha|254/254\n|\n|-damage|p2a: Urshifu|0 fnt|[from] psn\n|faint|p2a: Urshifu\n|\n|win|iiSilverkx\n|raw|iiSilverkx's rating: 1314 &rarr; <strong>1335</strong><br />(+21 for winning)\n|raw|Druidad's rating: 1339 &rarr; <strong>1318</strong><br />(-21 for losing)\n", "inputlog": ">version a8376a258c1d4662feba110a92103f3664a72141\n>start {\"formatid\":\"gen9randombattle\",\"seed\":\"sodium,1c619154016a33df28de764135be1504\",\"rated\":\"Rated battle\"}\n>player p1 {\"name\":\"iiSilverkx\",\"avatar\":\"miku-ground\",\"rating\":1314,\"seed\":\"sodium,ae08c479785a97c78f950235db064586\"}\n>player p2 {\"name\":\"Druidad\",\"avatar\":\"brawly\",\"rating\":1339,\"seed\":\"sodium,d7cb25085d7835c9acf6c1efa0a62920\"}\n>p1 move triattack\n>p2 move wickedblow\n>p1 move triattack\n>p2 switch 3\n>p1 move triattack\n>p2 move shellsmash\n>p1 move triattack\n>p2 move liquidation\n>p1 switch 4\n>p1 move earthquake\n>p2 move crunch\n>p2 switch 4\n>p1 switch 5\n>p2 move lunge\n>p1 move toxicspikes\n>p2 move thunderwave\n>p1 move toxicspikes\n>p2 move encore\n>p1 switch 5\n>p2 switch 6\n>p1 move leafblade\n>p2 move psyshock\n>p1 switch 6\n>p1 move knockoff\n>p2 move psyshock\n>p2 switch 3\n>p1 switch 3\n>p2 move closecombat\n>p1 move strengthsap\n>p2 switch 2\n>p1 move matchagotcha terastallize\n>p2 move throatchop\n>p1 move matchagotcha\n>p2 move swordsdance\n>p1 switch 3\n>p2 move throatchop\n>p1 move earthquake\n>p2 move throatchop\n>p1 switch 5\n>p1 move flamethrower\n>p2 move throatchop\n>p1 move flamethrower\n>p2 move ironhead\n>p1 move flamethrower\n>p2 move ironhead\n>p1 switch 3\n>p1 move matchagotcha\n>p2 move throatchop\n>p1 move strengthsap\n>p2 move suckerpunch\n>p2 switch 2\n>p1 switch 2\n>p2 move closecombat\n>p1 move moongeistbeam\n>p2 switch 5\n>p1 move calmmind\n>p2 move spikes\n>p1 move moongeistbeam\n>p2 move hurricane\n>p1 move moongeistbeam\n>p2 move hurricane\n>p1 move moonlight\n>p2 move spikes\n>p1 move moongeistbeam\n>p2 move roost\n>p2 switch 6\n>p1 move psyshock\n>p2 move thunderwave\n>p1 move psyshock\n>p2 move lunge\n>p1 move psyshock\n>p2 move thunderwave\n>p2 switch 5\n>p1 move moonlight\n>p2 move wickedblow\n>p1 switch 2\n>p1 move strengthsap\n>p2 move wickedblow", "uploadtime": 1781418918, "views": 5, "formatid": "gen9randombattle", "rating": 1318, "private": 0, "password": null, "player_dets": [{"name": "iiSilverkx", "avatar": "miku-ground", "rating": 1314, "seed": "sodium,ae08c479785a97c78f950235db064586"}, {"name": "Druidad", "avatar": "brawly", "rating": 1339, "seed": "sodium,d7cb25085d7835c9acf6c1efa0a62920"}], "teams_full": [{"Porygon-Z": {"name": "Porygon-Z", "species": "Porygon-Z", "speciesId": "porygonz", "gender": "N", "shiny": false, "level": 83, "moves": ["triattack", "trick", "icebeam", "shadowball"], "ability": "Adaptability", "evs": {"hp": 85, "atk": 0, "def": 85, "spa": 85, "spd": 85, "spe": 85}, "ivs": {"hp": 31, "atk": 0, "def": 31, "spa": 31, "spd": 31, "spe": 31}, "item": "Choice Scarf", "teraType": "Ghost", "role": "Fast Attacker", "bvs": {"hp": 85, "atk": 80, "def": 70, "spa": 135, "spd": 75, "spe": 90}, "stats": {"hp": 277, "atk": 137, "def": 164, "spa": 272, "spd": 172, "spe": 197}}, "Lunala": {"name": "Lunala", "species": "Lunala", "speciesId": "lunala", "gender": "N", "shiny": false, "level": 70, "moves": ["moongeistbeam", "moonlight", "psyshock", "calmmind"], "ability": "Shadow Shield", "evs": {"hp": 85, "atk": 0, "def": 85, "spa": 85, "spd": 85, "spe": 85}, "ivs": {"hp": 31, "atk": 0, "def": 31, "spa": 31, "spd": 31, "spe": 31}, "item": "Leftovers", "teraType": "Dark", "role": "Fast Bulky Setup", "bvs": {"hp": 137, "atk": 113, "def": 89, "spa": 137, "spd": 107, "spe": 97}, "stats": {"hp": 308, "atk": 163, "def": 166, "spa": 233, "spd": 191, "spe": 177}}, "Sinistcha": {"name": "Sinistcha", "species": "Sinistcha", "speciesId": "sinistcha", "gender": "N", "shiny": false, "level": 83, "moves": ["calmmind", "matchagotcha", "strengthsap", "shadowball"], "ability": "Heatproof", "evs": {"hp": 85, "atk": 0, "def": 85, "spa": 85, "spd": 85, "spe": 85}, "ivs": {"hp": 31, "atk": 0, "def": 31, "spa": 31, "spd": 31, "spe": 31}, "item": "Leftovers", "teraType": "Steel", "role": "Bulky Setup", "bvs": {"hp": 71, "atk": 60, "def": 106, "spa": 121, "spd": 80, "spe": 70}, "stats": {"hp": 254, "atk": 104, "def": 224, "spa": 249, "spd": 180, "spe": 164}}, "Sceptile": {"name": "Sceptile", "species": "Sceptile", "speciesId": "sceptile", "gender": "M", "shiny": false, "level": 87, "moves": ["leafblade", "rockslide", "swordsdance", "earthquake"], "ability": "Overgrow", "evs": {"hp": 85, "atk": 85, "def": 85, "spa": 85, "spd": 85, "spe": 85}, "ivs": {"hp": 31, "atk": 31, "def": 31, "spa": 31, "spd": 31, "spe": 31}, "item": "Life Orb", "teraType": "Rock", "role": "Setup Sweeper", "bvs": {"hp": 70, "atk": 85, "def": 65, "spa": 105, "spd": 85, "spe": 120}, "stats": {"hp": 264, "atk": 198, "def": 163, "spa": 232, "spd": 198, "spe": 259}}, "Eternatus": {"name": "Eternatus", "species": "Eternatus", "speciesId": "eternatus", "gender": "N", "shiny": false, "level": 69, "moves": ["toxicspikes", "flamethrower", "dynamaxcannon", "recover"], "ability": "Pressure", "evs": {"hp": 85, "atk": 0, "def": 85, "spa": 85, "spd": 85, "spe": 85}, "ivs": {"hp": 31, "atk": 0, "def": 31, "spa": 31, "spd": 31, "spe": 31}, "item": "Leftovers", "teraType": "Water", "role": "Bulky Support", "bvs": {"hp": 140, "atk": 85, "def": 95, "spa": 145, "spd": 95, "spe": 130}, "stats": {"hp": 308, "atk": 122, "def": 171, "spa": 240, "spd": 171, "spe": 220}}, "Gumshoos": {"name": "Gumshoos", "species": "Gumshoos", "speciesId": "gumshoos", "gender": "F", "shiny": false, "level": 95, "moves": ["knockoff", "uturn", "doubleedge", "earthquake"], "ability": "Stakeout", "evs": {"hp": 85, "atk": 85, "def": 85, "spa": 85, "spd": 85, "spe": 85}, "ivs": {"hp": 31, "atk": 31, "def": 31, "spa": 31, "spd": 31, "spe": 31}, "item": "Choice Band", "teraType": "Ground", "role": "Fast Attacker", "bvs": {"hp": 88, "atk": 110, "def": 60, "spa": 55, "spd": 60, "spe": 45}, "stats": {"hp": 321, "atk": 263, "def": 168, "spa": 158, "spd": 168, "spe": 139}}}, {"Urshifu": {"name": "Urshifu", "species": "Urshifu", "speciesId": "urshifu", "gender": "F", "shiny": false, "level": 74, "moves": ["wickedblow", "closecombat", "poisonjab", "uturn"], "ability": "Unseen Fist", "evs": {"hp": 85, "atk": 85, "def": 85, "spa": 85, "spd": 85, "spe": 85}, "ivs": {"hp": 31, "atk": 31, "def": 31, "spa": 31, "spd": 31, "spe": 31}, "item": "Choice Band", "teraType": "Fighting", "role": "Fast Attacker", "bvs": {"hp": 100, "atk": 130, "def": 100, "spa": 63, "spd": 60, "spe": 97}, "stats": {"hp": 270, "atk": 235, "def": 191, "spa": 136, "spd": 132, "spe": 187}}, "Bisharp": {"name": "Bisharp", "species": "Bisharp", "speciesId": "bisharp", "gender": "M", "shiny": false, "level": 79, "moves": ["suckerpunch", "ironhead", "swordsdance", "throatchop"], "ability": "Defiant", "evs": {"hp": 85, "atk": 85, "def": 85, "spa": 85, "spd": 85, "spe": 85}, "ivs": {"hp": 31, "atk": 31, "def": 31, "spa": 31, "spd": 31, "spe": 31}, "item": "Eviolite", "teraType": "Ghost", "role": "Bulky Attacker", "bvs": {"hp": 65, "atk": 125, "def": 100, "spa": 60, "spd": 70, "spe": 70}, "stats": {"hp": 232, "atk": 243, "def": 204, "spa": 140, "spd": 156, "spe": 156}}, "Drednaw": {"name": "Drednaw", "species": "Drednaw", "speciesId": "drednaw", "gender": "M", "shiny": false, "level": 81, "moves": ["shellsmash", "liquidation", "crunch", "stoneedge"], "ability": "Strong Jaw", "evs": {"hp": 85, "atk": 85, "def": 85, "spa": 85, "spd": 85, "spe": 85}, "ivs": {"hp": 31, "atk": 31, "def": 31, "spa": 31, "spd": 31, "spe": 31}, "item": "White Herb", "teraType": "Dark", "role": "Setup Sweeper", "bvs": {"hp": 90, "atk": 115, "def": 90, "spa": 48, "spd": 68, "spe": 74}, "stats": {"hp": 278, "atk": 233, "def": 192, "spa": 124, "spd": 157, "spe": 167}}, "Volbeat": {"name": "Volbeat", "species": "Volbeat", "speciesId": "volbeat", "gender": "M", "shiny": false, "level": 90, "moves": ["thunderwave", "lunge", "encore", "roost"], "ability": "Prankster", "evs": {"hp": 85, "atk": 85, "def": 85, "spa": 85, "spd": 85, "spe": 85}, "ivs": {"hp": 31, "atk": 31, "def": 31, "spa": 31, "spd": 31, "spe": 31}, "item": "Heavy-Duty Boots", "teraType": "Steel", "role": "Bulky Attacker", "bvs": {"hp": 65, "atk": 73, "def": 75, "spa": 47, "spd": 85, "spe": 85}, "stats": {"hp": 263, "atk": 183, "def": 186, "spa": 136, "spd": 204, "spe": 204}}, "Vespiquen": {"name": "Vespiquen", "species": "Vespiquen", "speciesId": "vespiquen", "gender": "F", "shiny": false, "level": 99, "moves": ["hurricane", "spikes", "roost", "toxicspikes"], "ability": "Pressure", "evs": {"hp": 85, "atk": 0, "def": 85, "spa": 85, "spd": 85, "spe": 85}, "ivs": {"hp": 31, "atk": 0, "def": 31, "spa": 31, "spd": 31, "spe": 31}, "item": "Heavy-Duty Boots", "teraType": "Steel", "role": "Bulky Support", "bvs": {"hp": 70, "atk": 80, "def": 102, "spa": 80, "spd": 102, "spe": 40}, "stats": {"hp": 299, "atk": 163, "def": 258, "spa": 214, "spd": 258, "spe": 135}}, "Lunala": {"name": "Lunala", "species": "Lunala", "speciesId": "lunala", "gender": "N", "shiny": false, "level": 70, "moves": ["calmmind", "moongeistbeam", "psyshock", "moonlight"], "ability": "Shadow Shield", "evs": {"hp": 85, "atk": 0, "def": 85, "spa": 85, "spd": 85, "spe": 85}, "ivs": {"hp": 31, "atk": 0, "def": 31, "spa": 31, "spd": 31, "spe": 31}, "item": "Leftovers", "teraType": "Dark", "role": "Fast Bulky Setup", "bvs": {"hp": 137, "atk": 113, "def": 89, "spa": 137, "spd": 107, "spe": 97}, "stats": {"hp": 308, "atk": 163, "def": 166, "spa": 233, "spd": 191, "spe": 177}}}]}