{"id": "gen9randombattle-2631753029", "format": "[Gen 9] Random Battle", "players": ["FantasyWind", "Zibabu"], "log": "|j|\u203dFantasyWind\n|j|\u2606Zibabu\n|t:|1781434060\n|gametype|singles\n|player|p1|FantasyWind|rosa|1978\n|player|p2|Zibabu|101|1918\n|gen|9\n|tier|[Gen 9] Random Battle\n|rated|\n|rule|Species Clause: Limit one of each Pok\u00e9mon\n|rule|HP Percentage Mod: HP is shown in percentages\n|rule|Sleep Clause Mod: Limit one foe put to sleep\n|rule|Illusion Level Mod: Illusion disguises the Pok\u00e9mon's true level\n|\n|t:|1781434060\n|teamsize|p1|6\n|teamsize|p2|6\n|start\n|switch|p1a: Sandaconda|Sandaconda, L84, M|258/258\n|switch|p2a: Gurdurr|Gurdurr, L85, F|283/283\n|turn|1\n|inactive|Battle timer is ON: inactive players will automatically lose when time's up. (requested by Zibabu)\n|inactive|FantasyWind also wants the timer to be on.\n|\n|t:|1781434075\n|switch|p1a: Galvantula|Galvantula, L82, M|249/249\n|move|p2a: Gurdurr|Knock Off|p1a: Galvantula\n|-damage|p1a: Galvantula|147/249\n|-enditem|p1a: Galvantula|Heavy-Duty Boots|[from] move: Knock Off|[of] p2a: Gurdurr\n|\n|upkeep\n|turn|2\n|\n|t:|1781434084\n|move|p1a: Galvantula|Sticky Web|p2a: Gurdurr\n|-sidestart|p2: Zibabu|move: Sticky Web\n|move|p2a: Gurdurr|Knock Off|p1a: Galvantula\n|-damage|p1a: Galvantula|78/249\n|\n|upkeep\n|turn|3\n|\n|t:|1781434090\n|move|p1a: Galvantula|Thunder|p2a: Gurdurr\n|-damage|p2a: Gurdurr|168/283\n|-status|p2a: Gurdurr|par\n|cant|p2a: Gurdurr|par\n|\n|upkeep\n|turn|4\n|\n|t:|1781434097\n|switch|p2a: Palossand|Palossand, L89, M|296/296\n|-activate|p2a: Palossand|move: Sticky Web\n|-unboost|p2a: Palossand|spe|1\n|move|p1a: Galvantula|Thunder|p2a: Palossand\n|-immune|p2a: Palossand\n|\n|upkeep\n|turn|5\n|\n|t:|1781434108\n|switch|p1a: Gliscor|Gliscor, L76, M|239/239\n|move|p2a: Palossand|Shadow Ball|p1a: Gliscor\n|-damage|p1a: Gliscor|125/239\n|-unboost|p1a: Gliscor|spd|1\n|\n|-status|p1a: Gliscor|tox|[from] item: Toxic Orb\n|upkeep\n|turn|6\n|\n|t:|1781434113\n|switch|p1a: Porygon-Z|Porygon-Z, L83|277/277\n|move|p2a: Palossand|Shadow Ball|p1a: Porygon-Z\n|-immune|p1a: Porygon-Z\n|\n|upkeep\n|turn|7\n|\n|t:|1781434121\n|move|p1a: Porygon-Z|Nasty Plot|p1a: Porygon-Z\n|-boost|p1a: Porygon-Z|spa|2\n|move|p2a: Palossand|Sludge Bomb|p1a: Porygon-Z\n|-crit|p1a: Porygon-Z\n|-damage|p1a: Porygon-Z|142/277\n|\n|upkeep\n|turn|8\n|\n|t:|1781434123\n|move|p1a: Porygon-Z|Shadow Ball|p2a: Palossand\n|-supereffective|p2a: Palossand\n|-damage|p2a: Palossand|0 fnt\n|faint|p2a: Palossand\n|-damage|p1a: Porygon-Z|115/277|[from] item: Life Orb\n|\n|upkeep\n|\n|t:|1781434127\n|switch|p2a: Gurdurr|Gurdurr, L85, F|168/283 par\n|-activate|p2a: Gurdurr|move: Sticky Web\n|-unboost|p2a: Gurdurr|spe|1\n|turn|9\n|\n|t:|1781434131\n|-terastallize|p1a: Porygon-Z|Ghost\n|move|p2a: Gurdurr|Mach Punch|p1a: Porygon-Z\n|-immune|p1a: Porygon-Z\n|move|p1a: Porygon-Z|Tri Attack|p2a: Gurdurr\n|-damage|p2a: Gurdurr|0 fnt\n|faint|p2a: Gurdurr\n|-damage|p1a: Porygon-Z|88/277|[from] item: Life Orb\n|\n|upkeep\n|\n|t:|1781434137\n|switch|p2a: Snorlax|Snorlax, L82, M|397/397\n|-activate|p2a: Snorlax|move: Sticky Web\n|-unboost|p2a: Snorlax|spe|1\n|turn|10\n|\n|t:|1781434140\n|move|p1a: Porygon-Z|Tri Attack|p2a: Snorlax\n|-damage|p2a: Snorlax|167/397\n|-status|p2a: Snorlax|brn\n|-damage|p1a: Porygon-Z|61/277|[from] item: Life Orb\n|move|p2a: Snorlax|Earthquake|p1a: Porygon-Z\n|-damage|p1a: Porygon-Z|18/277\n|\n|-damage|p2a: Snorlax|143/397 brn|[from] brn\n|upkeep\n|turn|11\n|\n|t:|1781434144\n|move|p1a: Porygon-Z|Tri Attack|p2a: Snorlax\n|-damage|p2a: Snorlax|0 fnt\n|faint|p2a: Snorlax\n|-damage|p1a: Porygon-Z|0 fnt|[from] item: Life Orb\n|faint|p1a: Porygon-Z\n|\n|upkeep\n|\n|t:|1781434151\n|switch|p1a: Gliscor|Gliscor, L76, M|125/239 tox\n|switch|p2a: Infernape|Infernape, L82, F|259/259\n|-activate|p2a: Infernape|move: Sticky Web\n|-unboost|p2a: Infernape|spe|1\n|turn|12\n|\n|t:|1781434158\n|move|p1a: Gliscor|Toxic|p2a: Infernape\n|-status|p2a: Infernape|tox\n|move|p2a: Infernape|Flare Blitz|p1a: Gliscor\n|-crit|p1a: Gliscor\n|-damage|p1a: Gliscor|0 fnt\n|faint|p1a: Gliscor\n|-damage|p2a: Infernape|218/259 tox|[from] Recoil\n|\n|-damage|p2a: Infernape|202/259 tox|[from] psn\n|upkeep\n|\n|t:|1781434162\n|switch|p1a: Galvantula|Galvantula, L82, M|78/249\n|turn|13\n|\n|t:|1781434165\n|switch|p2a: Lanturn|Lanturn, L89, F|367/367\n|-activate|p2a: Lanturn|move: Sticky Web\n|-unboost|p2a: Lanturn|spe|1\n|move|p1a: Galvantula|Thunder|p2a: Lanturn\n|-immune|p2a: Lanturn|[from] ability: Volt Absorb\n|\n|upkeep\n|turn|14\n|\n|t:|1781434170\n|move|p1a: Galvantula|Bug Buzz|p2a: Lanturn\n|-damage|p2a: Lanturn|276/367\n|move|p2a: Lanturn|Scald|p1a: Galvantula\n|-damage|p1a: Galvantula|0 fnt\n|faint|p1a: Galvantula\n|\n|-heal|p2a: Lanturn|298/367|[from] item: Leftovers\n|upkeep\n|\n|t:|1781434181\n|switch|p1a: Arceus|Arceus-Steel, L70|284/284\n|turn|15\n|\n|t:|1781434184\n|move|p1a: Arceus|Calm Mind|p1a: Arceus\n|-boost|p1a: Arceus|spa|1\n|-boost|p1a: Arceus|spd|1\n|move|p2a: Lanturn|Thunder Wave|p1a: Arceus\n|-status|p1a: Arceus|par\n|\n|-heal|p2a: Lanturn|320/367|[from] item: Leftovers\n|upkeep\n|turn|16\n|\n|t:|1781434188\n|switch|p2a: Infernape|Infernape, L82, F|202/259 tox\n|-activate|p2a: Infernape|move: Sticky Web\n|-unboost|p2a: Infernape|spe|1\n|move|p1a: Arceus|Calm Mind|p1a: Arceus\n|-boost|p1a: Arceus|spa|1\n|-boost|p1a: Arceus|spd|1\n|\n|-damage|p2a: Infernape|186/259 tox|[from] psn\n|upkeep\n|turn|17\n|\n|t:|1781434193\n|switch|p1a: Sandaconda|Sandaconda, L84, M|258/258\n|move|p2a: Infernape|Close Combat|p1a: Sandaconda\n|-damage|p1a: Sandaconda|122/258\n|-unboost|p2a: Infernape|def|1\n|-unboost|p2a: Infernape|spd|1\n|\n|-damage|p2a: Infernape|154/259 tox|[from] psn\n|upkeep\n|turn|18\n|\n|t:|1781434195\n|move|p1a: Sandaconda|Earthquake|p2a: Infernape\n|-supereffective|p2a: Infernape\n|-damage|p2a: Infernape|0 fnt\n|faint|p2a: Infernape\n|\n|upkeep\n|\n|t:|1781434197\n|switch|p2a: Minior|Minior-Green, L79|224/224\n|-formechange|p2a: Minior|Minior-Meteor||[from] ability: Shields Down\n|turn|19\n|\n|t:|1781434202\n|move|p1a: Sandaconda|Coil|p1a: Sandaconda\n|-boost|p1a: Sandaconda|atk|1\n|-boost|p1a: Sandaconda|def|1\n|-boost|p1a: Sandaconda|accuracy|1\n|move|p2a: Minior|Shell Smash|p2a: Minior\n|-unboost|p2a: Minior|def|1\n|-unboost|p2a: Minior|spd|1\n|-boost|p2a: Minior|atk|2\n|-boost|p2a: Minior|spa|2\n|-boost|p2a: Minior|spe|2\n|-enditem|p2a: Minior|White Herb\n|-clearnegativeboost|p2a: Minior|[silent]\n|\n|upkeep\n|turn|20\n|\n|t:|1781434211\n|-terastallize|p2a: Minior|Flying\n|move|p2a: Minior|Acrobatics|p1a: Sandaconda\n|-damage|p1a: Sandaconda|32/258\n|move|p1a: Sandaconda|Coil|p1a: Sandaconda\n|-boost|p1a: Sandaconda|atk|1\n|-boost|p1a: Sandaconda|def|1\n|-boost|p1a: Sandaconda|accuracy|1\n|\n|upkeep\n|turn|21\n|\n|t:|1781434215\n|move|p2a: Minior|Acrobatics|p1a: Sandaconda\n|-damage|p1a: Sandaconda|0 fnt\n|faint|p1a: Sandaconda\n|\n|upkeep\n|\n|t:|1781434220\n|switch|p1a: Arceus|Arceus-Steel, L70|284/284 par\n|turn|22\n|\n|t:|1781434223\n|move|p2a: Minior|Earthquake|p1a: Arceus\n|-supereffective|p1a: Arceus\n|-damage|p1a: Arceus|110/284 par\n|move|p1a: Arceus|Judgment|p2a: Minior\n|-damage|p2a: Minior|125/224\n|\n|upkeep\n|turn|23\n|\n|t:|1781434226\n|move|p2a: Minior|Earthquake|p1a: Arceus\n|-supereffective|p1a: Arceus\n|-damage|p1a: Arceus|0 fnt\n|faint|p1a: Arceus\n|\n|upkeep\n|\n|t:|1781434228\n|switch|p1a: Vivillon|Vivillon-Savanna, L83, M|268/268\n|turn|24\n|\n|t:|1781434231\n|move|p2a: Minior|Acrobatics|p1a: Vivillon\n|-supereffective|p1a: Vivillon\n|-damage|p1a: Vivillon|0 fnt\n|faint|p1a: Vivillon\n|\n|win|Zibabu\n", "inputlog": ">version a8376a258c1d4662feba110a92103f3664a72141\n>start {\"formatid\":\"gen9randombattle\",\"seed\":\"sodium,6e444ab28578329c6afcf6734be1a81d\",\"rated\":\"Rated battle\"}\n>player p1 {\"name\":\"FantasyWind\",\"avatar\":\"rosa\",\"rating\":1978,\"seed\":\"sodium,ecbd3a2d62410607da8c7988dc95258d\"}\n>player p2 {\"name\":\"Zibabu\",\"avatar\":\"101\",\"rating\":1918,\"seed\":\"sodium,fa937a083595d70903ae9cea4334bd29\"}\n>p1 switch 6\n>p2 move knockoff\n>p1 move stickyweb\n>p2 move knockoff\n>p1 move thunder\n>p2 move knockoff\n>p1 move thunder\n>p2 switch 3\n>p1 switch 2\n>p2 move shadowball\n>p1 switch 5\n>p2 move shadowball\n>p1 move nastyplot\n>p2 move sludgebomb\n>p1 move shadowball\n>p2 move sludgebomb\n>p2 switch 3\n>p1 move triattack terastallize\n>p2 move machpunch\n>p2 switch 2\n>p1 move triattack\n>p2 move earthquake\n>p1 move triattack\n>p2 move rest\n>p1 switch 5\n>p2 switch 5\n>p1 move toxic\n>p2 move flareblitz\n>p1 switch 2\n>p1 move thunder\n>p2 switch 4\n>p1 move bugbuzz\n>p2 move scald\n>p1 switch 4\n>p1 move calmmind\n>p2 move thunderwave\n>p1 move calmmind\n>p2 switch 4\n>p1 switch 6\n>p2 move closecombat\n>p1 move earthquake\n>p2 move closecombat\n>p2 switch 6\n>p1 move coil\n>p2 move shellsmash\n>p1 move coil\n>p2 move acrobatics terastallize\n>p1 move rockblast\n>p2 move acrobatics\n>p1 switch 6\n>p1 move judgment\n>p2 move earthquake\n>p1 move judgment\n>p2 move earthquake\n>p1 switch 3\n>p1 move quiverdance\n>p2 move acrobatics", "uploadtime": 1781434061, "views": 4, "formatid": "gen9randombattle", "rating": null, "private": 0, "password": null, "player_dets": [{"name": "FantasyWind", "avatar": "rosa", "rating": 1978, "seed": "sodium,ecbd3a2d62410607da8c7988dc95258d"}, {"name": "Zibabu", "avatar": "101", "rating": 1918, "seed": "sodium,fa937a083595d70903ae9cea4334bd29"}], "teams_full": [{"Sandaconda": {"name": "Sandaconda", "species": "Sandaconda", "speciesId": "sandaconda", "gender": "M", "shiny": false, "level": 84, "moves": ["scaleshot", "coil", "rockblast", "earthquake"], "ability": "Shed Skin", "evs": {"hp": 85, "atk": 85, "def": 85, "spa": 85, "spd": 85, "spe": 85}, "ivs": {"hp": 31, "atk": 31, "def": 31, "spa": 31, "spd": 31, "spe": 31}, "item": "Loaded Dice", "teraType": "Dragon", "role": "Fast Bulky Setup", "bvs": {"hp": 72, "atk": 107, "def": 125, "spa": 65, "spd": 70, "spe": 71}, "stats": {"hp": 258, "atk": 228, "def": 258, "spa": 157, "spd": 166, "spe": 167}, "types": ["Ground"]}, "Gliscor": {"name": "Gliscor", "species": "Gliscor", "speciesId": "gliscor", "gender": "M", "shiny": false, "level": 76, "moves": ["protect", "toxic", "earthquake", "substitute"], "ability": "Poison Heal", "evs": {"hp": 85, "atk": 85, "def": 85, "spa": 85, "spd": 85, "spe": 85}, "ivs": {"hp": 31, "atk": 31, "def": 31, "spa": 31, "spd": 31, "spe": 31}, "item": "Toxic Orb", "teraType": "Water", "role": "Fast Support", "bvs": {"hp": 75, "atk": 95, "def": 125, "spa": 45, "spd": 75, "spe": 95}, "stats": {"hp": 239, "atk": 188, "def": 234, "spa": 112, "spd": 158, "spe": 188}, "types": ["Ground", "Flying"]}, "Vivillon": {"name": "Vivillon", "species": "Vivillon-Savanna", "speciesId": "vivillon", "gender": "M", "shiny": false, "level": 83, "moves": ["terablast", "sleeppowder", "quiverdance", "hurricane"], "ability": "Compound Eyes", "evs": {"hp": 85, "atk": 0, "def": 85, "spa": 85, "spd": 85, "spe": 85}, "ivs": {"hp": 31, "atk": 0, "def": 31, "spa": 31, "spd": 31, "spe": 31}, "item": "Heavy-Duty Boots", "teraType": "Ground", "role": "Tera Blast user", "bvs": {"hp": 80, "atk": 52, "def": 50, "spa": 90, "spd": 50, "spe": 89}, "stats": {"hp": 268, "atk": 91, "def": 131, "spa": 197, "spd": 131, "spe": 195}, "types": ["Bug", "Flying"]}, "Arceus": {"name": "Arceus", "species": "Arceus-Steel", "speciesId": "arceussteel", "gender": "N", "shiny": false, "level": 70, "moves": ["earthpower", "judgment", "recover", "calmmind"], "ability": "Multitype", "evs": {"hp": 85, "atk": 0, "def": 85, "spa": 85, "spd": 85, "spe": 85}, "ivs": {"hp": 31, "atk": 0, "def": 31, "spa": 31, "spd": 31, "spe": 31}, "item": "Iron Plate", "teraType": "Ghost", "role": "Bulky Setup", "bvs": {"hp": 120, "atk": 120, "def": 120, "spa": 120, "spd": 120, "spe": 120}, "stats": {"hp": 284, "atk": 173, "def": 209, "spa": 209, "spd": 209, "spe": 209}, "types": ["Steel"]}, "Porygon-Z": {"name": "Porygon-Z", "species": "Porygon-Z", "speciesId": "porygonz", "gender": "N", "shiny": false, "level": 83, "moves": ["thunderbolt", "triattack", "shadowball", "nastyplot"], "ability": "Adaptability", "evs": {"hp": 85, "atk": 0, "def": 85, "spa": 85, "spd": 85, "spe": 85}, "ivs": {"hp": 31, "atk": 0, "def": 31, "spa": 31, "spd": 31, "spe": 31}, "item": "Life Orb", "teraType": "Ghost", "role": "Fast Attacker", "bvs": {"hp": 85, "atk": 80, "def": 70, "spa": 135, "spd": 75, "spe": 90}, "stats": {"hp": 277, "atk": 137, "def": 164, "spa": 272, "spd": 172, "spe": 197}, "types": ["Normal"]}, "Galvantula": {"name": "Galvantula", "species": "Galvantula", "speciesId": "galvantula", "gender": "M", "shiny": false, "level": 82, "moves": ["stickyweb", "voltswitch", "bugbuzz", "thunder"], "ability": "Compound Eyes", "evs": {"hp": 85, "atk": 0, "def": 85, "spa": 85, "spd": 85, "spe": 85}, "ivs": {"hp": 31, "atk": 0, "def": 31, "spa": 31, "spd": 31, "spe": 31}, "item": "Heavy-Duty Boots", "teraType": "Electric", "role": "Fast Support", "bvs": {"hp": 70, "atk": 77, "def": 60, "spa": 97, "spd": 60, "spe": 108}, "stats": {"hp": 249, "atk": 131, "def": 146, "spa": 206, "spd": 146, "spe": 224}, "types": ["Bug", "Electric"]}}, {"Gurdurr": {"name": "Gurdurr", "species": "Gurdurr", "speciesId": "gurdurr", "gender": "F", "shiny": false, "level": 85, "moves": ["drainpunch", "knockoff", "machpunch", "defog"], "ability": "Guts", "evs": {"hp": 85, "atk": 85, "def": 85, "spa": 85, "spd": 85, "spe": 85}, "ivs": {"hp": 31, "atk": 31, "def": 31, "spa": 31, "spd": 31, "spe": 31}, "item": "Eviolite", "teraType": "Steel", "role": "Bulky Attacker", "bvs": {"hp": 85, "atk": 105, "def": 85, "spa": 40, "spd": 50, "spe": 40}, "stats": {"hp": 283, "atk": 227, "def": 193, "spa": 117, "spd": 134, "spe": 117}, "types": ["Fighting"]}, "Snorlax": {"name": "Snorlax", "species": "Snorlax", "speciesId": "snorlax", "gender": "M", "shiny": false, "level": 82, "moves": ["earthquake", "bodyslam", "curse", "rest"], "ability": "Thick Fat", "evs": {"hp": 85, "atk": 85, "def": 85, "spa": 85, "spd": 85, "spe": 85}, "ivs": {"hp": 31, "atk": 31, "def": 31, "spa": 31, "spd": 31, "spe": 31}, "item": "Chesto Berry", "teraType": "Ground", "role": "Bulky Setup", "bvs": {"hp": 160, "atk": 110, "def": 65, "spa": 65, "spd": 110, "spe": 30}, "stats": {"hp": 397, "atk": 228, "def": 154, "spa": 154, "spd": 228, "spe": 96}, "types": ["Normal"]}, "Palossand": {"name": "Palossand", "species": "Palossand", "speciesId": "palossand", "gender": "M", "shiny": false, "level": 89, "moves": ["shoreup", "shadowball", "sludgebomb", "earthpower"], "ability": "Water Compaction", "evs": {"hp": 85, "atk": 0, "def": 85, "spa": 85, "spd": 85, "spe": 85}, "ivs": {"hp": 31, "atk": 0, "def": 31, "spa": 31, "spd": 31, "spe": 31}, "item": "Leftovers", "teraType": "Poison", "role": "Bulky Support", "bvs": {"hp": 85, "atk": 75, "def": 110, "spa": 100, "spd": 75, "spe": 35}, "stats": {"hp": 296, "atk": 138, "def": 247, "spa": 229, "spd": 184, "spe": 113}, "types": ["Ghost", "Ground"]}, "Lanturn": {"name": "Lanturn", "species": "Lanturn", "speciesId": "lanturn", "gender": "F", "shiny": false, "level": 89, "moves": ["icebeam", "scald", "thunderwave", "thunderbolt"], "ability": "Volt Absorb", "evs": {"hp": 85, "atk": 0, "def": 85, "spa": 85, "spd": 85, "spe": 85}, "ivs": {"hp": 31, "atk": 0, "def": 31, "spa": 31, "spd": 31, "spe": 31}, "item": "Leftovers", "teraType": "Flying", "role": "Bulky Attacker", "bvs": {"hp": 125, "atk": 58, "def": 58, "spa": 76, "spd": 76, "spe": 67}, "stats": {"hp": 367, "atk": 108, "def": 154, "spa": 186, "spd": 186, "spe": 170}, "types": ["Water", "Electric"]}, "Infernape": {"name": "Infernape", "species": "Infernape", "speciesId": "infernape", "gender": "F", "shiny": false, "level": 82, "moves": ["closecombat", "uturn", "gunkshot", "flareblitz"], "ability": "Blaze", "evs": {"hp": 85, "atk": 85, "def": 85, "spa": 85, "spd": 85, "spe": 85}, "ivs": {"hp": 31, "atk": 31, "def": 31, "spa": 31, "spd": 31, "spe": 31}, "item": "Choice Band", "teraType": "Fighting", "role": "Fast Support", "bvs": {"hp": 76, "atk": 104, "def": 71, "spa": 104, "spd": 71, "spe": 108}, "stats": {"hp": 259, "atk": 218, "def": 164, "spa": 218, "spd": 164, "spe": 224}, "types": ["Fire", "Fighting"]}, "Minior": {"name": "Minior", "species": "Minior-Green", "speciesId": "minior", "gender": "N", "shiny": false, "level": 79, "moves": ["powergem", "acrobatics", "shellsmash", "earthquake"], "ability": "Shields Down", "evs": {"hp": 85, "atk": 85, "def": 85, "spa": 85, "spd": 85, "spe": 85}, "ivs": {"hp": 31, "atk": 31, "def": 31, "spa": 31, "spd": 31, "spe": 31}, "item": "White Herb", "teraType": "Flying", "role": "Setup Sweeper", "bvs": {"hp": 60, "atk": 100, "def": 60, "spa": 100, "spd": 60, "spe": 120}, "stats": {"hp": 224, "atk": 204, "def": 140, "spa": 204, "spd": 140, "spe": 235}, "types": ["Rock", "Flying"]}}]}