{"id": "gen9randombattle-2631458308", "format": "[Gen 9] Random Battle", "players": ["kyroshero", "touchgrasssmurf0"], "log": "|j|\u2606kyroshero\n|j|\u2606touchgrasssmurf0\n|t:|1781387148\n|gametype|singles\n|player|p1|kyroshero|drayden|1246\n|player|p2|touchgrasssmurf0|2|1227\n|gen|9\n|tier|[Gen 9] Random Battle\n|rated|\n|rule|Species Clause: Limit one of each Pok\u00e9mon\n|rule|HP Percentage Mod: HP is shown in percentages\n|rule|Sleep Clause Mod: Limit one foe put to sleep\n|rule|Illusion Level Mod: Illusion disguises the Pok\u00e9mon's true level\n|\n|t:|1781387148\n|teamsize|p1|6\n|teamsize|p2|6\n|start\n|switch|p1a: Tauros|Tauros, L82, M|257/257\n|switch|p2a: Jirachi|Jirachi, L80|291/291\n|turn|1\n|inactive|Battle timer is ON: inactive players will automatically lose when time's up. (requested by kyroshero)\n|inactive|touchgrasssmurf0 has 120 seconds left.\n|inactive|touchgrasssmurf0 has 90 seconds left.\n|inactive|touchgrasssmurf0 has 60 seconds left.\n|\n|t:|1781387255\n|switch|p2a: Granbull|Granbull, L88, F|302/302\n|-ability|p2a: Granbull|Intimidate|boost\n|-unboost|p1a: Tauros|atk|1\n|move|p1a: Tauros|Throat Chop|p2a: Granbull\n|-resisted|p2a: Granbull\n|-damage|p2a: Granbull|272/302\n|\n|-heal|p2a: Granbull|290/302|[from] item: Leftovers\n|upkeep\n|turn|2\n|\n|t:|1781387268\n|switch|p1a: Vileplume|Vileplume, L85, F|266/266\n|move|p2a: Granbull|Play Rough|p1a: Vileplume\n|-resisted|p1a: Vileplume\n|-damage|p1a: Vileplume|198/266\n|\n|-heal|p1a: Vileplume|214/266|[from] item: Leftovers\n|-heal|p2a: Granbull|302/302|[from] item: Leftovers\n|upkeep\n|turn|3\n|\n|t:|1781387293\n|switch|p2a: Jirachi|Jirachi, L80|291/291\n|move|p1a: Vileplume|Sleep Powder|p2a: Jirachi|[miss]\n|-miss|p1a: Vileplume|p2a: Jirachi\n|\n|-heal|p1a: Vileplume|230/266|[from] item: Leftovers\n|upkeep\n|turn|4\n|\n|t:|1781387308\n|move|p2a: Jirachi|Iron Head|p1a: Vileplume\n|-damage|p1a: Vileplume|143/266\n|cant|p1a: Vileplume|flinch\n|\n|-heal|p1a: Vileplume|159/266|[from] item: Leftovers\n|upkeep\n|turn|5\n|inactive|touchgrasssmurf0 has 90 seconds left.\n|inactive|touchgrasssmurf0 has 60 seconds left.\n|\n|t:|1781387372\n|move|p2a: Jirachi|Iron Head|p1a: Vileplume\n|-damage|p1a: Vileplume|77/266\n|move|p1a: Vileplume|Sleep Powder|p2a: Jirachi\n|-status|p2a: Jirachi|slp|[from] move: Sleep Powder\n|\n|-heal|p1a: Vileplume|93/266|[from] item: Leftovers\n|upkeep\n|turn|6\n|inactive|touchgrasssmurf0 has 60 seconds left.\n|inactive|kyroshero has 120 seconds left.\n|inactive|touchgrasssmurf0 has 30 seconds left.\n|inactive|kyroshero has 90 seconds left.\n|inactive|kyroshero has 60 seconds left.\n|c|\u2606touchgrasssmurf0|bro the username aint for ya no need to overthink it aye\n|\n|t:|1781387479\n|switch|p2a: Gengar|Gengar, L81, M|230/230\n|switch|p1a: Bisharp|Bisharp, L79, F|232/232\n|\n|upkeep\n|turn|7\n|inactive|touchgrasssmurf0 has 30 seconds left.\n|\n|t:|1781387488\n|-terastallize|p2a: Gengar|Dark\n|move|p2a: Gengar|Focus Blast|p1a: Bisharp|[miss]\n|-miss|p2a: Gengar|p1a: Bisharp\n|move|p1a: Bisharp|Swords Dance|p1a: Bisharp\n|-boost|p1a: Bisharp|atk|2\n|\n|upkeep\n|turn|8\n|\n|t:|1781387504\n|-terastallize|p1a: Bisharp|Ghost\n|move|p2a: Gengar|Focus Blast|p1a: Bisharp\n|-immune|p1a: Bisharp\n|move|p1a: Bisharp|Iron Head|p2a: Gengar\n|-damage|p2a: Gengar|0 fnt\n|faint|p2a: Gengar\n|\n|upkeep\n|\n|t:|1781387512\n|switch|p2a: Noivern|Noivern, L82, M|274/274\n|turn|9\n|\n|t:|1781387518\n|move|p2a: Noivern|Hurricane|p1a: Bisharp|[miss]\n|-miss|p2a: Noivern|p1a: Bisharp\n|move|p1a: Bisharp|Throat Chop|p2a: Noivern\n|-damage|p2a: Noivern|78/274\n|-start|p2a: Noivern|Throat Chop|[silent]\n|\n|upkeep\n|turn|10\n|inactive|kyroshero has 60 seconds left.\n|\n|t:|1781387527\n|move|p1a: Bisharp|Sucker Punch|p2a: Noivern\n|-damage|p2a: Noivern|0 fnt\n|faint|p2a: Noivern\n|\n|upkeep\n|\n|t:|1781387529\n|switch|p2a: Lycanroc|Lycanroc, L86, M|269/269\n|turn|11\n|inactive|kyroshero has 60 seconds left.\n|\n|t:|1781387563\n|move|p2a: Lycanroc|Stone Edge|p1a: Bisharp|[miss]\n|-miss|p2a: Lycanroc|p1a: Bisharp\n|move|p1a: Bisharp|Iron Head|p2a: Lycanroc\n|-supereffective|p2a: Lycanroc\n|-damage|p2a: Lycanroc|0 fnt\n|faint|p2a: Lycanroc\n|\n|upkeep\n|c|\u2606touchgrasssmurf0|aww\n|\n|t:|1781387570\n|switch|p2a: Blastoise|Blastoise, L80, M|258/258\n|turn|12\n|\n|t:|1781387575\n|move|p2a: Blastoise|Hydro Pump|p1a: Bisharp\n|-damage|p1a: Bisharp|147/232\n|move|p1a: Bisharp|Throat Chop|p2a: Blastoise\n|-damage|p2a: Blastoise|78/258\n|-start|p2a: Blastoise|Throat Chop|[silent]\n|\n|upkeep\n|turn|13\n|inactive|kyroshero has 60 seconds left.\n|c|\u2606touchgrasssmurf0|the rng is bafd\n|-message|touchgrasssmurf0 forfeited.\n|\n|win|kyroshero\n|raw|kyroshero's rating: 1246 &rarr; <strong>1267</strong><br />(+21 for winning)\n|raw|touchgrasssmurf0's rating: 1196 &rarr; <strong>1175</strong><br />(-21 for losing)\n|c|\u2606touchgrasssmurf0|ggs\n", "inputlog": ">version a8376a258c1d4662feba110a92103f3664a72141\n>start {\"formatid\":\"gen9randombattle\",\"seed\":\"sodium,4b209526fac2b1ac73b6dfd3ef338dca\",\"rated\":\"Rated battle\"}\n>player p1 {\"name\":\"kyroshero\",\"avatar\":\"drayden\",\"rating\":1246,\"seed\":\"sodium,5d1552fe03f99af6d2a43c8340d71d21\"}\n>player p2 {\"name\":\"touchgrasssmurf0\",\"avatar\":\"2\",\"rating\":1227,\"seed\":\"sodium,3e248eb52adbfde2699dc2f4417605ea\"}\n>p1 move throatchop\n>p2 switch 6\n>p1 switch 3\n>p2 move playrough\n>p1 move sleeppowder\n>p2 switch 6\n>p1 move sleeppowder\n>p2 move ironhead\n>p1 move sleeppowder\n>p2 move ironhead\n>chat \u2606touchgrasssmurf0|bro the username aint for ya no need to overthink it aye\n>p1 switch 4\n>p2 switch 5\n>p1 move swordsdance\n>p2 move focusblast terastallize\n>p1 move ironhead terastallize\n>p2 move focusblast\n>p2 switch 2\n>p1 move throatchop\n>p2 move hurricane\n>p1 move suckerpunch\n>p2 move hurricane\n>p2 switch 3\n>p1 move ironhead\n>p2 move stoneedge\n>chat \u2606touchgrasssmurf0|aww\n>p2 switch 4\n>p1 move throatchop\n>p2 move hydropump\n>chat \u2606touchgrasssmurf0|the rng is bafd\n>forcelose p2", "uploadtime": 1781387588, "views": 9, "formatid": "gen9randombattle", "rating": 1175, "private": 0, "password": null}