{"id": "gen9randombattle-2631529564", "format": "[Gen 9] Random Battle", "players": ["luxaltair273", "rareold"], "log": "|j|\u2606luxaltair273\n|j|\u2606rareold\n|t:|1781397142\n|gametype|singles\n|player|p1|luxaltair273|caitlin|1310\n|player|p2|rareold|byron|1320\n|gen|9\n|tier|[Gen 9] Random Battle\n|rated|\n|rule|Species Clause: Limit one of each Pok\u00e9mon\n|rule|HP Percentage Mod: HP is shown in percentages\n|rule|Sleep Clause Mod: Limit one foe put to sleep\n|rule|Illusion Level Mod: Illusion disguises the Pok\u00e9mon's true level\n|\n|t:|1781397142\n|teamsize|p1|6\n|teamsize|p2|6\n|start\n|switch|p1a: Milotic|Milotic, L83, F|293/293\n|switch|p2a: Oricorio|Oricorio-Pom-Pom, L82, F|257/257\n|turn|1\n|inactive|Battle timer is ON: inactive players will automatically lose when time's up. (requested by luxaltair273)\n|\n|t:|1781397155\n|move|p2a: Oricorio|Quiver Dance|p2a: Oricorio\n|-boost|p2a: Oricorio|spa|1\n|-boost|p2a: Oricorio|spd|1\n|-boost|p2a: Oricorio|spe|1\n|move|p1a: Milotic|Dragon Tail|p2a: Oricorio\n|-damage|p2a: Oricorio|223/257\n|drag|p2a: Typhlosion|Typhlosion, L84, F|267/267\n|\n|upkeep\n|turn|2\n|\n|t:|1781397165\n|switch|p2a: Hypno|Hypno, L95, M|315/315\n|move|p1a: Milotic|Scald|p2a: Hypno\n|-damage|p2a: Hypno|246/315\n|\n|-heal|p2a: Hypno|265/315|[from] item: Leftovers\n|upkeep\n|turn|3\n|\n|t:|1781397175\n|move|p2a: Hypno|Toxic|p1a: Milotic|[miss]\n|-miss|p2a: Hypno|p1a: Milotic\n|move|p1a: Milotic|Dragon Tail|p2a: Hypno|[miss]\n|-miss|p1a: Milotic|p2a: Hypno\n|\n|-heal|p2a: Hypno|284/315|[from] item: Leftovers\n|upkeep\n|turn|4\n|\n|t:|1781397182\n|switch|p1a: Bastiodon|Bastiodon, L89, M|252/252\n|move|p2a: Hypno|Toxic|p1a: Bastiodon\n|-immune|p1a: Bastiodon\n|\n|-heal|p2a: Hypno|303/315|[from] item: Leftovers\n|upkeep\n|turn|5\n|\n|t:|1781397186\n|move|p2a: Hypno|Focus Blast|p1a: Bastiodon\n|-supereffective|p1a: Bastiodon\n|-damage|p1a: Bastiodon|20/252\n|move|p1a: Bastiodon|Iron Defense|p1a: Bastiodon\n|-boost|p1a: Bastiodon|def|2\n|\n|-heal|p2a: Hypno|315/315|[from] item: Leftovers\n|upkeep\n|turn|6\n|\n|t:|1781397190\n|move|p2a: Hypno|Psychic Noise|p1a: Bastiodon\n|-immune|p1a: Bastiodon|[from] ability: Soundproof\n|move|p1a: Bastiodon|Foul Play|p2a: Hypno\n|-supereffective|p2a: Hypno\n|-damage|p2a: Hypno|219/315\n|\n|-heal|p2a: Hypno|238/315|[from] item: Leftovers\n|upkeep\n|turn|7\n|\n|t:|1781397197\n|move|p2a: Hypno|Focus Blast|p1a: Bastiodon\n|-supereffective|p1a: Bastiodon\n|-damage|p1a: Bastiodon|0 fnt\n|faint|p1a: Bastiodon\n|\n|-heal|p2a: Hypno|257/315|[from] item: Leftovers\n|upkeep\n|\n|t:|1781397202\n|switch|p1a: Gengar|Gengar, L81, F|230/230\n|turn|8\n|\n|t:|1781397205\n|move|p1a: Gengar|Shadow Ball|p2a: Hypno\n|-supereffective|p2a: Hypno\n|-damage|p2a: Hypno|23/315\n|move|p2a: Hypno|Psychic Noise|p1a: Gengar\n|-supereffective|p1a: Gengar\n|-damage|p1a: Gengar|48/230\n|-start|p1a: Gengar|move: Heal Block\n|-start|p2a: Hypno|Disable|Psychic Noise|[from] ability: Cursed Body|[of] p1a: Gengar\n|\n|-heal|p2a: Hypno|42/315|[from] item: Leftovers\n|upkeep\n|turn|9\n|c|\u2606luxaltair273|myyy gosh, back to back focus blast's? That's mean\n|\n|t:|1781397221\n|move|p2a: Hypno|Protect|p2a: Hypno\n|-singleturn|p2a: Hypno|Protect\n|move|p1a: Gengar|Shadow Ball|p2a: Hypno\n|-activate|p2a: Hypno|move: Protect\n|\n|-heal|p2a: Hypno|61/315|[from] item: Leftovers\n|-end|p1a: Gengar|move: Heal Block\n|upkeep\n|turn|10\n|\n|t:|1781397226\n|switch|p2a: Tauros|Tauros, L82, M|257/257\n|move|p1a: Gengar|Shadow Ball|p2a: Tauros\n|-immune|p2a: Tauros\n|\n|upkeep\n|turn|11\n|\n|t:|1781397234\n|switch|p1a: Zamazenta|Zamazenta-Crowned, L68|238/238\n|-ability|p1a: Zamazenta|Dauntless Shield|boost\n|-boost|p1a: Zamazenta|def|1\n|move|p2a: Tauros|Body Slam|p1a: Zamazenta\n|-resisted|p1a: Zamazenta\n|-damage|p1a: Zamazenta|198/238\n|\n|upkeep\n|turn|12\n|\n|t:|1781397247\n|switch|p2a: Typhlosion|Typhlosion, L84, F|267/267\n|move|p1a: Zamazenta|Iron Defense|p1a: Zamazenta\n|-boost|p1a: Zamazenta|def|2\n|\n|upkeep\n|turn|13\n|\n|t:|1781397261\n|move|p2a: Typhlosion|Scorching Sands|p1a: Zamazenta\n|-supereffective|p1a: Zamazenta\n|-crit|p1a: Zamazenta\n|-damage|p1a: Zamazenta|0 fnt\n|faint|p1a: Zamazenta\n|\n|upkeep\n|\n|t:|1781397265\n|switch|p1a: Milotic|Milotic, L83, F|293/293\n|turn|14\n|\n|t:|1781397273\n|switch|p2a: Hypno|Hypno, L95, M|61/315\n|move|p1a: Milotic|Scald|p2a: Hypno\n|-damage|p2a: Hypno|1/315\n|-status|p2a: Hypno|brn\n|\n|-heal|p2a: Hypno|20/315 brn|[from] item: Leftovers\n|-damage|p2a: Hypno|1/315 brn|[from] brn\n|upkeep\n|turn|15\n|\n|t:|1781397279\n|switch|p1a: Gengar|Gengar, L81, F|48/230\n|move|p2a: Hypno|Toxic|p1a: Gengar\n|-immune|p1a: Gengar\n|\n|-heal|p2a: Hypno|20/315 brn|[from] item: Leftovers\n|-damage|p2a: Hypno|1/315 brn|[from] brn\n|upkeep\n|turn|16\n|\n|t:|1781397285\n|move|p2a: Hypno|Protect|p2a: Hypno\n|-singleturn|p2a: Hypno|Protect\n|move|p1a: Gengar|Sludge Wave|p2a: Hypno\n|-activate|p2a: Hypno|move: Protect\n|\n|-heal|p2a: Hypno|20/315 brn|[from] item: Leftovers\n|-damage|p2a: Hypno|1/315 brn|[from] brn\n|upkeep\n|turn|17\n|\n|t:|1781397294\n|move|p2a: Hypno|Protect||[still]\n|-fail|p2a: Hypno\n|move|p1a: Gengar|Sludge Wave|p2a: Hypno\n|-damage|p2a: Hypno|0 fnt\n|faint|p2a: Hypno\n|\n|upkeep\n|\n|t:|1781397299\n|switch|p2a: Cresselia|Cresselia, L80, F|323/323\n|turn|18\n|\n|t:|1781397308\n|switch|p1a: Latias|Latias, L79, F|256/256\n|move|p2a: Cresselia|Calm Mind|p2a: Cresselia\n|-boost|p2a: Cresselia|spa|1\n|-boost|p2a: Cresselia|spd|1\n|\n|upkeep\n|turn|19\n|\n|t:|1781397314\n|switch|p1a: Milotic|Milotic, L83, F|293/293\n|switch|p2a: Tauros|Tauros, L82, M|257/257\n|\n|upkeep\n|turn|20\n|\n|t:|1781397318\n|move|p2a: Tauros|Body Slam|p1a: Milotic\n|-damage|p1a: Milotic|118/293\n|move|p1a: Milotic|Dragon Tail|p2a: Tauros\n|-damage|p2a: Tauros|230/257\n|drag|p2a: Entei|Entei, L78|307/307\n|\n|-heal|p1a: Milotic|136/293|[from] item: Leftovers\n|upkeep\n|turn|21\n|\n|t:|1781397327\n|switch|p2a: Tauros|Tauros, L82, M|230/257\n|move|p1a: Milotic|Recover|p1a: Milotic\n|-heal|p1a: Milotic|283/293\n|\n|-heal|p1a: Milotic|293/293|[from] item: Leftovers\n|upkeep\n|turn|22\n|\n|t:|1781397333\n|move|p2a: Tauros|Earthquake|p1a: Milotic\n|-damage|p1a: Milotic|190/293\n|-damage|p2a: Tauros|205/257|[from] item: Life Orb\n|move|p1a: Milotic|Dragon Tail|p2a: Tauros\n|-damage|p2a: Tauros|177/257\n|drag|p2a: Cresselia|Cresselia, L80, F|323/323\n|\n|-heal|p1a: Milotic|208/293|[from] item: Leftovers\n|upkeep\n|turn|23\n|\n|t:|1781397340\n|move|p1a: Milotic|Scald|p2a: Cresselia\n|-damage|p2a: Cresselia|253/323\n|move|p2a: Cresselia|Thunderbolt|p1a: Milotic\n|-supereffective|p1a: Milotic\n|-crit|p1a: Milotic\n|-damage|p1a: Milotic|92/293\n|\n|-heal|p1a: Milotic|110/293|[from] item: Leftovers\n|-heal|p2a: Cresselia|273/323|[from] item: Leftovers\n|upkeep\n|turn|24\n|\n|t:|1781397351\n|move|p1a: Milotic|Recover|p1a: Milotic\n|-heal|p1a: Milotic|257/293\n|move|p2a: Cresselia|Calm Mind|p2a: Cresselia\n|-boost|p2a: Cresselia|spa|1\n|-boost|p2a: Cresselia|spd|1\n|\n|-heal|p1a: Milotic|275/293|[from] item: Leftovers\n|-heal|p2a: Cresselia|293/323|[from] item: Leftovers\n|upkeep\n|turn|25\n|\n|t:|1781397356\n|-terastallize|p2a: Cresselia|Electric\n|move|p2a: Cresselia|Thunderbolt|p1a: Milotic\n|-supereffective|p1a: Milotic\n|-damage|p1a: Milotic|99/293\n|move|p1a: Milotic|Dragon Tail|p2a: Cresselia\n|-damage|p2a: Cresselia|268/323\n|drag|p2a: Entei|Entei, L78|307/307\n|\n|-heal|p1a: Milotic|117/293|[from] item: Leftovers\n|upkeep\n|turn|26\n|\n|t:|1781397367\n|switch|p2a: Tauros|Tauros, L82, M|177/257\n|move|p1a: Milotic|Recover|p1a: Milotic\n|-heal|p1a: Milotic|264/293\n|\n|-heal|p1a: Milotic|282/293|[from] item: Leftovers\n|upkeep\n|turn|27\n|\n|t:|1781397370\n|move|p2a: Tauros|Body Slam|p1a: Milotic\n|-damage|p1a: Milotic|134/293\n|move|p1a: Milotic|Scald|p2a: Tauros\n|-damage|p2a: Tauros|69/257\n|-status|p2a: Tauros|brn\n|\n|-heal|p1a: Milotic|152/293|[from] item: Leftovers\n|-damage|p2a: Tauros|53/257 brn|[from] brn\n|upkeep\n|turn|28\n|\n|t:|1781397376\n|move|p2a: Tauros|Body Slam|p1a: Milotic\n|-damage|p1a: Milotic|78/293\n|move|p1a: Milotic|Recover|p1a: Milotic\n|-heal|p1a: Milotic|225/293\n|\n|-heal|p1a: Milotic|243/293|[from] item: Leftovers\n|-damage|p2a: Tauros|37/257 brn|[from] brn\n|upkeep\n|turn|29\n|\n|t:|1781397380\n|move|p2a: Tauros|Body Slam|p1a: Milotic\n|-damage|p1a: Milotic|168/293\n|move|p1a: Milotic|Scald|p2a: Tauros\n|-damage|p2a: Tauros|0 fnt\n|faint|p2a: Tauros\n|\n|-heal|p1a: Milotic|186/293|[from] item: Leftovers\n|upkeep\n|\n|t:|1781397386\n|switch|p2a: Oricorio|Oricorio-Pom-Pom, L82, F|223/257\n|turn|30\n|\n|t:|1781397390\n|-terastallize|p1a: Milotic|Dragon\n|move|p2a: Oricorio|Revelation Dance|p1a: Milotic\n|-resisted|p1a: Milotic\n|-damage|p1a: Milotic|150/293\n|move|p1a: Milotic|Ice Beam|p2a: Oricorio\n|-supereffective|p2a: Oricorio\n|-damage|p2a: Oricorio|55/257\n|\n|-heal|p1a: Milotic|168/293|[from] item: Leftovers\n|upkeep\n|turn|31\n|\n|t:|1781397398\n|move|p2a: Oricorio|Roost|p2a: Oricorio\n|-heal|p2a: Oricorio|184/257\n|-singleturn|p2a: Oricorio|move: Roost\n|move|p1a: Milotic|Ice Beam|p2a: Oricorio\n|-damage|p2a: Oricorio|106/257\n|\n|-heal|p1a: Milotic|186/293|[from] item: Leftovers\n|upkeep\n|turn|32\n|\n|t:|1781397404\n|move|p2a: Oricorio|Quiver Dance|p2a: Oricorio\n|-boost|p2a: Oricorio|spa|1\n|-boost|p2a: Oricorio|spd|1\n|-boost|p2a: Oricorio|spe|1\n|move|p1a: Milotic|Scald|p2a: Oricorio\n|-damage|p2a: Oricorio|33/257\n|\n|-heal|p1a: Milotic|204/293|[from] item: Leftovers\n|upkeep\n|turn|33\n|\n|t:|1781397408\n|move|p2a: Oricorio|Hurricane|p1a: Milotic\n|-damage|p1a: Milotic|65/293\n|-start|p1a: Milotic|confusion\n|-activate|p1a: Milotic|confusion\n|move|p1a: Milotic|Dragon Tail|p2a: Oricorio\n|-damage|p2a: Oricorio|0 fnt\n|faint|p2a: Oricorio\n|\n|-heal|p1a: Milotic|83/293|[from] item: Leftovers\n|upkeep\n|\n|t:|1781397415\n|switch|p2a: Entei|Entei, L78|307/307\n|turn|34\n|\n|t:|1781397418\n|move|p2a: Entei|Stone Edge|p1a: Milotic\n|-damage|p1a: Milotic|0 fnt\n|faint|p1a: Milotic\n|\n|upkeep\n|\n|t:|1781397423\n|switch|p1a: Donphan|Donphan, L84, F|288/288\n|turn|35\n|\n|t:|1781397426\n|switch|p2a: Cresselia|Cresselia, L80, F, tera:Electric|268/323\n|move|p1a: Donphan|Stealth Rock|p2a: Cresselia\n|-sidestart|p2: rareold|move: Stealth Rock\n|\n|-heal|p2a: Cresselia|288/323|[from] item: Leftovers\n|upkeep\n|turn|36\n|\n|t:|1781397430\n|move|p2a: Cresselia|Calm Mind|p2a: Cresselia\n|-boost|p2a: Cresselia|spa|1\n|-boost|p2a: Cresselia|spd|1\n|move|p1a: Donphan|Knock Off|p2a: Cresselia\n|-damage|p2a: Cresselia|216/323\n|-enditem|p2a: Cresselia|Leftovers|[from] move: Knock Off|[of] p1a: Donphan\n|\n|upkeep\n|turn|37\n|\n|t:|1781397437\n|switch|p1a: Latias|Latias, L79, F|256/256\n|move|p2a: Cresselia|Moonlight|p2a: Cresselia\n|-heal|p2a: Cresselia|323/323\n|\n|upkeep\n|turn|38\n|\n|t:|1781397440\n|move|p1a: Latias|Psyshock|p2a: Cresselia\n|-damage|p2a: Cresselia|239/323\n|move|p2a: Cresselia|Calm Mind|p2a: Cresselia\n|-boost|p2a: Cresselia|spa|1\n|-boost|p2a: Cresselia|spd|1\n|\n|upkeep\n|turn|39\n|\n|t:|1781397443\n|move|p1a: Latias|Calm Mind|p1a: Latias\n|-boost|p1a: Latias|spa|1\n|-boost|p1a: Latias|spd|1\n|move|p2a: Cresselia|Calm Mind|p2a: Cresselia\n|-boost|p2a: Cresselia|spa|1\n|-boost|p2a: Cresselia|spd|1\n|\n|upkeep\n|turn|40\n|\n|t:|1781397446\n|move|p1a: Latias|Calm Mind|p1a: Latias\n|-boost|p1a: Latias|spa|1\n|-boost|p1a: Latias|spd|1\n|move|p2a: Cresselia|Psyshock|p1a: Latias\n|-resisted|p1a: Latias\n|-damage|p1a: Latias|175/256\n|\n|upkeep\n|turn|41\n|\n|t:|1781397452\n|move|p1a: Latias|Calm Mind|p1a: Latias\n|-boost|p1a: Latias|spa|1\n|-boost|p1a: Latias|spd|1\n|move|p2a: Cresselia|Psyshock|p1a: Latias\n|-resisted|p1a: Latias\n|-damage|p1a: Latias|91/256\n|\n|upkeep\n|turn|42\n|\n|t:|1781397461\n|move|p1a: Latias|Calm Mind|p1a: Latias\n|-boost|p1a: Latias|spa|1\n|-boost|p1a: Latias|spd|1\n|move|p2a: Cresselia|Psyshock|p1a: Latias\n|-resisted|p1a: Latias\n|-damage|p1a: Latias|0 fnt\n|faint|p1a: Latias\n|\n|upkeep\n|-message|luxaltair273 forfeited.\n|\n|win|rareold\n|raw|luxaltair273's rating: 1310 &rarr; <strong>1291</strong><br />(-19 for losing)\n|raw|rareold's rating: 1320 &rarr; <strong>1339</strong><br />(+19 for winning)\n|l|\u2606luxaltair273\n|player|p1|\n", "inputlog": ">version a8376a258c1d4662feba110a92103f3664a72141\n>start {\"formatid\":\"gen9randombattle\",\"seed\":\"sodium,7740be44345ad6d9fe72ade3ca722cc2\",\"rated\":\"Rated battle\"}\n>player p1 {\"name\":\"luxaltair273\",\"avatar\":\"caitlin\",\"rating\":1310,\"seed\":\"sodium,f13b6afd04bd0454cb8ddadd377d3e19\"}\n>player p2 {\"name\":\"rareold\",\"avatar\":\"byron\",\"rating\":1320,\"seed\":\"sodium,d79eafb04e4ab181b7352e021d649ffa\"}\n>p1 move dragontail\n>p2 move quiverdance\n>p1 move scald\n>p2 switch 3\n>p1 move dragontail\n>p2 move toxic\n>p1 switch 2\n>p2 move toxic\n>p1 move irondefense\n>p2 move focusblast\n>p1 move foulplay\n>p2 move psychicnoise\n>p1 move rest\n>p2 move focusblast\n>p1 switch 3\n>p1 move shadowball\n>p2 move psychicnoise\n>chat \u2606luxaltair273|myyy gosh, back to back focus blast's? That's mean\n>p1 move shadowball\n>p2 move protect\n>p1 move shadowball\n>p2 switch 6\n>p1 switch 4\n>p2 move bodyslam\n>p1 move irondefense\n>p2 switch 3\n>p1 move stoneedge\n>p2 move scorchingsands\n>p1 switch 2\n>p1 move scald\n>p2 switch 6\n>p1 switch 4\n>p2 move toxic\n>p1 move sludgewave\n>p2 move protect\n>p1 move sludgewave\n>p2 move protect\n>p2 switch 5\n>p1 switch 5\n>p2 move calmmind\n>p1 switch 4\n>p2 switch 3\n>p1 move dragontail\n>p2 move bodyslam\n>p1 move recover\n>p2 switch 2\n>p1 move dragontail\n>p2 move earthquake\n>p1 move scald\n>p2 move thunderbolt\n>p1 move recover\n>p2 move calmmind\n>p1 move dragontail\n>p2 move thunderbolt terastallize\n>p1 move recover\n>p2 switch 3\n>p1 move scald\n>p2 move bodyslam\n>p1 move recover\n>p2 move bodyslam\n>p1 move scald\n>p2 move bodyslam\n>p2 switch 4\n>p1 move icebeam terastallize\n>p2 move revelationdance\n>p1 move icebeam\n>p2 move roost\n>p1 move scald\n>p2 move quiverdance\n>p1 move dragontail\n>p2 move hurricane\n>p2 switch 3\n>p1 move recover\n>p2 move stoneedge\n>p1 switch 6\n>p1 move stealthrock\n>p2 switch 2\n>p1 move knockoff\n>p2 move calmmind\n>p1 switch 4\n>p2 move moonlight\n>p1 move psyshock\n>p2 move calmmind\n>p1 move calmmind\n>p2 move calmmind\n>p1 move calmmind\n>p2 move psyshock\n>p1 move calmmind\n>p2 move psyshock\n>p1 move calmmind\n>p2 move psyshock\n>forcelose p1", "uploadtime": 1781397477, "views": 5, "formatid": "gen9randombattle", "rating": 1291, "private": 0, "password": null, "player_dets": [{"name": "luxaltair273", "avatar": "caitlin", "rating": 1310, "seed": "sodium,f13b6afd04bd0454cb8ddadd377d3e19"}, {"name": "rareold", "avatar": "byron", "rating": 1320, "seed": "sodium,d79eafb04e4ab181b7352e021d649ffa"}], "teams_full": [{"Milotic": {"name": "Milotic", "species": "Milotic", "speciesId": "milotic", "gender": "F", "shiny": false, "level": 83, "moves": ["scald", "recover", "icebeam", "dragontail"], "ability": "Competitive", "evs": {"hp": 85, "atk": 85, "def": 85, "spa": 85, "spd": 85, "spe": 85}, "ivs": {"hp": 31, "atk": 31, "def": 31, "spa": 31, "spd": 31, "spe": 31}, "item": "Leftovers", "teraType": "Dragon", "role": "Bulky Attacker", "bvs": {"hp": 95, "atk": 60, "def": 79, "spa": 100, "spd": 125, "spe": 81}, "stats": {"hp": 293, "atk": 147, "def": 179, "spa": 214, "spd": 255, "spe": 182}}, "Bastiodon": {"name": "Bastiodon", "species": "Bastiodon", "speciesId": "bastiodon", "gender": "M", "shiny": false, "level": 89, "moves": ["rest", "bodypress", "irondefense", "foulplay"], "ability": "Soundproof", "evs": {"hp": 85, "atk": 0, "def": 85, "spa": 85, "spd": 85, "spe": 85}, "ivs": {"hp": 31, "atk": 0, "def": 31, "spa": 31, "spd": 31, "spe": 31}, "item": "Chesto Berry", "teraType": "Fighting", "role": "Bulky Setup", "bvs": {"hp": 60, "atk": 52, "def": 168, "spa": 47, "spd": 138, "spe": 30}, "stats": {"hp": 252, "atk": 97, "def": 350, "spa": 134, "spd": 296, "spe": 104}}, "Gengar": {"name": "Gengar", "species": "Gengar", "speciesId": "gengar", "gender": "F", "shiny": false, "level": 81, "moves": ["focusblast", "sludgewave", "trick", "shadowball"], "ability": "Cursed Body", "evs": {"hp": 85, "atk": 0, "def": 85, "spa": 85, "spd": 85, "spe": 85}, "ivs": {"hp": 31, "atk": 0, "def": 31, "spa": 31, "spd": 31, "spe": 31}, "item": "Choice Specs", "teraType": "Ghost", "role": "Wallbreaker", "bvs": {"hp": 60, "atk": 65, "def": 60, "spa": 130, "spd": 75, "spe": 110}, "stats": {"hp": 230, "atk": 110, "def": 144, "spa": 257, "spd": 168, "spe": 225}}, "Zamazenta": {"name": "Zamazenta", "species": "Zamazenta", "speciesId": "zamazentacrowned", "gender": "N", "shiny": false, "level": 68, "moves": ["stoneedge", "heavyslam", "irondefense", "bodypress"], "ability": "Dauntless Shield", "evs": {"hp": 85, "atk": 85, "def": 85, "spa": 85, "spd": 85, "spe": 85}, "ivs": {"hp": 31, "atk": 31, "def": 31, "spa": 31, "spd": 31, "spe": 31}, "item": "Rusted Shield", "teraType": "Ghost", "role": "Bulky Setup", "bvs": {"hp": 92, "atk": 120, "def": 140, "spa": 80, "spd": 140, "spe": 128}, "stats": {"hp": 238, "atk": 203, "def": 230, "spa": 149, "spd": 230, "spe": 214}}, "Latias": {"name": "Latias", "species": "Latias", "speciesId": "latias", "gender": "F", "shiny": false, "level": 79, "moves": ["calmmind", "recover", "dracometeor", "psyshock"], "ability": "Levitate", "evs": {"hp": 85, "atk": 0, "def": 85, "spa": 85, "spd": 85, "spe": 85}, "ivs": {"hp": 31, "atk": 0, "def": 31, "spa": 31, "spd": 31, "spe": 31}, "item": "Soul Dew", "teraType": "Steel", "role": "Fast Bulky Setup", "bvs": {"hp": 80, "atk": 80, "def": 90, "spa": 110, "spd": 130, "spe": 110}, "stats": {"hp": 256, "atk": 131, "def": 188, "spa": 219, "spd": 251, "spe": 219}}, "Donphan": {"name": "Donphan", "species": "Donphan", "speciesId": "donphan", "gender": "F", "shiny": false, "level": 84, "moves": ["rapidspin", "stealthrock", "knockoff", "earthquake"], "ability": "Sturdy", "evs": {"hp": 85, "atk": 85, "def": 85, "spa": 85, "spd": 85, "spe": 85}, "ivs": {"hp": 31, "atk": 31, "def": 31, "spa": 31, "spd": 31, "spe": 31}, "item": "Leftovers", "teraType": "Water", "role": "Bulky Support", "bvs": {"hp": 90, "atk": 120, "def": 120, "spa": 60, "spd": 60, "spe": 50}, "stats": {"hp": 288, "atk": 250, "def": 250, "spa": 149, "spd": 149, "spe": 132}}}, {"Oricorio": {"name": "Oricorio", "species": "Oricorio-Pom-Pom", "speciesId": "oricoriopompom", "gender": "F", "shiny": false, "level": 82, "moves": ["quiverdance", "roost", "hurricane", "revelationdance"], "ability": "Dancer", "evs": {"hp": 85, "atk": 0, "def": 85, "spa": 85, "spd": 85, "spe": 85}, "ivs": {"hp": 31, "atk": 0, "def": 31, "spa": 31, "spd": 31, "spe": 31}, "item": "Heavy-Duty Boots", "teraType": "Ground", "role": "Setup Sweeper", "bvs": {"hp": 75, "atk": 70, "def": 70, "spa": 98, "spd": 70, "spe": 93}, "stats": {"hp": 257, "atk": 119, "def": 162, "spa": 208, "spd": 162, "spe": 200}}, "Entei": {"name": "Entei", "species": "Entei", "speciesId": "entei", "gender": "N", "shiny": false, "level": 78, "moves": ["flareblitz", "extremespeed", "sacredfire", "stoneedge"], "ability": "Inner Focus", "evs": {"hp": 85, "atk": 85, "def": 85, "spa": 85, "spd": 85, "spe": 85}, "ivs": {"hp": 31, "atk": 31, "def": 31, "spa": 31, "spd": 31, "spe": 31}, "item": "Choice Band", "teraType": "Fire", "role": "Fast Attacker", "bvs": {"hp": 115, "atk": 115, "def": 85, "spa": 90, "spd": 75, "spe": 100}, "stats": {"hp": 307, "atk": 224, "def": 178, "spa": 185, "spd": 162, "spe": 201}}, "Hypno": {"name": "Hypno", "species": "Hypno", "speciesId": "hypno", "gender": "M", "shiny": false, "level": 95, "moves": ["psychicnoise", "focusblast", "protect", "toxic"], "ability": "Insomnia", "evs": {"hp": 85, "atk": 0, "def": 85, "spa": 85, "spd": 85, "spe": 85}, "ivs": {"hp": 31, "atk": 0, "def": 31, "spa": 31, "spd": 31, "spe": 31}, "item": "Leftovers", "teraType": "Dark", "role": "Bulky Attacker", "bvs": {"hp": 85, "atk": 73, "def": 70, "spa": 73, "spd": 115, "spe": 67}, "stats": {"hp": 315, "atk": 143, "def": 187, "spa": 193, "spd": 272, "spe": 181}}, "Typhlosion": {"name": "Typhlosion", "species": "Typhlosion", "speciesId": "typhlosion", "gender": "F", "shiny": false, "level": 84, "moves": ["eruption", "scorchingsands", "focusblast", "fireblast"], "ability": "Flash Fire", "evs": {"hp": 81, "atk": 0, "def": 85, "spa": 85, "spd": 85, "spe": 85}, "ivs": {"hp": 31, "atk": 0, "def": 31, "spa": 31, "spd": 31, "spe": 31}, "item": "Choice Specs", "teraType": "Fire", "role": "Fast Attacker", "bvs": {"hp": 78, "atk": 84, "def": 78, "spa": 109, "spd": 85, "spe": 100}, "stats": {"hp": 267, "atk": 146, "def": 179, "spa": 231, "spd": 191, "spe": 216}}, "Cresselia": {"name": "Cresselia", "species": "Cresselia", "speciesId": "cresselia", "gender": "F", "shiny": false, "level": 80, "moves": ["calmmind", "psyshock", "moonlight", "thunderbolt"], "ability": "Levitate", "evs": {"hp": 85, "atk": 0, "def": 85, "spa": 85, "spd": 85, "spe": 85}, "ivs": {"hp": 31, "atk": 0, "def": 31, "spa": 31, "spd": 31, "spe": 31}, "item": "Leftovers", "teraType": "Electric", "role": "Bulky Setup", "bvs": {"hp": 120, "atk": 70, "def": 110, "spa": 75, "spd": 120, "spe": 85}, "stats": {"hp": 323, "atk": 117, "def": 222, "spa": 166, "spd": 238, "spe": 182}}, "Tauros": {"name": "Tauros", "species": "Tauros", "speciesId": "tauros", "gender": "M", "shiny": false, "level": 82, "moves": ["throatchop", "closecombat", "earthquake", "bodyslam"], "ability": "Sheer Force", "evs": {"hp": 85, "atk": 85, "def": 85, "spa": 85, "spd": 85, "spe": 85}, "ivs": {"hp": 31, "atk": 31, "def": 31, "spa": 31, "spd": 31, "spe": 31}, "item": "Life Orb", "teraType": "Ground", "role": "Fast Attacker", "bvs": {"hp": 75, "atk": 100, "def": 95, "spa": 40, "spd": 70, "spe": 110}, "stats": {"hp": 257, "atk": 211, "def": 203, "spa": 113, "spd": 162, "spe": 228}}}]}