{"id": "gen9randombattle-2631508641", "format": "[Gen 9] Random Battle", "players": ["ph00x", "hddhgdydhdhdd"], "log": "|j|\u2606ph00x\n|j|\u2606hddhgdydhdhdd\n|t:|1781394158\n|gametype|singles\n|player|p1|ph00x|unknown|1116\n|player|p2|hddhgdydhdhdd|265|1155\n|gen|9\n|tier|[Gen 9] Random Battle\n|rated|\n|rule|Species Clause: Limit one of each Pok\u00e9mon\n|rule|HP Percentage Mod: HP is shown in percentages\n|rule|Sleep Clause Mod: Limit one foe put to sleep\n|rule|Illusion Level Mod: Illusion disguises the Pok\u00e9mon's true level\n|\n|t:|1781394158\n|teamsize|p1|6\n|teamsize|p2|6\n|start\n|switch|p1a: Electivire|Electivire, L84, M|263/263\n|switch|p2a: Jirachi|Jirachi, L80|291/291\n|turn|1\n|inactive|Battle timer is ON: inactive players will automatically lose when time's up. (requested by ph00x)\n|\n|t:|1781394168\n|switch|p2a: Houndoom|Houndoom, L87, M|272/272\n|move|p1a: Electivire|Earthquake|p2a: Houndoom\n|-supereffective|p2a: Houndoom\n|-damage|p2a: Houndoom|0 fnt\n|faint|p2a: Houndoom\n|-damage|p1a: Electivire|237/263|[from] item: Life Orb\n|\n|upkeep\n|\n|t:|1781394172\n|switch|p2a: Forretress|Forretress, L84, M|263/263\n|turn|2\n|\n|t:|1781394177\n|move|p1a: Electivire|Flamethrower|p2a: Forretress\n|-supereffective|p2a: Forretress\n|-ability|p2a: Forretress|Sturdy\n|-damage|p2a: Forretress|1/263\n|-damage|p1a: Electivire|211/263|[from] item: Life Orb\n|move|p2a: Forretress|Body Press|p1a: Electivire\n|-damage|p1a: Electivire|125/263\n|\n|-heal|p2a: Forretress|17/263|[from] item: Leftovers\n|upkeep\n|turn|3\n|\n|t:|1781394185\n|move|p1a: Electivire|Flamethrower|p2a: Forretress\n|-supereffective|p2a: Forretress\n|-damage|p2a: Forretress|0 fnt\n|faint|p2a: Forretress\n|-damage|p1a: Electivire|99/263|[from] item: Life Orb\n|\n|upkeep\n|\n|t:|1781394194\n|switch|p2a: Ambipom|Ambipom, L84, F|263/263\n|turn|4\n|\n|t:|1781394200\n|move|p2a: Ambipom|Double-Edge|p1a: Electivire\n|-damage|p1a: Electivire|0 fnt\n|faint|p1a: Electivire\n|-damage|p2a: Ambipom|230/263|[from] Recoil\n|\n|upkeep\n|\n|t:|1781394204\n|switch|p1a: Sinistcha|Sinistcha-Masterpiece, L83|254/254\n|turn|5\n|\n|t:|1781394207\n|switch|p2a: Plusle|Plusle, L95, F|268/268\n|move|p1a: Sinistcha|Strength Sap|p2a: Plusle\n|-unboost|p2a: Plusle|atk|1\n|\n|upkeep\n|turn|6\n|\n|t:|1781394210\n|move|p2a: Plusle|Encore|p1a: Sinistcha\n|-start|p1a: Sinistcha|Encore\n|move|p1a: Sinistcha|Strength Sap|p2a: Plusle\n|-unboost|p2a: Plusle|atk|1\n|\n|upkeep\n|turn|7\n|\n|t:|1781394213\n|move|p2a: Plusle|Nasty Plot|p2a: Plusle\n|-boost|p2a: Plusle|spa|2\n|move|p1a: Sinistcha|Strength Sap|p2a: Plusle\n|-unboost|p2a: Plusle|atk|1\n|\n|upkeep\n|turn|8\n|\n|t:|1781394215\n|switch|p1a: Chandelure|Chandelure, L83, F|235/235\n|move|p2a: Plusle|Nasty Plot|p2a: Plusle\n|-boost|p2a: Plusle|spa|2\n|\n|upkeep\n|turn|9\n|\n|t:|1781394219\n|move|p1a: Chandelure|Trick|p2a: Plusle\n|-activate|p1a: Chandelure|move: Trick|[of] p2a: Plusle\n|-item|p2a: Plusle|Choice Scarf|[from] move: Trick\n|-item|p1a: Chandelure|Life Orb|[from] move: Trick\n|move|p2a: Plusle|Thunderbolt|p1a: Chandelure\n|-damage|p1a: Chandelure|0 fnt\n|faint|p1a: Chandelure\n|\n|upkeep\n|\n|t:|1781394226\n|switch|p1a: Pikachu|Pikachu, L93, F|216/216\n|turn|10\n|\n|t:|1781394230\n|switch|p2a: Ambipom|Ambipom, L84, F|230/263\n|move|p1a: Pikachu|Fake Out|p2a: Ambipom\n|-damage|p2a: Ambipom|172/263\n|\n|upkeep\n|turn|11\n|\n|t:|1781394236\n|-terastallize|p2a: Ambipom|Ice\n|move|p2a: Ambipom|Triple Axel|p1a: Pikachu\n|-damage|p1a: Pikachu|140/216\n|-damage|p1a: Pikachu|0 fnt\n|faint|p1a: Pikachu\n|-hitcount|p1: Pikachu|2\n|\n|upkeep\n|\n|t:|1781394242\n|switch|p1a: Persian|Persian-Alola, L86, F|252/252\n|turn|12\n|\n|t:|1781394245\n|switch|p2a: Plusle|Plusle, L95, F|268/268\n|move|p1a: Persian|Burning Jealousy|p2a: Plusle\n|-damage|p2a: Plusle|212/268\n|-damage|p1a: Persian|227/252|[from] item: Life Orb\n|\n|upkeep\n|turn|13\n|\n|t:|1781394252\n|move|p2a: Plusle|Thunderbolt|p1a: Persian\n|-damage|p1a: Persian|97/252\n|move|p1a: Persian|Nasty Plot|p1a: Persian\n|-boost|p1a: Persian|spa|2\n|\n|upkeep\n|turn|14\n|\n|t:|1781394259\n|-terastallize|p1a: Persian|Electric\n|move|p2a: Plusle|Thunderbolt|p1a: Persian\n|-resisted|p1a: Persian\n|-damage|p1a: Persian|24/252\n|move|p1a: Persian|Dark Pulse|p2a: Plusle\n|-damage|p2a: Plusle|20/268\n|-damage|p1a: Persian|0 fnt|[from] item: Life Orb\n|faint|p1a: Persian\n|\n|upkeep\n|\n|t:|1781394268\n|switch|p1a: Ribombee|Ribombee, L83, F|235/235\n|turn|15\n|\n|t:|1781394272\n|switch|p2a: Ambipom|Ambipom, L84, F, tera:Ice|172/263\n|move|p1a: Ribombee|Quiver Dance|p1a: Ribombee\n|-boost|p1a: Ribombee|spa|1\n|-boost|p1a: Ribombee|spd|1\n|-boost|p1a: Ribombee|spe|1\n|\n|upkeep\n|turn|16\n|\n|t:|1781394276\n|move|p1a: Ribombee|Bug Buzz|p2a: Ambipom\n|-damage|p2a: Ambipom|0 fnt\n|faint|p2a: Ambipom\n|\n|upkeep\n|\n|t:|1781394280\n|switch|p2a: Jirachi|Jirachi, L80|291/291\n|turn|17\n|\n|t:|1781394283\n|move|p1a: Ribombee|Bug Buzz|p2a: Jirachi\n|-damage|p2a: Jirachi|152/291\n|-unboost|p2a: Jirachi|spd|1\n|move|p2a: Jirachi|Iron Head|p1a: Ribombee\n|-supereffective|p1a: Ribombee\n|-crit|p1a: Ribombee\n|-damage|p1a: Ribombee|0 fnt\n|faint|p1a: Ribombee\n|\n|-heal|p2a: Jirachi|170/291|[from] item: Leftovers\n|upkeep\n|\n|t:|1781394286\n|switch|p1a: Sinistcha|Sinistcha-Masterpiece, L83|254/254\n|turn|18\n|\n|t:|1781394290\n|move|p2a: Jirachi|Iron Head|p1a: Sinistcha\n|-damage|p1a: Sinistcha|176/254\n|cant|p1a: Sinistcha|flinch\n|\n|-heal|p2a: Jirachi|188/291|[from] item: Leftovers\n|-heal|p1a: Sinistcha|191/254|[from] item: Leftovers\n|upkeep\n|turn|19\n|\n|t:|1781394294\n|move|p2a: Jirachi|Iron Head|p1a: Sinistcha\n|-damage|p1a: Sinistcha|113/254\n|move|p1a: Sinistcha|Shadow Ball|p2a: Jirachi\n|-supereffective|p2a: Jirachi\n|-damage|p2a: Jirachi|0 fnt\n|faint|p2a: Jirachi\n|\n|-heal|p1a: Sinistcha|128/254|[from] item: Leftovers\n|upkeep\n|\n|t:|1781394297\n|switch|p2a: Koraidon|Koraidon, L64|235/235\n|-weather|SunnyDay|[from] ability: Orichalcum Pulse|[of] p2a: Koraidon\n|-activate|p2a: Koraidon|Orichalcum Pulse|[source]\n|turn|20\n|\n|t:|1781394301\n|move|p2a: Koraidon|Flare Blitz|p1a: Sinistcha\n|-supereffective|p1a: Sinistcha\n|-damage|p1a: Sinistcha|6/254\n|-damage|p2a: Koraidon|195/235|[from] Recoil\n|move|p1a: Sinistcha|Strength Sap|p2a: Koraidon\n|-unboost|p2a: Koraidon|atk|1\n|-heal|p1a: Sinistcha|217/254\n|\n|-weather|SunnyDay|[upkeep]\n|-heal|p1a: Sinistcha|232/254|[from] item: Leftovers\n|upkeep\n|turn|21\n|\n|t:|1781394304\n|switch|p2a: Plusle|Plusle, L95, F|20/268\n|move|p1a: Sinistcha|Shadow Ball|p2a: Plusle\n|-damage|p2a: Plusle|0 fnt\n|faint|p2a: Plusle\n|\n|-weather|SunnyDay|[upkeep]\n|-heal|p1a: Sinistcha|247/254|[from] item: Leftovers\n|upkeep\n|\n|t:|1781394306\n|switch|p2a: Koraidon|Koraidon, L64|195/235\n|-activate|p2a: Koraidon|ability: Orichalcum Pulse\n|turn|22\n|\n|t:|1781394307\n|move|p2a: Koraidon|Swords Dance|p2a: Koraidon\n|-boost|p2a: Koraidon|atk|2\n|move|p1a: Sinistcha|Strength Sap|p2a: Koraidon\n|-unboost|p2a: Koraidon|atk|1\n|-heal|p1a: Sinistcha|254/254\n|\n|-weather|SunnyDay|[upkeep]\n|upkeep\n|turn|23\n|\n|t:|1781394310\n|move|p2a: Koraidon|Swords Dance|p2a: Koraidon\n|-boost|p2a: Koraidon|atk|2\n|move|p1a: Sinistcha|Strength Sap|p2a: Koraidon\n|-unboost|p2a: Koraidon|atk|1\n|\n|-weather|SunnyDay|[upkeep]\n|upkeep\n|turn|24\n|\n|t:|1781394317\n|move|p2a: Koraidon|Swords Dance|p2a: Koraidon\n|-boost|p2a: Koraidon|atk|2\n|move|p1a: Sinistcha|Strength Sap|p2a: Koraidon\n|-unboost|p2a: Koraidon|atk|1\n|\n|-weather|none\n|upkeep\n|turn|25\n|\n|t:|1781394319\n|move|p2a: Koraidon|Swords Dance|p2a: Koraidon\n|-boost|p2a: Koraidon|atk|2\n|move|p1a: Sinistcha|Strength Sap|p2a: Koraidon\n|-unboost|p2a: Koraidon|atk|1\n|\n|upkeep\n|turn|26\n|\n|t:|1781394321\n|move|p2a: Koraidon|Swords Dance|p2a: Koraidon\n|-boost|p2a: Koraidon|atk|2\n|move|p1a: Sinistcha|Strength Sap|p2a: Koraidon\n|-unboost|p2a: Koraidon|atk|1\n|\n|upkeep\n|turn|27\n|\n|t:|1781394324\n|move|p2a: Koraidon|Flare Blitz|p1a: Sinistcha\n|-supereffective|p1a: Sinistcha\n|-damage|p1a: Sinistcha|60/254\n|-damage|p2a: Koraidon|131/235|[from] Recoil\n|move|p1a: Sinistcha|Shadow Ball|p2a: Koraidon\n|-damage|p2a: Koraidon|2/235\n|\n|-heal|p1a: Sinistcha|75/254|[from] item: Leftovers\n|upkeep\n|turn|28\n|\n|t:|1781394327\n|move|p2a: Koraidon|Flare Blitz|p1a: Sinistcha\n|-supereffective|p1a: Sinistcha\n|-damage|p1a: Sinistcha|0 fnt\n|faint|p1a: Sinistcha\n|-damage|p2a: Koraidon|0 fnt|[from] Recoil\n|faint|p2a: Koraidon\n|\n|win|hddhgdydhdhdd\n|raw|ph00x's rating: 1116 &rarr; <strong>1094</strong><br />(-22 for losing)\n|raw|hddhgdydhdhdd's rating: 1155 &rarr; <strong>1177</strong><br />(+22 for winning)\n", "inputlog": ">version a8376a258c1d4662feba110a92103f3664a72141\n>start {\"formatid\":\"gen9randombattle\",\"seed\":\"sodium,e3a47187b96c2b79774321c171759981\",\"rated\":\"Rated battle\"}\n>player p1 {\"name\":\"ph00x\",\"avatar\":\"unknown\",\"rating\":1116,\"seed\":\"sodium,f36a0d3bb34677bc2cac4eca9ca10328\"}\n>player p2 {\"name\":\"hddhgdydhdhdd\",\"avatar\":\"265\",\"rating\":1155,\"seed\":\"sodium,f25aafaed66615872d6604aa9de2e863\"}\n>p1 move earthquake\n>p2 switch 4\n>p2 switch 6\n>p1 move flamethrower\n>p2 move bodypress\n>p1 move flamethrower\n>p2 move rapidspin\n>p2 switch 5\n>p1 move earthquake\n>p2 move doubleedge\n>p1 switch 6\n>p1 move strengthsap\n>p2 switch 3\n>p1 move shadowball\n>p2 move encore\n>p1 move strengthsap\n>p2 move nastyplot\n>p1 switch 4\n>p2 move nastyplot\n>p1 move trick\n>p2 move thunderbolt\n>p1 switch 2\n>p1 move fakeout\n>p2 switch 3\n>p1 move surf\n>p2 move tripleaxel terastallize\n>p1 switch 3\n>p1 move burningjealousy\n>p2 switch 3\n>p1 move nastyplot\n>p2 move thunderbolt\n>p1 move darkpulse terastallize\n>p2 move thunderbolt\n>p1 switch 5\n>p1 move quiverdance\n>p2 switch 3\n>p1 move bugbuzz\n>p2 move tripleaxel\n>p2 switch 4\n>p1 move bugbuzz\n>p2 move ironhead\n>p1 switch 4\n>p1 move shadowball\n>p2 move ironhead\n>p1 move shadowball\n>p2 move ironhead\n>p2 switch 2\n>p1 move strengthsap\n>p2 move flareblitz\n>p1 move shadowball\n>p2 switch 3\n>p2 switch 3\n>p1 move strengthsap\n>p2 move swordsdance\n>p1 move strengthsap\n>p2 move swordsdance\n>p1 move strengthsap\n>p2 move swordsdance\n>p1 move strengthsap\n>p2 move swordsdance\n>p1 move strengthsap\n>p2 move swordsdance\n>p1 move shadowball\n>p2 move flareblitz\n>p1 move strengthsap\n>p2 move flareblitz", "uploadtime": 1781394329, "views": 5, "formatid": "gen9randombattle", "rating": 1094, "private": 0, "password": null, "player_dets": [{"name": "ph00x", "avatar": "unknown", "rating": 1116, "seed": "sodium,f36a0d3bb34677bc2cac4eca9ca10328"}, {"name": "hddhgdydhdhdd", "avatar": "265", "rating": 1155, "seed": "sodium,f25aafaed66615872d6604aa9de2e863"}], "teams_full": [{"Electivire": {"name": "Electivire", "species": "Electivire", "speciesId": "electivire", "gender": "M", "shiny": false, "level": 84, "moves": ["knockoff", "flamethrower", "supercellslam", "earthquake"], "ability": "Motor Drive", "evs": {"hp": 85, "atk": 85, "def": 85, "spa": 85, "spd": 85, "spe": 85}, "ivs": {"hp": 31, "atk": 31, "def": 31, "spa": 31, "spd": 31, "spe": 31}, "item": "Life Orb", "teraType": "Ground", "role": "Fast Attacker", "bvs": {"hp": 75, "atk": 123, "def": 67, "spa": 95, "spd": 85, "spe": 95}, "stats": {"hp": 263, "atk": 255, "def": 161, "spa": 208, "spd": 191, "spe": 208}, "types": ["Electric"]}, "Pikachu": {"name": "Pikachu", "species": "Pikachu", "speciesId": "pikachu", "gender": "F", "shiny": false, "level": 93, "moves": ["knockoff", "volttackle", "fakeout", "surf"], "ability": "Lightning Rod", "evs": {"hp": 85, "atk": 85, "def": 85, "spa": 85, "spd": 85, "spe": 85}, "ivs": {"hp": 31, "atk": 31, "def": 31, "spa": 31, "spd": 31, "spe": 31}, "item": "Light Ball", "teraType": "Water", "role": "Fast Attacker", "bvs": {"hp": 35, "atk": 55, "def": 40, "spa": 50, "spd": 50, "spe": 90}, "stats": {"hp": 216, "atk": 155, "def": 127, "spa": 146, "spd": 146, "spe": 220}, "types": ["Electric"]}, "Persian": {"name": "Persian", "species": "Persian-Alola", "speciesId": "persianalola", "gender": "F", "shiny": false, "level": 86, "moves": ["thunderbolt", "darkpulse", "nastyplot", "burningjealousy"], "ability": "Fur Coat", "evs": {"hp": 85, "atk": 0, "def": 85, "spa": 85, "spd": 85, "spe": 85}, "ivs": {"hp": 31, "atk": 0, "def": 31, "spa": 31, "spd": 31, "spe": 31}, "item": "Life Orb", "teraType": "Electric", "role": "Fast Bulky Setup", "bvs": {"hp": 65, "atk": 60, "def": 60, "spa": 75, "spd": 65, "spe": 115}, "stats": {"hp": 252, "atk": 108, "def": 152, "spa": 178, "spd": 161, "spe": 247}, "types": ["Dark"]}, "Chandelure": {"name": "Chandelure", "species": "Chandelure", "speciesId": "chandelure", "gender": "F", "shiny": false, "level": 83, "moves": ["energyball", "shadowball", "trick", "fireblast"], "ability": "Flash Fire", "evs": {"hp": 85, "atk": 0, "def": 85, "spa": 85, "spd": 85, "spe": 85}, "ivs": {"hp": 31, "atk": 0, "def": 31, "spa": 31, "spd": 31, "spe": 31}, "item": "Choice Scarf", "teraType": "Grass", "role": "Fast Attacker", "bvs": {"hp": 60, "atk": 55, "def": 90, "spa": 145, "spd": 90, "spe": 80}, "stats": {"hp": 235, "atk": 96, "def": 197, "spa": 288, "spd": 197, "spe": 180}, "types": ["Ghost", "Fire"]}, "Ribombee": {"name": "Ribombee", "species": "Ribombee", "speciesId": "ribombee", "gender": "F", "shiny": false, "level": 83, "moves": ["terablast", "quiverdance", "bugbuzz", "moonblast"], "ability": "Shield Dust", "evs": {"hp": 85, "atk": 0, "def": 85, "spa": 85, "spd": 85, "spe": 85}, "ivs": {"hp": 31, "atk": 0, "def": 31, "spa": 31, "spd": 31, "spe": 31}, "item": "Heavy-Duty Boots", "teraType": "Ground", "role": "Tera Blast user", "bvs": {"hp": 60, "atk": 55, "def": 60, "spa": 95, "spd": 70, "spe": 124}, "stats": {"hp": 235, "atk": 96, "def": 147, "spa": 205, "spd": 164, "spe": 254}, "types": ["Bug", "Fairy"]}, "Sinistcha": {"name": "Sinistcha", "species": "Sinistcha-Masterpiece", "speciesId": "sinistcha", "gender": "N", "shiny": false, "level": 83, "moves": ["matchagotcha", "calmmind", "strengthsap", "shadowball"], "ability": "Heatproof", "evs": {"hp": 85, "atk": 0, "def": 85, "spa": 85, "spd": 85, "spe": 85}, "ivs": {"hp": 31, "atk": 0, "def": 31, "spa": 31, "spd": 31, "spe": 31}, "item": "Leftovers", "teraType": "Steel", "role": "Bulky Setup", "bvs": {"hp": 71, "atk": 60, "def": 106, "spa": 121, "spd": 80, "spe": 70}, "stats": {"hp": 254, "atk": 104, "def": 224, "spa": 249, "spd": 180, "spe": 164}, "types": ["Grass", "Ghost"]}}, {"Jirachi": {"name": "Jirachi", "species": "Jirachi", "speciesId": "jirachi", "gender": "N", "shiny": false, "level": 80, "moves": ["protect", "psychic", "wish", "ironhead"], "ability": "Serene Grace", "evs": {"hp": 85, "atk": 85, "def": 85, "spa": 85, "spd": 85, "spe": 85}, "ivs": {"hp": 31, "atk": 31, "def": 31, "spa": 31, "spd": 31, "spe": 31}, "item": "Leftovers", "teraType": "Water", "role": "Bulky Support", "bvs": {"hp": 100, "atk": 100, "def": 100, "spa": 100, "spd": 100, "spe": 100}, "stats": {"hp": 291, "atk": 206, "def": 206, "spa": 206, "spd": 206, "spe": 206}, "types": ["Steel", "Psychic"]}, "Koraidon": {"name": "Koraidon", "species": "Koraidon", "speciesId": "koraidon", "gender": "N", "shiny": false, "level": 64, "moves": ["collisioncourse", "swordsdance", "scaleshot", "flareblitz"], "ability": "Orichalcum Pulse", "evs": {"hp": 85, "atk": 85, "def": 85, "spa": 85, "spd": 85, "spe": 85}, "ivs": {"hp": 31, "atk": 31, "def": 31, "spa": 31, "spd": 31, "spe": 31}, "item": "Loaded Dice", "teraType": "Fire", "role": "Setup Sweeper", "bvs": {"hp": 100, "atk": 135, "def": 115, "spa": 85, "spd": 100, "spe": 135}, "stats": {"hp": 235, "atk": 211, "def": 185, "spa": 147, "spd": 166, "spe": 211}, "types": ["Fighting", "Dragon"]}, "Plusle": {"name": "Plusle", "species": "Plusle", "speciesId": "plusle", "gender": "F", "shiny": false, "level": 95, "moves": ["grassknot", "encore", "nastyplot", "thunderbolt"], "ability": "Lightning Rod", "evs": {"hp": 85, "atk": 0, "def": 85, "spa": 85, "spd": 85, "spe": 85}, "ivs": {"hp": 31, "atk": 0, "def": 31, "spa": 31, "spd": 31, "spe": 31}, "item": "Life Orb", "teraType": "Electric", "role": "Setup Sweeper", "bvs": {"hp": 60, "atk": 50, "def": 40, "spa": 85, "spd": 75, "spe": 95}, "stats": {"hp": 268, "atk": 100, "def": 130, "spa": 215, "spd": 196, "spe": 234}, "types": ["Electric"]}, "Houndoom": {"name": "Houndoom", "species": "Houndoom", "speciesId": "houndoom", "gender": "M", "shiny": false, "level": 87, "moves": ["suckerpunch", "nastyplot", "darkpulse", "fireblast"], "ability": "Flash Fire", "evs": {"hp": 85, "atk": 85, "def": 85, "spa": 85, "spd": 85, "spe": 85}, "ivs": {"hp": 31, "atk": 31, "def": 31, "spa": 31, "spd": 31, "spe": 31}, "item": "Heavy-Duty Boots", "teraType": "Fire", "role": "Fast Attacker", "bvs": {"hp": 75, "atk": 90, "def": 50, "spa": 110, "spd": 80, "spe": 95}, "stats": {"hp": 272, "atk": 206, "def": 137, "spa": 241, "spd": 189, "spe": 215}, "types": ["Dark", "Fire"]}, "Ambipom": {"name": "Ambipom", "species": "Ambipom", "speciesId": "ambipom", "gender": "F", "shiny": false, "level": 84, "moves": ["doubleedge", "tripleaxel", "knockoff", "lowkick"], "ability": "Technician", "evs": {"hp": 85, "atk": 85, "def": 85, "spa": 85, "spd": 85, "spe": 85}, "ivs": {"hp": 31, "atk": 31, "def": 31, "spa": 31, "spd": 31, "spe": 31}, "item": "Choice Band", "teraType": "Ice", "role": "Fast Attacker", "bvs": {"hp": 75, "atk": 100, "def": 66, "spa": 60, "spd": 66, "spe": 115}, "stats": {"hp": 263, "atk": 216, "def": 159, "spa": 149, "spd": 159, "spe": 241}, "types": ["Normal"]}, "Forretress": {"name": "Forretress", "species": "Forretress", "speciesId": "forretress", "gender": "M", "shiny": false, "level": 84, "moves": ["bodypress", "rapidspin", "spikes", "ironhead"], "ability": "Sturdy", "evs": {"hp": 85, "atk": 85, "def": 85, "spa": 85, "spd": 85, "spe": 85}, "ivs": {"hp": 31, "atk": 31, "def": 31, "spa": 31, "spd": 31, "spe": 31}, "item": "Leftovers", "teraType": "Fighting", "role": "Bulky Attacker", "bvs": {"hp": 75, "atk": 90, "def": 140, "spa": 60, "spd": 60, "spe": 40}, "stats": {"hp": 263, "atk": 199, "def": 283, "spa": 149, "spd": 149, "spe": 115}, "types": ["Bug", "Steel"]}}]}