{"id": "gen9randombattle-2631433307", "format": "[Gen 9] Random Battle", "players": ["Porygon Zzium Z", "mishaji.denji"], "log": "|j|\u2606Porygon Zzium Z\n|j|\u2606mishaji.denji\n|t:|1781384074\n|gametype|singles\n|player|p1|Porygon Zzium Z|169|1903\n|player|p2|mishaji.denji|n|1994\n|gen|9\n|tier|[Gen 9] Random Battle\n|rated|\n|rule|Species Clause: Limit one of each Pok\u00e9mon\n|rule|HP Percentage Mod: HP is shown in percentages\n|rule|Sleep Clause Mod: Limit one foe put to sleep\n|rule|Illusion Level Mod: Illusion disguises the Pok\u00e9mon's true level\n|\n|t:|1781384074\n|teamsize|p1|6\n|teamsize|p2|6\n|start\n|switch|p1a: Raichu|Raichu-Alola, L87, F|246/246\n|switch|p2a: Inteleon|Inteleon, L81, F|246/246\n|turn|1\n|inactive|Battle timer is ON: inactive players will automatically lose when time's up. (requested by Porygon Zzium Z)\n|j| wthwjhwj\n|\n|t:|1781384089\n|move|p2a: Inteleon|U-turn|p1a: Raichu\n|-supereffective|p1a: Raichu\n|-damage|p1a: Raichu|122/246\n|\n|t:|1781384093\n|switch|p2a: Rhydon|Rhydon, L85, F|317/317|[from] U-turn\n|move|p1a: Raichu|Thunderbolt|p2a: Rhydon\n|-ability|p2a: Rhydon|Lightning Rod|boost\n|-boost|p2a: Rhydon|spa|1\n|\n|upkeep\n|turn|2\n|\n|t:|1781384112\n|switch|p1a: Forretress|Forretress, L84, F|263/263\n|move|p2a: Rhydon|Stealth Rock|p1a: Forretress\n|-sidestart|p1: Porygon Zzium Z|move: Stealth Rock\n|\n|upkeep\n|turn|3\n|\n|t:|1781384118\n|move|p2a: Rhydon|Earthquake|p1a: Forretress\n|-damage|p1a: Forretress|166/263\n|move|p1a: Forretress|Toxic Spikes|p2a: Rhydon\n|-sidestart|p2: mishaji.denji|move: Toxic Spikes\n|\n|-heal|p1a: Forretress|182/263|[from] item: Leftovers\n|upkeep\n|turn|4\n|\n|t:|1781384124\n|move|p2a: Rhydon|Stone Edge|p1a: Forretress\n|-damage|p1a: Forretress|88/263\n|move|p1a: Forretress|Rapid Spin|p2a: Rhydon\n|-resisted|p2a: Rhydon\n|-damage|p2a: Rhydon|308/317\n|-boost|p1a: Forretress|spe|1\n|-sideend|p1: Porygon Zzium Z|Stealth Rock|[from] move: Rapid Spin|[of] p1a: Forretress\n|\n|-heal|p1a: Forretress|104/263|[from] item: Leftovers\n|upkeep\n|turn|5\n|\n|t:|1781384127\n|move|p1a: Forretress|Toxic Spikes|p2a: Rhydon\n|-sidestart|p2: mishaji.denji|move: Toxic Spikes\n|move|p2a: Rhydon|Stealth Rock|p1a: Forretress\n|-sidestart|p1: Porygon Zzium Z|move: Stealth Rock\n|\n|-heal|p1a: Forretress|120/263|[from] item: Leftovers\n|upkeep\n|turn|6\n|l| wthwjhwj\n|\n|t:|1781384134\n|move|p1a: Forretress|Rapid Spin|p2a: Rhydon\n|-resisted|p2a: Rhydon\n|-damage|p2a: Rhydon|299/317\n|-boost|p1a: Forretress|spe|1\n|-sideend|p1: Porygon Zzium Z|Stealth Rock|[from] move: Rapid Spin|[of] p1a: Forretress\n|move|p2a: Rhydon|Stone Edge|p1a: Forretress|[miss]\n|-miss|p2a: Rhydon|p1a: Forretress\n|\n|-heal|p1a: Forretress|136/263|[from] item: Leftovers\n|upkeep\n|turn|7\n|\n|t:|1781384141\n|move|p1a: Forretress|Iron Head|p2a: Rhydon\n|-supereffective|p2a: Rhydon\n|-damage|p2a: Rhydon|221/317\n|move|p2a: Rhydon|Stone Edge|p1a: Forretress|[miss]\n|-miss|p2a: Rhydon|p1a: Forretress\n|\n|-heal|p1a: Forretress|152/263|[from] item: Leftovers\n|upkeep\n|turn|8\n|\n|t:|1781384145\n|switch|p2a: Hitmontop|Hitmontop, L88, M|231/231\n|-status|p2a: Hitmontop|tox\n|-ability|p2a: Hitmontop|Intimidate|boost\n|-unboost|p1a: Forretress|atk|1\n|move|p1a: Forretress|Iron Head|p2a: Hitmontop\n|-damage|p2a: Hitmontop|186/231 tox\n|\n|-heal|p1a: Forretress|168/263|[from] item: Leftovers\n|-damage|p2a: Hitmontop|172/231 tox|[from] psn\n|upkeep\n|turn|9\n|\n|t:|1781384151\n|switch|p1a: Giratina|Giratina-Origin, L72|335/335\n|move|p2a: Hitmontop|Rapid Spin|p1a: Giratina\n|-immune|p1a: Giratina\n|\n|-damage|p2a: Hitmontop|144/231 tox|[from] psn\n|upkeep\n|turn|10\n|\n|t:|1781384159\n|switch|p2a: Rhydon|Rhydon, L85, F|221/317\n|-status|p2a: Rhydon|tox\n|move|p1a: Giratina|Dragon Tail|p2a: Rhydon\n|-damage|p2a: Rhydon|185/317 tox\n|drag|p2a: Manaphy|Manaphy, L78|284/284\n|-status|p2a: Manaphy|tox\n|\n|-damage|p2a: Manaphy|267/284 tox|[from] psn\n|upkeep\n|turn|11\n|\n|t:|1781384169\n|move|p2a: Manaphy|Ice Beam|p1a: Giratina\n|-supereffective|p1a: Giratina\n|-damage|p1a: Giratina|217/335\n|move|p1a: Giratina|Dragon Tail|p2a: Manaphy\n|-damage|p2a: Manaphy|207/284 tox\n|drag|p2a: Rhydon|Rhydon, L85, F|185/317 tox\n|\n|-damage|p2a: Rhydon|166/317 tox|[from] psn\n|upkeep\n|turn|12\n|\n|t:|1781384178\n|move|p2a: Rhydon|Stealth Rock|p1a: Giratina\n|-sidestart|p1: Porygon Zzium Z|move: Stealth Rock\n|move|p1a: Giratina|Dragon Tail|p2a: Rhydon|[miss]\n|-miss|p1a: Giratina|p2a: Rhydon\n|\n|-damage|p2a: Rhydon|128/317 tox|[from] psn\n|upkeep\n|turn|13\n|\n|t:|1781384181\n|move|p2a: Rhydon|Stone Edge|p1a: Giratina\n|-damage|p1a: Giratina|64/335\n|move|p1a: Giratina|Dragon Tail|p2a: Rhydon\n|-damage|p2a: Rhydon|95/317 tox\n|drag|p2a: Manaphy|Manaphy, L78|207/284 tox\n|\n|-heal|p2a: Manaphy|224/284 tox|[from] item: Leftovers\n|-damage|p2a: Manaphy|207/284 tox|[from] psn\n|upkeep\n|turn|14\n|\n|t:|1781384192\n|switch|p1a: Dondozo|Dondozo, L78, F|362/362\n|-damage|p1a: Dondozo|317/362|[from] Stealth Rock\n|move|p2a: Manaphy|Surf|p1a: Dondozo\n|-resisted|p1a: Dondozo\n|-damage|p1a: Dondozo|262/362\n|\n|-heal|p2a: Manaphy|224/284 tox|[from] item: Leftovers\n|-heal|p1a: Dondozo|284/362|[from] item: Leftovers\n|-damage|p2a: Manaphy|190/284 tox|[from] psn\n|upkeep\n|turn|15\n|\n|t:|1781384199\n|switch|p1a: Giratina|Giratina-Origin, L72|64/335\n|-damage|p1a: Giratina|23/335|[from] Stealth Rock\n|move|p2a: Manaphy|Energy Ball|p1a: Giratina\n|-resisted|p1a: Giratina\n|-damage|p1a: Giratina|0 fnt\n|faint|p1a: Giratina\n|\n|-heal|p2a: Manaphy|207/284 tox|[from] item: Leftovers\n|-damage|p2a: Manaphy|156/284 tox|[from] psn\n|upkeep\n|\n|t:|1781384206\n|switch|p1a: Raichu|Raichu-Alola, L87, F|122/246\n|-damage|p1a: Raichu|92/246|[from] Stealth Rock\n|turn|16\n|\n|t:|1781384209\n|-terastallize|p2a: Manaphy|Grass\n|move|p1a: Raichu|Thunderbolt|p2a: Manaphy\n|-resisted|p2a: Manaphy\n|-damage|p2a: Manaphy|83/284 tox\n|move|p2a: Manaphy|Energy Ball|p1a: Raichu\n|-damage|p1a: Raichu|10/246\n|\n|-heal|p2a: Manaphy|100/284 tox|[from] item: Leftovers\n|-damage|p2a: Manaphy|32/284 tox|[from] psn\n|upkeep\n|turn|17\n|\n|t:|1781384216\n|move|p1a: Raichu|Thunderbolt|p2a: Manaphy\n|-resisted|p2a: Manaphy\n|-damage|p2a: Manaphy|0 fnt\n|faint|p2a: Manaphy\n|\n|upkeep\n|\n|t:|1781384218\n|switch|p2a: Hitmontop|Hitmontop, L88, M|144/231 tox\n|-ability|p2a: Hitmontop|Intimidate|boost\n|-unboost|p1a: Raichu|atk|1\n|turn|18\n|\n|t:|1781384222\n|move|p1a: Raichu|Thunderbolt|p2a: Hitmontop\n|-damage|p2a: Hitmontop|69/231 tox\n|move|p2a: Hitmontop|Rapid Spin|p1a: Raichu\n|-damage|p1a: Raichu|0 fnt\n|-boost|p2a: Hitmontop|spe|1\n|-sideend|p2: mishaji.denji|Toxic Spikes|[from] move: Rapid Spin|[of] p2a: Hitmontop\n|faint|p1a: Raichu\n|\n|-damage|p2a: Hitmontop|55/231 tox|[from] psn\n|upkeep\n|\n|t:|1781384227\n|switch|p1a: Forretress|Forretress, L84, F|168/263\n|-damage|p1a: Forretress|136/263|[from] Stealth Rock\n|turn|19\n|\n|t:|1781384233\n|move|p2a: Hitmontop|Close Combat|p1a: Forretress\n|-crit|p1a: Forretress\n|-damage|p1a: Forretress|0 fnt\n|-unboost|p2a: Hitmontop|def|1\n|-unboost|p2a: Hitmontop|spd|1\n|faint|p1a: Forretress\n|\n|-damage|p2a: Hitmontop|27/231 tox|[from] psn\n|upkeep\n|\n|t:|1781384239\n|switch|p1a: Scrafty|Scrafty, L83, M|244/244\n|-damage|p1a: Scrafty|229/244|[from] Stealth Rock\n|-ability|p1a: Scrafty|Intimidate|boost\n|-unboost|p2a: Hitmontop|atk|1\n|turn|20\n|\n|t:|1781384244\n|-terastallize|p1a: Scrafty|Poison\n|move|p2a: Hitmontop|Close Combat|p1a: Scrafty\n|-resisted|p1a: Scrafty\n|-damage|p1a: Scrafty|195/244\n|-unboost|p2a: Hitmontop|def|1\n|-unboost|p2a: Hitmontop|spd|1\n|move|p1a: Scrafty|Dragon Dance|p1a: Scrafty\n|-boost|p1a: Scrafty|atk|1\n|-boost|p1a: Scrafty|spe|1\n|\n|-heal|p1a: Scrafty|210/244|[from] item: Leftovers\n|-damage|p2a: Hitmontop|0 fnt|[from] psn\n|faint|p2a: Hitmontop\n|upkeep\n|\n|t:|1781384248\n|switch|p2a: Azelf|Azelf, L82|257/257\n|turn|21\n|\n|t:|1781384252\n|switch|p1a: Latias|Latias, L79, F|256/256\n|-damage|p1a: Latias|224/256|[from] Stealth Rock\n|move|p2a: Azelf|Psychic|p1a: Latias\n|-resisted|p1a: Latias\n|-damage|p1a: Latias|169/256\n|-damage|p2a: Azelf|232/257|[from] item: Life Orb\n|\n|upkeep\n|turn|22\n|\n|t:|1781384259\n|move|p2a: Azelf|Knock Off|p1a: Latias\n|-supereffective|p1a: Latias\n|-damage|p1a: Latias|0 fnt\n|-enditem|p1a: Latias|Soul Dew|[from] move: Knock Off|[of] p2a: Azelf\n|faint|p1a: Latias\n|-damage|p2a: Azelf|207/257|[from] item: Life Orb\n|\n|upkeep\n|\n|t:|1781384261\n|switch|p1a: Dondozo|Dondozo, L78, F|284/362\n|-damage|p1a: Dondozo|239/362|[from] Stealth Rock\n|turn|23\n|\n|t:|1781384263\n|move|p2a: Azelf|Psychic|p1a: Dondozo\n|-damage|p1a: Dondozo|31/362\n|-damage|p2a: Azelf|182/257|[from] item: Life Orb\n|move|p1a: Dondozo|Wave Crash|p2a: Azelf\n|-damage|p2a: Azelf|32/257\n|-damage|p1a: Dondozo|0 fnt|[from] Recoil\n|faint|p1a: Dondozo\n|\n|upkeep\n|\n|t:|1781384266\n|switch|p1a: Scrafty|Scrafty, L83, M, tera:Poison|210/244\n|-damage|p1a: Scrafty|180/244|[from] Stealth Rock\n|-ability|p1a: Scrafty|Intimidate|boost\n|-unboost|p2a: Azelf|atk|1\n|turn|24\n|\n|t:|1781384268\n|move|p2a: Azelf|Psychic|p1a: Scrafty\n|-supereffective|p1a: Scrafty\n|-damage|p1a: Scrafty|0 fnt\n|faint|p1a: Scrafty\n|-damage|p2a: Azelf|7/257|[from] item: Life Orb\n|\n|win|mishaji.denji\n", "inputlog": ">version a8376a258c1d4662feba110a92103f3664a72141\n>start {\"formatid\":\"gen9randombattle\",\"seed\":\"sodium,123f4f1ddd0b78d330e770ab2d777ea4\",\"rated\":\"Rated battle\"}\n>player p1 {\"name\":\"Porygon Zzium Z\",\"avatar\":\"169\",\"rating\":1903,\"seed\":\"sodium,80cd3c1a6123eae2457b44eab7e37344\"}\n>player p2 {\"name\":\"mishaji.denji\",\"avatar\":\"n\",\"rating\":1994,\"seed\":\"sodium,e18d78c859bc5c47e4f0c3cbf88cbf47\"}\n>p1 move thunderbolt\n>p2 move uturn\n>p2 switch 5\n>p1 switch 2\n>p2 move stealthrock\n>p1 move toxicspikes\n>p2 move earthquake\n>p1 move rapidspin\n>p2 move stoneedge\n>p1 move toxicspikes\n>p2 move stealthrock\n>p1 move rapidspin\n>p2 move stoneedge\n>p1 move ironhead\n>p2 move stoneedge\n>p1 move ironhead\n>p2 switch 3\n>p1 switch 5\n>p2 move rapidspin\n>p1 move dragontail\n>p2 switch 3\n>p1 move dragontail\n>p2 move icebeam\n>p1 move dragontail\n>p2 move stealthrock\n>p1 move dragontail\n>p2 move stoneedge\n>p1 switch 6\n>p2 move surf\n>p1 switch 6\n>p2 move energyball\n>p1 switch 2\n>p1 move thunderbolt\n>p2 move energyball terastallize\n>p1 move thunderbolt\n>p2 move energyball\n>p2 switch 3\n>p1 move thunderbolt\n>p2 move rapidspin\n>p1 switch 5\n>p1 move rapidspin\n>p2 move closecombat\n>p1 switch 3\n>p1 move dragondance terastallize\n>p2 move closecombat\n>p2 switch 6\n>p1 switch 4\n>p2 move psychic\n>p1 move dracometeor\n>p2 move knockoff\n>p1 switch 6\n>p1 move wavecrash\n>p2 move psychic\n>p1 switch 4\n>p1 move dragondance\n>p2 move psychic", "uploadtime": 1781384077, "views": 10, "formatid": "gen9randombattle", "rating": null, "private": 0, "password": null, "player_dets": [{"name": "Porygon Zzium Z", "avatar": "169", "rating": 1903, "seed": "sodium,80cd3c1a6123eae2457b44eab7e37344"}, {"name": "mishaji.denji", "avatar": "n", "rating": 1994, "seed": "sodium,e18d78c859bc5c47e4f0c3cbf88cbf47"}], "teams_full": [{"Raichu": {"name": "Raichu", "species": "Raichu-Alola", "speciesId": "raichualola", "gender": "F", "shiny": false, "level": 87, "moves": ["psyshock", "focusblast", "thunderbolt", "alluringvoice"], "ability": "Surge Surfer", "evs": {"hp": 85, "atk": 0, "def": 85, "spa": 85, "spd": 85, "spe": 85}, "ivs": {"hp": 31, "atk": 0, "def": 31, "spa": 31, "spd": 31, "spe": 31}, "item": "Choice Specs", "teraType": "Fighting", "role": "Fast Attacker", "bvs": {"hp": 60, "atk": 85, "def": 50, "spa": 95, "spd": 85, "spe": 110}, "stats": {"hp": 246, "atk": 152, "def": 137, "spa": 215, "spd": 198, "spe": 241}, "types": ["Electric", "Psychic"]}, "Forretress": {"name": "Forretress", "species": "Forretress", "speciesId": "forretress", "gender": "F", "shiny": false, "level": 84, "moves": ["ironhead", "voltswitch", "rapidspin", "toxicspikes"], "ability": "Sturdy", "evs": {"hp": 85, "atk": 85, "def": 85, "spa": 85, "spd": 85, "spe": 85}, "ivs": {"hp": 31, "atk": 31, "def": 31, "spa": 31, "spd": 31, "spe": 31}, "item": "Leftovers", "teraType": "Water", "role": "Bulky Support", "bvs": {"hp": 75, "atk": 90, "def": 140, "spa": 60, "spd": 60, "spe": 40}, "stats": {"hp": 263, "atk": 199, "def": 283, "spa": 149, "spd": 149, "spe": 115}, "types": ["Bug", "Steel"]}, "Scrafty": {"name": "Scrafty", "species": "Scrafty", "speciesId": "scrafty", "gender": "M", "shiny": false, "level": 83, "moves": ["poisonjab", "drainpunch", "dragondance", "knockoff"], "ability": "Intimidate", "evs": {"hp": 85, "atk": 85, "def": 85, "spa": 85, "spd": 85, "spe": 85}, "ivs": {"hp": 31, "atk": 31, "def": 31, "spa": 31, "spd": 31, "spe": 31}, "item": "Leftovers", "teraType": "Poison", "role": "Bulky Attacker", "bvs": {"hp": 65, "atk": 90, "def": 115, "spa": 45, "spd": 115, "spe": 58}, "stats": {"hp": 244, "atk": 197, "def": 239, "spa": 122, "spd": 239, "spe": 144}, "types": ["Dark", "Fighting"]}, "Latias": {"name": "Latias", "species": "Latias", "speciesId": "latias", "gender": "F", "shiny": false, "level": 79, "moves": ["calmmind", "recover", "psyshock", "dracometeor"], "ability": "Levitate", "evs": {"hp": 85, "atk": 0, "def": 85, "spa": 85, "spd": 85, "spe": 85}, "ivs": {"hp": 31, "atk": 0, "def": 31, "spa": 31, "spd": 31, "spe": 31}, "item": "Soul Dew", "teraType": "Steel", "role": "Fast Bulky Setup", "bvs": {"hp": 80, "atk": 80, "def": 90, "spa": 110, "spd": 130, "spe": 110}, "stats": {"hp": 256, "atk": 131, "def": 188, "spa": 219, "spd": 251, "spe": 219}, "types": ["Dragon", "Psychic"]}, "Giratina": {"name": "Giratina", "species": "Giratina-Origin", "speciesId": "giratinaorigin", "gender": "N", "shiny": false, "level": 72, "moves": ["dragontail", "willowisp", "dracometeor", "poltergeist"], "ability": "Levitate", "evs": {"hp": 85, "atk": 85, "def": 85, "spa": 85, "spd": 85, "spe": 85}, "ivs": {"hp": 31, "atk": 31, "def": 31, "spa": 31, "spd": 31, "spe": 31}, "item": "Griseous Core", "teraType": "Steel", "role": "Fast Attacker", "bvs": {"hp": 150, "atk": 120, "def": 100, "spa": 120, "spd": 100, "spe": 90}, "stats": {"hp": 335, "atk": 215, "def": 186, "spa": 215, "spd": 186, "spe": 172}, "types": ["Ghost", "Dragon"]}, "Dondozo": {"name": "Dondozo", "species": "Dondozo", "speciesId": "dondozo", "gender": "F", "shiny": false, "level": 78, "moves": ["sleeptalk", "rest", "curse", "wavecrash"], "ability": "Unaware", "evs": {"hp": 85, "atk": 85, "def": 85, "spa": 85, "spd": 85, "spe": 85}, "ivs": {"hp": 31, "atk": 31, "def": 31, "spa": 31, "spd": 31, "spe": 31}, "item": "Leftovers", "teraType": "Fairy", "role": "Bulky Setup", "bvs": {"hp": 150, "atk": 100, "def": 115, "spa": 65, "spd": 65, "spe": 35}, "stats": {"hp": 362, "atk": 201, "def": 224, "spa": 146, "spd": 146, "spe": 100}, "types": ["Water"]}}, {"Inteleon": {"name": "Inteleon", "species": "Inteleon", "speciesId": "inteleon", "gender": "F", "shiny": false, "level": 81, "moves": ["icebeam", "scald", "hydropump", "uturn"], "ability": "Torrent", "evs": {"hp": 85, "atk": 85, "def": 85, "spa": 85, "spd": 85, "spe": 85}, "ivs": {"hp": 31, "atk": 31, "def": 31, "spa": 31, "spd": 31, "spe": 31}, "item": "Choice Specs", "teraType": "Water", "role": "Wallbreaker", "bvs": {"hp": 70, "atk": 85, "def": 65, "spa": 125, "spd": 65, "spe": 120}, "stats": {"hp": 246, "atk": 184, "def": 152, "spa": 249, "spd": 152, "spe": 241}, "types": ["Water"]}, "Manaphy": {"name": "Manaphy", "species": "Manaphy", "speciesId": "manaphy", "gender": "N", "shiny": false, "level": 78, "moves": ["tailglow", "icebeam", "surf", "energyball"], "ability": "Hydration", "evs": {"hp": 85, "atk": 0, "def": 85, "spa": 85, "spd": 85, "spe": 85}, "ivs": {"hp": 31, "atk": 0, "def": 31, "spa": 31, "spd": 31, "spe": 31}, "item": "Leftovers", "teraType": "Grass", "role": "Bulky Setup", "bvs": {"hp": 100, "atk": 100, "def": 100, "spa": 100, "spd": 100, "spe": 100}, "stats": {"hp": 284, "atk": 161, "def": 201, "spa": 201, "spd": 201, "spe": 201}, "types": ["Water"]}, "Hitmontop": {"name": "Hitmontop", "species": "Hitmontop", "speciesId": "hitmontop", "gender": "M", "shiny": false, "level": 88, "moves": ["rapidspin", "closecombat", "earthquake", "suckerpunch"], "ability": "Intimidate", "evs": {"hp": 85, "atk": 85, "def": 85, "spa": 85, "spd": 85, "spe": 85}, "ivs": {"hp": 31, "atk": 31, "def": 31, "spa": 31, "spd": 31, "spe": 31}, "item": "Assault Vest", "teraType": "Steel", "role": "Bulky Support", "bvs": {"hp": 50, "atk": 95, "def": 95, "spa": 35, "spd": 110, "spe": 70}, "stats": {"hp": 231, "atk": 217, "def": 217, "spa": 112, "spd": 244, "spe": 173}, "types": ["Fighting"]}, "Bellossom": {"name": "Bellossom", "species": "Bellossom", "speciesId": "bellossom", "gender": "M", "shiny": false, "level": 84, "moves": ["gigadrain", "strengthsap", "sludgebomb", "quiverdance"], "ability": "Chlorophyll", "evs": {"hp": 85, "atk": 0, "def": 85, "spa": 85, "spd": 85, "spe": 85}, "ivs": {"hp": 31, "atk": 0, "def": 31, "spa": 31, "spd": 31, "spe": 31}, "item": "Leftovers", "teraType": "Poison", "role": "Bulky Setup", "bvs": {"hp": 75, "atk": 80, "def": 95, "spa": 90, "spd": 100, "spe": 50}, "stats": {"hp": 263, "atk": 139, "def": 208, "spa": 199, "spd": 216, "spe": 132}, "types": ["Grass"]}, "Rhydon": {"name": "Rhydon", "species": "Rhydon", "speciesId": "rhydon", "gender": "F", "shiny": false, "level": 85, "moves": ["megahorn", "stoneedge", "earthquake", "stealthrock"], "ability": "Lightning Rod", "evs": {"hp": 85, "atk": 85, "def": 85, "spa": 85, "spd": 85, "spe": 85}, "ivs": {"hp": 31, "atk": 31, "def": 31, "spa": 31, "spd": 31, "spe": 31}, "item": "Eviolite", "teraType": "Flying", "role": "Bulky Attacker", "bvs": {"hp": 105, "atk": 130, "def": 120, "spa": 45, "spd": 45, "spe": 40}, "stats": {"hp": 317, "atk": 270, "def": 253, "spa": 125, "spd": 125, "spe": 117}, "types": ["Ground", "Rock"]}, "Azelf": {"name": "Azelf", "species": "Azelf", "speciesId": "azelf", "gender": "N", "shiny": false, "level": 82, "moves": ["psychic", "uturn", "taunt", "knockoff"], "ability": "Levitate", "evs": {"hp": 85, "atk": 85, "def": 85, "spa": 85, "spd": 85, "spe": 85}, "ivs": {"hp": 31, "atk": 31, "def": 31, "spa": 31, "spd": 31, "spe": 31}, "item": "Life Orb", "teraType": "Dark", "role": "Fast Support", "bvs": {"hp": 75, "atk": 125, "def": 70, "spa": 125, "spd": 70, "spe": 115}, "stats": {"hp": 257, "atk": 252, "def": 162, "spa": 252, "spd": 162, "spe": 236}, "types": ["Psychic"]}}]}