{"id": "gen9randombattle-2631869668", "format": "[Gen 9] Random Battle", "players": ["Hunrito", "coolbai"], "log": "|j|\u2606Hunrito\n|j|\u2606coolbai\n|t:|1781450207\n|gametype|singles\n|player|p1|Hunrito|102|1984\n|player|p2|coolbai|lucas|1962\n|gen|9\n|tier|[Gen 9] Random Battle\n|rated|\n|rule|Species Clause: Limit one of each Pok\u00e9mon\n|rule|HP Percentage Mod: HP is shown in percentages\n|rule|Sleep Clause Mod: Limit one foe put to sleep\n|rule|Illusion Level Mod: Illusion disguises the Pok\u00e9mon's true level\n|\n|t:|1781450207\n|teamsize|p1|6\n|teamsize|p2|6\n|start\n|switch|p1a: Kommo-o|Kommo-o, L78, M|245/245\n|switch|p2a: Bronzong|Bronzong, L88|261/261\n|turn|1\n|inactive|Battle timer is ON: inactive players will automatically lose when time's up. (requested by Hunrito)\n|\n|t:|1781450213\n|switch|p1a: Gothitelle|Gothitelle, L90, F|272/272\n|move|p2a: Bronzong|Hypnosis|p1a: Gothitelle\n|-status|p1a: Gothitelle|slp|[from] move: Hypnosis\n|\n|upkeep\n|turn|2\n|\n|t:|1781450217\n|cant|p1a: Gothitelle|slp\n|move|p2a: Bronzong|Iron Head|p1a: Gothitelle\n|-damage|p1a: Gothitelle|190/272 slp\n|\n|upkeep\n|turn|3\n|\n|t:|1781450220\n|cant|p1a: Gothitelle|slp\n|move|p2a: Bronzong|Iron Head|p1a: Gothitelle\n|-damage|p1a: Gothitelle|115/272 slp\n|\n|upkeep\n|turn|4\n|\n|t:|1781450223\n|-curestatus|p1a: Gothitelle|slp|[msg]\n|move|p1a: Gothitelle|Trick|p2a: Bronzong\n|-activate|p1a: Gothitelle|move: Trick|[of] p2a: Bronzong\n|-item|p2a: Bronzong|Choice Scarf|[from] move: Trick\n|-item|p1a: Gothitelle|Leftovers|[from] move: Trick\n|move|p2a: Bronzong|Iron Head|p1a: Gothitelle\n|-damage|p1a: Gothitelle|42/272\n|\n|-heal|p1a: Gothitelle|59/272|[from] item: Leftovers\n|upkeep\n|turn|5\n|\n|t:|1781450227\n|switch|p1a: Decidueye|Decidueye-Hisui, L87, M|295/295\n|move|p2a: Bronzong|Iron Head|p1a: Decidueye\n|-damage|p1a: Decidueye|205/295\n|\n|-heal|p1a: Decidueye|223/295|[from] item: Leftovers\n|upkeep\n|turn|6\n|\n|t:|1781450233\n|switch|p2a: Clefable|Clefable, L83, M|293/293\n|move|p1a: Decidueye|Triple Arrows|p2a: Clefable\n|-resisted|p2a: Clefable\n|-damage|p2a: Clefable|230/293\n|-unboost|p2a: Clefable|def|1\n|\n|-heal|p1a: Decidueye|241/295|[from] item: Leftovers\n|-heal|p2a: Clefable|248/293|[from] item: Leftovers\n|upkeep\n|turn|7\n|\n|t:|1781450237\n|move|p1a: Decidueye|Leaf Blade|p2a: Clefable\n|-damage|p2a: Clefable|53/293\n|move|p2a: Clefable|Moonblast|p1a: Decidueye\n|-supereffective|p1a: Decidueye\n|-damage|p1a: Decidueye|71/295\n|\n|-heal|p1a: Decidueye|89/295|[from] item: Leftovers\n|-heal|p2a: Clefable|71/293|[from] item: Leftovers\n|upkeep\n|turn|8\n|\n|t:|1781450247\n|switch|p2a: Ogerpon|Ogerpon-Hearthflame, L74, F|239/239\n|-ability|p2a: Ogerpon|Mold Breaker\n|move|p1a: Decidueye|Triple Arrows|p2a: Ogerpon\n|-damage|p2a: Ogerpon|98/239\n|\n|-heal|p1a: Decidueye|107/295|[from] item: Leftovers\n|upkeep\n|turn|9\n|\n|t:|1781450259\n|switch|p1a: Gothitelle|Gothitelle, L90, F|59/272\n|move|p2a: Ogerpon|Swords Dance|p2a: Ogerpon\n|-boost|p2a: Ogerpon|atk|2\n|\n|-heal|p1a: Gothitelle|76/272|[from] item: Leftovers\n|upkeep\n|turn|10\n|\n|t:|1781450262\n|move|p2a: Ogerpon|Horn Leech|p1a: Gothitelle\n|-damage|p1a: Gothitelle|0 fnt\n|-heal|p2a: Ogerpon|136/239|[from] drain|[of] p1a: Gothitelle\n|faint|p1a: Gothitelle\n|\n|upkeep\n|\n|t:|1781450267\n|switch|p1a: Minior|Minior-Orange, L79|224/224\n|-formechange|p1a: Minior|Minior-Meteor||[from] ability: Shields Down\n|turn|11\n|\n|t:|1781450276\n|move|p2a: Ogerpon|Horn Leech|p1a: Minior\n|-damage|p1a: Minior|49/224\n|-heal|p2a: Ogerpon|224/239|[from] drain|[of] p1a: Minior\n|move|p1a: Minior|Shell Smash|p1a: Minior\n|-unboost|p1a: Minior|def|1\n|-unboost|p1a: Minior|spd|1\n|-boost|p1a: Minior|atk|2\n|-boost|p1a: Minior|spa|2\n|-boost|p1a: Minior|spe|2\n|-enditem|p1a: Minior|White Herb\n|-clearnegativeboost|p1a: Minior|[silent]\n|\n|-formechange|p1a: Minior|Minior-Orange||[from] ability: Shields Down\n|upkeep\n|turn|12\n|\n|t:|1781450280\n|move|p1a: Minior|Power Gem|p2a: Ogerpon\n|-supereffective|p2a: Ogerpon\n|-damage|p2a: Ogerpon|0 fnt\n|faint|p2a: Ogerpon\n|\n|upkeep\n|\n|t:|1781450283\n|switch|p2a: Bronzong|Bronzong, L88|261/261\n|turn|13\n|\n|t:|1781450289\n|move|p1a: Minior|Acrobatics|p2a: Bronzong\n|-resisted|p2a: Bronzong\n|-damage|p2a: Bronzong|180/261\n|move|p2a: Bronzong|Iron Head|p1a: Minior\n|-supereffective|p1a: Minior\n|-damage|p1a: Minior|0 fnt\n|faint|p1a: Minior\n|\n|upkeep\n|\n|t:|1781450291\n|switch|p1a: Decidueye|Decidueye-Hisui, L87, M|107/295\n|turn|14\n|\n|t:|1781450302\n|move|p2a: Bronzong|Iron Head|p1a: Decidueye\n|-damage|p1a: Decidueye|8/295\n|move|p1a: Decidueye|Roost|p1a: Decidueye\n|-heal|p1a: Decidueye|156/295\n|-singleturn|p1a: Decidueye|move: Roost\n|\n|-heal|p1a: Decidueye|174/295|[from] item: Leftovers\n|upkeep\n|turn|15\n|\n|t:|1781450310\n|move|p2a: Bronzong|Iron Head|p1a: Decidueye\n|-damage|p1a: Decidueye|75/295\n|move|p1a: Decidueye|Roost|p1a: Decidueye\n|-heal|p1a: Decidueye|223/295\n|-singleturn|p1a: Decidueye|move: Roost\n|\n|-heal|p1a: Decidueye|241/295|[from] item: Leftovers\n|upkeep\n|turn|16\n|\n|t:|1781450316\n|move|p2a: Bronzong|Iron Head|p1a: Decidueye\n|-damage|p1a: Decidueye|145/295\n|move|p1a: Decidueye|Triple Arrows|p2a: Bronzong\n|-damage|p2a: Bronzong|93/261\n|-unboost|p2a: Bronzong|def|1\n|\n|-heal|p1a: Decidueye|163/295|[from] item: Leftovers\n|upkeep\n|turn|17\n|\n|t:|1781450319\n|move|p2a: Bronzong|Iron Head|p1a: Decidueye\n|-damage|p1a: Decidueye|69/295\n|move|p1a: Decidueye|Triple Arrows|p2a: Bronzong\n|-damage|p2a: Bronzong|0 fnt\n|faint|p2a: Bronzong\n|\n|-heal|p1a: Decidueye|87/295|[from] item: Leftovers\n|upkeep\n|\n|t:|1781450325\n|switch|p2a: Hitmonchan|Hitmonchan, L87, M|229/229\n|turn|18\n|\n|t:|1781450333\n|move|p2a: Hitmonchan|Drain Punch|p1a: Decidueye\n|-damage|p1a: Decidueye|0 fnt\n|faint|p1a: Decidueye\n|-damage|p2a: Hitmonchan|207/229|[from] item: Life Orb\n|\n|upkeep\n|\n|t:|1781450343\n|switch|p1a: Chansey|Chansey, L85, F|564/564\n|turn|19\n|\n|t:|1781450353\n|move|p2a: Hitmonchan|Drain Punch|p1a: Chansey\n|-supereffective|p1a: Chansey\n|-damage|p1a: Chansey|0 fnt\n|-heal|p2a: Hitmonchan|229/229|[from] drain|[of] p1a: Chansey\n|faint|p1a: Chansey\n|-damage|p2a: Hitmonchan|207/229|[from] item: Life Orb\n|\n|upkeep\n|\n|t:|1781450357\n|switch|p1a: Kommo-o|Kommo-o, L78, M|245/245\n|turn|20\n|\n|t:|1781450361\n|move|p2a: Hitmonchan|Ice Punch|p1a: Kommo-o\n|-supereffective|p1a: Kommo-o\n|-damage|p1a: Kommo-o|105/245\n|-damage|p2a: Hitmonchan|185/229|[from] item: Life Orb\n|move|p1a: Kommo-o|Swords Dance|p1a: Kommo-o\n|-boost|p1a: Kommo-o|atk|2\n|\n|upkeep\n|turn|21\n|\n|t:|1781450367\n|-terastallize|p1a: Kommo-o|Steel\n|move|p2a: Hitmonchan|Drain Punch|p1a: Kommo-o\n|-supereffective|p1a: Kommo-o\n|-damage|p1a: Kommo-o|0 fnt\n|-heal|p2a: Hitmonchan|229/229|[from] drain|[of] p1a: Kommo-o\n|faint|p1a: Kommo-o\n|-damage|p2a: Hitmonchan|207/229|[from] item: Life Orb\n|\n|upkeep\n|-message|Hunrito forfeited.\n|\n|win|coolbai\n", "inputlog": ">version a8376a258c1d4662feba110a92103f3664a72141\n>start {\"formatid\":\"gen9randombattle\",\"seed\":\"sodium,62146896fc082196be1d63046fba8339\",\"rated\":\"Rated battle\"}\n>player p1 {\"name\":\"Hunrito\",\"avatar\":\"102\",\"rating\":1984,\"seed\":\"sodium,7fb8d2f031bb0f350552b85df0570c62\"}\n>player p2 {\"name\":\"coolbai\",\"avatar\":\"lucas\",\"rating\":1962,\"seed\":\"sodium,e944e5ac04427e76f217506908de3cbe\"}\n>p1 switch 6\n>p2 move hypnosis\n>p1 move trick\n>p2 move ironhead\n>p1 move trick\n>p2 move ironhead\n>p1 move trick\n>p2 move ironhead\n>p1 switch 2\n>p2 move ironhead\n>p1 move triplearrows\n>p2 switch 5\n>p1 move leafblade\n>p2 move moonblast\n>p1 move triplearrows\n>p2 switch 2\n>p1 switch 2\n>p2 move swordsdance\n>p1 move psychic\n>p2 move hornleech\n>p1 switch 4\n>p1 move shellsmash\n>p2 move hornleech\n>p1 move powergem\n>p2 move hornleech\n>p2 switch 5\n>p1 move acrobatics\n>p2 move ironhead\n>p1 switch 2\n>p1 move roost\n>p2 move ironhead\n>p1 move roost\n>p2 move ironhead\n>p1 move triplearrows\n>p2 move ironhead\n>p1 move triplearrows\n>p2 move ironhead\n>p2 switch 3\n>p1 move roost\n>p2 move drainpunch\n>p1 switch 3\n>p1 move thunderwave\n>p2 move drainpunch\n>p1 switch 6\n>p1 move swordsdance\n>p2 move icepunch\n>p1 move scaleshot terastallize\n>p2 move drainpunch\n>forcelose p1", "uploadtime": 1781450209, "views": 9, "formatid": "gen9randombattle", "rating": null, "private": 0, "password": null, "player_dets": [{"name": "Hunrito", "avatar": "102", "rating": 1984, "seed": "sodium,7fb8d2f031bb0f350552b85df0570c62"}, {"name": "coolbai", "avatar": "lucas", "rating": 1962, "seed": "sodium,e944e5ac04427e76f217506908de3cbe"}], "teams_full": [{"Kommo-o": {"name": "Kommo-o", "species": "Kommo-o", "speciesId": "kommoo", "gender": "M", "shiny": false, "level": 78, "moves": ["swordsdance", "closecombat", "ironhead", "scaleshot"], "ability": "Soundproof", "evs": {"hp": 85, "atk": 85, "def": 85, "spa": 85, "spd": 85, "spe": 85}, "ivs": {"hp": 31, "atk": 31, "def": 31, "spa": 31, "spd": 31, "spe": 31}, "item": "Loaded Dice", "teraType": "Steel", "role": "Setup Sweeper", "bvs": {"hp": 75, "atk": 110, "def": 125, "spa": 100, "spd": 105, "spe": 85}, "stats": {"hp": 245, "atk": 217, "def": 240, "spa": 201, "spd": 209, "spe": 178}, "types": ["Dragon", "Fighting"]}, "Decidueye": {"name": "Decidueye", "species": "Decidueye-Hisui", "speciesId": "decidueyehisui", "gender": "M", "shiny": false, "level": 87, "moves": ["leafblade", "swordsdance", "triplearrows", "roost"], "ability": "Scrappy", "evs": {"hp": 85, "atk": 85, "def": 85, "spa": 85, "spd": 85, "spe": 85}, "ivs": {"hp": 31, "atk": 31, "def": 31, "spa": 31, "spd": 31, "spe": 31}, "item": "Leftovers", "teraType": "Steel", "role": "Bulky Attacker", "bvs": {"hp": 88, "atk": 112, "def": 80, "spa": 95, "spd": 95, "spe": 60}, "stats": {"hp": 295, "atk": 245, "def": 189, "spa": 215, "spd": 215, "spe": 154}, "types": ["Grass", "Fighting"]}, "Chansey": {"name": "Chansey", "species": "Chansey", "speciesId": "chansey", "gender": "F", "shiny": false, "level": 85, "moves": ["thunderwave", "healbell", "seismictoss", "softboiled"], "ability": "Natural Cure", "evs": {"hp": 85, "atk": 0, "def": 85, "spa": 85, "spd": 85, "spe": 85}, "ivs": {"hp": 31, "atk": 0, "def": 31, "spa": 31, "spd": 31, "spe": 31}, "item": "Eviolite", "teraType": "Fairy", "role": "Bulky Support", "bvs": {"hp": 250, "atk": 5, "def": 5, "spa": 35, "spd": 105, "spe": 50}, "stats": {"hp": 564, "atk": 13, "def": 57, "spa": 108, "spd": 227, "spe": 134}, "types": ["Normal"]}, "Minior": {"name": "Minior", "species": "Minior-Orange", "speciesId": "minior", "gender": "N", "shiny": false, "level": 79, "moves": ["acrobatics", "powergem", "shellsmash", "earthquake"], "ability": "Shields Down", "evs": {"hp": 85, "atk": 85, "def": 85, "spa": 85, "spd": 85, "spe": 85}, "ivs": {"hp": 31, "atk": 31, "def": 31, "spa": 31, "spd": 31, "spe": 31}, "item": "White Herb", "teraType": "Steel", "role": "Setup Sweeper", "bvs": {"hp": 60, "atk": 100, "def": 60, "spa": 100, "spd": 60, "spe": 120}, "stats": {"hp": 224, "atk": 204, "def": 140, "spa": 204, "spd": 140, "spe": 235}, "types": ["Rock", "Flying"]}, "Abomasnow": {"name": "Abomasnow", "species": "Abomasnow", "speciesId": "abomasnow", "gender": "M", "shiny": false, "level": 84, "moves": ["woodhammer", "auroraveil", "iceshard", "blizzard"], "ability": "Snow Warning", "evs": {"hp": 77, "atk": 85, "def": 85, "spa": 85, "spd": 85, "spe": 85}, "ivs": {"hp": 31, "atk": 31, "def": 31, "spa": 31, "spd": 31, "spe": 31}, "item": "Light Clay", "teraType": "Ghost", "role": "Bulky Support", "bvs": {"hp": 90, "atk": 92, "def": 75, "spa": 92, "spd": 85, "spe": 60}, "stats": {"hp": 287, "atk": 203, "def": 174, "spa": 203, "spd": 191, "spe": 149}, "types": ["Grass", "Ice"]}, "Gothitelle": {"name": "Gothitelle", "species": "Gothitelle", "speciesId": "gothitelle", "gender": "F", "shiny": false, "level": 90, "moves": ["focusblast", "trick", "psychic", "darkpulse"], "ability": "Shadow Tag", "evs": {"hp": 85, "atk": 0, "def": 85, "spa": 85, "spd": 85, "spe": 85}, "ivs": {"hp": 31, "atk": 0, "def": 31, "spa": 31, "spd": 31, "spe": 31}, "item": "Choice Scarf", "teraType": "Dark", "role": "Fast Attacker", "bvs": {"hp": 70, "atk": 55, "def": 95, "spa": 95, "spd": 110, "spe": 65}, "stats": {"hp": 272, "atk": 104, "def": 222, "spa": 222, "spd": 249, "spe": 168}, "types": ["Psychic"]}}, {"Bronzong": {"name": "Bronzong", "species": "Bronzong", "speciesId": "bronzong", "gender": "N", "shiny": false, "level": 88, "moves": ["ironhead", "stealthrock", "hypnosis", "psychic"], "ability": "Levitate", "evs": {"hp": 85, "atk": 85, "def": 85, "spa": 85, "spd": 85, "spe": 85}, "ivs": {"hp": 31, "atk": 31, "def": 31, "spa": 31, "spd": 31, "spe": 31}, "item": "Leftovers", "teraType": "Water", "role": "Bulky Support", "bvs": {"hp": 67, "atk": 89, "def": 116, "spa": 79, "spd": 116, "spe": 33}, "stats": {"hp": 261, "atk": 207, "def": 254, "spa": 189, "spd": 254, "spe": 108}, "types": ["Steel", "Psychic"]}, "Ogerpon": {"name": "Ogerpon", "species": "Ogerpon-Hearthflame", "speciesId": "ogerponhearthflame", "gender": "F", "shiny": false, "level": 74, "moves": ["hornleech", "swordsdance", "stompingtantrum", "ivycudgel"], "ability": "Mold Breaker", "evs": {"hp": 77, "atk": 85, "def": 85, "spa": 85, "spd": 85, "spe": 85}, "ivs": {"hp": 31, "atk": 31, "def": 31, "spa": 31, "spd": 31, "spe": 31}, "item": "Hearthflame Mask", "teraType": "Fire", "role": "Setup Sweeper", "bvs": {"hp": 80, "atk": 120, "def": 84, "spa": 60, "spd": 96, "spe": 110}, "stats": {"hp": 239, "atk": 221, "def": 167, "spa": 132, "spd": 185, "spe": 206}, "types": ["Grass", "Fire"]}, "Hitmonchan": {"name": "Hitmonchan", "species": "Hitmonchan", "speciesId": "hitmonchan", "gender": "M", "shiny": false, "level": 87, "moves": ["knockoff", "drainpunch", "swordsdance", "icepunch"], "ability": "Iron Fist", "evs": {"hp": 85, "atk": 85, "def": 85, "spa": 85, "spd": 85, "spe": 85}, "ivs": {"hp": 31, "atk": 31, "def": 31, "spa": 31, "spd": 31, "spe": 31}, "item": "Life Orb", "teraType": "Dark", "role": "Setup Sweeper", "bvs": {"hp": 50, "atk": 105, "def": 79, "spa": 35, "spd": 110, "spe": 76}, "stats": {"hp": 229, "atk": 232, "def": 187, "spa": 111, "spd": 241, "spe": 182}, "types": ["Fighting"]}, "Blissey": {"name": "Blissey", "species": "Blissey", "speciesId": "blissey", "gender": "F", "shiny": false, "level": 85, "moves": ["seismictoss", "thunderwave", "softboiled", "healbell"], "ability": "Natural Cure", "evs": {"hp": 85, "atk": 0, "def": 85, "spa": 85, "spd": 85, "spe": 85}, "ivs": {"hp": 31, "atk": 0, "def": 31, "spa": 31, "spd": 31, "spe": 31}, "item": "Leftovers", "teraType": "Ghost", "role": "Bulky Support", "bvs": {"hp": 255, "atk": 10, "def": 10, "spa": 75, "spd": 135, "spe": 55}, "stats": {"hp": 572, "atk": 22, "def": 66, "spa": 176, "spd": 278, "spe": 142}, "types": ["Normal"]}, "Clefable": {"name": "Clefable", "species": "Clefable", "speciesId": "clefable", "gender": "M", "shiny": false, "level": 83, "moves": ["moonblast", "calmmind", "fireblast", "moonlight"], "ability": "Unaware", "evs": {"hp": 85, "atk": 0, "def": 85, "spa": 85, "spd": 85, "spe": 85}, "ivs": {"hp": 31, "atk": 0, "def": 31, "spa": 31, "spd": 31, "spe": 31}, "item": "Leftovers", "teraType": "Steel", "role": "Bulky Setup", "bvs": {"hp": 95, "atk": 70, "def": 73, "spa": 95, "spd": 90, "spe": 60}, "stats": {"hp": 293, "atk": 121, "def": 169, "spa": 205, "spd": 197, "spe": 147}, "types": ["Fairy"]}, "Arceus": {"name": "Arceus", "species": "Arceus-Rock", "speciesId": "arceusrock", "gender": "N", "shiny": false, "level": 74, "moves": ["recover", "swordsdance", "stoneedge", "earthquake"], "ability": "Multitype", "evs": {"hp": 85, "atk": 85, "def": 85, "spa": 85, "spd": 85, "spe": 85}, "ivs": {"hp": 31, "atk": 31, "def": 31, "spa": 31, "spd": 31, "spe": 31}, "item": "Stone Plate", "teraType": "Ground", "role": "Setup Sweeper", "bvs": {"hp": 120, "atk": 120, "def": 120, "spa": 120, "spd": 120, "spe": 120}, "stats": {"hp": 300, "atk": 221, "def": 221, "spa": 221, "spd": 221, "spe": 221}, "types": ["Rock"]}}]}