{"id": "gen9randombattle-2631957247", "format": "[Gen 9] Random Battle", "players": ["magicaldc", "isnothingeasy"], "log": "|j|\u2606magicaldc\n|j|\u2606isnothingeasy\n|t:|1781459813\n|gametype|singles\n|player|p1|magicaldc|102|1980\n|player|p2|isnothingeasy|lady|1956\n|gen|9\n|tier|[Gen 9] Random Battle\n|rated|\n|rule|Species Clause: Limit one of each Pok\u00e9mon\n|rule|HP Percentage Mod: HP is shown in percentages\n|rule|Sleep Clause Mod: Limit one foe put to sleep\n|rule|Illusion Level Mod: Illusion disguises the Pok\u00e9mon's true level\n|\n|t:|1781459813\n|teamsize|p1|6\n|teamsize|p2|6\n|start\n|switch|p1a: Keldeo|Keldeo-Resolute, L79|273/273\n|switch|p2a: Rillaboom|Rillaboom, L79, M|288/288\n|-fieldstart|move: Grassy Terrain|[from] ability: Grassy Surge|[of] p2a: Rillaboom\n|turn|1\n|\n|t:|1781459831\n|move|p1a: Keldeo|Flip Turn|p2a: Rillaboom\n|-resisted|p2a: Rillaboom\n|-damage|p2a: Rillaboom|264/288\n|\n|t:|1781459833\n|switch|p1a: Ariados|Ariados, L95, F|287/287|[from] Flip Turn\n|move|p2a: Rillaboom|Wood Hammer|p1a: Ariados\n|-resisted|p1a: Ariados\n|-damage|p1a: Ariados|217/287\n|-damage|p2a: Rillaboom|241/288|[from] Recoil\n|\n|-heal|p2a: Rillaboom|259/288|[from] Grassy Terrain\n|-heal|p1a: Ariados|234/287|[from] Grassy Terrain\n|upkeep\n|turn|2\n|\n|t:|1781459838\n|switch|p2a: Tinkaton|Tinkaton, L82, F|274/274\n|-ability|p2a: Tinkaton|Mold Breaker\n|move|p1a: Ariados|Sticky Web|p2a: Tinkaton\n|-sidestart|p2: isnothingeasy|move: Sticky Web\n|\n|-heal|p1a: Ariados|251/287|[from] Grassy Terrain\n|upkeep\n|turn|3\n|\n|t:|1781459843\n|switch|p1a: Dialga|Dialga-Origin, L73|266/266\n|-ability|p1a: Dialga|Pressure\n|move|p2a: Tinkaton|Swords Dance|p2a: Tinkaton\n|-boost|p2a: Tinkaton|atk|2\n|\n|upkeep\n|turn|4\n|\n|t:|1781459848\n|move|p2a: Tinkaton|Play Rough|p1a: Dialga\n|-damage|p1a: Dialga|142/266\n|move|p1a: Dialga|Thunder Wave|p2a: Tinkaton\n|-status|p2a: Tinkaton|par\n|\n|-heal|p1a: Dialga|158/266|[from] Grassy Terrain\n|upkeep\n|turn|5\n|\n|t:|1781459855\n|move|p1a: Dialga|Heavy Slam|p2a: Tinkaton\n|-damage|p2a: Tinkaton|142/274 par\n|move|p2a: Tinkaton|Play Rough|p1a: Dialga\n|-crit|p1a: Dialga\n|-damage|p1a: Dialga|0 fnt\n|faint|p1a: Dialga\n|\n|-heal|p2a: Tinkaton|159/274 par|[from] Grassy Terrain\n|-heal|p2a: Tinkaton|176/274 par|[from] item: Leftovers\n|-fieldend|move: Grassy Terrain\n|upkeep\n|\n|t:|1781459860\n|switch|p1a: Entei|Entei, L78|307/307\n|turn|6\n|\n|t:|1781459871\n|move|p1a: Entei|Sacred Fire|p2a: Tinkaton\n|-supereffective|p2a: Tinkaton\n|-damage|p2a: Tinkaton|0 fnt\n|faint|p2a: Tinkaton\n|\n|upkeep\n|\n|t:|1781459875\n|switch|p2a: Toxapex|Toxapex, L82, F|216/216\n|-activate|p2a: Toxapex|move: Sticky Web\n|-unboost|p2a: Toxapex|spe|1\n|turn|7\n|\n|t:|1781459883\n|switch|p1a: Ariados|Ariados, L95, F|251/287\n|move|p2a: Toxapex|Liquidation|p1a: Ariados\n|-damage|p1a: Ariados|182/287\n|\n|upkeep\n|turn|8\n|\n|t:|1781459909\n|move|p1a: Ariados|Knock Off|p2a: Toxapex\n|-damage|p2a: Toxapex|162/216\n|-damage|p1a: Ariados|135/287|[from] item: Rocky Helmet|[of] p2a: Toxapex\n|-enditem|p2a: Toxapex|Rocky Helmet|[from] move: Knock Off|[of] p1a: Ariados\n|move|p2a: Toxapex|Liquidation|p1a: Ariados\n|-crit|p1a: Ariados\n|-damage|p1a: Ariados|41/287\n|\n|upkeep\n|turn|9\n|\n|t:|1781459922\n|move|p1a: Ariados|Poison Jab|p2a: Toxapex\n|-resisted|p2a: Toxapex\n|-crit|p2a: Toxapex\n|-damage|p2a: Toxapex|109/216\n|move|p2a: Toxapex|Liquidation|p1a: Ariados\n|-damage|p1a: Ariados|0 fnt\n|faint|p1a: Ariados\n|\n|upkeep\n|\n|t:|1781459935\n|switch|p1a: Luxray|Luxray, L88, M|284/284\n|-ability|p1a: Luxray|Intimidate|boost\n|-unboost|p2a: Toxapex|atk|1\n|turn|10\n|\n|t:|1781459939\n|switch|p2a: Rillaboom|Rillaboom, L79, M|259/288\n|-activate|p2a: Rillaboom|move: Sticky Web\n|-unboost|p2a: Rillaboom|spe|1\n|-fieldstart|move: Grassy Terrain|[from] ability: Grassy Surge|[of] p2a: Rillaboom\n|move|p1a: Luxray|Volt Switch|p2a: Rillaboom\n|-resisted|p2a: Rillaboom\n|-damage|p2a: Rillaboom|211/288\n|\n|t:|1781459948\n|switch|p1a: Entei|Entei, L78|307/307|[from] Volt Switch\n|\n|-heal|p2a: Rillaboom|229/288|[from] Grassy Terrain\n|upkeep\n|turn|11\n|\n|t:|1781459951\n|switch|p2a: Toxapex|Toxapex, L82, F|181/216\n|-activate|p2a: Toxapex|move: Sticky Web\n|-unboost|p2a: Toxapex|spe|1\n|move|p1a: Entei|Sacred Fire|p2a: Toxapex\n|-resisted|p2a: Toxapex\n|-damage|p2a: Toxapex|127/216\n|\n|-heal|p2a: Toxapex|140/216|[from] Grassy Terrain\n|upkeep\n|turn|12\n|\n|t:|1781459968\n|move|p1a: Entei|Sacred Fire|p2a: Toxapex\n|-resisted|p2a: Toxapex\n|-damage|p2a: Toxapex|91/216\n|move|p2a: Toxapex|Toxic|p1a: Entei\n|-status|p1a: Entei|tox\n|\n|-heal|p2a: Toxapex|104/216|[from] Grassy Terrain\n|-damage|p1a: Entei|288/307 tox|[from] psn\n|upkeep\n|turn|13\n|\n|t:|1781459973\n|switch|p1a: Luxray|Luxray, L88, M|284/284\n|-ability|p1a: Luxray|Intimidate|boost\n|-unboost|p2a: Toxapex|atk|1\n|move|p2a: Toxapex|Recover|p2a: Toxapex\n|-heal|p2a: Toxapex|212/216\n|\n|-heal|p2a: Toxapex|216/216|[from] Grassy Terrain\n|upkeep\n|turn|14\n|\n|t:|1781459979\n|move|p1a: Luxray|Wild Charge|p2a: Toxapex\n|-supereffective|p2a: Toxapex\n|-damage|p2a: Toxapex|58/216\n|-damage|p1a: Luxray|244/284|[from] Recoil\n|move|p2a: Toxapex|Toxic|p1a: Luxray\n|-status|p1a: Luxray|tox\n|\n|-heal|p1a: Luxray|261/284 tox|[from] Grassy Terrain\n|-heal|p2a: Toxapex|71/216|[from] Grassy Terrain\n|-damage|p1a: Luxray|244/284 tox|[from] psn\n|-fieldend|move: Grassy Terrain\n|upkeep\n|turn|15\n|\n|t:|1781459983\n|switch|p2a: Rillaboom|Rillaboom, L79, M|229/288\n|-activate|p2a: Rillaboom|move: Sticky Web\n|-unboost|p2a: Rillaboom|spe|1\n|-fieldstart|move: Grassy Terrain|[from] ability: Grassy Surge|[of] p2a: Rillaboom\n|move|p1a: Luxray|Volt Switch|p2a: Rillaboom\n|-resisted|p2a: Rillaboom\n|-damage|p2a: Rillaboom|174/288\n|\n|t:|1781459994\n|switch|p1a: Entei|Entei, L78|288/307 tox|[from] Volt Switch\n|\n|-heal|p1a: Entei|307/307 tox|[from] Grassy Terrain\n|-heal|p2a: Rillaboom|192/288|[from] Grassy Terrain\n|-damage|p1a: Entei|288/307 tox|[from] psn\n|upkeep\n|turn|16\n|\n|t:|1781460014\n|switch|p2a: Toxapex|Toxapex, L82, F|143/216\n|-activate|p2a: Toxapex|move: Sticky Web\n|-unboost|p2a: Toxapex|spe|1\n|move|p1a: Entei|Stomping Tantrum|p2a: Toxapex\n|-supereffective|p2a: Toxapex\n|-crit|p2a: Toxapex\n|-damage|p2a: Toxapex|0 fnt\n|faint|p2a: Toxapex\n|\n|-heal|p1a: Entei|307/307 tox|[from] Grassy Terrain\n|-damage|p1a: Entei|269/307 tox|[from] psn\n|upkeep\n|\n|t:|1781460019\n|switch|p2a: Rillaboom|Rillaboom, L79, M|192/288\n|-activate|p2a: Rillaboom|move: Sticky Web\n|-unboost|p2a: Rillaboom|spe|1\n|turn|17\n|\n|t:|1781460025\n|switch|p1a: Luxray|Luxray, L88, M|244/284 tox\n|-ability|p1a: Luxray|Intimidate|boost\n|-unboost|p2a: Rillaboom|atk|1\n|move|p2a: Rillaboom|High Horsepower|p1a: Luxray\n|-supereffective|p1a: Luxray\n|-damage|p1a: Luxray|88/284 tox\n|\n|-heal|p1a: Luxray|105/284 tox|[from] Grassy Terrain\n|-heal|p2a: Rillaboom|210/288|[from] Grassy Terrain\n|-damage|p1a: Luxray|88/284 tox|[from] psn\n|upkeep\n|turn|18\n|\n|t:|1781460034\n|move|p1a: Luxray|Wild Charge|p2a: Rillaboom\n|-resisted|p2a: Rillaboom\n|-damage|p2a: Rillaboom|141/288\n|-damage|p1a: Luxray|71/284 tox|[from] Recoil\n|move|p2a: Rillaboom|High Horsepower|p1a: Luxray\n|-supereffective|p1a: Luxray\n|-crit|p1a: Luxray\n|-damage|p1a: Luxray|0 fnt\n|faint|p1a: Luxray\n|\n|-heal|p2a: Rillaboom|159/288|[from] Grassy Terrain\n|upkeep\n|\n|t:|1781460037\n|switch|p1a: Entei|Entei, L78|269/307 tox\n|turn|19\n|\n|t:|1781460043\n|switch|p2a: Flareon|Flareon, L90, F|263/263\n|-activate|p2a: Flareon|move: Sticky Web\n|-unboost|p2a: Flareon|spe|1\n|move|p1a: Entei|Sacred Fire|p2a: Flareon|[miss]\n|-miss|p1a: Entei|p2a: Flareon\n|\n|-heal|p1a: Entei|288/307 tox|[from] Grassy Terrain\n|-damage|p1a: Entei|269/307 tox|[from] psn\n|-fieldend|move: Grassy Terrain\n|-status|p2a: Flareon|tox|[from] item: Toxic Orb\n|upkeep\n|turn|20\n|\n|t:|1781460051\n|move|p1a: Entei|Sacred Fire|p2a: Flareon\n|-resisted|p2a: Flareon\n|-damage|p2a: Flareon|167/263 tox\n|move|p2a: Flareon|Facade|p1a: Entei\n|-damage|p1a: Entei|23/307 tox\n|\n|-damage|p1a: Entei|0 fnt|[from] psn\n|faint|p1a: Entei\n|-damage|p2a: Flareon|151/263 tox|[from] psn\n|upkeep\n|\n|t:|1781460055\n|switch|p1a: Keldeo|Keldeo-Resolute, L79|273/273\n|turn|21\n|\n|t:|1781460061\n|move|p1a: Keldeo|Secret Sword|p2a: Flareon\n|-damage|p2a: Flareon|0 fnt\n|faint|p2a: Flareon\n|\n|upkeep\n|\n|t:|1781460064\n|switch|p2a: Rillaboom|Rillaboom, L79, M|159/288\n|-activate|p2a: Rillaboom|move: Sticky Web\n|-unboost|p2a: Rillaboom|spe|1\n|-fieldstart|move: Grassy Terrain|[from] ability: Grassy Surge|[of] p2a: Rillaboom\n|turn|22\n|\n|t:|1781460076\n|move|p2a: Rillaboom|Grassy Glide|p1a: Keldeo\n|-supereffective|p1a: Keldeo\n|-damage|p1a: Keldeo|1/273\n|move|p1a: Keldeo|Secret Sword|p2a: Rillaboom\n|-damage|p2a: Rillaboom|12/288\n|\n|-heal|p1a: Keldeo|18/273|[from] Grassy Terrain\n|-heal|p2a: Rillaboom|30/288|[from] Grassy Terrain\n|upkeep\n|turn|23\n|\n|t:|1781460083\n|move|p2a: Rillaboom|Grassy Glide|p1a: Keldeo\n|-supereffective|p1a: Keldeo\n|-damage|p1a: Keldeo|0 fnt\n|faint|p1a: Keldeo\n|\n|-heal|p2a: Rillaboom|48/288|[from] Grassy Terrain\n|upkeep\n|\n|t:|1781460085\n|switch|p1a: Urshifu|Urshifu, L74, M|270/270\n|turn|24\n|\n|t:|1781460089\n|-terastallize|p1a: Urshifu|Poison\n|move|p2a: Rillaboom|Grassy Glide|p1a: Urshifu\n|-resisted|p1a: Urshifu\n|-damage|p1a: Urshifu|210/270\n|move|p1a: Urshifu|Swords Dance|p1a: Urshifu\n|-boost|p1a: Urshifu|atk|2\n|\n|-heal|p1a: Urshifu|226/270|[from] Grassy Terrain\n|-heal|p2a: Rillaboom|66/288|[from] Grassy Terrain\n|upkeep\n|turn|25\n|\n|t:|1781460096\n|switch|p2a: Zangoose|Zangoose, L85, M|263/263\n|-activate|p2a: Zangoose|move: Sticky Web\n|-unboost|p2a: Zangoose|spe|1\n|move|p1a: Urshifu|Swords Dance|p1a: Urshifu\n|-boost|p1a: Urshifu|atk|2\n|\n|-heal|p1a: Urshifu|242/270|[from] Grassy Terrain\n|-status|p2a: Zangoose|tox|[from] item: Toxic Orb\n|upkeep\n|turn|26\n|\n|t:|1781460101\n|move|p1a: Urshifu|Wicked Blow|p2a: Zangoose\n|-crit|p2a: Zangoose\n|-damage|p2a: Zangoose|0 fnt\n|faint|p2a: Zangoose\n|-damage|p1a: Urshifu|215/270|[from] item: Life Orb\n|\n|-heal|p1a: Urshifu|231/270|[from] Grassy Terrain\n|-fieldend|move: Grassy Terrain\n|upkeep\n|\n|t:|1781460104\n|switch|p2a: Dudunsparce|Dudunsparce, L83, M|343/343\n|-activate|p2a: Dudunsparce|move: Sticky Web\n|-unboost|p2a: Dudunsparce|spe|1\n|turn|27\n|\n|t:|1781460112\n|-terastallize|p2a: Dudunsparce|Ground\n|move|p1a: Urshifu|Wicked Blow|p2a: Dudunsparce\n|-crit|p2a: Dudunsparce\n|-damage|p2a: Dudunsparce|0 fnt\n|faint|p2a: Dudunsparce\n|-damage|p1a: Urshifu|204/270|[from] item: Life Orb\n|\n|upkeep\n|-message|isnothingeasy forfeited.\n|\n|win|magicaldc\n", "inputlog": ">version a8376a258c1d4662feba110a92103f3664a72141\n>start {\"formatid\":\"gen9randombattle\",\"seed\":\"sodium,79ce5c66f7529eaef317703e9a70da15\",\"rated\":\"Rated battle\"}\n>player p1 {\"name\":\"magicaldc\",\"avatar\":\"102\",\"rating\":1980,\"seed\":\"sodium,531907d0d2424100ea8b6f27a96745c9\"}\n>player p2 {\"name\":\"isnothingeasy\",\"avatar\":\"lady\",\"rating\":1956,\"seed\":\"sodium,29506d02ae0a8f0947f77d5751bb2e53\"}\n>p1 move flipturn\n>p2 move woodhammer\n>p1 switch 3\n>p1 move stickyweb\n>p2 switch 4\n>p1 switch 6\n>p2 move swordsdance\n>p1 move thunderwave\n>p2 move playrough\n>p1 move heavyslam\n>p2 move playrough\n>p1 switch 2\n>p1 move sacredfire\n>p2 move gigatonhammer\n>p2 switch 2\n>p1 switch 6\n>p2 move liquidation\n>p1 move knockoff\n>p2 move liquidation\n>p1 move poisonjab\n>p2 move liquidation\n>p1 switch 4\n>p1 move voltswitch\n>p2 switch 4\n>p1 switch 6\n>p1 move sacredfire\n>p2 switch 4\n>p1 move sacredfire\n>p2 move toxic\n>p1 switch 6\n>p2 move recover\n>p1 move wildcharge\n>p2 move toxic\n>p1 move voltswitch\n>p2 switch 4\n>p1 switch 6\n>p1 move stompingtantrum\n>p2 switch 4\n>p2 switch 4\n>p1 switch 6\n>p2 move highhorsepower\n>p1 move wildcharge\n>p2 move highhorsepower\n>p1 switch 6\n>p1 move sacredfire\n>p2 switch 6\n>p1 move sacredfire\n>p2 move facade\n>p1 switch 3\n>p1 move secretsword\n>p2 move trailblaze\n>p2 switch 6\n>p1 move secretsword\n>p2 move grassyglide\n>p1 move secretsword\n>p2 move grassyglide\n>p1 switch 5\n>p1 move swordsdance terastallize\n>p2 move grassyglide\n>p1 move swordsdance\n>p2 switch 5\n>p1 move wickedblow\n>p2 move facade\n>p2 switch 3\n>p1 move wickedblow\n>p2 move earthquake terastallize\n>forcelose p2", "uploadtime": 1781459815, "views": 8, "formatid": "gen9randombattle", "rating": null, "private": 0, "password": null, "player_dets": [{"name": "magicaldc", "avatar": "102", "rating": 1980, "seed": "sodium,531907d0d2424100ea8b6f27a96745c9"}, {"name": "isnothingeasy", "avatar": "lady", "rating": 1956, "seed": "sodium,29506d02ae0a8f0947f77d5751bb2e53"}], "teams_full": [{"Keldeo": {"name": "Keldeo", "species": "Keldeo-Resolute", "speciesId": "keldeoresolute", "gender": "N", "shiny": false, "level": 79, "moves": ["secretsword", "hydropump", "airslash", "flipturn"], "ability": "Justified", "evs": {"hp": 85, "atk": 85, "def": 85, "spa": 85, "spd": 85, "spe": 85}, "ivs": {"hp": 31, "atk": 31, "def": 31, "spa": 31, "spd": 31, "spe": 31}, "item": "Choice Specs", "teraType": "Fighting", "role": "Fast Attacker", "bvs": {"hp": 91, "atk": 72, "def": 90, "spa": 129, "spd": 90, "spe": 108}, "stats": {"hp": 273, "atk": 159, "def": 188, "spa": 249, "spd": 188, "spe": 216}, "types": ["Water", "Fighting"]}, "Entei": {"name": "Entei", "species": "Entei", "speciesId": "entei", "gender": "N", "shiny": false, "level": 78, "moves": ["extremespeed", "sacredfire", "flareblitz", "stompingtantrum"], "ability": "Inner Focus", "evs": {"hp": 85, "atk": 85, "def": 85, "spa": 85, "spd": 85, "spe": 85}, "ivs": {"hp": 31, "atk": 31, "def": 31, "spa": 31, "spd": 31, "spe": 31}, "item": "Choice Band", "teraType": "Fire", "role": "Wallbreaker", "bvs": {"hp": 115, "atk": 115, "def": 85, "spa": 90, "spd": 75, "spe": 100}, "stats": {"hp": 307, "atk": 224, "def": 178, "spa": 185, "spd": 162, "spe": 201}, "types": ["Fire"]}, "Ariados": {"name": "Ariados", "species": "Ariados", "speciesId": "ariados", "gender": "F", "shiny": false, "level": 95, "moves": ["stickyweb", "poisonjab", "knockoff", "megahorn"], "ability": "Swarm", "evs": {"hp": 85, "atk": 85, "def": 85, "spa": 85, "spd": 85, "spe": 85}, "ivs": {"hp": 31, "atk": 31, "def": 31, "spa": 31, "spd": 31, "spe": 31}, "item": "Heavy-Duty Boots", "teraType": "Ghost", "role": "Fast Support", "bvs": {"hp": 70, "atk": 90, "def": 70, "spa": 60, "spd": 70, "spe": 40}, "stats": {"hp": 287, "atk": 225, "def": 187, "spa": 168, "spd": 187, "spe": 130}, "types": ["Bug", "Poison"]}, "Luxray": {"name": "Luxray", "species": "Luxray", "speciesId": "luxray", "gender": "M", "shiny": false, "level": 88, "moves": ["wildcharge", "playrough", "throatchop", "voltswitch"], "ability": "Intimidate", "evs": {"hp": 85, "atk": 85, "def": 85, "spa": 85, "spd": 85, "spe": 85}, "ivs": {"hp": 31, "atk": 31, "def": 31, "spa": 31, "spd": 31, "spe": 31}, "item": "Assault Vest", "teraType": "Electric", "role": "AV Pivot", "bvs": {"hp": 80, "atk": 120, "def": 79, "spa": 95, "spd": 79, "spe": 70}, "stats": {"hp": 284, "atk": 261, "def": 189, "spa": 217, "spd": 189, "spe": 173}, "types": ["Electric"]}, "Urshifu": {"name": "Urshifu", "species": "Urshifu", "speciesId": "urshifu", "gender": "M", "shiny": false, "level": 74, "moves": ["swordsdance", "closecombat", "wickedblow", "poisonjab"], "ability": "Unseen Fist", "evs": {"hp": 85, "atk": 85, "def": 85, "spa": 85, "spd": 85, "spe": 85}, "ivs": {"hp": 31, "atk": 31, "def": 31, "spa": 31, "spd": 31, "spe": 31}, "item": "Life Orb", "teraType": "Poison", "role": "Fast Attacker", "bvs": {"hp": 100, "atk": 130, "def": 100, "spa": 63, "spd": 60, "spe": 97}, "stats": {"hp": 270, "atk": 235, "def": 191, "spa": 136, "spd": 132, "spe": 187}, "types": ["Fighting", "Dark"]}, "Dialga": {"name": "Dialga", "species": "Dialga-Origin", "speciesId": "dialgaorigin", "gender": "N", "shiny": false, "level": 73, "moves": ["stealthrock", "heavyslam", "dracometeor", "thunderwave"], "ability": "Pressure", "evs": {"hp": 85, "atk": 85, "def": 85, "spa": 85, "spd": 85, "spe": 85}, "ivs": {"hp": 31, "atk": 31, "def": 31, "spa": 31, "spd": 31, "spe": 31}, "item": "Adamant Crystal", "teraType": "Flying", "role": "Fast Attacker", "bvs": {"hp": 100, "atk": 100, "def": 120, "spa": 150, "spd": 120, "spe": 90}, "stats": {"hp": 266, "atk": 188, "def": 218, "spa": 261, "spd": 218, "spe": 174}, "types": ["Steel", "Dragon"]}}, {"Rillaboom": {"name": "Rillaboom", "species": "Rillaboom", "speciesId": "rillaboom", "gender": "M", "shiny": false, "level": 79, "moves": ["uturn", "highhorsepower", "woodhammer", "grassyglide"], "ability": "Grassy Surge", "evs": {"hp": 85, "atk": 85, "def": 85, "spa": 85, "spd": 85, "spe": 85}, "ivs": {"hp": 31, "atk": 31, "def": 31, "spa": 31, "spd": 31, "spe": 31}, "item": "Choice Band", "teraType": "Grass", "role": "Fast Attacker", "bvs": {"hp": 100, "atk": 125, "def": 90, "spa": 60, "spd": 70, "spe": 85}, "stats": {"hp": 288, "atk": 243, "def": 188, "spa": 140, "spd": 156, "spe": 180}, "types": ["Grass"]}, "Toxapex": {"name": "Toxapex", "species": "Toxapex", "speciesId": "toxapex", "gender": "F", "shiny": false, "level": 82, "moves": ["toxic", "liquidation", "haze", "recover"], "ability": "Regenerator", "evs": {"hp": 85, "atk": 85, "def": 85, "spa": 85, "spd": 85, "spe": 85}, "ivs": {"hp": 31, "atk": 31, "def": 31, "spa": 31, "spd": 31, "spe": 31}, "item": "Rocky Helmet", "teraType": "Steel", "role": "Bulky Support", "bvs": {"hp": 50, "atk": 63, "def": 152, "spa": 53, "spd": 142, "spe": 35}, "stats": {"hp": 216, "atk": 150, "def": 296, "spa": 134, "spd": 280, "spe": 105}, "types": ["Poison", "Water"]}, "Dudunsparce": {"name": "Dudunsparce", "species": "Dudunsparce", "speciesId": "dudunsparce", "gender": "M", "shiny": false, "level": 83, "moves": ["earthquake", "boomburst", "toxic", "roost"], "ability": "Rattled", "evs": {"hp": 85, "atk": 85, "def": 85, "spa": 85, "spd": 85, "spe": 85}, "ivs": {"hp": 31, "atk": 31, "def": 31, "spa": 31, "spd": 31, "spe": 31}, "item": "Leftovers", "teraType": "Ground", "role": "Bulky Attacker", "bvs": {"hp": 125, "atk": 100, "def": 80, "spa": 85, "spd": 75, "spe": 55}, "stats": {"hp": 343, "atk": 214, "def": 180, "spa": 189, "spd": 172, "spe": 139}, "types": ["Normal"]}, "Tinkaton": {"name": "Tinkaton", "species": "Tinkaton", "speciesId": "tinkaton", "gender": "F", "shiny": false, "level": 82, "moves": ["gigatonhammer", "protect", "playrough", "swordsdance"], "ability": "Mold Breaker", "evs": {"hp": 85, "atk": 85, "def": 85, "spa": 85, "spd": 85, "spe": 85}, "ivs": {"hp": 31, "atk": 31, "def": 31, "spa": 31, "spd": 31, "spe": 31}, "item": "Leftovers", "teraType": "Steel", "role": "Bulky Setup", "bvs": {"hp": 85, "atk": 75, "def": 77, "spa": 70, "spd": 105, "spe": 94}, "stats": {"hp": 274, "atk": 170, "def": 173, "spa": 162, "spd": 219, "spe": 201}, "types": ["Fairy", "Steel"]}, "Zangoose": {"name": "Zangoose", "species": "Zangoose", "speciesId": "zangoose", "gender": "M", "shiny": false, "level": 85, "moves": ["closecombat", "facade", "knockoff", "swordsdance"], "ability": "Toxic Boost", "evs": {"hp": 85, "atk": 85, "def": 85, "spa": 85, "spd": 85, "spe": 85}, "ivs": {"hp": 31, "atk": 31, "def": 31, "spa": 31, "spd": 31, "spe": 31}, "item": "Toxic Orb", "teraType": "Normal", "role": "Fast Attacker", "bvs": {"hp": 73, "atk": 115, "def": 60, "spa": 60, "spd": 60, "spe": 90}, "stats": {"hp": 263, "atk": 244, "def": 151, "spa": 151, "spd": 151, "spe": 202}, "types": ["Normal"]}, "Flareon": {"name": "Flareon", "species": "Flareon", "speciesId": "flareon", "gender": "F", "shiny": false, "level": 90, "moves": ["facade", "willowisp", "trailblaze", "flareblitz"], "ability": "Guts", "evs": {"hp": 85, "atk": 85, "def": 85, "spa": 85, "spd": 85, "spe": 85}, "ivs": {"hp": 31, "atk": 31, "def": 31, "spa": 31, "spd": 31, "spe": 31}, "item": "Toxic Orb", "teraType": "Normal", "role": "Setup Sweeper", "bvs": {"hp": 65, "atk": 130, "def": 60, "spa": 95, "spd": 110, "spe": 65}, "stats": {"hp": 263, "atk": 285, "def": 159, "spa": 222, "spd": 249, "spe": 168}, "types": ["Fire"]}}]}