{"id": "gen9randombattle-2631999486", "format": "[Gen 9] Random Battle", "players": ["yakub's devil", "Skjojo"], "log": "|j|\u2606yakub's devil\n|j|\u2606Skjojo\n|t:|1781464432\n|gametype|singles\n|player|p1|yakub's devil|ghetsis|1304\n|player|p2|Skjojo|1|1274\n|gen|9\n|tier|[Gen 9] Random Battle\n|rated|\n|rule|Species Clause: Limit one of each Pok\u00e9mon\n|rule|HP Percentage Mod: HP is shown in percentages\n|rule|Sleep Clause Mod: Limit one foe put to sleep\n|rule|Illusion Level Mod: Illusion disguises the Pok\u00e9mon's true level\n|\n|t:|1781464432\n|teamsize|p1|6\n|teamsize|p2|6\n|start\n|switch|p1a: Uxie|Uxie, L83|260/260\n|switch|p2a: Scyther|Scyther, L82, M|249/249\n|turn|1\n|inactive|Battle timer is ON: inactive players will automatically lose when time's up. (requested by Skjojo)\n|\n|t:|1781464477\n|switch|p1a: Kleavor|Kleavor, L78, M|237/237\n|move|p2a: Scyther|Swords Dance|p2a: Scyther\n|-boost|p2a: Scyther|atk|2\n|\n|upkeep\n|turn|2\n|-message|Skjojo forfeited.\n|\n|win|yakub's devil\n|raw|yakub&apos;s devil's rating: 1304 &rarr; <strong>1322</strong><br />(+18 for winning)\n|raw|Skjojo's rating: 1274 &rarr; <strong>1251</strong><br />(-23 for losing)\n|l|\u2606Skjojo\n|player|p2|\n", "uploadtime": 1781464494, "views": 1, "formatid": "gen9randombattle", "rating": 1251, "private": 0, "password": null}