{"id": "gen9randombattle-2631776557", "format": "[Gen 9] Random Battle", "players": ["bardobruno", "gdsagdsa3wtgadsg"], "log": "|j|\u2606bardobruno\n|j|\u2606gdsagdsa3wtgadsg\n|t:|1781437961\n|gametype|singles\n|player|p1|bardobruno|169|1000\n|player|p2|gdsagdsa3wtgadsg|101|1000\n|gen|9\n|tier|[Gen 9] Random Battle\n|rated|\n|rule|Species Clause: Limit one of each Pok\u00e9mon\n|rule|HP Percentage Mod: HP is shown in percentages\n|rule|Sleep Clause Mod: Limit one foe put to sleep\n|rule|Illusion Level Mod: Illusion disguises the Pok\u00e9mon's true level\n|\n|t:|1781437961\n|teamsize|p1|6\n|teamsize|p2|6\n|start\n|switch|p1a: Hitmonchan|Hitmonchan, L87, M|229/229\n|switch|p2a: Inteleon|Inteleon, L81, M|246/246\n|turn|1\n|inactive|Battle timer is ON: inactive players will automatically lose when time's up. (requested by bardobruno)\n|\n|t:|1781437974\n|move|p2a: Inteleon|Scald|p1a: Hitmonchan\n|-damage|p1a: Hitmonchan|117/229\n|move|p1a: Hitmonchan|Knock Off|p2a: Inteleon\n|-damage|p2a: Inteleon|112/246\n|-enditem|p2a: Inteleon|Choice Specs|[from] move: Knock Off|[of] p1a: Hitmonchan\n|-damage|p1a: Hitmonchan|95/229|[from] item: Life Orb\n|\n|upkeep\n|turn|2\n|\n|t:|1781437984\n|move|p1a: Hitmonchan|Mach Punch|p2a: Inteleon\n|-damage|p2a: Inteleon|18/246\n|-damage|p1a: Hitmonchan|73/229|[from] item: Life Orb\n|move|p2a: Inteleon|Hydro Pump|p1a: Hitmonchan|[miss]\n|-miss|p2a: Inteleon|p1a: Hitmonchan\n|\n|upkeep\n|turn|3\n|\n|t:|1781438001\n|move|p1a: Hitmonchan|Mach Punch|p2a: Inteleon\n|-damage|p2a: Inteleon|0 fnt\n|faint|p2a: Inteleon\n|-damage|p1a: Hitmonchan|51/229|[from] item: Life Orb\n|\n|upkeep\n|\n|t:|1781438008\n|switch|p2a: Rotom|Rotom-Heat, L83|219/219\n|turn|4\n|\n|t:|1781438016\n|move|p1a: Hitmonchan|Mach Punch|p2a: Rotom\n|-damage|p2a: Rotom|149/219\n|-damage|p1a: Hitmonchan|29/229|[from] item: Life Orb\n|move|p2a: Rotom|Thunderbolt|p1a: Hitmonchan\n|-damage|p1a: Hitmonchan|0 fnt\n|faint|p1a: Hitmonchan\n|\n|upkeep\n|inactive|bardobruno has 120 seconds left.\n|\n|t:|1781438051\n|switch|p1a: Regigigas|Regigigas, L84|322/322\n|-start|p1a: Regigigas|ability: Slow Start\n|turn|5\n|\n|t:|1781438068\n|move|p2a: Rotom|Nasty Plot|p2a: Rotom\n|-boost|p2a: Rotom|spa|2\n|move|p1a: Regigigas|Substitute|p1a: Regigigas\n|-start|p1a: Regigigas|Substitute\n|-damage|p1a: Regigigas|242/322\n|\n|-heal|p1a: Regigigas|262/322|[from] item: Leftovers\n|upkeep\n|turn|6\n|inactive|bardobruno has 120 seconds left.\n|\n|t:|1781438101\n|move|p2a: Rotom|Nasty Plot|p2a: Rotom\n|-boost|p2a: Rotom|spa|2\n|move|p1a: Regigigas|Substitute|p1a: Regigigas\n|-fail|p1a: Regigigas|move: Substitute\n|\n|-heal|p1a: Regigigas|282/322|[from] item: Leftovers\n|upkeep\n|turn|7\n|\n|t:|1781438111\n|move|p2a: Rotom|Thunderbolt|p1a: Regigigas\n|-end|p1a: Regigigas|Substitute\n|move|p1a: Regigigas|Knock Off|p2a: Rotom\n|-damage|p2a: Rotom|105/219\n|-enditem|p2a: Rotom|Heavy-Duty Boots|[from] move: Knock Off|[of] p1a: Regigigas\n|\n|-heal|p1a: Regigigas|302/322|[from] item: Leftovers\n|upkeep\n|turn|8\n|\n|t:|1781438134\n|move|p2a: Rotom|Thunderbolt|p1a: Regigigas\n|-damage|p1a: Regigigas|44/322\n|move|p1a: Regigigas|Substitute|p1a: Regigigas\n|-fail|p1a: Regigigas|move: Substitute|[weak]\n|\n|-heal|p1a: Regigigas|64/322|[from] item: Leftovers\n|upkeep\n|turn|9\n|\n|t:|1781438143\n|move|p2a: Rotom|Thunderbolt|p1a: Regigigas\n|-damage|p1a: Regigigas|0 fnt\n|faint|p1a: Regigigas\n|-end|p1a: Regigigas|Slow Start|[silent]\n|\n|upkeep\n|inactive|bardobruno has 90 seconds left.\n|\n|t:|1781438161\n|switch|p1a: Mightyena|Mightyena, L96, F|290/290\n|-ability|p1a: Mightyena|Intimidate|boost\n|-unboost|p2a: Rotom|atk|1\n|turn|10\n|inactive|bardobruno has 90 seconds left.\n|\n|t:|1781438175\n|move|p2a: Rotom|Pain Split|p1a: Mightyena\n|-sethp|p1a: Mightyena|197/290|[from] move: Pain Split|[silent]\n|-sethp|p2a: Rotom|197/219|[from] move: Pain Split\n|move|p1a: Mightyena|Play Rough|p2a: Rotom\n|-resisted|p2a: Rotom\n|-damage|p2a: Rotom|165/219\n|\n|-heal|p1a: Mightyena|215/290|[from] item: Leftovers\n|upkeep\n|turn|11\n|inactive|bardobruno has 90 seconds left.\n|\n|t:|1781438188\n|move|p1a: Mightyena|Sucker Punch|p2a: Rotom\n|-damage|p2a: Rotom|83/219\n|move|p2a: Rotom|Thunderbolt|p1a: Mightyena\n|-damage|p1a: Mightyena|0 fnt\n|faint|p1a: Mightyena\n|\n|upkeep\n|inactive|bardobruno has 90 seconds left.\n|\n|t:|1781438198\n|switch|p1a: Minior|Minior-Blue, L79|224/224\n|-formechange|p1a: Minior|Minior-Meteor||[from] ability: Shields Down\n|turn|12\n|inactive|bardobruno has 90 seconds left.\n|\n|t:|1781438205\n|move|p2a: Rotom|Thunderbolt|p1a: Minior\n|-supereffective|p1a: Minior\n|-damage|p1a: Minior|0 fnt\n|faint|p1a: Minior\n|\n|upkeep\n|inactive|bardobruno has 90 seconds left.\n|l|\u2606bardobruno\n|inactive|bardobruno disconnected and has a minute to reconnect!\n|player|p1|\n|inactive|bardobruno has 30 seconds to reconnect!\n|inactive|bardobruno has 20 seconds to reconnect!\n|inactive|bardobruno has 15 seconds to reconnect!\n|inactive|bardobruno has 10 seconds to reconnect!\n|inactive|bardobruno has 5 seconds to reconnect!\n|-message|bardobruno lost due to inactivity.\n|\n|win|gdsagdsa3wtgadsg\n|raw|bardobruno's rating: 1000 &rarr; <strong>1000</strong><br />(+0 for losing)\n|raw|gdsagdsa3wtgadsg's rating: 1000 &rarr; <strong>1040</strong><br />(+40 for winning)\n", "inputlog": ">version a8376a258c1d4662feba110a92103f3664a72141\n>start {\"formatid\":\"gen9randombattle\",\"seed\":\"sodium,a5ea66a5e40c78ede9a7fedddd8a42b5\",\"rated\":\"Rated battle\"}\n>player p1 {\"name\":\"bardobruno\",\"avatar\":\"169\",\"rating\":1000,\"seed\":\"sodium,b1f487bce2a3b4e5e38e8e36ae4726c3\"}\n>player p2 {\"name\":\"gdsagdsa3wtgadsg\",\"avatar\":\"101\",\"rating\":1000,\"seed\":\"sodium,0edc8b6a95f1db8af0daf512d3d8aa01\"}\n>p1 move knockoff\n>p2 move scald\n>p1 move machpunch\n>p2 move hydropump\n>p1 move machpunch\n>p2 move scald\n>p2 switch 2\n>p1 move machpunch\n>p2 move thunderbolt\n>p1 switch 2\n>p1 move substitute\n>p2 move nastyplot\n>p1 move substitute\n>p2 move nastyplot\n>p1 move knockoff\n>p2 move thunderbolt\n>p1 move substitute\n>p2 move thunderbolt\n>p1 move knockoff\n>p2 move thunderbolt\n>p1 switch 5\n>p1 move playrough\n>p2 move painsplit\n>p1 move suckerpunch\n>p2 move thunderbolt\n>p1 switch 6\n>p1 move powergem\n>p2 move thunderbolt\n>forcelose p1", "uploadtime": 1781438292, "views": 5, "formatid": "gen9randombattle", "rating": 1000, "private": 0, "password": null, "player_dets": [{"name": "bardobruno", "avatar": "169", "rating": 1000, "seed": "sodium,b1f487bce2a3b4e5e38e8e36ae4726c3"}, {"name": "gdsagdsa3wtgadsg", "avatar": "101", "rating": 1000, "seed": "sodium,0edc8b6a95f1db8af0daf512d3d8aa01"}], "teams_full": [{"Hitmonchan": {"name": "Hitmonchan", "species": "Hitmonchan", "speciesId": "hitmonchan", "gender": "M", "shiny": false, "level": 87, "moves": ["knockoff", "swordsdance", "drainpunch", "machpunch"], "ability": "Iron Fist", "evs": {"hp": 85, "atk": 85, "def": 85, "spa": 85, "spd": 85, "spe": 85}, "ivs": {"hp": 31, "atk": 31, "def": 31, "spa": 31, "spd": 31, "spe": 31}, "item": "Life Orb", "teraType": "Dark", "role": "Setup Sweeper", "bvs": {"hp": 50, "atk": 105, "def": 79, "spa": 35, "spd": 110, "spe": 76}, "stats": {"hp": 229, "atk": 232, "def": 187, "spa": 111, "spd": 241, "spe": 182}, "types": ["Fighting"]}, "Regigigas": {"name": "Regigigas", "species": "Regigigas", "speciesId": "regigigas", "gender": "N", "shiny": false, "level": 84, "moves": ["protect", "knockoff", "bodyslam", "substitute"], "ability": "Slow Start", "evs": {"hp": 85, "atk": 85, "def": 85, "spa": 85, "spd": 85, "spe": 85}, "ivs": {"hp": 31, "atk": 31, "def": 31, "spa": 31, "spd": 31, "spe": 31}, "item": "Leftovers", "teraType": "Ghost", "role": "Bulky Attacker", "bvs": {"hp": 110, "atk": 160, "def": 110, "spa": 80, "spd": 110, "spe": 100}, "stats": {"hp": 322, "atk": 317, "def": 233, "spa": 183, "spd": 233, "spe": 216}, "types": ["Normal"]}, "Hoopa": {"name": "Hoopa", "species": "Hoopa-Unbound", "speciesId": "hoopaunbound", "gender": "N", "shiny": false, "level": 80, "moves": ["trick", "hyperspacefury", "drainpunch", "zenheadbutt"], "ability": "Magician", "evs": {"hp": 85, "atk": 85, "def": 85, "spa": 85, "spd": 85, "spe": 85}, "ivs": {"hp": 31, "atk": 31, "def": 31, "spa": 31, "spd": 31, "spe": 31}, "item": "Choice Band", "teraType": "Fighting", "role": "Wallbreaker", "bvs": {"hp": 80, "atk": 160, "def": 60, "spa": 170, "spd": 130, "spe": 80}, "stats": {"hp": 259, "atk": 302, "def": 142, "spa": 318, "spd": 254, "spe": 174}, "types": ["Psychic", "Dark"]}, "Skeledirge": {"name": "Skeledirge", "species": "Skeledirge", "speciesId": "skeledirge", "gender": "F", "shiny": false, "level": 79, "moves": ["slackoff", "shadowball", "flamecharge", "torchsong"], "ability": "Unaware", "evs": {"hp": 85, "atk": 85, "def": 85, "spa": 85, "spd": 85, "spe": 85}, "ivs": {"hp": 31, "atk": 31, "def": 31, "spa": 31, "spd": 31, "spe": 31}, "item": "Heavy-Duty Boots", "teraType": "Water", "role": "Bulky Attacker", "bvs": {"hp": 104, "atk": 75, "def": 100, "spa": 110, "spd": 75, "spe": 66}, "stats": {"hp": 294, "atk": 164, "def": 204, "spa": 219, "spd": 164, "spe": 150}, "types": ["Fire", "Ghost"]}, "Mightyena": {"name": "Mightyena", "species": "Mightyena", "speciesId": "mightyena", "gender": "F", "shiny": false, "level": 96, "moves": ["crunch", "suckerpunch", "taunt", "playrough"], "ability": "Intimidate", "evs": {"hp": 85, "atk": 85, "def": 85, "spa": 85, "spd": 85, "spe": 85}, "ivs": {"hp": 31, "atk": 31, "def": 31, "spa": 31, "spd": 31, "spe": 31}, "item": "Leftovers", "teraType": "Fairy", "role": "Bulky Attacker", "bvs": {"hp": 70, "atk": 90, "def": 70, "spa": 60, "spd": 60, "spe": 70}, "stats": {"hp": 290, "atk": 227, "def": 189, "spa": 170, "spd": 170, "spe": 189}, "types": ["Dark"]}, "Minior": {"name": "Minior", "species": "Minior-Blue", "speciesId": "minior", "gender": "N", "shiny": false, "level": 79, "moves": ["acrobatics", "powergem", "shellsmash", "earthquake"], "ability": "Shields Down", "evs": {"hp": 85, "atk": 85, "def": 85, "spa": 85, "spd": 85, "spe": 85}, "ivs": {"hp": 31, "atk": 31, "def": 31, "spa": 31, "spd": 31, "spe": 31}, "item": "White Herb", "teraType": "Steel", "role": "Setup Sweeper", "bvs": {"hp": 60, "atk": 100, "def": 60, "spa": 100, "spd": 60, "spe": 120}, "stats": {"hp": 224, "atk": 204, "def": 140, "spa": 204, "spd": 140, "spe": 235}, "types": ["Rock", "Flying"]}}, {"Inteleon": {"name": "Inteleon", "species": "Inteleon", "speciesId": "inteleon", "gender": "M", "shiny": false, "level": 81, "moves": ["uturn", "icebeam", "scald", "hydropump"], "ability": "Torrent", "evs": {"hp": 85, "atk": 85, "def": 85, "spa": 85, "spd": 85, "spe": 85}, "ivs": {"hp": 31, "atk": 31, "def": 31, "spa": 31, "spd": 31, "spe": 31}, "item": "Choice Specs", "teraType": "Water", "role": "Wallbreaker", "bvs": {"hp": 70, "atk": 85, "def": 65, "spa": 125, "spd": 65, "spe": 120}, "stats": {"hp": 246, "atk": 184, "def": 152, "spa": 249, "spd": 152, "spe": 241}, "types": ["Water"]}, "Rotom": {"name": "Rotom", "species": "Rotom-Heat", "speciesId": "rotomheat", "gender": "N", "shiny": false, "level": 83, "moves": ["overheat", "thunderbolt", "painsplit", "nastyplot"], "ability": "Levitate", "evs": {"hp": 85, "atk": 0, "def": 85, "spa": 85, "spd": 85, "spe": 85}, "ivs": {"hp": 31, "atk": 0, "def": 31, "spa": 31, "spd": 31, "spe": 31}, "item": "Heavy-Duty Boots", "teraType": "Electric", "role": "Bulky Attacker", "bvs": {"hp": 50, "atk": 65, "def": 107, "spa": 105, "spd": 107, "spe": 86}, "stats": {"hp": 219, "atk": 112, "def": 225, "spa": 222, "spd": 225, "spe": 190}, "types": ["Electric", "Fire"]}, "Veluza": {"name": "Veluza", "species": "Veluza", "speciesId": "veluza", "gender": "F", "shiny": false, "level": 85, "moves": ["psychocut", "filletaway", "nightslash", "aquacutter"], "ability": "Sharpness", "evs": {"hp": 85, "atk": 85, "def": 85, "spa": 85, "spd": 85, "spe": 85}, "ivs": {"hp": 31, "atk": 31, "def": 31, "spa": 31, "spd": 31, "spe": 31}, "item": "Sitrus Berry", "teraType": "Water", "role": "Setup Sweeper", "bvs": {"hp": 90, "atk": 102, "def": 73, "spa": 78, "spd": 65, "spe": 70}, "stats": {"hp": 292, "atk": 222, "def": 173, "spa": 181, "spd": 159, "spe": 168}, "types": ["Water", "Psychic"]}, "Alcremie": {"name": "Alcremie", "species": "Alcremie-Ruby-Swirl", "speciesId": "alcremie", "gender": "F", "shiny": false, "level": 90, "moves": ["calmmind", "alluringvoice", "psyshock", "recover"], "ability": "Aroma Veil", "evs": {"hp": 85, "atk": 0, "def": 85, "spa": 85, "spd": 85, "spe": 85}, "ivs": {"hp": 31, "atk": 0, "def": 31, "spa": 31, "spd": 31, "spe": 31}, "item": "Leftovers", "teraType": "Poison", "role": "Bulky Setup", "bvs": {"hp": 65, "atk": 60, "def": 75, "spa": 110, "spd": 121, "spe": 64}, "stats": {"hp": 263, "atk": 113, "def": 186, "spa": 249, "spd": 269, "spe": 167}, "types": ["Fairy"]}, "Hawlucha": {"name": "Hawlucha", "species": "Hawlucha", "speciesId": "hawlucha", "gender": "M", "shiny": false, "level": 80, "moves": ["stoneedge", "closecombat", "acrobatics", "swordsdance"], "ability": "Unburden", "evs": {"hp": 85, "atk": 85, "def": 85, "spa": 85, "spd": 85, "spe": 85}, "ivs": {"hp": 31, "atk": 31, "def": 31, "spa": 31, "spd": 31, "spe": 31}, "item": "White Herb", "teraType": "Flying", "role": "Setup Sweeper", "bvs": {"hp": 78, "atk": 92, "def": 75, "spa": 74, "spd": 63, "spe": 118}, "stats": {"hp": 256, "atk": 193, "def": 166, "spa": 165, "spd": 147, "spe": 235}, "types": ["Fighting", "Flying"]}, "Tsareena": {"name": "Tsareena", "species": "Tsareena", "speciesId": "tsareena", "gender": "F", "shiny": false, "level": 87, "moves": ["highjumpkick", "synthesis", "knockoff", "powerwhip"], "ability": "Queenly Majesty", "evs": {"hp": 85, "atk": 85, "def": 85, "spa": 85, "spd": 85, "spe": 85}, "ivs": {"hp": 31, "atk": 31, "def": 31, "spa": 31, "spd": 31, "spe": 31}, "item": "Life Orb", "teraType": "Fighting", "role": "Fast Support", "bvs": {"hp": 72, "atk": 120, "def": 98, "spa": 50, "spd": 98, "spe": 72}, "stats": {"hp": 267, "atk": 259, "def": 220, "spa": 137, "spd": 220, "spe": 175}, "types": ["Grass"]}}]}