{"id": "gen9randombattle-2631981266", "format": "[Gen 9] Random Battle", "players": ["personanongrattata", "aceguy123"], "log": "|j|\u2606personanongrattata\n|j|\u2606aceguy123\n|t:|1781462420\n|gametype|singles\n|player|p1|personanongrattata|youngster-gen4dp|2217\n|player|p2|aceguy123|firebreather|2262\n|gen|9\n|tier|[Gen 9] Random Battle\n|rated|\n|rule|Species Clause: Limit one of each Pok\u00e9mon\n|rule|HP Percentage Mod: HP is shown in percentages\n|rule|Sleep Clause Mod: Limit one foe put to sleep\n|rule|Illusion Level Mod: Illusion disguises the Pok\u00e9mon's true level\n|\n|t:|1781462420\n|teamsize|p1|6\n|teamsize|p2|6\n|start\n|switch|p1a: Annihilape|Annihilape, L76, M|292/292\n|switch|p2a: Ambipom|Ambipom, L84, F|263/263\n|turn|1\n|inactive|Battle timer is ON: inactive players will automatically lose when time's up. (requested by personanongrattata)\n|inactive|aceguy123 has 120 seconds left.\n|\n|t:|1781462456\n|switch|p2a: Hippowdon|Hippowdon, L82, F|311/311\n|-weather|Sandstorm|[from] ability: Sand Stream|[of] p2a: Hippowdon\n|move|p1a: Annihilape|Bulk Up|p1a: Annihilape\n|-boost|p1a: Annihilape|atk|1\n|-boost|p1a: Annihilape|def|1\n|\n|-weather|Sandstorm|[upkeep]\n|-damage|p1a: Annihilape|274/292|[from] Sandstorm\n|upkeep\n|turn|2\n|\n|t:|1781462469\n|switch|p2a: Indeedee|Indeedee-F, L90, F|272/272\n|-fieldstart|move: Psychic Terrain|[from] ability: Psychic Surge|[of] p2a: Indeedee\n|move|p1a: Annihilape|Bulk Up|p1a: Annihilape\n|-boost|p1a: Annihilape|atk|1\n|-boost|p1a: Annihilape|def|1\n|\n|-weather|Sandstorm|[upkeep]\n|-damage|p2a: Indeedee|255/272|[from] Sandstorm\n|-damage|p1a: Annihilape|256/292|[from] Sandstorm\n|upkeep\n|turn|3\n|\n|t:|1781462474\n|switch|p1a: Mabosstiff|Mabosstiff, L86, F|278/278\n|move|p2a: Indeedee|Psyshock|p1a: Mabosstiff\n|-immune|p1a: Mabosstiff\n|\n|-weather|Sandstorm|[upkeep]\n|-damage|p2a: Indeedee|238/272|[from] Sandstorm\n|-damage|p1a: Mabosstiff|261/278|[from] Sandstorm\n|upkeep\n|turn|4\n|\n|t:|1781462492\n|switch|p2a: Hippowdon|Hippowdon, L82, F|311/311\n|move|p1a: Mabosstiff|Crunch|p2a: Hippowdon\n|-damage|p2a: Hippowdon|71/311\n|\n|-weather|Sandstorm|[upkeep]\n|-damage|p1a: Mabosstiff|244/278|[from] Sandstorm\n|-heal|p2a: Hippowdon|90/311|[from] item: Leftovers\n|upkeep\n|turn|5\n|\n|t:|1781462497\n|move|p1a: Mabosstiff|Crunch|p2a: Hippowdon\n|-damage|p2a: Hippowdon|0 fnt\n|faint|p2a: Hippowdon\n|\n|-weather|none\n|upkeep\n|\n|t:|1781462504\n|switch|p2a: Urshifu|Urshifu-Rapid-Strike, L75, F|274/274\n|turn|6\n|\n|t:|1781462514\n|switch|p1a: Venomoth|Venomoth, L84, F|255/255\n|move|p2a: Urshifu|U-turn|p1a: Venomoth\n|-resisted|p1a: Venomoth\n|-damage|p1a: Venomoth|203/255\n|\n|t:|1781462538\n|switch|p2a: Indeedee|Indeedee-F, L90, F|238/272|[from] U-turn\n|\n|-fieldend|move: Psychic Terrain\n|upkeep\n|turn|7\n|\n|t:|1781462544\n|switch|p1a: Wo-Chien|Wo-Chien, L83|277/277\n|-ability|p1a: Wo-Chien|Tablets of Ruin\n|move|p2a: Indeedee|Calm Mind|p2a: Indeedee\n|-boost|p2a: Indeedee|spa|1\n|-boost|p2a: Indeedee|spd|1\n|\n|upkeep\n|turn|8\n|\n|t:|1781462548\n|move|p2a: Indeedee|Dazzling Gleam|p1a: Wo-Chien\n|-supereffective|p1a: Wo-Chien\n|-damage|p1a: Wo-Chien|90/277\n|-damage|p2a: Indeedee|211/272|[from] item: Life Orb\n|move|p1a: Wo-Chien|Stun Spore|p2a: Indeedee|[miss]\n|-miss|p1a: Wo-Chien|p2a: Indeedee\n|\n|-heal|p1a: Wo-Chien|107/277|[from] item: Leftovers\n|upkeep\n|turn|9\n|\n|t:|1781462572\n|move|p2a: Indeedee|Hyper Voice|p1a: Wo-Chien\n|-damage|p1a: Wo-Chien|0 fnt\n|faint|p1a: Wo-Chien\n|-damage|p2a: Indeedee|184/272|[from] item: Life Orb\n|\n|upkeep\n|\n|t:|1781462582\n|switch|p1a: Terapagos|Terapagos, L77, F|265/265\n|-activate|p1a: Terapagos|ability: Tera Shift\n|detailschange|p1a: Terapagos|Terapagos-Terastal, L77, F\n|-heal|p1a: Terapagos|273/273|[silent]\n|turn|10\n|\n|t:|1781462591\n|move|p2a: Indeedee|Hyper Voice|p1a: Terapagos\n|-activate|p1a: Terapagos|ability: Tera Shell\n|-resisted|p1a: Terapagos\n|-damage|p1a: Terapagos|172/273\n|-damage|p2a: Indeedee|157/272|[from] item: Life Orb\n|move|p1a: Terapagos|Calm Mind|p1a: Terapagos\n|-boost|p1a: Terapagos|spa|1\n|-boost|p1a: Terapagos|spd|1\n|\n|upkeep\n|turn|11\n|\n|t:|1781462595\n|move|p2a: Indeedee|Psyshock|p1a: Terapagos\n|-damage|p1a: Terapagos|0 fnt\n|faint|p1a: Terapagos\n|-damage|p2a: Indeedee|130/272|[from] item: Life Orb\n|\n|upkeep\n|\n|t:|1781462600\n|switch|p1a: Palafin|Palafin, L77, F|281/281\n|turn|12\n|\n|t:|1781462604\n|move|p2a: Indeedee|Psyshock|p1a: Palafin\n|-damage|p1a: Palafin|61/281\n|-damage|p2a: Indeedee|103/272|[from] item: Life Orb\n|move|p1a: Palafin|Flip Turn|p2a: Indeedee\n|-damage|p2a: Indeedee|34/272\n|\n|t:|1781462610\n|detailschange|p1a: Palafin|Palafin-Hero, L77, F\n|switch|p1a: Mabosstiff|Mabosstiff, L86, F|244/278|[from] Flip Turn\n|\n|upkeep\n|turn|13\n|\n|t:|1781462615\n|move|p2a: Indeedee|Dazzling Gleam|p1a: Mabosstiff\n|-supereffective|p1a: Mabosstiff\n|-damage|p1a: Mabosstiff|0 fnt\n|faint|p1a: Mabosstiff\n|-damage|p2a: Indeedee|7/272|[from] item: Life Orb\n|\n|upkeep\n|\n|t:|1781462618\n|switch|p1a: Palafin|Palafin-Hero, L77, F|61/281\n|-activate|p1a: Palafin|ability: Zero to Hero\n|turn|14\n|\n|t:|1781462623\n|switch|p2a: Tsareena|Tsareena, L87, F|267/267\n|move|p1a: Palafin|Jet Punch||[still]\n|cant|p2a: Tsareena|ability: Queenly Majesty|Jet Punch|[of] p1a: Palafin\n|\n|upkeep\n|turn|15\n|\n|t:|1781462631\n|switch|p1a: Annihilape|Annihilape, L76, M|256/292\n|switch|p2a: Indeedee|Indeedee-F, L90, F|7/272\n|-fieldstart|move: Psychic Terrain|[from] ability: Psychic Surge|[of] p2a: Indeedee\n|\n|upkeep\n|turn|16\n|\n|t:|1781462634\n|switch|p1a: Palafin|Palafin-Hero, L77, F|61/281\n|move|p2a: Indeedee|Psyshock|p1a: Palafin\n|-damage|p1a: Palafin|0 fnt\n|faint|p1a: Palafin\n|-damage|p2a: Indeedee|0 fnt|[from] item: Life Orb\n|faint|p2a: Indeedee\n|\n|upkeep\n|\n|t:|1781462641\n|switch|p2a: Urshifu|Urshifu-Rapid-Strike, L75, F|274/274\n|switch|p1a: Annihilape|Annihilape, L76, M|256/292\n|turn|17\n|\n|t:|1781462658\n|move|p2a: Urshifu|U-turn|p1a: Annihilape\n|-resisted|p1a: Annihilape\n|-damage|p1a: Annihilape|235/292\n|\n|t:|1781462659\n|switch|p2a: Ambipom|Ambipom, L84, F|263/263|[from] U-turn\n|move|p1a: Annihilape|Rest|p1a: Annihilape\n|-status|p1a: Annihilape|slp|[from] move: Rest\n|-heal|p1a: Annihilape|292/292 slp|[silent]\n|-enditem|p1a: Annihilape|Chesto Berry|[eat]\n|-curestatus|p1a: Annihilape|slp|[msg]\n|\n|upkeep\n|turn|18\n|\n|t:|1781462662\n|move|p2a: Ambipom|Knock Off|p1a: Annihilape\n|-damage|p1a: Annihilape|212/292\n|move|p1a: Annihilape|Bulk Up|p1a: Annihilape\n|-boost|p1a: Annihilape|atk|1\n|-boost|p1a: Annihilape|def|1\n|\n|upkeep\n|turn|19\n|\n|t:|1781462664\n|move|p2a: Ambipom|Knock Off|p1a: Annihilape\n|-damage|p1a: Annihilape|157/292\n|move|p1a: Annihilape|Drain Punch|p2a: Ambipom\n|-supereffective|p2a: Ambipom\n|-damage|p2a: Ambipom|0 fnt\n|-heal|p1a: Annihilape|289/292|[from] drain|[of] p2a: Ambipom\n|faint|p2a: Ambipom\n|\n|-fieldend|move: Psychic Terrain\n|upkeep\n|\n|t:|1781462667\n|switch|p2a: Urshifu|Urshifu-Rapid-Strike, L75, F|274/274\n|turn|20\n|\n|t:|1781462670\n|-terastallize|p2a: Urshifu|Water\n|move|p2a: Urshifu|Surging Strikes|p1a: Annihilape\n|-crit|p1a: Annihilape\n|-damage|p1a: Annihilape|193/292\n|-crit|p1a: Annihilape\n|-damage|p1a: Annihilape|93/292\n|-crit|p1a: Annihilape\n|-damage|p1a: Annihilape|0 fnt\n|faint|p1a: Annihilape\n|-hitcount|p1: Annihilape|3\n|\n|upkeep\n|\n|t:|1781462672\n|switch|p1a: Venomoth|Venomoth, L84, F|203/255\n|turn|21\n|\n|t:|1781462677\n|move|p1a: Venomoth|Sleep Powder|p2a: Urshifu\n|-status|p2a: Urshifu|slp|[from] move: Sleep Powder\n|cant|p2a: Urshifu|slp\n|\n|upkeep\n|turn|22\n|\n|t:|1781462680\n|move|p1a: Venomoth|Quiver Dance|p1a: Venomoth\n|-boost|p1a: Venomoth|spa|1\n|-boost|p1a: Venomoth|spd|1\n|-boost|p1a: Venomoth|spe|1\n|cant|p2a: Urshifu|slp\n|\n|upkeep\n|turn|23\n|\n|t:|1781462683\n|-terastallize|p1a: Venomoth|Bug\n|move|p1a: Venomoth|Bug Buzz|p2a: Urshifu\n|-damage|p2a: Urshifu|6/274 slp\n|cant|p2a: Urshifu|slp\n|\n|upkeep\n|turn|24\n|\n|t:|1781462694\n|move|p1a: Venomoth|Sludge Wave|p2a: Urshifu\n|-damage|p2a: Urshifu|0 fnt\n|faint|p2a: Urshifu\n|\n|upkeep\n|\n|t:|1781462696\n|switch|p2a: Tsareena|Tsareena, L87, F|267/267\n|turn|25\n|\n|t:|1781462699\n|move|p1a: Venomoth|Sludge Wave|p2a: Tsareena\n|-supereffective|p2a: Tsareena\n|-damage|p2a: Tsareena|9/267\n|move|p2a: Tsareena|Knock Off|p1a: Venomoth\n|-damage|p1a: Venomoth|63/255\n|-enditem|p1a: Venomoth|Heavy-Duty Boots|[from] move: Knock Off|[of] p2a: Tsareena\n|-damage|p2a: Tsareena|0 fnt|[from] item: Life Orb\n|faint|p2a: Tsareena\n|\n|upkeep\n|\n|t:|1781462701\n|switch|p2a: Annihilape|Annihilape, L76, M|292/292\n|turn|26\n|\n|t:|1781462707\n|move|p1a: Venomoth|Sleep Powder|p2a: Annihilape\n|-status|p2a: Annihilape|slp|[from] move: Sleep Powder\n|cant|p2a: Annihilape|slp\n|\n|upkeep\n|turn|27\n|\n|t:|1781462709\n|move|p1a: Venomoth|Quiver Dance|p1a: Venomoth\n|-boost|p1a: Venomoth|spa|1\n|-boost|p1a: Venomoth|spd|1\n|-boost|p1a: Venomoth|spe|1\n|cant|p2a: Annihilape|slp\n|\n|upkeep\n|turn|28\n|\n|t:|1781462711\n|move|p1a: Venomoth|Sludge Wave|p2a: Annihilape\n|-resisted|p2a: Annihilape\n|-damage|p2a: Annihilape|70/292 slp\n|cant|p2a: Annihilape|slp\n|\n|-heal|p2a: Annihilape|88/292 slp|[from] item: Leftovers\n|upkeep\n|turn|29\n|-message|aceguy123 forfeited.\n|\n|win|personanongrattata\n", "inputlog": ">version a8376a258c1d4662feba110a92103f3664a72141\n>start {\"formatid\":\"gen9randombattle\",\"seed\":\"sodium,77dfd4dc3651de24bf7a4894b6c5d77e\",\"rated\":\"Rated battle\"}\n>player p1 {\"name\":\"personanongrattata\",\"avatar\":\"youngster-gen4dp\",\"rating\":2217,\"seed\":\"sodium,48b32d0236a88264b9531ec7da4158ab\"}\n>player p2 {\"name\":\"aceguy123\",\"avatar\":\"firebreather\",\"rating\":2262,\"seed\":\"sodium,40bb5f974b95a202f034e7cd75ff7c80\"}\n>p1 move bulkup\n>p2 switch 2\n>p1 move bulkup\n>p2 switch 6\n>p1 switch 2\n>p2 move psyshock\n>p1 move crunch\n>p2 switch 6\n>p1 move crunch\n>p2 move slackoff\n>p2 switch 3\n>p1 switch 6\n>p2 move uturn\n>p2 switch 6\n>p1 switch 3\n>p2 move calmmind\n>p1 move stunspore\n>p2 move dazzlinggleam\n>p1 move knockoff\n>p2 move hypervoice\n>p1 switch 4\n>p1 move calmmind\n>p2 move hypervoice\n>p1 move rest\n>p2 move psyshock\n>p1 switch 5\n>p1 move flipturn\n>p2 move psyshock\n>p1 switch 6\n>p1 move crunch\n>p2 move dazzlinggleam\n>p1 switch 6\n>p1 move jetpunch\n>p2 switch 4\n>p1 switch 2\n>p2 switch 4\n>p1 switch 2\n>p2 move psyshock\n>p1 switch 2\n>p2 switch 6\n>p1 move rest\n>p2 move uturn\n>p2 switch 2\n>p1 move bulkup\n>p2 move knockoff\n>p1 move drainpunch\n>p2 move knockoff\n>p2 switch 2\n>p1 move ragefist\n>p2 move surgingstrikes terastallize\n>p1 switch 3\n>p1 move sleeppowder\n>p2 move surgingstrikes\n>p1 move quiverdance\n>p2 move surgingstrikes\n>p1 move bugbuzz terastallize\n>p2 move surgingstrikes\n>p1 move sludgewave\n>p2 move surgingstrikes\n>p2 switch 4\n>p1 move sludgewave\n>p2 move knockoff\n>p2 switch 5\n>p1 move sleeppowder\n>p2 move ragefist\n>p1 move quiverdance\n>p2 move ragefist\n>p1 move sludgewave\n>p2 move ragefist\n>forcelose p2", "uploadtime": 1781462422, "views": 7, "formatid": "gen9randombattle", "rating": null, "private": 0, "password": null, "player_dets": [{"name": "personanongrattata", "avatar": "youngster-gen4dp", "rating": 2217, "seed": "sodium,48b32d0236a88264b9531ec7da4158ab"}, {"name": "aceguy123", "avatar": "firebreather", "rating": 2262, "seed": "sodium,40bb5f974b95a202f034e7cd75ff7c80"}], "teams_full": [{"Annihilape": {"name": "Annihilape", "species": "Annihilape", "speciesId": "annihilape", "gender": "M", "shiny": false, "level": 76, "moves": ["rest", "bulkup", "drainpunch", "ragefist"], "ability": "Defiant", "evs": {"hp": 85, "atk": 85, "def": 85, "spa": 85, "spd": 85, "spe": 85}, "ivs": {"hp": 31, "atk": 31, "def": 31, "spa": 31, "spd": 31, "spe": 31}, "item": "Chesto Berry", "teraType": "Ghost", "role": "Bulky Setup", "bvs": {"hp": 110, "atk": 115, "def": 80, "spa": 50, "spd": 90, "spe": 90}, "stats": {"hp": 292, "atk": 219, "def": 166, "spa": 120, "spd": 181, "spe": 181}, "types": ["Fighting", "Ghost"]}, "Mabosstiff": {"name": "Mabosstiff", "species": "Mabosstiff", "speciesId": "mabosstiff", "gender": "F", "shiny": false, "level": 86, "moves": ["wildcharge", "crunch", "psychicfangs", "playrough"], "ability": "Stakeout", "evs": {"hp": 85, "atk": 85, "def": 85, "spa": 85, "spd": 85, "spe": 85}, "ivs": {"hp": 31, "atk": 31, "def": 31, "spa": 31, "spd": 31, "spe": 31}, "item": "Choice Band", "teraType": "Dark", "role": "Bulky Attacker", "bvs": {"hp": 80, "atk": 120, "def": 90, "spa": 60, "spd": 70, "spe": 85}, "stats": {"hp": 278, "atk": 256, "def": 204, "spa": 152, "spd": 170, "spe": 195}, "types": ["Dark"]}, "Wo-Chien": {"name": "Wo-Chien", "species": "Wo-Chien", "speciesId": "wochien", "gender": "N", "shiny": false, "level": 83, "moves": ["knockoff", "ruination", "stunspore", "gigadrain"], "ability": "Tablets of Ruin", "evs": {"hp": 85, "atk": 85, "def": 85, "spa": 85, "spd": 85, "spe": 85}, "ivs": {"hp": 31, "atk": 31, "def": 31, "spa": 31, "spd": 31, "spe": 31}, "item": "Leftovers", "teraType": "Poison", "role": "Bulky Support", "bvs": {"hp": 85, "atk": 85, "def": 100, "spa": 95, "spd": 135, "spe": 70}, "stats": {"hp": 277, "atk": 189, "def": 214, "spa": 205, "spd": 272, "spe": 164}, "types": ["Dark", "Grass"]}, "Terapagos": {"name": "Terapagos", "species": "Terapagos", "speciesId": "terapagos", "gender": "F", "shiny": false, "level": 77, "moves": ["terastarstorm", "earthpower", "rest", "calmmind"], "ability": "Tera Shift", "evs": {"hp": 85, "atk": 0, "def": 85, "spa": 85, "spd": 85, "spe": 85}, "ivs": {"hp": 31, "atk": 0, "def": 31, "spa": 31, "spd": 31, "spe": 31}, "item": "Chesto Berry", "teraType": "Stellar", "role": "Fast Bulky Setup", "bvs": {"hp": 90, "atk": 65, "def": 85, "spa": 65, "spd": 85, "spe": 60}, "stats": {"hp": 265, "atk": 105, "def": 175, "spa": 145, "spd": 175, "spe": 137}, "types": ["Normal"]}, "Palafin": {"name": "Palafin", "species": "Palafin", "speciesId": "palafin", "gender": "F", "shiny": false, "level": 77, "moves": ["flipturn", "jetpunch", "wavecrash", "closecombat"], "ability": "Zero to Hero", "evs": {"hp": 85, "atk": 85, "def": 85, "spa": 85, "spd": 85, "spe": 85}, "ivs": {"hp": 31, "atk": 31, "def": 31, "spa": 31, "spd": 31, "spe": 31}, "item": "Choice Band", "teraType": "Water", "role": "Wallbreaker", "bvs": {"hp": 100, "atk": 70, "def": 72, "spa": 53, "spd": 62, "spe": 100}, "stats": {"hp": 281, "atk": 152, "def": 155, "spa": 126, "spd": 140, "spe": 199}, "types": ["Water"]}, "Venomoth": {"name": "Venomoth", "species": "Venomoth", "speciesId": "venomoth", "gender": "F", "shiny": false, "level": 84, "moves": ["quiverdance", "sleeppowder", "sludgewave", "bugbuzz"], "ability": "Tinted Lens", "evs": {"hp": 85, "atk": 0, "def": 85, "spa": 85, "spd": 85, "spe": 85}, "ivs": {"hp": 31, "atk": 0, "def": 31, "spa": 31, "spd": 31, "spe": 31}, "item": "Heavy-Duty Boots", "teraType": "Bug", "role": "Setup Sweeper", "bvs": {"hp": 70, "atk": 65, "def": 60, "spa": 90, "spd": 75, "spe": 90}, "stats": {"hp": 255, "atk": 114, "def": 149, "spa": 199, "spd": 174, "spe": 199}, "types": ["Bug", "Poison"]}}, {"Ambipom": {"name": "Ambipom", "species": "Ambipom", "speciesId": "ambipom", "gender": "F", "shiny": false, "level": 84, "moves": ["tripleaxel", "doubleedge", "uturn", "knockoff"], "ability": "Technician", "evs": {"hp": 85, "atk": 85, "def": 85, "spa": 85, "spd": 85, "spe": 85}, "ivs": {"hp": 31, "atk": 31, "def": 31, "spa": 31, "spd": 31, "spe": 31}, "item": "Choice Band", "teraType": "Ice", "role": "Fast Attacker", "bvs": {"hp": 75, "atk": 100, "def": 66, "spa": 60, "spd": 66, "spe": 115}, "stats": {"hp": 263, "atk": 216, "def": 159, "spa": 149, "spd": 159, "spe": 241}, "types": ["Normal"]}, "Hippowdon": {"name": "Hippowdon", "species": "Hippowdon", "speciesId": "hippowdon", "gender": "F", "shiny": false, "level": 82, "moves": ["stoneedge", "curse", "earthquake", "slackoff"], "ability": "Sand Stream", "evs": {"hp": 85, "atk": 85, "def": 85, "spa": 85, "spd": 85, "spe": 85}, "ivs": {"hp": 31, "atk": 31, "def": 31, "spa": 31, "spd": 31, "spe": 31}, "item": "Leftovers", "teraType": "Rock", "role": "Bulky Setup", "bvs": {"hp": 108, "atk": 112, "def": 118, "spa": 68, "spd": 72, "spe": 47}, "stats": {"hp": 311, "atk": 231, "def": 241, "spa": 159, "spd": 165, "spe": 124}, "types": ["Ground"]}, "Urshifu": {"name": "Urshifu", "species": "Urshifu-Rapid-Strike", "speciesId": "urshifurapidstrike", "gender": "F", "shiny": false, "level": 75, "moves": ["uturn", "aquajet", "closecombat", "surgingstrikes"], "ability": "Unseen Fist", "evs": {"hp": 85, "atk": 85, "def": 85, "spa": 85, "spd": 85, "spe": 85}, "ivs": {"hp": 31, "atk": 31, "def": 31, "spa": 31, "spd": 31, "spe": 31}, "item": "Choice Band", "teraType": "Water", "role": "Fast Attacker", "bvs": {"hp": 100, "atk": 130, "def": 100, "spa": 63, "spd": 60, "spe": 97}, "stats": {"hp": 274, "atk": 239, "def": 194, "spa": 138, "spd": 134, "spe": 189}, "types": ["Fighting", "Water"]}, "Tsareena": {"name": "Tsareena", "species": "Tsareena", "speciesId": "tsareena", "gender": "F", "shiny": false, "level": 87, "moves": ["knockoff", "synthesis", "highjumpkick", "powerwhip"], "ability": "Queenly Majesty", "evs": {"hp": 85, "atk": 85, "def": 85, "spa": 85, "spd": 85, "spe": 85}, "ivs": {"hp": 31, "atk": 31, "def": 31, "spa": 31, "spd": 31, "spe": 31}, "item": "Life Orb", "teraType": "Fighting", "role": "Fast Support", "bvs": {"hp": 72, "atk": 120, "def": 98, "spa": 50, "spd": 98, "spe": 72}, "stats": {"hp": 267, "atk": 259, "def": 220, "spa": 137, "spd": 220, "spe": 175}, "types": ["Grass"]}, "Annihilape": {"name": "Annihilape", "species": "Annihilape", "speciesId": "annihilape", "gender": "M", "shiny": false, "level": 76, "moves": ["gunkshot", "ragefist", "drainpunch", "bulkup"], "ability": "Defiant", "evs": {"hp": 85, "atk": 85, "def": 85, "spa": 85, "spd": 85, "spe": 85}, "ivs": {"hp": 31, "atk": 31, "def": 31, "spa": 31, "spd": 31, "spe": 31}, "item": "Leftovers", "teraType": "Water", "role": "Bulky Setup", "bvs": {"hp": 110, "atk": 115, "def": 80, "spa": 50, "spd": 90, "spe": 90}, "stats": {"hp": 292, "atk": 219, "def": 166, "spa": 120, "spd": 181, "spe": 181}, "types": ["Fighting", "Ghost"]}, "Indeedee": {"name": "Indeedee", "species": "Indeedee-F", "speciesId": "indeedeef", "gender": "F", "shiny": false, "level": 90, "moves": ["calmmind", "dazzlinggleam", "psyshock", "hypervoice"], "ability": "Psychic Surge", "evs": {"hp": 85, "atk": 0, "def": 85, "spa": 85, "spd": 85, "spe": 85}, "ivs": {"hp": 31, "atk": 0, "def": 31, "spa": 31, "spd": 31, "spe": 31}, "item": "Life Orb", "teraType": "Psychic", "role": "Fast Attacker", "bvs": {"hp": 70, "atk": 55, "def": 65, "spa": 95, "spd": 105, "spe": 85}, "stats": {"hp": 272, "atk": 104, "def": 168, "spa": 222, "spd": 240, "spe": 204}, "types": ["Psychic", "Normal"]}}]}