{"id": "gen9randombattle-2631610066", "format": "[Gen 9] Random Battle", "players": ["Best Kittel", "silverfox265"], "log": "|j|\u2606Best Kittel\n|j|\u2606silverfox265\n|t:|1781408433\n|gametype|singles\n|player|p1|Best Kittel|volkner|1654\n|player|p2|silverfox265|101|1658\n|gen|9\n|tier|[Gen 9] Random Battle\n|rated|\n|rule|Species Clause: Limit one of each Pok\u00e9mon\n|rule|HP Percentage Mod: HP is shown in percentages\n|rule|Sleep Clause Mod: Limit one foe put to sleep\n|rule|Illusion Level Mod: Illusion disguises the Pok\u00e9mon's true level\n|\n|t:|1781408433\n|teamsize|p1|6\n|teamsize|p2|6\n|start\n|switch|p1a: Suicune|Suicune, L82|298/298\n|switch|p2a: Suicune|Suicune, L82|298/298\n|-ability|p1a: Suicune|Pressure\n|-ability|p2a: Suicune|Pressure\n|turn|1\n|inactive|Battle timer is ON: inactive players will automatically lose when time's up. (requested by silverfox265)\n|\n|t:|1781408456\n|switch|p1a: Eelektross|Eelektross, L87, M|290/290\n|move|p2a: Suicune|Substitute|p2a: Suicune\n|-start|p2a: Suicune|Substitute\n|-damage|p2a: Suicune|224/298\n|\n|-heal|p2a: Suicune|242/298|[from] item: Leftovers\n|upkeep\n|turn|2\n|\n|t:|1781408462\n|move|p2a: Suicune|Protect|p2a: Suicune\n|-singleturn|p2a: Suicune|Protect\n|move|p1a: Eelektross|Supercell Slam|p2a: Suicune\n|-activate|p2a: Suicune|move: Protect\n|-damage|p1a: Eelektross|145/290|[from] supercellslam\n|\n|-heal|p2a: Suicune|260/298|[from] item: Leftovers\n|-heal|p1a: Eelektross|163/290|[from] item: Leftovers\n|upkeep\n|turn|3\n|\n|t:|1781408471\n|move|p2a: Suicune|Calm Mind|p2a: Suicune\n|-boost|p2a: Suicune|spa|1\n|-boost|p2a: Suicune|spd|1\n|move|p1a: Eelektross|Supercell Slam|p2a: Suicune\n|-supereffective|p2a: Suicune\n|-end|p2a: Suicune|Substitute\n|\n|-heal|p2a: Suicune|278/298|[from] item: Leftovers\n|-heal|p1a: Eelektross|181/290|[from] item: Leftovers\n|upkeep\n|turn|4\n|\n|t:|1781408474\n|move|p2a: Suicune|Protect|p2a: Suicune\n|-singleturn|p2a: Suicune|Protect\n|move|p1a: Eelektross|Coil|p1a: Eelektross\n|-boost|p1a: Eelektross|atk|1\n|-boost|p1a: Eelektross|def|1\n|-boost|p1a: Eelektross|accuracy|1\n|\n|-heal|p2a: Suicune|296/298|[from] item: Leftovers\n|-heal|p1a: Eelektross|199/290|[from] item: Leftovers\n|upkeep\n|turn|5\n|\n|t:|1781408479\n|move|p2a: Suicune|Substitute|p2a: Suicune\n|-start|p2a: Suicune|Substitute\n|-damage|p2a: Suicune|222/298\n|move|p1a: Eelektross|Supercell Slam|p2a: Suicune\n|-supereffective|p2a: Suicune\n|-end|p2a: Suicune|Substitute\n|\n|-heal|p2a: Suicune|240/298|[from] item: Leftovers\n|-heal|p1a: Eelektross|217/290|[from] item: Leftovers\n|upkeep\n|turn|6\n|\n|t:|1781408482\n|move|p2a: Suicune|Scald|p1a: Eelektross\n|-damage|p1a: Eelektross|108/290\n|move|p1a: Eelektross|Coil|p1a: Eelektross\n|-boost|p1a: Eelektross|atk|1\n|-boost|p1a: Eelektross|def|1\n|-boost|p1a: Eelektross|accuracy|1\n|\n|-heal|p2a: Suicune|258/298|[from] item: Leftovers\n|-heal|p1a: Eelektross|126/290|[from] item: Leftovers\n|upkeep\n|turn|7\n|\n|t:|1781408490\n|move|p2a: Suicune|Substitute|p2a: Suicune\n|-start|p2a: Suicune|Substitute\n|-damage|p2a: Suicune|184/298\n|move|p1a: Eelektross|Drain Punch|p2a: Suicune\n|-end|p2a: Suicune|Substitute\n|-heal|p1a: Eelektross|163/290|[from] drain|[of] p2a: Suicune\n|\n|-heal|p2a: Suicune|202/298|[from] item: Leftovers\n|-heal|p1a: Eelektross|181/290|[from] item: Leftovers\n|upkeep\n|turn|8\n|\n|t:|1781408498\n|move|p2a: Suicune|Scald|p1a: Eelektross\n|-damage|p1a: Eelektross|70/290\n|-status|p1a: Eelektross|brn\n|move|p1a: Eelektross|Drain Punch|p2a: Suicune\n|-damage|p2a: Suicune|146/298\n|-heal|p1a: Eelektross|98/290 brn|[from] drain|[of] p2a: Suicune\n|\n|-heal|p2a: Suicune|164/298|[from] item: Leftovers\n|-heal|p1a: Eelektross|116/290 brn|[from] item: Leftovers\n|-damage|p1a: Eelektross|98/290 brn|[from] brn\n|upkeep\n|turn|9\n|\n|t:|1781408508\n|move|p2a: Suicune|Protect|p2a: Suicune\n|-singleturn|p2a: Suicune|Protect\n|move|p1a: Eelektross|Drain Punch|p2a: Suicune\n|-activate|p2a: Suicune|move: Protect\n|\n|-heal|p2a: Suicune|182/298|[from] item: Leftovers\n|-heal|p1a: Eelektross|116/290 brn|[from] item: Leftovers\n|-damage|p1a: Eelektross|98/290 brn|[from] brn\n|upkeep\n|turn|10\n|\n|t:|1781408513\n|move|p2a: Suicune|Scald|p1a: Eelektross\n|-damage|p1a: Eelektross|0 fnt\n|faint|p1a: Eelektross\n|\n|-heal|p2a: Suicune|200/298|[from] item: Leftovers\n|upkeep\n|\n|t:|1781408519\n|switch|p1a: Iron Bundle|Iron Bundle, L78|215/215\n|turn|11\n|\n|t:|1781408523\n|move|p2a: Suicune|Protect|p2a: Suicune\n|-singleturn|p2a: Suicune|Protect\n|move|p1a: Iron Bundle|Freeze-Dry|p2a: Suicune\n|-activate|p2a: Suicune|move: Protect\n|\n|-heal|p2a: Suicune|218/298|[from] item: Leftovers\n|upkeep\n|turn|12\n|\n|t:|1781408531\n|switch|p2a: Grumpig|Grumpig, L92, M|297/297\n|move|p1a: Iron Bundle|Freeze-Dry|p2a: Grumpig\n|-damage|p2a: Grumpig|255/297\n|\n|-heal|p2a: Grumpig|273/297|[from] item: Leftovers\n|upkeep\n|turn|13\n|\n|t:|1781408551\n|-end|p1a: Iron Bundle|Quark Drive|[silent]\n|switch|p1a: Dragapult|Dragapult, L77, M|262/262\n|move|p2a: Grumpig|Focus Blast|p1a: Dragapult\n|-immune|p1a: Dragapult\n|\n|-heal|p2a: Grumpig|291/297|[from] item: Leftovers\n|upkeep\n|turn|14\n|\n|t:|1781408557\n|move|p1a: Dragapult|Shadow Ball|p2a: Grumpig\n|-supereffective|p2a: Grumpig\n|-damage|p2a: Grumpig|133/297\n|move|p2a: Grumpig|Shadow Ball|p1a: Dragapult\n|-supereffective|p1a: Dragapult\n|-crit|p1a: Dragapult\n|-damage|p1a: Dragapult|18/262\n|-unboost|p1a: Dragapult|spd|1\n|\n|-heal|p2a: Grumpig|151/297|[from] item: Leftovers\n|upkeep\n|turn|15\n|\n|t:|1781408565\n|move|p1a: Dragapult|Shadow Ball|p2a: Grumpig\n|-supereffective|p2a: Grumpig\n|-damage|p2a: Grumpig|0 fnt\n|faint|p2a: Grumpig\n|\n|upkeep\n|\n|t:|1781408577\n|switch|p2a: Suicune|Suicune, L82|218/298\n|-ability|p2a: Suicune|Pressure\n|turn|16\n|\n|t:|1781408585\n|switch|p1a: Iron Bundle|Iron Bundle, L78|215/215\n|move|p2a: Suicune|Protect||[still]\n|-fail|p2a: Suicune\n|\n|-heal|p2a: Suicune|236/298|[from] item: Leftovers\n|upkeep\n|turn|17\n|\n|t:|1781408592\n|switch|p2a: Articuno|Articuno, L86|295/295\n|-ability|p2a: Articuno|Pressure\n|move|p1a: Iron Bundle|Freeze-Dry|p2a: Articuno\n|-damage|p2a: Articuno|211/295\n|\n|upkeep\n|turn|18\n|\n|t:|1781408597\n|-end|p1a: Iron Bundle|Quark Drive|[silent]\n|switch|p1a: Iron Treads|Iron Treads, L77|265/265\n|move|p2a: Articuno|Roost|p2a: Articuno\n|-heal|p2a: Articuno|295/295\n|-singleturn|p2a: Articuno|move: Roost\n|\n|upkeep\n|turn|19\n|\n|t:|1781408606\n|switch|p2a: Suicune|Suicune, L82|236/298\n|-ability|p2a: Suicune|Pressure\n|move|p1a: Iron Treads|Stealth Rock|p2a: Suicune\n|-sidestart|p2: silverfox265|move: Stealth Rock\n|\n|-heal|p2a: Suicune|254/298|[from] item: Leftovers\n|upkeep\n|turn|20\n|\n|t:|1781408609\n|-end|p1a: Iron Treads|Quark Drive|[silent]\n|switch|p1a: Iron Bundle|Iron Bundle, L78|215/215\n|move|p2a: Suicune|Scald|p1a: Iron Bundle\n|-resisted|p1a: Iron Bundle\n|-damage|p1a: Iron Bundle|160/215\n|\n|-heal|p2a: Suicune|272/298|[from] item: Leftovers\n|upkeep\n|turn|21\n|\n|t:|1781408616\n|switch|p2a: Slowking|Slowking, L88, M|310/310\n|move|p1a: Iron Bundle|Freeze-Dry|p2a: Slowking\n|-supereffective|p2a: Slowking\n|-damage|p2a: Slowking|112/310\n|\n|upkeep\n|turn|22\n|\n|t:|1781408621\n|move|p1a: Iron Bundle|Freeze-Dry|p2a: Slowking\n|-supereffective|p2a: Slowking\n|-damage|p2a: Slowking|0 fnt\n|faint|p2a: Slowking\n|\n|upkeep\n|\n|t:|1781408627\n|switch|p2a: Annihilape|Annihilape, L76, F|292/292\n|-damage|p2a: Annihilape|274/292|[from] Stealth Rock\n|turn|23\n|\n|t:|1781408634\n|-end|p1a: Iron Bundle|Quark Drive|[silent]\n|switch|p1a: Banette|Banette, L93, M|270/270\n|move|p2a: Annihilape|Drain Punch|p1a: Banette\n|-immune|p1a: Banette\n|\n|-heal|p2a: Annihilape|292/292|[from] item: Leftovers\n|upkeep\n|turn|24\n|\n|t:|1781408638\n|move|p2a: Annihilape|Bulk Up|p2a: Annihilape\n|-boost|p2a: Annihilape|atk|1\n|-boost|p2a: Annihilape|def|1\n|move|p1a: Banette|Poltergeist|p2a: Annihilape\n|-activate|p2a: Annihilape|move: Poltergeist|Leftovers\n|-supereffective|p2a: Annihilape\n|-damage|p2a: Annihilape|0 fnt\n|faint|p2a: Annihilape\n|-damage|p1a: Banette|243/270|[from] item: Life Orb\n|\n|upkeep\n|\n|t:|1781408642\n|switch|p2a: Sunflora|Sunflora, M|312/312\n|-damage|p2a: Sunflora|273/312|[from] Stealth Rock\n|turn|25\n|\n|t:|1781408651\n|move|p1a: Banette|Gunk Shot|p2a: Sunflora|[miss]\n|-miss|p1a: Banette|p2a: Sunflora\n|move|p2a: Sunflora|Sunny Day|p2a: Sunflora\n|-weather|SunnyDay\n|\n|-weather|SunnyDay|[upkeep]\n|upkeep\n|turn|26\n|\n|t:|1781408661\n|move|p2a: Sunflora|Solar Beam||[still]\n|-prepare|p2a: Sunflora|Solar Beam\n|-anim|p2a: Sunflora|Solar Beam|p1a: Banette\n|-damage|p1a: Banette|0 fnt\n|faint|p1a: Banette\n|-damage|p2a: Sunflora|242/312|[from] item: Life Orb\n|\n|-weather|SunnyDay|[upkeep]\n|upkeep\n|\n|t:|1781408670\n|switch|p1a: Dragapult|Dragapult, L77, M|18/262\n|turn|27\n|\n|t:|1781408675\n|move|p1a: Dragapult|Fire Blast|p2a: Sunflora\n|-supereffective|p2a: Sunflora\n|-damage|p2a: Sunflora|0 fnt\n|faint|p2a: Sunflora\n|\n|-weather|SunnyDay|[upkeep]\n|upkeep\n|\n|t:|1781408680\n|switch|p2a: Articuno|Articuno, L86|295/295\n|-ability|p2a: Articuno|Pressure\n|turn|28\n|\n|t:|1781408687\n|switch|p1a: Iron Treads|Iron Treads, L77|265/265\n|move|p2a: Articuno|Freeze-Dry|p1a: Iron Treads\n|-crit|p1a: Iron Treads\n|-damage|p1a: Iron Treads|121/265\n|\n|-weather|SunnyDay|[upkeep]\n|-heal|p1a: Iron Treads|137/265|[from] item: Leftovers\n|upkeep\n|turn|29\n|c|\u2606silverfox265|gg\n|\n|t:|1781408696\n|move|p1a: Iron Treads|Iron Head|p2a: Articuno\n|-supereffective|p2a: Articuno\n|-damage|p2a: Articuno|143/295\n|cant|p2a: Articuno|flinch\n|\n|-weather|none\n|-heal|p1a: Iron Treads|153/265|[from] item: Leftovers\n|upkeep\n|turn|30\n|c|\u2606Best Kittel|Gg\n|\n|t:|1781408703\n|-terastallize|p2a: Articuno|Steel\n|move|p1a: Iron Treads|Iron Head|p2a: Articuno\n|-resisted|p2a: Articuno\n|-damage|p2a: Articuno|108/295\n|cant|p2a: Articuno|flinch\n|\n|-heal|p1a: Iron Treads|169/265|[from] item: Leftovers\n|upkeep\n|turn|31\n|-message|silverfox265 forfeited.\n|\n|win|Best Kittel\n|raw|Best Kittel's rating: 1654 &rarr; <strong>1674</strong><br />(+20 for winning)\n|raw|silverfox265's rating: 1658 &rarr; <strong>1638</strong><br />(-20 for losing)\n|l|\u2606silverfox265\n|player|p2|\n", "inputlog": ">version a8376a258c1d4662feba110a92103f3664a72141\n>start {\"formatid\":\"gen9randombattle\",\"seed\":\"sodium,faf9489b1f5ec08863bd5b77a2a4e0d7\",\"rated\":\"Rated battle\"}\n>player p1 {\"name\":\"Best Kittel\",\"avatar\":\"volkner\",\"rating\":1654,\"seed\":\"sodium,b78b77aff05a581a26e270c617492ef2\"}\n>player p2 {\"name\":\"silverfox265\",\"avatar\":\"101\",\"rating\":1658,\"seed\":\"sodium,304cd0e2c68bd06452ccf002bce3f28d\"}\n>p1 switch 2\n>p2 move substitute\n>p1 move supercellslam\n>p2 move protect\n>p1 move supercellslam\n>p2 move calmmind\n>p1 move coil\n>p2 move protect\n>p1 move supercellslam\n>p2 move substitute\n>p1 move coil\n>p2 move scald\n>p1 move drainpunch\n>p2 move substitute\n>p1 move drainpunch\n>p2 move scald\n>p1 move drainpunch\n>p2 move protect\n>p1 move supercellslam\n>p2 move scald\n>p1 switch 4\n>p1 move freezedry\n>p2 move protect\n>p1 move freezedry\n>p2 switch 2\n>p1 switch 5\n>p2 move focusblast\n>p1 move shadowball\n>p2 move shadowball\n>p1 move shadowball\n>p2 move shadowball\n>p2 switch 2\n>p1 switch 5\n>p2 move protect\n>p1 move freezedry\n>p2 switch 4\n>p1 switch 3\n>p2 move roost\n>p1 move stealthrock\n>p2 switch 4\n>p1 switch 3\n>p2 move scald\n>p1 move freezedry\n>p2 switch 5\n>p1 move freezedry\n>p2 move chillyreception\n>p2 switch 3\n>p1 switch 6\n>p2 move drainpunch\n>p1 move poltergeist\n>p2 move bulkup\n>p2 switch 6\n>p1 move gunkshot\n>p2 move sunnyday\n>p1 move poltergeist\n>p2 move solarbeam\n>p1 switch 5\n>p1 move fireblast\n>p2 move weatherball\n>p2 switch 4\n>p1 switch 3\n>p2 move freezedry\n>chat \u2606silverfox265|gg\n>p1 move ironhead\n>p2 move freezedry\n>chat \u2606Best Kittel|Gg\n>p1 move ironhead\n>p2 move roost terastallize\n>forcelose p2", "uploadtime": 1781408714, "views": 6, "formatid": "gen9randombattle", "rating": 1638, "private": 0, "password": null, "player_dets": [{"name": "Best Kittel", "avatar": "volkner", "rating": 1654, "seed": "sodium,b78b77aff05a581a26e270c617492ef2"}, {"name": "silverfox265", "avatar": "101", "rating": 1658, "seed": "sodium,304cd0e2c68bd06452ccf002bce3f28d"}], "teams_full": [{"Suicune": {"name": "Suicune", "species": "Suicune", "speciesId": "suicune", "gender": "N", "shiny": false, "level": 82, "moves": ["rest", "scald", "sleeptalk", "calmmind"], "ability": "Pressure", "evs": {"hp": 85, "atk": 0, "def": 85, "spa": 85, "spd": 85, "spe": 85}, "ivs": {"hp": 31, "atk": 0, "def": 31, "spa": 31, "spd": 31, "spe": 31}, "item": "Leftovers", "teraType": "Steel", "role": "Bulky Attacker", "bvs": {"hp": 100, "atk": 75, "def": 115, "spa": 90, "spd": 115, "spe": 85}, "stats": {"hp": 298, "atk": 127, "def": 236, "spa": 195, "spd": 236, "spe": 187}}, "Eelektross": {"name": "Eelektross", "species": "Eelektross", "speciesId": "eelektross", "gender": "M", "shiny": false, "level": 87, "moves": ["knockoff", "supercellslam", "drainpunch", "coil"], "ability": "Levitate", "evs": {"hp": 85, "atk": 85, "def": 85, "spa": 85, "spd": 85, "spe": 85}, "ivs": {"hp": 31, "atk": 31, "def": 31, "spa": 31, "spd": 31, "spe": 31}, "item": "Leftovers", "teraType": "Fighting", "role": "Bulky Setup", "bvs": {"hp": 85, "atk": 115, "def": 80, "spa": 105, "spd": 80, "spe": 50}, "stats": {"hp": 290, "atk": 250, "def": 189, "spa": 232, "spd": 189, "spe": 137}}, "Iron Treads": {"name": "Iron Treads", "species": "Iron Treads", "speciesId": "irontreads", "gender": "N", "shiny": false, "level": 77, "moves": ["ironhead", "stealthrock", "rapidspin", "earthquake"], "ability": "Quark Drive", "evs": {"hp": 85, "atk": 85, "def": 85, "spa": 85, "spd": 85, "spe": 85}, "ivs": {"hp": 31, "atk": 31, "def": 31, "spa": 31, "spd": 31, "spe": 31}, "item": "Leftovers", "teraType": "Ghost", "role": "Bulky Support", "bvs": {"hp": 90, "atk": 112, "def": 120, "spa": 72, "spd": 70, "spe": 106}, "stats": {"hp": 265, "atk": 217, "def": 229, "spa": 155, "spd": 152, "spe": 208}}, "Iron Bundle": {"name": "Iron Bundle", "species": "Iron Bundle", "speciesId": "ironbundle", "gender": "N", "shiny": false, "level": 78, "moves": ["icebeam", "flipturn", "hydropump", "freezedry"], "ability": "Quark Drive", "evs": {"hp": 85, "atk": 85, "def": 85, "spa": 85, "spd": 85, "spe": 85}, "ivs": {"hp": 31, "atk": 31, "def": 31, "spa": 31, "spd": 31, "spe": 31}, "item": "Choice Specs", "teraType": "Ice", "role": "Fast Attacker", "bvs": {"hp": 56, "atk": 80, "def": 114, "spa": 124, "spd": 60, "spe": 136}, "stats": {"hp": 215, "atk": 170, "def": 223, "spa": 239, "spd": 139, "spe": 257}}, "Dragapult": {"name": "Dragapult", "species": "Dragapult", "speciesId": "dragapult", "gender": "M", "shiny": false, "level": 77, "moves": ["shadowball", "fireblast", "uturn", "dracometeor"], "ability": "Infiltrator", "evs": {"hp": 85, "atk": 85, "def": 85, "spa": 85, "spd": 85, "spe": 85}, "ivs": {"hp": 31, "atk": 31, "def": 31, "spa": 31, "spd": 31, "spe": 31}, "item": "Choice Specs", "teraType": "Fire", "role": "Fast Attacker", "bvs": {"hp": 88, "atk": 120, "def": 75, "spa": 100, "spd": 75, "spe": 142}, "stats": {"hp": 262, "atk": 229, "def": 160, "spa": 199, "spd": 160, "spe": 263}}, "Banette": {"name": "Banette", "species": "Banette", "speciesId": "banette", "gender": "M", "shiny": false, "level": 93, "moves": ["poltergeist", "swordsdance", "shadowsneak", "gunkshot"], "ability": "Insomnia", "evs": {"hp": 85, "atk": 85, "def": 85, "spa": 85, "spd": 85, "spe": 85}, "ivs": {"hp": 31, "atk": 31, "def": 31, "spa": 31, "spd": 31, "spe": 31}, "item": "Life Orb", "teraType": "Poison", "role": "Wallbreaker", "bvs": {"hp": 64, "atk": 115, "def": 65, "spa": 83, "spd": 63, "spe": 65}, "stats": {"hp": 270, "atk": 267, "def": 174, "spa": 207, "spd": 170, "spe": 174}}}, {"Suicune": {"name": "Suicune", "species": "Suicune", "speciesId": "suicune", "gender": "N", "shiny": false, "level": 82, "moves": ["substitute", "protect", "scald", "calmmind"], "ability": "Pressure", "evs": {"hp": 85, "atk": 0, "def": 85, "spa": 85, "spd": 85, "spe": 85}, "ivs": {"hp": 31, "atk": 0, "def": 31, "spa": 31, "spd": 31, "spe": 31}, "item": "Leftovers", "teraType": "Steel", "role": "Fast Support", "bvs": {"hp": 100, "atk": 75, "def": 115, "spa": 90, "spd": 115, "spe": 85}, "stats": {"hp": 298, "atk": 127, "def": 236, "spa": 195, "spd": 236, "spe": 187}}, "Grumpig": {"name": "Grumpig", "species": "Grumpig", "speciesId": "grumpig", "gender": "M", "shiny": false, "level": 92, "moves": ["nastyplot", "focusblast", "shadowball", "psychic"], "ability": "Thick Fat", "evs": {"hp": 85, "atk": 0, "def": 85, "spa": 85, "spd": 85, "spe": 85}, "ivs": {"hp": 31, "atk": 0, "def": 31, "spa": 31, "spd": 31, "spe": 31}, "item": "Leftovers", "teraType": "Fighting", "role": "Bulky Setup", "bvs": {"hp": 80, "atk": 45, "def": 65, "spa": 90, "spd": 110, "spe": 80}, "stats": {"hp": 297, "atk": 87, "def": 172, "spa": 218, "spd": 255, "spe": 200}}, "Annihilape": {"name": "Annihilape", "species": "Annihilape", "speciesId": "annihilape", "gender": "F", "shiny": false, "level": 76, "moves": ["ragefist", "drainpunch", "bulkup", "gunkshot"], "ability": "Defiant", "evs": {"hp": 85, "atk": 85, "def": 85, "spa": 85, "spd": 85, "spe": 85}, "ivs": {"hp": 31, "atk": 31, "def": 31, "spa": 31, "spd": 31, "spe": 31}, "item": "Leftovers", "teraType": "Ghost", "role": "Bulky Setup", "bvs": {"hp": 110, "atk": 115, "def": 80, "spa": 50, "spd": 90, "spe": 90}, "stats": {"hp": 292, "atk": 219, "def": 166, "spa": 120, "spd": 181, "spe": 181}}, "Articuno": {"name": "Articuno", "species": "Articuno", "speciesId": "articuno", "gender": "N", "shiny": false, "level": 86, "moves": ["roost", "freezedry", "substitute", "bravebird"], "ability": "Pressure", "evs": {"hp": 85, "atk": 85, "def": 85, "spa": 85, "spd": 85, "spe": 85}, "ivs": {"hp": 31, "atk": 31, "def": 31, "spa": 31, "spd": 31, "spe": 31}, "item": "Heavy-Duty Boots", "teraType": "Steel", "role": "Bulky Support", "bvs": {"hp": 90, "atk": 85, "def": 100, "spa": 95, "spd": 125, "spe": 85}, "stats": {"hp": 295, "atk": 195, "def": 221, "spa": 213, "spd": 264, "spe": 195}}, "Slowking": {"name": "Slowking", "species": "Slowking", "speciesId": "slowking", "gender": "M", "shiny": false, "level": 88, "moves": ["futuresight", "slackoff", "chillyreception", "scald"], "ability": "Regenerator", "evs": {"hp": 85, "atk": 0, "def": 85, "spa": 85, "spd": 85, "spe": 85}, "ivs": {"hp": 31, "atk": 0, "def": 31, "spa": 31, "spd": 31, "spe": 31}, "item": "Heavy-Duty Boots", "teraType": "Dragon", "role": "Fast Support", "bvs": {"hp": 95, "atk": 75, "def": 80, "spa": 100, "spd": 110, "spe": 30}, "stats": {"hp": 310, "atk": 137, "def": 191, "spa": 226, "spd": 244, "spe": 103}}, "Sunflora": {"name": "Sunflora", "species": "Sunflora", "speciesId": "sunflora", "gender": "M", "shiny": false, "level": 100, "moves": ["weatherball", "sunnyday", "solarbeam", "earthpower"], "ability": "Chlorophyll", "evs": {"hp": 85, "atk": 0, "def": 85, "spa": 85, "spd": 85, "spe": 85}, "ivs": {"hp": 31, "atk": 0, "def": 31, "spa": 31, "spd": 31, "spe": 31}, "item": "Life Orb", "teraType": "Fire", "role": "Setup Sweeper", "bvs": {"hp": 75, "atk": 75, "def": 55, "spa": 105, "spd": 85, "spe": 30}, "stats": {"hp": 312, "atk": 155, "def": 167, "spa": 267, "spd": 227, "spe": 117}}}]}