{"id": "gen9randombattle-2631478877", "format": "[Gen 9] Random Battle", "players": ["soccrbeast888", "RainbowRoxy890"], "log": "|j|\u2606soccrbeast888\n|j|\u2606RainbowRoxy890\n|t:|1781390007\n|gametype|singles\n|player|p1|soccrbeast888|rancher|2089\n|player|p2|RainbowRoxy890|102|2062\n|gen|9\n|tier|[Gen 9] Random Battle\n|rated|\n|rule|Species Clause: Limit one of each Pok\u00e9mon\n|rule|HP Percentage Mod: HP is shown in percentages\n|rule|Sleep Clause Mod: Limit one foe put to sleep\n|rule|Illusion Level Mod: Illusion disguises the Pok\u00e9mon's true level\n|\n|t:|1781390007\n|teamsize|p1|6\n|teamsize|p2|6\n|start\n|switch|p1a: Baxcalibur|Baxcalibur, L75, M|296/296\n|switch|p2a: Lucario|Lucario, L84, M|255/255\n|turn|1\n|inactive|Battle timer is ON: inactive players will automatically lose when time's up. (requested by RainbowRoxy890)\n|inactive|soccrbeast888 has 120 seconds left.\n|\n|t:|1781390040\n|move|p2a: Lucario|Meteor Mash|p1a: Baxcalibur\n|-supereffective|p1a: Baxcalibur\n|-damage|p1a: Baxcalibur|0 fnt\n|faint|p1a: Baxcalibur\n|\n|upkeep\n|\n|t:|1781390052\n|switch|p1a: Emboar|Emboar, L84, M|322/322\n|turn|2\n|\n|t:|1781390064\n|switch|p2a: Appletun|Appletun, L92, M|352/352\n|move|p1a: Emboar|Trailblaze|p2a: Appletun\n|-resisted|p2a: Appletun\n|-damage|p2a: Appletun|342/352\n|-boost|p1a: Emboar|spe|1\n|\n|-heal|p2a: Appletun|352/352|[from] item: Leftovers\n|upkeep\n|turn|3\n|\n|t:|1781390079\n|switch|p1a: Scream Tail|Scream Tail, L84|330/330\n|move|p2a: Appletun|Dragon Tail|p1a: Scream Tail\n|-immune|p1a: Scream Tail\n|\n|upkeep\n|turn|4\n|inactive|RainbowRoxy890 has 120 seconds left.\n|\n|t:|1781390114\n|move|p1a: Scream Tail|Thunder Wave|p2a: Appletun\n|-status|p2a: Appletun|par\n|move|p2a: Appletun|Apple Acid|p1a: Scream Tail\n|-damage|p1a: Scream Tail|245/330\n|-unboost|p1a: Scream Tail|spd|1\n|\n|-heal|p1a: Scream Tail|265/330|[from] item: Leftovers\n|upkeep\n|turn|5\n|\n|t:|1781390127\n|move|p1a: Scream Tail|Dazzling Gleam|p2a: Appletun\n|-supereffective|p2a: Appletun\n|-damage|p2a: Appletun|220/352 par\n|move|p2a: Appletun|Apple Acid|p1a: Scream Tail\n|-damage|p1a: Scream Tail|144/330\n|-unboost|p1a: Scream Tail|spd|1\n|\n|-heal|p1a: Scream Tail|164/330|[from] item: Leftovers\n|-heal|p2a: Appletun|242/352 par|[from] item: Leftovers\n|upkeep\n|turn|6\n|\n|t:|1781390147\n|-end|p1a: Scream Tail|Protosynthesis|[silent]\n|switch|p1a: Deoxys|Deoxys-Speed, L82|216/216\n|-ability|p1a: Deoxys|Pressure\n|move|p2a: Appletun|Apple Acid|p1a: Deoxys\n|-damage|p1a: Deoxys|117/216\n|-unboost|p1a: Deoxys|spd|1\n|\n|-heal|p1a: Deoxys|130/216|[from] item: Leftovers\n|-heal|p2a: Appletun|264/352 par|[from] item: Leftovers\n|upkeep\n|turn|7\n|\n|t:|1781390155\n|move|p1a: Deoxys|Stealth Rock|p2a: Appletun\n|-sidestart|p2: RainbowRoxy890|move: Stealth Rock\n|move|p2a: Appletun|Apple Acid|p1a: Deoxys\n|-damage|p1a: Deoxys|0 fnt\n|faint|p1a: Deoxys\n|\n|-heal|p2a: Appletun|286/352 par|[from] item: Leftovers\n|upkeep\n|\n|t:|1781390171\n|switch|p1a: Primarina|Primarina, L83, F|268/268\n|turn|8\n|\n|t:|1781390180\n|move|p1a: Primarina|Calm Mind|p1a: Primarina\n|-boost|p1a: Primarina|spa|1\n|-boost|p1a: Primarina|spd|1\n|move|p2a: Appletun|Apple Acid|p1a: Primarina\n|-supereffective|p1a: Primarina\n|-damage|p1a: Primarina|148/268\n|-unboost|p1a: Primarina|spd|1\n|\n|-heal|p1a: Primarina|164/268|[from] item: Leftovers\n|-heal|p2a: Appletun|308/352 par|[from] item: Leftovers\n|upkeep\n|turn|9\n|\n|t:|1781390190\n|move|p1a: Primarina|Draining Kiss|p2a: Appletun\n|-supereffective|p2a: Appletun\n|-damage|p2a: Appletun|114/352 par\n|-heal|p1a: Primarina|268/268|[from] drain|[of] p2a: Appletun\n|move|p2a: Appletun|Apple Acid|p1a: Primarina\n|-supereffective|p1a: Primarina\n|-damage|p1a: Primarina|100/268\n|-unboost|p1a: Primarina|spd|1\n|\n|-heal|p1a: Primarina|116/268|[from] item: Leftovers\n|-heal|p2a: Appletun|136/352 par|[from] item: Leftovers\n|upkeep\n|turn|10\n|\n|t:|1781390202\n|move|p1a: Primarina|Draining Kiss|p2a: Appletun\n|-supereffective|p2a: Appletun\n|-damage|p2a: Appletun|0 fnt\n|-heal|p1a: Primarina|218/268|[from] drain|[of] p2a: Appletun\n|faint|p2a: Appletun\n|\n|-heal|p1a: Primarina|234/268|[from] item: Leftovers\n|upkeep\n|\n|t:|1781390205\n|switch|p2a: Brambleghast|Brambleghast, L88, M|240/240\n|turn|11\n|\n|t:|1781390219\n|move|p2a: Brambleghast|Rapid Spin|p1a: Primarina\n|-damage|p1a: Primarina|182/268\n|-boost|p2a: Brambleghast|spe|1\n|-sideend|p2: RainbowRoxy890|Stealth Rock|[from] move: Rapid Spin|[of] p2a: Brambleghast\n|move|p1a: Primarina|Draining Kiss|p2a: Brambleghast\n|-damage|p2a: Brambleghast|122/240\n|-heal|p1a: Primarina|268/268|[from] drain|[of] p2a: Brambleghast\n|\n|upkeep\n|turn|12\n|\n|t:|1781390240\n|switch|p1a: Emboar|Emboar, L84, M|322/322\n|move|p2a: Brambleghast|Power Whip|p1a: Emboar\n|-resisted|p1a: Emboar\n|-damage|p1a: Emboar|217/322\n|\n|-heal|p1a: Emboar|237/322|[from] item: Leftovers\n|upkeep\n|turn|13\n|\n|t:|1781390253\n|move|p2a: Brambleghast|Poltergeist|p1a: Emboar\n|-activate|p1a: Emboar|move: Poltergeist|Leftovers\n|-damage|p1a: Emboar|50/322\n|move|p1a: Emboar|Bulk Up|p1a: Emboar\n|-boost|p1a: Emboar|atk|1\n|-boost|p1a: Emboar|def|1\n|\n|-heal|p1a: Emboar|70/322|[from] item: Leftovers\n|upkeep\n|turn|14\n|\n|t:|1781390261\n|move|p2a: Brambleghast|Poltergeist|p1a: Emboar\n|-activate|p1a: Emboar|move: Poltergeist|Leftovers\n|-damage|p1a: Emboar|0 fnt\n|faint|p1a: Emboar\n|\n|upkeep\n|\n|t:|1781390268\n|switch|p1a: Scream Tail|Scream Tail, L84|164/330\n|turn|15\n|\n|t:|1781390271\n|move|p1a: Scream Tail|Protect|p1a: Scream Tail\n|-singleturn|p1a: Scream Tail|Protect\n|move|p2a: Brambleghast|Poltergeist|p1a: Scream Tail\n|-activate|p1a: Scream Tail|move: Protect\n|\n|-heal|p1a: Scream Tail|184/330|[from] item: Leftovers\n|upkeep\n|turn|16\n|\n|t:|1781390279\n|-terastallize|p1a: Scream Tail|Poison\n|move|p2a: Brambleghast|Poltergeist|p1a: Scream Tail\n|-activate|p1a: Scream Tail|move: Poltergeist|Leftovers\n|-damage|p1a: Scream Tail|42/330\n|move|p1a: Scream Tail|Thunder Wave|p2a: Brambleghast\n|-status|p2a: Brambleghast|par\n|\n|-heal|p1a: Scream Tail|62/330|[from] item: Leftovers\n|upkeep\n|turn|17\n|\n|t:|1781390289\n|move|p1a: Scream Tail|Wish|p1a: Scream Tail\n|move|p2a: Brambleghast|Poltergeist|p1a: Scream Tail\n|-activate|p1a: Scream Tail|move: Poltergeist|Leftovers\n|-crit|p1a: Scream Tail\n|-damage|p1a: Scream Tail|0 fnt\n|faint|p1a: Scream Tail\n|-end|p1a: Scream Tail|Protosynthesis|[silent]\n|\n|upkeep\n|\n|t:|1781390312\n|switch|p1a: Primarina|Primarina, L83, F|268/268\n|turn|18\n|\n|t:|1781390316\n|move|p2a: Brambleghast|Power Whip|p1a: Primarina\n|-supereffective|p1a: Primarina\n|-damage|p1a: Primarina|0 fnt\n|faint|p1a: Primarina\n|\n|upkeep\n|-message|soccrbeast888 forfeited.\n|\n|win|RainbowRoxy890\n", "inputlog": ">version a8376a258c1d4662feba110a92103f3664a72141\n>start {\"formatid\":\"gen9randombattle\",\"seed\":\"sodium,11e8415ddb278f0d0a0174bfad3558d5\",\"rated\":\"Rated battle\"}\n>player p1 {\"name\":\"soccrbeast888\",\"avatar\":\"rancher\",\"rating\":2089,\"seed\":\"sodium,6b5a3f58773cab095850c47d498a410f\"}\n>player p2 {\"name\":\"RainbowRoxy890\",\"avatar\":\"102\",\"rating\":2062,\"seed\":\"sodium,c05d1f636024dfa0bafb3de799d362f3\"}\n>p1 move dragondance\n>p2 move meteormash\n>p1 switch 5\n>p1 move trailblaze\n>p2 switch 4\n>p1 switch 6\n>p2 move dragontail\n>p1 move thunderwave\n>p2 move appleacid\n>p1 move dazzlinggleam\n>p2 move appleacid\n>p1 switch 2\n>p2 move appleacid\n>p1 move stealthrock\n>p2 move appleacid\n>p1 switch 4\n>p1 move calmmind\n>p2 move appleacid\n>p1 move drainingkiss\n>p2 move appleacid\n>p1 move drainingkiss\n>p2 move appleacid\n>p2 switch 2\n>p1 move drainingkiss\n>p2 move rapidspin\n>p1 switch 6\n>p2 move powerwhip\n>p1 move bulkup\n>p2 move poltergeist\n>p1 move flareblitz\n>p2 move poltergeist\n>p1 switch 2\n>p1 move protect\n>p2 move poltergeist\n>p1 move thunderwave terastallize\n>p2 move poltergeist\n>p1 move wish\n>p2 move poltergeist\n>p1 switch 6\n>p1 move calmmind\n>p2 move powerwhip\n>forcelose p1", "uploadtime": 1781390009, "views": 5, "formatid": "gen9randombattle", "rating": null, "private": 0, "password": null, "player_dets": [{"name": "soccrbeast888", "avatar": "rancher", "rating": 2089, "seed": "sodium,6b5a3f58773cab095850c47d498a410f"}, {"name": "RainbowRoxy890", "avatar": "102", "rating": 2062, "seed": "sodium,c05d1f636024dfa0bafb3de799d362f3"}], "teams_full": [{"Baxcalibur": {"name": "Baxcalibur", "species": "Baxcalibur", "speciesId": "baxcalibur", "gender": "M", "shiny": false, "level": 75, "moves": ["earthquake", "glaiverush", "iciclecrash", "dragondance"], "ability": "Thermal Exchange", "evs": {"hp": 85, "atk": 85, "def": 85, "spa": 85, "spd": 85, "spe": 85}, "ivs": {"hp": 31, "atk": 31, "def": 31, "spa": 31, "spd": 31, "spe": 31}, "item": "Heavy-Duty Boots", "teraType": "Ground", "role": "Setup Sweeper", "bvs": {"hp": 115, "atk": 145, "def": 92, "spa": 75, "spd": 86, "spe": 87}, "stats": {"hp": 296, "atk": 261, "def": 182, "spa": 156, "spd": 173, "spe": 174}, "types": ["Dragon", "Ice"]}, "Deoxys": {"name": "Deoxys", "species": "Deoxys-Speed", "speciesId": "deoxysspeed", "gender": "N", "shiny": false, "level": 82, "moves": ["stealthrock", "psychoboost", "spikes", "knockoff"], "ability": "Pressure", "evs": {"hp": 85, "atk": 85, "def": 85, "spa": 85, "spd": 85, "spe": 85}, "ivs": {"hp": 31, "atk": 31, "def": 31, "spa": 31, "spd": 31, "spe": 31}, "item": "Leftovers", "teraType": "Dark", "role": "Fast Support", "bvs": {"hp": 50, "atk": 95, "def": 90, "spa": 95, "spd": 90, "spe": 180}, "stats": {"hp": 216, "atk": 203, "def": 195, "spa": 203, "spd": 195, "spe": 342}, "types": ["Psychic"]}, "Sandaconda": {"name": "Sandaconda", "species": "Sandaconda", "speciesId": "sandaconda", "gender": "M", "shiny": false, "level": 84, "moves": ["coil", "rest", "earthquake", "stoneedge"], "ability": "Shed Skin", "evs": {"hp": 85, "atk": 85, "def": 85, "spa": 85, "spd": 85, "spe": 85}, "ivs": {"hp": 31, "atk": 31, "def": 31, "spa": 31, "spd": 31, "spe": 31}, "item": "Leftovers", "teraType": "Steel", "role": "Bulky Setup", "bvs": {"hp": 72, "atk": 107, "def": 125, "spa": 65, "spd": 70, "spe": 71}, "stats": {"hp": 258, "atk": 228, "def": 258, "spa": 157, "spd": 166, "spe": 167}, "types": ["Ground"]}, "Primarina": {"name": "Primarina", "species": "Primarina", "speciesId": "primarina", "gender": "F", "shiny": false, "level": 83, "moves": ["sparklingaria", "drainingkiss", "calmmind", "psychic"], "ability": "Torrent", "evs": {"hp": 85, "atk": 0, "def": 85, "spa": 85, "spd": 85, "spe": 85}, "ivs": {"hp": 31, "atk": 0, "def": 31, "spa": 31, "spd": 31, "spe": 31}, "item": "Leftovers", "teraType": "Steel", "role": "Bulky Attacker", "bvs": {"hp": 80, "atk": 74, "def": 74, "spa": 126, "spd": 116, "spe": 60}, "stats": {"hp": 268, "atk": 127, "def": 171, "spa": 257, "spd": 240, "spe": 147}, "types": ["Water", "Fairy"]}, "Emboar": {"name": "Emboar", "species": "Emboar", "speciesId": "emboar", "gender": "M", "shiny": false, "level": 84, "moves": ["flareblitz", "bulkup", "trailblaze", "drainpunch"], "ability": "Reckless", "evs": {"hp": 85, "atk": 85, "def": 85, "spa": 85, "spd": 85, "spe": 85}, "ivs": {"hp": 31, "atk": 31, "def": 31, "spa": 31, "spd": 31, "spe": 31}, "item": "Leftovers", "teraType": "Fighting", "role": "Bulky Setup", "bvs": {"hp": 110, "atk": 123, "def": 65, "spa": 100, "spd": 65, "spe": 65}, "stats": {"hp": 322, "atk": 255, "def": 157, "spa": 216, "spd": 157, "spe": 157}, "types": ["Fire", "Fighting"]}, "Scream Tail": {"name": "Scream Tail", "species": "Scream Tail", "speciesId": "screamtail", "gender": "N", "shiny": false, "level": 84, "moves": ["thunderwave", "wish", "dazzlinggleam", "protect"], "ability": "Protosynthesis", "evs": {"hp": 85, "atk": 0, "def": 85, "spa": 85, "spd": 85, "spe": 85}, "ivs": {"hp": 31, "atk": 0, "def": 31, "spa": 31, "spd": 31, "spe": 31}, "item": "Leftovers", "teraType": "Poison", "role": "Bulky Attacker", "bvs": {"hp": 115, "atk": 65, "def": 99, "spa": 65, "spd": 115, "spe": 111}, "stats": {"hp": 330, "atk": 114, "def": 215, "spa": 157, "spd": 241, "spe": 235}, "types": ["Fairy", "Psychic"]}}, {"Lucario": {"name": "Lucario", "species": "Lucario", "speciesId": "lucario", "gender": "M", "shiny": false, "level": 84, "moves": ["extremespeed", "meteormash", "closecombat", "stoneedge"], "ability": "Justified", "evs": {"hp": 85, "atk": 85, "def": 85, "spa": 85, "spd": 85, "spe": 85}, "ivs": {"hp": 31, "atk": 31, "def": 31, "spa": 31, "spd": 31, "spe": 31}, "item": "Choice Band", "teraType": "Normal", "role": "Fast Attacker", "bvs": {"hp": 70, "atk": 110, "def": 70, "spa": 115, "spd": 70, "spe": 90}, "stats": {"hp": 255, "atk": 233, "def": 166, "spa": 241, "spd": 166, "spe": 199}, "types": ["Fighting", "Steel"]}, "Brambleghast": {"name": "Brambleghast", "species": "Brambleghast", "speciesId": "brambleghast", "gender": "M", "shiny": false, "level": 88, "moves": ["spikes", "powerwhip", "poltergeist", "rapidspin"], "ability": "Wind Rider", "evs": {"hp": 85, "atk": 85, "def": 85, "spa": 85, "spd": 85, "spe": 85}, "ivs": {"hp": 31, "atk": 31, "def": 31, "spa": 31, "spd": 31, "spe": 31}, "item": "Heavy-Duty Boots", "teraType": "Steel", "role": "Fast Support", "bvs": {"hp": 55, "atk": 115, "def": 70, "spa": 80, "spd": 70, "spe": 90}, "stats": {"hp": 240, "atk": 253, "def": 173, "spa": 191, "spd": 173, "spe": 209}, "types": ["Grass", "Ghost"]}, "Florges": {"name": "Florges", "species": "Florges-Blue", "speciesId": "florges", "gender": "F", "shiny": false, "level": 85, "moves": ["terablast", "calmmind", "synthesis", "moonblast"], "ability": "Flower Veil", "evs": {"hp": 85, "atk": 0, "def": 85, "spa": 85, "spd": 85, "spe": 85}, "ivs": {"hp": 31, "atk": 0, "def": 31, "spa": 31, "spd": 31, "spe": 31}, "item": "Leftovers", "teraType": "Ground", "role": "Tera Blast user", "bvs": {"hp": 78, "atk": 65, "def": 68, "spa": 112, "spd": 154, "spe": 75}, "stats": {"hp": 271, "atk": 115, "def": 164, "spa": 239, "spd": 311, "spe": 176}, "types": ["Fairy"]}, "Appletun": {"name": "Appletun", "species": "Appletun", "speciesId": "appletun", "gender": "M", "shiny": false, "level": 92, "moves": ["dragonpulse", "recover", "appleacid", "dragontail"], "ability": "Thick Fat", "evs": {"hp": 85, "atk": 85, "def": 85, "spa": 85, "spd": 85, "spe": 85}, "ivs": {"hp": 31, "atk": 31, "def": 31, "spa": 31, "spd": 31, "spe": 31}, "item": "Leftovers", "teraType": "Steel", "role": "Bulky Attacker", "bvs": {"hp": 110, "atk": 85, "def": 80, "spa": 100, "spd": 80, "spe": 30}, "stats": {"hp": 352, "atk": 209, "def": 200, "spa": 236, "spd": 200, "spe": 108}, "types": ["Grass", "Dragon"]}, "Duraludon": {"name": "Duraludon", "species": "Duraludon", "speciesId": "duraludon", "gender": "F", "shiny": false, "level": 82, "moves": ["bodypress", "dracometeor", "flashcannon", "stealthrock"], "ability": "Light Metal", "evs": {"hp": 85, "atk": 0, "def": 85, "spa": 85, "spd": 85, "spe": 85}, "ivs": {"hp": 31, "atk": 0, "def": 31, "spa": 31, "spd": 31, "spe": 31}, "item": "Eviolite", "teraType": "Fighting", "role": "Bulky Attacker", "bvs": {"hp": 70, "atk": 95, "def": 115, "spa": 120, "spd": 50, "spe": 85}, "stats": {"hp": 249, "atk": 160, "def": 236, "spa": 244, "spd": 129, "spe": 187}, "types": ["Steel", "Dragon"]}, "Barraskewda": {"name": "Barraskewda", "species": "Barraskewda", "speciesId": "barraskewda", "gender": "M", "shiny": false, "level": 81, "moves": ["waterfall", "poisonjab", "closecombat", "flipturn"], "ability": "Swift Swim", "evs": {"hp": 85, "atk": 85, "def": 85, "spa": 85, "spd": 85, "spe": 85}, "ivs": {"hp": 31, "atk": 31, "def": 31, "spa": 31, "spd": 31, "spe": 31}, "item": "Choice Band", "teraType": "Water", "role": "Wallbreaker", "bvs": {"hp": 61, "atk": 123, "def": 60, "spa": 60, "spd": 50, "spe": 136}, "stats": {"hp": 231, "atk": 246, "def": 144, "spa": 144, "spd": 128, "spe": 267}, "types": ["Water"]}}]}