{"id": "gen9randombattle-2631797150", "format": "[Gen 9] Random Battle", "players": ["johnjuiceadams", "On my watch"], "log": "|j|\u2606johnjuiceadams\n|j|\u2606On my watch\n|t:|1781441082\n|gametype|singles\n|player|p1|johnjuiceadams|266|1902\n|player|p2|On my watch|caitlin|1949\n|gen|9\n|tier|[Gen 9] Random Battle\n|rated|\n|rule|Species Clause: Limit one of each Pok\u00e9mon\n|rule|HP Percentage Mod: HP is shown in percentages\n|rule|Sleep Clause Mod: Limit one foe put to sleep\n|rule|Illusion Level Mod: Illusion disguises the Pok\u00e9mon's true level\n|\n|t:|1781441082\n|teamsize|p1|6\n|teamsize|p2|6\n|start\n|switch|p1a: Moltres|Moltres-Galar, L79|271/271\n|switch|p2a: Sudowoodo|Sudowoodo, L94, M|284/284\n|turn|1\n|inactive|Battle timer is ON: inactive players will automatically lose when time's up. (requested by johnjuiceadams)\n|\n|t:|1781441091\n|move|p1a: Moltres|Nasty Plot|p1a: Moltres\n|-boost|p1a: Moltres|spa|2\n|move|p2a: Sudowoodo|Stealth Rock|p1a: Moltres\n|-sidestart|p1: johnjuiceadams|move: Stealth Rock\n|\n|upkeep\n|turn|2\n|\n|t:|1781441100\n|move|p1a: Moltres|Fiery Wrath|p2a: Sudowoodo\n|-damage|p2a: Sudowoodo|89/284\n|move|p2a: Sudowoodo|Head Smash|p1a: Moltres\n|-supereffective|p1a: Moltres\n|-damage|p1a: Moltres|0 fnt\n|faint|p1a: Moltres\n|\n|-heal|p2a: Sudowoodo|106/284|[from] item: Leftovers\n|upkeep\n|\n|t:|1781441116\n|switch|p1a: Golduck|Golduck, L90, M|290/290\n|-damage|p1a: Golduck|254/290|[from] Stealth Rock\n|-ability|p1a: Golduck|Cloud Nine\n|turn|3\n|\n|t:|1781441128\n|switch|p2a: Volbeat|Volbeat, L90, M|263/263\n|move|p1a: Golduck|Grass Knot|p2a: Volbeat\n|-resisted|p2a: Volbeat\n|-damage|p2a: Volbeat|241/263\n|\n|upkeep\n|turn|4\n|\n|t:|1781441133\n|switch|p1a: Dedenne|Dedenne, L88, M|261/261\n|-damage|p1a: Dedenne|229/261|[from] Stealth Rock\n|move|p2a: Volbeat|Thunder Wave|p1a: Dedenne\n|-immune|p1a: Dedenne\n|\n|upkeep\n|turn|5\n|\n|t:|1781441137\n|move|p1a: Dedenne|Nuzzle|p2a: Volbeat\n|-damage|p2a: Volbeat|223/263\n|-status|p2a: Volbeat|par\n|move|p2a: Volbeat|U-turn|p1a: Dedenne\n|-resisted|p1a: Dedenne\n|-damage|p1a: Dedenne|181/261\n|\n|t:|1781441141\n|switch|p2a: Palossand|Palossand, L89, F|296/296|[from] U-turn\n|\n|upkeep\n|turn|6\n|\n|t:|1781441143\n|move|p1a: Dedenne|U-turn|p2a: Palossand\n|-resisted|p2a: Palossand\n|-damage|p2a: Palossand|282/296\n|\n|t:|1781441149\n|switch|p1a: Sawsbuck|Sawsbuck, L88, M|284/284|[from] U-turn\n|-damage|p1a: Sawsbuck|249/284|[from] Stealth Rock\n|move|p2a: Palossand|Earth Power|p1a: Sawsbuck\n|-resisted|p1a: Sawsbuck\n|-damage|p1a: Sawsbuck|184/284\n|\n|-heal|p2a: Palossand|296/296|[from] item: Leftovers\n|upkeep\n|turn|7\n|\n|t:|1781441155\n|switch|p2a: Sudowoodo|Sudowoodo, L94, M|106/284\n|move|p1a: Sawsbuck|Horn Leech|p2a: Sudowoodo\n|-supereffective|p2a: Sudowoodo\n|-damage|p2a: Sudowoodo|0 fnt\n|-heal|p1a: Sawsbuck|237/284|[from] drain|[of] p2a: Sudowoodo\n|faint|p2a: Sudowoodo\n|-damage|p1a: Sawsbuck|209/284|[from] item: Life Orb\n|\n|upkeep\n|\n|t:|1781441166\n|switch|p2a: Volbeat|Volbeat, L90, M|223/263 par\n|turn|8\n|\n|t:|1781441172\n|switch|p1a: Dedenne|Dedenne, L88, M|181/261\n|-damage|p1a: Dedenne|149/261|[from] Stealth Rock\n|move|p2a: Volbeat|U-turn|p1a: Dedenne\n|-resisted|p1a: Dedenne\n|-damage|p1a: Dedenne|107/261\n|-enditem|p1a: Dedenne|Sitrus Berry|[eat]\n|-heal|p1a: Dedenne|172/261|[from] item: Sitrus Berry\n|-heal|p1a: Dedenne|259/261|[from] ability: Cheek Pouch\n|\n|t:|1781441175\n|switch|p2a: Palossand|Palossand, L89, F|296/296|[from] U-turn\n|\n|upkeep\n|turn|9\n|\n|t:|1781441178\n|move|p1a: Dedenne|U-turn|p2a: Palossand\n|-resisted|p2a: Palossand\n|-damage|p2a: Palossand|282/296\n|\n|t:|1781441185\n|switch|p1a: Vespiquen|Vespiquen, L99, F|299/299|[from] U-turn\n|-ability|p1a: Vespiquen|Pressure\n|move|p2a: Palossand|Sludge Bomb|p1a: Vespiquen\n|-crit|p1a: Vespiquen\n|-damage|p1a: Vespiquen|222/299\n|\n|-heal|p2a: Palossand|296/296|[from] item: Leftovers\n|upkeep\n|turn|10\n|\n|t:|1781441203\n|switch|p2a: Electivire|Electivire, L84, M|263/263\n|move|p1a: Vespiquen|Spikes|p2a: Electivire\n|-sidestart|p2: On my watch|Spikes\n|\n|upkeep\n|turn|11\n|\n|t:|1781441208\n|switch|p1a: Dedenne|Dedenne, L88, M|259/261\n|-damage|p1a: Dedenne|227/261|[from] Stealth Rock\n|move|p2a: Electivire|Supercell Slam|p1a: Dedenne\n|-resisted|p1a: Dedenne\n|-crit|p1a: Dedenne\n|-damage|p1a: Dedenne|67/261\n|-damage|p2a: Electivire|237/263|[from] item: Life Orb\n|\n|upkeep\n|turn|12\n|\n|t:|1781441213\n|move|p1a: Dedenne|Dazzling Gleam|p2a: Electivire\n|-damage|p2a: Electivire|147/263\n|move|p2a: Electivire|Flamethrower|p1a: Dedenne\n|-damage|p1a: Dedenne|0 fnt\n|faint|p1a: Dedenne\n|-damage|p2a: Electivire|121/263|[from] item: Life Orb\n|\n|upkeep\n|\n|t:|1781441223\n|switch|p1a: Sawsbuck|Sawsbuck, L88, M|209/284\n|-damage|p1a: Sawsbuck|174/284|[from] Stealth Rock\n|turn|13\n|\n|t:|1781441226\n|move|p1a: Sawsbuck|Double-Edge|p2a: Electivire\n|-damage|p2a: Electivire|0 fnt\n|faint|p2a: Electivire\n|-damage|p1a: Sawsbuck|134/284|[from] Recoil\n|-damage|p1a: Sawsbuck|106/284|[from] item: Life Orb\n|\n|upkeep\n|\n|t:|1781441231\n|switch|p2a: Volbeat|Volbeat, L90, M|223/263 par\n|turn|14\n|\n|t:|1781441237\n|move|p1a: Sawsbuck|Double-Edge|p2a: Volbeat\n|-damage|p2a: Volbeat|23/263 par\n|-damage|p1a: Sawsbuck|40/284|[from] Recoil\n|-damage|p1a: Sawsbuck|12/284|[from] item: Life Orb\n|move|p2a: Volbeat|U-turn|p1a: Sawsbuck\n|-supereffective|p1a: Sawsbuck\n|-damage|p1a: Sawsbuck|0 fnt\n|faint|p1a: Sawsbuck\n|\n|t:|1781441241\n|switch|p2a: Regieleki|Regieleki, L79|256/256|[from] U-turn\n|-damage|p2a: Regieleki|224/256|[from] Spikes\n|\n|upkeep\n|\n|t:|1781441245\n|switch|p1a: Hatterene|Hatterene, L85, F|236/236\n|-damage|p1a: Hatterene|207/236|[from] Stealth Rock\n|turn|15\n|\n|t:|1781441254\n|move|p2a: Regieleki|Volt Switch|p1a: Hatterene\n|-damage|p1a: Hatterene|144/236\n|\n|t:|1781441257\n|switch|p2a: Volbeat|Volbeat, L90, M|23/263 par|[from] Volt Switch\n|move|p1a: Hatterene|Draining Kiss|p2a: Volbeat\n|-damage|p2a: Volbeat|0 fnt\n|-heal|p1a: Hatterene|161/236|[from] drain|[of] p2a: Volbeat\n|faint|p2a: Volbeat\n|\n|upkeep\n|\n|t:|1781441263\n|switch|p2a: Palossand|Palossand, L89, F|296/296\n|-damage|p2a: Palossand|259/296|[from] Spikes\n|turn|16\n|\n|t:|1781441277\n|move|p2a: Palossand|Sludge Bomb|p1a: Hatterene\n|-supereffective|p1a: Hatterene\n|-damage|p1a: Hatterene|67/236\n|-status|p1a: Hatterene|psn\n|move|p1a: Hatterene|Mystical Fire|p2a: Palossand\n|-damage|p2a: Palossand|179/296\n|-unboost|p2a: Palossand|spa|1\n|\n|-heal|p2a: Palossand|197/296|[from] item: Leftovers\n|-damage|p1a: Hatterene|38/236 psn|[from] psn\n|upkeep\n|turn|17\n|\n|t:|1781441287\n|move|p2a: Palossand|Sludge Bomb|p1a: Hatterene\n|-supereffective|p1a: Hatterene\n|-damage|p1a: Hatterene|0 fnt\n|faint|p1a: Hatterene\n|\n|-heal|p2a: Palossand|215/296|[from] item: Leftovers\n|upkeep\n|\n|t:|1781441289\n|switch|p1a: Vespiquen|Vespiquen, L99, F|222/299\n|-ability|p1a: Vespiquen|Pressure\n|turn|18\n|\n|t:|1781441305\n|switch|p2a: Regieleki|Regieleki, L79|224/256\n|-damage|p2a: Regieleki|192/256|[from] Spikes\n|move|p1a: Vespiquen|Toxic|p2a: Regieleki|[miss]\n|-miss|p1a: Vespiquen|p2a: Regieleki\n|\n|upkeep\n|turn|19\n|\n|t:|1781441310\n|-terastallize|p1a: Vespiquen|Steel\n|move|p2a: Regieleki|Thunderbolt|p1a: Vespiquen\n|-damage|p1a: Vespiquen|119/299\n|move|p1a: Vespiquen|Roost|p1a: Vespiquen\n|-heal|p1a: Vespiquen|269/299\n|\n|upkeep\n|turn|20\n|\n|t:|1781441318\n|move|p2a: Regieleki|Rapid Spin|p1a: Vespiquen\n|-resisted|p1a: Vespiquen\n|-damage|p1a: Vespiquen|256/299\n|-boost|p2a: Regieleki|spe|1\n|-sideend|p2: On my watch|Spikes|[from] move: Rapid Spin|[of] p2a: Regieleki\n|move|p1a: Vespiquen|Toxic|p2a: Regieleki|[miss]\n|-miss|p1a: Vespiquen|p2a: Regieleki\n|\n|upkeep\n|turn|21\n|\n|t:|1781441325\n|move|p2a: Regieleki|Volt Switch|p1a: Vespiquen\n|-damage|p1a: Vespiquen|169/299\n|\n|t:|1781441327\n|switch|p2a: Palossand|Palossand, L89, F|215/296|[from] Volt Switch\n|move|p1a: Vespiquen|Toxic|p2a: Palossand\n|-status|p2a: Palossand|tox\n|\n|-heal|p2a: Palossand|233/296 tox|[from] item: Leftovers\n|-damage|p2a: Palossand|215/296 tox|[from] psn\n|upkeep\n|turn|22\n|\n|t:|1781441332\n|switch|p1a: Golduck|Golduck, L90, M|254/290\n|-damage|p1a: Golduck|218/290|[from] Stealth Rock\n|-ability|p1a: Golduck|Cloud Nine\n|move|p2a: Palossand|Earth Power|p1a: Golduck\n|-damage|p1a: Golduck|106/290\n|\n|-heal|p2a: Palossand|233/296 tox|[from] item: Leftovers\n|-damage|p2a: Palossand|197/296 tox|[from] psn\n|upkeep\n|turn|23\n|\n|t:|1781441338\n|move|p1a: Golduck|Ice Beam|p2a: Palossand\n|-supereffective|p2a: Palossand\n|-damage|p2a: Palossand|0 fnt\n|faint|p2a: Palossand\n|\n|upkeep\n|\n|t:|1781441340\n|switch|p2a: Regieleki|Regieleki, L79|192/256\n|turn|24\n|\n|t:|1781441345\n|move|p2a: Regieleki|Thunderbolt|p1a: Golduck\n|-supereffective|p1a: Golduck\n|-damage|p1a: Golduck|0 fnt\n|faint|p1a: Golduck\n|\n|upkeep\n|\n|t:|1781441347\n|switch|p1a: Vespiquen|Vespiquen, L99, F, tera:Steel|169/299\n|-ability|p1a: Vespiquen|Pressure\n|turn|25\n|c|\u2606On my watch|gg\n|\n|t:|1781441354\n|move|p2a: Regieleki|Thunderbolt|p1a: Vespiquen\n|-damage|p1a: Vespiquen|61/299\n|move|p1a: Vespiquen|Roost|p1a: Vespiquen\n|-heal|p1a: Vespiquen|211/299\n|\n|upkeep\n|turn|26\n|\n|t:|1781441358\n|move|p2a: Regieleki|Thunderbolt|p1a: Vespiquen\n|-damage|p1a: Vespiquen|117/299\n|-status|p1a: Vespiquen|par\n|cant|p1a: Vespiquen|par\n|\n|upkeep\n|turn|27\n|\n|t:|1781441363\n|move|p2a: Regieleki|Thunderbolt|p1a: Vespiquen\n|-damage|p1a: Vespiquen|18/299 par\n|move|p1a: Vespiquen|Roost|p1a: Vespiquen\n|-heal|p1a: Vespiquen|168/299 par\n|\n|upkeep\n|turn|28\n|\n|t:|1781441366\n|move|p2a: Regieleki|Thunderbolt|p1a: Vespiquen\n|-damage|p1a: Vespiquen|57/299 par\n|move|p1a: Vespiquen|Roost|p1a: Vespiquen\n|-heal|p1a: Vespiquen|207/299 par\n|\n|upkeep\n|turn|29\n|\n|t:|1781441375\n|-terastallize|p2a: Regieleki|Electric\n|move|p2a: Regieleki|Thunderbolt|p1a: Vespiquen\n|-damage|p1a: Vespiquen|69/299 par\n|cant|p1a: Vespiquen|par\n|\n|upkeep\n|turn|30\n|\n|t:|1781441380\n|move|p2a: Regieleki|Thunderbolt|p1a: Vespiquen\n|-damage|p1a: Vespiquen|0 fnt\n|faint|p1a: Vespiquen\n|\n|win|On my watch\n", "inputlog": ">version a8376a258c1d4662feba110a92103f3664a72141\n>start {\"formatid\":\"gen9randombattle\",\"seed\":\"sodium,716f5075ea59b9cdfdfd43bc3acc2e9d\",\"rated\":\"Rated battle\"}\n>player p1 {\"name\":\"johnjuiceadams\",\"avatar\":\"266\",\"rating\":1902,\"seed\":\"sodium,ccb33de23212ffc90144427a715c410b\"}\n>player p2 {\"name\":\"On my watch\",\"avatar\":\"caitlin\",\"rating\":1949,\"seed\":\"sodium,e44642e862a365558154d5a4d5af3f5f\"}\n>p1 move nastyplot\n>p2 move stealthrock\n>p1 move fierywrath\n>p2 move headsmash\n>p1 switch 2\n>p1 move grassknot\n>p2 switch 6\n>p1 switch 3\n>p2 move thunderwave\n>p1 move nuzzle\n>p2 move uturn\n>p2 switch 4\n>p1 move uturn\n>p2 move earthpower\n>p1 switch 4\n>p1 move hornleech\n>p2 switch 6\n>p2 switch 4\n>p1 switch 4\n>p2 move uturn\n>p2 switch 6\n>p1 move uturn\n>p2 move sludgebomb\n>p1 switch 6\n>p1 move spikes\n>p2 switch 2\n>p1 switch 6\n>p2 move supercellslam\n>p1 move dazzlinggleam\n>p2 move flamethrower\n>p1 switch 4\n>p1 move doubleedge\n>p2 move flamethrower\n>p2 switch 6\n>p1 move doubleedge\n>p2 move uturn\n>p2 switch 5\n>p1 switch 5\n>p1 move drainingkiss\n>p2 move voltswitch\n>p2 switch 5\n>p2 switch 2\n>p1 move mysticalfire\n>p2 move sludgebomb\n>p1 move drainingkiss\n>p2 move sludgebomb\n>p1 switch 6\n>p1 move toxic\n>p2 switch 5\n>p1 move roost terastallize\n>p2 move thunderbolt\n>p1 move toxic\n>p2 move rapidspin\n>p1 move toxic\n>p2 move voltswitch\n>p2 switch 5\n>p1 switch 3\n>p2 move earthpower\n>p1 move icebeam\n>p2 move earthpower\n>p2 switch 5\n>p1 move icebeam\n>p2 move thunderbolt\n>p1 switch 3\n>chat \u2606On my watch|gg\n>p1 move roost\n>p2 move thunderbolt\n>p1 move roost\n>p2 move thunderbolt\n>p1 move roost\n>p2 move thunderbolt\n>p1 move roost\n>p2 move thunderbolt\n>p1 move toxic\n>p2 move thunderbolt terastallize\n>p1 move toxic\n>p2 move thunderbolt", "uploadtime": 1781441084, "views": 4, "formatid": "gen9randombattle", "rating": null, "private": 0, "password": null, "player_dets": [{"name": "johnjuiceadams", "avatar": "266", "rating": 1902, "seed": "sodium,ccb33de23212ffc90144427a715c410b"}, {"name": "On my watch", "avatar": "caitlin", "rating": 1949, "seed": "sodium,e44642e862a365558154d5a4d5af3f5f"}], "teams_full": [{"Moltres": {"name": "Moltres", "species": "Moltres-Galar", "speciesId": "moltresgalar", "gender": "N", "shiny": false, "level": 79, "moves": ["hurricane", "agility", "fierywrath", "nastyplot"], "ability": "Berserk", "evs": {"hp": 81, "atk": 0, "def": 85, "spa": 85, "spd": 85, "spe": 85}, "ivs": {"hp": 31, "atk": 0, "def": 31, "spa": 31, "spd": 31, "spe": 31}, "item": "Weakness Policy", "teraType": "Dark", "role": "Bulky Setup", "bvs": {"hp": 90, "atk": 85, "def": 90, "spa": 100, "spd": 125, "spe": 90}, "stats": {"hp": 271, "atk": 139, "def": 188, "spa": 204, "spd": 243, "spe": 188}, "types": ["Dark", "Flying"]}, "Golduck": {"name": "Golduck", "species": "Golduck", "speciesId": "golduck", "gender": "M", "shiny": false, "level": 90, "moves": ["hydropump", "grassknot", "icebeam", "flipturn"], "ability": "Cloud Nine", "evs": {"hp": 85, "atk": 85, "def": 85, "spa": 85, "spd": 85, "spe": 85}, "ivs": {"hp": 31, "atk": 31, "def": 31, "spa": 31, "spd": 31, "spe": 31}, "item": "Choice Specs", "teraType": "Grass", "role": "Fast Attacker", "bvs": {"hp": 80, "atk": 82, "def": 78, "spa": 95, "spd": 80, "spe": 85}, "stats": {"hp": 290, "atk": 199, "def": 192, "spa": 222, "spd": 195, "spe": 204}, "types": ["Water"]}, "Dedenne": {"name": "Dedenne", "species": "Dedenne", "speciesId": "dedenne", "gender": "M", "shiny": false, "level": 88, "moves": ["thunderbolt", "dazzlinggleam", "nuzzle", "uturn"], "ability": "Cheek Pouch", "evs": {"hp": 85, "atk": 85, "def": 85, "spa": 85, "spd": 85, "spe": 85}, "ivs": {"hp": 31, "atk": 31, "def": 31, "spa": 31, "spd": 31, "spe": 31}, "item": "Sitrus Berry", "teraType": "Flying", "role": "Fast Support", "bvs": {"hp": 67, "atk": 58, "def": 57, "spa": 81, "spd": 67, "spe": 101}, "stats": {"hp": 261, "atk": 152, "def": 151, "spa": 193, "spd": 168, "spe": 228}, "types": ["Electric", "Fairy"]}, "Sawsbuck": {"name": "Sawsbuck", "species": "Sawsbuck", "speciesId": "sawsbuck", "gender": "M", "shiny": false, "level": 88, "moves": ["swordsdance", "hornleech", "doubleedge", "highhorsepower"], "ability": "Sap Sipper", "evs": {"hp": 85, "atk": 85, "def": 85, "spa": 85, "spd": 85, "spe": 85}, "ivs": {"hp": 31, "atk": 31, "def": 31, "spa": 31, "spd": 31, "spe": 31}, "item": "Life Orb", "teraType": "Ground", "role": "Setup Sweeper", "bvs": {"hp": 80, "atk": 100, "def": 70, "spa": 60, "spd": 70, "spe": 95}, "stats": {"hp": 284, "atk": 226, "def": 173, "spa": 156, "spd": 173, "spe": 217}, "types": ["Normal", "Grass"]}, "Hatterene": {"name": "Hatterene", "species": "Hatterene", "speciesId": "hatterene", "gender": "F", "shiny": false, "level": 85, "moves": ["nuzzle", "drainingkiss", "psychicnoise", "mysticalfire"], "ability": "Magic Bounce", "evs": {"hp": 85, "atk": 85, "def": 85, "spa": 85, "spd": 85, "spe": 85}, "ivs": {"hp": 31, "atk": 31, "def": 31, "spa": 31, "spd": 31, "spe": 31}, "item": "Assault Vest", "teraType": "Fairy", "role": "AV Pivot", "bvs": {"hp": 57, "atk": 90, "def": 95, "spa": 136, "spd": 103, "spe": 29}, "stats": {"hp": 236, "atk": 202, "def": 210, "spa": 280, "spd": 224, "spe": 98}, "types": ["Psychic", "Fairy"]}, "Vespiquen": {"name": "Vespiquen", "species": "Vespiquen", "speciesId": "vespiquen", "gender": "F", "shiny": false, "level": 99, "moves": ["airslash", "toxic", "spikes", "roost"], "ability": "Pressure", "evs": {"hp": 85, "atk": 0, "def": 85, "spa": 85, "spd": 85, "spe": 85}, "ivs": {"hp": 31, "atk": 0, "def": 31, "spa": 31, "spd": 31, "spe": 31}, "item": "Heavy-Duty Boots", "teraType": "Steel", "role": "Bulky Support", "bvs": {"hp": 70, "atk": 80, "def": 102, "spa": 80, "spd": 102, "spe": 40}, "stats": {"hp": 299, "atk": 163, "def": 258, "spa": 214, "spd": 258, "spe": 135}, "types": ["Bug", "Flying"]}}, {"Sudowoodo": {"name": "Sudowoodo", "species": "Sudowoodo", "speciesId": "sudowoodo", "gender": "M", "shiny": false, "level": 94, "moves": ["suckerpunch", "earthquake", "stealthrock", "headsmash"], "ability": "Rock Head", "evs": {"hp": 85, "atk": 85, "def": 85, "spa": 85, "spd": 85, "spe": 85}, "ivs": {"hp": 31, "atk": 31, "def": 31, "spa": 31, "spd": 31, "spe": 31}, "item": "Leftovers", "teraType": "Rock", "role": "Bulky Attacker", "bvs": {"hp": 70, "atk": 100, "def": 115, "spa": 30, "spd": 65, "spe": 30}, "stats": {"hp": 284, "atk": 241, "def": 270, "spa": 110, "spd": 176, "spe": 110}, "types": ["Rock"]}, "Electivire": {"name": "Electivire", "species": "Electivire", "speciesId": "electivire", "gender": "M", "shiny": false, "level": 84, "moves": ["flamethrower", "earthquake", "icepunch", "supercellslam"], "ability": "Motor Drive", "evs": {"hp": 85, "atk": 85, "def": 85, "spa": 85, "spd": 85, "spe": 85}, "ivs": {"hp": 31, "atk": 31, "def": 31, "spa": 31, "spd": 31, "spe": 31}, "item": "Life Orb", "teraType": "Ground", "role": "Fast Attacker", "bvs": {"hp": 75, "atk": 123, "def": 67, "spa": 95, "spd": 85, "spe": 95}, "stats": {"hp": 263, "atk": 255, "def": 161, "spa": 208, "spd": 191, "spe": 208}, "types": ["Electric"]}, "Volcarona": {"name": "Volcarona", "species": "Volcarona", "speciesId": "volcarona", "gender": "M", "shiny": false, "level": 77, "moves": ["gigadrain", "fierydance", "morningsun", "quiverdance"], "ability": "Flame Body", "evs": {"hp": 85, "atk": 0, "def": 85, "spa": 85, "spd": 85, "spe": 85}, "ivs": {"hp": 31, "atk": 0, "def": 31, "spa": 31, "spd": 31, "spe": 31}, "item": "Heavy-Duty Boots", "teraType": "Grass", "role": "Fast Bulky Setup", "bvs": {"hp": 85, "atk": 60, "def": 65, "spa": 135, "spd": 105, "spe": 100}, "stats": {"hp": 257, "atk": 97, "def": 145, "spa": 252, "spd": 206, "spe": 199}, "types": ["Bug", "Fire"]}, "Palossand": {"name": "Palossand", "species": "Palossand", "speciesId": "palossand", "gender": "F", "shiny": false, "level": 89, "moves": ["shoreup", "shadowball", "sludgebomb", "earthpower"], "ability": "Water Compaction", "evs": {"hp": 85, "atk": 0, "def": 85, "spa": 85, "spd": 85, "spe": 85}, "ivs": {"hp": 31, "atk": 0, "def": 31, "spa": 31, "spd": 31, "spe": 31}, "item": "Leftovers", "teraType": "Poison", "role": "Bulky Support", "bvs": {"hp": 85, "atk": 75, "def": 110, "spa": 100, "spd": 75, "spe": 35}, "stats": {"hp": 296, "atk": 138, "def": 247, "spa": 229, "spd": 184, "spe": 113}, "types": ["Ghost", "Ground"]}, "Regieleki": {"name": "Regieleki", "species": "Regieleki", "speciesId": "regieleki", "gender": "N", "shiny": false, "level": 79, "moves": ["thunderbolt", "voltswitch", "rapidspin", "explosion"], "ability": "Transistor", "evs": {"hp": 85, "atk": 85, "def": 85, "spa": 85, "spd": 85, "spe": 85}, "ivs": {"hp": 31, "atk": 31, "def": 31, "spa": 31, "spd": 31, "spe": 31}, "item": "Magnet", "teraType": "Electric", "role": "Fast Support", "bvs": {"hp": 80, "atk": 100, "def": 50, "spa": 100, "spd": 50, "spe": 200}, "stats": {"hp": 256, "atk": 204, "def": 125, "spa": 204, "spd": 125, "spe": 362}, "types": ["Electric"]}, "Volbeat": {"name": "Volbeat", "species": "Volbeat", "speciesId": "volbeat", "gender": "M", "shiny": false, "level": 90, "moves": ["thunderwave", "uturn", "roost", "encore"], "ability": "Prankster", "evs": {"hp": 85, "atk": 85, "def": 85, "spa": 85, "spd": 85, "spe": 85}, "ivs": {"hp": 31, "atk": 31, "def": 31, "spa": 31, "spd": 31, "spe": 31}, "item": "Heavy-Duty Boots", "teraType": "Steel", "role": "Bulky Support", "bvs": {"hp": 65, "atk": 73, "def": 75, "spa": 47, "spd": 85, "spe": 85}, "stats": {"hp": 263, "atk": 183, "def": 186, "spa": 136, "spd": 204, "spe": 204}, "types": ["Bug"]}}]}