{"id": "gen9randombattle-2631838342", "format": "[Gen 9] Random Battle", "players": ["goooze", "katsuge5"], "log": "|j|\u2606goooze\n|j|\u2606katsuge5\n|t:|1781446550\n|gametype|singles\n|player|p1|goooze|sage|2236\n|player|p2|katsuge5|101|2259\n|gen|9\n|tier|[Gen 9] Random Battle\n|rated|\n|rule|Species Clause: Limit one of each Pok\u00e9mon\n|rule|HP Percentage Mod: HP is shown in percentages\n|rule|Sleep Clause Mod: Limit one foe put to sleep\n|rule|Illusion Level Mod: Illusion disguises the Pok\u00e9mon's true level\n|\n|t:|1781446550\n|teamsize|p1|6\n|teamsize|p2|6\n|start\n|switch|p1a: Gardevoir|Gardevoir, L83, M|249/249\n|switch|p2a: Gholdengo|Gholdengo, L77|261/261\n|-ability|p1a: Gardevoir|Good as Gold|Trace|[from] ability: Trace|[of] p2a: Gholdengo\n|turn|1\n|inactive|Battle timer is ON: inactive players will automatically lose when time's up. (requested by goooze)\n|\n|t:|1781446568\n|move|p1a: Gardevoir|Mystical Fire|p2a: Gholdengo\n|-supereffective|p2a: Gholdengo\n|-damage|p2a: Gholdengo|47/261\n|-unboost|p2a: Gholdengo|spa|1\n|move|p2a: Gholdengo|Thunder Wave|p1a: Gardevoir\n|-immune|p1a: Gardevoir|[from] ability: Good as Gold\n|\n|-heal|p2a: Gholdengo|63/261|[from] item: Leftovers\n|upkeep\n|turn|2\n|c|\u2606katsuge5|oh right\n|c|\u2606katsuge5|oops\n|inactive|katsuge5 has 120 seconds left.\n|\n|t:|1781446616\n|switch|p2a: Conkeldurr|Conkeldurr, L80, M|299/299\n|move|p1a: Gardevoir|Mystical Fire|p2a: Conkeldurr\n|-damage|p2a: Conkeldurr|185/299\n|-unboost|p2a: Conkeldurr|spa|1\n|\n|-status|p2a: Conkeldurr|brn|[from] item: Flame Orb\n|upkeep\n|turn|3\n|inactive|goooze has 120 seconds left.\n|\n|t:|1781446660\n|switch|p1a: Armarouge|Armarouge, L80, F|267/267\n|move|p2a: Conkeldurr|Facade|p1a: Armarouge\n|-damage|p1a: Armarouge|94/267\n|-ability|p1a: Armarouge|Weak Armor|boost\n|-unboost|p1a: Armarouge|def|1\n|-boost|p1a: Armarouge|spe|2\n|\n|-damage|p2a: Conkeldurr|167/299 brn|[from] brn\n|upkeep\n|turn|4\n|inactive|katsuge5 has 90 seconds left.\n|inactive|katsuge5 has 60 seconds left.\n|inactive|katsuge5 has 30 seconds left.\n|inactive|katsuge5 has 20 seconds left.\n|\n|t:|1781446760\n|move|p2a: Conkeldurr|Mach Punch|p1a: Armarouge\n|-resisted|p1a: Armarouge\n|-damage|p1a: Armarouge|37/267\n|-ability|p1a: Armarouge|Weak Armor|boost\n|-unboost|p1a: Armarouge|def|1\n|-boost|p1a: Armarouge|spe|2\n|move|p1a: Armarouge|Psyshock|p2a: Conkeldurr\n|-supereffective|p2a: Conkeldurr\n|-damage|p2a: Conkeldurr|0 fnt\n|faint|p2a: Conkeldurr\n|\n|upkeep\n|inactive|katsuge5 has 25 seconds left this turn.\n|inactive|katsuge5 has 20 seconds left.\n|\n|t:|1781446768\n|switch|p2a: Bombirdier|Bombirdier, L85, F|258/258\n|turn|5\n|inactive|katsuge5 has 30 seconds left this turn.\n|inactive|goooze has 120 seconds left.\n|inactive|katsuge5 has 20 seconds left.\n|inactive|katsuge5 has 15 seconds left.\n|\n|t:|1781446786\n|switch|p1a: Regirock|Regirock, L83|268/268\n|move|p2a: Bombirdier|Knock Off|p1a: Regirock\n|-damage|p1a: Regirock|189/268\n|-enditem|p1a: Regirock|Leftovers|[from] move: Knock Off|[of] p2a: Bombirdier\n|\n|upkeep\n|turn|6\n|inactive|katsuge5 has 25 seconds left this turn.\n|inactive|katsuge5 has 20 seconds left.\n|inactive|goooze has 120 seconds left.\n|inactive|katsuge5 has 15 seconds left.\n|inactive|katsuge5 has 10 seconds left.\n|inactive|katsuge5 has 5 seconds left.\n|\n|t:|1781446810\n|switch|p2a: Gholdengo|Gholdengo, L77|63/261\n|move|p1a: Regirock|Thunder Wave|p2a: Gholdengo\n|-immune|p2a: Gholdengo|[from] ability: Good as Gold\n|\n|-heal|p2a: Gholdengo|79/261|[from] item: Leftovers\n|upkeep\n|turn|7\n|inactive|katsuge5 has 15 seconds left this turn.\n|\n|t:|1781446836\n|switch|p1a: Armarouge|Armarouge, L80, F|37/267\n|move|p2a: Gholdengo|Recover|p2a: Gholdengo\n|-heal|p2a: Gholdengo|210/261\n|\n|-heal|p2a: Gholdengo|226/261|[from] item: Leftovers\n|upkeep\n|turn|8\n|inactive|katsuge5 has 25 seconds left this turn.\n|inactive|katsuge5 has 20 seconds left.\n|inactive|katsuge5 has 15 seconds left.\n|\n|t:|1781446848\n|move|p2a: Gholdengo|Shadow Ball|p1a: Armarouge\n|-supereffective|p1a: Armarouge\n|-damage|p1a: Armarouge|0 fnt\n|faint|p1a: Armarouge\n|\n|-heal|p2a: Gholdengo|242/261|[from] item: Leftovers\n|upkeep\n|\n|t:|1781446857\n|switch|p1a: Gardevoir|Gardevoir, L83, M|249/249\n|-ability|p1a: Gardevoir|Good as Gold|Trace|[from] ability: Trace|[of] p2a: Gholdengo\n|turn|9\n|inactive|katsuge5 has 30 seconds left this turn.\n|inactive|katsuge5 has 20 seconds left.\n|inactive|katsuge5 has 15 seconds left.\n|inactive|katsuge5 has 10 seconds left.\n|\n|t:|1781446877\n|switch|p2a: Cinderace|Cinderace, L77, F|249/249\n|-terastallize|p1a: Gardevoir|Fire\n|move|p1a: Gardevoir|Mystical Fire|p2a: Cinderace\n|-resisted|p2a: Cinderace\n|-damage|p2a: Cinderace|159/249\n|-unboost|p2a: Cinderace|spa|1\n|\n|upkeep\n|turn|10\n|inactive|katsuge5 has 20 seconds left this turn.\n|inactive|katsuge5 has 15 seconds left.\n|inactive|katsuge5 has 10 seconds left.\n|\n|t:|1781446899\n|switch|p1a: Golduck|Golduck, L90, F|290/290\n|-ability|p1a: Golduck|Cloud Nine\n|move|p2a: Cinderace|U-turn|p1a: Golduck\n|-start|p2a: Cinderace|typechange|Bug|[from] ability: Libero\n|-damage|p1a: Golduck|223/290\n|inactive|katsuge5 has 15 seconds left this turn.\n|inactive|katsuge5 has 10 seconds left.\n|inactive|katsuge5 has 5 seconds left.\n|\n|t:|1781446912\n|switch|p2a: Metagross|Metagross, L79|256/256|[from] U-turn\n|\n|-heal|p1a: Golduck|241/290|[from] item: Leftovers\n|upkeep\n|turn|11\n|inactive|katsuge5 has 15 seconds left this turn.\n|\n|t:|1781446923\n|move|p1a: Golduck|Nasty Plot|p1a: Golduck\n|-boost|p1a: Golduck|spa|2\n|move|p2a: Metagross|Stealth Rock|p1a: Golduck\n|-sidestart|p1: goooze|move: Stealth Rock\n|\n|-heal|p1a: Golduck|259/290|[from] item: Leftovers\n|upkeep\n|turn|12\n|inactive|katsuge5 has 25 seconds left this turn.\n|inactive|katsuge5 has 20 seconds left.\n|inactive|katsuge5 has 15 seconds left.\n|\n|t:|1781446934\n|-terastallize|p2a: Metagross|Water\n|move|p1a: Golduck|Hydro Pump|p2a: Metagross|[miss]\n|-miss|p1a: Golduck|p2a: Metagross\n|move|p2a: Metagross|Psychic Fangs|p1a: Golduck\n|-damage|p1a: Golduck|148/290\n|\n|-heal|p1a: Golduck|166/290|[from] item: Leftovers\n|upkeep\n|turn|13\n|inactive|katsuge5 has 25 seconds left this turn.\n|inactive|goooze has 120 seconds left.\n|inactive|katsuge5 has 20 seconds left.\n|inactive|katsuge5 has 15 seconds left.\n|inactive|katsuge5 has 10 seconds left.\n|\n|t:|1781446952\n|move|p1a: Golduck|Grass Knot|p2a: Metagross\n|-supereffective|p2a: Metagross\n|-damage|p2a: Metagross|0 fnt\n|faint|p2a: Metagross\n|\n|-heal|p1a: Golduck|184/290|[from] item: Leftovers\n|upkeep\n|inactive|katsuge5 has 15 seconds left this turn.\n|inactive|katsuge5 has 10 seconds left.\n|inactive|katsuge5 has 5 seconds left.\n|\n|t:|1781446966\n|switch|p2a: Bombirdier|Bombirdier, L85, F|258/258\n|turn|14\n|inactive|katsuge5 has 15 seconds left this turn.\n|\n|t:|1781446973\n|switch|p1a: Regirock|Regirock, L83|189/268\n|-damage|p1a: Regirock|156/268|[from] Stealth Rock\n|move|p2a: Bombirdier|Sucker Punch||[still]\n|-fail|p2a: Bombirdier\n|\n|upkeep\n|turn|15\n|inactive|katsuge5 has 25 seconds left this turn.\n|\n|t:|1781446979\n|switch|p2a: Gholdengo|Gholdengo, L77|242/261\n|switch|p1a: Gardevoir|Gardevoir, L83, M, tera:Fire|249/249\n|-damage|p1a: Gardevoir|187/249|[from] Stealth Rock\n|-ability|p1a: Gardevoir|Good as Gold|Trace|[from] ability: Trace|[of] p2a: Gholdengo\n|\n|-heal|p2a: Gholdengo|258/261|[from] item: Leftovers\n|upkeep\n|turn|16\n|inactive|katsuge5 has 30 seconds left.\n|\n|t:|1781446990\n|switch|p2a: Cinderace|Cinderace, L77, F|159/249\n|move|p1a: Gardevoir|Mystical Fire|p2a: Cinderace\n|-resisted|p2a: Cinderace\n|-damage|p2a: Cinderace|69/249\n|-unboost|p2a: Cinderace|spa|1\n|\n|upkeep\n|turn|17\n|inactive|goooze has 120 seconds left.\n|\n|t:|1781447032\n|switch|p1a: Golduck|Golduck, L90, F|184/290\n|-damage|p1a: Golduck|148/290|[from] Stealth Rock\n|-ability|p1a: Golduck|Cloud Nine\n|move|p2a: Cinderace|U-turn|p1a: Golduck\n|-start|p2a: Cinderace|typechange|Bug|[from] ability: Libero\n|-damage|p1a: Golduck|76/290\n|inactive|katsuge5 has 30 seconds left.\n|inactive|katsuge5 has 20 seconds left.\n|\n|t:|1781447057\n|switch|p2a: Gholdengo|Gholdengo, L77|258/261|[from] U-turn\n|\n|-heal|p1a: Golduck|94/290|[from] item: Leftovers\n|-heal|p2a: Gholdengo|261/261|[from] item: Leftovers\n|upkeep\n|turn|18\n|inactive|katsuge5 has 30 seconds left this turn.\n|inactive|goooze has 120 seconds left.\n|\n|t:|1781447066\n|move|p1a: Golduck|Hydro Pump|p2a: Gholdengo\n|-damage|p2a: Gholdengo|113/261\n|move|p2a: Gholdengo|Thunder Wave|p1a: Golduck\n|-status|p1a: Golduck|par\n|\n|-heal|p2a: Gholdengo|129/261|[from] item: Leftovers\n|-heal|p1a: Golduck|112/290 par|[from] item: Leftovers\n|upkeep\n|turn|19\n|inactive|katsuge5 has 30 seconds left.\n|inactive|katsuge5 has 20 seconds left.\n|\n|t:|1781447083\n|move|p2a: Gholdengo|Recover|p2a: Gholdengo\n|-heal|p2a: Gholdengo|260/261\n|move|p1a: Golduck|Hydro Pump|p2a: Gholdengo\n|-damage|p2a: Gholdengo|124/261\n|\n|-heal|p2a: Gholdengo|140/261|[from] item: Leftovers\n|-heal|p1a: Golduck|130/290 par|[from] item: Leftovers\n|upkeep\n|turn|20\n|inactive|katsuge5 has 30 seconds left this turn.\n|\n|t:|1781447096\n|move|p2a: Gholdengo|Recover|p2a: Gholdengo\n|-heal|p2a: Gholdengo|261/261\n|cant|p1a: Golduck|par\n|\n|-heal|p1a: Golduck|148/290 par|[from] item: Leftovers\n|upkeep\n|turn|21\n|\n|t:|1781447103\n|move|p2a: Gholdengo|Shadow Ball|p1a: Golduck\n|-damage|p1a: Golduck|61/290 par\n|cant|p1a: Golduck|par\n|\n|-heal|p1a: Golduck|79/290 par|[from] item: Leftovers\n|upkeep\n|turn|22\n|\n|t:|1781447110\n|move|p2a: Gholdengo|Shadow Ball|p1a: Golduck\n|-damage|p1a: Golduck|0 fnt\n|faint|p1a: Golduck\n|\n|upkeep\n|\n|t:|1781447126\n|switch|p1a: Gardevoir|Gardevoir, L83, M, tera:Fire|187/249\n|-damage|p1a: Gardevoir|125/249|[from] Stealth Rock\n|-ability|p1a: Gardevoir|Good as Gold|Trace|[from] ability: Trace|[of] p2a: Gholdengo\n|turn|23\n|inactive|katsuge5 has 60 seconds left.\n|\n|t:|1781447134\n|switch|p2a: Bombirdier|Bombirdier, L85, F|258/258\n|move|p1a: Gardevoir|Mystical Fire|p2a: Bombirdier\n|-damage|p2a: Bombirdier|114/258\n|-unboost|p2a: Bombirdier|spa|1\n|\n|upkeep\n|turn|24\n|inactive|katsuge5 has 60 seconds left.\n|\n|t:|1781447147\n|switch|p1a: Regirock|Regirock, L83|156/268\n|-damage|p1a: Regirock|123/268|[from] Stealth Rock\n|move|p2a: Bombirdier|Knock Off|p1a: Regirock\n|-damage|p1a: Regirock|66/268\n|\n|upkeep\n|turn|25\n|\n|t:|1781447158\n|switch|p2a: Gholdengo|Gholdengo, L77|261/261\n|move|p1a: Regirock|Thunder Wave|p2a: Gholdengo\n|-immune|p2a: Gholdengo|[from] ability: Good as Gold\n|\n|upkeep\n|turn|26\n|\n|t:|1781447170\n|move|p2a: Gholdengo|Shadow Ball|p1a: Regirock\n|-damage|p1a: Regirock|0 fnt\n|faint|p1a: Regirock\n|\n|upkeep\n|\n|t:|1781447174\n|switch|p1a: Gardevoir|Gardevoir, L83, M, tera:Fire|125/249\n|-damage|p1a: Gardevoir|63/249|[from] Stealth Rock\n|-ability|p1a: Gardevoir|Good as Gold|Trace|[from] ability: Trace|[of] p2a: Gholdengo\n|turn|27\n|\n|t:|1781447185\n|switch|p2a: Kingdra|Kingdra, L84, F|263/263\n|move|p1a: Gardevoir|Mystical Fire|p2a: Kingdra\n|-resisted|p2a: Kingdra\n|-damage|p2a: Kingdra|228/263\n|-unboost|p2a: Kingdra|spa|1\n|\n|upkeep\n|turn|28\n|\n|t:|1781447196\n|switch|p1a: Zacian|Zacian, L69|241/241\n|-damage|p1a: Zacian|211/241|[from] Stealth Rock\n|-ability|p1a: Zacian|Intrepid Sword|boost\n|-boost|p1a: Zacian|atk|1\n|move|p2a: Kingdra|Dragon Dance|p2a: Kingdra\n|-boost|p2a: Kingdra|atk|1\n|-boost|p2a: Kingdra|spe|1\n|\n|upkeep\n|turn|29\n|inactive|katsuge5 has 90 seconds left.\n|\n|t:|1781447230\n|move|p2a: Kingdra|Wave Crash|p1a: Zacian\n|-damage|p1a: Zacian|12/241\n|-damage|p2a: Kingdra|162/263|[from] Recoil\n|move|p1a: Zacian|Close Combat|p2a: Kingdra\n|-damage|p2a: Kingdra|45/263\n|-unboost|p1a: Zacian|def|1\n|-unboost|p1a: Zacian|spd|1\n|-damage|p1a: Zacian|0 fnt|[from] item: Life Orb\n|faint|p1a: Zacian\n|\n|upkeep\n|\n|t:|1781447236\n|switch|p1a: Gardevoir|Gardevoir, L83, M, tera:Fire|63/249\n|-damage|p1a: Gardevoir|1/249|[from] Stealth Rock\n|-ability|p1a: Gardevoir|Sniper|Trace|[from] ability: Trace|[of] p2a: Kingdra\n|turn|30\n|\n|t:|1781447239\n|move|p2a: Kingdra|Waterfall|p1a: Gardevoir\n|-supereffective|p1a: Gardevoir\n|-damage|p1a: Gardevoir|0 fnt\n|faint|p1a: Gardevoir\n|\n|upkeep\n|-message|goooze forfeited.\n|\n|win|katsuge5\n", "inputlog": ">version a8376a258c1d4662feba110a92103f3664a72141\n>start {\"formatid\":\"gen9randombattle\",\"seed\":\"sodium,ae53f2726ee615ae6c12272e6c04f5b5\",\"rated\":\"Rated battle\"}\n>player p1 {\"name\":\"goooze\",\"avatar\":\"sage\",\"rating\":2236,\"seed\":\"sodium,a7377e9373e2ecc83365d321d47594ad\"}\n>player p2 {\"name\":\"katsuge5\",\"avatar\":\"101\",\"rating\":2259,\"seed\":\"sodium,b46c7f348d6d8a1342a27064728f64ae\"}\n>p1 move mysticalfire\n>p2 move thunderwave\n>chat \u2606katsuge5|oh right\n>chat \u2606katsuge5|oops\n>p1 move mysticalfire\n>p2 switch 6\n>p1 switch 2\n>p2 move facade\n>p1 move psyshock\n>p2 move machpunch\n>p2 switch 5\n>p1 switch 3\n>p2 move knockoff\n>p1 move thunderwave\n>p2 switch 6\n>p1 switch 3\n>p2 move recover\n>p1 move armorcannon\n>p2 move shadowball\n>p1 switch 2\n>p1 move mysticalfire terastallize\n>p2 switch 3\n>p1 switch 5\n>p2 move uturn\n>p2 switch 2\n>p1 move nastyplot\n>p2 move stealthrock\n>p1 move hydropump\n>p2 move psychicfangs terastallize\n>p1 move grassknot\n>p2 move knockoff\n>p2 switch 6\n>p1 switch 3\n>p2 move suckerpunch\n>p1 switch 5\n>p2 switch 3\n>p1 move mysticalfire\n>p2 switch 2\n>p1 switch 3\n>p2 move uturn\n>p2 switch 2\n>p1 move hydropump\n>p2 move thunderwave\n>p1 move hydropump\n>p2 move recover\n>p1 move hydropump\n>p2 move recover\n>p1 move hydropump\n>p2 move shadowball\n>p1 move hydropump\n>p2 move shadowball\n>p1 switch 3\n>p1 move mysticalfire\n>p2 switch 3\n>p1 switch 5\n>p2 move knockoff\n>p1 move thunderwave\n>p2 switch 3\n>p1 move stoneedge\n>p2 move shadowball\n>p1 switch 5\n>p1 move mysticalfire\n>p2 switch 4\n>p1 switch 6\n>p2 move dragondance\n>p1 move closecombat\n>p2 move wavecrash\n>p1 switch 6\n>p1 move psyshock\n>p2 move waterfall\n>forcelose p1", "uploadtime": 1781446552, "views": 6, "formatid": "gen9randombattle", "rating": null, "private": 0, "password": null, "player_dets": [{"name": "goooze", "avatar": "sage", "rating": 2236, "seed": "sodium,a7377e9373e2ecc83365d321d47594ad"}, {"name": "katsuge5", "avatar": "101", "rating": 2259, "seed": "sodium,b46c7f348d6d8a1342a27064728f64ae"}], "teams_full": [{"Gardevoir": {"name": "Gardevoir", "species": "Gardevoir", "speciesId": "gardevoir", "gender": "M", "shiny": false, "level": 83, "moves": ["psyshock", "mysticalfire", "focusblast", "moonblast"], "ability": "Trace", "evs": {"hp": 85, "atk": 0, "def": 85, "spa": 85, "spd": 85, "spe": 85}, "ivs": {"hp": 31, "atk": 0, "def": 31, "spa": 31, "spd": 31, "spe": 31}, "item": "Choice Specs", "teraType": "Fire", "role": "Fast Attacker", "bvs": {"hp": 68, "atk": 65, "def": 65, "spa": 125, "spd": 115, "spe": 80}, "stats": {"hp": 249, "atk": 112, "def": 156, "spa": 255, "spd": 239, "spe": 180}}, "Armarouge": {"name": "Armarouge", "species": "Armarouge", "speciesId": "armarouge", "gender": "F", "shiny": false, "level": 80, "moves": ["aurasphere", "armorcannon", "psyshock", "energyball"], "ability": "Weak Armor", "evs": {"hp": 85, "atk": 0, "def": 85, "spa": 85, "spd": 85, "spe": 85}, "ivs": {"hp": 31, "atk": 0, "def": 31, "spa": 31, "spd": 31, "spe": 31}, "item": "Choice Specs", "teraType": "Fire", "role": "Wallbreaker", "bvs": {"hp": 85, "atk": 60, "def": 100, "spa": 125, "spd": 80, "spe": 75}, "stats": {"hp": 267, "atk": 101, "def": 206, "spa": 246, "spd": 174, "spe": 166}}, "Regirock": {"name": "Regirock", "species": "Regirock", "speciesId": "regirock", "gender": "N", "shiny": false, "level": 83, "moves": ["thunderwave", "stoneedge", "irondefense", "bodypress"], "ability": "Clear Body", "evs": {"hp": 85, "atk": 85, "def": 85, "spa": 85, "spd": 85, "spe": 85}, "ivs": {"hp": 31, "atk": 31, "def": 31, "spa": 31, "spd": 31, "spe": 31}, "item": "Leftovers", "teraType": "Fighting", "role": "Bulky Attacker", "bvs": {"hp": 80, "atk": 100, "def": 200, "spa": 50, "spd": 100, "spe": 50}, "stats": {"hp": 268, "atk": 214, "def": 380, "spa": 131, "spd": 214, "spe": 131}}, "Iron Moth": {"name": "Iron Moth", "species": "Iron Moth", "speciesId": "ironmoth", "gender": "N", "shiny": false, "level": 78, "moves": ["uturn", "energyball", "sludgewave", "fierydance"], "ability": "Quark Drive", "evs": {"hp": 85, "atk": 85, "def": 85, "spa": 85, "spd": 85, "spe": 85}, "ivs": {"hp": 31, "atk": 31, "def": 31, "spa": 31, "spd": 31, "spe": 31}, "item": "Choice Specs", "teraType": "Grass", "role": "Fast Attacker", "bvs": {"hp": 80, "atk": 70, "def": 60, "spa": 140, "spd": 110, "spe": 110}, "stats": {"hp": 253, "atk": 154, "def": 139, "spa": 263, "spd": 217, "spe": 217}}, "Golduck": {"name": "Golduck", "species": "Golduck", "speciesId": "golduck", "gender": "F", "shiny": false, "level": 90, "moves": ["nastyplot", "encore", "grassknot", "hydropump"], "ability": "Cloud Nine", "evs": {"hp": 85, "atk": 0, "def": 85, "spa": 85, "spd": 85, "spe": 85}, "ivs": {"hp": 31, "atk": 0, "def": 31, "spa": 31, "spd": 31, "spe": 31}, "item": "Leftovers", "teraType": "Water", "role": "Bulky Setup", "bvs": {"hp": 80, "atk": 82, "def": 78, "spa": 95, "spd": 80, "spe": 85}, "stats": {"hp": 290, "atk": 152, "def": 192, "spa": 222, "spd": 195, "spe": 204}}, "Zacian": {"name": "Zacian", "species": "Zacian", "speciesId": "zacian", "gender": "N", "shiny": false, "level": 69, "moves": ["swordsdance", "playrough", "crunch", "closecombat"], "ability": "Intrepid Sword", "evs": {"hp": 85, "atk": 85, "def": 85, "spa": 85, "spd": 85, "spe": 85}, "ivs": {"hp": 31, "atk": 31, "def": 31, "spa": 31, "spd": 31, "spe": 31}, "item": "Life Orb", "teraType": "Fighting", "role": "Fast Attacker", "bvs": {"hp": 92, "atk": 120, "def": 115, "spa": 80, "spd": 115, "spe": 138}, "stats": {"hp": 241, "atk": 206, "def": 199, "spa": 151, "spd": 199, "spe": 231}}}, {"Gholdengo": {"name": "Gholdengo", "species": "Gholdengo", "speciesId": "gholdengo", "gender": "N", "shiny": false, "level": 77, "moves": ["thunderwave", "makeitrain", "recover", "shadowball"], "ability": "Good as Gold", "evs": {"hp": 85, "atk": 0, "def": 85, "spa": 85, "spd": 85, "spe": 85}, "ivs": {"hp": 31, "atk": 0, "def": 31, "spa": 31, "spd": 31, "spe": 31}, "item": "Leftovers", "teraType": "Dark", "role": "Bulky Support", "bvs": {"hp": 87, "atk": 60, "def": 95, "spa": 133, "spd": 91, "spe": 84}, "stats": {"hp": 261, "atk": 97, "def": 191, "spa": 249, "spd": 185, "spe": 174}}, "Metagross": {"name": "Metagross", "species": "Metagross", "speciesId": "metagross", "gender": "N", "shiny": false, "level": 79, "moves": ["heavyslam", "knockoff", "stealthrock", "psychicfangs"], "ability": "Clear Body", "evs": {"hp": 85, "atk": 85, "def": 85, "spa": 85, "spd": 85, "spe": 85}, "ivs": {"hp": 31, "atk": 31, "def": 31, "spa": 31, "spd": 31, "spe": 31}, "item": "Leftovers", "teraType": "Water", "role": "Bulky Support", "bvs": {"hp": 80, "atk": 135, "def": 130, "spa": 95, "spd": 90, "spe": 70}, "stats": {"hp": 256, "atk": 259, "def": 251, "spa": 196, "spd": 188, "spe": 156}}, "Cinderace": {"name": "Cinderace", "species": "Cinderace", "speciesId": "cinderace", "gender": "F", "shiny": false, "level": 77, "moves": ["pyroball", "highjumpkick", "courtchange", "uturn"], "ability": "Libero", "evs": {"hp": 81, "atk": 85, "def": 85, "spa": 85, "spd": 85, "spe": 85}, "ivs": {"hp": 31, "atk": 31, "def": 31, "spa": 31, "spd": 31, "spe": 31}, "item": "Heavy-Duty Boots", "teraType": "Fighting", "role": "Fast Attacker", "bvs": {"hp": 80, "atk": 116, "def": 75, "spa": 65, "spd": 75, "spe": 119}, "stats": {"hp": 249, "atk": 223, "def": 160, "spa": 145, "spd": 160, "spe": 228}}, "Kingdra": {"name": "Kingdra", "species": "Kingdra", "speciesId": "kingdra", "gender": "F", "shiny": false, "level": 84, "moves": ["wavecrash", "waterfall", "outrage", "dragondance"], "ability": "Sniper", "evs": {"hp": 85, "atk": 85, "def": 85, "spa": 85, "spd": 85, "spe": 85}, "ivs": {"hp": 31, "atk": 31, "def": 31, "spa": 31, "spd": 31, "spe": 31}, "item": "Lum Berry", "teraType": "Water", "role": "Setup Sweeper", "bvs": {"hp": 75, "atk": 95, "def": 95, "spa": 95, "spd": 95, "spe": 85}, "stats": {"hp": 263, "atk": 208, "def": 208, "spa": 208, "spd": 208, "spe": 191}}, "Bombirdier": {"name": "Bombirdier", "species": "Bombirdier", "speciesId": "bombirdier", "gender": "F", "shiny": false, "level": 85, "moves": ["suckerpunch", "bravebird", "stoneedge", "knockoff"], "ability": "Rocky Payload", "evs": {"hp": 85, "atk": 85, "def": 85, "spa": 85, "spd": 85, "spe": 85}, "ivs": {"hp": 31, "atk": 31, "def": 31, "spa": 31, "spd": 31, "spe": 31}, "item": "Choice Band", "teraType": "Rock", "role": "Fast Attacker", "bvs": {"hp": 70, "atk": 103, "def": 85, "spa": 60, "spd": 85, "spe": 82}, "stats": {"hp": 258, "atk": 224, "def": 193, "spa": 151, "spd": 193, "spe": 188}}, "Conkeldurr": {"name": "Conkeldurr", "species": "Conkeldurr", "speciesId": "conkeldurr", "gender": "M", "shiny": false, "level": 80, "moves": ["closecombat", "knockoff", "machpunch", "facade"], "ability": "Guts", "evs": {"hp": 85, "atk": 85, "def": 85, "spa": 85, "spd": 85, "spe": 85}, "ivs": {"hp": 31, "atk": 31, "def": 31, "spa": 31, "spd": 31, "spe": 31}, "item": "Flame Orb", "teraType": "Normal", "role": "Wallbreaker", "bvs": {"hp": 105, "atk": 140, "def": 95, "spa": 55, "spd": 65, "spe": 45}, "stats": {"hp": 299, "atk": 270, "def": 198, "spa": 134, "spd": 150, "spe": 118}}}]}