{"id": "gen9randombattle-2631781517", "format": "[Gen 9] Random Battle", "players": ["woxihuanni", "LewisBavin"], "log": "|j|\u2606woxihuanni\n|j|\u2606LewisBavin\n|t:|1781438735\n|gametype|singles\n|player|p1|woxihuanni|169|2111\n|player|p2|LewisBavin|102|2209\n|gen|9\n|tier|[Gen 9] Random Battle\n|rated|\n|rule|Species Clause: Limit one of each Pok\u00e9mon\n|rule|HP Percentage Mod: HP is shown in percentages\n|rule|Sleep Clause Mod: Limit one foe put to sleep\n|rule|Illusion Level Mod: Illusion disguises the Pok\u00e9mon's true level\n|\n|t:|1781438735\n|teamsize|p1|6\n|teamsize|p2|6\n|start\n|switch|p1a: Greedent|Greedent, L86, F|347/347\n|switch|p2a: Kommo-o|Kommo-o, L78, M|245/245\n|turn|1\n|inactive|Battle timer is ON: inactive players will automatically lose when time's up. (requested by LewisBavin)\n|inactive|LewisBavin has 120 seconds left.\n|\n|t:|1781438768\n|switch|p2a: Tyranitar|Tyranitar, L78, F|284/284\n|-weather|Sandstorm|[from] ability: Sand Stream|[of] p2a: Tyranitar\n|move|p1a: Greedent|Body Slam|p2a: Tyranitar\n|-resisted|p2a: Tyranitar\n|-damage|p2a: Tyranitar|241/284\n|-status|p2a: Tyranitar|par\n|\n|-weather|Sandstorm|[upkeep]\n|-damage|p1a: Greedent|326/347|[from] Sandstorm\n|upkeep\n|turn|2\n|\n|t:|1781438772\n|move|p1a: Greedent|Swords Dance|p1a: Greedent\n|-boost|p1a: Greedent|atk|2\n|cant|p2a: Tyranitar|par\n|\n|-weather|Sandstorm|[upkeep]\n|-damage|p1a: Greedent|305/347|[from] Sandstorm\n|upkeep\n|turn|3\n|\n|t:|1781438776\n|move|p1a: Greedent|Earthquake|p2a: Tyranitar\n|-supereffective|p2a: Tyranitar\n|-damage|p2a: Tyranitar|0 fnt\n|faint|p2a: Tyranitar\n|\n|-weather|Sandstorm|[upkeep]\n|-damage|p1a: Greedent|284/347|[from] Sandstorm\n|upkeep\n|-message|LewisBavin forfeited.\n|\n|win|woxihuanni\n", "inputlog": ">version a8376a258c1d4662feba110a92103f3664a72141\n>start {\"formatid\":\"gen9randombattle\",\"seed\":\"sodium,04b2c3c903243f198e7406e7dcf4a4da\",\"rated\":\"Rated battle\"}\n>player p1 {\"name\":\"woxihuanni\",\"avatar\":\"169\",\"rating\":2111,\"seed\":\"sodium,d41f81f7f956b92aa9479c7a09c02023\"}\n>player p2 {\"name\":\"LewisBavin\",\"avatar\":\"102\",\"rating\":2209,\"seed\":\"sodium,5492e55f9cbcc4d43146e7e0d0a4f08c\"}\n>p1 move bodyslam\n>p2 switch 5\n>p1 move swordsdance\n>p2 move knockoff\n>p1 move earthquake\n>p2 move knockoff\n>forcelose p2", "uploadtime": 1781438737, "views": 5, "formatid": "gen9randombattle", "rating": null, "private": 0, "password": null}