{"id": "gen9randombattle-2631411716", "format": "[Gen 9] Random Battle", "players": ["memegameguy", "PineappleCats"], "log": "|j|\u2606memegameguy\n|j|\u2606PineappleCats\n|t:|1781381460\n|gametype|singles\n|player|p1|memegameguy|hilbert|1972\n|player|p2|PineappleCats|giovanni|1946\n|gen|9\n|tier|[Gen 9] Random Battle\n|rated|\n|rule|Species Clause: Limit one of each Pok\u00e9mon\n|rule|HP Percentage Mod: HP is shown in percentages\n|rule|Sleep Clause Mod: Limit one foe put to sleep\n|rule|Illusion Level Mod: Illusion disguises the Pok\u00e9mon's true level\n|\n|t:|1781381460\n|teamsize|p1|6\n|teamsize|p2|6\n|start\n|switch|p1a: Araquanid|Araquanid, L82, F|246/246\n|switch|p2a: Sudowoodo|Sudowoodo, L94, M|284/284\n|turn|1\n|inactive|Battle timer is ON: inactive players will automatically lose when time's up. (requested by PineappleCats)\n|\n|t:|1781381489\n|move|p1a: Araquanid|Hydro Pump|p2a: Sudowoodo\n|-supereffective|p2a: Sudowoodo\n|-damage|p2a: Sudowoodo|0 fnt\n|faint|p2a: Sudowoodo\n|\n|upkeep\n|\n|t:|1781381503\n|switch|p2a: Rayquaza|Rayquaza, L72|270/270\n|-ability|p2a: Rayquaza|Air Lock\n|turn|2\n|\n|t:|1781381515\n|switch|p1a: Piloswine|Piloswine, L85, M|309/309\n|move|p2a: Rayquaza|Dragon Dance|p2a: Rayquaza\n|-boost|p2a: Rayquaza|atk|1\n|-boost|p2a: Rayquaza|spe|1\n|\n|upkeep\n|turn|3\n|\n|t:|1781381521\n|-terastallize|p2a: Rayquaza|Flying\n|move|p2a: Rayquaza|Dragon Ascent|p1a: Piloswine\n|-damage|p1a: Piloswine|135/309\n|-unboost|p2a: Rayquaza|def|1\n|-unboost|p2a: Rayquaza|spd|1\n|move|p1a: Piloswine|Icicle Crash|p2a: Rayquaza\n|-supereffective|p2a: Rayquaza\n|-damage|p2a: Rayquaza|0 fnt\n|faint|p2a: Rayquaza\n|\n|upkeep\n|-message|PineappleCats forfeited.\n|\n|win|memegameguy\n", "uploadtime": 1781381462, "views": 9, "formatid": "gen9randombattle", "rating": null, "private": 0, "password": null}