{"id": "gen9randombattle-2631957689", "format": "[Gen 9] Random Battle", "players": ["00aa00aa", "Ballcoozy"], "log": "|j|\u260600aa00aa\n|j|\u2606Ballcoozy\n|t:|1781459857\n|gametype|singles\n|player|p1|00aa00aa|2|1958\n|player|p2|Ballcoozy|clair|1962\n|gen|9\n|tier|[Gen 9] Random Battle\n|rated|\n|rule|Species Clause: Limit one of each Pok\u00e9mon\n|rule|HP Percentage Mod: HP is shown in percentages\n|rule|Sleep Clause Mod: Limit one foe put to sleep\n|rule|Illusion Level Mod: Illusion disguises the Pok\u00e9mon's true level\n|\n|t:|1781459857\n|teamsize|p1|6\n|teamsize|p2|6\n|start\n|switch|p1a: Coalossal|Coalossal, L89, F|341/341\n|switch|p2a: Rabsca|Rabsca, L91, F|284/284\n|turn|1\n|\n|t:|1781459891\n|switch|p1a: Oranguru|Oranguru, L92, M|315/315\n|switch|p2a: Appletun|Appletun, L92, M|352/352\n|\n|upkeep\n|turn|2\n|\n|t:|1781459918\n|switch|p1a: Glastrier|Glastrier, L86|312/312\n|switch|p2a: Oranguru|Oranguru, L92, F|315/315\n|\n|upkeep\n|turn|3\n|\n|t:|1781459929\n|move|p2a: Oranguru|Focus Blast|p1a: Glastrier|[miss]\n|-miss|p2a: Oranguru|p1a: Glastrier\n|move|p1a: Glastrier|Swords Dance|p1a: Glastrier\n|-boost|p1a: Glastrier|atk|2\n|\n|upkeep\n|turn|4\n|\n|t:|1781459937\n|move|p2a: Oranguru|Focus Blast|p1a: Glastrier\n|-supereffective|p1a: Glastrier\n|-damage|p1a: Glastrier|80/312\n|move|p1a: Glastrier|Icicle Crash|p2a: Oranguru\n|-damage|p2a: Oranguru|51/315\n|\n|upkeep\n|turn|5\n|l|\u2606Ballcoozy\n|player|p2|\n|\n|t:|1781459967\n|switch|p1a: Sandslash|Sandslash, L89, F|278/278\n|move|p2a: Oranguru|Focus Blast|p1a: Sandslash|[miss]\n|-miss|p2a: Oranguru|p1a: Sandslash\n|\n|upkeep\n|turn|6\n|inactive|Battle timer is ON: inactive players will automatically lose when time's up. (requested by 00aa00aa)\n|inactive|Ballcoozy has 30 seconds to reconnect!\n|inactive|Ballcoozy has 20 seconds to reconnect!\n|inactive|Ballcoozy has 15 seconds to reconnect!\n|inactive|Ballcoozy has 10 seconds to reconnect!\n|inactive|Ballcoozy has 5 seconds to reconnect!\n|-message|Ballcoozy lost due to inactivity.\n|\n|win|00aa00aa\n", "inputlog": ">version a8376a258c1d4662feba110a92103f3664a72141\n>start {\"formatid\":\"gen9randombattle\",\"seed\":\"sodium,35e232e6508fa0c5aaadfbc6d27c2f69\",\"rated\":\"Rated battle\"}\n>player p1 {\"name\":\"00aa00aa\",\"avatar\":\"2\",\"rating\":1958,\"seed\":\"sodium,0548a7f1f9f2b436222d3e7a7d76c5bc\"}\n>player p2 {\"name\":\"Ballcoozy\",\"avatar\":\"clair\",\"rating\":1962,\"seed\":\"sodium,0946d6c5ce6c53e33a10c69c36b8f486\"}\n>p1 switch 5\n>p2 switch 3\n>p1 switch 6\n>p2 switch 2\n>p1 move swordsdance\n>p2 move focusblast\n>p1 move iciclecrash\n>p2 move focusblast\n>p1 switch 4\n>p2 move focusblast\n>forcelose p2", "uploadtime": 1781459858, "views": 9, "formatid": "gen9randombattle", "rating": null, "private": 0, "password": null}