{"id": "gen9randombattle-2631958571", "format": "[Gen 9] Random Battle", "players": ["haibaraa", "OshModi"], "log": "|j|\u2606haibaraa\n|j|\u2606OshModi\n|t:|1781459951\n|gametype|singles\n|player|p1|haibaraa|unknownf|1950\n|player|p2|OshModi|hilbert|2006\n|gen|9\n|tier|[Gen 9] Random Battle\n|rated|\n|rule|Species Clause: Limit one of each Pok\u00e9mon\n|rule|HP Percentage Mod: HP is shown in percentages\n|rule|Sleep Clause Mod: Limit one foe put to sleep\n|rule|Illusion Level Mod: Illusion disguises the Pok\u00e9mon's true level\n|\n|t:|1781459951\n|teamsize|p1|6\n|teamsize|p2|6\n|start\n|switch|p1a: Koraidon|Koraidon, L64|235/235\n|switch|p2a: Sunflora|Sunflora, M|312/312\n|-weather|SunnyDay|[from] ability: Orichalcum Pulse|[of] p1a: Koraidon\n|-activate|p1a: Koraidon|Orichalcum Pulse|[source]\n|turn|1\n|inactive|Battle timer is ON: inactive players will automatically lose when time's up. (requested by OshModi)\n|\n|t:|1781459973\n|switch|p1a: Delibird|Delibird, F|252/252\n|move|p2a: Sunflora|Dazzling Gleam|p1a: Delibird\n|-damage|p1a: Delibird|83/252\n|\n|-weather|SunnyDay|[upkeep]\n|upkeep\n|turn|2\n|\n|t:|1781459985\n|switch|p1a: Dragalge|Dragalge, L88, F|258/258\n|move|p2a: Sunflora|Dazzling Gleam|p1a: Dragalge\n|-damage|p1a: Dragalge|156/258\n|\n|-weather|SunnyDay|[upkeep]\n|-heal|p1a: Dragalge|172/258|[from] item: Leftovers\n|upkeep\n|turn|3\n|\n|t:|1781459994\n|switch|p2a: Blissey|Blissey, L85, F|572/572\n|move|p1a: Dragalge|Toxic|p2a: Blissey\n|-status|p2a: Blissey|tox\n|\n|-weather|SunnyDay|[upkeep]\n|-heal|p1a: Dragalge|188/258|[from] item: Leftovers\n|-damage|p2a: Blissey|537/572 tox|[from] psn\n|upkeep\n|turn|4\n|\n|t:|1781460003\n|switch|p1a: Delibird|Delibird, F|83/252\n|move|p2a: Blissey|Thunder Wave|p1a: Delibird\n|-status|p1a: Delibird|par\n|\n|-weather|SunnyDay|[upkeep]\n|-heal|p2a: Blissey|572/572 tox|[from] item: Leftovers\n|-damage|p2a: Blissey|502/572 tox|[from] psn\n|upkeep\n|turn|5\n|\n|t:|1781460015\n|-curestatus|p2a: Blissey|tox|[from] ability: Natural Cure|[silent]\n|switch|p2a: Oranguru|Oranguru, L92, F|315/315\n|move|p1a: Delibird|Spikes|p2a: Oranguru\n|-sidestart|p2: OshModi|Spikes\n|\n|-weather|none\n|upkeep\n|turn|6\n|\n|t:|1781460022\n|cant|p1a: Delibird|par\n|move|p2a: Oranguru|Thunderbolt|p1a: Delibird\n|-supereffective|p1a: Delibird\n|-damage|p1a: Delibird|0 fnt\n|faint|p1a: Delibird\n|\n|upkeep\n|\n|t:|1781460030\n|switch|p1a: Koraidon|Koraidon, L64|235/235\n|-weather|SunnyDay|[from] ability: Orichalcum Pulse|[of] p1a: Koraidon\n|-activate|p1a: Koraidon|Orichalcum Pulse|[source]\n|turn|7\n|\n|t:|1781460038\n|move|p1a: Koraidon|U-turn|p2a: Oranguru\n|-supereffective|p2a: Oranguru\n|-crit|p2a: Oranguru\n|-damage|p2a: Oranguru|87/315\n|\n|t:|1781460049\n|switch|p1a: Piloswine|Piloswine, L85, M|309/309|[from] U-turn\n|move|p2a: Oranguru|Psyshock|p1a: Piloswine\n|-damage|p1a: Piloswine|240/309\n|\n|-weather|SunnyDay|[upkeep]\n|-heal|p2a: Oranguru|106/315|[from] item: Leftovers\n|upkeep\n|turn|8\n|\n|t:|1781460064\n|switch|p2a: Sunflora|Sunflora, M|312/312\n|-damage|p2a: Sunflora|273/312|[from] Spikes\n|move|p1a: Piloswine|Icicle Crash|p2a: Sunflora\n|-supereffective|p2a: Sunflora\n|-damage|p2a: Sunflora|43/312\n|\n|-weather|SunnyDay|[upkeep]\n|upkeep\n|turn|9\n|\n|t:|1781460073\n|move|p1a: Piloswine|Ice Shard|p2a: Sunflora\n|-supereffective|p2a: Sunflora\n|-damage|p2a: Sunflora|0 fnt\n|faint|p2a: Sunflora\n|\n|-weather|SunnyDay|[upkeep]\n|upkeep\n|\n|t:|1781460078\n|switch|p2a: Typhlosion|Typhlosion, L84, M|267/267\n|-damage|p2a: Typhlosion|234/267|[from] Spikes\n|turn|10\n|\n|t:|1781460086\n|switch|p1a: Dragalge|Dragalge, L88, F|188/258\n|move|p2a: Typhlosion|Eruption|p1a: Dragalge\n|-resisted|p1a: Dragalge\n|-damage|p1a: Dragalge|110/258\n|\n|-weather|SunnyDay|[upkeep]\n|-heal|p1a: Dragalge|126/258|[from] item: Leftovers\n|upkeep\n|turn|11\n|\n|t:|1781460093\n|switch|p2a: Blissey|Blissey, L85, F|502/572\n|-damage|p2a: Blissey|431/572|[from] Spikes\n|switch|p1a: Piloswine|Piloswine, L85, M|240/309\n|\n|-weather|none\n|-heal|p2a: Blissey|466/572|[from] item: Leftovers\n|upkeep\n|turn|12\n|\n|t:|1781460108\n|switch|p2a: Oranguru|Oranguru, L92, F|106/315\n|-damage|p2a: Oranguru|67/315|[from] Spikes\n|move|p1a: Piloswine|Earthquake|p2a: Oranguru\n|-damage|p2a: Oranguru|0 fnt\n|faint|p2a: Oranguru\n|\n|upkeep\n|\n|t:|1781460111\n|switch|p2a: Ludicolo|Ludicolo, L90, F|290/290\n|-damage|p2a: Ludicolo|254/290|[from] Spikes\n|turn|13\n|\n|t:|1781460119\n|move|p2a: Ludicolo|Hydro Pump|p1a: Piloswine\n|-supereffective|p1a: Piloswine\n|-damage|p1a: Piloswine|0 fnt\n|faint|p1a: Piloswine\n|\n|upkeep\n|\n|t:|1781460123\n|switch|p1a: Koraidon|Koraidon, L64|235/235\n|-weather|SunnyDay|[from] ability: Orichalcum Pulse|[of] p1a: Koraidon\n|-activate|p1a: Koraidon|Orichalcum Pulse|[source]\n|turn|14\n|\n|t:|1781460139\n|move|p1a: Koraidon|U-turn|p2a: Ludicolo\n|-supereffective|p2a: Ludicolo\n|-damage|p2a: Ludicolo|74/290\n|\n|t:|1781460143\n|switch|p1a: Dragalge|Dragalge, L88, F|126/258|[from] U-turn\n|move|p2a: Ludicolo|Hydro Pump|p1a: Dragalge\n|-resisted|p1a: Dragalge\n|-damage|p1a: Dragalge|89/258\n|\n|-weather|SunnyDay|[upkeep]\n|-heal|p1a: Dragalge|105/258|[from] item: Leftovers\n|upkeep\n|turn|15\n|\n|t:|1781460147\n|switch|p2a: Blissey|Blissey, L85, F|466/572\n|-damage|p2a: Blissey|395/572|[from] Spikes\n|move|p1a: Dragalge|Toxic|p2a: Blissey\n|-status|p2a: Blissey|tox\n|\n|-weather|SunnyDay|[upkeep]\n|-heal|p2a: Blissey|430/572 tox|[from] item: Leftovers\n|-heal|p1a: Dragalge|121/258|[from] item: Leftovers\n|-damage|p2a: Blissey|395/572 tox|[from] psn\n|upkeep\n|turn|16\n|\n|t:|1781460153\n|move|p2a: Blissey|Thunder Wave|p1a: Dragalge\n|-status|p1a: Dragalge|par\n|move|p1a: Dragalge|Focus Blast|p2a: Blissey\n|-supereffective|p2a: Blissey\n|-damage|p2a: Blissey|251/572 tox\n|\n|-weather|SunnyDay|[upkeep]\n|-heal|p2a: Blissey|286/572 tox|[from] item: Leftovers\n|-heal|p1a: Dragalge|137/258 par|[from] item: Leftovers\n|-damage|p2a: Blissey|216/572 tox|[from] psn\n|upkeep\n|turn|17\n|\n|t:|1781460163\n|-curestatus|p2a: Blissey|tox|[from] ability: Natural Cure|[silent]\n|switch|p2a: Ludicolo|Ludicolo, L90, F|74/290\n|-damage|p2a: Ludicolo|38/290|[from] Spikes\n|move|p1a: Dragalge|Sludge Wave|p2a: Ludicolo\n|-supereffective|p2a: Ludicolo\n|-damage|p2a: Ludicolo|0 fnt\n|faint|p2a: Ludicolo\n|\n|-weather|SunnyDay|[upkeep]\n|-heal|p1a: Dragalge|153/258 par|[from] item: Leftovers\n|upkeep\n|\n|t:|1781460170\n|switch|p2a: Typhlosion|Typhlosion, L84, M|234/267\n|-damage|p2a: Typhlosion|201/267|[from] Spikes\n|turn|18\n|\n|t:|1781460178\n|move|p2a: Typhlosion|Scorching Sands|p1a: Dragalge\n|-supereffective|p1a: Dragalge\n|-damage|p1a: Dragalge|69/258 par\n|move|p1a: Dragalge|Toxic|p2a: Typhlosion\n|-status|p2a: Typhlosion|tox\n|\n|-weather|none\n|-heal|p1a: Dragalge|85/258 par|[from] item: Leftovers\n|-damage|p2a: Typhlosion|185/267 tox|[from] psn\n|upkeep\n|turn|19\n|\n|t:|1781460182\n|move|p2a: Typhlosion|Scorching Sands|p1a: Dragalge\n|-supereffective|p1a: Dragalge\n|-damage|p1a: Dragalge|1/258 par\n|move|p1a: Dragalge|Toxic|p2a: Typhlosion\n|-fail|p2a: Typhlosion|tox\n|\n|-heal|p1a: Dragalge|17/258 par|[from] item: Leftovers\n|-damage|p2a: Typhlosion|153/267 tox|[from] psn\n|upkeep\n|turn|20\n|\n|t:|1781460185\n|move|p2a: Typhlosion|Scorching Sands|p1a: Dragalge\n|-supereffective|p1a: Dragalge\n|-damage|p1a: Dragalge|0 fnt\n|faint|p1a: Dragalge\n|\n|-damage|p2a: Typhlosion|105/267 tox|[from] psn\n|upkeep\n|\n|t:|1781460194\n|switch|p1a: Koraidon|Koraidon, L64|235/235\n|-weather|SunnyDay|[from] ability: Orichalcum Pulse|[of] p1a: Koraidon\n|-activate|p1a: Koraidon|Orichalcum Pulse|[source]\n|turn|21\n|\n|t:|1781460199\n|move|p2a: Typhlosion|Scorching Sands|p1a: Koraidon\n|-damage|p1a: Koraidon|175/235\n|move|p1a: Koraidon|U-turn|p2a: Typhlosion\n|-resisted|p2a: Typhlosion\n|-damage|p2a: Typhlosion|65/267 tox\n|\n|t:|1781460203\n|switch|p1a: Great Tusk|Great Tusk, L77|304/304|[from] U-turn\n|-activate|p1a: Great Tusk|ability: Protosynthesis\n|-start|p1a: Great Tusk|protosynthesisatk\n|\n|-weather|SunnyDay|[upkeep]\n|-damage|p2a: Typhlosion|1/267 tox|[from] psn\n|upkeep\n|turn|22\n|\n|t:|1781460209\n|move|p2a: Typhlosion|Scorching Sands|p1a: Great Tusk\n|-damage|p1a: Great Tusk|213/304\n|move|p1a: Great Tusk|Bulk Up|p1a: Great Tusk\n|-boost|p1a: Great Tusk|atk|1\n|-boost|p1a: Great Tusk|def|1\n|\n|-weather|SunnyDay|[upkeep]\n|-damage|p2a: Typhlosion|0 fnt|[from] psn\n|faint|p2a: Typhlosion\n|upkeep\n|\n|t:|1781460223\n|switch|p2a: Enamorus|Enamorus-Therian, L83, F|259/259\n|turn|23\n|\n|t:|1781460234\n|-terastallize|p2a: Enamorus|Ground\n|move|p1a: Great Tusk|Stone Edge|p2a: Enamorus\n|-resisted|p2a: Enamorus\n|-crit|p2a: Enamorus\n|-damage|p2a: Enamorus|172/259\n|move|p2a: Enamorus|Agility|p2a: Enamorus\n|-boost|p2a: Enamorus|spe|2\n|\n|-weather|SunnyDay|[upkeep]\n|upkeep\n|turn|24\n|\n|t:|1781460245\n|-terastallize|p1a: Great Tusk|Ground\n|move|p2a: Enamorus|Earth Power|p1a: Great Tusk\n|-damage|p1a: Great Tusk|14/304\n|move|p1a: Great Tusk|Earthquake|p2a: Enamorus\n|-damage|p2a: Enamorus|0 fnt\n|faint|p2a: Enamorus\n|\n|-weather|SunnyDay|[upkeep]\n|upkeep\n|-message|OshModi forfeited.\n|\n|win|haibaraa\n|raw|haibaraa's rating: 1950 &rarr; <strong>1973</strong><br />(+23 for winning)\n|raw|OshModi's rating: 2006 &rarr; <strong>1983</strong><br />(-23 for losing)\n", "inputlog": ">version a8376a258c1d4662feba110a92103f3664a72141\n>start {\"formatid\":\"gen9randombattle\",\"seed\":\"sodium,6784dd81da48b9ab7ecc35732a8b2edc\",\"rated\":\"Rated battle\"}\n>player p1 {\"name\":\"haibaraa\",\"avatar\":\"unknownf\",\"rating\":1950,\"seed\":\"sodium,693a3b3fd8bd22a4dd4e8b556bc91b00\"}\n>player p2 {\"name\":\"OshModi\",\"avatar\":\"hilbert\",\"rating\":2006,\"seed\":\"sodium,5960a9794bff1f46a23c6f3fb366e6b7\"}\n>p1 switch 6\n>p2 move dazzlinggleam\n>p1 switch 5\n>p2 move dazzlinggleam\n>p1 move toxic\n>p2 switch 4\n>p1 switch 5\n>p2 move thunderwave\n>p1 move spikes\n>p2 switch 5\n>p1 move iceshard\n>p2 move thunderbolt\n>p1 switch 6\n>p1 move uturn\n>p2 move psyshock\n>p1 switch 3\n>p1 move iciclecrash\n>p2 switch 4\n>p1 move iceshard\n>p2 move earthpower\n>p2 switch 6\n>p1 switch 5\n>p2 move eruption\n>p1 switch 5\n>p2 switch 5\n>p1 move earthquake\n>p2 switch 4\n>p2 switch 3\n>p1 move iciclecrash\n>p2 move hydropump\n>p1 switch 3\n>p1 move uturn\n>p2 move hydropump\n>p1 switch 5\n>p1 move toxic\n>p2 switch 4\n>p1 move focusblast\n>p2 move thunderwave\n>p1 move sludgewave\n>p2 switch 4\n>p2 switch 5\n>p1 move toxic\n>p2 move scorchingsands\n>p1 move toxic\n>p2 move scorchingsands\n>p1 move sludgewave\n>p2 move scorchingsands\n>p1 switch 5\n>p1 move uturn\n>p2 move scorchingsands\n>p1 switch 2\n>p1 move bulkup\n>p2 move scorchingsands\n>p2 switch 2\n>p1 move stoneedge\n>p2 move agility terastallize\n>p1 move earthquake terastallize\n>p2 move earthpower\n>forcelose p2", "uploadtime": 1781459954, "views": 7, "formatid": "gen9randombattle", "rating": 1973, "private": 0, "password": null, "player_dets": [{"name": "haibaraa", "avatar": "unknownf", "rating": 1950, "seed": "sodium,693a3b3fd8bd22a4dd4e8b556bc91b00"}, {"name": "OshModi", "avatar": "hilbert", "rating": 2006, "seed": "sodium,5960a9794bff1f46a23c6f3fb366e6b7"}], "teams_full": [{"Koraidon": {"name": "Koraidon", "species": "Koraidon", "speciesId": "koraidon", "gender": "N", "shiny": false, "level": 64, "moves": ["uturn", "flareblitz", "closecombat", "outrage"], "ability": "Orichalcum Pulse", "evs": {"hp": 85, "atk": 85, "def": 85, "spa": 85, "spd": 85, "spe": 85}, "ivs": {"hp": 31, "atk": 31, "def": 31, "spa": 31, "spd": 31, "spe": 31}, "item": "Choice Band", "teraType": "Fire", "role": "Fast Attacker", "bvs": {"hp": 100, "atk": 135, "def": 115, "spa": 85, "spd": 100, "spe": 135}, "stats": {"hp": 235, "atk": 211, "def": 185, "spa": 147, "spd": 166, "spe": 211}}, "Great Tusk": {"name": "Great Tusk", "species": "Great Tusk", "speciesId": "greattusk", "gender": "N", "shiny": false, "level": 77, "moves": ["stoneedge", "bulkup", "closecombat", "earthquake"], "ability": "Protosynthesis", "evs": {"hp": 85, "atk": 85, "def": 85, "spa": 85, "spd": 85, "spe": 85}, "ivs": {"hp": 31, "atk": 31, "def": 31, "spa": 31, "spd": 31, "spe": 31}, "item": "Booster Energy", "teraType": "Ground", "role": "Fast Bulky Setup", "bvs": {"hp": 115, "atk": 131, "def": 131, "spa": 53, "spd": 53, "spe": 87}, "stats": {"hp": 304, "atk": 246, "def": 246, "spa": 126, "spd": 126, "spe": 179}}, "Piloswine": {"name": "Piloswine", "species": "Piloswine", "speciesId": "piloswine", "gender": "M", "shiny": false, "level": 85, "moves": ["iciclecrash", "earthquake", "roar", "iceshard"], "ability": "Thick Fat", "evs": {"hp": 85, "atk": 85, "def": 85, "spa": 85, "spd": 85, "spe": 85}, "ivs": {"hp": 31, "atk": 31, "def": 31, "spa": 31, "spd": 31, "spe": 31}, "item": "Eviolite", "teraType": "Dragon", "role": "Bulky Support", "bvs": {"hp": 100, "atk": 100, "def": 80, "spa": 60, "spd": 60, "spe": 50}, "stats": {"hp": 309, "atk": 219, "def": 185, "spa": 151, "spd": 151, "spe": 134}}, "Cinderace": {"name": "Cinderace", "species": "Cinderace", "speciesId": "cinderace", "gender": "M", "shiny": false, "level": 77, "moves": ["courtchange", "pyroball", "willowisp", "uturn"], "ability": "Libero", "evs": {"hp": 85, "atk": 85, "def": 85, "spa": 85, "spd": 85, "spe": 85}, "ivs": {"hp": 31, "atk": 31, "def": 31, "spa": 31, "spd": 31, "spe": 31}, "item": "Heavy-Duty Boots", "teraType": "Grass", "role": "Fast Support", "bvs": {"hp": 80, "atk": 116, "def": 75, "spa": 65, "spd": 75, "spe": 119}, "stats": {"hp": 250, "atk": 223, "def": 160, "spa": 145, "spd": 160, "spe": 228}}, "Dragalge": {"name": "Dragalge", "species": "Dragalge", "speciesId": "dragalge", "gender": "F", "shiny": false, "level": 88, "moves": ["toxic", "sludgewave", "dracometeor", "focusblast"], "ability": "Adaptability", "evs": {"hp": 85, "atk": 0, "def": 85, "spa": 85, "spd": 85, "spe": 85}, "ivs": {"hp": 31, "atk": 0, "def": 31, "spa": 31, "spd": 31, "spe": 31}, "item": "Leftovers", "teraType": "Fighting", "role": "Bulky Attacker", "bvs": {"hp": 65, "atk": 75, "def": 90, "spa": 97, "spd": 123, "spe": 44}, "stats": {"hp": 258, "atk": 137, "def": 209, "spa": 221, "spd": 267, "spe": 128}}, "Delibird": {"name": "Delibird", "species": "Delibird", "speciesId": "delibird", "gender": "F", "shiny": false, "level": 100, "moves": ["spikes", "icespinner", "bravebird", "iceshard"], "ability": "Hustle", "evs": {"hp": 85, "atk": 85, "def": 85, "spa": 85, "spd": 85, "spe": 85}, "ivs": {"hp": 31, "atk": 31, "def": 31, "spa": 31, "spd": 31, "spe": 31}, "item": "Heavy-Duty Boots", "teraType": "Ice", "role": "Fast Attacker", "bvs": {"hp": 45, "atk": 55, "def": 45, "spa": 65, "spd": 45, "spe": 75}, "stats": {"hp": 252, "atk": 167, "def": 147, "spa": 187, "spd": 147, "spe": 207}}}, {"Sunflora": {"name": "Sunflora", "species": "Sunflora", "speciesId": "sunflora", "gender": "M", "shiny": false, "level": 100, "moves": ["leafstorm", "earthpower", "sludgebomb", "dazzlinggleam"], "ability": "Chlorophyll", "evs": {"hp": 85, "atk": 0, "def": 85, "spa": 85, "spd": 85, "spe": 85}, "ivs": {"hp": 31, "atk": 0, "def": 31, "spa": 31, "spd": 31, "spe": 31}, "item": "Choice Specs", "teraType": "Grass", "role": "Wallbreaker", "bvs": {"hp": 75, "atk": 75, "def": 55, "spa": 105, "spd": 85, "spe": 30}, "stats": {"hp": 312, "atk": 155, "def": 167, "spa": 267, "spd": 227, "spe": 117}}, "Enamorus": {"name": "Enamorus", "species": "Enamorus-Therian", "speciesId": "enamorustherian", "gender": "F", "shiny": false, "level": 83, "moves": ["mysticalfire", "earthpower", "moonblast", "agility"], "ability": "Overcoat", "evs": {"hp": 85, "atk": 0, "def": 85, "spa": 85, "spd": 85, "spe": 85}, "ivs": {"hp": 31, "atk": 0, "def": 31, "spa": 31, "spd": 31, "spe": 31}, "item": "Weakness Policy", "teraType": "Ground", "role": "Bulky Setup", "bvs": {"hp": 74, "atk": 115, "def": 110, "spa": 135, "spd": 100, "spe": 46}, "stats": {"hp": 259, "atk": 195, "def": 230, "spa": 272, "spd": 214, "spe": 124}}, "Ludicolo": {"name": "Ludicolo", "species": "Ludicolo", "speciesId": "ludicolo", "gender": "F", "shiny": false, "level": 90, "moves": ["hydropump", "icebeam", "leafstorm", "gigadrain"], "ability": "Swift Swim", "evs": {"hp": 85, "atk": 0, "def": 85, "spa": 85, "spd": 85, "spe": 85}, "ivs": {"hp": 31, "atk": 0, "def": 31, "spa": 31, "spd": 31, "spe": 31}, "item": "Choice Specs", "teraType": "Grass", "role": "Fast Attacker", "bvs": {"hp": 80, "atk": 70, "def": 70, "spa": 90, "spd": 100, "spe": 70}, "stats": {"hp": 290, "atk": 131, "def": 177, "spa": 213, "spd": 231, "spe": 177}}, "Blissey": {"name": "Blissey", "species": "Blissey", "speciesId": "blissey", "gender": "F", "shiny": false, "level": 85, "moves": ["softboiled", "seismictoss", "thunderwave", "healbell"], "ability": "Natural Cure", "evs": {"hp": 85, "atk": 0, "def": 85, "spa": 85, "spd": 85, "spe": 85}, "ivs": {"hp": 31, "atk": 0, "def": 31, "spa": 31, "spd": 31, "spe": 31}, "item": "Leftovers", "teraType": "Poison", "role": "Bulky Support", "bvs": {"hp": 255, "atk": 10, "def": 10, "spa": 75, "spd": 135, "spe": 55}, "stats": {"hp": 572, "atk": 22, "def": 66, "spa": 176, "spd": 278, "spe": 142}}, "Oranguru": {"name": "Oranguru", "species": "Oranguru", "speciesId": "oranguru", "gender": "F", "shiny": false, "level": 92, "moves": ["nastyplot", "psyshock", "focusblast", "thunderbolt"], "ability": "Inner Focus", "evs": {"hp": 85, "atk": 0, "def": 85, "spa": 85, "spd": 85, "spe": 85}, "ivs": {"hp": 31, "atk": 0, "def": 31, "spa": 31, "spd": 31, "spe": 31}, "item": "Leftovers", "teraType": "Fighting", "role": "Bulky Attacker", "bvs": {"hp": 90, "atk": 60, "def": 80, "spa": 90, "spd": 110, "spe": 60}, "stats": {"hp": 315, "atk": 115, "def": 200, "spa": 218, "spd": 255, "spe": 163}}, "Typhlosion": {"name": "Typhlosion", "species": "Typhlosion", "speciesId": "typhlosion", "gender": "M", "shiny": false, "level": 84, "moves": ["focusblast", "scorchingsands", "fireblast", "eruption"], "ability": "Flash Fire", "evs": {"hp": 81, "atk": 0, "def": 85, "spa": 85, "spd": 85, "spe": 85}, "ivs": {"hp": 31, "atk": 0, "def": 31, "spa": 31, "spd": 31, "spe": 31}, "item": "Choice Scarf", "teraType": "Fire", "role": "Fast Attacker", "bvs": {"hp": 78, "atk": 84, "def": 78, "spa": 109, "spd": 85, "spe": 100}, "stats": {"hp": 267, "atk": 146, "def": 179, "spa": 231, "spd": 191, "spe": 216}}}]}