{"id": "gen9randombattle-2631404291", "format": "[Gen 9] Random Battle", "players": ["Neto1003", "Mitsuki"], "log": "|j|\u2606Neto1003\n|j|\u2606Mitsuki\n|inactive|Battle timer is ON: inactive players will automatically lose when time's up.\n|t:|1781380584\n|gametype|singles\n|player|p1|Neto1003|blue|\n|player|p2|Mitsuki|#mitsuki|\n|gen|9\n|tier|[Gen 9] Random Battle\n|rated|Tournament battle\n|rule|Species Clause: Limit one of each Pok\u00e9mon\n|rule|HP Percentage Mod: HP is shown in percentages\n|rule|Sleep Clause Mod: Limit one foe put to sleep\n|rule|Illusion Level Mod: Illusion disguises the Pok\u00e9mon's true level\n|\n|t:|1781380584\n|teamsize|p1|6\n|teamsize|p2|6\n|start\n|switch|p1a: Bastiodon|Bastiodon, L89, F|252/252\n|switch|p2a: Skuntank|Skuntank, L84, F|310/310\n|turn|1\n|inactive|Neto1003 also wants the timer to be on.\n|j| pedrobr7363\n|\n|t:|1781380600\n|move|p2a: Skuntank|Taunt|p1a: Bastiodon\n|-start|p1a: Bastiodon|move: Taunt\n|cant|p1a: Bastiodon|move: Taunt|Iron Defense\n|\n|upkeep\n|turn|2\n|\n|t:|1781380605\n|move|p2a: Skuntank|Knock Off|p1a: Bastiodon\n|-damage|p1a: Bastiodon|181/252\n|-enditem|p1a: Bastiodon|Chesto Berry|[from] move: Knock Off|[of] p2a: Skuntank\n|-damage|p2a: Skuntank|279/310|[from] item: Life Orb\n|move|p1a: Bastiodon|Body Press|p2a: Skuntank\n|-damage|p2a: Skuntank|166/310\n|\n|upkeep\n|turn|3\n|\n|t:|1781380608\n|move|p2a: Skuntank|Fire Blast|p1a: Bastiodon\n|-damage|p1a: Bastiodon|129/252\n|-damage|p2a: Skuntank|135/310|[from] item: Life Orb\n|move|p1a: Bastiodon|Body Press|p2a: Skuntank\n|-damage|p2a: Skuntank|22/310\n|\n|-end|p1a: Bastiodon|move: Taunt\n|upkeep\n|turn|4\n|j|^enzoo1600\n|\n|t:|1781380614\n|move|p2a: Skuntank|Taunt|p1a: Bastiodon\n|-start|p1a: Bastiodon|move: Taunt\n|move|p1a: Bastiodon|Body Press|p2a: Skuntank\n|-damage|p2a: Skuntank|0 fnt\n|-damage|p1a: Bastiodon|66/252|[from] ability: Aftermath|[of] p2a: Skuntank\n|faint|p2a: Skuntank\n|\n|upkeep\n|l| pedrobr7363\n|c|^enzoo1600|vai Mitsuki\n|\n|t:|1781380624\n|switch|p2a: Gyarados|Gyarados, L79, M|280/280\n|-ability|p2a: Gyarados|Intimidate|boost\n|-unboost|p1a: Bastiodon|atk|1\n|turn|5\n|\n|t:|1781380637\n|switch|p1a: Pincurchin|Pincurchin, M|258/258\n|-fieldstart|move: Electric Terrain|[from] ability: Electric Surge|[of] p1a: Pincurchin\n|move|p2a: Gyarados|Dragon Dance|p2a: Gyarados\n|-boost|p2a: Gyarados|atk|1\n|-boost|p2a: Gyarados|spe|1\n|\n|upkeep\n|turn|6\n|\n|t:|1781380642\n|-terastallize|p2a: Gyarados|Ground\n|move|p2a: Gyarados|Dragon Dance|p2a: Gyarados\n|-boost|p2a: Gyarados|atk|1\n|-boost|p2a: Gyarados|spe|1\n|move|p1a: Pincurchin|Discharge|p2a: Gyarados\n|-immune|p2a: Gyarados\n|\n|upkeep\n|turn|7\n|j| Isabel \u2764 Schmitt\n|j| leuaaa\n|l| leuaaa\n|\n|t:|1781380661\n|move|p2a: Gyarados|Earthquake|p1a: Pincurchin\n|-supereffective|p1a: Pincurchin\n|-damage|p1a: Pincurchin|0 fnt\n|faint|p1a: Pincurchin\n|\n|upkeep\n|j| Obscurecido \u00a7\n|\n|t:|1781380673\n|switch|p1a: Shiftry|Shiftry, L89, F|305/305\n|turn|8\n|\n|t:|1781380677\n|move|p2a: Gyarados|Temper Flare|p1a: Shiftry\n|-supereffective|p1a: Shiftry\n|-damage|p1a: Shiftry|11/305\n|move|p1a: Shiftry|Leaf Blade|p2a: Gyarados\n|-supereffective|p2a: Gyarados\n|-damage|p2a: Gyarados|0 fnt\n|faint|p2a: Gyarados\n|-damage|p1a: Shiftry|0 fnt|[from] item: Life Orb\n|faint|p1a: Shiftry\n|\n|upkeep\n|\n|t:|1781380684\n|switch|p1a: Bastiodon|Bastiodon, L89, F|66/252\n|switch|p2a: Landorus|Landorus, L75, M|257/257\n|turn|9\n|c|^enzoo1600|q\n|\n|t:|1781380708\n|move|p2a: Landorus|Earth Power|p1a: Bastiodon\n|-supereffective|p1a: Bastiodon\n|-damage|p1a: Bastiodon|0 fnt\n|faint|p1a: Bastiodon\n|\n|-fieldend|move: Electric Terrain\n|upkeep\n|\n|t:|1781380718\n|switch|p1a: Sinistcha|Sinistcha, L83|254/254\n|turn|10\n|\n|t:|1781380723\n|switch|p2a: Gouging Fire|Gouging Fire, L74|277/277\n|move|p1a: Sinistcha|Matcha Gotcha|p2a: Gouging Fire\n|-resisted|p2a: Gouging Fire\n|-damage|p2a: Gouging Fire|252/277\n|\n|upkeep\n|turn|11\n|\n|t:|1781380729\n|switch|p1a: Reshiram|Reshiram, L76|277/277\n|-ability|p1a: Reshiram|Turboblaze\n|move|p2a: Gouging Fire|Dragon Dance|p2a: Gouging Fire\n|-boost|p2a: Gouging Fire|atk|1\n|-boost|p2a: Gouging Fire|spe|1\n|\n|upkeep\n|turn|12\n|\n|t:|1781380733\n|move|p2a: Gouging Fire|Outrage|p1a: Reshiram\n|-supereffective|p1a: Reshiram\n|-damage|p1a: Reshiram|0 fnt\n|faint|p1a: Reshiram\n|\n|upkeep\n|\n|t:|1781380741\n|switch|p1a: Meowstic|Meowstic-F, L89, F|277/277\n|turn|13\n|j| leuaaa\n|\n|t:|1781380750\n|move|p2a: Gouging Fire|Outrage|p1a: Meowstic|[from] lockedmove\n|-damage|p1a: Meowstic|109/277\n|-start|p2a: Gouging Fire|confusion|[fatigue]\n|move|p1a: Meowstic|Thunderbolt|p2a: Gouging Fire\n|-resisted|p2a: Gouging Fire\n|-damage|p2a: Gouging Fire|208/277\n|-damage|p1a: Meowstic|82/277|[from] item: Life Orb\n|\n|upkeep\n|turn|14\n|\n|t:|1781380754\n|-activate|p2a: Gouging Fire|confusion\n|move|p2a: Gouging Fire|Heat Crash|p1a: Meowstic\n|-damage|p1a: Meowstic|0 fnt\n|faint|p1a: Meowstic\n|\n|upkeep\n|-message|Neto1003 forfeited.\n|\n|win|Mitsuki\n|n|\u2606Neto1003|neto1003\n|n|\u2606Mitsuki|mitsuki\n|n| enzoo1600|enzoo1600\n|n| Isabel \u2764 Schmitt|isabelschmitt\n|n| Obscurecido \u00a7|obscurecido\n|n| leuaaa|leuaaa\n", "inputlog": ">version a8376a258c1d4662feba110a92103f3664a72141\n>start {\"formatid\":\"gen9randombattle\",\"seed\":\"sodium,d6f743ad9c7ddd98e3de257c91b3a34e\",\"rated\":\"Tournament battle\"}\n>player p1 {\"name\":\"Neto1003\",\"avatar\":\"blue\",\"rating\":0,\"seed\":\"sodium,9dc01c225edd80ed01f0f74c682c39db\"}\n>player p2 {\"name\":\"Mitsuki\",\"avatar\":\"#mitsuki\",\"rating\":0,\"seed\":\"sodium,9007c07a8c9ec1844bf4e6207efe2177\"}\n>p1 move irondefense\n>p2 move taunt\n>p1 move bodypress\n>p2 move knockoff\n>p1 move bodypress\n>p2 move fireblast\n>p1 move bodypress\n>p2 move taunt\n>chat ^enzoo1600|vai Mitsuki\n>p2 switch 2\n>p1 switch 3\n>p2 move dragondance\n>p1 move discharge\n>p2 move dragondance terastallize\n>p1 move scald\n>p2 move earthquake\n>p1 switch 2\n>p1 move leafblade\n>p2 move temperflare\n>p1 switch 3\n>p2 switch 5\n>chat ^enzoo1600|q\n>p1 move foulplay\n>p2 move earthpower\n>p1 switch 4\n>p1 move matchagotcha\n>p2 switch 6\n>p1 switch 5\n>p2 move dragondance\n>p1 move earthpower\n>p2 move outrage\n>p1 switch 6\n>p1 move thunderbolt\n>p2 move outrage\n>p1 move thunderbolt\n>p2 move heatcrash\n>forcelose p1", "uploadtime": 1781380758, "views": 7, "formatid": "gen9randombattle", "rating": null, "private": 0, "password": null, "player_dets": [{"name": "Neto1003", "avatar": "blue", "rating": 0, "seed": "sodium,9dc01c225edd80ed01f0f74c682c39db"}, {"name": "Mitsuki", "avatar": "#mitsuki", "rating": 0, "seed": "sodium,9007c07a8c9ec1844bf4e6207efe2177"}], "teams_full": [{"Bastiodon": {"name": "Bastiodon", "species": "Bastiodon", "speciesId": "bastiodon", "gender": "F", "shiny": false, "level": 89, "moves": ["rest", "bodypress", "foulplay", "irondefense"], "ability": "Soundproof", "evs": {"hp": 85, "atk": 0, "def": 85, "spa": 85, "spd": 85, "spe": 85}, "ivs": {"hp": 31, "atk": 0, "def": 31, "spa": 31, "spd": 31, "spe": 31}, "item": "Chesto Berry", "teraType": "Fighting", "role": "Bulky Setup", "bvs": {"hp": 60, "atk": 52, "def": 168, "spa": 47, "spd": 138, "spe": 30}, "stats": {"hp": 252, "atk": 97, "def": 350, "spa": 134, "spd": 296, "spe": 104}, "types": ["Rock", "Steel"]}, "Shiftry": {"name": "Shiftry", "species": "Shiftry", "speciesId": "shiftry", "gender": "F", "shiny": false, "level": 89, "moves": ["tailwind", "lowkick", "leafblade", "knockoff"], "ability": "Wind Rider", "evs": {"hp": 85, "atk": 85, "def": 85, "spa": 85, "spd": 85, "spe": 85}, "ivs": {"hp": 31, "atk": 31, "def": 31, "spa": 31, "spd": 31, "spe": 31}, "item": "Life Orb", "teraType": "Dark", "role": "Setup Sweeper", "bvs": {"hp": 90, "atk": 100, "def": 60, "spa": 90, "spd": 60, "spe": 80}, "stats": {"hp": 305, "atk": 229, "def": 158, "spa": 211, "spd": 158, "spe": 193}, "types": ["Grass", "Dark"]}, "Pincurchin": {"name": "Pincurchin", "species": "Pincurchin", "speciesId": "pincurchin", "gender": "M", "shiny": false, "level": 100, "moves": ["scald", "recover", "discharge", "toxicspikes"], "ability": "Electric Surge", "evs": {"hp": 85, "atk": 0, "def": 85, "spa": 85, "spd": 85, "spe": 85}, "ivs": {"hp": 31, "atk": 0, "def": 31, "spa": 31, "spd": 31, "spe": 31}, "item": "Leftovers", "teraType": "Water", "role": "Bulky Attacker", "bvs": {"hp": 48, "atk": 101, "def": 95, "spa": 91, "spd": 85, "spe": 15}, "stats": {"hp": 258, "atk": 207, "def": 247, "spa": 239, "spd": 227, "spe": 87}, "types": ["Electric"]}, "Sinistcha": {"name": "Sinistcha", "species": "Sinistcha", "speciesId": "sinistcha", "gender": "N", "shiny": false, "level": 83, "moves": ["calmmind", "strengthsap", "shadowball", "matchagotcha"], "ability": "Heatproof", "evs": {"hp": 85, "atk": 0, "def": 85, "spa": 85, "spd": 85, "spe": 85}, "ivs": {"hp": 31, "atk": 0, "def": 31, "spa": 31, "spd": 31, "spe": 31}, "item": "Leftovers", "teraType": "Steel", "role": "Bulky Setup", "bvs": {"hp": 71, "atk": 60, "def": 106, "spa": 121, "spd": 80, "spe": 70}, "stats": {"hp": 254, "atk": 104, "def": 224, "spa": 249, "spd": 180, "spe": 164}, "types": ["Grass", "Ghost"]}, "Reshiram": {"name": "Reshiram", "species": "Reshiram", "speciesId": "reshiram", "gender": "N", "shiny": false, "level": 76, "moves": ["earthpower", "willowisp", "blueflare", "dracometeor"], "ability": "Turboblaze", "evs": {"hp": 85, "atk": 0, "def": 85, "spa": 85, "spd": 85, "spe": 85}, "ivs": {"hp": 31, "atk": 0, "def": 31, "spa": 31, "spd": 31, "spe": 31}, "item": "Heavy-Duty Boots", "teraType": "Ground", "role": "Fast Attacker", "bvs": {"hp": 100, "atk": 120, "def": 100, "spa": 150, "spd": 120, "spe": 90}, "stats": {"hp": 277, "atk": 187, "def": 196, "spa": 272, "spd": 226, "spe": 181}, "types": ["Dragon", "Fire"]}, "Meowstic": {"name": "Meowstic", "species": "Meowstic-F", "speciesId": "meowsticf", "gender": "F", "shiny": false, "level": 89, "moves": ["nastyplot", "thunderbolt", "darkpulse", "psyshock"], "ability": "Competitive", "evs": {"hp": 85, "atk": 0, "def": 85, "spa": 85, "spd": 85, "spe": 85}, "ivs": {"hp": 31, "atk": 0, "def": 31, "spa": 31, "spd": 31, "spe": 31}, "item": "Life Orb", "teraType": "Dark", "role": "Setup Sweeper", "bvs": {"hp": 74, "atk": 48, "def": 76, "spa": 83, "spd": 81, "spe": 104}, "stats": {"hp": 277, "atk": 90, "def": 186, "spa": 199, "spd": 195, "spe": 236}, "types": ["Psychic"]}}, {"Skuntank": {"name": "Skuntank", "species": "Skuntank", "speciesId": "skuntank", "gender": "F", "shiny": false, "level": 84, "moves": ["knockoff", "gunkshot", "taunt", "fireblast"], "ability": "Aftermath", "evs": {"hp": 85, "atk": 85, "def": 85, "spa": 85, "spd": 85, "spe": 85}, "ivs": {"hp": 31, "atk": 31, "def": 31, "spa": 31, "spd": 31, "spe": 31}, "item": "Life Orb", "teraType": "Dark", "role": "Fast Support", "bvs": {"hp": 103, "atk": 93, "def": 67, "spa": 71, "spd": 61, "spe": 84}, "stats": {"hp": 310, "atk": 204, "def": 161, "spa": 167, "spd": 151, "spe": 189}, "types": ["Poison", "Dark"]}, "Gyarados": {"name": "Gyarados", "species": "Gyarados", "speciesId": "gyarados", "gender": "M", "shiny": false, "level": 79, "moves": ["dragondance", "earthquake", "temperflare", "waterfall"], "ability": "Intimidate", "evs": {"hp": 85, "atk": 85, "def": 85, "spa": 85, "spd": 85, "spe": 85}, "ivs": {"hp": 31, "atk": 31, "def": 31, "spa": 31, "spd": 31, "spe": 31}, "item": "Heavy-Duty Boots", "teraType": "Ground", "role": "Setup Sweeper", "bvs": {"hp": 95, "atk": 125, "def": 79, "spa": 60, "spd": 100, "spe": 81}, "stats": {"hp": 280, "atk": 243, "def": 170, "spa": 140, "spd": 204, "spe": 174}, "types": ["Water", "Flying"]}, "Iron Bundle": {"name": "Iron Bundle", "species": "Iron Bundle", "speciesId": "ironbundle", "gender": "N", "shiny": false, "level": 78, "moves": ["flipturn", "icebeam", "freezedry", "hydropump"], "ability": "Quark Drive", "evs": {"hp": 85, "atk": 85, "def": 85, "spa": 85, "spd": 85, "spe": 85}, "ivs": {"hp": 31, "atk": 31, "def": 31, "spa": 31, "spd": 31, "spe": 31}, "item": "Choice Specs", "teraType": "Water", "role": "Fast Attacker", "bvs": {"hp": 56, "atk": 80, "def": 114, "spa": 124, "spd": 60, "spe": 136}, "stats": {"hp": 215, "atk": 170, "def": 223, "spa": 239, "spd": 139, "spe": 257}, "types": ["Ice", "Water"]}, "Forretress": {"name": "Forretress", "species": "Forretress", "speciesId": "forretress", "gender": "F", "shiny": false, "level": 84, "moves": ["stealthrock", "ironhead", "thunderwave", "rapidspin"], "ability": "Sturdy", "evs": {"hp": 85, "atk": 85, "def": 85, "spa": 85, "spd": 85, "spe": 85}, "ivs": {"hp": 31, "atk": 31, "def": 31, "spa": 31, "spd": 31, "spe": 31}, "item": "Leftovers", "teraType": "Water", "role": "Bulky Support", "bvs": {"hp": 75, "atk": 90, "def": 140, "spa": 60, "spd": 60, "spe": 40}, "stats": {"hp": 263, "atk": 199, "def": 283, "spa": 149, "spd": 149, "spe": 115}, "types": ["Bug", "Steel"]}, "Landorus": {"name": "Landorus", "species": "Landorus", "speciesId": "landorus", "gender": "M", "shiny": false, "level": 75, "moves": ["rockslide", "focusblast", "sludgewave", "earthpower"], "ability": "Sheer Force", "evs": {"hp": 85, "atk": 85, "def": 85, "spa": 85, "spd": 85, "spe": 85}, "ivs": {"hp": 31, "atk": 31, "def": 31, "spa": 31, "spd": 31, "spe": 31}, "item": "Life Orb", "teraType": "Ground", "role": "Fast Attacker", "bvs": {"hp": 89, "atk": 125, "def": 90, "spa": 115, "spd": 80, "spe": 101}, "stats": {"hp": 257, "atk": 231, "def": 179, "spa": 216, "spd": 164, "spe": 195}, "types": ["Ground", "Flying"]}, "Gouging Fire": {"name": "Gouging Fire", "species": "Gouging Fire", "speciesId": "gougingfire", "gender": "N", "shiny": false, "level": 74, "moves": ["heatcrash", "dragondance", "outrage", "earthquake"], "ability": "Protosynthesis", "evs": {"hp": 85, "atk": 85, "def": 85, "spa": 85, "spd": 85, "spe": 85}, "ivs": {"hp": 31, "atk": 31, "def": 31, "spa": 31, "spd": 31, "spe": 31}, "item": "Heavy-Duty Boots", "teraType": "Ground", "role": "Setup Sweeper", "bvs": {"hp": 105, "atk": 115, "def": 121, "spa": 65, "spd": 93, "spe": 91}, "stats": {"hp": 277, "atk": 213, "def": 222, "spa": 139, "spd": 181, "spe": 178}, "types": ["Fire", "Dragon"]}}]}