{"id": "gen9randombattle-2631795057", "format": "[Gen 9] Random Battle", "players": ["Smashkrabba", "HYDRAx9000"], "log": "|j|\u2606Smashkrabba\n|j|\u2606HYDRAx9000\n|t:|1781440780\n|gametype|singles\n|player|p1|Smashkrabba|colress|1740\n|player|p2|HYDRAx9000|2|1741\n|gen|9\n|tier|[Gen 9] Random Battle\n|rated|\n|rule|Species Clause: Limit one of each Pok\u00e9mon\n|rule|HP Percentage Mod: HP is shown in percentages\n|rule|Sleep Clause Mod: Limit one foe put to sleep\n|rule|Illusion Level Mod: Illusion disguises the Pok\u00e9mon's true level\n|\n|t:|1781440780\n|teamsize|p1|6\n|teamsize|p2|6\n|start\n|switch|p1a: Excadrill|Excadrill, L79, F|303/303\n|switch|p2a: Terrakion|Terrakion, L79|273/273\n|-ability|p1a: Excadrill|Mold Breaker\n|turn|1\n|inactive|Battle timer is ON: inactive players will automatically lose when time's up. (requested by HYDRAx9000)\n|\n|t:|1781440791\n|switch|p1a: Latios|Latios, L78, M|253/253\n|move|p2a: Terrakion|Close Combat|p1a: Latios\n|-resisted|p1a: Latios\n|-damage|p1a: Latios|152/253\n|-unboost|p2a: Terrakion|def|1\n|-unboost|p2a: Terrakion|spd|1\n|-damage|p2a: Terrakion|246/273|[from] item: Life Orb\n|\n|upkeep\n|turn|2\n|\n|t:|1781440809\n|switch|p2a: Wigglytuff|Wigglytuff, L96, F|424/424\n|move|p1a: Latios|Recover|p1a: Latios\n|-heal|p1a: Latios|253/253\n|\n|upkeep\n|turn|3\n|\n|t:|1781440816\n|switch|p1a: Excadrill|Excadrill, L79, F|303/303\n|-ability|p1a: Excadrill|Mold Breaker\n|switch|p2a: Cryogonal|Cryogonal, L89|287/287\n|\n|upkeep\n|turn|4\n|\n|t:|1781440830\n|switch|p2a: Emboar|Emboar, L84, F|322/322\n|move|p1a: Excadrill|Rapid Spin|p2a: Emboar\n|-damage|p2a: Emboar|271/322\n|-boost|p1a: Excadrill|spe|1\n|\n|upkeep\n|turn|5\n|inactive|Smashkrabba has 120 seconds left.\n|\n|t:|1781440862\n|switch|p2a: Drifblim|Drifblim, L86, M|396/396\n|move|p1a: Excadrill|Earthquake|p2a: Drifblim\n|-immune|p2a: Drifblim\n|\n|upkeep\n|turn|6\n|\n|t:|1781440871\n|switch|p1a: Greedent|Greedent, L86, M|347/347\n|move|p2a: Drifblim|Calm Mind|p2a: Drifblim\n|-boost|p2a: Drifblim|spa|1\n|-boost|p2a: Drifblim|spd|1\n|\n|upkeep\n|turn|7\n|\n|t:|1781440883\n|move|p2a: Drifblim|Calm Mind|p2a: Drifblim\n|-boost|p2a: Drifblim|spa|1\n|-boost|p2a: Drifblim|spd|1\n|move|p1a: Greedent|Knock Off|p2a: Drifblim\n|-supereffective|p2a: Drifblim\n|-damage|p2a: Drifblim|164/396\n|-enditem|p2a: Drifblim|Sitrus Berry|[from] move: Knock Off|[of] p1a: Greedent\n|\n|upkeep\n|turn|8\n|\n|t:|1781440890\n|move|p2a: Drifblim|Air Slash|p1a: Greedent\n|-damage|p1a: Greedent|175/347\n|move|p1a: Greedent|Knock Off|p2a: Drifblim\n|-supereffective|p2a: Drifblim\n|-damage|p2a: Drifblim|20/396\n|\n|upkeep\n|turn|9\n|\n|t:|1781440894\n|move|p2a: Drifblim|Air Slash|p1a: Greedent\n|-damage|p1a: Greedent|6/347\n|-enditem|p1a: Greedent|Sitrus Berry|[eat]\n|-heal|p1a: Greedent|92/347|[from] item: Sitrus Berry\n|-heal|p1a: Greedent|207/347|[from] ability: Cheek Pouch\n|cant|p1a: Greedent|flinch\n|\n|upkeep\n|turn|10\n|\n|t:|1781440898\n|move|p2a: Drifblim|Air Slash|p1a: Greedent\n|-damage|p1a: Greedent|47/347\n|move|p1a: Greedent|Knock Off|p2a: Drifblim\n|-supereffective|p2a: Drifblim\n|-damage|p2a: Drifblim|0 fnt\n|faint|p2a: Drifblim\n|\n|upkeep\n|\n|t:|1781440911\n|switch|p2a: Emboar|Emboar, L84, F|271/322\n|turn|11\n|\n|t:|1781440915\n|move|p2a: Emboar|Flare Blitz|p1a: Greedent\n|-damage|p1a: Greedent|0 fnt\n|faint|p1a: Greedent\n|-damage|p2a: Emboar|255/322|[from] Recoil\n|\n|upkeep\n|\n|t:|1781440924\n|switch|p1a: Latios|Latios, L78, M|253/253\n|turn|12\n|\n|t:|1781440931\n|switch|p2a: Wigglytuff|Wigglytuff, L96, F|424/424\n|move|p1a: Latios|Luster Purge|p2a: Wigglytuff\n|-damage|p2a: Wigglytuff|238/424\n|\n|-heal|p2a: Wigglytuff|264/424|[from] item: Leftovers\n|upkeep\n|turn|13\n|\n|t:|1781440935\n|switch|p1a: Excadrill|Excadrill, L79, F|303/303\n|-ability|p1a: Excadrill|Mold Breaker\n|switch|p2a: Emboar|Emboar, L84, F|255/322\n|\n|upkeep\n|turn|14\n|\n|t:|1781440950\n|switch|p1a: Latios|Latios, L78, M|253/253\n|-terastallize|p2a: Emboar|Fire\n|move|p2a: Emboar|Flare Blitz|p1a: Latios\n|-resisted|p1a: Latios\n|-damage|p1a: Latios|119/253\n|-damage|p2a: Emboar|211/322|[from] Recoil\n|\n|upkeep\n|turn|15\n|\n|t:|1781440961\n|move|p2a: Emboar|Flare Blitz|p1a: Latios\n|-resisted|p1a: Latios\n|-damage|p1a: Latios|0 fnt\n|faint|p1a: Latios\n|-damage|p2a: Emboar|172/322|[from] Recoil\n|\n|upkeep\n|\n|t:|1781440977\n|switch|p1a: Regidrago|Regidrago, L77|435/435\n|turn|16\n|inactive|Smashkrabba has 120 seconds left.\n|\n|t:|1781440996\n|switch|p2a: Cryogonal|Cryogonal, L89|287/287\n|move|p1a: Regidrago|Dragon Energy|p2a: Cryogonal\n|-damage|p2a: Cryogonal|148/287\n|\n|upkeep\n|turn|17\n|\n|t:|1781441001\n|switch|p1a: Bisharp|Bisharp, L79, M|232/232\n|move|p2a: Cryogonal|Recover|p2a: Cryogonal\n|-heal|p2a: Cryogonal|287/287\n|\n|upkeep\n|turn|18\n|\n|t:|1781441024\n|switch|p2a: Terapagos|Terapagos, L77, M|265/265\n|-activate|p2a: Terapagos|ability: Tera Shift\n|detailschange|p2a: Terapagos|Terapagos-Terastal, L77, M\n|-heal|p2a: Terapagos|273/273|[silent]\n|move|p1a: Bisharp|Iron Head|p2a: Terapagos\n|-activate|p2a: Terapagos|ability: Tera Shell\n|-resisted|p2a: Terapagos\n|-damage|p2a: Terapagos|234/273\n|\n|upkeep\n|turn|19\n|\n|t:|1781441028\n|move|p2a: Terapagos|Calm Mind|p2a: Terapagos\n|-boost|p2a: Terapagos|spa|1\n|-boost|p2a: Terapagos|spd|1\n|move|p1a: Bisharp|Swords Dance|p1a: Bisharp\n|-boost|p1a: Bisharp|atk|2\n|\n|upkeep\n|turn|20\n|\n|t:|1781441038\n|move|p2a: Terapagos|Tera Starstorm|p1a: Bisharp\n|-resisted|p1a: Bisharp\n|-damage|p1a: Bisharp|165/232\n|move|p1a: Bisharp|Throat Chop|p2a: Terapagos\n|-damage|p2a: Terapagos|63/273\n|-start|p2a: Terapagos|Throat Chop|[silent]\n|\n|upkeep\n|turn|21\n|\n|t:|1781441046\n|move|p1a: Bisharp|Sucker Punch||[still]\n|-fail|p1a: Bisharp\n|move|p2a: Terapagos|Rest|p2a: Terapagos\n|-status|p2a: Terapagos|slp|[from] move: Rest\n|-heal|p2a: Terapagos|273/273 slp|[silent]\n|-enditem|p2a: Terapagos|Chesto Berry|[eat]\n|-curestatus|p2a: Terapagos|slp|[msg]\n|\n|-end|p2a: Terapagos|Throat Chop|[silent]\n|upkeep\n|turn|22\n|\n|t:|1781441049\n|move|p2a: Terapagos|Tera Starstorm|p1a: Bisharp\n|-resisted|p1a: Bisharp\n|-damage|p1a: Bisharp|98/232\n|move|p1a: Bisharp|Iron Head|p2a: Terapagos\n|-activate|p2a: Terapagos|ability: Tera Shell\n|-resisted|p2a: Terapagos\n|-damage|p2a: Terapagos|191/273\n|\n|upkeep\n|turn|23\n|\n|t:|1781441056\n|move|p2a: Terapagos|Tera Starstorm|p1a: Bisharp\n|-resisted|p1a: Bisharp\n|-damage|p1a: Bisharp|23/232\n|move|p1a: Bisharp|Iron Head|p2a: Terapagos\n|-damage|p2a: Terapagos|29/273\n|\n|upkeep\n|turn|24\n|\n|t:|1781441062\n|move|p1a: Bisharp|Sucker Punch|p2a: Terapagos\n|-damage|p2a: Terapagos|0 fnt\n|faint|p2a: Terapagos\n|\n|upkeep\n|\n|t:|1781441064\n|switch|p2a: Terrakion|Terrakion, L79|246/273\n|turn|25\n|\n|t:|1781441071\n|switch|p1a: Dedenne|Dedenne, L88, F|261/261\n|move|p2a: Terrakion|Earthquake|p1a: Dedenne\n|-supereffective|p1a: Dedenne\n|-damage|p1a: Dedenne|19/261\n|-enditem|p1a: Dedenne|Sitrus Berry|[eat]\n|-heal|p1a: Dedenne|84/261|[from] item: Sitrus Berry\n|-heal|p1a: Dedenne|171/261|[from] ability: Cheek Pouch\n|-damage|p2a: Terrakion|219/273|[from] item: Life Orb\n|\n|upkeep\n|turn|26\n|\n|t:|1781441083\n|move|p1a: Dedenne|Thunderbolt|p2a: Terrakion\n|-damage|p2a: Terrakion|114/273\n|move|p2a: Terrakion|Earthquake|p1a: Dedenne\n|-supereffective|p1a: Dedenne\n|-crit|p1a: Dedenne\n|-damage|p1a: Dedenne|0 fnt\n|faint|p1a: Dedenne\n|-damage|p2a: Terrakion|87/273|[from] item: Life Orb\n|\n|upkeep\n|\n|t:|1781441092\n|switch|p1a: Regidrago|Regidrago, L77|435/435\n|turn|27\n|\n|t:|1781441096\n|switch|p2a: Wigglytuff|Wigglytuff, L96, F|264/424\n|move|p1a: Regidrago|Earthquake|p2a: Wigglytuff\n|-damage|p2a: Wigglytuff|180/424\n|\n|-heal|p2a: Wigglytuff|206/424|[from] item: Leftovers\n|upkeep\n|turn|28\n|\n|t:|1781441101\n|switch|p1a: Excadrill|Excadrill, L79, F|303/303\n|-ability|p1a: Excadrill|Mold Breaker\n|move|p2a: Wigglytuff|Wish|p2a: Wigglytuff\n|\n|-heal|p2a: Wigglytuff|232/424|[from] item: Leftovers\n|upkeep\n|turn|29\n|\n|t:|1781441105\n|switch|p2a: Emboar|Emboar, L84, F, tera:Fire|172/322\n|move|p1a: Excadrill|Rapid Spin|p2a: Emboar\n|-damage|p2a: Emboar|122/322\n|-boost|p1a: Excadrill|spe|1\n|\n|-heal|p2a: Emboar|322/322|[from] move: Wish|[wisher] Wigglytuff\n|upkeep\n|turn|30\n|\n|t:|1781441112\n|move|p1a: Excadrill|Rock Slide|p2a: Emboar\n|-supereffective|p2a: Emboar\n|-damage|p2a: Emboar|170/322\n|move|p2a: Emboar|Flare Blitz|p1a: Excadrill\n|-supereffective|p1a: Excadrill\n|-damage|p1a: Excadrill|0 fnt\n|faint|p1a: Excadrill\n|-damage|p2a: Emboar|70/322|[from] Recoil\n|\n|upkeep\n|\n|t:|1781441119\n|switch|p1a: Regidrago|Regidrago, L77|435/435\n|turn|31\n|\n|t:|1781441121\n|switch|p2a: Wigglytuff|Wigglytuff, L96, F|232/424\n|move|p1a: Regidrago|Earthquake|p2a: Wigglytuff\n|-damage|p2a: Wigglytuff|150/424\n|\n|-heal|p2a: Wigglytuff|176/424|[from] item: Leftovers\n|upkeep\n|turn|32\n|\n|t:|1781441125\n|switch|p1a: Bisharp|Bisharp, L79, M|23/232\n|move|p2a: Wigglytuff|Dazzling Gleam|p1a: Bisharp\n|-damage|p1a: Bisharp|0 fnt\n|faint|p1a: Bisharp\n|\n|-heal|p2a: Wigglytuff|202/424|[from] item: Leftovers\n|upkeep\n|\n|t:|1781441126\n|switch|p1a: Regidrago|Regidrago, L77|435/435\n|turn|33\n|-message|Smashkrabba forfeited.\n|\n|win|HYDRAx9000\n|raw|Smashkrabba's rating: 1740 &rarr; <strong>1720</strong><br />(-20 for losing)\n|raw|HYDRAx9000's rating: 1741 &rarr; <strong>1761</strong><br />(+20 for winning)\n|l|\u2606Smashkrabba\n|player|p1|\n|c|\u2606HYDRAx9000|ggs\n", "inputlog": ">version a8376a258c1d4662feba110a92103f3664a72141\n>start {\"formatid\":\"gen9randombattle\",\"seed\":\"sodium,6cec4a7a4eb64730d5f7034dbf5e7e8d\",\"rated\":\"Rated battle\"}\n>player p1 {\"name\":\"Smashkrabba\",\"avatar\":\"colress\",\"rating\":1740,\"seed\":\"sodium,621b13e7acfa5215983da9353e589f75\"}\n>player p2 {\"name\":\"HYDRAx9000\",\"avatar\":\"2\",\"rating\":1741,\"seed\":\"sodium,61c6a41629a8f693dd34a19bcce9299b\"}\n>p1 switch 6\n>p2 move closecombat\n>p1 move recover\n>p2 switch 4\n>p1 switch 6\n>p2 switch 6\n>p1 move rapidspin\n>p2 switch 2\n>p1 move earthquake\n>p2 switch 3\n>p1 switch 4\n>p2 move calmmind\n>p1 move knockoff\n>p2 move calmmind\n>p1 move knockoff\n>p2 move airslash\n>p1 move knockoff\n>p2 move airslash\n>p1 move knockoff\n>p2 move airslash\n>p2 switch 3\n>p1 move earthquake\n>p2 move flareblitz\n>p1 switch 6\n>p1 move lusterpurge\n>p2 switch 6\n>p1 switch 4\n>p2 switch 6\n>p1 switch 4\n>p2 move flareblitz terastallize\n>p1 move dracometeor\n>p2 move flareblitz\n>p1 switch 5\n>p1 move dragonenergy\n>p2 switch 2\n>p1 switch 3\n>p2 move recover\n>p1 move ironhead\n>p2 switch 5\n>p1 move swordsdance\n>p2 move calmmind\n>p1 move throatchop\n>p2 move terastarstorm\n>p1 move suckerpunch\n>p2 move rest\n>p1 move ironhead\n>p2 move terastarstorm\n>p1 move ironhead\n>p2 move terastarstorm\n>p1 move suckerpunch\n>p2 move terastarstorm\n>p2 switch 4\n>p1 switch 2\n>p2 move earthquake\n>p1 move thunderbolt\n>p2 move earthquake\n>p1 switch 3\n>p1 move earthquake\n>p2 switch 6\n>p1 switch 4\n>p2 move wish\n>p1 move rapidspin\n>p2 switch 2\n>p1 move rockslide\n>p2 move flareblitz\n>p1 switch 4\n>p1 move earthquake\n>p2 switch 2\n>p1 switch 2\n>p2 move dazzlinggleam\n>p1 switch 2\n>forcelose p1", "uploadtime": 1781441135, "views": 4, "formatid": "gen9randombattle", "rating": 1720, "private": 0, "password": null, "player_dets": [{"name": "Smashkrabba", "avatar": "colress", "rating": 1740, "seed": "sodium,621b13e7acfa5215983da9353e589f75"}, {"name": "HYDRAx9000", "avatar": "2", "rating": 1741, "seed": "sodium,61c6a41629a8f693dd34a19bcce9299b"}], "teams_full": [{"Excadrill": {"name": "Excadrill", "species": "Excadrill", "speciesId": "excadrill", "gender": "F", "shiny": false, "level": 79, "moves": ["ironhead", "rapidspin", "rockslide", "earthquake"], "ability": "Mold Breaker", "evs": {"hp": 85, "atk": 85, "def": 85, "spa": 85, "spd": 85, "spe": 85}, "ivs": {"hp": 31, "atk": 31, "def": 31, "spa": 31, "spd": 31, "spe": 31}, "item": "Assault Vest", "teraType": "Grass", "role": "AV Pivot", "bvs": {"hp": 110, "atk": 135, "def": 60, "spa": 50, "spd": 65, "spe": 88}, "stats": {"hp": 303, "atk": 259, "def": 140, "spa": 125, "spd": 148, "spe": 185}, "types": ["Ground", "Steel"]}, "Dedenne": {"name": "Dedenne", "species": "Dedenne", "speciesId": "dedenne", "gender": "F", "shiny": false, "level": 88, "moves": ["thunderbolt", "superfang", "dazzlinggleam", "uturn"], "ability": "Cheek Pouch", "evs": {"hp": 85, "atk": 85, "def": 85, "spa": 85, "spd": 85, "spe": 85}, "ivs": {"hp": 31, "atk": 31, "def": 31, "spa": 31, "spd": 31, "spe": 31}, "item": "Sitrus Berry", "teraType": "Flying", "role": "Fast Support", "bvs": {"hp": 67, "atk": 58, "def": 57, "spa": 81, "spd": 67, "spe": 101}, "stats": {"hp": 261, "atk": 152, "def": 151, "spa": 193, "spd": 168, "spe": 228}, "types": ["Electric", "Fairy"]}, "Bisharp": {"name": "Bisharp", "species": "Bisharp", "speciesId": "bisharp", "gender": "M", "shiny": false, "level": 79, "moves": ["throatchop", "swordsdance", "ironhead", "suckerpunch"], "ability": "Defiant", "evs": {"hp": 85, "atk": 85, "def": 85, "spa": 85, "spd": 85, "spe": 85}, "ivs": {"hp": 31, "atk": 31, "def": 31, "spa": 31, "spd": 31, "spe": 31}, "item": "Eviolite", "teraType": "Ghost", "role": "Bulky Attacker", "bvs": {"hp": 65, "atk": 125, "def": 100, "spa": 60, "spd": 70, "spe": 70}, "stats": {"hp": 232, "atk": 243, "def": 204, "spa": 140, "spd": 156, "spe": 156}, "types": ["Dark", "Steel"]}, "Greedent": {"name": "Greedent", "species": "Greedent", "speciesId": "greedent", "gender": "M", "shiny": false, "level": 86, "moves": ["knockoff", "doubleedge", "swordsdance", "earthquake"], "ability": "Cheek Pouch", "evs": {"hp": 85, "atk": 85, "def": 85, "spa": 85, "spd": 85, "spe": 85}, "ivs": {"hp": 31, "atk": 31, "def": 31, "spa": 31, "spd": 31, "spe": 31}, "item": "Sitrus Berry", "teraType": "Ground", "role": "Bulky Setup", "bvs": {"hp": 120, "atk": 95, "def": 95, "spa": 55, "spd": 75, "spe": 20}, "stats": {"hp": 347, "atk": 213, "def": 213, "spa": 144, "spd": 178, "spe": 84}, "types": ["Normal"]}, "Regidrago": {"name": "Regidrago", "species": "Regidrago", "speciesId": "regidrago", "gender": "N", "shiny": false, "level": 77, "moves": ["dragonenergy", "outrage", "earthquake", "dracometeor"], "ability": "Dragon's Maw", "evs": {"hp": 85, "atk": 85, "def": 85, "spa": 85, "spd": 85, "spe": 85}, "ivs": {"hp": 31, "atk": 31, "def": 31, "spa": 31, "spd": 31, "spe": 31}, "item": "Choice Scarf", "teraType": "Dragon", "role": "Fast Attacker", "bvs": {"hp": 200, "atk": 100, "def": 50, "spa": 100, "spd": 50, "spe": 80}, "stats": {"hp": 435, "atk": 199, "def": 122, "spa": 199, "spd": 122, "spe": 168}, "types": ["Dragon"]}, "Latios": {"name": "Latios", "species": "Latios", "speciesId": "latios", "gender": "M", "shiny": false, "level": 78, "moves": ["lusterpurge", "dracometeor", "recover", "aurasphere"], "ability": "Levitate", "evs": {"hp": 85, "atk": 0, "def": 85, "spa": 85, "spd": 85, "spe": 85}, "ivs": {"hp": 31, "atk": 0, "def": 31, "spa": 31, "spd": 31, "spe": 31}, "item": "Soul Dew", "teraType": "Fighting", "role": "Bulky Attacker", "bvs": {"hp": 80, "atk": 90, "def": 80, "spa": 130, "spd": 110, "spe": 110}, "stats": {"hp": 253, "atk": 145, "def": 170, "spa": 248, "spd": 217, "spe": 217}, "types": ["Dragon", "Psychic"]}}, {"Terrakion": {"name": "Terrakion", "species": "Terrakion", "speciesId": "terrakion", "gender": "N", "shiny": false, "level": 79, "moves": ["earthquake", "closecombat", "stoneedge", "swordsdance"], "ability": "Justified", "evs": {"hp": 85, "atk": 85, "def": 85, "spa": 85, "spd": 85, "spe": 85}, "ivs": {"hp": 31, "atk": 31, "def": 31, "spa": 31, "spd": 31, "spe": 31}, "item": "Life Orb", "teraType": "Ground", "role": "Setup Sweeper", "bvs": {"hp": 91, "atk": 129, "def": 90, "spa": 72, "spd": 90, "spe": 108}, "stats": {"hp": 273, "atk": 249, "def": 188, "spa": 159, "spd": 188, "spe": 216}, "types": ["Rock", "Fighting"]}, "Emboar": {"name": "Emboar", "species": "Emboar", "speciesId": "emboar", "gender": "F", "shiny": false, "level": 84, "moves": ["flareblitz", "closecombat", "wildcharge", "knockoff"], "ability": "Reckless", "evs": {"hp": 85, "atk": 85, "def": 85, "spa": 85, "spd": 85, "spe": 85}, "ivs": {"hp": 31, "atk": 31, "def": 31, "spa": 31, "spd": 31, "spe": 31}, "item": "Choice Scarf", "teraType": "Fire", "role": "Fast Attacker", "bvs": {"hp": 110, "atk": 123, "def": 65, "spa": 100, "spd": 65, "spe": 65}, "stats": {"hp": 322, "atk": 255, "def": 157, "spa": 216, "spd": 157, "spe": 157}, "types": ["Fire", "Fighting"]}, "Drifblim": {"name": "Drifblim", "species": "Drifblim", "speciesId": "drifblim", "gender": "M", "shiny": false, "level": 86, "moves": ["calmmind", "strengthsap", "airslash", "shadowball"], "ability": "Unburden", "evs": {"hp": 73, "atk": 0, "def": 85, "spa": 85, "spd": 85, "spe": 85}, "ivs": {"hp": 31, "atk": 0, "def": 31, "spa": 31, "spd": 31, "spe": 31}, "item": "Sitrus Berry", "teraType": "Fairy", "role": "Bulky Attacker", "bvs": {"hp": 150, "atk": 80, "def": 44, "spa": 90, "spd": 54, "spe": 80}, "stats": {"hp": 396, "atk": 142, "def": 125, "spa": 204, "spd": 142, "spe": 187}, "types": ["Ghost", "Flying"]}, "Wigglytuff": {"name": "Wigglytuff", "species": "Wigglytuff", "speciesId": "wigglytuff", "gender": "F", "shiny": false, "level": 96, "moves": ["dazzlinggleam", "protect", "wish", "thunderwave"], "ability": "Competitive", "evs": {"hp": 85, "atk": 0, "def": 85, "spa": 85, "spd": 85, "spe": 85}, "ivs": {"hp": 31, "atk": 0, "def": 31, "spa": 31, "spd": 31, "spe": 31}, "item": "Leftovers", "teraType": "Steel", "role": "Bulky Support", "bvs": {"hp": 140, "atk": 70, "def": 45, "spa": 85, "spd": 50, "spe": 45}, "stats": {"hp": 424, "atk": 139, "def": 141, "spa": 218, "spd": 150, "spe": 141}, "types": ["Normal", "Fairy"]}, "Terapagos": {"name": "Terapagos", "species": "Terapagos", "speciesId": "terapagos", "gender": "M", "shiny": false, "level": 77, "moves": ["rest", "darkpulse", "terastarstorm", "calmmind"], "ability": "Tera Shift", "evs": {"hp": 85, "atk": 0, "def": 85, "spa": 85, "spd": 85, "spe": 85}, "ivs": {"hp": 31, "atk": 0, "def": 31, "spa": 31, "spd": 31, "spe": 31}, "item": "Chesto Berry", "teraType": "Stellar", "role": "Setup Sweeper", "bvs": {"hp": 90, "atk": 65, "def": 85, "spa": 65, "spd": 85, "spe": 60}, "stats": {"hp": 265, "atk": 105, "def": 175, "spa": 145, "spd": 175, "spe": 137}, "types": ["Normal"]}, "Cryogonal": {"name": "Cryogonal", "species": "Cryogonal", "speciesId": "cryogonal", "gender": "N", "shiny": false, "level": 89, "moves": ["haze", "rapidspin", "freezedry", "recover"], "ability": "Levitate", "evs": {"hp": 85, "atk": 85, "def": 85, "spa": 85, "spd": 85, "spe": 85}, "ivs": {"hp": 31, "atk": 31, "def": 31, "spa": 31, "spd": 31, "spe": 31}, "item": "Heavy-Duty Boots", "teraType": "Poison", "role": "Bulky Support", "bvs": {"hp": 80, "atk": 50, "def": 50, "spa": 95, "spd": 135, "spe": 105}, "stats": {"hp": 287, "atk": 140, "def": 140, "spa": 220, "spd": 291, "spe": 238}, "types": ["Ice"]}}]}