{"id": "gen9randombattle-2631561849", "format": "[Gen 9] Random Battle", "players": ["nutbustas", "Tarunda"], "log": "|j|\u203dnutbustas\n|j|\u2606Tarunda\n|t:|1781401623\n|gametype|singles\n|player|p1|nutbustas|plumeria|2051\n|player|p2|Tarunda|wallace|2095\n|gen|9\n|tier|[Gen 9] Random Battle\n|rated|\n|rule|Species Clause: Limit one of each Pok\u00e9mon\n|rule|HP Percentage Mod: HP is shown in percentages\n|rule|Sleep Clause Mod: Limit one foe put to sleep\n|rule|Illusion Level Mod: Illusion disguises the Pok\u00e9mon's true level\n|\n|t:|1781401623\n|teamsize|p1|6\n|teamsize|p2|6\n|start\n|switch|p1a: Weavile|Weavile, L79, M|240/240\n|switch|p2a: Gouging Fire|Gouging Fire, L74|277/277\n|turn|1\n|inactive|Battle timer is ON: inactive players will automatically lose when time's up. (requested by Tarunda)\n|l|\u203dnutbustas\n|inactive|nutbustas disconnected and has a minute to reconnect!\n|player|p1|\n|j|\u203dnutbustas\n|inactive|nutbustas reconnected and has 135 seconds left.\n|player|p1|nutbustas|plumeria|\n|n|\u203dnutbustas|nutbustas\n|n|\u203dnutbustas|nutbustas\n|\n|t:|1781401651\n|switch|p1a: Swalot|Swalot, L90, F|326/326\n|move|p2a: Gouging Fire|Dragon Dance|p2a: Gouging Fire\n|-boost|p2a: Gouging Fire|atk|1\n|-boost|p2a: Gouging Fire|spe|1\n|\n|upkeep\n|turn|2\n|\n|t:|1781401660\n|move|p2a: Gouging Fire|Earthquake|p1a: Swalot\n|-supereffective|p1a: Swalot\n|-damage|p1a: Swalot|152/326\n|move|p1a: Swalot|Earthquake|p2a: Gouging Fire\n|-supereffective|p2a: Gouging Fire\n|-damage|p2a: Gouging Fire|149/277\n|\n|-heal|p1a: Swalot|172/326|[from] item: Leftovers\n|upkeep\n|turn|3\n|\n|t:|1781401669\n|move|p2a: Gouging Fire|Earthquake|p1a: Swalot\n|-supereffective|p1a: Swalot\n|-damage|p1a: Swalot|0 fnt\n|faint|p1a: Swalot\n|\n|upkeep\n|\n|t:|1781401676\n|switch|p1a: Mew|Mew, L82|298/298\n|turn|4\n|\n|t:|1781401685\n|-terastallize|p2a: Gouging Fire|Ground\n|move|p2a: Gouging Fire|Heat Crash|p1a: Mew\n|-damage|p1a: Mew|144/298\n|move|p1a: Mew|Psychic Fangs|p2a: Gouging Fire\n|-damage|p2a: Gouging Fire|44/277\n|-damage|p1a: Mew|115/298|[from] item: Life Orb\n|\n|upkeep\n|turn|5\n|\n|t:|1781401694\n|move|p2a: Gouging Fire|Heat Crash|p1a: Mew\n|-damage|p1a: Mew|0 fnt\n|faint|p1a: Mew\n|\n|upkeep\n|\n|t:|1781401696\n|switch|p1a: Cloyster|Cloyster, L80, M|211/211\n|turn|6\n|\n|t:|1781401720\n|move|p2a: Gouging Fire|Dragon Dance|p2a: Gouging Fire\n|-boost|p2a: Gouging Fire|atk|1\n|-boost|p2a: Gouging Fire|spe|1\n|move|p1a: Cloyster|Shell Smash|p1a: Cloyster\n|-unboost|p1a: Cloyster|def|1\n|-unboost|p1a: Cloyster|spd|1\n|-boost|p1a: Cloyster|atk|2\n|-boost|p1a: Cloyster|spa|2\n|-boost|p1a: Cloyster|spe|2\n|-enditem|p1a: Cloyster|White Herb\n|-clearnegativeboost|p1a: Cloyster|[silent]\n|\n|upkeep\n|turn|7\n|\n|t:|1781401729\n|move|p2a: Gouging Fire|Outrage|p1a: Cloyster\n|-damage|p1a: Cloyster|78/211\n|move|p1a: Cloyster|Shell Smash|p1a: Cloyster\n|-unboost|p1a: Cloyster|def|1\n|-unboost|p1a: Cloyster|spd|1\n|-boost|p1a: Cloyster|atk|2\n|-boost|p1a: Cloyster|spa|2\n|-boost|p1a: Cloyster|spe|2\n|\n|upkeep\n|turn|8\n|\n|t:|1781401738\n|move|p1a: Cloyster|Icicle Spear|p2a: Gouging Fire\n|-supereffective|p2a: Gouging Fire\n|-crit|p2a: Gouging Fire\n|-damage|p2a: Gouging Fire|0 fnt\n|faint|p2a: Gouging Fire\n|-end|p2a: Gouging Fire|Protosynthesis|[silent]\n|-hitcount|p2: Gouging Fire|1\n|\n|upkeep\n|\n|t:|1781401743\n|switch|p2a: Sudowoodo|Sudowoodo, L94, M|284/284\n|turn|9\n|\n|t:|1781401747\n|move|p2a: Sudowoodo|Sucker Punch|p1a: Cloyster\n|-damage|p1a: Cloyster|0 fnt\n|faint|p1a: Cloyster\n|\n|upkeep\n|\n|t:|1781401752\n|switch|p1a: Breloom|Breloom, L83, M|235/235\n|turn|10\n|\n|t:|1781401756\n|switch|p2a: Meganium|Meganium, L90, M|290/290\n|move|p1a: Breloom|Spore|p2a: Meganium\n|-immune|p2a: Meganium\n|\n|upkeep\n|turn|11\n|\n|t:|1781401763\n|switch|p1a: Clodsire|Clodsire, L81, M|343/343\n|move|p2a: Meganium|Knock Off|p1a: Clodsire\n|-damage|p1a: Clodsire|245/343\n|-enditem|p1a: Clodsire|Leftovers|[from] move: Knock Off|[of] p2a: Meganium\n|\n|upkeep\n|turn|12\n|\n|t:|1781401776\n|switch|p2a: Sudowoodo|Sudowoodo, L94, M|284/284\n|move|p1a: Clodsire|Toxic|p2a: Sudowoodo\n|-status|p2a: Sudowoodo|tox\n|\n|-damage|p2a: Sudowoodo|267/284 tox|[from] psn\n|upkeep\n|turn|13\n|\n|t:|1781401783\n|move|p2a: Sudowoodo|Head Smash|p1a: Clodsire\n|-resisted|p1a: Clodsire\n|-damage|p1a: Clodsire|24/343\n|move|p1a: Clodsire|Recover|p1a: Clodsire\n|-heal|p1a: Clodsire|196/343\n|\n|-damage|p2a: Sudowoodo|233/284 tox|[from] psn\n|upkeep\n|turn|14\n|\n|t:|1781401792\n|move|p2a: Sudowoodo|Head Smash|p1a: Clodsire\n|-resisted|p1a: Clodsire\n|-damage|p1a: Clodsire|7/343\n|move|p1a: Clodsire|Recover|p1a: Clodsire\n|-heal|p1a: Clodsire|179/343\n|\n|-damage|p2a: Sudowoodo|182/284 tox|[from] psn\n|upkeep\n|turn|15\n|\n|t:|1781401800\n|move|p2a: Sudowoodo|Head Smash|p1a: Clodsire|[miss]\n|-miss|p2a: Sudowoodo|p1a: Clodsire\n|move|p1a: Clodsire|Recover|p1a: Clodsire\n|-heal|p1a: Clodsire|343/343\n|\n|-damage|p2a: Sudowoodo|114/284 tox|[from] psn\n|upkeep\n|turn|16\n|\n|t:|1781401807\n|move|p2a: Sudowoodo|Head Smash|p1a: Clodsire\n|-resisted|p1a: Clodsire\n|-damage|p1a: Clodsire|145/343\n|move|p1a: Clodsire|Recover|p1a: Clodsire\n|-heal|p1a: Clodsire|317/343\n|\n|-damage|p2a: Sudowoodo|29/284 tox|[from] psn\n|upkeep\n|turn|17\n|\n|t:|1781401818\n|switch|p2a: Iron Boulder|Iron Boulder, L77|265/265\n|move|p1a: Clodsire|Recover|p1a: Clodsire\n|-heal|p1a: Clodsire|343/343\n|\n|upkeep\n|turn|18\n|\n|t:|1781401834\n|-terastallize|p1a: Clodsire|Steel\n|move|p2a: Iron Boulder|Zen Headbutt|p1a: Clodsire\n|-resisted|p1a: Clodsire\n|-damage|p1a: Clodsire|269/343\n|-damage|p2a: Iron Boulder|239/265|[from] item: Life Orb\n|move|p1a: Clodsire|Earthquake|p2a: Iron Boulder\n|-supereffective|p2a: Iron Boulder\n|-damage|p2a: Iron Boulder|35/265\n|\n|upkeep\n|turn|19\n|\n|t:|1781401843\n|move|p2a: Iron Boulder|Close Combat|p1a: Clodsire\n|-supereffective|p1a: Clodsire\n|-damage|p1a: Clodsire|0 fnt\n|-unboost|p2a: Iron Boulder|def|1\n|-unboost|p2a: Iron Boulder|spd|1\n|faint|p1a: Clodsire\n|-damage|p2a: Iron Boulder|9/265|[from] item: Life Orb\n|\n|upkeep\n|\n|t:|1781401850\n|switch|p1a: Breloom|Breloom, L83, M|235/235\n|turn|20\n|\n|t:|1781401876\n|move|p1a: Breloom|Mach Punch|p2a: Iron Boulder\n|-damage|p2a: Iron Boulder|0 fnt\n|faint|p2a: Iron Boulder\n|-end|p2a: Iron Boulder|Quark Drive|[silent]\n|-damage|p1a: Breloom|212/235|[from] item: Life Orb\n|\n|upkeep\n|\n|t:|1781401885\n|switch|p2a: Iron Jugulis|Iron Jugulis, L77|271/271\n|turn|21\n|\n|t:|1781401894\n|move|p2a: Iron Jugulis|Fire Blast|p1a: Breloom\n|-supereffective|p1a: Breloom\n|-damage|p1a: Breloom|0 fnt\n|faint|p1a: Breloom\n|\n|upkeep\n|\n|t:|1781401896\n|switch|p1a: Weavile|Weavile, L79, M|240/240\n|turn|22\n|\n|t:|1781401901\n|move|p1a: Weavile|Triple Axel|p2a: Iron Jugulis\n|-supereffective|p2a: Iron Jugulis\n|-damage|p2a: Iron Jugulis|221/271\n|-supereffective|p2a: Iron Jugulis\n|-damage|p2a: Iron Jugulis|125/271\n|-hitcount|p2a: Iron Jugulis|2\n|move|p2a: Iron Jugulis|Fire Blast|p1a: Weavile\n|-supereffective|p1a: Weavile\n|-damage|p1a: Weavile|0 fnt\n|faint|p1a: Weavile\n|\n|win|Tarunda\n", "inputlog": ">version a8376a258c1d4662feba110a92103f3664a72141\n>start {\"formatid\":\"gen9randombattle\",\"seed\":\"sodium,b64c5aaff379d11d07c62b2f0d461f5d\",\"rated\":\"Rated battle\"}\n>player p1 {\"name\":\"nutbustas\",\"avatar\":\"plumeria\",\"rating\":2051,\"seed\":\"sodium,ed0a1092929f02aa81845adecdb29197\"}\n>player p2 {\"name\":\"Tarunda\",\"avatar\":\"wallace\",\"rating\":2095,\"seed\":\"sodium,a685266f664a7f968c868caacf1300fb\"}\n>p1 switch 5\n>p2 move dragondance\n>p1 move earthquake\n>p2 move earthquake\n>p1 move earthquake\n>p2 move earthquake\n>p1 switch 3\n>p1 move psychicfangs\n>p2 move heatcrash terastallize\n>p1 move psychicfangs\n>p2 move heatcrash\n>p1 switch 6\n>p1 move shellsmash\n>p2 move dragondance\n>p1 move shellsmash\n>p2 move outrage\n>p1 move iciclespear\n>p2 move outrage\n>p2 switch 2\n>p1 move iciclespear\n>p2 move suckerpunch\n>p1 switch 4\n>p1 move spore\n>p2 switch 5\n>p1 switch 2\n>p2 move knockoff\n>p1 move toxic\n>p2 switch 5\n>p1 move recover\n>p2 move headsmash\n>p1 move recover\n>p2 move headsmash\n>p1 move recover\n>p2 move headsmash\n>p1 move recover\n>p2 move headsmash\n>p1 move recover\n>p2 switch 3\n>p1 move earthquake terastallize\n>p2 move zenheadbutt\n>p1 move recover\n>p2 move closecombat\n>p1 switch 2\n>p1 move machpunch\n>p2 move zenheadbutt\n>p2 switch 6\n>p1 move spore\n>p2 move fireblast\n>p1 switch 5\n>p1 move tripleaxel\n>p2 move fireblast", "uploadtime": 1781401625, "views": 4, "formatid": "gen9randombattle", "rating": null, "private": 0, "password": null, "player_dets": [{"name": "nutbustas", "avatar": "plumeria", "rating": 2051, "seed": "sodium,ed0a1092929f02aa81845adecdb29197"}, {"name": "Tarunda", "avatar": "wallace", "rating": 2095, "seed": "sodium,a685266f664a7f968c868caacf1300fb"}], "teams_full": [{"Weavile": {"name": "Weavile", "species": "Weavile", "speciesId": "weavile", "gender": "M", "shiny": false, "level": 79, "moves": ["swordsdance", "tripleaxel", "lowkick", "knockoff"], "ability": "Pickpocket", "evs": {"hp": 85, "atk": 85, "def": 85, "spa": 85, "spd": 85, "spe": 85}, "ivs": {"hp": 31, "atk": 31, "def": 31, "spa": 31, "spd": 31, "spe": 31}, "item": "Heavy-Duty Boots", "teraType": "Ice", "role": "Fast Attacker", "bvs": {"hp": 70, "atk": 120, "def": 65, "spa": 45, "spd": 85, "spe": 125}, "stats": {"hp": 240, "atk": 235, "def": 148, "spa": 117, "spd": 180, "spe": 243}, "types": ["Dark", "Ice"]}, "Clodsire": {"name": "Clodsire", "species": "Clodsire", "speciesId": "clodsire", "gender": "M", "shiny": false, "level": 81, "moves": ["toxic", "recover", "earthquake", "poisonjab"], "ability": "Unaware", "evs": {"hp": 85, "atk": 85, "def": 85, "spa": 85, "spd": 85, "spe": 85}, "ivs": {"hp": 31, "atk": 31, "def": 31, "spa": 31, "spd": 31, "spe": 31}, "item": "Leftovers", "teraType": "Steel", "role": "Bulky Support", "bvs": {"hp": 130, "atk": 75, "def": 60, "spa": 45, "spd": 100, "spe": 20}, "stats": {"hp": 343, "atk": 168, "def": 144, "spa": 120, "spd": 209, "spe": 79}, "types": ["Poison", "Ground"]}, "Mew": {"name": "Mew", "species": "Mew", "speciesId": "mew", "gender": "N", "shiny": false, "level": 82, "moves": ["psychicfangs", "swordsdance", "knockoff", "closecombat"], "ability": "Synchronize", "evs": {"hp": 85, "atk": 85, "def": 85, "spa": 85, "spd": 85, "spe": 85}, "ivs": {"hp": 31, "atk": 31, "def": 31, "spa": 31, "spd": 31, "spe": 31}, "item": "Life Orb", "teraType": "Fighting", "role": "Setup Sweeper", "bvs": {"hp": 100, "atk": 100, "def": 100, "spa": 100, "spd": 100, "spe": 100}, "stats": {"hp": 298, "atk": 211, "def": 211, "spa": 211, "spd": 211, "spe": 211}, "types": ["Psychic"]}, "Breloom": {"name": "Breloom", "species": "Breloom", "speciesId": "breloom", "gender": "M", "shiny": false, "level": 83, "moves": ["machpunch", "rocktomb", "spore", "bulletseed"], "ability": "Technician", "evs": {"hp": 85, "atk": 85, "def": 85, "spa": 85, "spd": 85, "spe": 85}, "ivs": {"hp": 31, "atk": 31, "def": 31, "spa": 31, "spd": 31, "spe": 31}, "item": "Life Orb", "teraType": "Fighting", "role": "Fast Attacker", "bvs": {"hp": 60, "atk": 130, "def": 80, "spa": 60, "spd": 60, "spe": 70}, "stats": {"hp": 235, "atk": 263, "def": 180, "spa": 147, "spd": 147, "spe": 164}, "types": ["Grass", "Fighting"]}, "Swalot": {"name": "Swalot", "species": "Swalot", "speciesId": "swalot", "gender": "F", "shiny": false, "level": 90, "moves": ["toxic", "sludgebomb", "protect", "earthquake"], "ability": "Liquid Ooze", "evs": {"hp": 85, "atk": 85, "def": 85, "spa": 85, "spd": 85, "spe": 85}, "ivs": {"hp": 31, "atk": 31, "def": 31, "spa": 31, "spd": 31, "spe": 31}, "item": "Leftovers", "teraType": "Ground", "role": "Bulky Support", "bvs": {"hp": 100, "atk": 73, "def": 83, "spa": 73, "spd": 83, "spe": 55}, "stats": {"hp": 326, "atk": 183, "def": 201, "spa": 183, "spd": 201, "spe": 150}, "types": ["Poison"]}, "Cloyster": {"name": "Cloyster", "species": "Cloyster", "speciesId": "cloyster", "gender": "M", "shiny": false, "level": 80, "moves": ["shellsmash", "iciclespear", "rockblast", "drillrun"], "ability": "Skill Link", "evs": {"hp": 85, "atk": 85, "def": 85, "spa": 85, "spd": 85, "spe": 85}, "ivs": {"hp": 31, "atk": 31, "def": 31, "spa": 31, "spd": 31, "spe": 31}, "item": "White Herb", "teraType": "Ground", "role": "Fast Attacker", "bvs": {"hp": 50, "atk": 95, "def": 180, "spa": 85, "spd": 45, "spe": 70}, "stats": {"hp": 211, "atk": 198, "def": 334, "spa": 182, "spd": 118, "spe": 158}, "types": ["Water", "Ice"]}}, {"Gouging Fire": {"name": "Gouging Fire", "species": "Gouging Fire", "speciesId": "gougingfire", "gender": "N", "shiny": false, "level": 74, "moves": ["earthquake", "outrage", "heatcrash", "dragondance"], "ability": "Protosynthesis", "evs": {"hp": 85, "atk": 85, "def": 85, "spa": 85, "spd": 85, "spe": 85}, "ivs": {"hp": 31, "atk": 31, "def": 31, "spa": 31, "spd": 31, "spe": 31}, "item": "Heavy-Duty Boots", "teraType": "Ground", "role": "Setup Sweeper", "bvs": {"hp": 105, "atk": 115, "def": 121, "spa": 65, "spd": 93, "spe": 91}, "stats": {"hp": 277, "atk": 213, "def": 222, "spa": 139, "spd": 181, "spe": 178}, "types": ["Fire", "Dragon"]}, "Sudowoodo": {"name": "Sudowoodo", "species": "Sudowoodo", "speciesId": "sudowoodo", "gender": "M", "shiny": false, "level": 94, "moves": ["woodhammer", "headsmash", "suckerpunch", "earthquake"], "ability": "Rock Head", "evs": {"hp": 85, "atk": 85, "def": 85, "spa": 85, "spd": 85, "spe": 85}, "ivs": {"hp": 31, "atk": 31, "def": 31, "spa": 31, "spd": 31, "spe": 31}, "item": "Choice Band", "teraType": "Grass", "role": "Bulky Attacker", "bvs": {"hp": 70, "atk": 100, "def": 115, "spa": 30, "spd": 65, "spe": 30}, "stats": {"hp": 284, "atk": 241, "def": 270, "spa": 110, "spd": 176, "spe": 110}, "types": ["Rock"]}, "Iron Boulder": {"name": "Iron Boulder", "species": "Iron Boulder", "speciesId": "ironboulder", "gender": "N", "shiny": false, "level": 77, "moves": ["closecombat", "mightycleave", "swordsdance", "zenheadbutt"], "ability": "Quark Drive", "evs": {"hp": 85, "atk": 85, "def": 85, "spa": 85, "spd": 85, "spe": 85}, "ivs": {"hp": 31, "atk": 31, "def": 31, "spa": 31, "spd": 31, "spe": 31}, "item": "Life Orb", "teraType": "Fighting", "role": "Setup Sweeper", "bvs": {"hp": 90, "atk": 120, "def": 80, "spa": 68, "spd": 108, "spe": 124}, "stats": {"hp": 265, "atk": 229, "def": 168, "spa": 149, "spd": 211, "spe": 236}, "types": ["Rock", "Psychic"]}, "Darkrai": {"name": "Darkrai", "species": "Darkrai", "speciesId": "darkrai", "gender": "N", "shiny": false, "level": 77, "moves": ["sludgebomb", "hypnosis", "darkpulse", "nastyplot"], "ability": "Bad Dreams", "evs": {"hp": 85, "atk": 0, "def": 85, "spa": 85, "spd": 85, "spe": 85}, "ivs": {"hp": 31, "atk": 0, "def": 31, "spa": 31, "spd": 31, "spe": 31}, "item": "Life Orb", "teraType": "Poison", "role": "Setup Sweeper", "bvs": {"hp": 70, "atk": 90, "def": 90, "spa": 135, "spd": 90, "spe": 125}, "stats": {"hp": 234, "atk": 143, "def": 183, "spa": 252, "spd": 183, "spe": 237}, "types": ["Dark"]}, "Meganium": {"name": "Meganium", "species": "Meganium", "speciesId": "meganium", "gender": "M", "shiny": false, "level": 90, "moves": ["knockoff", "dragontail", "synthesis", "energyball"], "ability": "Overgrow", "evs": {"hp": 85, "atk": 85, "def": 85, "spa": 85, "spd": 85, "spe": 85}, "ivs": {"hp": 31, "atk": 31, "def": 31, "spa": 31, "spd": 31, "spe": 31}, "item": "Leftovers", "teraType": "Water", "role": "Bulky Attacker", "bvs": {"hp": 80, "atk": 82, "def": 100, "spa": 83, "spd": 100, "spe": 80}, "stats": {"hp": 290, "atk": 199, "def": 231, "spa": 201, "spd": 231, "spe": 195}, "types": ["Grass"]}, "Iron Jugulis": {"name": "Iron Jugulis", "species": "Iron Jugulis", "speciesId": "ironjugulis", "gender": "N", "shiny": false, "level": 77, "moves": ["uturn", "fireblast", "darkpulse", "hurricane"], "ability": "Quark Drive", "evs": {"hp": 85, "atk": 85, "def": 85, "spa": 85, "spd": 85, "spe": 85}, "ivs": {"hp": 31, "atk": 31, "def": 31, "spa": 31, "spd": 31, "spe": 31}, "item": "Choice Specs", "teraType": "Flying", "role": "Wallbreaker", "bvs": {"hp": 94, "atk": 80, "def": 86, "spa": 122, "spd": 80, "spe": 108}, "stats": {"hp": 271, "atk": 168, "def": 177, "spa": 232, "spd": 168, "spe": 211}, "types": ["Dark", "Flying"]}}]}