{"id": "gen9randombattle-2631812738", "format": "[Gen 9] Random Battle", "players": ["meme slurper", "FantasyWind"], "log": "|j|\u2606meme slurper\n|j|\u203dFantasyWind\n|t:|1781443295\n|gametype|singles\n|player|p1|meme slurper|burglar|1968\n|player|p2|FantasyWind|rosa|1905\n|gen|9\n|tier|[Gen 9] Random Battle\n|rated|\n|rule|Species Clause: Limit one of each Pok\u00e9mon\n|rule|HP Percentage Mod: HP is shown in percentages\n|rule|Sleep Clause Mod: Limit one foe put to sleep\n|rule|Illusion Level Mod: Illusion disguises the Pok\u00e9mon's true level\n|\n|t:|1781443295\n|teamsize|p1|6\n|teamsize|p2|6\n|start\n|switch|p1a: Arceus|Arceus-Psychic, L69|280/280\n|switch|p2a: Copperajah|Copperajah, L86, M|349/349\n|turn|1\n|inactive|Battle timer is ON: inactive players will automatically lose when time's up. (requested by meme slurper)\n|inactive|FantasyWind also wants the timer to be on.\n|\n|t:|1781443320\n|switch|p1a: Arbok|Arbok, L87, F|246/246\n|-ability|p1a: Arbok|Intimidate|boost\n|-unboost|p2a: Copperajah|atk|1\n|switch|p2a: Gliscor|Gliscor, L76, M|239/239\n|\n|-status|p2a: Gliscor|tox|[from] item: Toxic Orb\n|upkeep\n|turn|2\n|\n|t:|1781443325\n|switch|p1a: Scizor|Scizor, L79, M|240/240\n|move|p2a: Gliscor|Earthquake|p1a: Scizor\n|-damage|p1a: Scizor|150/240\n|\n|upkeep\n|turn|3\n|\n|t:|1781443328\n|move|p2a: Gliscor|Earthquake|p1a: Scizor\n|-damage|p1a: Scizor|66/240\n|move|p1a: Scizor|U-turn|p2a: Gliscor\n|-resisted|p2a: Gliscor\n|-damage|p2a: Gliscor|187/239 tox\n|\n|t:|1781443334\n|switch|p1a: Zangoose|Zangoose, L85, F|263/263|[from] U-turn\n|\n|-heal|p2a: Gliscor|216/239 tox|[from] ability: Poison Heal\n|-status|p1a: Zangoose|tox|[from] item: Toxic Orb\n|upkeep\n|turn|4\n|\n|t:|1781443341\n|switch|p2a: Forretress|Forretress, L84, M|263/263\n|move|p1a: Zangoose|Swords Dance|p1a: Zangoose\n|-boost|p1a: Zangoose|atk|2\n|\n|-damage|p1a: Zangoose|247/263 tox|[from] psn\n|upkeep\n|turn|5\n|\n|t:|1781443344\n|move|p1a: Zangoose|Facade|p2a: Forretress\n|-resisted|p2a: Forretress\n|-damage|p2a: Forretress|69/263\n|move|p2a: Forretress|Body Press|p1a: Zangoose\n|-supereffective|p1a: Zangoose\n|-damage|p1a: Zangoose|35/263 tox\n|\n|-heal|p2a: Forretress|85/263|[from] item: Leftovers\n|-damage|p1a: Zangoose|3/263 tox|[from] psn\n|upkeep\n|turn|6\n|\n|t:|1781443349\n|move|p1a: Zangoose|Facade|p2a: Forretress\n|-resisted|p2a: Forretress\n|-damage|p2a: Forretress|0 fnt\n|faint|p2a: Forretress\n|\n|-damage|p1a: Zangoose|0 fnt|[from] psn\n|faint|p1a: Zangoose\n|upkeep\n|\n|t:|1781443353\n|switch|p1a: Gastrodon|Gastrodon-East, L86, M|331/331\n|switch|p2a: Gliscor|Gliscor, L76, M|216/239 tox\n|turn|7\n|\n|t:|1781443356\n|move|p2a: Gliscor|Protect|p2a: Gliscor\n|-singleturn|p2a: Gliscor|Protect\n|move|p1a: Gastrodon|Surf|p2a: Gliscor\n|-activate|p2a: Gliscor|move: Protect\n|\n|-heal|p2a: Gliscor|239/239 tox|[from] ability: Poison Heal\n|upkeep\n|turn|8\n|\n|t:|1781443359\n|switch|p2a: Iron Hands|Iron Hands, L79|373/373\n|move|p1a: Gastrodon|Surf|p2a: Iron Hands\n|-damage|p2a: Iron Hands|286/373\n|\n|upkeep\n|turn|9\n|\n|t:|1781443363\n|move|p2a: Iron Hands|Drain Punch|p1a: Gastrodon\n|-damage|p1a: Gastrodon|211/331\n|-heal|p2a: Iron Hands|346/373|[from] drain|[of] p1a: Gastrodon\n|move|p1a: Gastrodon|Earthquake|p2a: Iron Hands\n|-supereffective|p2a: Iron Hands\n|-damage|p2a: Iron Hands|172/373\n|\n|-heal|p1a: Gastrodon|231/331|[from] item: Leftovers\n|upkeep\n|turn|10\n|\n|t:|1781443369\n|move|p2a: Iron Hands|Drain Punch|p1a: Gastrodon\n|-damage|p1a: Gastrodon|123/331\n|-heal|p2a: Iron Hands|226/373|[from] drain|[of] p1a: Gastrodon\n|move|p1a: Gastrodon|Surf|p2a: Iron Hands\n|-damage|p2a: Iron Hands|148/373\n|\n|-heal|p1a: Gastrodon|143/331|[from] item: Leftovers\n|upkeep\n|turn|11\n|\n|t:|1781443372\n|move|p2a: Iron Hands|Drain Punch|p1a: Gastrodon\n|-damage|p1a: Gastrodon|41/331\n|-heal|p2a: Iron Hands|199/373|[from] drain|[of] p1a: Gastrodon\n|move|p1a: Gastrodon|Recover|p1a: Gastrodon\n|-heal|p1a: Gastrodon|207/331\n|\n|-heal|p1a: Gastrodon|227/331|[from] item: Leftovers\n|upkeep\n|turn|12\n|\n|t:|1781443375\n|move|p2a: Iron Hands|Drain Punch|p1a: Gastrodon\n|-damage|p1a: Gastrodon|110/331\n|-heal|p2a: Iron Hands|258/373|[from] drain|[of] p1a: Gastrodon\n|move|p1a: Gastrodon|Earthquake|p2a: Iron Hands\n|-supereffective|p2a: Iron Hands\n|-damage|p2a: Iron Hands|78/373\n|\n|-heal|p1a: Gastrodon|130/331|[from] item: Leftovers\n|upkeep\n|turn|13\n|\n|t:|1781443377\n|move|p2a: Iron Hands|Drain Punch|p1a: Gastrodon\n|-damage|p1a: Gastrodon|13/331\n|-heal|p2a: Iron Hands|137/373|[from] drain|[of] p1a: Gastrodon\n|move|p1a: Gastrodon|Recover|p1a: Gastrodon\n|-heal|p1a: Gastrodon|179/331\n|\n|-heal|p1a: Gastrodon|199/331|[from] item: Leftovers\n|upkeep\n|turn|14\n|\n|t:|1781443380\n|move|p2a: Iron Hands|Drain Punch|p1a: Gastrodon\n|-damage|p1a: Gastrodon|91/331\n|-heal|p2a: Iron Hands|191/373|[from] drain|[of] p1a: Gastrodon\n|move|p1a: Gastrodon|Earthquake|p2a: Iron Hands\n|-supereffective|p2a: Iron Hands\n|-damage|p2a: Iron Hands|23/373\n|\n|-heal|p1a: Gastrodon|111/331|[from] item: Leftovers\n|upkeep\n|turn|15\n|\n|t:|1781443381\n|move|p2a: Iron Hands|Drain Punch|p1a: Gastrodon\n|-damage|p1a: Gastrodon|0 fnt\n|-heal|p2a: Iron Hands|79/373|[from] drain|[of] p1a: Gastrodon\n|faint|p1a: Gastrodon\n|\n|upkeep\n|\n|t:|1781443385\n|switch|p1a: Arbok|Arbok, L87, F|246/246\n|-ability|p1a: Arbok|Intimidate|boost\n|-unboost|p2a: Iron Hands|atk|1\n|turn|16\n|\n|t:|1781443389\n|-end|p2a: Iron Hands|Quark Drive|[silent]\n|switch|p2a: Gliscor|Gliscor, L76, M|239/239 tox\n|move|p1a: Arbok|Gunk Shot|p2a: Gliscor\n|-resisted|p2a: Gliscor\n|-damage|p2a: Gliscor|168/239 tox\n|-damage|p1a: Arbok|222/246|[from] item: Life Orb\n|\n|-heal|p2a: Gliscor|197/239 tox|[from] ability: Poison Heal\n|upkeep\n|turn|17\n|\n|t:|1781443396\n|switch|p1a: Chansey|Chansey, L85, F|564/564\n|move|p2a: Gliscor|Earthquake|p1a: Chansey\n|-damage|p1a: Chansey|378/564\n|\n|-heal|p2a: Gliscor|226/239 tox|[from] ability: Poison Heal\n|upkeep\n|turn|18\n|\n|t:|1781443399\n|move|p2a: Gliscor|Earthquake|p1a: Chansey\n|-damage|p1a: Chansey|197/564\n|move|p1a: Chansey|Stealth Rock|p2a: Gliscor\n|-sidestart|p2: FantasyWind|move: Stealth Rock\n|\n|-heal|p2a: Gliscor|239/239 tox|[from] ability: Poison Heal\n|upkeep\n|turn|19\n|\n|t:|1781443407\n|move|p2a: Gliscor|Earthquake|p1a: Chansey\n|-damage|p1a: Chansey|0 fnt\n|faint|p1a: Chansey\n|\n|upkeep\n|\n|t:|1781443410\n|switch|p1a: Arceus|Arceus-Psychic, L69|280/280\n|turn|20\n|\n|t:|1781443417\n|-terastallize|p1a: Arceus|Steel\n|move|p1a: Arceus|Cosmic Power|p1a: Arceus\n|-boost|p1a: Arceus|def|1\n|-boost|p1a: Arceus|spd|1\n|move|p2a: Gliscor|Earthquake|p1a: Arceus\n|-supereffective|p1a: Arceus\n|-damage|p1a: Arceus|166/280\n|\n|upkeep\n|turn|21\n|\n|t:|1781443420\n|move|p1a: Arceus|Cosmic Power|p1a: Arceus\n|-boost|p1a: Arceus|def|1\n|-boost|p1a: Arceus|spd|1\n|move|p2a: Gliscor|Earthquake|p1a: Arceus\n|-supereffective|p1a: Arceus\n|-damage|p1a: Arceus|82/280\n|\n|upkeep\n|turn|22\n|\n|t:|1781443429\n|switch|p2a: Copperajah|Copperajah, L86, M|349/349\n|-damage|p2a: Copperajah|328/349|[from] Stealth Rock\n|move|p1a: Arceus|Recover|p1a: Arceus\n|-heal|p1a: Arceus|222/280\n|\n|upkeep\n|turn|23\n|\n|t:|1781443448\n|move|p1a: Arceus|Body Press|p2a: Copperajah\n|-supereffective|p2a: Copperajah\n|-damage|p2a: Copperajah|108/349\n|move|p2a: Copperajah|Heat Crash|p1a: Arceus\n|-supereffective|p1a: Arceus\n|-damage|p1a: Arceus|78/280\n|\n|upkeep\n|turn|24\n|\n|t:|1781443451\n|move|p1a: Arceus|Body Press|p2a: Copperajah\n|-supereffective|p2a: Copperajah\n|-damage|p2a: Copperajah|0 fnt\n|faint|p2a: Copperajah\n|\n|upkeep\n|\n|t:|1781443454\n|switch|p2a: Arcanine|Arcanine, L84, M|288/288\n|-ability|p2a: Arcanine|Intimidate|boost\n|-unboost|p1a: Arceus|atk|1\n|turn|25\n|\n|t:|1781443469\n|move|p2a: Arcanine|Flare Blitz|p1a: Arceus\n|-supereffective|p1a: Arceus\n|-damage|p1a: Arceus|0 fnt\n|faint|p1a: Arceus\n|-damage|p2a: Arcanine|262/288|[from] Recoil\n|\n|upkeep\n|l|\u2606meme slurper\n|inactive|meme slurper disconnected and has a minute to reconnect!\n|player|p1|\n|inactive|meme slurper has 30 seconds to reconnect!\n|inactive|meme slurper has 20 seconds to reconnect!\n|inactive|meme slurper has 15 seconds to reconnect!\n|inactive|meme slurper has 10 seconds to reconnect!\n|inactive|meme slurper has 5 seconds to reconnect!\n|-message|meme slurper lost due to inactivity.\n|\n|win|FantasyWind\n|raw|meme slurper's rating: 1968 &rarr; <strong>1944</strong><br />(-24 for losing)\n|raw|FantasyWind's rating: 1905 &rarr; <strong>1929</strong><br />(+24 for winning)\n", "inputlog": ">version a8376a258c1d4662feba110a92103f3664a72141\n>start {\"formatid\":\"gen9randombattle\",\"seed\":\"sodium,126ba6cf1c3cecfc0db70d41bbe16268\",\"rated\":\"Rated battle\"}\n>player p1 {\"name\":\"meme slurper\",\"avatar\":\"burglar\",\"rating\":1968,\"seed\":\"sodium,857727d18f728b9239a9d0c1b7058d9c\"}\n>player p2 {\"name\":\"FantasyWind\",\"avatar\":\"rosa\",\"rating\":1905,\"seed\":\"sodium,b49a74e1e3cbbf99c1bd38d914d8cc90\"}\n>p1 switch 4\n>p2 switch 4\n>p1 switch 2\n>p2 move earthquake\n>p1 move uturn\n>p2 move earthquake\n>p1 switch 5\n>p1 move swordsdance\n>p2 switch 2\n>p1 move facade\n>p2 move bodypress\n>p1 move facade\n>p2 move stealthrock\n>p1 switch 6\n>p2 switch 2\n>p1 move surf\n>p2 move protect\n>p1 move surf\n>p2 switch 3\n>p1 move earthquake\n>p2 move drainpunch\n>p1 move surf\n>p2 move drainpunch\n>p1 move recover\n>p2 move drainpunch\n>p1 move earthquake\n>p2 move drainpunch\n>p1 move recover\n>p2 move drainpunch\n>p1 move earthquake\n>p2 move drainpunch\n>p1 move recover\n>p2 move drainpunch\n>p1 switch 2\n>p1 move gunkshot\n>p2 switch 3\n>p1 switch 3\n>p2 move earthquake\n>p1 move stealthrock\n>p2 move earthquake\n>p1 move seismictoss\n>p2 move earthquake\n>p1 switch 4\n>p1 move cosmicpower terastallize\n>p2 move earthquake\n>p1 move cosmicpower\n>p2 move earthquake\n>p1 move recover\n>p2 switch 4\n>p1 move bodypress\n>p2 move heatcrash\n>p1 move bodypress\n>p2 move heatcrash\n>p2 switch 5\n>p1 move recover\n>p2 move flareblitz\n>forcelose p1", "uploadtime": 1781443297, "views": 11, "formatid": "gen9randombattle", "rating": 1929, "private": 0, "password": null, "player_dets": [{"name": "meme slurper", "avatar": "burglar", "rating": 1968, "seed": "sodium,857727d18f728b9239a9d0c1b7058d9c"}, {"name": "FantasyWind", "avatar": "rosa", "rating": 1905, "seed": "sodium,b49a74e1e3cbbf99c1bd38d914d8cc90"}], "teams_full": [{"Arceus": {"name": "Arceus", "species": "Arceus-Psychic", "speciesId": "arceuspsychic", "gender": "N", "shiny": false, "level": 69, "moves": ["cosmicpower", "storedpower", "recover", "bodypress"], "ability": "Multitype", "evs": {"hp": 85, "atk": 0, "def": 85, "spa": 85, "spd": 85, "spe": 85}, "ivs": {"hp": 31, "atk": 0, "def": 31, "spa": 31, "spd": 31, "spe": 31}, "item": "Mind Plate", "teraType": "Steel", "role": "Bulky Setup", "bvs": {"hp": 120, "atk": 120, "def": 120, "spa": 120, "spd": 120, "spe": 120}, "stats": {"hp": 280, "atk": 170, "def": 206, "spa": 206, "spd": 206, "spe": 206}}, "Scizor": {"name": "Scizor", "species": "Scizor", "speciesId": "scizor", "gender": "M", "shiny": false, "level": 79, "moves": ["uturn", "closecombat", "bulletpunch", "knockoff"], "ability": "Technician", "evs": {"hp": 85, "atk": 85, "def": 85, "spa": 85, "spd": 85, "spe": 85}, "ivs": {"hp": 31, "atk": 31, "def": 31, "spa": 31, "spd": 31, "spe": 31}, "item": "Choice Band", "teraType": "Steel", "role": "Wallbreaker", "bvs": {"hp": 70, "atk": 130, "def": 100, "spa": 55, "spd": 80, "spe": 65}, "stats": {"hp": 240, "atk": 251, "def": 204, "spa": 132, "spd": 172, "spe": 148}}, "Chansey": {"name": "Chansey", "species": "Chansey", "speciesId": "chansey", "gender": "F", "shiny": false, "level": 85, "moves": ["thunderwave", "seismictoss", "stealthrock", "softboiled"], "ability": "Natural Cure", "evs": {"hp": 85, "atk": 0, "def": 85, "spa": 85, "spd": 85, "spe": 85}, "ivs": {"hp": 31, "atk": 0, "def": 31, "spa": 31, "spd": 31, "spe": 31}, "item": "Eviolite", "teraType": "Fairy", "role": "Bulky Support", "bvs": {"hp": 250, "atk": 5, "def": 5, "spa": 35, "spd": 105, "spe": 50}, "stats": {"hp": 564, "atk": 13, "def": 57, "spa": 108, "spd": 227, "spe": 134}}, "Arbok": {"name": "Arbok", "species": "Arbok", "speciesId": "arbok", "gender": "F", "shiny": false, "level": 87, "moves": ["gunkshot", "earthquake", "glare", "suckerpunch"], "ability": "Intimidate", "evs": {"hp": 85, "atk": 85, "def": 85, "spa": 85, "spd": 85, "spe": 85}, "ivs": {"hp": 31, "atk": 31, "def": 31, "spa": 31, "spd": 31, "spe": 31}, "item": "Life Orb", "teraType": "Ground", "role": "Fast Support", "bvs": {"hp": 60, "atk": 95, "def": 69, "spa": 65, "spd": 79, "spe": 80}, "stats": {"hp": 246, "atk": 215, "def": 170, "spa": 163, "spd": 187, "spe": 189}}, "Zangoose": {"name": "Zangoose", "species": "Zangoose", "speciesId": "zangoose", "gender": "F", "shiny": false, "level": 85, "moves": ["knockoff", "quickattack", "swordsdance", "facade"], "ability": "Toxic Boost", "evs": {"hp": 85, "atk": 85, "def": 85, "spa": 85, "spd": 85, "spe": 85}, "ivs": {"hp": 31, "atk": 31, "def": 31, "spa": 31, "spd": 31, "spe": 31}, "item": "Toxic Orb", "teraType": "Normal", "role": "Fast Attacker", "bvs": {"hp": 73, "atk": 115, "def": 60, "spa": 60, "spd": 60, "spe": 90}, "stats": {"hp": 263, "atk": 244, "def": 151, "spa": 151, "spd": 151, "spe": 202}}, "Gastrodon": {"name": "Gastrodon", "species": "Gastrodon-East", "speciesId": "gastrodon", "gender": "M", "shiny": false, "level": 86, "moves": ["surf", "earthquake", "recover", "sludgebomb"], "ability": "Storm Drain", "evs": {"hp": 85, "atk": 85, "def": 85, "spa": 85, "spd": 85, "spe": 85}, "ivs": {"hp": 31, "atk": 31, "def": 31, "spa": 31, "spd": 31, "spe": 31}, "item": "Leftovers", "teraType": "Poison", "role": "Bulky Support", "bvs": {"hp": 111, "atk": 83, "def": 68, "spa": 92, "spd": 82, "spe": 39}, "stats": {"hp": 331, "atk": 192, "def": 166, "spa": 207, "spd": 190, "spe": 116}}}, {"Copperajah": {"name": "Copperajah", "species": "Copperajah", "speciesId": "copperajah", "gender": "M", "shiny": false, "level": 86, "moves": ["heavyslam", "stoneedge", "supercellslam", "heatcrash"], "ability": "Heavy Metal", "evs": {"hp": 81, "atk": 85, "def": 85, "spa": 85, "spd": 85, "spe": 85}, "ivs": {"hp": 31, "atk": 31, "def": 31, "spa": 31, "spd": 31, "spe": 31}, "item": "Choice Band", "teraType": "Fire", "role": "Bulky Attacker", "bvs": {"hp": 122, "atk": 130, "def": 69, "spa": 80, "spd": 69, "spe": 30}, "stats": {"hp": 349, "atk": 273, "def": 168, "spa": 187, "spd": 168, "spe": 101}}, "Forretress": {"name": "Forretress", "species": "Forretress", "speciesId": "forretress", "gender": "M", "shiny": false, "level": 84, "moves": ["ironhead", "bodypress", "rapidspin", "stealthrock"], "ability": "Sturdy", "evs": {"hp": 85, "atk": 85, "def": 85, "spa": 85, "spd": 85, "spe": 85}, "ivs": {"hp": 31, "atk": 31, "def": 31, "spa": 31, "spd": 31, "spe": 31}, "item": "Leftovers", "teraType": "Water", "role": "Bulky Attacker", "bvs": {"hp": 75, "atk": 90, "def": 140, "spa": 60, "spd": 60, "spe": 40}, "stats": {"hp": 263, "atk": 199, "def": 283, "spa": 149, "spd": 149, "spe": 115}}, "Iron Hands": {"name": "Iron Hands", "species": "Iron Hands", "speciesId": "ironhands", "gender": "N", "shiny": false, "level": 79, "moves": ["drainpunch", "voltswitch", "thunderpunch", "icepunch"], "ability": "Quark Drive", "evs": {"hp": 85, "atk": 85, "def": 85, "spa": 85, "spd": 85, "spe": 85}, "ivs": {"hp": 31, "atk": 31, "def": 31, "spa": 31, "spd": 31, "spe": 31}, "item": "Assault Vest", "teraType": "Fighting", "role": "AV Pivot", "bvs": {"hp": 154, "atk": 140, "def": 108, "spa": 50, "spd": 68, "spe": 50}, "stats": {"hp": 373, "atk": 267, "def": 216, "spa": 125, "spd": 153, "spe": 125}}, "Gliscor": {"name": "Gliscor", "species": "Gliscor", "speciesId": "gliscor", "gender": "M", "shiny": false, "level": 76, "moves": ["substitute", "earthquake", "protect", "toxic"], "ability": "Poison Heal", "evs": {"hp": 85, "atk": 85, "def": 85, "spa": 85, "spd": 85, "spe": 85}, "ivs": {"hp": 31, "atk": 31, "def": 31, "spa": 31, "spd": 31, "spe": 31}, "item": "Toxic Orb", "teraType": "Water", "role": "Fast Support", "bvs": {"hp": 75, "atk": 95, "def": 125, "spa": 45, "spd": 75, "spe": 95}, "stats": {"hp": 239, "atk": 188, "def": 234, "spa": 112, "spd": 158, "spe": 188}}, "Arcanine": {"name": "Arcanine", "species": "Arcanine", "speciesId": "arcanine", "gender": "M", "shiny": false, "level": 84, "moves": ["flareblitz", "morningsun", "closecombat", "extremespeed"], "ability": "Intimidate", "evs": {"hp": 85, "atk": 85, "def": 85, "spa": 85, "spd": 85, "spe": 85}, "ivs": {"hp": 31, "atk": 31, "def": 31, "spa": 31, "spd": 31, "spe": 31}, "item": "Heavy-Duty Boots", "teraType": "Fighting", "role": "Bulky Attacker", "bvs": {"hp": 90, "atk": 110, "def": 80, "spa": 100, "spd": 80, "spe": 95}, "stats": {"hp": 288, "atk": 233, "def": 183, "spa": 216, "spd": 183, "spe": 208}}, "Noctowl": {"name": "Noctowl", "species": "Noctowl", "speciesId": "noctowl", "gender": "F", "shiny": false, "level": 95, "moves": ["nastyplot", "roost", "hurricane", "hypervoice"], "ability": "Tinted Lens", "evs": {"hp": 85, "atk": 0, "def": 85, "spa": 85, "spd": 85, "spe": 85}, "ivs": {"hp": 31, "atk": 0, "def": 31, "spa": 31, "spd": 31, "spe": 31}, "item": "Heavy-Duty Boots", "teraType": "Steel", "role": "Bulky Attacker", "bvs": {"hp": 100, "atk": 50, "def": 50, "spa": 86, "spd": 96, "spe": 70}, "stats": {"hp": 344, "atk": 100, "def": 149, "spa": 217, "spd": 236, "spe": 187}}}]}