{"id": "gen9randombattle-2631503166", "format": "[Gen 9] Random Battle", "players": ["TheSkiDY", "catlib"], "log": "|j|\u2606TheSkiDY\n|j|\u2606catlib\n|t:|1781393402\n|gametype|singles\n|player|p1|TheSkiDY|backersf|1937\n|player|p2|catlib|birdkeeper|1988\n|gen|9\n|tier|[Gen 9] Random Battle\n|rated|\n|rule|Species Clause: Limit one of each Pok\u00e9mon\n|rule|HP Percentage Mod: HP is shown in percentages\n|rule|Sleep Clause Mod: Limit one foe put to sleep\n|rule|Illusion Level Mod: Illusion disguises the Pok\u00e9mon's true level\n|\n|t:|1781393402\n|teamsize|p1|6\n|teamsize|p2|6\n|start\n|switch|p1a: Bruxish|Bruxish, L85, M|254/254\n|switch|p2a: Munkidori|Munkidori, L79, M|269/269\n|turn|1\n|inactive|Battle timer is ON: inactive players will automatically lose when time's up. (requested by catlib)\n|\n|t:|1781393413\n|move|p2a: Munkidori|Fake Out|p1a: Bruxish\n|-damage|p1a: Bruxish|227/254\n|cant|p1a: Bruxish|flinch\n|\n|upkeep\n|turn|2\n|\n|t:|1781393417\n|move|p2a: Munkidori|U-turn|p1a: Bruxish\n|-supereffective|p1a: Bruxish\n|-damage|p1a: Bruxish|141/254\n|\n|t:|1781393437\n|switch|p2a: Wo-Chien|Wo-Chien, L83|277/277|[from] U-turn\n|-ability|p2a: Wo-Chien|Tablets of Ruin\n|move|p1a: Bruxish|Crunch|p2a: Wo-Chien\n|-resisted|p2a: Wo-Chien\n|-damage|p2a: Wo-Chien|235/277\n|-damage|p1a: Bruxish|116/254|[from] item: Life Orb\n|\n|-heal|p2a: Wo-Chien|252/277|[from] item: Leftovers\n|upkeep\n|turn|3\n|\n|t:|1781393445\n|switch|p1a: Dragalge|Dragalge, L88, F|258/258\n|move|p2a: Wo-Chien|Knock Off|p1a: Dragalge\n|-crit|p1a: Dragalge\n|-damage|p1a: Dragalge|119/258\n|-enditem|p1a: Dragalge|Leftovers|[from] move: Knock Off|[of] p2a: Wo-Chien\n|\n|-heal|p2a: Wo-Chien|269/277|[from] item: Leftovers\n|upkeep\n|turn|4\n|inactive|catlib has 120 seconds left.\n|\n|t:|1781393478\n|switch|p2a: Munkidori|Munkidori, L79, M|269/269\n|move|p1a: Dragalge|Toxic Spikes|p2a: Munkidori\n|-sidestart|p2: catlib|move: Toxic Spikes\n|\n|upkeep\n|turn|5\n|\n|t:|1781393489\n|switch|p1a: Wyrdeer|Wyrdeer, L87, F|321/321\n|-ability|p1a: Wyrdeer|Intimidate|boost\n|-unboost|p2a: Munkidori|atk|1\n|move|p2a: Munkidori|Psychic Noise|p1a: Wyrdeer\n|-resisted|p1a: Wyrdeer\n|-crit|p1a: Wyrdeer\n|-damage|p1a: Wyrdeer|253/321\n|-start|p1a: Wyrdeer|move: Heal Block\n|\n|upkeep\n|turn|6\n|\n|t:|1781393496\n|move|p2a: Munkidori|U-turn|p1a: Wyrdeer\n|-supereffective|p1a: Wyrdeer\n|-damage|p1a: Wyrdeer|199/321\n|\n|t:|1781393508\n|switch|p2a: Bombirdier|Bombirdier, L85, M|258/258|[from] U-turn\n|move|p1a: Wyrdeer|Thunder Wave|p2a: Bombirdier\n|-status|p2a: Bombirdier|par\n|\n|-end|p1a: Wyrdeer|move: Heal Block\n|upkeep\n|turn|7\n|\n|t:|1781393526\n|switch|p1a: Luvdisc|Luvdisc, F|247/247\n|cant|p2a: Bombirdier|par\n|\n|upkeep\n|turn|8\n|\n|t:|1781393533\n|move|p1a: Luvdisc|Substitute|p1a: Luvdisc\n|-start|p1a: Luvdisc|Substitute\n|-damage|p1a: Luvdisc|186/247\n|move|p2a: Bombirdier|U-turn|p1a: Luvdisc\n|-end|p1a: Luvdisc|Substitute\n|\n|t:|1781393535\n|switch|p2a: Munkidori|Munkidori, L79, M|269/269|[from] U-turn\n|-sideend|p2: catlib|move: Toxic Spikes|[of] p2a: Munkidori\n|\n|upkeep\n|turn|9\n|\n|t:|1781393542\n|move|p2a: Munkidori|Fake Out|p1a: Luvdisc\n|-crit|p1a: Luvdisc\n|-damage|p1a: Luvdisc|152/247\n|cant|p1a: Luvdisc|flinch\n|\n|upkeep\n|turn|10\n|\n|t:|1781393548\n|move|p1a: Luvdisc|Whirlpool|p2a: Munkidori\n|-damage|p2a: Munkidori|250/269\n|-activate|p2a: Munkidori|move: Whirlpool|[of] p1a: Luvdisc\n|move|p2a: Munkidori|Psychic Noise|p1a: Luvdisc\n|-damage|p1a: Luvdisc|64/247\n|-start|p1a: Luvdisc|move: Heal Block\n|-status|p1a: Luvdisc|tox|[from] ability: Toxic Chain|[of] p2a: Munkidori\n|\n|-damage|p1a: Luvdisc|49/247 tox|[from] psn\n|-damage|p2a: Munkidori|217/269|[from] move: Whirlpool|[partiallytrapped]\n|upkeep\n|turn|11\n|\n|t:|1781393554\n|move|p1a: Luvdisc|Endeavor|p2a: Munkidori\n|-damage|p2a: Munkidori|49/269\n|move|p2a: Munkidori|U-turn|p1a: Luvdisc\n|-damage|p1a: Luvdisc|6/247 tox\n|\n|t:|1781393565\n|switch|p2a: Sylveon|Sylveon, L85, M|300/300|[from] U-turn\n|\n|-damage|p1a: Luvdisc|0 fnt|[from] psn\n|faint|p1a: Luvdisc\n|upkeep\n|\n|t:|1781393585\n|switch|p1a: Bruxish|Bruxish, L85, M|116/254\n|turn|12\n|\n|t:|1781393605\n|move|p1a: Bruxish|Wave Crash|p2a: Sylveon\n|-damage|p2a: Sylveon|80/300\n|-damage|p1a: Bruxish|43/254|[from] Recoil\n|-damage|p1a: Bruxish|18/254|[from] item: Life Orb\n|move|p2a: Sylveon|Wish|p2a: Sylveon\n|\n|-heal|p2a: Sylveon|98/300|[from] item: Leftovers\n|upkeep\n|turn|13\n|\n|t:|1781393612\n|move|p2a: Sylveon|Protect|p2a: Sylveon\n|-singleturn|p2a: Sylveon|Protect\n|move|p1a: Bruxish|Swords Dance|p1a: Bruxish\n|-boost|p1a: Bruxish|atk|2\n|\n|-heal|p2a: Sylveon|248/300|[from] move: Wish|[wisher] Sylveon\n|-heal|p2a: Sylveon|266/300|[from] item: Leftovers\n|upkeep\n|turn|14\n|\n|t:|1781393617\n|switch|p2a: Munkidori|Munkidori, L79, M|49/269\n|move|p1a: Bruxish|Psychic Fangs|p2a: Munkidori\n|-damage|p2a: Munkidori|0 fnt\n|faint|p2a: Munkidori\n|-damage|p1a: Bruxish|0 fnt|[from] item: Life Orb\n|faint|p1a: Bruxish\n|\n|upkeep\n|\n|t:|1781393628\n|switch|p2a: Bombirdier|Bombirdier, L85, M|258/258 par\n|switch|p1a: Wyrdeer|Wyrdeer, L87, F|199/321\n|-ability|p1a: Wyrdeer|Intimidate|boost\n|-unboost|p2a: Bombirdier|atk|1\n|turn|15\n|\n|t:|1781393633\n|move|p1a: Wyrdeer|Body Slam|p2a: Bombirdier\n|-damage|p2a: Bombirdier|155/258 par\n|move|p2a: Bombirdier|Knock Off|p1a: Wyrdeer\n|-supereffective|p1a: Wyrdeer\n|-damage|p1a: Wyrdeer|29/321\n|-enditem|p1a: Wyrdeer|Leftovers|[from] move: Knock Off|[of] p2a: Bombirdier\n|\n|upkeep\n|turn|16\n|\n|t:|1781393638\n|move|p1a: Wyrdeer|Body Slam|p2a: Bombirdier\n|-damage|p2a: Bombirdier|43/258 par\n|cant|p2a: Bombirdier|par\n|\n|upkeep\n|turn|17\n|\n|t:|1781393642\n|move|p1a: Wyrdeer|Body Slam|p2a: Bombirdier\n|-damage|p2a: Bombirdier|0 fnt\n|faint|p2a: Bombirdier\n|\n|upkeep\n|\n|t:|1781393648\n|switch|p2a: Wo-Chien|Wo-Chien, L83|269/277\n|-ability|p2a: Wo-Chien|Tablets of Ruin\n|turn|18\n|\n|t:|1781393652\n|move|p2a: Wo-Chien|Giga Drain|p1a: Wyrdeer\n|-damage|p1a: Wyrdeer|0 fnt\n|-heal|p2a: Wo-Chien|277/277|[from] drain|[of] p1a: Wyrdeer\n|faint|p1a: Wyrdeer\n|\n|upkeep\n|\n|t:|1781393663\n|switch|p1a: Dragalge|Dragalge, L88, F|119/258\n|turn|19\n|\n|t:|1781393673\n|switch|p2a: Gholdengo|Gholdengo, L77|261/261\n|move|p1a: Dragalge|Sludge Wave|p2a: Gholdengo\n|-immune|p2a: Gholdengo\n|\n|upkeep\n|turn|20\n|\n|t:|1781393684\n|switch|p1a: Arboliva|Arboliva, L91, F|288/288\n|move|p2a: Gholdengo|Nasty Plot|p2a: Gholdengo\n|-boost|p2a: Gholdengo|spa|2\n|\n|upkeep\n|turn|21\n|-message|TheSkiDY forfeited.\n|\n|win|catlib\n", "inputlog": ">version a8376a258c1d4662feba110a92103f3664a72141\n>start {\"formatid\":\"gen9randombattle\",\"seed\":\"sodium,fa1eabf7c53a0c67a68f8afb79dcdf3b\",\"rated\":\"Rated battle\"}\n>player p1 {\"name\":\"TheSkiDY\",\"avatar\":\"backersf\",\"rating\":1937,\"seed\":\"sodium,2177eacffac7e75864e7c84f7844241a\"}\n>player p2 {\"name\":\"catlib\",\"avatar\":\"birdkeeper\",\"rating\":1988,\"seed\":\"sodium,129a0613116676bedd2ab6eda7efe11c\"}\n>p1 move crunch\n>p2 move fakeout\n>p1 move crunch\n>p2 move uturn\n>p2 switch 3\n>p1 switch 6\n>p2 move knockoff\n>p1 move toxicspikes\n>p2 switch 3\n>p1 switch 3\n>p2 move psychicnoise\n>p1 move thunderwave\n>p2 move uturn\n>p2 switch 2\n>p1 switch 5\n>p2 move uturn\n>p1 move substitute\n>p2 move uturn\n>p2 switch 2\n>p1 move whirlpool\n>p2 move fakeout\n>p1 move whirlpool\n>p2 move psychicnoise\n>p1 move endeavor\n>p2 move uturn\n>p2 switch 4\n>p1 switch 6\n>p1 move wavecrash\n>p2 move wish\n>p1 move swordsdance\n>p2 move protect\n>p1 move psychicfangs\n>p2 switch 4\n>p1 switch 5\n>p2 switch 2\n>p1 move bodyslam\n>p2 move knockoff\n>p1 move bodyslam\n>p2 move uturn\n>p1 move bodyslam\n>p2 move uturn\n>p2 switch 3\n>p1 move earthquake\n>p2 move gigadrain\n>p1 switch 3\n>p1 move sludgewave\n>p2 switch 5\n>p1 switch 2\n>p2 move nastyplot\n>forcelose p1", "uploadtime": 1781393406, "views": 4, "formatid": "gen9randombattle", "rating": null, "private": 0, "password": null, "player_dets": [{"name": "TheSkiDY", "avatar": "backersf", "rating": 1937, "seed": "sodium,2177eacffac7e75864e7c84f7844241a"}, {"name": "catlib", "avatar": "birdkeeper", "rating": 1988, "seed": "sodium,129a0613116676bedd2ab6eda7efe11c"}], "teams_full": [{"Bruxish": {"name": "Bruxish", "species": "Bruxish", "speciesId": "bruxish", "gender": "M", "shiny": false, "level": 85, "moves": ["swordsdance", "psychicfangs", "crunch", "wavecrash"], "ability": "Strong Jaw", "evs": {"hp": 85, "atk": 85, "def": 85, "spa": 85, "spd": 85, "spe": 85}, "ivs": {"hp": 31, "atk": 31, "def": 31, "spa": 31, "spd": 31, "spe": 31}, "item": "Life Orb", "teraType": "Dark", "role": "Fast Attacker", "bvs": {"hp": 68, "atk": 105, "def": 70, "spa": 70, "spd": 70, "spe": 92}, "stats": {"hp": 254, "atk": 227, "def": 168, "spa": 168, "spd": 168, "spe": 205}, "types": ["Water", "Psychic"]}, "Arboliva": {"name": "Arboliva", "species": "Arboliva", "speciesId": "arboliva", "gender": "F", "shiny": false, "level": 91, "moves": ["hypervoice", "leechseed", "protect", "substitute"], "ability": "Harvest", "evs": {"hp": 77, "atk": 0, "def": 85, "spa": 85, "spd": 85, "spe": 85}, "ivs": {"hp": 31, "atk": 0, "def": 31, "spa": 31, "spd": 31, "spe": 31}, "item": "Sitrus Berry", "teraType": "Water", "role": "Bulky Support", "bvs": {"hp": 78, "atk": 69, "def": 90, "spa": 125, "spd": 109, "spe": 39}, "stats": {"hp": 288, "atk": 130, "def": 216, "spa": 279, "spd": 250, "spe": 123}, "types": ["Grass", "Normal"]}, "Wyrdeer": {"name": "Wyrdeer", "species": "Wyrdeer", "speciesId": "wyrdeer", "gender": "F", "shiny": false, "level": 87, "moves": ["bodyslam", "psychicnoise", "thunderwave", "earthquake"], "ability": "Intimidate", "evs": {"hp": 85, "atk": 85, "def": 85, "spa": 85, "spd": 85, "spe": 85}, "ivs": {"hp": 31, "atk": 31, "def": 31, "spa": 31, "spd": 31, "spe": 31}, "item": "Leftovers", "teraType": "Ground", "role": "Bulky Attacker", "bvs": {"hp": 103, "atk": 105, "def": 72, "spa": 105, "spd": 75, "spe": 65}, "stats": {"hp": 321, "atk": 232, "def": 175, "spa": 232, "spd": 180, "spe": 163}, "types": ["Normal", "Psychic"]}, "Cryogonal": {"name": "Cryogonal", "species": "Cryogonal", "speciesId": "cryogonal", "gender": "N", "shiny": false, "level": 89, "moves": ["icebeam", "terablast", "rapidspin", "recover"], "ability": "Levitate", "evs": {"hp": 85, "atk": 85, "def": 85, "spa": 85, "spd": 85, "spe": 85}, "ivs": {"hp": 31, "atk": 31, "def": 31, "spa": 31, "spd": 31, "spe": 31}, "item": "Heavy-Duty Boots", "teraType": "Electric", "role": "Tera Blast user", "bvs": {"hp": 80, "atk": 50, "def": 50, "spa": 95, "spd": 135, "spe": 105}, "stats": {"hp": 287, "atk": 140, "def": 140, "spa": 220, "spd": 291, "spe": 238}, "types": ["Ice"]}, "Luvdisc": {"name": "Luvdisc", "species": "Luvdisc", "speciesId": "luvdisc", "gender": "F", "shiny": false, "level": 100, "moves": ["surf", "substitute", "whirlpool", "endeavor"], "ability": "Swift Swim", "evs": {"hp": 81, "atk": 0, "def": 85, "spa": 85, "spd": 85, "spe": 85}, "ivs": {"hp": 31, "atk": 0, "def": 31, "spa": 31, "spd": 31, "spe": 31}, "item": "Heavy-Duty Boots", "teraType": "Ground", "role": "Fast Support", "bvs": {"hp": 43, "atk": 30, "def": 55, "spa": 40, "spd": 65, "spe": 97}, "stats": {"hp": 247, "atk": 65, "def": 167, "spa": 137, "spd": 187, "spe": 251}, "types": ["Water"]}, "Dragalge": {"name": "Dragalge", "species": "Dragalge", "speciesId": "dragalge", "gender": "F", "shiny": false, "level": 88, "moves": ["toxicspikes", "dracometeor", "focusblast", "sludgewave"], "ability": "Adaptability", "evs": {"hp": 85, "atk": 0, "def": 85, "spa": 85, "spd": 85, "spe": 85}, "ivs": {"hp": 31, "atk": 0, "def": 31, "spa": 31, "spd": 31, "spe": 31}, "item": "Leftovers", "teraType": "Fighting", "role": "Bulky Attacker", "bvs": {"hp": 65, "atk": 75, "def": 90, "spa": 97, "spd": 123, "spe": 44}, "stats": {"hp": 258, "atk": 137, "def": 209, "spa": 221, "spd": 267, "spe": 128}, "types": ["Poison", "Dragon"]}}, {"Munkidori": {"name": "Munkidori", "species": "Munkidori", "speciesId": "munkidori", "gender": "M", "shiny": false, "level": 79, "moves": ["psychicnoise", "sludgewave", "uturn", "fakeout"], "ability": "Toxic Chain", "evs": {"hp": 85, "atk": 85, "def": 85, "spa": 85, "spd": 85, "spe": 85}, "ivs": {"hp": 31, "atk": 31, "def": 31, "spa": 31, "spd": 31, "spe": 31}, "item": "Assault Vest", "teraType": "Dark", "role": "AV Pivot", "bvs": {"hp": 88, "atk": 75, "def": 66, "spa": 130, "spd": 90, "spe": 106}, "stats": {"hp": 269, "atk": 164, "def": 150, "spa": 251, "spd": 188, "spe": 213}, "types": ["Poison", "Psychic"]}, "Bombirdier": {"name": "Bombirdier", "species": "Bombirdier", "speciesId": "bombirdier", "gender": "M", "shiny": false, "level": 85, "moves": ["bravebird", "uturn", "roost", "knockoff"], "ability": "Big Pecks", "evs": {"hp": 85, "atk": 85, "def": 85, "spa": 85, "spd": 85, "spe": 85}, "ivs": {"hp": 31, "atk": 31, "def": 31, "spa": 31, "spd": 31, "spe": 31}, "item": "Heavy-Duty Boots", "teraType": "Steel", "role": "Bulky Support", "bvs": {"hp": 70, "atk": 103, "def": 85, "spa": 60, "spd": 85, "spe": 82}, "stats": {"hp": 258, "atk": 224, "def": 193, "spa": 151, "spd": 193, "spe": 188}, "types": ["Flying", "Dark"]}, "Wo-Chien": {"name": "Wo-Chien", "species": "Wo-Chien", "speciesId": "wochien", "gender": "N", "shiny": false, "level": 83, "moves": ["knockoff", "stunspore", "ruination", "gigadrain"], "ability": "Tablets of Ruin", "evs": {"hp": 85, "atk": 85, "def": 85, "spa": 85, "spd": 85, "spe": 85}, "ivs": {"hp": 31, "atk": 31, "def": 31, "spa": 31, "spd": 31, "spe": 31}, "item": "Leftovers", "teraType": "Poison", "role": "Bulky Support", "bvs": {"hp": 85, "atk": 85, "def": 100, "spa": 95, "spd": 135, "spe": 70}, "stats": {"hp": 277, "atk": 189, "def": 214, "spa": 205, "spd": 272, "spe": 164}, "types": ["Dark", "Grass"]}, "Sylveon": {"name": "Sylveon", "species": "Sylveon", "speciesId": "sylveon", "gender": "M", "shiny": false, "level": 85, "moves": ["calmmind", "wish", "protect", "hypervoice"], "ability": "Pixilate", "evs": {"hp": 85, "atk": 0, "def": 85, "spa": 85, "spd": 85, "spe": 85}, "ivs": {"hp": 31, "atk": 0, "def": 31, "spa": 31, "spd": 31, "spe": 31}, "item": "Leftovers", "teraType": "Steel", "role": "Bulky Setup", "bvs": {"hp": 95, "atk": 65, "def": 65, "spa": 110, "spd": 130, "spe": 60}, "stats": {"hp": 300, "atk": 115, "def": 159, "spa": 236, "spd": 270, "spe": 151}, "types": ["Fairy"]}, "Gholdengo": {"name": "Gholdengo", "species": "Gholdengo", "speciesId": "gholdengo", "gender": "N", "shiny": false, "level": 77, "moves": ["recover", "makeitrain", "shadowball", "nastyplot"], "ability": "Good as Gold", "evs": {"hp": 85, "atk": 0, "def": 85, "spa": 85, "spd": 85, "spe": 85}, "ivs": {"hp": 31, "atk": 0, "def": 31, "spa": 31, "spd": 31, "spe": 31}, "item": "Leftovers", "teraType": "Water", "role": "Bulky Support", "bvs": {"hp": 87, "atk": 60, "def": 95, "spa": 133, "spd": 91, "spe": 84}, "stats": {"hp": 261, "atk": 97, "def": 191, "spa": 249, "spd": 185, "spe": 174}, "types": ["Steel", "Ghost"]}, "Moltres": {"name": "Moltres", "species": "Moltres", "speciesId": "moltres", "gender": "N", "shiny": false, "level": 81, "moves": ["fireblast", "bravebird", "roost", "scorchingsands"], "ability": "Flame Body", "evs": {"hp": 85, "atk": 85, "def": 85, "spa": 85, "spd": 85, "spe": 85}, "ivs": {"hp": 31, "atk": 31, "def": 31, "spa": 31, "spd": 31, "spe": 31}, "item": "Heavy-Duty Boots", "teraType": "Dragon", "role": "Bulky Attacker", "bvs": {"hp": 90, "atk": 100, "def": 90, "spa": 125, "spd": 85, "spe": 90}, "stats": {"hp": 278, "atk": 209, "def": 192, "spa": 249, "spd": 184, "spe": 192}, "types": ["Fire", "Flying"]}}]}