{"id": "gen9randombattle-2631864569", "format": "[Gen 9] Random Battle", "players": ["Lord Stantler", "psongla"], "log": "|j|\u2606Lord Stantler\n|j|\u2606psongla\n|t:|1781449641\n|gametype|singles\n|player|p1|Lord Stantler|169|1966\n|player|p2|psongla|2|1908\n|gen|9\n|tier|[Gen 9] Random Battle\n|rated|\n|rule|Species Clause: Limit one of each Pok\u00e9mon\n|rule|HP Percentage Mod: HP is shown in percentages\n|rule|Sleep Clause Mod: Limit one foe put to sleep\n|rule|Illusion Level Mod: Illusion disguises the Pok\u00e9mon's true level\n|\n|t:|1781449641\n|teamsize|p1|6\n|teamsize|p2|6\n|start\n|switch|p1a: Iron Bundle|Iron Bundle, L78|215/215\n|switch|p2a: Virizion|Virizion, L82|283/283\n|turn|1\n|inactive|Battle timer is ON: inactive players will automatically lose when time's up. (requested by Lord Stantler)\n|\n|t:|1781449669\n|move|p1a: Iron Bundle|Ice Beam|p2a: Virizion\n|-supereffective|p2a: Virizion\n|-damage|p2a: Virizion|65/283\n|move|p2a: Virizion|Close Combat|p1a: Iron Bundle\n|-supereffective|p1a: Iron Bundle\n|-damage|p1a: Iron Bundle|0 fnt\n|-unboost|p2a: Virizion|def|1\n|-unboost|p2a: Virizion|spd|1\n|faint|p1a: Iron Bundle\n|-end|p1a: Iron Bundle|Quark Drive|[silent]\n|-damage|p2a: Virizion|37/283|[from] item: Life Orb\n|\n|upkeep\n|\n|t:|1781449682\n|switch|p1a: Espathra|Espathra, L80, M|283/283\n|turn|2\n|\n|t:|1781449695\n|switch|p2a: Kingambit|Kingambit, L74, M|270/270\n|move|p1a: Espathra|U-turn|p2a: Kingambit\n|-damage|p2a: Kingambit|239/270\n|\n|t:|1781449698\n|switch|p1a: Rhyperior|Rhyperior, L82, M|323/323|[from] U-turn\n|\n|-heal|p2a: Kingambit|255/270|[from] item: Leftovers\n|upkeep\n|turn|3\n|\n|t:|1781449707\n|-end|p2a: Kingambit|fallenundefined|[silent]\n|switch|p2a: Whimsicott|Whimsicott, L84, M|238/238\n|move|p1a: Rhyperior|Earthquake|p2a: Whimsicott\n|-resisted|p2a: Whimsicott\n|-crit|p2a: Whimsicott\n|-damage|p2a: Whimsicott|128/238\n|\n|upkeep\n|turn|4\n|\n|t:|1781449724\n|switch|p1a: Espathra|Espathra, L80, M|283/283\n|move|p2a: Whimsicott|U-turn|p1a: Espathra\n|-supereffective|p1a: Espathra\n|-damage|p1a: Espathra|173/283\n|\n|t:|1781449733\n|switch|p2a: Kingambit|Kingambit, L74, M|255/270|[from] U-turn\n|\n|-heal|p2a: Kingambit|270/270|[from] item: Leftovers\n|upkeep\n|turn|5\n|\n|t:|1781449751\n|switch|p1a: Primarina|Primarina, L83, F|268/268\n|move|p2a: Kingambit|Kowtow Cleave|p1a: Primarina\n|-resisted|p1a: Primarina\n|-damage|p1a: Primarina|217/268\n|\n|-heal|p1a: Primarina|233/268|[from] item: Leftovers\n|upkeep\n|turn|6\n|\n|t:|1781449764\n|-end|p2a: Kingambit|fallenundefined|[silent]\n|switch|p2a: Whimsicott|Whimsicott, L84, M|128/238\n|move|p1a: Primarina|Psychic Noise|p2a: Whimsicott\n|-resisted|p2a: Whimsicott\n|-damage|p2a: Whimsicott|70/238\n|-start|p2a: Whimsicott|move: Heal Block\n|\n|-heal|p1a: Primarina|249/268|[from] item: Leftovers\n|upkeep\n|turn|7\n|inactive|psongla has 120 seconds left.\n|\n|t:|1781449796\n|move|p2a: Whimsicott|Stun Spore|p1a: Primarina\n|-status|p1a: Primarina|par\n|move|p1a: Primarina|Moonblast|p2a: Whimsicott\n|-damage|p2a: Whimsicott|0 fnt\n|faint|p2a: Whimsicott\n|\n|-heal|p1a: Primarina|265/268 par|[from] item: Leftovers\n|upkeep\n|\n|t:|1781449807\n|switch|p2a: Virizion|Virizion, L82|37/283\n|turn|8\n|\n|t:|1781449811\n|move|p2a: Virizion|Leaf Blade|p1a: Primarina\n|-supereffective|p1a: Primarina\n|-damage|p1a: Primarina|0 fnt\n|faint|p1a: Primarina\n|-damage|p2a: Virizion|9/283|[from] item: Life Orb\n|\n|upkeep\n|\n|t:|1781449818\n|switch|p1a: Squawkabilly|Squawkabilly-White, L89, M|291/291\n|turn|9\n|\n|t:|1781449823\n|switch|p2a: Banette|Banette, L93, F|270/270\n|move|p1a: Squawkabilly|Quick Attack|p2a: Banette\n|-immune|p2a: Banette\n|\n|upkeep\n|turn|10\n|\n|t:|1781449836\n|move|p1a: Squawkabilly|Parting Shot|p2a: Banette\n|-unboost|p2a: Banette|atk|1\n|-unboost|p2a: Banette|spa|1\n|\n|t:|1781449839\n|switch|p1a: Rhyperior|Rhyperior, L82, M|323/323|[from] Parting Shot\n|move|p2a: Banette|Swords Dance|p2a: Banette\n|-boost|p2a: Banette|atk|2\n|\n|upkeep\n|turn|11\n|\n|t:|1781449847\n|move|p2a: Banette|Poltergeist|p1a: Rhyperior\n|-activate|p1a: Rhyperior|move: Poltergeist|Assault Vest\n|-damage|p1a: Rhyperior|99/323\n|-damage|p2a: Banette|243/270|[from] item: Life Orb\n|move|p1a: Rhyperior|Dragon Tail|p2a: Banette|[miss]\n|-miss|p1a: Rhyperior|p2a: Banette\n|\n|upkeep\n|turn|12\n|\n|t:|1781449855\n|switch|p1a: Squawkabilly|Squawkabilly-White, L89, M|291/291\n|move|p2a: Banette|Poltergeist|p1a: Squawkabilly\n|-immune|p1a: Squawkabilly\n|\n|upkeep\n|turn|13\n|\n|t:|1781449866\n|switch|p2a: Kingambit|Kingambit, L74, M|270/270\n|-activate|p2a: Kingambit|ability: Supreme Overlord\n|-start|p2a: Kingambit|fallen1|[silent]\n|move|p1a: Squawkabilly|Foul Play|p2a: Kingambit|[miss]\n|-miss|p1a: Squawkabilly|p2a: Kingambit\n|\n|upkeep\n|turn|14\n|\n|t:|1781449876\n|move|p1a: Squawkabilly|Parting Shot|p2a: Kingambit\n|-unboost|p2a: Kingambit|atk|1\n|-unboost|p2a: Kingambit|spa|1\n|\n|t:|1781449879\n|switch|p1a: Rhyperior|Rhyperior, L82, M|99/323|[from] Parting Shot\n|move|p2a: Kingambit|Kowtow Cleave|p1a: Rhyperior\n|-damage|p1a: Rhyperior|48/323\n|\n|upkeep\n|turn|15\n|\n|t:|1781449890\n|move|p2a: Kingambit|Iron Head|p1a: Rhyperior\n|-supereffective|p1a: Rhyperior\n|-damage|p1a: Rhyperior|0 fnt\n|faint|p1a: Rhyperior\n|\n|upkeep\n|\n|t:|1781449894\n|switch|p1a: Reuniclus|Reuniclus, L88, F|337/337\n|turn|16\n|\n|t:|1781449907\n|-end|p2a: Kingambit|fallen1|[silent]\n|switch|p2a: Gouging Fire|Gouging Fire, L74|277/277\n|-terastallize|p1a: Reuniclus|Fighting\n|move|p1a: Reuniclus|Calm Mind|p1a: Reuniclus\n|-boost|p1a: Reuniclus|spa|1\n|-boost|p1a: Reuniclus|spd|1\n|\n|upkeep\n|turn|17\n|\n|t:|1781449920\n|move|p2a: Gouging Fire|Outrage|p1a: Reuniclus\n|-damage|p1a: Reuniclus|220/337\n|move|p1a: Reuniclus|Psyshock|p2a: Gouging Fire\n|-damage|p2a: Gouging Fire|69/277\n|\n|upkeep\n|turn|18\n|\n|t:|1781449924\n|move|p2a: Gouging Fire|Outrage|p1a: Reuniclus|[from] lockedmove\n|-damage|p1a: Reuniclus|97/337\n|-start|p2a: Gouging Fire|confusion|[fatigue]\n|move|p1a: Reuniclus|Recover|p1a: Reuniclus\n|-heal|p1a: Reuniclus|266/337\n|\n|upkeep\n|turn|19\n|\n|t:|1781449937\n|-activate|p2a: Gouging Fire|confusion\n|-damage|p2a: Gouging Fire|48/277|[from] confusion\n|move|p1a: Reuniclus|Psyshock|p2a: Gouging Fire\n|-damage|p2a: Gouging Fire|0 fnt\n|faint|p2a: Gouging Fire\n|-end|p2a: Gouging Fire|Protosynthesis|[silent]\n|\n|upkeep\n|\n|t:|1781449959\n|switch|p2a: Virizion|Virizion, L82|9/283\n|turn|20\n|\n|t:|1781449967\n|move|p2a: Virizion|Swords Dance|p2a: Virizion\n|-boost|p2a: Virizion|atk|2\n|move|p1a: Reuniclus|Recover|p1a: Reuniclus\n|-heal|p1a: Reuniclus|337/337\n|\n|upkeep\n|turn|21\n|\n|t:|1781449971\n|switch|p1a: Espathra|Espathra, L80, M|173/283\n|move|p2a: Virizion|Close Combat|p1a: Espathra\n|-resisted|p1a: Espathra\n|-damage|p1a: Espathra|0 fnt\n|-unboost|p2a: Virizion|def|1\n|-unboost|p2a: Virizion|spd|1\n|faint|p1a: Espathra\n|-damage|p2a: Virizion|0 fnt|[from] item: Life Orb\n|faint|p2a: Virizion\n|\n|upkeep\n|\n|t:|1781449983\n|switch|p2a: Banette|Banette, L93, F|243/270\n|switch|p1a: Squawkabilly|Squawkabilly-White, L89, M|291/291\n|turn|22\n|\n|t:|1781450001\n|switch|p2a: Kingambit|Kingambit, L74, M|270/270\n|-activate|p2a: Kingambit|ability: Supreme Overlord\n|-start|p2a: Kingambit|fallen3|[silent]\n|move|p1a: Squawkabilly|Foul Play|p2a: Kingambit\n|-resisted|p2a: Kingambit\n|-damage|p2a: Kingambit|217/270\n|\n|-heal|p2a: Kingambit|233/270|[from] item: Leftovers\n|upkeep\n|turn|23\n|\n|t:|1781450015\n|move|p1a: Squawkabilly|Parting Shot|p2a: Kingambit\n|-unboost|p2a: Kingambit|atk|1\n|-unboost|p2a: Kingambit|spa|1\n|\n|t:|1781450016\n|switch|p1a: Reuniclus|Reuniclus, L88, F, tera:Fighting|337/337|[from] Parting Shot\n|move|p2a: Kingambit|Swords Dance|p2a: Kingambit\n|-boost|p2a: Kingambit|atk|2\n|\n|-heal|p2a: Kingambit|249/270|[from] item: Leftovers\n|upkeep\n|turn|24\n|\n|t:|1781450046\n|-terastallize|p2a: Kingambit|Flying\n|move|p2a: Kingambit|Iron Head|p1a: Reuniclus\n|-damage|p1a: Reuniclus|168/337\n|cant|p1a: Reuniclus|flinch\n|\n|-heal|p2a: Kingambit|265/270|[from] item: Leftovers\n|upkeep\n|turn|25\n|\n|t:|1781450055\n|move|p2a: Kingambit|Iron Head|p1a: Reuniclus\n|-damage|p1a: Reuniclus|0 fnt\n|faint|p1a: Reuniclus\n|\n|-heal|p2a: Kingambit|270/270|[from] item: Leftovers\n|upkeep\n|\n|t:|1781450062\n|switch|p1a: Squawkabilly|Squawkabilly-White, L89, M|291/291\n|turn|26\n|\n|t:|1781450071\n|move|p1a: Squawkabilly|Foul Play|p2a: Kingambit\n|-damage|p2a: Kingambit|116/270\n|move|p2a: Kingambit|Kowtow Cleave|p1a: Squawkabilly\n|-damage|p1a: Squawkabilly|41/291\n|\n|-heal|p2a: Kingambit|132/270|[from] item: Leftovers\n|upkeep\n|turn|27\n|\n|t:|1781450079\n|move|p1a: Squawkabilly|Quick Attack|p2a: Kingambit\n|-damage|p2a: Kingambit|68/270\n|move|p2a: Kingambit|Sucker Punch||[still]\n|-fail|p2a: Kingambit\n|\n|-heal|p2a: Kingambit|84/270|[from] item: Leftovers\n|upkeep\n|turn|28\n|\n|t:|1781450086\n|move|p1a: Squawkabilly|Foul Play|p2a: Kingambit\n|-damage|p2a: Kingambit|0 fnt\n|faint|p2a: Kingambit\n|-end|p2a: Kingambit|fallen3|[silent]\n|\n|upkeep\n|\n|t:|1781450089\n|switch|p2a: Pyroar|Pyroar, L88, M|295/295\n|-ability|p2a: Pyroar|Unnerve\n|turn|29\n|\n|t:|1781450095\n|move|p1a: Squawkabilly|Quick Attack|p2a: Pyroar\n|-damage|p2a: Pyroar|219/295\n|move|p2a: Pyroar|Hyper Voice|p1a: Squawkabilly\n|-damage|p1a: Squawkabilly|0 fnt\n|faint|p1a: Squawkabilly\n|\n|win|psongla\n", "inputlog": ">version a8376a258c1d4662feba110a92103f3664a72141\n>start {\"formatid\":\"gen9randombattle\",\"seed\":\"sodium,b5f0d54aa1567b26b07aaa2786d1b1fe\",\"rated\":\"Rated battle\"}\n>player p1 {\"name\":\"Lord Stantler\",\"avatar\":\"169\",\"rating\":1966,\"seed\":\"sodium,d16b6bf72e0df83148b4cd125edd555c\"}\n>player p2 {\"name\":\"psongla\",\"avatar\":\"2\",\"rating\":1908,\"seed\":\"sodium,aecf403581a7c8913d920efe6c27f4c7\"}\n>p1 move icebeam\n>p2 move closecombat\n>p1 switch 5\n>p1 move uturn\n>p2 switch 5\n>p1 switch 6\n>p1 move earthquake\n>p2 switch 3\n>p1 switch 6\n>p2 move uturn\n>p2 switch 3\n>p1 switch 3\n>p2 move kowtowcleave\n>p1 move psychicnoise\n>p2 switch 3\n>p1 move moonblast\n>p2 move stunspore\n>p2 switch 5\n>p1 move drainingkiss\n>p2 move leafblade\n>p1 switch 2\n>p1 move quickattack\n>p2 switch 4\n>p1 move partingshot\n>p2 move swordsdance\n>p1 switch 6\n>p1 move dragontail\n>p2 move poltergeist\n>p1 switch 6\n>p2 move poltergeist\n>p1 move foulplay\n>p2 switch 3\n>p1 move partingshot\n>p2 move kowtowcleave\n>p1 switch 6\n>p1 move earthquake\n>p2 move ironhead\n>p1 switch 4\n>p1 move calmmind terastallize\n>p2 switch 2\n>p1 move psyshock\n>p2 move outrage\n>p1 move recover\n>p2 move outrage\n>p1 move psyshock\n>p2 move dragondance\n>p2 switch 4\n>p1 move recover\n>p2 move swordsdance\n>p1 switch 3\n>p2 move closecombat\n>p1 switch 6\n>p2 switch 3\n>p1 move foulplay\n>p2 switch 2\n>p1 move partingshot\n>p2 move swordsdance\n>p1 switch 3\n>p1 move focusblast\n>p2 move ironhead terastallize\n>p1 move psyshock\n>p2 move ironhead\n>p1 switch 3\n>p1 move foulplay\n>p2 move kowtowcleave\n>p1 move quickattack\n>p2 move suckerpunch\n>p1 move foulplay\n>p2 move kowtowcleave\n>p2 switch 6\n>p1 move quickattack\n>p2 move hypervoice", "uploadtime": 1781449643, "views": 5, "formatid": "gen9randombattle", "rating": null, "private": 0, "password": null, "player_dets": [{"name": "Lord Stantler", "avatar": "169", "rating": 1966, "seed": "sodium,d16b6bf72e0df83148b4cd125edd555c"}, {"name": "psongla", "avatar": "2", "rating": 1908, "seed": "sodium,aecf403581a7c8913d920efe6c27f4c7"}], "teams_full": [{"Iron Bundle": {"name": "Iron Bundle", "species": "Iron Bundle", "speciesId": "ironbundle", "gender": "N", "shiny": false, "level": 78, "moves": ["freezedry", "icebeam", "flipturn", "hydropump"], "ability": "Quark Drive", "evs": {"hp": 85, "atk": 85, "def": 85, "spa": 85, "spd": 85, "spe": 85}, "ivs": {"hp": 31, "atk": 31, "def": 31, "spa": 31, "spd": 31, "spe": 31}, "item": "Choice Specs", "teraType": "Water", "role": "Fast Attacker", "bvs": {"hp": 56, "atk": 80, "def": 114, "spa": 124, "spd": 60, "spe": 136}, "stats": {"hp": 215, "atk": 170, "def": 223, "spa": 239, "spd": 139, "spe": 257}, "types": ["Ice", "Water"]}, "Squawkabilly": {"name": "Squawkabilly", "species": "Squawkabilly-White", "speciesId": "squawkabillywhite", "gender": "M", "shiny": false, "level": 89, "moves": ["quickattack", "partingshot", "foulplay", "bravebird"], "ability": "Hustle", "evs": {"hp": 85, "atk": 85, "def": 85, "spa": 85, "spd": 85, "spe": 85}, "ivs": {"hp": 31, "atk": 31, "def": 31, "spa": 31, "spd": 31, "spe": 31}, "item": "Heavy-Duty Boots", "teraType": "Flying", "role": "Wallbreaker", "bvs": {"hp": 82, "atk": 96, "def": 51, "spa": 45, "spd": 51, "spe": 92}, "stats": {"hp": 291, "atk": 222, "def": 142, "spa": 131, "spd": 142, "spe": 215}, "types": ["Normal", "Flying"]}, "Primarina": {"name": "Primarina", "species": "Primarina", "speciesId": "primarina", "gender": "F", "shiny": false, "level": 83, "moves": ["moonblast", "calmmind", "drainingkiss", "psychicnoise"], "ability": "Liquid Voice", "evs": {"hp": 85, "atk": 0, "def": 85, "spa": 85, "spd": 85, "spe": 85}, "ivs": {"hp": 31, "atk": 0, "def": 31, "spa": 31, "spd": 31, "spe": 31}, "item": "Leftovers", "teraType": "Steel", "role": "Bulky Setup", "bvs": {"hp": 80, "atk": 74, "def": 74, "spa": 126, "spd": 116, "spe": 60}, "stats": {"hp": 268, "atk": 127, "def": 171, "spa": 257, "spd": 240, "spe": 147}, "types": ["Water", "Fairy"]}, "Reuniclus": {"name": "Reuniclus", "species": "Reuniclus", "speciesId": "reuniclus", "gender": "F", "shiny": false, "level": 88, "moves": ["calmmind", "recover", "focusblast", "psyshock"], "ability": "Magic Guard", "evs": {"hp": 85, "atk": 0, "def": 85, "spa": 85, "spd": 85, "spe": 85}, "ivs": {"hp": 31, "atk": 0, "def": 31, "spa": 31, "spd": 31, "spe": 31}, "item": "Life Orb", "teraType": "Fighting", "role": "Bulky Setup", "bvs": {"hp": 110, "atk": 65, "def": 75, "spa": 125, "spd": 85, "spe": 30}, "stats": {"hp": 337, "atk": 119, "def": 182, "spa": 270, "spd": 200, "spe": 103}, "types": ["Psychic"]}, "Espathra": {"name": "Espathra", "species": "Espathra", "speciesId": "espathra", "gender": "M", "shiny": false, "level": 80, "moves": ["luminacrash", "dazzlinggleam", "shadowball", "uturn"], "ability": "Speed Boost", "evs": {"hp": 85, "atk": 85, "def": 85, "spa": 85, "spd": 85, "spe": 85}, "ivs": {"hp": 31, "atk": 31, "def": 31, "spa": 31, "spd": 31, "spe": 31}, "item": "Choice Specs", "teraType": "Psychic", "role": "Wallbreaker", "bvs": {"hp": 95, "atk": 60, "def": 60, "spa": 101, "spd": 60, "spe": 105}, "stats": {"hp": 283, "atk": 142, "def": 142, "spa": 208, "spd": 142, "spe": 214}, "types": ["Psychic"]}, "Rhyperior": {"name": "Rhyperior", "species": "Rhyperior", "speciesId": "rhyperior", "gender": "M", "shiny": false, "level": 82, "moves": ["megahorn", "stoneedge", "dragontail", "earthquake"], "ability": "Solid Rock", "evs": {"hp": 85, "atk": 85, "def": 85, "spa": 85, "spd": 85, "spe": 85}, "ivs": {"hp": 31, "atk": 31, "def": 31, "spa": 31, "spd": 31, "spe": 31}, "item": "Assault Vest", "teraType": "Steel", "role": "Bulky Attacker", "bvs": {"hp": 115, "atk": 140, "def": 130, "spa": 55, "spd": 55, "spe": 40}, "stats": {"hp": 323, "atk": 277, "def": 260, "spa": 137, "spd": 137, "spe": 113}, "types": ["Ground", "Rock"]}}, {"Virizion": {"name": "Virizion", "species": "Virizion", "speciesId": "virizion", "gender": "N", "shiny": false, "level": 82, "moves": ["stoneedge", "leafblade", "closecombat", "swordsdance"], "ability": "Justified", "evs": {"hp": 85, "atk": 85, "def": 85, "spa": 85, "spd": 85, "spe": 85}, "ivs": {"hp": 31, "atk": 31, "def": 31, "spa": 31, "spd": 31, "spe": 31}, "item": "Life Orb", "teraType": "Rock", "role": "Setup Sweeper", "bvs": {"hp": 91, "atk": 90, "def": 72, "spa": 90, "spd": 129, "spe": 108}, "stats": {"hp": 283, "atk": 195, "def": 165, "spa": 195, "spd": 259, "spe": 224}, "types": ["Grass", "Fighting"]}, "Gouging Fire": {"name": "Gouging Fire", "species": "Gouging Fire", "speciesId": "gougingfire", "gender": "N", "shiny": false, "level": 74, "moves": ["heatcrash", "outrage", "morningsun", "dragondance"], "ability": "Protosynthesis", "evs": {"hp": 85, "atk": 85, "def": 85, "spa": 85, "spd": 85, "spe": 85}, "ivs": {"hp": 31, "atk": 31, "def": 31, "spa": 31, "spd": 31, "spe": 31}, "item": "Heavy-Duty Boots", "teraType": "Fairy", "role": "Bulky Setup", "bvs": {"hp": 105, "atk": 115, "def": 121, "spa": 65, "spd": 93, "spe": 91}, "stats": {"hp": 277, "atk": 213, "def": 222, "spa": 139, "spd": 181, "spe": 178}, "types": ["Fire", "Dragon"]}, "Whimsicott": {"name": "Whimsicott", "species": "Whimsicott", "speciesId": "whimsicott", "gender": "M", "shiny": false, "level": 84, "moves": ["uturn", "encore", "stunspore", "moonblast"], "ability": "Prankster", "evs": {"hp": 85, "atk": 85, "def": 85, "spa": 85, "spd": 85, "spe": 85}, "ivs": {"hp": 31, "atk": 31, "def": 31, "spa": 31, "spd": 31, "spe": 31}, "item": "Heavy-Duty Boots", "teraType": "Steel", "role": "Fast Support", "bvs": {"hp": 60, "atk": 67, "def": 85, "spa": 77, "spd": 75, "spe": 116}, "stats": {"hp": 238, "atk": 161, "def": 191, "spa": 178, "spd": 174, "spe": 243}, "types": ["Grass", "Fairy"]}, "Banette": {"name": "Banette", "species": "Banette", "speciesId": "banette", "gender": "F", "shiny": false, "level": 93, "moves": ["poltergeist", "swordsdance", "gunkshot", "shadowsneak"], "ability": "Cursed Body", "evs": {"hp": 85, "atk": 85, "def": 85, "spa": 85, "spd": 85, "spe": 85}, "ivs": {"hp": 31, "atk": 31, "def": 31, "spa": 31, "spd": 31, "spe": 31}, "item": "Life Orb", "teraType": "Poison", "role": "Wallbreaker", "bvs": {"hp": 64, "atk": 115, "def": 65, "spa": 83, "spd": 63, "spe": 65}, "stats": {"hp": 270, "atk": 267, "def": 174, "spa": 207, "spd": 170, "spe": 174}, "types": ["Ghost"]}, "Kingambit": {"name": "Kingambit", "species": "Kingambit", "speciesId": "kingambit", "gender": "M", "shiny": false, "level": 74, "moves": ["kowtowcleave", "ironhead", "suckerpunch", "swordsdance"], "ability": "Supreme Overlord", "evs": {"hp": 85, "atk": 85, "def": 85, "spa": 85, "spd": 85, "spe": 85}, "ivs": {"hp": 31, "atk": 31, "def": 31, "spa": 31, "spd": 31, "spe": 31}, "item": "Leftovers", "teraType": "Flying", "role": "Bulky Attacker", "bvs": {"hp": 100, "atk": 135, "def": 120, "spa": 60, "spd": 85, "spe": 50}, "stats": {"hp": 270, "atk": 243, "def": 221, "spa": 132, "spd": 169, "spe": 117}, "types": ["Dark", "Steel"]}, "Pyroar": {"name": "Pyroar", "species": "Pyroar", "speciesId": "pyroar", "gender": "M", "shiny": false, "level": 88, "moves": ["darkpulse", "fireblast", "hypervoice", "workup"], "ability": "Unnerve", "evs": {"hp": 85, "atk": 0, "def": 85, "spa": 85, "spd": 85, "spe": 85}, "ivs": {"hp": 31, "atk": 0, "def": 31, "spa": 31, "spd": 31, "spe": 31}, "item": "Heavy-Duty Boots", "teraType": "Fire", "role": "Fast Attacker", "bvs": {"hp": 86, "atk": 68, "def": 72, "spa": 109, "spd": 66, "spe": 106}, "stats": {"hp": 295, "atk": 124, "def": 177, "spa": 242, "spd": 166, "spe": 237}, "types": ["Fire", "Normal"]}}]}