{"id": "gen9randombattle-2631920113", "format": "[Gen 9] Random Battle", "players": ["JaviC04", "Rambie Drascal"], "log": "|j|\u2606JaviC04\n|j|\u2606Rambie Drascal\n|t:|1781455708\n|gametype|singles\n|player|p1|JaviC04|artist|2060\n|player|p2|Rambie Drascal|ninjaboy|2092\n|gen|9\n|tier|[Gen 9] Random Battle\n|rated|\n|rule|Species Clause: Limit one of each Pok\u00e9mon\n|rule|HP Percentage Mod: HP is shown in percentages\n|rule|Sleep Clause Mod: Limit one foe put to sleep\n|rule|Illusion Level Mod: Illusion disguises the Pok\u00e9mon's true level\n|\n|t:|1781455708\n|teamsize|p1|6\n|teamsize|p2|6\n|start\n|switch|p1a: Incineroar|Incineroar, L82, F|290/290\n|switch|p2a: Palafin|Palafin, L77, M|281/281\n|-ability|p1a: Incineroar|Intimidate|boost\n|-unboost|p2a: Palafin|atk|1\n|turn|1\n|inactive|Battle timer is ON: inactive players will automatically lose when time's up. (requested by Rambie Drascal)\n|inactive|JaviC04 also wants the timer to be on.\n|\n|t:|1781455728\n|move|p2a: Palafin|Flip Turn|p1a: Incineroar\n|-supereffective|p1a: Incineroar\n|-damage|p1a: Incineroar|200/290\n|\n|t:|1781455733\n|detailschange|p2a: Palafin|Palafin-Hero, L77, M\n|switch|p2a: Malamar|Malamar, L82, M|275/275|[from] Flip Turn\n|move|p1a: Incineroar|Knock Off|p2a: Malamar\n|-damage|p2a: Malamar|167/275\n|-enditem|p2a: Malamar|Chesto Berry|[from] move: Knock Off|[of] p1a: Incineroar\n|\n|upkeep\n|turn|2\n|inactive|JaviC04 has 120 seconds left.\n|inactive|JaviC04 has 90 seconds left.\n|l|\u2606JaviC04\n|inactive|JaviC04 disconnected and has a minute to reconnect!\n|player|p1|\n|inactive|JaviC04 has 30 seconds to reconnect!\n|inactive|JaviC04 has 20 seconds to reconnect!\n|inactive|JaviC04 has 15 seconds to reconnect!\n|inactive|JaviC04 has 10 seconds to reconnect!\n|inactive|JaviC04 has 5 seconds to reconnect!\n|-message|JaviC04 lost due to inactivity.\n|\n|win|Rambie Drascal\n", "inputlog": ">version a8376a258c1d4662feba110a92103f3664a72141\n>start {\"formatid\":\"gen9randombattle\",\"seed\":\"sodium,ee5d76bb6c853ae63031315d6d10d6f6\",\"rated\":\"Rated battle\"}\n>player p1 {\"name\":\"JaviC04\",\"avatar\":\"artist\",\"rating\":2060,\"seed\":\"sodium,d1a1a31fe10720192004a38e3a284dc1\"}\n>player p2 {\"name\":\"Rambie Drascal\",\"avatar\":\"ninjaboy\",\"rating\":2092,\"seed\":\"sodium,fb85e486ea732cf212b85e4fd6e260c4\"}\n>p1 move knockoff\n>p2 move flipturn\n>p2 switch 5\n>forcelose p1", "uploadtime": 1781455709, "views": 7, "formatid": "gen9randombattle", "rating": null, "private": 0, "password": null}