{"id": "gen9randombattle-2631854198", "format": "[Gen 9] Random Battle", "players": ["goooze", "Crysys1"], "log": "|j|\u2606goooze\n|j|\u2606Crysys1\n|t:|1781448443\n|gametype|singles\n|player|p1|goooze|sage|2236\n|player|p2|Crysys1|265|2270\n|gen|9\n|tier|[Gen 9] Random Battle\n|rated|\n|rule|Species Clause: Limit one of each Pok\u00e9mon\n|rule|HP Percentage Mod: HP is shown in percentages\n|rule|Sleep Clause Mod: Limit one foe put to sleep\n|rule|Illusion Level Mod: Illusion disguises the Pok\u00e9mon's true level\n|\n|t:|1781448443\n|teamsize|p1|6\n|teamsize|p2|6\n|start\n|switch|p1a: Sneasler|Sneasler, L74, M|240/240\n|switch|p2a: Regice|Regice, L88|284/284\n|turn|1\n|inactive|Battle timer is ON: inactive players will automatically lose when time's up. (requested by goooze)\n|\n|t:|1781448458\n|switch|p2a: Drifblim|Drifblim, L86, M|396/396\n|move|p1a: Sneasler|Close Combat|p2a: Drifblim\n|-immune|p2a: Drifblim\n|\n|upkeep\n|turn|2\n|\n|t:|1781448467\n|switch|p1a: Heatran|Heatran, L79, F|273/273\n|-item|p1a: Heatran|Air Balloon\n|move|p2a: Drifblim|Air Slash|p1a: Heatran\n|-resisted|p1a: Heatran\n|-damage|p1a: Heatran|234/273\n|-enditem|p1a: Heatran|Air Balloon\n|\n|upkeep\n|turn|3\n|\n|t:|1781448475\n|move|p2a: Drifblim|Calm Mind|p2a: Drifblim\n|-boost|p2a: Drifblim|spa|1\n|-boost|p2a: Drifblim|spd|1\n|move|p1a: Heatran|Stealth Rock|p2a: Drifblim\n|-sidestart|p2: Crysys1|move: Stealth Rock\n|\n|upkeep\n|turn|4\n|\n|t:|1781448482\n|move|p2a: Drifblim|Calm Mind|p2a: Drifblim\n|-boost|p2a: Drifblim|spa|1\n|-boost|p2a: Drifblim|spd|1\n|move|p1a: Heatran|Magma Storm|p2a: Drifblim|[miss]\n|-miss|p1a: Heatran|p2a: Drifblim\n|\n|upkeep\n|turn|5\n|\n|t:|1781448489\n|move|p2a: Drifblim|Shadow Ball|p1a: Heatran\n|-damage|p1a: Heatran|89/273\n|move|p1a: Heatran|Magma Storm|p2a: Drifblim\n|-damage|p2a: Drifblim|311/396\n|-activate|p2a: Drifblim|move: Magma Storm|[of] p1a: Heatran\n|\n|-damage|p2a: Drifblim|262/396|[from] move: Magma Storm|[partiallytrapped]\n|upkeep\n|turn|6\n|\n|t:|1781448512\n|move|p2a: Drifblim|Strength Sap|p1a: Heatran\n|-unboost|p1a: Heatran|atk|1\n|-heal|p2a: Drifblim|396/396\n|move|p1a: Heatran|Heavy Slam|p2a: Drifblim\n|-crit|p2a: Drifblim\n|-damage|p2a: Drifblim|150/396\n|-enditem|p2a: Drifblim|Sitrus Berry|[eat]\n|-heal|p2a: Drifblim|249/396|[from] item: Sitrus Berry\n|\n|-damage|p2a: Drifblim|200/396|[from] move: Magma Storm|[partiallytrapped]\n|upkeep\n|turn|7\n|\n|t:|1781448524\n|move|p2a: Drifblim|Strength Sap|p1a: Heatran\n|-unboost|p1a: Heatran|atk|1\n|-heal|p2a: Drifblim|325/396\n|move|p1a: Heatran|Heavy Slam|p2a: Drifblim\n|-damage|p2a: Drifblim|241/396\n|\n|-damage|p2a: Drifblim|192/396|[from] move: Magma Storm|[partiallytrapped]\n|upkeep\n|turn|8\n|\n|t:|1781448540\n|move|p2a: Drifblim|Strength Sap|p1a: Heatran\n|-unboost|p1a: Heatran|atk|1\n|-heal|p2a: Drifblim|286/396\n|move|p1a: Heatran|Magma Storm|p2a: Drifblim\n|-damage|p2a: Drifblim|210/396\n|\n|-damage|p2a: Drifblim|161/396|[from] move: Magma Storm|[partiallytrapped]\n|upkeep\n|turn|9\n|\n|t:|1781448548\n|move|p2a: Drifblim|Shadow Ball|p1a: Heatran\n|-damage|p1a: Heatran|0 fnt\n|faint|p1a: Heatran\n|\n|-end|p2a: Drifblim|Magma Storm|[partiallytrapped]\n|upkeep\n|\n|t:|1781448567\n|switch|p1a: Torterra|Torterra, L78, F|276/276\n|turn|10\n|\n|t:|1781448583\n|-terastallize|p1a: Torterra|Ground\n|move|p2a: Drifblim|Strength Sap|p1a: Torterra\n|-unboost|p1a: Torterra|atk|1\n|-heal|p2a: Drifblim|376/396\n|move|p1a: Torterra|Rock Blast|p2a: Drifblim\n|-supereffective|p2a: Drifblim\n|-damage|p2a: Drifblim|338/396\n|-supereffective|p2a: Drifblim\n|-damage|p2a: Drifblim|300/396\n|-supereffective|p2a: Drifblim\n|-damage|p2a: Drifblim|266/396\n|-supereffective|p2a: Drifblim\n|-damage|p2a: Drifblim|228/396\n|-supereffective|p2a: Drifblim\n|-damage|p2a: Drifblim|192/396\n|-hitcount|p2a: Drifblim|5\n|\n|upkeep\n|turn|11\n|inactive|goooze has 120 seconds left.\n|\n|t:|1781448614\n|switch|p1a: Vileplume|Vileplume, L85, M|266/266\n|move|p2a: Drifblim|Strength Sap|p1a: Vileplume\n|-unboost|p1a: Vileplume|atk|1\n|-heal|p2a: Drifblim|333/396\n|\n|upkeep\n|turn|12\n|inactive|goooze has 120 seconds left.\n|\n|t:|1781448626\n|move|p2a: Drifblim|Air Slash|p1a: Vileplume\n|-supereffective|p1a: Vileplume\n|-damage|p1a: Vileplume|0 fnt\n|faint|p1a: Vileplume\n|\n|upkeep\n|\n|t:|1781448628\n|switch|p1a: Torterra|Torterra, L78, F, tera:Ground|276/276\n|turn|13\n|\n|t:|1781448643\n|move|p2a: Drifblim|Strength Sap|p1a: Torterra\n|-unboost|p1a: Torterra|atk|1\n|-heal|p2a: Drifblim|396/396\n|move|p1a: Torterra|Rock Blast|p2a: Drifblim\n|-supereffective|p2a: Drifblim\n|-damage|p2a: Drifblim|358/396\n|-supereffective|p2a: Drifblim\n|-damage|p2a: Drifblim|320/396\n|-supereffective|p2a: Drifblim\n|-damage|p2a: Drifblim|284/396\n|-supereffective|p2a: Drifblim\n|-crit|p2a: Drifblim\n|-damage|p2a: Drifblim|196/396\n|-hitcount|p2a: Drifblim|4\n|\n|upkeep\n|turn|14\n|inactive|goooze has 120 seconds left.\n|\n|t:|1781448664\n|move|p2a: Drifblim|Strength Sap|p1a: Torterra\n|-unboost|p1a: Torterra|atk|1\n|-heal|p2a: Drifblim|339/396\n|move|p1a: Torterra|Rock Blast|p2a: Drifblim\n|-supereffective|p2a: Drifblim\n|-damage|p2a: Drifblim|311/396\n|-supereffective|p2a: Drifblim\n|-damage|p2a: Drifblim|281/396\n|-supereffective|p2a: Drifblim\n|-damage|p2a: Drifblim|253/396\n|-supereffective|p2a: Drifblim\n|-damage|p2a: Drifblim|225/396\n|-hitcount|p2a: Drifblim|4\n|\n|upkeep\n|turn|15\n|inactive|goooze has 120 seconds left.\n|\n|t:|1781448675\n|switch|p1a: Magearna|Magearna, L77|250/250\n|move|p2a: Drifblim|Shadow Ball|p1a: Magearna\n|-damage|p1a: Magearna|97/250\n|\n|-heal|p1a: Magearna|112/250|[from] item: Leftovers\n|upkeep\n|turn|16\n|-message|goooze forfeited.\n|\n|win|Crysys1\n", "inputlog": ">version a8376a258c1d4662feba110a92103f3664a72141\n>start {\"formatid\":\"gen9randombattle\",\"seed\":\"sodium,292aacdf64660830ea26568803257c44\",\"rated\":\"Rated battle\"}\n>player p1 {\"name\":\"goooze\",\"avatar\":\"sage\",\"rating\":2236,\"seed\":\"sodium,5c89a8a8d3b69ab3106c4a31fa3c43fa\"}\n>player p2 {\"name\":\"Crysys1\",\"avatar\":\"265\",\"rating\":2270,\"seed\":\"sodium,c8e9ab6f227efa2c75d5804715c661c9\"}\n>p1 move closecombat\n>p2 switch 3\n>p1 switch 2\n>p2 move airslash\n>p1 move stealthrock\n>p2 move calmmind\n>p1 move magmastorm\n>p2 move calmmind\n>p1 move magmastorm\n>p2 move shadowball\n>p1 move heavyslam\n>p2 move strengthsap\n>p1 move heavyslam\n>p2 move strengthsap\n>p1 move magmastorm\n>p2 move strengthsap\n>p1 move magmastorm\n>p2 move shadowball\n>p1 switch 5\n>p1 move rockblast terastallize\n>p2 move strengthsap\n>p1 switch 6\n>p2 move strengthsap\n>p1 move leechseed\n>p2 move airslash\n>p1 switch 6\n>p1 move rockblast\n>p2 move strengthsap\n>p1 move rockblast\n>p2 move strengthsap\n>p1 switch 3\n>p2 move shadowball\n>forcelose p1", "uploadtime": 1781448445, "views": 5, "formatid": "gen9randombattle", "rating": null, "private": 0, "password": null, "player_dets": [{"name": "goooze", "avatar": "sage", "rating": 2236, "seed": "sodium,5c89a8a8d3b69ab3106c4a31fa3c43fa"}, {"name": "Crysys1", "avatar": "265", "rating": 2270, "seed": "sodium,c8e9ab6f227efa2c75d5804715c661c9"}], "teams_full": [{"Sneasler": {"name": "Sneasler", "species": "Sneasler", "speciesId": "sneasler", "gender": "M", "shiny": false, "level": 74, "moves": ["direclaw", "uturn", "throatchop", "closecombat"], "ability": "Poison Touch", "evs": {"hp": 85, "atk": 85, "def": 85, "spa": 85, "spd": 85, "spe": 85}, "ivs": {"hp": 31, "atk": 31, "def": 31, "spa": 31, "spd": 31, "spe": 31}, "item": "Choice Band", "teraType": "Dark", "role": "Fast Attacker", "bvs": {"hp": 80, "atk": 130, "def": 60, "spa": 40, "spd": 80, "spe": 120}, "stats": {"hp": 240, "atk": 235, "def": 132, "spa": 102, "spd": 161, "spe": 221}, "types": ["Fighting", "Poison"]}, "Heatran": {"name": "Heatran", "species": "Heatran", "speciesId": "heatran", "gender": "F", "shiny": false, "level": 79, "moves": ["magmastorm", "earthpower", "heavyslam", "stealthrock"], "ability": "Flash Fire", "evs": {"hp": 85, "atk": 85, "def": 85, "spa": 85, "spd": 85, "spe": 85}, "ivs": {"hp": 31, "atk": 31, "def": 31, "spa": 31, "spd": 31, "spe": 31}, "item": "Air Balloon", "teraType": "Flying", "role": "Bulky Support", "bvs": {"hp": 91, "atk": 90, "def": 106, "spa": 130, "spd": 106, "spe": 77}, "stats": {"hp": 273, "atk": 188, "def": 213, "spa": 251, "spd": 213, "spe": 167}, "types": ["Fire", "Steel"]}, "Magearna": {"name": "Magearna", "species": "Magearna", "speciesId": "magearna", "gender": "N", "shiny": false, "level": 77, "moves": ["shiftgear", "calmmind", "flashcannon", "fleurcannon"], "ability": "Soul-Heart", "evs": {"hp": 85, "atk": 0, "def": 85, "spa": 85, "spd": 85, "spe": 85}, "ivs": {"hp": 31, "atk": 0, "def": 31, "spa": 31, "spd": 31, "spe": 31}, "item": "Leftovers", "teraType": "Water", "role": "Bulky Setup", "bvs": {"hp": 80, "atk": 95, "def": 115, "spa": 130, "spd": 115, "spe": 65}, "stats": {"hp": 250, "atk": 151, "def": 222, "spa": 245, "spd": 222, "spe": 145}, "types": ["Steel", "Fairy"]}, "Florges": {"name": "Florges", "species": "Florges-Blue", "speciesId": "florges", "gender": "F", "shiny": false, "level": 85, "moves": ["synthesis", "calmmind", "moonblast", "terablast"], "ability": "Flower Veil", "evs": {"hp": 85, "atk": 0, "def": 85, "spa": 85, "spd": 85, "spe": 85}, "ivs": {"hp": 31, "atk": 0, "def": 31, "spa": 31, "spd": 31, "spe": 31}, "item": "Leftovers", "teraType": "Ground", "role": "Tera Blast user", "bvs": {"hp": 78, "atk": 65, "def": 68, "spa": 112, "spd": 154, "spe": 75}, "stats": {"hp": 271, "atk": 115, "def": 164, "spa": 239, "spd": 311, "spe": 176}, "types": ["Fairy"]}, "Torterra": {"name": "Torterra", "species": "Torterra", "speciesId": "torterra", "gender": "F", "shiny": false, "level": 78, "moves": ["shellsmash", "rockblast", "headlongrush", "bulletseed"], "ability": "Overgrow", "evs": {"hp": 85, "atk": 85, "def": 85, "spa": 85, "spd": 85, "spe": 85}, "ivs": {"hp": 31, "atk": 31, "def": 31, "spa": 31, "spd": 31, "spe": 31}, "item": "Loaded Dice", "teraType": "Ground", "role": "Setup Sweeper", "bvs": {"hp": 95, "atk": 109, "def": 105, "spa": 75, "spd": 85, "spe": 56}, "stats": {"hp": 276, "atk": 215, "def": 209, "spa": 162, "spd": 178, "spe": 132}, "types": ["Grass", "Ground"]}, "Vileplume": {"name": "Vileplume", "species": "Vileplume", "speciesId": "vileplume", "gender": "M", "shiny": false, "level": 85, "moves": ["strengthsap", "leechseed", "gigadrain", "sludgebomb"], "ability": "Effect Spore", "evs": {"hp": 85, "atk": 0, "def": 85, "spa": 85, "spd": 85, "spe": 85}, "ivs": {"hp": 31, "atk": 0, "def": 31, "spa": 31, "spd": 31, "spe": 31}, "item": "Leftovers", "teraType": "Water", "role": "Bulky Attacker", "bvs": {"hp": 75, "atk": 80, "def": 85, "spa": 110, "spd": 90, "spe": 50}, "stats": {"hp": 266, "atk": 141, "def": 193, "spa": 236, "spd": 202, "spe": 134}, "types": ["Grass", "Poison"]}}, {"Regice": {"name": "Regice", "species": "Regice", "speciesId": "regice", "gender": "N", "shiny": false, "level": 88, "moves": ["rest", "sleeptalk", "thunderbolt", "icebeam"], "ability": "Clear Body", "evs": {"hp": 85, "atk": 0, "def": 85, "spa": 85, "spd": 85, "spe": 85}, "ivs": {"hp": 31, "atk": 0, "def": 31, "spa": 31, "spd": 31, "spe": 31}, "item": "Heavy-Duty Boots", "teraType": "Electric", "role": "Bulky Attacker", "bvs": {"hp": 80, "atk": 50, "def": 100, "spa": 100, "spd": 200, "spe": 50}, "stats": {"hp": 284, "atk": 93, "def": 226, "spa": 226, "spd": 402, "spe": 138}, "types": ["Ice"]}, "Galvantula": {"name": "Galvantula", "species": "Galvantula", "speciesId": "galvantula", "gender": "M", "shiny": false, "level": 82, "moves": ["energyball", "bugbuzz", "thunder", "stickyweb"], "ability": "Compound Eyes", "evs": {"hp": 85, "atk": 0, "def": 85, "spa": 85, "spd": 85, "spe": 85}, "ivs": {"hp": 31, "atk": 0, "def": 31, "spa": 31, "spd": 31, "spe": 31}, "item": "Heavy-Duty Boots", "teraType": "Electric", "role": "Fast Support", "bvs": {"hp": 70, "atk": 77, "def": 60, "spa": 97, "spd": 60, "spe": 108}, "stats": {"hp": 249, "atk": 131, "def": 146, "spa": 206, "spd": 146, "spe": 224}, "types": ["Bug", "Electric"]}, "Drifblim": {"name": "Drifblim", "species": "Drifblim", "speciesId": "drifblim", "gender": "M", "shiny": false, "level": 86, "moves": ["strengthsap", "shadowball", "airslash", "calmmind"], "ability": "Unburden", "evs": {"hp": 73, "atk": 0, "def": 85, "spa": 85, "spd": 85, "spe": 85}, "ivs": {"hp": 31, "atk": 0, "def": 31, "spa": 31, "spd": 31, "spe": 31}, "item": "Sitrus Berry", "teraType": "Fairy", "role": "Bulky Attacker", "bvs": {"hp": 150, "atk": 80, "def": 44, "spa": 90, "spd": 54, "spe": 80}, "stats": {"hp": 396, "atk": 142, "def": 125, "spa": 204, "spd": 142, "spe": 187}, "types": ["Ghost", "Flying"]}, "Breloom": {"name": "Breloom", "species": "Breloom", "speciesId": "breloom", "gender": "M", "shiny": false, "level": 83, "moves": ["machpunch", "bulletseed", "rocktomb", "spore"], "ability": "Technician", "evs": {"hp": 85, "atk": 85, "def": 85, "spa": 85, "spd": 85, "spe": 85}, "ivs": {"hp": 31, "atk": 31, "def": 31, "spa": 31, "spd": 31, "spe": 31}, "item": "Life Orb", "teraType": "Rock", "role": "Fast Attacker", "bvs": {"hp": 60, "atk": 130, "def": 80, "spa": 60, "spd": 60, "spe": 70}, "stats": {"hp": 235, "atk": 263, "def": 180, "spa": 147, "spd": 147, "spe": 164}, "types": ["Grass", "Fighting"]}, "Bruxish": {"name": "Bruxish", "species": "Bruxish", "speciesId": "bruxish", "gender": "M", "shiny": false, "level": 85, "moves": ["crunch", "psychicfangs", "wavecrash", "swordsdance"], "ability": "Strong Jaw", "evs": {"hp": 85, "atk": 85, "def": 85, "spa": 85, "spd": 85, "spe": 85}, "ivs": {"hp": 31, "atk": 31, "def": 31, "spa": 31, "spd": 31, "spe": 31}, "item": "Life Orb", "teraType": "Dark", "role": "Fast Attacker", "bvs": {"hp": 68, "atk": 105, "def": 70, "spa": 70, "spd": 70, "spe": 92}, "stats": {"hp": 254, "atk": 227, "def": 168, "spa": 168, "spd": 168, "spe": 205}, "types": ["Water", "Psychic"]}, "Carbink": {"name": "Carbink", "species": "Carbink", "speciesId": "carbink", "gender": "N", "shiny": false, "level": 90, "moves": ["moonblast", "irondefense", "bodypress", "rockpolish"], "ability": "Sturdy", "evs": {"hp": 85, "atk": 0, "def": 85, "spa": 85, "spd": 85, "spe": 85}, "ivs": {"hp": 31, "atk": 0, "def": 31, "spa": 31, "spd": 31, "spe": 31}, "item": "Leftovers", "teraType": "Fighting", "role": "Fast Bulky Setup", "bvs": {"hp": 50, "atk": 50, "def": 150, "spa": 50, "spd": 150, "spe": 50}, "stats": {"hp": 236, "atk": 95, "def": 321, "spa": 141, "spd": 321, "spe": 141}, "types": ["Rock", "Fairy"]}}]}