{"id": "gen9randombattle-2631614446", "format": "[Gen 9] Random Battle", "players": ["sirsunnyyy", "Goofy Ahhh Trainer"], "log": "|j|\u2606sirsunnyyy\n|j|\u2606Goofy Ahhh Trainer\n|t:|1781409097\n|gametype|singles\n|player|p1|sirsunnyyy|harlequin|1906\n|player|p2|Goofy Ahhh Trainer|skier|1866\n|gen|9\n|tier|[Gen 9] Random Battle\n|rated|\n|rule|Species Clause: Limit one of each Pok\u00e9mon\n|rule|HP Percentage Mod: HP is shown in percentages\n|rule|Sleep Clause Mod: Limit one foe put to sleep\n|rule|Illusion Level Mod: Illusion disguises the Pok\u00e9mon's true level\n|\n|t:|1781409097\n|teamsize|p1|6\n|teamsize|p2|6\n|start\n|switch|p1a: Slowbro|Slowbro, L85, M|300/300\n|switch|p2a: Mandibuzz|Mandibuzz, L85, F|326/326\n|turn|1\n|inactive|Battle timer is ON: inactive players will automatically lose when time's up. (requested by sirsunnyyy)\n|c|\u2606sirsunnyyy|hi again\n|\n|t:|1781409111\n|move|p2a: Mandibuzz|U-turn|p1a: Slowbro\n|-supereffective|p1a: Slowbro\n|-damage|p1a: Slowbro|234/300\n|-damage|p2a: Mandibuzz|272/326|[from] item: Rocky Helmet|[of] p1a: Slowbro\n|\n|t:|1781409114\n|switch|p2a: Zebstrika|Zebstrika, L87, F|272/272|[from] U-turn\n|move|p1a: Slowbro|Thunder Wave|p2a: Zebstrika|[miss]\n|-miss|p1a: Slowbro|p2a: Zebstrika\n|\n|upkeep\n|turn|2\n|c|\u2606Goofy Ahhh Trainer|yo\n|\n|t:|1781409121\n|switch|p1a: Krookodile|Krookodile, L79, M|280/280\n|-ability|p1a: Krookodile|Intimidate|boost\n|-unboost|p2a: Zebstrika|atk|1\n|move|p2a: Zebstrika|Volt Switch|p1a: Krookodile\n|-immune|p1a: Krookodile\n|\n|upkeep\n|turn|3\n|inactive|Goofy Ahhh Trainer has 120 seconds left.\n|\n|t:|1781409154\n|switch|p2a: Mandibuzz|Mandibuzz, L85, F|272/326\n|move|p1a: Krookodile|Stone Edge|p2a: Mandibuzz\n|-supereffective|p2a: Mandibuzz\n|-damage|p2a: Mandibuzz|119/326\n|-damage|p1a: Krookodile|252/280|[from] item: Life Orb\n|\n|upkeep\n|turn|4\n|\n|t:|1781409162\n|move|p1a: Krookodile|Stone Edge|p2a: Mandibuzz\n|-supereffective|p2a: Mandibuzz\n|-damage|p2a: Mandibuzz|0 fnt\n|faint|p2a: Mandibuzz\n|-damage|p1a: Krookodile|224/280|[from] item: Life Orb\n|\n|upkeep\n|\n|t:|1781409165\n|switch|p2a: Manaphy|Manaphy, L78|284/284\n|turn|5\n|\n|t:|1781409176\n|switch|p1a: Scovillain|Scovillain, L91, F|266/266\n|move|p2a: Manaphy|Tail Glow|p2a: Manaphy\n|-boost|p2a: Manaphy|spa|3\n|\n|upkeep\n|turn|6\n|\n|t:|1781409187\n|move|p2a: Manaphy|Hydro Pump|p1a: Scovillain|[miss]\n|-miss|p2a: Manaphy|p1a: Scovillain\n|move|p1a: Scovillain|Sunny Day|p1a: Scovillain\n|-weather|SunnyDay\n|\n|-weather|SunnyDay|[upkeep]\n|upkeep\n|turn|7\n|\n|t:|1781409191\n|-terastallize|p2a: Manaphy|Grass\n|move|p1a: Scovillain|Energy Ball|p2a: Manaphy\n|-resisted|p2a: Manaphy\n|-damage|p2a: Manaphy|221/284\n|move|p2a: Manaphy|Hydro Pump|p1a: Scovillain|[miss]\n|-miss|p2a: Manaphy|p1a: Scovillain\n|\n|-weather|SunnyDay|[upkeep]\n|-heal|p2a: Manaphy|238/284|[from] item: Leftovers\n|upkeep\n|turn|8\n|c|\u2606sirsunnyyy|thats been my luck today\n|\n|t:|1781409203\n|switch|p2a: Slowbro|Slowbro, L85, F|300/300\n|move|p1a: Scovillain|Fire Blast|p2a: Slowbro\n|-resisted|p2a: Slowbro\n|-damage|p2a: Slowbro|184/300\n|\n|-weather|SunnyDay|[upkeep]\n|-heal|p2a: Slowbro|202/300|[from] item: Leftovers\n|upkeep\n|turn|9\n|\n|t:|1781409206\n|switch|p2a: Zebstrika|Zebstrika, L87, F|272/272\n|move|p1a: Scovillain|Energy Ball|p2a: Zebstrika\n|-ability|p2a: Zebstrika|Sap Sipper|boost\n|-boost|p2a: Zebstrika|atk|1\n|\n|-weather|SunnyDay|[upkeep]\n|upkeep\n|turn|10\n|\n|t:|1781409217\n|move|p1a: Scovillain|Fire Blast|p2a: Zebstrika\n|-damage|p2a: Zebstrika|0 fnt\n|faint|p2a: Zebstrika\n|\n|-weather|none\n|upkeep\n|\n|t:|1781409222\n|switch|p2a: Porygon-Z|Porygon-Z, L83|277/277\n|turn|11\n|\n|t:|1781409240\n|switch|p1a: Krookodile|Krookodile, L79, M|224/280\n|-ability|p1a: Krookodile|Intimidate|boost\n|-unboost|p2a: Porygon-Z|atk|1\n|move|p2a: Porygon-Z|Tera Blast|p1a: Krookodile\n|-damage|p1a: Krookodile|0 fnt\n|faint|p1a: Krookodile\n|-damage|p2a: Porygon-Z|250/277|[from] item: Life Orb\n|\n|upkeep\n|\n|t:|1781409257\n|switch|p1a: Avalugg|Avalugg, L88, M|310/310\n|turn|12\n|\n|t:|1781409260\n|move|p2a: Porygon-Z|Tera Blast|p1a: Avalugg\n|-damage|p1a: Avalugg|45/310\n|-damage|p2a: Porygon-Z|223/277|[from] item: Life Orb\n|move|p1a: Avalugg|Body Press|p2a: Porygon-Z\n|-supereffective|p2a: Porygon-Z\n|-damage|p2a: Porygon-Z|0 fnt\n|faint|p2a: Porygon-Z\n|\n|upkeep\n|\n|t:|1781409276\n|switch|p2a: Kyurem|Kyurem-White, L73|303/303\n|-ability|p2a: Kyurem|Turboblaze\n|turn|13\n|\n|t:|1781409290\n|move|p2a: Kyurem|Freeze-Dry|p1a: Avalugg\n|-resisted|p1a: Avalugg\n|-damage|p1a: Avalugg|0 fnt\n|faint|p1a: Avalugg\n|\n|upkeep\n|inactive|sirsunnyyy has 120 seconds left.\n|\n|t:|1781409322\n|switch|p1a: Houndstone|Houndstone, L86, M|264/264\n|turn|14\n|\n|t:|1781409333\n|move|p2a: Kyurem|Freeze-Dry|p1a: Houndstone\n|-damage|p1a: Houndstone|179/264\n|move|p1a: Houndstone|Poltergeist|p2a: Kyurem\n|-activate|p2a: Kyurem|move: Poltergeist|Choice Scarf\n|-damage|p2a: Kyurem|170/303\n|\n|-heal|p1a: Houndstone|195/264|[from] item: Leftovers\n|upkeep\n|turn|15\n|\n|t:|1781409343\n|move|p2a: Kyurem|Freeze-Dry|p1a: Houndstone\n|-damage|p1a: Houndstone|113/264\n|move|p1a: Houndstone|Poltergeist|p2a: Kyurem\n|-activate|p2a: Kyurem|move: Poltergeist|Choice Scarf\n|-damage|p2a: Kyurem|29/303\n|\n|-heal|p1a: Houndstone|129/264|[from] item: Leftovers\n|upkeep\n|turn|16\n|\n|t:|1781409358\n|move|p1a: Houndstone|Shadow Sneak|p2a: Kyurem\n|-damage|p2a: Kyurem|0 fnt\n|faint|p2a: Kyurem\n|\n|-heal|p1a: Houndstone|145/264|[from] item: Leftovers\n|upkeep\n|\n|t:|1781409364\n|switch|p2a: Manaphy|Manaphy, L78, tera:Grass|238/284\n|turn|17\n|\n|t:|1781409369\n|switch|p1a: Scovillain|Scovillain, L91, F|266/266\n|move|p2a: Manaphy|Tail Glow|p2a: Manaphy\n|-boost|p2a: Manaphy|spa|3\n|\n|-heal|p2a: Manaphy|255/284|[from] item: Leftovers\n|upkeep\n|turn|18\n|\n|t:|1781409376\n|move|p2a: Manaphy|Hydro Pump|p1a: Scovillain|[miss]\n|-miss|p2a: Manaphy|p1a: Scovillain\n|move|p1a: Scovillain|Sunny Day|p1a: Scovillain\n|-weather|SunnyDay\n|\n|-weather|SunnyDay|[upkeep]\n|-heal|p2a: Manaphy|272/284|[from] item: Leftovers\n|upkeep\n|turn|19\n|c|\u2606Goofy Ahhh Trainer|haha\n|c|\u2606sirsunnyyy|didnt matter either way\n|-message|Goofy Ahhh Trainer forfeited.\n|\n|win|sirsunnyyy\n|raw|sirsunnyyy's rating: 1906 &rarr; <strong>1924</strong><br />(+18 for winning)\n|raw|Goofy Ahhh Trainer's rating: 1866 &rarr; <strong>1848</strong><br />(-18 for losing)\n", "inputlog": ">version a8376a258c1d4662feba110a92103f3664a72141\n>start {\"formatid\":\"gen9randombattle\",\"seed\":\"sodium,caa64e5aad4e4654da88ab764f49517a\",\"rated\":\"Rated battle\"}\n>player p1 {\"name\":\"sirsunnyyy\",\"avatar\":\"harlequin\",\"rating\":1906,\"seed\":\"sodium,c65cde2105db9791ce992b35b648e335\"}\n>player p2 {\"name\":\"Goofy Ahhh Trainer\",\"avatar\":\"skier\",\"rating\":1866,\"seed\":\"sodium,02365f71be591922dec470a469e903fe\"}\n>chat \u2606sirsunnyyy|hi again\n>p1 move thunderwave\n>p2 move uturn\n>p2 switch 5\n>chat \u2606Goofy Ahhh Trainer|yo\n>p1 switch 2\n>p2 move voltswitch\n>p1 move stoneedge\n>p2 switch 5\n>p1 move stoneedge\n>p2 move uturn\n>p2 switch 3\n>p1 switch 6\n>p2 move tailglow\n>p1 move sunnyday\n>p2 move hydropump\n>p1 move energyball\n>p2 move hydropump terastallize\n>chat \u2606sirsunnyyy|thats been my luck today\n>p1 move fireblast\n>p2 switch 6\n>p1 move energyball\n>p2 switch 5\n>p1 move fireblast\n>p2 move overheat\n>p2 switch 4\n>p1 switch 6\n>p2 move terablast\n>p1 switch 5\n>p1 move bodypress\n>p2 move terablast\n>p2 switch 2\n>p1 move bodypress\n>p2 move freezedry\n>p1 switch 3\n>p1 move poltergeist\n>p2 move freezedry\n>p1 move poltergeist\n>p2 move freezedry\n>p1 move shadowsneak\n>p2 move freezedry\n>p2 switch 6\n>p1 switch 6\n>p2 move tailglow\n>p1 move sunnyday\n>p2 move hydropump\n>chat \u2606Goofy Ahhh Trainer|haha\n>chat \u2606sirsunnyyy|didnt matter either way\n>forcelose p2", "uploadtime": 1781409386, "views": 5, "formatid": "gen9randombattle", "rating": 1848, "private": 0, "password": null, "player_dets": [{"name": "sirsunnyyy", "avatar": "harlequin", "rating": 1906, "seed": "sodium,c65cde2105db9791ce992b35b648e335"}, {"name": "Goofy Ahhh Trainer", "avatar": "skier", "rating": 1866, "seed": "sodium,02365f71be591922dec470a469e903fe"}], "teams_full": [{"Slowbro": {"name": "Slowbro", "species": "Slowbro", "speciesId": "slowbro", "gender": "M", "shiny": false, "level": 85, "moves": ["psyshock", "scald", "thunderwave", "slackoff"], "ability": "Regenerator", "evs": {"hp": 85, "atk": 0, "def": 85, "spa": 85, "spd": 85, "spe": 85}, "ivs": {"hp": 31, "atk": 0, "def": 31, "spa": 31, "spd": 31, "spe": 31}, "item": "Rocky Helmet", "teraType": "Fairy", "role": "Bulky Attacker", "bvs": {"hp": 95, "atk": 75, "def": 110, "spa": 100, "spd": 80, "spe": 30}, "stats": {"hp": 300, "atk": 132, "def": 236, "spa": 219, "spd": 185, "spe": 100}, "types": ["Water", "Psychic"]}, "Krookodile": {"name": "Krookodile", "species": "Krookodile", "speciesId": "krookodile", "gender": "M", "shiny": false, "level": 79, "moves": ["earthquake", "knockoff", "stealthrock", "stoneedge"], "ability": "Intimidate", "evs": {"hp": 85, "atk": 85, "def": 85, "spa": 85, "spd": 85, "spe": 85}, "ivs": {"hp": 31, "atk": 31, "def": 31, "spa": 31, "spd": 31, "spe": 31}, "item": "Life Orb", "teraType": "Ground", "role": "Fast Attacker", "bvs": {"hp": 95, "atk": 117, "def": 80, "spa": 65, "spd": 70, "spe": 92}, "stats": {"hp": 280, "atk": 230, "def": 172, "spa": 148, "spd": 156, "spe": 191}, "types": ["Ground", "Dark"]}, "Houndstone": {"name": "Houndstone", "species": "Houndstone", "speciesId": "houndstone", "gender": "M", "shiny": false, "level": 86, "moves": ["poltergeist", "willowisp", "bodypress", "shadowsneak"], "ability": "Fluffy", "evs": {"hp": 85, "atk": 85, "def": 85, "spa": 85, "spd": 85, "spe": 85}, "ivs": {"hp": 31, "atk": 31, "def": 31, "spa": 31, "spd": 31, "spe": 31}, "item": "Leftovers", "teraType": "Fighting", "role": "Bulky Attacker", "bvs": {"hp": 72, "atk": 101, "def": 100, "spa": 50, "spd": 97, "spe": 68}, "stats": {"hp": 264, "atk": 223, "def": 221, "spa": 135, "spd": 216, "spe": 166}, "types": ["Ghost"]}, "Dudunsparce": {"name": "Dudunsparce", "species": "Dudunsparce", "speciesId": "dudunsparce", "gender": "M", "shiny": false, "level": 83, "moves": ["headbutt", "earthquake", "glare", "roost"], "ability": "Serene Grace", "evs": {"hp": 85, "atk": 85, "def": 85, "spa": 85, "spd": 85, "spe": 85}, "ivs": {"hp": 31, "atk": 31, "def": 31, "spa": 31, "spd": 31, "spe": 31}, "item": "Leftovers", "teraType": "Ground", "role": "Bulky Support", "bvs": {"hp": 125, "atk": 100, "def": 80, "spa": 85, "spd": 75, "spe": 55}, "stats": {"hp": 343, "atk": 214, "def": 180, "spa": 189, "spd": 172, "spe": 139}, "types": ["Normal"]}, "Avalugg": {"name": "Avalugg", "species": "Avalugg", "speciesId": "avalugg", "gender": "M", "shiny": false, "level": 88, "moves": ["bodypress", "recover", "rapidspin", "avalanche"], "ability": "Sturdy", "evs": {"hp": 85, "atk": 85, "def": 85, "spa": 85, "spd": 85, "spe": 85}, "ivs": {"hp": 31, "atk": 31, "def": 31, "spa": 31, "spd": 31, "spe": 31}, "item": "Heavy-Duty Boots", "teraType": "Fighting", "role": "Bulky Support", "bvs": {"hp": 95, "atk": 117, "def": 184, "spa": 44, "spd": 46, "spe": 28}, "stats": {"hp": 310, "atk": 256, "def": 374, "spa": 128, "spd": 131, "spe": 100}, "types": ["Ice"]}, "Scovillain": {"name": "Scovillain", "species": "Scovillain", "speciesId": "scovillain", "gender": "F", "shiny": false, "level": 91, "moves": ["stompingtantrum", "sunnyday", "energyball", "fireblast"], "ability": "Chlorophyll", "evs": {"hp": 85, "atk": 85, "def": 85, "spa": 85, "spd": 85, "spe": 85}, "ivs": {"hp": 31, "atk": 31, "def": 31, "spa": 31, "spd": 31, "spe": 31}, "item": "Heavy-Duty Boots", "teraType": "Ground", "role": "Wallbreaker", "bvs": {"hp": 65, "atk": 108, "def": 65, "spa": 108, "spd": 65, "spe": 75}, "stats": {"hp": 266, "atk": 248, "def": 170, "spa": 248, "spd": 170, "spe": 188}, "types": ["Grass", "Fire"]}}, {"Mandibuzz": {"name": "Mandibuzz", "species": "Mandibuzz", "speciesId": "mandibuzz", "gender": "F", "shiny": false, "level": 85, "moves": ["foulplay", "uturn", "defog", "roost"], "ability": "Overcoat", "evs": {"hp": 85, "atk": 85, "def": 85, "spa": 85, "spd": 85, "spe": 85}, "ivs": {"hp": 31, "atk": 31, "def": 31, "spa": 31, "spd": 31, "spe": 31}, "item": "Heavy-Duty Boots", "teraType": "Steel", "role": "Bulky Support", "bvs": {"hp": 110, "atk": 65, "def": 105, "spa": 55, "spd": 95, "spe": 80}, "stats": {"hp": 326, "atk": 159, "def": 227, "spa": 142, "spd": 210, "spe": 185}, "types": ["Dark", "Flying"]}, "Kyurem": {"name": "Kyurem", "species": "Kyurem-White", "speciesId": "kyuremwhite", "gender": "N", "shiny": false, "level": 73, "moves": ["dracometeor", "freezedry", "earthpower", "fusionflare"], "ability": "Turboblaze", "evs": {"hp": 85, "atk": 0, "def": 85, "spa": 85, "spd": 85, "spe": 85}, "ivs": {"hp": 31, "atk": 0, "def": 31, "spa": 31, "spd": 31, "spe": 31}, "item": "Choice Scarf", "teraType": "Dragon", "role": "Fast Attacker", "bvs": {"hp": 125, "atk": 120, "def": 90, "spa": 170, "spd": 100, "spe": 95}, "stats": {"hp": 303, "atk": 180, "def": 174, "spa": 291, "spd": 188, "spe": 181}, "types": ["Dragon", "Ice"]}, "Manaphy": {"name": "Manaphy", "species": "Manaphy", "speciesId": "manaphy", "gender": "N", "shiny": false, "level": 78, "moves": ["energyball", "icebeam", "hydropump", "tailglow"], "ability": "Hydration", "evs": {"hp": 85, "atk": 0, "def": 85, "spa": 85, "spd": 85, "spe": 85}, "ivs": {"hp": 31, "atk": 0, "def": 31, "spa": 31, "spd": 31, "spe": 31}, "item": "Leftovers", "teraType": "Grass", "role": "Bulky Setup", "bvs": {"hp": 100, "atk": 100, "def": 100, "spa": 100, "spd": 100, "spe": 100}, "stats": {"hp": 284, "atk": 161, "def": 201, "spa": 201, "spd": 201, "spe": 201}, "types": ["Water"]}, "Porygon-Z": {"name": "Porygon-Z", "species": "Porygon-Z", "speciesId": "porygonz", "gender": "N", "shiny": false, "level": 83, "moves": ["terablast", "nastyplot", "shadowball", "agility"], "ability": "Adaptability", "evs": {"hp": 85, "atk": 0, "def": 85, "spa": 85, "spd": 85, "spe": 85}, "ivs": {"hp": 31, "atk": 0, "def": 31, "spa": 31, "spd": 31, "spe": 31}, "item": "Life Orb", "teraType": "Fighting", "role": "Tera Blast user", "bvs": {"hp": 85, "atk": 80, "def": 70, "spa": 135, "spd": 75, "spe": 90}, "stats": {"hp": 277, "atk": 137, "def": 164, "spa": 272, "spd": 172, "spe": 197}, "types": ["Normal"]}, "Zebstrika": {"name": "Zebstrika", "species": "Zebstrika", "speciesId": "zebstrika", "gender": "F", "shiny": false, "level": 87, "moves": ["highhorsepower", "overheat", "voltswitch", "supercellslam"], "ability": "Sap Sipper", "evs": {"hp": 85, "atk": 85, "def": 85, "spa": 85, "spd": 85, "spe": 85}, "ivs": {"hp": 31, "atk": 31, "def": 31, "spa": 31, "spd": 31, "spe": 31}, "item": "Life Orb", "teraType": "Ground", "role": "Fast Attacker", "bvs": {"hp": 75, "atk": 100, "def": 63, "spa": 80, "spd": 63, "spe": 116}, "stats": {"hp": 272, "atk": 224, "def": 159, "spa": 189, "spd": 159, "spe": 252}, "types": ["Electric"]}, "Slowbro": {"name": "Slowbro", "species": "Slowbro", "speciesId": "slowbro", "gender": "F", "shiny": false, "level": 85, "moves": ["slackoff", "bodypress", "scald", "irondefense"], "ability": "Regenerator", "evs": {"hp": 85, "atk": 0, "def": 85, "spa": 85, "spd": 85, "spe": 85}, "ivs": {"hp": 31, "atk": 0, "def": 31, "spa": 31, "spd": 31, "spe": 31}, "item": "Leftovers", "teraType": "Fighting", "role": "Bulky Setup", "bvs": {"hp": 95, "atk": 75, "def": 110, "spa": 100, "spd": 80, "spe": 30}, "stats": {"hp": 300, "atk": 132, "def": 236, "spa": 219, "spd": 185, "spe": 100}, "types": ["Water", "Psychic"]}}]}