{"id": "gen9randombattle-2631530841", "format": "[Gen 9] Random Battle", "players": ["Yahoot3", "LiterallyMeWhen"], "log": "|j|\u2606Yahoot3\n|j|\u2606LiterallyMeWhen\n|t:|1781397315\n|gametype|singles\n|player|p1|Yahoot3|265|1695\n|player|p2|LiterallyMeWhen|baker|1684\n|gen|9\n|tier|[Gen 9] Random Battle\n|rated|\n|rule|Species Clause: Limit one of each Pok\u00e9mon\n|rule|HP Percentage Mod: HP is shown in percentages\n|rule|Sleep Clause Mod: Limit one foe put to sleep\n|rule|Illusion Level Mod: Illusion disguises the Pok\u00e9mon's true level\n|\n|t:|1781397315\n|teamsize|p1|6\n|teamsize|p2|6\n|start\n|switch|p1a: Glastrier|Glastrier, L86|312/312\n|switch|p2a: Cloyster|Cloyster, L80, F|211/211\n|turn|1\n|inactive|Battle timer is ON: inactive players will automatically lose when time's up. (requested by Yahoot3)\n|\n|t:|1781397329\n|switch|p2a: Overqwil|Overqwil, L82, M|274/274\n|-ability|p2a: Overqwil|Intimidate|boost\n|-unboost|p1a: Glastrier|atk|1\n|move|p1a: Glastrier|Swords Dance|p1a: Glastrier\n|-boost|p1a: Glastrier|atk|2\n|\n|upkeep\n|turn|2\n|\n|t:|1781397336\n|switch|p2a: Orthworm|Orthworm, L88, M|266/266\n|move|p1a: Glastrier|Icicle Crash|p2a: Orthworm|[miss]\n|-miss|p1a: Glastrier|p2a: Orthworm\n|\n|upkeep\n|turn|3\n|\n|t:|1781397351\n|switch|p2a: Overqwil|Overqwil, L82, M|274/274\n|-ability|p2a: Overqwil|Intimidate|boost\n|-unboost|p1a: Glastrier|atk|1\n|switch|p1a: Jolteon|Jolteon, L84, F|246/246\n|\n|upkeep\n|turn|4\n|\n|t:|1781397357\n|move|p1a: Jolteon|Thunderbolt|p2a: Overqwil\n|-damage|p2a: Overqwil|91/274\n|move|p2a: Overqwil|Scale Shot|p1a: Jolteon\n|-damage|p1a: Jolteon|221/246\n|-damage|p1a: Jolteon|197/246\n|-damage|p1a: Jolteon|171/246\n|-damage|p1a: Jolteon|148/246\n|-hitcount|p1a: Jolteon|4\n|-unboost|p2a: Overqwil|def|1\n|-boost|p2a: Overqwil|spe|1\n|\n|upkeep\n|turn|5\n|\n|t:|1781397380\n|move|p2a: Overqwil|Gunk Shot|p1a: Jolteon\n|-damage|p1a: Jolteon|0 fnt\n|faint|p1a: Jolteon\n|\n|upkeep\n|\n|t:|1781397386\n|switch|p1a: Glastrier|Glastrier, L86|312/312\n|turn|6\n|\n|t:|1781397393\n|move|p2a: Overqwil|Swords Dance|p2a: Overqwil\n|-boost|p2a: Overqwil|atk|2\n|move|p1a: Glastrier|Close Combat|p2a: Overqwil\n|-damage|p2a: Overqwil|0 fnt\n|-unboost|p1a: Glastrier|def|1\n|-unboost|p1a: Glastrier|spd|1\n|faint|p2a: Overqwil\n|-ability|p1a: Glastrier|Chilling Neigh|boost\n|-boost|p1a: Glastrier|atk|1\n|\n|upkeep\n|\n|t:|1781397399\n|switch|p2a: Gardevoir|Gardevoir, L83, M|249/249\n|-ability|p2a: Gardevoir|Chilling Neigh|Trace|[from] ability: Trace|[of] p1a: Glastrier\n|turn|7\n|inactive|Yahoot3 has 120 seconds left.\n|\n|t:|1781397442\n|switch|p1a: Vigoroth|Vigoroth, L85, F|275/275\n|move|p2a: Gardevoir|Moonblast|p1a: Vigoroth\n|-damage|p1a: Vigoroth|126/275\n|-unboost|p1a: Vigoroth|spa|1\n|-damage|p2a: Gardevoir|225/249|[from] item: Life Orb\n|\n|upkeep\n|turn|8\n|inactive|Yahoot3 has 120 seconds left.\n|\n|t:|1781397452\n|switch|p1a: Lurantis|Lurantis, L87, M|264/264\n|switch|p2a: Swampert|Swampert, L83, F|302/302\n|\n|upkeep\n|turn|9\n|\n|t:|1781397457\n|-terastallize|p2a: Swampert|Poison\n|move|p1a: Lurantis|Leaf Storm|p2a: Swampert\n|-resisted|p2a: Swampert\n|-damage|p2a: Swampert|238/302\n|-boost|p1a: Lurantis|spa|2\n|move|p2a: Swampert|Roar|p1a: Lurantis\n|drag|p1a: Vigoroth|Vigoroth, L85, F|126/275\n|\n|-heal|p2a: Swampert|256/302|[from] item: Leftovers\n|upkeep\n|turn|10\n|\n|t:|1781397465\n|move|p1a: Vigoroth|Slack Off|p1a: Vigoroth\n|-heal|p1a: Vigoroth|264/275\n|move|p2a: Swampert|Knock Off|p1a: Vigoroth\n|-damage|p1a: Vigoroth|212/275\n|-enditem|p1a: Vigoroth|Eviolite|[from] move: Knock Off|[of] p2a: Swampert\n|\n|-heal|p2a: Swampert|274/302|[from] item: Leftovers\n|upkeep\n|turn|11\n|\n|t:|1781397472\n|move|p1a: Vigoroth|Bulk Up|p1a: Vigoroth\n|-boost|p1a: Vigoroth|atk|1\n|-boost|p1a: Vigoroth|def|1\n|move|p2a: Swampert|Flip Turn|p1a: Vigoroth\n|-damage|p1a: Vigoroth|163/275\n|\n|t:|1781397475\n|switch|p2a: Orthworm|Orthworm, L88, M|266/266|[from] Flip Turn\n|\n|upkeep\n|turn|12\n|inactive|Yahoot3 has 120 seconds left.\n|\n|t:|1781397527\n|move|p1a: Vigoroth|Body Slam|p2a: Orthworm\n|-resisted|p2a: Orthworm\n|-damage|p2a: Orthworm|226/266\n|move|p2a: Orthworm|Coil|p2a: Orthworm\n|-boost|p2a: Orthworm|atk|1\n|-boost|p2a: Orthworm|def|1\n|-boost|p2a: Orthworm|accuracy|1\n|\n|upkeep\n|turn|13\n|\n|t:|1781397532\n|move|p1a: Vigoroth|Body Slam|p2a: Orthworm\n|-resisted|p2a: Orthworm\n|-damage|p2a: Orthworm|202/266\n|move|p2a: Orthworm|Coil|p2a: Orthworm\n|-boost|p2a: Orthworm|atk|1\n|-boost|p2a: Orthworm|def|1\n|-boost|p2a: Orthworm|accuracy|1\n|\n|upkeep\n|turn|14\n|\n|t:|1781397534\n|move|p1a: Vigoroth|Body Slam|p2a: Orthworm\n|-resisted|p2a: Orthworm\n|-damage|p2a: Orthworm|184/266\n|move|p2a: Orthworm|Coil|p2a: Orthworm\n|-boost|p2a: Orthworm|atk|1\n|-boost|p2a: Orthworm|def|1\n|-boost|p2a: Orthworm|accuracy|1\n|\n|upkeep\n|turn|15\n|\n|t:|1781397537\n|move|p1a: Vigoroth|Body Slam|p2a: Orthworm\n|-resisted|p2a: Orthworm\n|-damage|p2a: Orthworm|168/266\n|move|p2a: Orthworm|Coil|p2a: Orthworm\n|-boost|p2a: Orthworm|atk|1\n|-boost|p2a: Orthworm|def|1\n|-boost|p2a: Orthworm|accuracy|1\n|\n|upkeep\n|turn|16\n|\n|t:|1781397540\n|move|p1a: Vigoroth|Body Slam|p2a: Orthworm\n|-resisted|p2a: Orthworm\n|-damage|p2a: Orthworm|156/266\n|move|p2a: Orthworm|Coil|p2a: Orthworm\n|-boost|p2a: Orthworm|atk|1\n|-boost|p2a: Orthworm|def|1\n|-boost|p2a: Orthworm|accuracy|1\n|\n|upkeep\n|turn|17\n|\n|t:|1781397543\n|move|p1a: Vigoroth|Body Slam|p2a: Orthworm\n|-resisted|p2a: Orthworm\n|-damage|p2a: Orthworm|144/266\n|-status|p2a: Orthworm|par\n|cant|p2a: Orthworm|par\n|\n|upkeep\n|turn|18\n|\n|t:|1781397550\n|switch|p1a: Dragalge|Dragalge, L88, F|258/258\n|move|p2a: Orthworm|Rest|p2a: Orthworm\n|-status|p2a: Orthworm|slp|[from] move: Rest\n|-heal|p2a: Orthworm|266/266 slp|[silent]\n|-enditem|p2a: Orthworm|Chesto Berry|[eat]\n|-curestatus|p2a: Orthworm|slp|[msg]\n|\n|upkeep\n|turn|19\n|l|\u2606Yahoot3\n|inactive|Yahoot3 disconnected and has a minute to reconnect!\n|player|p1|\n|inactive|Yahoot3 has 30 seconds to reconnect!\n|inactive|Yahoot3 has 20 seconds to reconnect!\n|inactive|Yahoot3 has 15 seconds to reconnect!\n|inactive|Yahoot3 has 10 seconds to reconnect!\n|inactive|Yahoot3 has 5 seconds to reconnect!\n|-message|Yahoot3 lost due to inactivity.\n|\n|win|LiterallyMeWhen\n|raw|Yahoot3's rating: 1695 &rarr; <strong>1674</strong><br />(-21 for losing)\n|raw|LiterallyMeWhen's rating: 1684 &rarr; <strong>1705</strong><br />(+21 for winning)\n", "inputlog": ">version a8376a258c1d4662feba110a92103f3664a72141\n>start {\"formatid\":\"gen9randombattle\",\"seed\":\"sodium,401254a3db9bd6d9a4d3b2572e80e03b\",\"rated\":\"Rated battle\"}\n>player p1 {\"name\":\"Yahoot3\",\"avatar\":\"265\",\"rating\":1695,\"seed\":\"sodium,6a5327121eb3e6463f986736bd4f623c\"}\n>player p2 {\"name\":\"LiterallyMeWhen\",\"avatar\":\"baker\",\"rating\":1684,\"seed\":\"sodium,5e7e82553c561d381f86fe86f729c228\"}\n>p1 move swordsdance\n>p2 switch 4\n>p1 move iciclecrash\n>p2 switch 3\n>p1 switch 4\n>p2 switch 3\n>p1 move thunderbolt\n>p2 move scaleshot\n>p1 move thunderbolt\n>p2 move gunkshot\n>p1 switch 4\n>p1 move closecombat\n>p2 move swordsdance\n>p2 switch 5\n>p1 switch 3\n>p2 move moonblast\n>p1 switch 5\n>p2 switch 6\n>p1 move leafstorm\n>p2 move roar terastallize\n>p1 move slackoff\n>p2 move knockoff\n>p1 move bulkup\n>p2 move flipturn\n>p2 switch 3\n>p1 move bodyslam\n>p2 move coil\n>p1 move bodyslam\n>p2 move coil\n>p1 move bodyslam\n>p2 move coil\n>p1 move bodyslam\n>p2 move coil\n>p1 move bodyslam\n>p2 move coil\n>p1 move bodyslam\n>p2 move coil\n>p1 switch 6\n>p2 move rest\n>forcelose p1", "uploadtime": 1781397645, "views": 4, "formatid": "gen9randombattle", "rating": 1674, "private": 0, "password": null, "player_dets": [{"name": "Yahoot3", "avatar": "265", "rating": 1695, "seed": "sodium,6a5327121eb3e6463f986736bd4f623c"}, {"name": "LiterallyMeWhen", "avatar": "baker", "rating": 1684, "seed": "sodium,5e7e82553c561d381f86fe86f729c228"}], "teams_full": [{"Glastrier": {"name": "Glastrier", "species": "Glastrier", "speciesId": "glastrier", "gender": "N", "shiny": false, "level": 86, "moves": ["closecombat", "iciclecrash", "swordsdance", "heavyslam"], "ability": "Chilling Neigh", "evs": {"hp": 85, "atk": 85, "def": 85, "spa": 85, "spd": 85, "spe": 85}, "ivs": {"hp": 31, "atk": 31, "def": 31, "spa": 31, "spd": 31, "spe": 31}, "item": "Heavy-Duty Boots", "teraType": "Steel", "role": "Bulky Attacker", "bvs": {"hp": 100, "atk": 145, "def": 130, "spa": 65, "spd": 110, "spe": 30}, "stats": {"hp": 312, "atk": 299, "def": 273, "spa": 161, "spd": 238, "spe": 101}, "types": ["Ice"]}, "Zacian": {"name": "Zacian", "species": "Zacian", "speciesId": "zacian", "gender": "N", "shiny": false, "level": 69, "moves": ["swordsdance", "closecombat", "playrough", "crunch"], "ability": "Intrepid Sword", "evs": {"hp": 85, "atk": 85, "def": 85, "spa": 85, "spd": 85, "spe": 85}, "ivs": {"hp": 31, "atk": 31, "def": 31, "spa": 31, "spd": 31, "spe": 31}, "item": "Life Orb", "teraType": "Fighting", "role": "Fast Attacker", "bvs": {"hp": 92, "atk": 120, "def": 115, "spa": 80, "spd": 115, "spe": 138}, "stats": {"hp": 241, "atk": 206, "def": 199, "spa": 151, "spd": 199, "spe": 231}, "types": ["Fairy"]}, "Vigoroth": {"name": "Vigoroth", "species": "Vigoroth", "speciesId": "vigoroth", "gender": "F", "shiny": false, "level": 85, "moves": ["bodyslam", "earthquake", "bulkup", "slackoff"], "ability": "Vital Spirit", "evs": {"hp": 85, "atk": 85, "def": 85, "spa": 85, "spd": 85, "spe": 85}, "ivs": {"hp": 31, "atk": 31, "def": 31, "spa": 31, "spd": 31, "spe": 31}, "item": "Eviolite", "teraType": "Ground", "role": "Bulky Attacker", "bvs": {"hp": 80, "atk": 80, "def": 80, "spa": 55, "spd": 55, "spe": 90}, "stats": {"hp": 275, "atk": 185, "def": 185, "spa": 142, "spd": 142, "spe": 202}, "types": ["Normal"]}, "Jolteon": {"name": "Jolteon", "species": "Jolteon", "speciesId": "jolteon", "gender": "F", "shiny": false, "level": 84, "moves": ["voltswitch", "alluringvoice", "shadowball", "thunderbolt"], "ability": "Volt Absorb", "evs": {"hp": 85, "atk": 0, "def": 85, "spa": 85, "spd": 85, "spe": 85}, "ivs": {"hp": 31, "atk": 0, "def": 31, "spa": 31, "spd": 31, "spe": 31}, "item": "Choice Specs", "teraType": "Electric", "role": "Fast Attacker", "bvs": {"hp": 65, "atk": 65, "def": 60, "spa": 110, "spd": 95, "spe": 130}, "stats": {"hp": 246, "atk": 114, "def": 149, "spa": 233, "spd": 208, "spe": 267}, "types": ["Electric"]}, "Lurantis": {"name": "Lurantis", "species": "Lurantis", "speciesId": "lurantis", "gender": "M", "shiny": false, "level": 87, "moves": ["leafstorm", "synthesis", "defog", "superpower"], "ability": "Contrary", "evs": {"hp": 85, "atk": 85, "def": 85, "spa": 85, "spd": 85, "spe": 85}, "ivs": {"hp": 31, "atk": 31, "def": 31, "spa": 31, "spd": 31, "spe": 31}, "item": "Leftovers", "teraType": "Fighting", "role": "Bulky Attacker", "bvs": {"hp": 70, "atk": 105, "def": 90, "spa": 80, "spd": 90, "spe": 45}, "stats": {"hp": 264, "atk": 232, "def": 206, "spa": 189, "spd": 206, "spe": 128}, "types": ["Grass"]}, "Dragalge": {"name": "Dragalge", "species": "Dragalge", "speciesId": "dragalge", "gender": "F", "shiny": false, "level": 88, "moves": ["dracometeor", "toxic", "sludgewave", "focusblast"], "ability": "Adaptability", "evs": {"hp": 85, "atk": 0, "def": 85, "spa": 85, "spd": 85, "spe": 85}, "ivs": {"hp": 31, "atk": 0, "def": 31, "spa": 31, "spd": 31, "spe": 31}, "item": "Leftovers", "teraType": "Fighting", "role": "Bulky Attacker", "bvs": {"hp": 65, "atk": 75, "def": 90, "spa": 97, "spd": 123, "spe": 44}, "stats": {"hp": 258, "atk": 137, "def": 209, "spa": 221, "spd": 267, "spe": 128}, "types": ["Poison", "Dragon"]}}, {"Cloyster": {"name": "Cloyster", "species": "Cloyster", "speciesId": "cloyster", "gender": "F", "shiny": false, "level": 80, "moves": ["rockblast", "iciclespear", "drillrun", "shellsmash"], "ability": "Skill Link", "evs": {"hp": 85, "atk": 85, "def": 85, "spa": 85, "spd": 85, "spe": 85}, "ivs": {"hp": 31, "atk": 31, "def": 31, "spa": 31, "spd": 31, "spe": 31}, "item": "White Herb", "teraType": "Ground", "role": "Fast Attacker", "bvs": {"hp": 50, "atk": 95, "def": 180, "spa": 85, "spd": 45, "spe": 70}, "stats": {"hp": 211, "atk": 198, "def": 334, "spa": 182, "spd": 118, "spe": 158}, "types": ["Water", "Ice"]}, "Copperajah": {"name": "Copperajah", "species": "Copperajah", "speciesId": "copperajah", "gender": "F", "shiny": false, "level": 86, "moves": ["earthquake", "ironhead", "playrough", "rockslide"], "ability": "Sheer Force", "evs": {"hp": 85, "atk": 85, "def": 85, "spa": 85, "spd": 85, "spe": 85}, "ivs": {"hp": 31, "atk": 31, "def": 31, "spa": 31, "spd": 31, "spe": 31}, "item": "Life Orb", "teraType": "Fairy", "role": "Wallbreaker", "bvs": {"hp": 122, "atk": 130, "def": 69, "spa": 80, "spd": 69, "spe": 30}, "stats": {"hp": 350, "atk": 273, "def": 168, "spa": 187, "spd": 168, "spe": 101}, "types": ["Steel"]}, "Orthworm": {"name": "Orthworm", "species": "Orthworm", "speciesId": "orthworm", "gender": "M", "shiny": false, "level": 88, "moves": ["irontail", "bodypress", "coil", "rest"], "ability": "Earth Eater", "evs": {"hp": 85, "atk": 85, "def": 85, "spa": 85, "spd": 85, "spe": 85}, "ivs": {"hp": 31, "atk": 31, "def": 31, "spa": 31, "spd": 31, "spe": 31}, "item": "Chesto Berry", "teraType": "Fighting", "role": "Bulky Setup", "bvs": {"hp": 70, "atk": 85, "def": 145, "spa": 60, "spd": 55, "spe": 65}, "stats": {"hp": 266, "atk": 200, "def": 305, "spa": 156, "spd": 147, "spe": 165}, "types": ["Steel"]}, "Overqwil": {"name": "Overqwil", "species": "Overqwil", "speciesId": "overqwil", "gender": "M", "shiny": false, "level": 82, "moves": ["crunch", "scaleshot", "swordsdance", "gunkshot"], "ability": "Intimidate", "evs": {"hp": 85, "atk": 85, "def": 85, "spa": 85, "spd": 85, "spe": 85}, "ivs": {"hp": 31, "atk": 31, "def": 31, "spa": 31, "spd": 31, "spe": 31}, "item": "Loaded Dice", "teraType": "Dragon", "role": "Setup Sweeper", "bvs": {"hp": 85, "atk": 115, "def": 95, "spa": 65, "spd": 65, "spe": 85}, "stats": {"hp": 274, "atk": 236, "def": 203, "spa": 154, "spd": 154, "spe": 187}, "types": ["Dark", "Poison"]}, "Gardevoir": {"name": "Gardevoir", "species": "Gardevoir", "speciesId": "gardevoir", "gender": "M", "shiny": false, "level": 83, "moves": ["psychic", "calmmind", "mysticalfire", "moonblast"], "ability": "Trace", "evs": {"hp": 85, "atk": 0, "def": 85, "spa": 85, "spd": 85, "spe": 85}, "ivs": {"hp": 31, "atk": 0, "def": 31, "spa": 31, "spd": 31, "spe": 31}, "item": "Life Orb", "teraType": "Fire", "role": "Fast Attacker", "bvs": {"hp": 68, "atk": 65, "def": 65, "spa": 125, "spd": 115, "spe": 80}, "stats": {"hp": 249, "atk": 112, "def": 156, "spa": 255, "spd": 239, "spe": 180}, "types": ["Psychic", "Fairy"]}, "Swampert": {"name": "Swampert", "species": "Swampert", "speciesId": "swampert", "gender": "F", "shiny": false, "level": 83, "moves": ["knockoff", "flipturn", "roar", "earthquake"], "ability": "Torrent", "evs": {"hp": 85, "atk": 85, "def": 85, "spa": 85, "spd": 85, "spe": 85}, "ivs": {"hp": 31, "atk": 31, "def": 31, "spa": 31, "spd": 31, "spe": 31}, "item": "Leftovers", "teraType": "Poison", "role": "Bulky Support", "bvs": {"hp": 100, "atk": 110, "def": 90, "spa": 85, "spd": 90, "spe": 60}, "stats": {"hp": 302, "atk": 230, "def": 197, "spa": 189, "spd": 197, "spe": 147}, "types": ["Water", "Ground"]}}]}