{"id": "gen9randombattle-2631746073", "format": "[Gen 9] Random Battle", "players": ["no calc edzooto", "Mexx241"], "log": "|j|\u2606no calc edzooto\n|j|\u2606Mexx241\n|t:|1781432857\n|gametype|singles\n|player|p1|no calc edzooto|102|1695\n|player|p2|Mexx241|101|1717\n|gen|9\n|tier|[Gen 9] Random Battle\n|rated|\n|rule|Species Clause: Limit one of each Pok\u00e9mon\n|rule|HP Percentage Mod: HP is shown in percentages\n|rule|Sleep Clause Mod: Limit one foe put to sleep\n|rule|Illusion Level Mod: Illusion disguises the Pok\u00e9mon's true level\n|\n|t:|1781432857\n|teamsize|p1|6\n|teamsize|p2|6\n|start\n|switch|p1a: Darkrai|Darkrai, L77|234/234\n|switch|p2a: Alomomola|Alomomola, L87, M|429/429\n|turn|1\n|inactive|Battle timer is ON: inactive players will automatically lose when time's up. (requested by Mexx241)\n|\n|t:|1781432888\n|switch|p1a: Poliwrath|Poliwrath, L88, F|302/302\n|move|p2a: Alomomola|Flip Turn|p1a: Poliwrath\n|-resisted|p1a: Poliwrath\n|-damage|p1a: Poliwrath|278/302\n|\n|t:|1781432896\n|switch|p2a: Rotom|Rotom-Mow, L87|229/229|[from] Flip Turn\n|\n|upkeep\n|turn|2\n|\n|t:|1781432918\n|switch|p1a: Pincurchin|Pincurchin, F|258/258\n|-fieldstart|move: Electric Terrain|[from] ability: Electric Surge|[of] p1a: Pincurchin\n|move|p2a: Rotom|Will-O-Wisp|p1a: Pincurchin\n|-status|p1a: Pincurchin|brn\n|\n|-damage|p1a: Pincurchin|242/258 brn|[from] brn\n|upkeep\n|turn|3\n|\n|t:|1781432943\n|move|p2a: Rotom|Volt Switch|p1a: Pincurchin\n|-resisted|p1a: Pincurchin\n|-damage|p1a: Pincurchin|203/258 brn\n|\n|t:|1781432946\n|switch|p2a: Giratina|Giratina, L75|349/349|[from] Volt Switch\n|-ability|p2a: Giratina|Pressure\n|move|p1a: Pincurchin|Toxic Spikes|p2a: Giratina\n|-sidestart|p2: Mexx241|move: Toxic Spikes\n|\n|-heal|p1a: Pincurchin|219/258 brn|[from] item: Leftovers\n|-damage|p1a: Pincurchin|203/258 brn|[from] brn\n|upkeep\n|turn|4\n|\n|t:|1781432962\n|move|p2a: Giratina|Defog|p1a: Pincurchin\n|-unboost|p1a: Pincurchin|evasion|1\n|-sideend|p2: Mexx241|Toxic Spikes|[from] move: Defog|[of] p2a: Giratina\n|-fieldend|move: Electric Terrain\n|move|p1a: Pincurchin|Scald|p2a: Giratina\n|-resisted|p2a: Giratina\n|-damage|p2a: Giratina|317/349\n|\n|-heal|p2a: Giratina|338/349|[from] item: Leftovers\n|-heal|p1a: Pincurchin|219/258 brn|[from] item: Leftovers\n|-damage|p1a: Pincurchin|203/258 brn|[from] brn\n|upkeep\n|turn|5\n|\n|t:|1781432973\n|move|p1a: Pincurchin|Toxic Spikes|p2a: Giratina\n|-sidestart|p2: Mexx241|move: Toxic Spikes\n|move|p2a: Giratina|Dragon Tail|p1a: Pincurchin\n|-damage|p1a: Pincurchin|161/258 brn\n|drag|p1a: Poliwrath|Poliwrath, L88, F|278/302\n|\n|-heal|p2a: Giratina|349/349|[from] item: Leftovers\n|upkeep\n|turn|6\n|\n|t:|1781432983\n|move|p1a: Poliwrath|Knock Off|p2a: Giratina\n|-supereffective|p2a: Giratina\n|-damage|p2a: Giratina|193/349\n|-enditem|p2a: Giratina|Leftovers|[from] move: Knock Off|[of] p1a: Poliwrath\n|-damage|p1a: Poliwrath|248/302|[from] item: Life Orb\n|move|p2a: Giratina|Dragon Tail|p1a: Poliwrath\n|-damage|p1a: Poliwrath|199/302\n|drag|p1a: Pincurchin|Pincurchin, F|161/258 brn\n|-fieldstart|move: Electric Terrain|[from] ability: Electric Surge|[of] p1a: Pincurchin\n|\n|-heal|p1a: Pincurchin|177/258 brn|[from] item: Leftovers\n|-damage|p1a: Pincurchin|161/258 brn|[from] brn\n|upkeep\n|turn|7\n|\n|t:|1781433003\n|move|p1a: Pincurchin|Thunderbolt|p2a: Giratina\n|-resisted|p2a: Giratina\n|-damage|p2a: Giratina|125/349\n|move|p2a: Giratina|Dragon Tail|p1a: Pincurchin\n|-damage|p1a: Pincurchin|116/258 brn\n|drag|p1a: Vigoroth|Vigoroth, L85, F|275/275\n|\n|upkeep\n|turn|8\n|\n|t:|1781433025\n|switch|p1a: Pincurchin|Pincurchin, F|116/258 brn\n|move|p2a: Giratina|Rest||[still]\n|-activate|p2a: Giratina|move: Electric Terrain\n|-fail|p2a: Giratina\n|\n|-heal|p1a: Pincurchin|132/258 brn|[from] item: Leftovers\n|-damage|p1a: Pincurchin|116/258 brn|[from] brn\n|upkeep\n|turn|9\n|\n|t:|1781433047\n|switch|p2a: Rotom|Rotom-Mow, L87|229/229\n|move|p1a: Pincurchin|Recover|p1a: Pincurchin\n|-heal|p1a: Pincurchin|245/258 brn\n|\n|-heal|p1a: Pincurchin|258/258 brn|[from] item: Leftovers\n|-damage|p1a: Pincurchin|242/258 brn|[from] brn\n|upkeep\n|turn|10\n|\n|t:|1781433058\n|move|p2a: Rotom|Volt Switch|p1a: Pincurchin\n|-resisted|p1a: Pincurchin\n|-crit|p1a: Pincurchin\n|-damage|p1a: Pincurchin|192/258 brn\n|\n|t:|1781433062\n|switch|p2a: Giratina|Giratina, L75|125/349|[from] Volt Switch\n|-status|p2a: Giratina|psn\n|-ability|p2a: Giratina|Pressure\n|move|p1a: Pincurchin|Toxic Spikes|p2a: Giratina\n|-sidestart|p2: Mexx241|move: Toxic Spikes\n|\n|-heal|p1a: Pincurchin|208/258 brn|[from] item: Leftovers\n|-damage|p2a: Giratina|82/349 psn|[from] psn\n|-damage|p1a: Pincurchin|192/258 brn|[from] brn\n|-fieldend|move: Electric Terrain\n|upkeep\n|turn|11\n|inactive|no calc edzooto has 120 seconds left.\n|l|\u2606Mexx241\n|inactive|Mexx241 disconnected and has a minute to reconnect!\n|player|p2|\n|\n|t:|1781433108\n|switch|p1a: Poliwrath|Poliwrath, L88, F|199/302\n|move|p2a: Giratina|Rest|p2a: Giratina\n|-status|p2a: Giratina|slp|[from] move: Rest\n|-heal|p2a: Giratina|349/349 slp|[silent]\n|\n|upkeep\n|turn|12\n|inactive|Mexx241 has 30 seconds to reconnect!\n|inactive|Mexx241 has 20 seconds to reconnect!\n|inactive|Mexx241 has 15 seconds to reconnect!\n|inactive|Mexx241 has 10 seconds to reconnect!\n|inactive|Mexx241 has 5 seconds to reconnect!\n|-message|Mexx241 lost due to inactivity.\n|\n|win|no calc edzooto\n|raw|no calc edzooto's rating: 1695 &rarr; <strong>1716</strong><br />(+21 for winning)\n|raw|Mexx241's rating: 1717 &rarr; <strong>1696</strong><br />(-21 for losing)\n", "inputlog": ">version a8376a258c1d4662feba110a92103f3664a72141\n>start {\"formatid\":\"gen9randombattle\",\"seed\":\"sodium,b144106b245e6598c864b601d960f399\",\"rated\":\"Rated battle\"}\n>player p1 {\"name\":\"no calc edzooto\",\"avatar\":\"102\",\"rating\":1695,\"seed\":\"sodium,298152a3ba9ab0b39d02b6788e92bd80\"}\n>player p2 {\"name\":\"Mexx241\",\"avatar\":\"101\",\"rating\":1717,\"seed\":\"sodium,8cd30143cedc642154c767015b7423f5\"}\n>p1 switch 3\n>p2 move flipturn\n>p2 switch 3\n>p1 switch 5\n>p2 move willowisp\n>p1 move toxicspikes\n>p2 move voltswitch\n>p2 switch 6\n>p1 move scald\n>p2 move defog\n>p1 move toxicspikes\n>p2 move dragontail\n>p1 move knockoff\n>p2 move dragontail\n>p1 move thunderbolt\n>p2 move dragontail\n>p1 switch 6\n>p2 move rest\n>p1 move recover\n>p2 switch 6\n>p1 move toxicspikes\n>p2 move voltswitch\n>p2 switch 6\n>p1 switch 5\n>p2 move rest\n>forcelose p2", "uploadtime": 1781433170, "views": 4, "formatid": "gen9randombattle", "rating": 1696, "private": 0, "password": null, "player_dets": [{"name": "no calc edzooto", "avatar": "102", "rating": 1695, "seed": "sodium,298152a3ba9ab0b39d02b6788e92bd80"}, {"name": "Mexx241", "avatar": "101", "rating": 1717, "seed": "sodium,8cd30143cedc642154c767015b7423f5"}], "teams_full": [{"Darkrai": {"name": "Darkrai", "species": "Darkrai", "speciesId": "darkrai", "gender": "N", "shiny": false, "level": 77, "moves": ["nastyplot", "sludgebomb", "focusblast", "darkpulse"], "ability": "Bad Dreams", "evs": {"hp": 85, "atk": 0, "def": 85, "spa": 85, "spd": 85, "spe": 85}, "ivs": {"hp": 31, "atk": 0, "def": 31, "spa": 31, "spd": 31, "spe": 31}, "item": "Life Orb", "teraType": "Poison", "role": "Setup Sweeper", "bvs": {"hp": 70, "atk": 90, "def": 90, "spa": 135, "spd": 90, "spe": 125}, "stats": {"hp": 234, "atk": 143, "def": 183, "spa": 252, "spd": 183, "spe": 237}, "types": ["Dark"]}, "Pikachu": {"name": "Pikachu", "species": "Pikachu-Sinnoh", "speciesId": "pikachu", "gender": "M", "shiny": false, "level": 93, "moves": ["volttackle", "knockoff", "voltswitch", "surf"], "ability": "Lightning Rod", "evs": {"hp": 85, "atk": 85, "def": 85, "spa": 85, "spd": 85, "spe": 85}, "ivs": {"hp": 31, "atk": 31, "def": 31, "spa": 31, "spd": 31, "spe": 31}, "item": "Light Ball", "teraType": "Water", "role": "Fast Attacker", "bvs": {"hp": 35, "atk": 55, "def": 40, "spa": 50, "spd": 50, "spe": 90}, "stats": {"hp": 216, "atk": 155, "def": 127, "spa": 146, "spd": 146, "spe": 220}, "types": ["Electric"]}, "Poliwrath": {"name": "Poliwrath", "species": "Poliwrath", "speciesId": "poliwrath", "gender": "F", "shiny": false, "level": 88, "moves": ["closecombat", "liquidation", "raindance", "knockoff"], "ability": "Swift Swim", "evs": {"hp": 85, "atk": 85, "def": 85, "spa": 85, "spd": 85, "spe": 85}, "ivs": {"hp": 31, "atk": 31, "def": 31, "spa": 31, "spd": 31, "spe": 31}, "item": "Life Orb", "teraType": "Water", "role": "Setup Sweeper", "bvs": {"hp": 90, "atk": 95, "def": 95, "spa": 70, "spd": 90, "spe": 70}, "stats": {"hp": 302, "atk": 217, "def": 217, "spa": 173, "spd": 209, "spe": 173}, "types": ["Water", "Fighting"]}, "Walking Wake": {"name": "Walking Wake", "species": "Walking Wake", "speciesId": "walkingwake", "gender": "N", "shiny": false, "level": 79, "moves": ["hydrosteam", "sunnyday", "flamethrower", "dracometeor"], "ability": "Protosynthesis", "evs": {"hp": 85, "atk": 0, "def": 85, "spa": 85, "spd": 85, "spe": 85}, "ivs": {"hp": 31, "atk": 0, "def": 31, "spa": 31, "spd": 31, "spe": 31}, "item": "Life Orb", "teraType": "Fire", "role": "Fast Attacker", "bvs": {"hp": 99, "atk": 83, "def": 91, "spa": 125, "spd": 83, "spe": 109}, "stats": {"hp": 286, "atk": 136, "def": 189, "spa": 243, "spd": 177, "spe": 218}, "types": ["Water", "Dragon"]}, "Pincurchin": {"name": "Pincurchin", "species": "Pincurchin", "speciesId": "pincurchin", "gender": "F", "shiny": false, "level": 100, "moves": ["toxicspikes", "thunderbolt", "recover", "scald"], "ability": "Electric Surge", "evs": {"hp": 85, "atk": 0, "def": 85, "spa": 85, "spd": 85, "spe": 85}, "ivs": {"hp": 31, "atk": 0, "def": 31, "spa": 31, "spd": 31, "spe": 31}, "item": "Leftovers", "teraType": "Water", "role": "Bulky Attacker", "bvs": {"hp": 48, "atk": 101, "def": 95, "spa": 91, "spd": 85, "spe": 15}, "stats": {"hp": 258, "atk": 207, "def": 247, "spa": 239, "spd": 227, "spe": 87}, "types": ["Electric"]}, "Vigoroth": {"name": "Vigoroth", "species": "Vigoroth", "speciesId": "vigoroth", "gender": "F", "shiny": false, "level": 85, "moves": ["bodyslam", "bulkup", "earthquake", "slackoff"], "ability": "Vital Spirit", "evs": {"hp": 85, "atk": 85, "def": 85, "spa": 85, "spd": 85, "spe": 85}, "ivs": {"hp": 31, "atk": 31, "def": 31, "spa": 31, "spd": 31, "spe": 31}, "item": "Eviolite", "teraType": "Ground", "role": "Bulky Attacker", "bvs": {"hp": 80, "atk": 80, "def": 80, "spa": 55, "spd": 55, "spe": 90}, "stats": {"hp": 275, "atk": 185, "def": 185, "spa": 142, "spd": 142, "spe": 202}, "types": ["Normal"]}}, {"Alomomola": {"name": "Alomomola", "species": "Alomomola", "speciesId": "alomomola", "gender": "M", "shiny": false, "level": 87, "moves": ["wish", "scald", "protect", "flipturn"], "ability": "Regenerator", "evs": {"hp": 85, "atk": 85, "def": 85, "spa": 85, "spd": 85, "spe": 85}, "ivs": {"hp": 31, "atk": 31, "def": 31, "spa": 31, "spd": 31, "spe": 31}, "item": "Leftovers", "teraType": "Steel", "role": "Bulky Support", "bvs": {"hp": 165, "atk": 75, "def": 80, "spa": 40, "spd": 45, "spe": 65}, "stats": {"hp": 429, "atk": 180, "def": 189, "spa": 119, "spd": 128, "spe": 163}, "types": ["Water"]}, "Meowstic": {"name": "Meowstic", "species": "Meowstic", "speciesId": "meowstic", "gender": "M", "shiny": false, "level": 89, "moves": ["psychicnoise", "lightscreen", "yawn", "reflect"], "ability": "Prankster", "evs": {"hp": 85, "atk": 0, "def": 85, "spa": 85, "spd": 85, "spe": 85}, "ivs": {"hp": 31, "atk": 0, "def": 31, "spa": 31, "spd": 31, "spe": 31}, "item": "Light Clay", "teraType": "Fairy", "role": "Bulky Support", "bvs": {"hp": 74, "atk": 48, "def": 76, "spa": 83, "spd": 81, "spe": 104}, "stats": {"hp": 277, "atk": 90, "def": 186, "spa": 199, "spd": 195, "spe": 236}, "types": ["Psychic"]}, "Rotom": {"name": "Rotom", "species": "Rotom-Mow", "speciesId": "rotommow", "gender": "N", "shiny": false, "level": 87, "moves": ["voltswitch", "leafstorm", "thunderbolt", "willowisp"], "ability": "Levitate", "evs": {"hp": 85, "atk": 0, "def": 85, "spa": 85, "spd": 85, "spe": 85}, "ivs": {"hp": 31, "atk": 0, "def": 31, "spa": 31, "spd": 31, "spe": 31}, "item": "Leftovers", "teraType": "Electric", "role": "Bulky Attacker", "bvs": {"hp": 50, "atk": 65, "def": 107, "spa": 105, "spd": 107, "spe": 86}, "stats": {"hp": 229, "atk": 118, "def": 236, "spa": 232, "spd": 236, "spe": 199}, "types": ["Electric", "Grass"]}, "Jolteon": {"name": "Jolteon", "species": "Jolteon", "speciesId": "jolteon", "gender": "F", "shiny": false, "level": 84, "moves": ["alluringvoice", "shadowball", "calmmind", "thunderbolt"], "ability": "Volt Absorb", "evs": {"hp": 85, "atk": 0, "def": 85, "spa": 85, "spd": 85, "spe": 85}, "ivs": {"hp": 31, "atk": 0, "def": 31, "spa": 31, "spd": 31, "spe": 31}, "item": "Life Orb", "teraType": "Fairy", "role": "Fast Attacker", "bvs": {"hp": 65, "atk": 65, "def": 60, "spa": 110, "spd": 95, "spe": 130}, "stats": {"hp": 246, "atk": 114, "def": 149, "spa": 233, "spd": 208, "spe": 267}, "types": ["Electric"]}, "Grumpig": {"name": "Grumpig", "species": "Grumpig", "speciesId": "grumpig", "gender": "M", "shiny": false, "level": 92, "moves": ["shadowball", "nastyplot", "focusblast", "psyshock"], "ability": "Thick Fat", "evs": {"hp": 85, "atk": 0, "def": 85, "spa": 85, "spd": 85, "spe": 85}, "ivs": {"hp": 31, "atk": 0, "def": 31, "spa": 31, "spd": 31, "spe": 31}, "item": "Leftovers", "teraType": "Fighting", "role": "Bulky Setup", "bvs": {"hp": 80, "atk": 45, "def": 65, "spa": 90, "spd": 110, "spe": 80}, "stats": {"hp": 297, "atk": 87, "def": 172, "spa": 218, "spd": 255, "spe": 200}, "types": ["Psychic"]}, "Giratina": {"name": "Giratina", "species": "Giratina", "speciesId": "giratina", "gender": "N", "shiny": false, "level": 75, "moves": ["rest", "defog", "dragontail", "shadowball"], "ability": "Pressure", "evs": {"hp": 85, "atk": 85, "def": 85, "spa": 85, "spd": 85, "spe": 85}, "ivs": {"hp": 31, "atk": 31, "def": 31, "spa": 31, "spd": 31, "spe": 31}, "item": "Leftovers", "teraType": "Fairy", "role": "Bulky Support", "bvs": {"hp": 150, "atk": 100, "def": 120, "spa": 100, "spd": 120, "spe": 90}, "stats": {"hp": 349, "atk": 194, "def": 224, "spa": 194, "spd": 224, "spe": 179}, "types": ["Ghost", "Dragon"]}}]}