{"id": "gen9randombattle-2631871044", "format": "[Gen 9] Random Battle", "players": ["LegacySaturn56", "Rheny"], "log": "|j|\u2606LegacySaturn56\n|j|\u2606Rheny\n|t:|1781450361\n|gametype|singles\n|player|p1|LegacySaturn56|265|1946\n|player|p2|Rheny|102|1965\n|gen|9\n|tier|[Gen 9] Random Battle\n|rated|\n|rule|Species Clause: Limit one of each Pok\u00e9mon\n|rule|HP Percentage Mod: HP is shown in percentages\n|rule|Sleep Clause Mod: Limit one foe put to sleep\n|rule|Illusion Level Mod: Illusion disguises the Pok\u00e9mon's true level\n|\n|t:|1781450361\n|teamsize|p1|6\n|teamsize|p2|6\n|start\n|switch|p1a: Whimsicott|Whimsicott, L84, F|238/238\n|switch|p2a: Basculegion|Basculegion, L80, M|323/323\n|turn|1\n|inactive|Battle timer is ON: inactive players will automatically lose when time's up. (requested by LegacySaturn56)\n|\n|t:|1781450380\n|move|p1a: Whimsicott|Substitute|p1a: Whimsicott\n|-start|p1a: Whimsicott|Substitute\n|-damage|p1a: Whimsicott|179/238\n|move|p2a: Basculegion|Shadow Ball|p1a: Whimsicott\n|-crit|p1a: Whimsicott\n|-end|p1a: Whimsicott|Substitute\n|\n|-heal|p1a: Whimsicott|193/238|[from] item: Leftovers\n|upkeep\n|turn|2\n|\n|t:|1781450385\n|move|p1a: Whimsicott|Leech Seed|p2a: Basculegion\n|-start|p2a: Basculegion|move: Leech Seed\n|move|p2a: Basculegion|Shadow Ball|p1a: Whimsicott\n|-damage|p1a: Whimsicott|93/238\n|\n|-heal|p1a: Whimsicott|107/238|[from] item: Leftovers\n|-damage|p2a: Basculegion|283/323|[from] Leech Seed|[of] p1a: Whimsicott\n|-heal|p1a: Whimsicott|147/238|[silent]\n|upkeep\n|turn|3\n|inactive|Rheny has 120 seconds left.\n|\n|t:|1781450420\n|move|p1a: Whimsicott|Substitute|p1a: Whimsicott\n|-start|p1a: Whimsicott|Substitute\n|-damage|p1a: Whimsicott|88/238\n|move|p2a: Basculegion|Flip Turn|p1a: Whimsicott\n|-resisted|p1a: Whimsicott\n|-activate|p1a: Whimsicott|move: Substitute|[damage]\n|\n|t:|1781450429\n|switch|p2a: Espathra|Espathra, L80, M|283/283|[from] Flip Turn\n|\n|-heal|p1a: Whimsicott|102/238|[from] item: Leftovers\n|upkeep\n|turn|4\n|\n|t:|1781450435\n|move|p1a: Whimsicott|Leech Seed|p2a: Espathra\n|-start|p2a: Espathra|move: Leech Seed\n|move|p2a: Espathra|Dazzling Gleam|p1a: Whimsicott\n|-end|p1a: Whimsicott|Substitute\n|\n|-heal|p1a: Whimsicott|116/238|[from] item: Leftovers\n|-damage|p2a: Espathra|248/283|[from] Leech Seed|[of] p1a: Whimsicott\n|-heal|p1a: Whimsicott|151/238|[silent]\n|-ability|p2a: Espathra|Speed Boost|boost\n|-boost|p2a: Espathra|spe|1\n|upkeep\n|turn|5\n|\n|t:|1781450452\n|move|p2a: Espathra|Dazzling Gleam|p1a: Whimsicott\n|-damage|p1a: Whimsicott|93/238\n|move|p1a: Whimsicott|Moonblast|p2a: Espathra\n|-damage|p2a: Espathra|133/283\n|\n|-heal|p2a: Espathra|150/283|[from] item: Leftovers\n|-heal|p1a: Whimsicott|107/238|[from] item: Leftovers\n|-damage|p2a: Espathra|115/283|[from] Leech Seed|[of] p1a: Whimsicott\n|-heal|p1a: Whimsicott|142/238|[silent]\n|-ability|p2a: Espathra|Speed Boost|boost\n|-boost|p2a: Espathra|spe|1\n|upkeep\n|turn|6\n|\n|t:|1781450461\n|move|p1a: Whimsicott|Substitute|p1a: Whimsicott\n|-start|p1a: Whimsicott|Substitute\n|-damage|p1a: Whimsicott|83/238\n|move|p2a: Espathra|Roost|p2a: Espathra\n|-heal|p2a: Espathra|257/283\n|-singleturn|p2a: Espathra|move: Roost\n|\n|-heal|p2a: Espathra|274/283|[from] item: Leftovers\n|-heal|p1a: Whimsicott|97/238|[from] item: Leftovers\n|-damage|p2a: Espathra|239/283|[from] Leech Seed|[of] p1a: Whimsicott\n|-heal|p1a: Whimsicott|132/238|[silent]\n|-ability|p2a: Espathra|Speed Boost|boost\n|-boost|p2a: Espathra|spe|1\n|upkeep\n|turn|7\n|\n|t:|1781450466\n|switch|p2a: Overqwil|Overqwil, L82, M|274/274\n|-ability|p2a: Overqwil|Intimidate|boost\n|-immune|p1a: Whimsicott\n|move|p1a: Whimsicott|Encore|p2a: Overqwil\n|-hint|Since gen 7, Dark is immune to Prankster moves.\n|-immune|p2a: Overqwil\n|\n|-heal|p1a: Whimsicott|146/238|[from] item: Leftovers\n|upkeep\n|turn|8\n|\n|t:|1781450475\n|move|p1a: Whimsicott|Leech Seed|p2a: Overqwil\n|-hint|Since gen 7, Dark is immune to Prankster moves.\n|-immune|p2a: Overqwil\n|move|p2a: Overqwil|Crunch|p1a: Whimsicott\n|-resisted|p1a: Whimsicott\n|-end|p1a: Whimsicott|Substitute\n|\n|-heal|p1a: Whimsicott|160/238|[from] item: Leftovers\n|upkeep\n|turn|9\n|\n|t:|1781450503\n|switch|p1a: Carbink|Carbink, L90|236/236\n|move|p2a: Overqwil|Crunch|p1a: Carbink\n|-resisted|p1a: Carbink\n|-damage|p1a: Carbink|194/236\n|\n|-heal|p1a: Carbink|208/236|[from] item: Leftovers\n|upkeep\n|turn|10\n|\n|t:|1781450508\n|switch|p2a: Basculegion|Basculegion, L80, M|283/323\n|move|p1a: Carbink|Rock Polish|p1a: Carbink\n|-boost|p1a: Carbink|spe|2\n|\n|-heal|p1a: Carbink|222/236|[from] item: Leftovers\n|upkeep\n|turn|11\n|\n|t:|1781450514\n|move|p1a: Carbink|Iron Defense|p1a: Carbink\n|-boost|p1a: Carbink|def|2\n|move|p2a: Basculegion|Wave Crash|p1a: Carbink\n|-supereffective|p1a: Carbink\n|-damage|p1a: Carbink|118/236\n|-damage|p2a: Basculegion|249/323|[from] Recoil\n|\n|-heal|p1a: Carbink|132/236|[from] item: Leftovers\n|upkeep\n|turn|12\n|\n|t:|1781450532\n|switch|p1a: Wo-Chien|Wo-Chien, L83|277/277\n|-ability|p1a: Wo-Chien|Tablets of Ruin\n|move|p2a: Basculegion|Wave Crash|p1a: Wo-Chien\n|-resisted|p1a: Wo-Chien\n|-damage|p1a: Wo-Chien|220/277\n|-damage|p2a: Basculegion|230/323|[from] Recoil\n|\n|-heal|p1a: Wo-Chien|237/277|[from] item: Leftovers\n|upkeep\n|turn|13\n|\n|t:|1781450544\n|move|p2a: Basculegion|Flip Turn|p1a: Wo-Chien\n|-resisted|p1a: Wo-Chien\n|-damage|p1a: Wo-Chien|203/277\n|\n|t:|1781450547\n|switch|p2a: Dudunsparce|Dudunsparce, L83, M|343/343|[from] Flip Turn\n|move|p1a: Wo-Chien|Stun Spore|p2a: Dudunsparce\n|-status|p2a: Dudunsparce|par\n|\n|-heal|p1a: Wo-Chien|220/277|[from] item: Leftovers\n|upkeep\n|turn|14\n|\n|t:|1781450553\n|move|p1a: Wo-Chien|Leech Seed|p2a: Dudunsparce\n|-start|p2a: Dudunsparce|move: Leech Seed\n|move|p2a: Dudunsparce|Glare|p1a: Wo-Chien\n|-status|p1a: Wo-Chien|par\n|\n|-heal|p1a: Wo-Chien|237/277 par|[from] item: Leftovers\n|-damage|p2a: Dudunsparce|301/343 par|[from] Leech Seed|[of] p1a: Wo-Chien\n|-heal|p1a: Wo-Chien|277/277 par|[silent]\n|upkeep\n|turn|15\n|\n|t:|1781450565\n|switch|p2a: Whiscash|Whiscash, L88, F|337/337\n|cant|p1a: Wo-Chien|par\n|\n|upkeep\n|turn|16\n|\n|t:|1781450576\n|switch|p2a: Overqwil|Overqwil, L82, M|274/274\n|-ability|p2a: Overqwil|Intimidate|boost\n|-unboost|p1a: Wo-Chien|atk|1\n|move|p1a: Wo-Chien|Leech Seed|p2a: Overqwil\n|-start|p2a: Overqwil|move: Leech Seed\n|\n|-damage|p2a: Overqwil|240/274|[from] Leech Seed|[of] p1a: Wo-Chien\n|upkeep\n|turn|17\n|\n|t:|1781450588\n|move|p2a: Overqwil|Gunk Shot|p1a: Wo-Chien\n|-supereffective|p1a: Wo-Chien\n|-damage|p1a: Wo-Chien|0 fnt\n|faint|p1a: Wo-Chien\n|\n|upkeep\n|inactive|LegacySaturn56 has 120 seconds left.\n|\n|t:|1781450628\n|switch|p1a: Chien-Pao|Chien-Pao, L72|234/234\n|-ability|p1a: Chien-Pao|Sword of Ruin\n|turn|18\n|\n|t:|1781450637\n|switch|p2a: Whiscash|Whiscash, L88, F|337/337\n|move|p1a: Chien-Pao|Swords Dance|p1a: Chien-Pao\n|-boost|p1a: Chien-Pao|atk|2\n|\n|upkeep\n|turn|19\n|inactive|LegacySaturn56 has 120 seconds left.\n|\n|t:|1781450644\n|move|p1a: Chien-Pao|Icicle Crash|p2a: Whiscash\n|-damage|p2a: Whiscash|105/337\n|cant|p2a: Whiscash|flinch\n|\n|-heal|p2a: Whiscash|126/337|[from] item: Leftovers\n|upkeep\n|turn|20\n|\n|t:|1781450652\n|move|p1a: Chien-Pao|Throat Chop|p2a: Whiscash\n|-damage|p2a: Whiscash|0 fnt\n|faint|p2a: Whiscash\n|\n|upkeep\n|\n|t:|1781450655\n|switch|p2a: Dudunsparce|Dudunsparce, L83, M|301/343 par\n|turn|21\n|\n|t:|1781450665\n|-terastallize|p2a: Dudunsparce|Ground\n|move|p1a: Chien-Pao|Icicle Crash|p2a: Dudunsparce\n|-supereffective|p2a: Dudunsparce\n|-damage|p2a: Dudunsparce|0 fnt\n|faint|p2a: Dudunsparce\n|\n|upkeep\n|c|\u2606Rheny|ah u dont have sacred sword\n|\n|t:|1781450677\n|switch|p2a: Overqwil|Overqwil, L82, M|240/274\n|-ability|p2a: Overqwil|Intimidate|boost\n|-unboost|p1a: Chien-Pao|atk|1\n|turn|22\n|\n|t:|1781450686\n|move|p1a: Chien-Pao|Icicle Crash|p2a: Overqwil\n|-damage|p2a: Overqwil|86/274\n|cant|p2a: Overqwil|flinch\n|\n|upkeep\n|turn|23\n|\n|t:|1781450693\n|move|p1a: Chien-Pao|Icicle Crash|p2a: Overqwil\n|-damage|p2a: Overqwil|0 fnt\n|faint|p2a: Overqwil\n|\n|upkeep\n|c|\u2606Rheny|lol\n|c|\u2606Rheny|okay man\n|c|\u2606LegacySaturn56|mb\n|\n|t:|1781450699\n|switch|p2a: Basculegion|Basculegion, L80, M|230/323\n|turn|24\n|\n|t:|1781450703\n|move|p1a: Chien-Pao|Throat Chop|p2a: Basculegion\n|-supereffective|p2a: Basculegion\n|-damage|p2a: Basculegion|0 fnt\n|faint|p2a: Basculegion\n|\n|upkeep\n|c|\u2606Rheny|yeah its not ur fault\n|c|\u2606Rheny|unfortunately the game is a big steaming pile of dogshxt 99% of the imme\n|-message|Rheny forfeited.\n|\n|win|LegacySaturn56\n", "inputlog": ">version a8376a258c1d4662feba110a92103f3664a72141\n>start {\"formatid\":\"gen9randombattle\",\"seed\":\"sodium,7f5b08606a88b5e98d4e8ca782e3f229\",\"rated\":\"Rated battle\"}\n>player p1 {\"name\":\"LegacySaturn56\",\"avatar\":\"265\",\"rating\":1946,\"seed\":\"sodium,9f0fc3238581413ec23837f4475e1676\"}\n>player p2 {\"name\":\"Rheny\",\"avatar\":\"102\",\"rating\":1965,\"seed\":\"sodium,1f9c42909c54e8f40494fee0f1f4503a\"}\n>p1 move substitute\n>p2 move shadowball\n>p1 move leechseed\n>p2 move shadowball\n>p1 move substitute\n>p2 move flipturn\n>p2 switch 2\n>p1 move leechseed\n>p2 move dazzlinggleam\n>p1 move moonblast\n>p2 move dazzlinggleam\n>p1 move substitute\n>p2 move roost\n>p1 move encore\n>p2 switch 4\n>p1 move leechseed\n>p2 move crunch\n>p1 switch 4\n>p2 move crunch\n>p1 move rockpolish\n>p2 switch 2\n>p1 move irondefense\n>p2 move wavecrash\n>p1 switch 3\n>p2 move wavecrash\n>p1 move stunspore\n>p2 move flipturn\n>p2 switch 5\n>p1 move leechseed\n>p2 move glare\n>p1 move knockoff\n>p2 switch 3\n>p1 move leechseed\n>p2 switch 2\n>p1 move stunspore\n>p2 move gunkshot\n>p1 switch 2\n>p1 move swordsdance\n>p2 switch 2\n>p1 move iciclecrash\n>p2 move hydropump\n>p1 move throatchop\n>p2 move hydropump\n>p2 switch 3\n>p1 move iciclecrash\n>p2 move glare terastallize\n>chat \u2606Rheny|ah u dont have sacred sword\n>p2 switch 2\n>p1 move iciclecrash\n>p2 move gunkshot\n>p1 move iciclecrash\n>p2 move gunkshot\n>chat \u2606Rheny|lol \n>chat \u2606Rheny|okay man \n>chat \u2606LegacySaturn56|mb\n>p2 switch 5\n>p1 move throatchop\n>p2 move wavecrash\n>chat \u2606Rheny|yeah its not ur fault\n>chat \u2606Rheny|unfortunately the game is a big steaming pile of dogshxt 99% of the imme\n>forcelose p2", "uploadtime": 1781450363, "views": 5, "formatid": "gen9randombattle", "rating": null, "private": 0, "password": null, "player_dets": [{"name": "LegacySaturn56", "avatar": "265", "rating": 1946, "seed": "sodium,9f0fc3238581413ec23837f4475e1676"}, {"name": "Rheny", "avatar": "102", "rating": 1965, "seed": "sodium,1f9c42909c54e8f40494fee0f1f4503a"}], "teams_full": [{"Whimsicott": {"name": "Whimsicott", "species": "Whimsicott", "speciesId": "whimsicott", "gender": "F", "shiny": false, "level": 84, "moves": ["substitute", "leechseed", "moonblast", "encore"], "ability": "Prankster", "evs": {"hp": 85, "atk": 0, "def": 85, "spa": 85, "spd": 85, "spe": 85}, "ivs": {"hp": 31, "atk": 0, "def": 31, "spa": 31, "spd": 31, "spe": 31}, "item": "Leftovers", "teraType": "Steel", "role": "Bulky Support", "bvs": {"hp": 60, "atk": 67, "def": 85, "spa": 77, "spd": 75, "spe": 116}, "stats": {"hp": 238, "atk": 117, "def": 191, "spa": 178, "spd": 174, "spe": 243}, "types": ["Grass", "Fairy"]}, "Chien-Pao": {"name": "Chien-Pao", "species": "Chien-Pao", "speciesId": "chienpao", "gender": "N", "shiny": false, "level": 72, "moves": ["swordsdance", "iciclecrash", "iceshard", "throatchop"], "ability": "Sword of Ruin", "evs": {"hp": 85, "atk": 85, "def": 85, "spa": 85, "spd": 85, "spe": 85}, "ivs": {"hp": 31, "atk": 31, "def": 31, "spa": 31, "spd": 31, "spe": 31}, "item": "Heavy-Duty Boots", "teraType": "Ice", "role": "Setup Sweeper", "bvs": {"hp": 80, "atk": 120, "def": 80, "spa": 90, "spd": 65, "spe": 135}, "stats": {"hp": 234, "atk": 215, "def": 157, "spa": 172, "spd": 136, "spe": 236}, "types": ["Dark", "Ice"]}, "Wo-Chien": {"name": "Wo-Chien", "species": "Wo-Chien", "speciesId": "wochien", "gender": "N", "shiny": false, "level": 83, "moves": ["leechseed", "stunspore", "knockoff", "protect"], "ability": "Tablets of Ruin", "evs": {"hp": 85, "atk": 85, "def": 85, "spa": 85, "spd": 85, "spe": 85}, "ivs": {"hp": 31, "atk": 31, "def": 31, "spa": 31, "spd": 31, "spe": 31}, "item": "Leftovers", "teraType": "Poison", "role": "Bulky Support", "bvs": {"hp": 85, "atk": 85, "def": 100, "spa": 95, "spd": 135, "spe": 70}, "stats": {"hp": 277, "atk": 189, "def": 214, "spa": 205, "spd": 272, "spe": 164}, "types": ["Dark", "Grass"]}, "Carbink": {"name": "Carbink", "species": "Carbink", "speciesId": "carbink", "gender": "N", "shiny": false, "level": 90, "moves": ["irondefense", "rockpolish", "moonblast", "bodypress"], "ability": "Sturdy", "evs": {"hp": 85, "atk": 0, "def": 85, "spa": 85, "spd": 85, "spe": 85}, "ivs": {"hp": 31, "atk": 0, "def": 31, "spa": 31, "spd": 31, "spe": 31}, "item": "Leftovers", "teraType": "Fighting", "role": "Fast Bulky Setup", "bvs": {"hp": 50, "atk": 50, "def": 150, "spa": 50, "spd": 150, "spe": 50}, "stats": {"hp": 236, "atk": 95, "def": 321, "spa": 141, "spd": 321, "spe": 141}, "types": ["Rock", "Fairy"]}, "Reuniclus": {"name": "Reuniclus", "species": "Reuniclus", "speciesId": "reuniclus", "gender": "F", "shiny": false, "level": 88, "moves": ["recover", "calmmind", "psychic", "focusblast"], "ability": "Magic Guard", "evs": {"hp": 85, "atk": 0, "def": 85, "spa": 85, "spd": 85, "spe": 85}, "ivs": {"hp": 31, "atk": 0, "def": 31, "spa": 31, "spd": 31, "spe": 31}, "item": "Life Orb", "teraType": "Fighting", "role": "Bulky Setup", "bvs": {"hp": 110, "atk": 65, "def": 75, "spa": 125, "spd": 85, "spe": 30}, "stats": {"hp": 337, "atk": 119, "def": 182, "spa": 270, "spd": 200, "spe": 103}, "types": ["Psychic"]}, "Lumineon": {"name": "Lumineon", "species": "Lumineon", "speciesId": "lumineon", "gender": "F", "shiny": false, "level": 93, "moves": ["icebeam", "encore", "hydropump", "uturn"], "ability": "Storm Drain", "evs": {"hp": 85, "atk": 85, "def": 85, "spa": 85, "spd": 85, "spe": 85}, "ivs": {"hp": 31, "atk": 31, "def": 31, "spa": 31, "spd": 31, "spe": 31}, "item": "Heavy-Duty Boots", "teraType": "Fire", "role": "Fast Support", "bvs": {"hp": 69, "atk": 69, "def": 76, "spa": 69, "spd": 86, "spe": 91}, "stats": {"hp": 279, "atk": 181, "def": 194, "spa": 181, "spd": 213, "spe": 222}, "types": ["Water"]}}, {"Basculegion": {"name": "Basculegion", "species": "Basculegion", "speciesId": "basculegion", "gender": "M", "shiny": false, "level": 80, "moves": ["flipturn", "aquajet", "shadowball", "wavecrash"], "ability": "Adaptability", "evs": {"hp": 85, "atk": 85, "def": 85, "spa": 85, "spd": 85, "spe": 85}, "ivs": {"hp": 31, "atk": 31, "def": 31, "spa": 31, "spd": 31, "spe": 31}, "item": "Assault Vest", "teraType": "Water", "role": "AV Pivot", "bvs": {"hp": 120, "atk": 112, "def": 65, "spa": 80, "spd": 75, "spe": 78}, "stats": {"hp": 323, "atk": 225, "def": 150, "spa": 174, "spd": 166, "spe": 171}, "types": ["Water", "Ghost"]}, "Espathra": {"name": "Espathra", "species": "Espathra", "speciesId": "espathra", "gender": "M", "shiny": false, "level": 80, "moves": ["dazzlinggleam", "storedpower", "roost", "calmmind"], "ability": "Speed Boost", "evs": {"hp": 85, "atk": 0, "def": 85, "spa": 85, "spd": 85, "spe": 85}, "ivs": {"hp": 31, "atk": 0, "def": 31, "spa": 31, "spd": 31, "spe": 31}, "item": "Leftovers", "teraType": "Fairy", "role": "Fast Bulky Setup", "bvs": {"hp": 95, "atk": 60, "def": 60, "spa": 101, "spd": 60, "spe": 105}, "stats": {"hp": 283, "atk": 101, "def": 142, "spa": 208, "spd": 142, "spe": 214}, "types": ["Psychic"]}, "Whiscash": {"name": "Whiscash", "species": "Whiscash", "speciesId": "whiscash", "gender": "F", "shiny": false, "level": 88, "moves": ["icebeam", "hydropump", "earthquake", "stealthrock"], "ability": "Oblivious", "evs": {"hp": 85, "atk": 85, "def": 85, "spa": 85, "spd": 85, "spe": 85}, "ivs": {"hp": 31, "atk": 31, "def": 31, "spa": 31, "spd": 31, "spe": 31}, "item": "Leftovers", "teraType": "Steel", "role": "Bulky Support", "bvs": {"hp": 110, "atk": 78, "def": 73, "spa": 76, "spd": 71, "spe": 60}, "stats": {"hp": 337, "atk": 188, "def": 179, "spa": 184, "spd": 175, "spe": 156}, "types": ["Water", "Ground"]}, "Overqwil": {"name": "Overqwil", "species": "Overqwil", "speciesId": "overqwil", "gender": "M", "shiny": false, "level": 82, "moves": ["aquajet", "gunkshot", "liquidation", "crunch"], "ability": "Intimidate", "evs": {"hp": 85, "atk": 85, "def": 85, "spa": 85, "spd": 85, "spe": 85}, "ivs": {"hp": 31, "atk": 31, "def": 31, "spa": 31, "spd": 31, "spe": 31}, "item": "Choice Band", "teraType": "Water", "role": "Fast Attacker", "bvs": {"hp": 85, "atk": 115, "def": 95, "spa": 65, "spd": 65, "spe": 85}, "stats": {"hp": 274, "atk": 236, "def": 203, "spa": 154, "spd": 154, "spe": 187}, "types": ["Dark", "Poison"]}, "Dudunsparce": {"name": "Dudunsparce", "species": "Dudunsparce", "speciesId": "dudunsparce", "gender": "M", "shiny": false, "level": 83, "moves": ["glare", "roost", "headbutt", "earthquake"], "ability": "Serene Grace", "evs": {"hp": 85, "atk": 85, "def": 85, "spa": 85, "spd": 85, "spe": 85}, "ivs": {"hp": 31, "atk": 31, "def": 31, "spa": 31, "spd": 31, "spe": 31}, "item": "Leftovers", "teraType": "Ground", "role": "Bulky Support", "bvs": {"hp": 125, "atk": 100, "def": 80, "spa": 85, "spd": 75, "spe": 55}, "stats": {"hp": 343, "atk": 214, "def": 180, "spa": 189, "spd": 172, "spe": 139}, "types": ["Normal"]}, "Meganium": {"name": "Meganium", "species": "Meganium", "speciesId": "meganium", "gender": "M", "shiny": false, "level": 90, "moves": ["earthquake", "knockoff", "petalblizzard", "swordsdance"], "ability": "Overgrow", "evs": {"hp": 85, "atk": 85, "def": 85, "spa": 85, "spd": 85, "spe": 85}, "ivs": {"hp": 31, "atk": 31, "def": 31, "spa": 31, "spd": 31, "spe": 31}, "item": "Leftovers", "teraType": "Steel", "role": "Bulky Setup", "bvs": {"hp": 80, "atk": 82, "def": 100, "spa": 83, "spd": 100, "spe": 80}, "stats": {"hp": 290, "atk": 199, "def": 231, "spa": 201, "spd": 231, "spe": 195}, "types": ["Grass"]}}]}