{"id": "gen9randombattle-2631862528", "format": "[Gen 9] Random Battle", "players": ["Jefejenaro", "coolbai"], "log": "|j|\u2606Jefejenaro\n|j|\u2606coolbai\n|t:|1781449409\n|gametype|singles\n|player|p1|Jefejenaro|wallace|1975\n|player|p2|coolbai|lucas|1956\n|gen|9\n|tier|[Gen 9] Random Battle\n|rated|\n|rule|Species Clause: Limit one of each Pok\u00e9mon\n|rule|HP Percentage Mod: HP is shown in percentages\n|rule|Sleep Clause Mod: Limit one foe put to sleep\n|rule|Illusion Level Mod: Illusion disguises the Pok\u00e9mon's true level\n|\n|t:|1781449409\n|teamsize|p1|6\n|teamsize|p2|6\n|start\n|switch|p1a: Terapagos|Terapagos, L77, F|265/265\n|switch|p2a: Mesprit|Mesprit, L85|275/275\n|-activate|p1a: Terapagos|ability: Tera Shift\n|detailschange|p1a: Terapagos|Terapagos-Terastal, L77, F\n|-heal|p1a: Terapagos|273/273|[silent]\n|turn|1\n|\n|t:|1781449456\n|switch|p1a: Bellibolt|Bellibolt, L84, M|320/320\n|move|p2a: Mesprit|Ice Beam|p1a: Bellibolt\n|-damage|p1a: Bellibolt|246/320\n|-start|p1a: Bellibolt|Charge|Ice Beam|[from] ability: Electromorphosis\n|\n|-heal|p1a: Bellibolt|266/320|[from] item: Leftovers\n|upkeep\n|turn|2\n|\n|t:|1781449463\n|switch|p2a: Electivire|Electivire, L84, M|263/263\n|move|p1a: Bellibolt|Toxic|p2a: Electivire\n|-status|p2a: Electivire|tox\n|\n|-heal|p1a: Bellibolt|286/320|[from] item: Leftovers\n|-damage|p2a: Electivire|247/263 tox|[from] psn\n|upkeep\n|turn|3\n|l|\u2606Jefejenaro\n|player|p1|\n|inactive|Battle timer is ON: inactive players will automatically lose when time's up. (requested by coolbai)\n|j|\u2606Jefejenaro\n|inactive|Jefejenaro reconnected and has 150 seconds left.\n|player|p1|Jefejenaro|wallace|\n|\n|t:|1781449503\n|switch|p1a: Bellossom|Bellossom, L84, F|263/263\n|move|p2a: Electivire|Earthquake|p1a: Bellossom\n|-resisted|p1a: Bellossom\n|-damage|p1a: Bellossom|212/263\n|-damage|p2a: Electivire|221/263 tox|[from] item: Life Orb\n|\n|-heal|p1a: Bellossom|228/263|[from] item: Leftovers\n|-damage|p2a: Electivire|189/263 tox|[from] psn\n|upkeep\n|turn|4\n|\n|t:|1781449511\n|move|p2a: Electivire|Volt Switch|p1a: Bellossom\n|-resisted|p1a: Bellossom\n|-damage|p1a: Bellossom|181/263\n|-damage|p2a: Electivire|163/263 tox|[from] item: Life Orb\n|\n|t:|1781449514\n|switch|p2a: Dragalge|Dragalge, L88, M|258/258|[from] Volt Switch\n|move|p1a: Bellossom|Giga Drain|p2a: Dragalge\n|-resisted|p2a: Dragalge\n|-damage|p2a: Dragalge|245/258\n|-heal|p1a: Bellossom|188/263|[from] drain|[of] p2a: Dragalge\n|\n|-heal|p1a: Bellossom|204/263|[from] item: Leftovers\n|-heal|p2a: Dragalge|258/258|[from] item: Leftovers\n|upkeep\n|turn|5\n|\n|t:|1781449528\n|switch|p1a: Donphan|Donphan, L84, F|288/288\n|move|p2a: Dragalge|Toxic Spikes|p1a: Donphan\n|-sidestart|p1: Jefejenaro|move: Toxic Spikes\n|\n|upkeep\n|turn|6\n|\n|t:|1781449537\n|switch|p2a: Sceptile|Sceptile, L87, F|264/264\n|move|p1a: Donphan|Knock Off|p2a: Sceptile\n|-damage|p2a: Sceptile|113/264\n|-enditem|p2a: Sceptile|Life Orb|[from] move: Knock Off|[of] p1a: Donphan\n|\n|upkeep\n|turn|7\n|\n|t:|1781449550\n|switch|p1a: Terapagos|Terapagos-Terastal, L77, F|273/273\n|move|p2a: Sceptile|Leaf Blade|p1a: Terapagos\n|-activate|p1a: Terapagos|ability: Tera Shell\n|-resisted|p1a: Terapagos\n|-damage|p1a: Terapagos|229/273\n|\n|upkeep\n|turn|8\n|\n|t:|1781449557\n|switch|p2a: Hoopa|Hoopa, L85|275/275\n|move|p1a: Terapagos|Rapid Spin|p2a: Hoopa\n|-immune|p2a: Hoopa\n|\n|upkeep\n|turn|9\n|\n|t:|1781449564\n|switch|p1a: Arcanine|Arcanine-Hisui, L79, F|280/280\n|move|p2a: Hoopa|Nasty Plot|p2a: Hoopa\n|-boost|p2a: Hoopa|spa|2\n|\n|upkeep\n|turn|10\n|\n|t:|1781449570\n|move|p1a: Arcanine|Flare Blitz|p2a: Hoopa\n|-damage|p2a: Hoopa|118/275\n|move|p2a: Hoopa|Psyshock|p1a: Arcanine\n|-damage|p1a: Arcanine|0 fnt\n|faint|p1a: Arcanine\n|-damage|p2a: Hoopa|91/275|[from] item: Life Orb\n|\n|upkeep\n|\n|t:|1781449580\n|switch|p1a: Infernape|Infernape, L82, F|259/259\n|-status|p1a: Infernape|psn\n|turn|11\n|\n|t:|1781449597\n|switch|p2a: Sceptile|Sceptile, L87, F|113/264\n|move|p1a: Infernape|Knock Off|p2a: Sceptile\n|-damage|p2a: Sceptile|62/264\n|\n|-damage|p1a: Infernape|227/259 psn|[from] psn\n|upkeep\n|turn|12\n|inactive|Jefejenaro has 120 seconds left.\n|inactive|Jefejenaro has 90 seconds left.\n|inactive|Jefejenaro has 60 seconds left.\n|inactive|Jefejenaro has 30 seconds left.\n|inactive|Jefejenaro has 20 seconds left.\n|inactive|Jefejenaro has 15 seconds left.\n|inactive|Jefejenaro has 10 seconds left.\n|inactive|Jefejenaro has 5 seconds left.\n|-message|Jefejenaro lost due to inactivity.\n|\n|win|coolbai\n", "inputlog": ">version a8376a258c1d4662feba110a92103f3664a72141\n>start {\"formatid\":\"gen9randombattle\",\"seed\":\"sodium,f0679a99fe6fc34fa21af3b190795690\",\"rated\":\"Rated battle\"}\n>player p1 {\"name\":\"Jefejenaro\",\"avatar\":\"wallace\",\"rating\":1975,\"seed\":\"sodium,2b69b4355b3f0b4171411f12434c6a72\"}\n>player p2 {\"name\":\"coolbai\",\"avatar\":\"lucas\",\"rating\":1956,\"seed\":\"sodium,7c528178b0179a73c5f7ac678f081fad\"}\n>p1 switch 2\n>p2 move icebeam\n>p1 move toxic\n>p2 switch 4\n>p1 switch 5\n>p2 move earthquake\n>p1 move gigadrain\n>p2 move voltswitch\n>p2 switch 5\n>p1 switch 3\n>p2 move toxicspikes\n>p1 move knockoff\n>p2 switch 3\n>p1 switch 2\n>p2 move leafblade\n>p1 move rapidspin\n>p2 switch 2\n>p1 switch 4\n>p2 move nastyplot\n>p1 move flareblitz\n>p2 move psyshock\n>p1 switch 6\n>p1 move knockoff\n>p2 switch 2\n>forcelose p1", "uploadtime": 1781449410, "views": 4, "formatid": "gen9randombattle", "rating": null, "private": 0, "password": null, "player_dets": [{"name": "Jefejenaro", "avatar": "wallace", "rating": 1975, "seed": "sodium,2b69b4355b3f0b4171411f12434c6a72"}, {"name": "coolbai", "avatar": "lucas", "rating": 1956, "seed": "sodium,7c528178b0179a73c5f7ac678f081fad"}], "teams_full": [{"Terapagos": {"name": "Terapagos", "species": "Terapagos", "speciesId": "terapagos", "gender": "F", "shiny": false, "level": 77, "moves": ["rapidspin", "calmmind", "earthpower", "terastarstorm"], "ability": "Tera Shift", "evs": {"hp": 85, "atk": 85, "def": 85, "spa": 85, "spd": 85, "spe": 85}, "ivs": {"hp": 31, "atk": 31, "def": 31, "spa": 31, "spd": 31, "spe": 31}, "item": "Heavy-Duty Boots", "teraType": "Stellar", "role": "Fast Bulky Setup", "bvs": {"hp": 90, "atk": 65, "def": 85, "spa": 65, "spd": 85, "spe": 60}, "stats": {"hp": 265, "atk": 145, "def": 175, "spa": 145, "spd": 175, "spe": 137}, "types": ["Normal"]}, "Bellibolt": {"name": "Bellibolt", "species": "Bellibolt", "speciesId": "bellibolt", "gender": "M", "shiny": false, "level": 84, "moves": ["muddywater", "thunderbolt", "slackoff", "toxic"], "ability": "Electromorphosis", "evs": {"hp": 85, "atk": 0, "def": 85, "spa": 85, "spd": 85, "spe": 85}, "ivs": {"hp": 31, "atk": 0, "def": 31, "spa": 31, "spd": 31, "spe": 31}, "item": "Leftovers", "teraType": "Electric", "role": "Bulky Attacker", "bvs": {"hp": 109, "atk": 64, "def": 91, "spa": 103, "spd": 83, "spe": 45}, "stats": {"hp": 320, "atk": 112, "def": 201, "spa": 221, "spd": 188, "spe": 124}, "types": ["Electric"]}, "Donphan": {"name": "Donphan", "species": "Donphan", "speciesId": "donphan", "gender": "F", "shiny": false, "level": 84, "moves": ["icespinner", "earthquake", "knockoff", "iceshard"], "ability": "Sturdy", "evs": {"hp": 85, "atk": 85, "def": 85, "spa": 85, "spd": 85, "spe": 85}, "ivs": {"hp": 31, "atk": 31, "def": 31, "spa": 31, "spd": 31, "spe": 31}, "item": "Choice Band", "teraType": "Steel", "role": "Bulky Support", "bvs": {"hp": 90, "atk": 120, "def": 120, "spa": 60, "spd": 60, "spe": 50}, "stats": {"hp": 288, "atk": 250, "def": 250, "spa": 149, "spd": 149, "spe": 132}, "types": ["Ground"]}, "Arcanine": {"name": "Arcanine", "species": "Arcanine-Hisui", "speciesId": "arcaninehisui", "gender": "F", "shiny": false, "level": 79, "moves": ["morningsun", "extremespeed", "headsmash", "flareblitz"], "ability": "Rock Head", "evs": {"hp": 85, "atk": 85, "def": 85, "spa": 85, "spd": 85, "spe": 85}, "ivs": {"hp": 31, "atk": 31, "def": 31, "spa": 31, "spd": 31, "spe": 31}, "item": "Heavy-Duty Boots", "teraType": "Fire", "role": "Bulky Attacker", "bvs": {"hp": 95, "atk": 115, "def": 80, "spa": 95, "spd": 80, "spe": 90}, "stats": {"hp": 280, "atk": 227, "def": 172, "spa": 196, "spd": 172, "spe": 188}, "types": ["Fire", "Rock"]}, "Bellossom": {"name": "Bellossom", "species": "Bellossom", "speciesId": "bellossom", "gender": "F", "shiny": false, "level": 84, "moves": ["sludgebomb", "quiverdance", "gigadrain", "strengthsap"], "ability": "Chlorophyll", "evs": {"hp": 85, "atk": 0, "def": 85, "spa": 85, "spd": 85, "spe": 85}, "ivs": {"hp": 31, "atk": 0, "def": 31, "spa": 31, "spd": 31, "spe": 31}, "item": "Leftovers", "teraType": "Poison", "role": "Bulky Setup", "bvs": {"hp": 75, "atk": 80, "def": 95, "spa": 90, "spd": 100, "spe": 50}, "stats": {"hp": 263, "atk": 139, "def": 208, "spa": 199, "spd": 216, "spe": 132}, "types": ["Grass"]}, "Infernape": {"name": "Infernape", "species": "Infernape", "speciesId": "infernape", "gender": "F", "shiny": false, "level": 82, "moves": ["flareblitz", "closecombat", "uturn", "knockoff"], "ability": "Blaze", "evs": {"hp": 85, "atk": 85, "def": 85, "spa": 85, "spd": 85, "spe": 85}, "ivs": {"hp": 31, "atk": 31, "def": 31, "spa": 31, "spd": 31, "spe": 31}, "item": "Choice Scarf", "teraType": "Fighting", "role": "Fast Support", "bvs": {"hp": 76, "atk": 104, "def": 71, "spa": 104, "spd": 71, "spe": 108}, "stats": {"hp": 259, "atk": 218, "def": 164, "spa": 218, "spd": 164, "spe": 224}, "types": ["Fire", "Fighting"]}}, {"Mesprit": {"name": "Mesprit", "species": "Mesprit", "speciesId": "mesprit", "gender": "N", "shiny": false, "level": 85, "moves": ["drainpunch", "psychicnoise", "thunderbolt", "icebeam"], "ability": "Levitate", "evs": {"hp": 85, "atk": 85, "def": 85, "spa": 85, "spd": 85, "spe": 85}, "ivs": {"hp": 31, "atk": 31, "def": 31, "spa": 31, "spd": 31, "spe": 31}, "item": "Assault Vest", "teraType": "Fighting", "role": "Bulky Attacker", "bvs": {"hp": 80, "atk": 105, "def": 105, "spa": 105, "spd": 105, "spe": 80}, "stats": {"hp": 275, "atk": 227, "def": 227, "spa": 227, "spd": 227, "spe": 185}, "types": ["Psychic"]}, "Hoopa": {"name": "Hoopa", "species": "Hoopa", "speciesId": "hoopa", "gender": "N", "shiny": false, "level": 85, "moves": ["shadowball", "nastyplot", "psyshock", "focusblast"], "ability": "Magician", "evs": {"hp": 85, "atk": 0, "def": 85, "spa": 85, "spd": 85, "spe": 85}, "ivs": {"hp": 31, "atk": 0, "def": 31, "spa": 31, "spd": 31, "spe": 31}, "item": "Life Orb", "teraType": "Ghost", "role": "Fast Attacker", "bvs": {"hp": 80, "atk": 110, "def": 60, "spa": 150, "spd": 130, "spe": 70}, "stats": {"hp": 275, "atk": 192, "def": 151, "spa": 304, "spd": 270, "spe": 168}, "types": ["Psychic", "Ghost"]}, "Sceptile": {"name": "Sceptile", "species": "Sceptile", "speciesId": "sceptile", "gender": "F", "shiny": false, "level": 87, "moves": ["leafblade", "rockslide", "swordsdance", "earthquake"], "ability": "Overgrow", "evs": {"hp": 85, "atk": 85, "def": 85, "spa": 85, "spd": 85, "spe": 85}, "ivs": {"hp": 31, "atk": 31, "def": 31, "spa": 31, "spd": 31, "spe": 31}, "item": "Life Orb", "teraType": "Rock", "role": "Setup Sweeper", "bvs": {"hp": 70, "atk": 85, "def": 65, "spa": 105, "spd": 85, "spe": 120}, "stats": {"hp": 264, "atk": 198, "def": 163, "spa": 232, "spd": 198, "spe": 259}, "types": ["Grass"]}, "Electivire": {"name": "Electivire", "species": "Electivire", "speciesId": "electivire", "gender": "M", "shiny": false, "level": 84, "moves": ["supercellslam", "icepunch", "earthquake", "voltswitch"], "ability": "Motor Drive", "evs": {"hp": 85, "atk": 85, "def": 85, "spa": 85, "spd": 85, "spe": 85}, "ivs": {"hp": 31, "atk": 31, "def": 31, "spa": 31, "spd": 31, "spe": 31}, "item": "Life Orb", "teraType": "Ground", "role": "Fast Attacker", "bvs": {"hp": 75, "atk": 123, "def": 67, "spa": 95, "spd": 85, "spe": 95}, "stats": {"hp": 263, "atk": 255, "def": 161, "spa": 208, "spd": 191, "spe": 208}, "types": ["Electric"]}, "Dragalge": {"name": "Dragalge", "species": "Dragalge", "speciesId": "dragalge", "gender": "M", "shiny": false, "level": 88, "moves": ["toxicspikes", "sludgewave", "focusblast", "dracometeor"], "ability": "Adaptability", "evs": {"hp": 85, "atk": 0, "def": 85, "spa": 85, "spd": 85, "spe": 85}, "ivs": {"hp": 31, "atk": 0, "def": 31, "spa": 31, "spd": 31, "spe": 31}, "item": "Leftovers", "teraType": "Fighting", "role": "Bulky Attacker", "bvs": {"hp": 65, "atk": 75, "def": 90, "spa": 97, "spd": 123, "spe": 44}, "stats": {"hp": 258, "atk": 137, "def": 209, "spa": 221, "spd": 267, "spe": 128}, "types": ["Poison", "Dragon"]}, "Arceus": {"name": "Arceus", "species": "Arceus-Dark", "speciesId": "arceusdark", "gender": "N", "shiny": false, "level": 71, "moves": ["judgment", "recover", "sludgebomb", "calmmind"], "ability": "Multitype", "evs": {"hp": 85, "atk": 0, "def": 85, "spa": 85, "spd": 85, "spe": 85}, "ivs": {"hp": 31, "atk": 0, "def": 31, "spa": 31, "spd": 31, "spe": 31}, "item": "Dread Plate", "teraType": "Poison", "role": "Bulky Setup", "bvs": {"hp": 120, "atk": 120, "def": 120, "spa": 120, "spd": 120, "spe": 120}, "stats": {"hp": 288, "atk": 175, "def": 212, "spa": 212, "spd": 212, "spe": 212}, "types": ["Dark"]}}]}