{"id": "gen9randombattle-2631648122", "format": "[Gen 9] Random Battle", "players": ["Vaudeville villain", "ato07"], "log": "|j|\u2606Vaudeville villain\n|j|\u203dato07\n|t:|1781414554\n|gametype|singles\n|player|p1|Vaudeville villain|266|2032\n|player|p2|ato07|266|2064\n|gen|9\n|tier|[Gen 9] Random Battle\n|rated|\n|rule|Species Clause: Limit one of each Pok\u00e9mon\n|rule|HP Percentage Mod: HP is shown in percentages\n|rule|Sleep Clause Mod: Limit one foe put to sleep\n|rule|Illusion Level Mod: Illusion disguises the Pok\u00e9mon's true level\n|\n|t:|1781414554\n|teamsize|p1|6\n|teamsize|p2|6\n|start\n|switch|p1a: Hippowdon|Hippowdon, L82, F|311/311\n|switch|p2a: Vaporeon|Vaporeon, L86, F|364/364\n|-weather|Sandstorm|[from] ability: Sand Stream|[of] p1a: Hippowdon\n|turn|1\n|\n|t:|1781414578\n|switch|p1a: Deoxys|Deoxys-Defense, L84|221/221\n|-ability|p1a: Deoxys|Pressure\n|move|p2a: Vaporeon|Scald|p1a: Deoxys\n|-damage|p1a: Deoxys|163/221\n|-status|p1a: Deoxys|brn\n|\n|-weather|Sandstorm|[upkeep]\n|-damage|p1a: Deoxys|150/221 brn|[from] Sandstorm\n|-damage|p2a: Vaporeon|342/364|[from] Sandstorm\n|-heal|p1a: Deoxys|163/221 brn|[from] item: Leftovers\n|-heal|p2a: Vaporeon|364/364|[from] item: Leftovers\n|-damage|p1a: Deoxys|150/221 brn|[from] brn\n|upkeep\n|turn|2\n|\n|t:|1781414601\n|switch|p2a: Jolteon|Jolteon, L84, M|246/246\n|move|p1a: Deoxys|Cosmic Power|p1a: Deoxys\n|-boost|p1a: Deoxys|def|1\n|-boost|p1a: Deoxys|spd|1\n|\n|-weather|Sandstorm|[upkeep]\n|-damage|p2a: Jolteon|231/246|[from] Sandstorm\n|-damage|p1a: Deoxys|137/221 brn|[from] Sandstorm\n|-heal|p1a: Deoxys|150/221 brn|[from] item: Leftovers\n|-damage|p1a: Deoxys|137/221 brn|[from] brn\n|upkeep\n|turn|3\n|\n|t:|1781414612\n|move|p2a: Jolteon|Calm Mind|p2a: Jolteon\n|-boost|p2a: Jolteon|spa|1\n|-boost|p2a: Jolteon|spd|1\n|move|p1a: Deoxys|Recover|p1a: Deoxys\n|-heal|p1a: Deoxys|221/221 brn\n|\n|-weather|Sandstorm|[upkeep]\n|-damage|p2a: Jolteon|216/246|[from] Sandstorm\n|-damage|p1a: Deoxys|208/221 brn|[from] Sandstorm\n|-heal|p1a: Deoxys|221/221 brn|[from] item: Leftovers\n|-damage|p1a: Deoxys|208/221 brn|[from] brn\n|upkeep\n|turn|4\n|\n|t:|1781414625\n|move|p2a: Jolteon|Calm Mind|p2a: Jolteon\n|-boost|p2a: Jolteon|spa|1\n|-boost|p2a: Jolteon|spd|1\n|move|p1a: Deoxys|Cosmic Power|p1a: Deoxys\n|-boost|p1a: Deoxys|def|1\n|-boost|p1a: Deoxys|spd|1\n|\n|-weather|Sandstorm|[upkeep]\n|-damage|p2a: Jolteon|201/246|[from] Sandstorm\n|-damage|p1a: Deoxys|195/221 brn|[from] Sandstorm\n|-heal|p1a: Deoxys|208/221 brn|[from] item: Leftovers\n|-damage|p1a: Deoxys|195/221 brn|[from] brn\n|upkeep\n|turn|5\n|\n|t:|1781414637\n|move|p2a: Jolteon|Alluring Voice|p1a: Deoxys\n|-damage|p1a: Deoxys|148/221 brn\n|-damage|p2a: Jolteon|177/246|[from] item: Life Orb\n|move|p1a: Deoxys|Cosmic Power|p1a: Deoxys\n|-boost|p1a: Deoxys|def|1\n|-boost|p1a: Deoxys|spd|1\n|\n|-weather|none\n|-heal|p1a: Deoxys|161/221 brn|[from] item: Leftovers\n|-damage|p1a: Deoxys|148/221 brn|[from] brn\n|upkeep\n|turn|6\n|\n|t:|1781414649\n|move|p2a: Jolteon|Calm Mind|p2a: Jolteon\n|-boost|p2a: Jolteon|spa|1\n|-boost|p2a: Jolteon|spd|1\n|move|p1a: Deoxys|Cosmic Power|p1a: Deoxys\n|-boost|p1a: Deoxys|def|1\n|-boost|p1a: Deoxys|spd|1\n|\n|-heal|p1a: Deoxys|161/221 brn|[from] item: Leftovers\n|-damage|p1a: Deoxys|148/221 brn|[from] brn\n|upkeep\n|turn|7\n|\n|t:|1781414661\n|move|p2a: Jolteon|Calm Mind|p2a: Jolteon\n|-boost|p2a: Jolteon|spa|1\n|-boost|p2a: Jolteon|spd|1\n|move|p1a: Deoxys|Stored Power|p2a: Jolteon\n|-damage|p2a: Jolteon|131/246\n|\n|-heal|p1a: Deoxys|161/221 brn|[from] item: Leftovers\n|-damage|p1a: Deoxys|148/221 brn|[from] brn\n|upkeep\n|turn|8\n|\n|t:|1781414671\n|move|p2a: Jolteon|Shadow Ball|p1a: Deoxys\n|-supereffective|p1a: Deoxys\n|-damage|p1a: Deoxys|52/221 brn\n|-damage|p2a: Jolteon|107/246|[from] item: Life Orb\n|move|p1a: Deoxys|Cosmic Power|p1a: Deoxys\n|-boost|p1a: Deoxys|def|1\n|-boost|p1a: Deoxys|spd|1\n|\n|-heal|p1a: Deoxys|65/221 brn|[from] item: Leftovers\n|-damage|p1a: Deoxys|52/221 brn|[from] brn\n|upkeep\n|turn|9\n|\n|t:|1781414688\n|-terastallize|p1a: Deoxys|Steel\n|move|p2a: Jolteon|Shadow Ball|p1a: Deoxys\n|-crit|p1a: Deoxys\n|-damage|p1a: Deoxys|0 fnt\n|faint|p1a: Deoxys\n|-damage|p2a: Jolteon|83/246|[from] item: Life Orb\n|\n|upkeep\n|\n|t:|1781414707\n|switch|p1a: Hippowdon|Hippowdon, L82, F|311/311\n|-weather|Sandstorm|[from] ability: Sand Stream|[of] p1a: Hippowdon\n|turn|10\n|\n|t:|1781414712\n|switch|p1a: Swalot|Swalot, L90, M|326/326\n|move|p2a: Jolteon|Shadow Ball|p1a: Swalot\n|-damage|p1a: Swalot|82/326\n|-damage|p2a: Jolteon|59/246|[from] item: Life Orb\n|\n|-weather|Sandstorm|[upkeep]\n|-damage|p2a: Jolteon|44/246|[from] Sandstorm\n|-damage|p1a: Swalot|62/326|[from] Sandstorm\n|-heal|p1a: Swalot|82/326|[from] item: Leftovers\n|upkeep\n|turn|11\n|\n|t:|1781414725\n|move|p2a: Jolteon|Shadow Ball|p1a: Swalot\n|-damage|p1a: Swalot|0 fnt\n|faint|p1a: Swalot\n|-damage|p2a: Jolteon|20/246|[from] item: Life Orb\n|\n|-weather|Sandstorm|[upkeep]\n|-damage|p2a: Jolteon|5/246|[from] Sandstorm\n|upkeep\n|\n|t:|1781414740\n|switch|p1a: Hippowdon|Hippowdon, L82, F|311/311\n|turn|12\n|\n|t:|1781414748\n|move|p2a: Jolteon|Shadow Ball|p1a: Hippowdon\n|-damage|p1a: Hippowdon|42/311\n|-damage|p2a: Jolteon|0 fnt|[from] item: Life Orb\n|faint|p2a: Jolteon\n|move|p1a: Hippowdon|Slack Off|p1a: Hippowdon\n|-heal|p1a: Hippowdon|198/311\n|\n|-weather|Sandstorm|[upkeep]\n|-heal|p1a: Hippowdon|217/311|[from] item: Leftovers\n|upkeep\n|\n|t:|1781414759\n|switch|p2a: Vaporeon|Vaporeon, L86, F|364/364\n|turn|13\n|\n|t:|1781414768\n|switch|p1a: Glalie|Glalie, L96, F|309/309\n|move|p2a: Vaporeon|Scald|p1a: Glalie\n|-damage|p1a: Glalie|222/309\n|\n|-weather|Sandstorm|[upkeep]\n|-damage|p1a: Glalie|203/309|[from] Sandstorm\n|-damage|p2a: Vaporeon|342/364|[from] Sandstorm\n|-heal|p2a: Vaporeon|364/364|[from] item: Leftovers\n|upkeep\n|turn|14\n|\n|t:|1781414782\n|switch|p2a: Probopass|Probopass, L91, F|257/257\n|move|p1a: Glalie|Freeze-Dry|p2a: Probopass\n|-resisted|p2a: Probopass\n|-damage|p2a: Probopass|241/257\n|\n|-weather|none\n|upkeep\n|turn|15\n|\n|t:|1781414808\n|-terastallize|p2a: Probopass|Fighting\n|move|p1a: Glalie|Taunt|p2a: Probopass\n|-start|p2a: Probopass|move: Taunt\n|cant|p2a: Probopass|move: Taunt|Iron Defense\n|\n|upkeep\n|turn|16\n|\n|t:|1781414821\n|switch|p1a: Hippowdon|Hippowdon, L82, F|217/311\n|-weather|Sandstorm|[from] ability: Sand Stream|[of] p1a: Hippowdon\n|move|p2a: Probopass|Body Press|p1a: Hippowdon\n|-damage|p1a: Hippowdon|97/311\n|\n|-weather|Sandstorm|[upkeep]\n|-damage|p2a: Probopass|225/257|[from] Sandstorm\n|-heal|p1a: Hippowdon|116/311|[from] item: Leftovers\n|upkeep\n|turn|17\n|\n|t:|1781414835\n|move|p2a: Probopass|Body Press|p1a: Hippowdon\n|-damage|p1a: Hippowdon|5/311\n|move|p1a: Hippowdon|Slack Off|p1a: Hippowdon\n|-heal|p1a: Hippowdon|161/311\n|\n|-weather|Sandstorm|[upkeep]\n|-damage|p2a: Probopass|209/257|[from] Sandstorm\n|-heal|p1a: Hippowdon|180/311|[from] item: Leftovers\n|-end|p2a: Probopass|move: Taunt\n|upkeep\n|turn|18\n|\n|t:|1781414855\n|move|p2a: Probopass|Iron Defense|p2a: Probopass\n|-boost|p2a: Probopass|def|2\n|move|p1a: Hippowdon|Curse|p1a: Hippowdon\n|-unboost|p1a: Hippowdon|spe|1\n|-boost|p1a: Hippowdon|atk|1\n|-boost|p1a: Hippowdon|def|1\n|\n|-weather|Sandstorm|[upkeep]\n|-damage|p2a: Probopass|193/257|[from] Sandstorm\n|-heal|p1a: Hippowdon|199/311|[from] item: Leftovers\n|upkeep\n|turn|19\n|\n|t:|1781414878\n|move|p2a: Probopass|Iron Defense|p2a: Probopass\n|-boost|p2a: Probopass|def|2\n|move|p1a: Hippowdon|Slack Off|p1a: Hippowdon\n|-heal|p1a: Hippowdon|311/311\n|\n|-weather|Sandstorm|[upkeep]\n|-damage|p2a: Probopass|177/257|[from] Sandstorm\n|upkeep\n|turn|20\n|\n|t:|1781414899\n|move|p2a: Probopass|Iron Defense|p2a: Probopass\n|-boost|p2a: Probopass|def|2\n|move|p1a: Hippowdon|Curse|p1a: Hippowdon\n|-unboost|p1a: Hippowdon|spe|1\n|-boost|p1a: Hippowdon|atk|1\n|-boost|p1a: Hippowdon|def|1\n|\n|-weather|none\n|upkeep\n|turn|21\n|\n|t:|1781414910\n|move|p2a: Probopass|Body Press|p1a: Hippowdon\n|-damage|p1a: Hippowdon|100/311\n|move|p1a: Hippowdon|Curse|p1a: Hippowdon\n|-unboost|p1a: Hippowdon|spe|1\n|-boost|p1a: Hippowdon|atk|1\n|-boost|p1a: Hippowdon|def|1\n|\n|-heal|p1a: Hippowdon|119/311|[from] item: Leftovers\n|upkeep\n|turn|22\n|l|\u2606Vaudeville villain\n|player|p1|\n|j|\u2606Vaudeville villain\n|player|p1|Vaudeville villain|266|\n|\n|t:|1781414951\n|move|p2a: Probopass|Body Press|p1a: Hippowdon\n|-damage|p1a: Hippowdon|0 fnt\n|faint|p1a: Hippowdon\n|\n|upkeep\n|inactive|Battle timer is ON: inactive players will automatically lose when time's up. (requested by ato07)\n|\n|t:|1781414972\n|switch|p1a: Glalie|Glalie, L96, F|203/309\n|turn|23\n|\n|t:|1781414987\n|move|p1a: Glalie|Freeze-Dry|p2a: Probopass\n|-damage|p2a: Probopass|129/257\n|-status|p2a: Probopass|frz\n|-curestatus|p2a: Probopass|frz|[msg]\n|move|p2a: Probopass|Body Press|p1a: Glalie\n|-supereffective|p1a: Glalie\n|-damage|p1a: Glalie|0 fnt\n|faint|p1a: Glalie\n|\n|upkeep\n|j| Zyroth_7\n|inactive|Vaudeville villain has 120 seconds left.\n|\n|t:|1781415016\n|switch|p1a: Iron Hands|Iron Hands, L79|373/373\n|turn|24\n|inactive|Vaudeville villain has 120 seconds left.\n|\n|t:|1781415046\n|move|p2a: Probopass|Body Press|p1a: Iron Hands\n|-damage|p1a: Iron Hands|0 fnt\n|faint|p1a: Iron Hands\n|-end|p1a: Iron Hands|Quark Drive|[silent]\n|\n|upkeep\n|\n|t:|1781415053\n|switch|p1a: Blaziken|Blaziken, L76, M|247/247\n|turn|25\n|\n|t:|1781415072\n|move|p1a: Blaziken|Close Combat|p2a: Probopass\n|-damage|p2a: Probopass|104/257\n|-unboost|p1a: Blaziken|def|1\n|-unboost|p1a: Blaziken|spd|1\n|-damage|p1a: Blaziken|223/247|[from] item: Life Orb\n|move|p2a: Probopass|Body Press|p1a: Blaziken\n|-damage|p1a: Blaziken|0 fnt\n|faint|p1a: Blaziken\n|\n|win|ato07\n", "inputlog": ">version a8376a258c1d4662feba110a92103f3664a72141\n>start {\"formatid\":\"gen9randombattle\",\"seed\":\"sodium,9bb453fd70b27883287e31e430e791c6\",\"rated\":\"Rated battle\"}\n>player p1 {\"name\":\"Vaudeville villain\",\"avatar\":\"266\",\"rating\":2032,\"seed\":\"sodium,64ad2efbd2342c2a2b567d6b406d28b4\"}\n>player p2 {\"name\":\"ato07\",\"avatar\":\"266\",\"rating\":2064,\"seed\":\"sodium,a36cdd41d13d6c7f4e81e37d59d6854c\"}\n>p1 switch 2\n>p2 move scald\n>p1 move cosmicpower\n>p2 switch 6\n>p1 move recover\n>p2 move calmmind\n>p1 move cosmicpower\n>p2 move calmmind\n>p1 move cosmicpower\n>p2 move alluringvoice\n>p1 move cosmicpower\n>p2 move calmmind\n>p1 move storedpower\n>p2 move calmmind\n>p1 move cosmicpower\n>p2 move shadowball\n>p1 move recover terastallize\n>p2 move shadowball\n>p1 switch 2\n>p1 switch 4\n>p2 move shadowball\n>p1 move knockoff\n>p2 move shadowball\n>p1 switch 4\n>p1 move slackoff\n>p2 move shadowball\n>p2 switch 6\n>p1 switch 5\n>p2 move scald\n>p1 move freezedry\n>p2 switch 3\n>p1 move taunt\n>p2 move irondefense terastallize\n>p1 switch 5\n>p2 move bodypress\n>p1 move slackoff\n>p2 move bodypress\n>p1 move curse\n>p2 move irondefense\n>p1 move slackoff\n>p2 move irondefense\n>p1 move curse\n>p2 move irondefense\n>p1 move curse\n>p2 move bodypress\n>p1 move earthquake\n>p2 move bodypress\n>p1 switch 5\n>p1 move freezedry\n>p2 move bodypress\n>p1 switch 3\n>p1 move swordsdance\n>p2 move bodypress\n>p1 switch 6\n>p1 move closecombat\n>p2 move bodypress", "uploadtime": 1781414555, "views": 5, "formatid": "gen9randombattle", "rating": null, "private": 0, "password": null, "player_dets": [{"name": "Vaudeville villain", "avatar": "266", "rating": 2032, "seed": "sodium,64ad2efbd2342c2a2b567d6b406d28b4"}, {"name": "ato07", "avatar": "266", "rating": 2064, "seed": "sodium,a36cdd41d13d6c7f4e81e37d59d6854c"}], "teams_full": [{"Hippowdon": {"name": "Hippowdon", "species": "Hippowdon", "speciesId": "hippowdon", "gender": "F", "shiny": false, "level": 82, "moves": ["earthquake", "stoneedge", "slackoff", "curse"], "ability": "Sand Stream", "evs": {"hp": 85, "atk": 85, "def": 85, "spa": 85, "spd": 85, "spe": 85}, "ivs": {"hp": 31, "atk": 31, "def": 31, "spa": 31, "spd": 31, "spe": 31}, "item": "Leftovers", "teraType": "Steel", "role": "Bulky Setup", "bvs": {"hp": 108, "atk": 112, "def": 118, "spa": 68, "spd": 72, "spe": 47}, "stats": {"hp": 311, "atk": 231, "def": 241, "spa": 159, "spd": 165, "spe": 124}}, "Deoxys": {"name": "Deoxys", "species": "Deoxys-Defense", "speciesId": "deoxysdefense", "gender": "N", "shiny": false, "level": 84, "moves": ["cosmicpower", "recover", "nightshade", "storedpower"], "ability": "Pressure", "evs": {"hp": 85, "atk": 0, "def": 85, "spa": 85, "spd": 85, "spe": 85}, "ivs": {"hp": 31, "atk": 0, "def": 31, "spa": 31, "spd": 31, "spe": 31}, "item": "Leftovers", "teraType": "Steel", "role": "Bulky Setup", "bvs": {"hp": 50, "atk": 70, "def": 160, "spa": 70, "spd": 160, "spe": 90}, "stats": {"hp": 221, "atk": 122, "def": 317, "spa": 166, "spd": 317, "spe": 199}}, "Iron Hands": {"name": "Iron Hands", "species": "Iron Hands", "speciesId": "ironhands", "gender": "N", "shiny": false, "level": 79, "moves": ["wildcharge", "swordsdance", "drainpunch", "icepunch"], "ability": "Quark Drive", "evs": {"hp": 85, "atk": 85, "def": 85, "spa": 85, "spd": 85, "spe": 85}, "ivs": {"hp": 31, "atk": 31, "def": 31, "spa": 31, "spd": 31, "spe": 31}, "item": "Leftovers", "teraType": "Fighting", "role": "Bulky Attacker", "bvs": {"hp": 154, "atk": 140, "def": 108, "spa": 50, "spd": 68, "spe": 50}, "stats": {"hp": 373, "atk": 267, "def": 216, "spa": 125, "spd": 153, "spe": 125}}, "Swalot": {"name": "Swalot", "species": "Swalot", "speciesId": "swalot", "gender": "M", "shiny": false, "level": 90, "moves": ["gunkshot", "knockoff", "earthquake", "swordsdance"], "ability": "Liquid Ooze", "evs": {"hp": 85, "atk": 85, "def": 85, "spa": 85, "spd": 85, "spe": 85}, "ivs": {"hp": 31, "atk": 31, "def": 31, "spa": 31, "spd": 31, "spe": 31}, "item": "Leftovers", "teraType": "Dark", "role": "Bulky Setup", "bvs": {"hp": 100, "atk": 73, "def": 83, "spa": 73, "spd": 83, "spe": 55}, "stats": {"hp": 326, "atk": 183, "def": 201, "spa": 183, "spd": 201, "spe": 150}}, "Glalie": {"name": "Glalie", "species": "Glalie", "speciesId": "glalie", "gender": "F", "shiny": false, "level": 96, "moves": ["taunt", "freezedry", "earthquake", "spikes"], "ability": "Inner Focus", "evs": {"hp": 85, "atk": 85, "def": 85, "spa": 85, "spd": 85, "spe": 85}, "ivs": {"hp": 31, "atk": 31, "def": 31, "spa": 31, "spd": 31, "spe": 31}, "item": "Heavy-Duty Boots", "teraType": "Water", "role": "Fast Support", "bvs": {"hp": 80, "atk": 80, "def": 80, "spa": 80, "spd": 80, "spe": 80}, "stats": {"hp": 309, "atk": 208, "def": 208, "spa": 208, "spd": 208, "spe": 208}}, "Blaziken": {"name": "Blaziken", "species": "Blaziken", "speciesId": "blaziken", "gender": "M", "shiny": false, "level": 76, "moves": ["knockoff", "swordsdance", "flareblitz", "closecombat"], "ability": "Speed Boost", "evs": {"hp": 85, "atk": 85, "def": 85, "spa": 85, "spd": 85, "spe": 85}, "ivs": {"hp": 31, "atk": 31, "def": 31, "spa": 31, "spd": 31, "spe": 31}, "item": "Life Orb", "teraType": "Fighting", "role": "Setup Sweeper", "bvs": {"hp": 80, "atk": 120, "def": 70, "spa": 110, "spd": 70, "spe": 80}, "stats": {"hp": 247, "atk": 226, "def": 150, "spa": 211, "spd": 150, "spe": 166}}}, {"Vaporeon": {"name": "Vaporeon", "species": "Vaporeon", "speciesId": "vaporeon", "gender": "F", "shiny": false, "level": 86, "moves": ["protect", "wish", "calmmind", "scald"], "ability": "Water Absorb", "evs": {"hp": 85, "atk": 0, "def": 85, "spa": 85, "spd": 85, "spe": 85}, "ivs": {"hp": 31, "atk": 0, "def": 31, "spa": 31, "spd": 31, "spe": 31}, "item": "Leftovers", "teraType": "Poison", "role": "Bulky Setup", "bvs": {"hp": 130, "atk": 65, "def": 60, "spa": 110, "spd": 95, "spe": 65}, "stats": {"hp": 364, "atk": 116, "def": 152, "spa": 238, "spd": 213, "spe": 161}}, "Lanturn": {"name": "Lanturn", "species": "Lanturn", "speciesId": "lanturn", "gender": "M", "shiny": false, "level": 89, "moves": ["voltswitch", "thunderbolt", "thunderwave", "scald"], "ability": "Volt Absorb", "evs": {"hp": 85, "atk": 0, "def": 85, "spa": 85, "spd": 85, "spe": 85}, "ivs": {"hp": 31, "atk": 0, "def": 31, "spa": 31, "spd": 31, "spe": 31}, "item": "Heavy-Duty Boots", "teraType": "Flying", "role": "Fast Support", "bvs": {"hp": 125, "atk": 58, "def": 58, "spa": 76, "spd": 76, "spe": 67}, "stats": {"hp": 367, "atk": 108, "def": 154, "spa": 186, "spd": 186, "spe": 170}}, "Probopass": {"name": "Probopass", "species": "Probopass", "speciesId": "probopass", "gender": "F", "shiny": false, "level": 91, "moves": ["flashcannon", "rest", "irondefense", "bodypress"], "ability": "Magnet Pull", "evs": {"hp": 85, "atk": 0, "def": 85, "spa": 85, "spd": 85, "spe": 85}, "ivs": {"hp": 31, "atk": 0, "def": 31, "spa": 31, "spd": 31, "spe": 31}, "item": "Chesto Berry", "teraType": "Fighting", "role": "Bulky Setup", "bvs": {"hp": 60, "atk": 55, "def": 145, "spa": 75, "spd": 150, "spe": 40}, "stats": {"hp": 257, "atk": 105, "def": 316, "spa": 188, "spd": 325, "spe": 125}}, "Bellossom": {"name": "Bellossom", "species": "Bellossom", "speciesId": "bellossom", "gender": "M", "shiny": false, "level": 84, "moves": ["quiverdance", "gigadrain", "sludgebomb", "strengthsap"], "ability": "Chlorophyll", "evs": {"hp": 85, "atk": 0, "def": 85, "spa": 85, "spd": 85, "spe": 85}, "ivs": {"hp": 31, "atk": 0, "def": 31, "spa": 31, "spd": 31, "spe": 31}, "item": "Leftovers", "teraType": "Poison", "role": "Bulky Setup", "bvs": {"hp": 75, "atk": 80, "def": 95, "spa": 90, "spd": 100, "spe": 50}, "stats": {"hp": 263, "atk": 139, "def": 208, "spa": 199, "spd": 216, "spe": 132}}, "Mienshao": {"name": "Mienshao", "species": "Mienshao", "speciesId": "mienshao", "gender": "F", "shiny": false, "level": 83, "moves": ["highjumpkick", "knockoff", "stoneedge", "poisonjab"], "ability": "Reckless", "evs": {"hp": 81, "atk": 85, "def": 85, "spa": 85, "spd": 85, "spe": 85}, "ivs": {"hp": 31, "atk": 31, "def": 31, "spa": 31, "spd": 31, "spe": 31}, "item": "Choice Band", "teraType": "Fighting", "role": "Wallbreaker", "bvs": {"hp": 65, "atk": 125, "def": 60, "spa": 95, "spd": 60, "spe": 105}, "stats": {"hp": 243, "atk": 255, "def": 147, "spa": 205, "spd": 147, "spe": 222}}, "Jolteon": {"name": "Jolteon", "species": "Jolteon", "speciesId": "jolteon", "gender": "M", "shiny": false, "level": 84, "moves": ["thunderbolt", "calmmind", "alluringvoice", "shadowball"], "ability": "Volt Absorb", "evs": {"hp": 85, "atk": 0, "def": 85, "spa": 85, "spd": 85, "spe": 85}, "ivs": {"hp": 31, "atk": 0, "def": 31, "spa": 31, "spd": 31, "spe": 31}, "item": "Life Orb", "teraType": "Electric", "role": "Fast Attacker", "bvs": {"hp": 65, "atk": 65, "def": 60, "spa": 110, "spd": 95, "spe": 130}, "stats": {"hp": 246, "atk": 114, "def": 149, "spa": 233, "spd": 208, "spe": 267}}}]}