{"id": "gen9randombattle-2631372916", "format": "[Gen 9] Random Battle", "players": ["hepooo", "Miercalito"], "log": "|j|\u2606hepooo\n|j|\u2606Miercalito\n|t:|1781376959\n|gametype|singles\n|player|p1|hepooo|morty|2185\n|player|p2|Miercalito|266|2270\n|gen|9\n|tier|[Gen 9] Random Battle\n|rated|\n|rule|Species Clause: Limit one of each Pok\u00e9mon\n|rule|HP Percentage Mod: HP is shown in percentages\n|rule|Sleep Clause Mod: Limit one foe put to sleep\n|rule|Illusion Level Mod: Illusion disguises the Pok\u00e9mon's true level\n|\n|t:|1781376959\n|teamsize|p1|6\n|teamsize|p2|6\n|start\n|switch|p1a: Vaporeon|Vaporeon, L86, M|364/364\n|switch|p2a: Azumarill|Azumarill, L82, F|298/298\n|turn|1\n|inactive|Battle timer is ON: inactive players will automatically lose when time's up. (requested by Miercalito)\n|\n|t:|1781376977\n|switch|p2a: Garganacl|Garganacl, L80, M|291/291\n|move|p1a: Vaporeon|Scald|p2a: Garganacl\n|-supereffective|p2a: Garganacl\n|-damage|p2a: Garganacl|87/291\n|\n|-heal|p2a: Garganacl|105/291|[from] item: Leftovers\n|upkeep\n|turn|2\n|\n|t:|1781376989\n|switch|p2a: Reshiram|Reshiram, L76|277/277\n|-ability|p2a: Reshiram|Turboblaze\n|move|p1a: Vaporeon|Scald|p2a: Reshiram\n|-damage|p2a: Reshiram|192/277\n|\n|upkeep\n|turn|3\n|\n|t:|1781376994\n|move|p1a: Vaporeon|Scald|p2a: Reshiram\n|-damage|p2a: Reshiram|107/277\n|move|p2a: Reshiram|Dragon Tail|p1a: Vaporeon\n|-damage|p1a: Vaporeon|277/364\n|drag|p1a: Groudon|Groudon, L72|263/263\n|-weather|SunnyDay|[from] ability: Drought|[of] p1a: Groudon\n|\n|-weather|SunnyDay|[upkeep]\n|upkeep\n|turn|4\n|\n|t:|1781377003\n|move|p2a: Reshiram|Blue Flare|p1a: Groudon\n|-damage|p1a: Groudon|0 fnt\n|faint|p1a: Groudon\n|\n|-weather|SunnyDay|[upkeep]\n|upkeep\n|\n|t:|1781377010\n|switch|p1a: Porygon-Z|Porygon-Z, L83|277/277\n|-ability|p1a: Porygon-Z|Download|boost\n|-boost|p1a: Porygon-Z|atk|1\n|turn|5\n|\n|t:|1781377021\n|move|p1a: Porygon-Z|Tri Attack|p2a: Reshiram\n|-damage|p2a: Reshiram|19/277\n|move|p2a: Reshiram|Draco Meteor|p1a: Porygon-Z\n|-damage|p1a: Porygon-Z|94/277\n|-unboost|p2a: Reshiram|spa|2\n|\n|-weather|SunnyDay|[upkeep]\n|upkeep\n|turn|6\n|\n|t:|1781377034\n|move|p1a: Porygon-Z|Tri Attack|p2a: Reshiram\n|-damage|p2a: Reshiram|0 fnt\n|faint|p2a: Reshiram\n|\n|-weather|SunnyDay|[upkeep]\n|upkeep\n|\n|t:|1781377040\n|switch|p2a: Garganacl|Garganacl, L80, M|105/291\n|turn|7\n|\n|t:|1781377044\n|switch|p1a: Mamoswine|Mamoswine, L81, F|311/311\n|move|p2a: Garganacl|Recover|p2a: Garganacl\n|-heal|p2a: Garganacl|251/291\n|\n|-weather|none\n|-heal|p2a: Garganacl|269/291|[from] item: Leftovers\n|upkeep\n|turn|8\n|\n|t:|1781377064\n|move|p1a: Mamoswine|Stealth Rock|p2a: Garganacl\n|-sidestart|p2: Miercalito|move: Stealth Rock\n|move|p2a: Garganacl|Stealth Rock|p1a: Mamoswine\n|-sidestart|p1: hepooo|move: Stealth Rock\n|\n|-heal|p2a: Garganacl|287/291|[from] item: Leftovers\n|upkeep\n|turn|9\n|\n|t:|1781377082\n|move|p1a: Mamoswine|Earthquake|p2a: Garganacl\n|-supereffective|p2a: Garganacl\n|-damage|p2a: Garganacl|45/291\n|-damage|p1a: Mamoswine|280/311|[from] item: Life Orb\n|move|p2a: Garganacl|Salt Cure|p1a: Mamoswine\n|-damage|p1a: Mamoswine|235/311\n|-start|p1a: Mamoswine|Salt Cure\n|\n|-heal|p2a: Garganacl|63/291|[from] item: Leftovers\n|-damage|p1a: Mamoswine|197/311|[from] Salt Cure\n|upkeep\n|turn|10\n|\n|t:|1781377089\n|switch|p1a: Vaporeon|Vaporeon, L86, M|277/364\n|-damage|p1a: Vaporeon|232/364|[from] Stealth Rock\n|move|p2a: Garganacl|Recover|p2a: Garganacl\n|-heal|p2a: Garganacl|209/291\n|\n|-heal|p1a: Vaporeon|254/364|[from] item: Leftovers\n|-heal|p2a: Garganacl|227/291|[from] item: Leftovers\n|upkeep\n|turn|11\n|\n|t:|1781377097\n|switch|p2a: Reuniclus|Reuniclus, L88, M|337/337\n|move|p1a: Vaporeon|Scald|p2a: Reuniclus\n|-damage|p2a: Reuniclus|237/337\n|\n|-heal|p1a: Vaporeon|276/364|[from] item: Leftovers\n|upkeep\n|turn|12\n|\n|t:|1781377104\n|switch|p1a: Sableye|Sableye, L88, F|231/231\n|-damage|p1a: Sableye|203/231|[from] Stealth Rock\n|move|p2a: Reuniclus|Psyshock|p1a: Sableye\n|-immune|p1a: Sableye\n|\n|-heal|p1a: Sableye|217/231|[from] item: Leftovers\n|upkeep\n|turn|13\n|\n|t:|1781377108\n|switch|p2a: Mudsdale|Mudsdale, L83, F|302/302\n|-damage|p2a: Mudsdale|284/302|[from] Stealth Rock\n|move|p1a: Sableye|Knock Off|p2a: Mudsdale\n|-damage|p2a: Mudsdale|197/302\n|-ability|p2a: Mudsdale|Stamina|boost\n|-boost|p2a: Mudsdale|def|1\n|-enditem|p2a: Mudsdale|Leftovers|[from] move: Knock Off|[of] p1a: Sableye\n|\n|-heal|p1a: Sableye|231/231|[from] item: Leftovers\n|upkeep\n|turn|14\n|\n|t:|1781377112\n|move|p1a: Sableye|Will-O-Wisp|p2a: Mudsdale|[miss]\n|-miss|p1a: Sableye|p2a: Mudsdale\n|move|p2a: Mudsdale|Roar|p1a: Sableye\n|drag|p1a: Cresselia|Cresselia, L80, F|323/323\n|-damage|p1a: Cresselia|283/323|[from] Stealth Rock\n|\n|-heal|p1a: Cresselia|303/323|[from] item: Leftovers\n|upkeep\n|turn|15\n|\n|t:|1781377122\n|switch|p1a: Vaporeon|Vaporeon, L86, M|276/364\n|-damage|p1a: Vaporeon|231/364|[from] Stealth Rock\n|move|p2a: Mudsdale|Heavy Slam|p1a: Vaporeon\n|-resisted|p1a: Vaporeon\n|-damage|p1a: Vaporeon|171/364\n|\n|-heal|p1a: Vaporeon|193/364|[from] item: Leftovers\n|upkeep\n|turn|16\n|\n|t:|1781377127\n|move|p1a: Vaporeon|Scald|p2a: Mudsdale\n|-supereffective|p2a: Mudsdale\n|-damage|p2a: Mudsdale|0 fnt\n|faint|p2a: Mudsdale\n|\n|-heal|p1a: Vaporeon|215/364|[from] item: Leftovers\n|upkeep\n|\n|t:|1781377130\n|switch|p2a: Azumarill|Azumarill, L82, F|298/298\n|-damage|p2a: Azumarill|261/298|[from] Stealth Rock\n|turn|17\n|\n|t:|1781377132\n|move|p1a: Vaporeon|Scald|p2a: Azumarill\n|-resisted|p2a: Azumarill\n|-damage|p2a: Azumarill|205/298\n|move|p2a: Azumarill|Belly Drum|p2a: Azumarill\n|-damage|p2a: Azumarill|56/298\n|-setboost|p2a: Azumarill|atk|6|[from] move: Belly Drum\n|-enditem|p2a: Azumarill|Sitrus Berry|[eat]\n|-heal|p2a: Azumarill|130/298|[from] item: Sitrus Berry\n|\n|-heal|p1a: Vaporeon|237/364|[from] item: Leftovers\n|upkeep\n|turn|18\n|\n|t:|1781377138\n|move|p1a: Vaporeon|Haze|p1a: Vaporeon\n|-clearallboost\n|move|p2a: Azumarill|Play Rough|p1a: Vaporeon\n|-damage|p1a: Vaporeon|80/364\n|\n|-heal|p1a: Vaporeon|102/364|[from] item: Leftovers\n|upkeep\n|turn|19\n|\n|t:|1781377148\n|move|p1a: Vaporeon|Scald|p2a: Azumarill\n|-resisted|p2a: Azumarill\n|-damage|p2a: Azumarill|73/298\n|-status|p2a: Azumarill|brn\n|move|p2a: Azumarill|Play Rough|p1a: Vaporeon|[miss]\n|-miss|p2a: Azumarill|p1a: Vaporeon\n|\n|-heal|p1a: Vaporeon|124/364|[from] item: Leftovers\n|-damage|p2a: Azumarill|55/298 brn|[from] brn\n|upkeep\n|turn|20\n|\n|t:|1781377151\n|move|p1a: Vaporeon|Wish|p1a: Vaporeon\n|move|p2a: Azumarill|Play Rough|p1a: Vaporeon\n|-damage|p1a: Vaporeon|46/364\n|\n|-heal|p1a: Vaporeon|68/364|[from] item: Leftovers\n|-damage|p2a: Azumarill|37/298 brn|[from] brn\n|upkeep\n|turn|21\n|\n|t:|1781377162\n|move|p1a: Vaporeon|Protect|p1a: Vaporeon\n|-singleturn|p1a: Vaporeon|Protect\n|move|p2a: Azumarill|Play Rough|p1a: Vaporeon\n|-activate|p1a: Vaporeon|move: Protect\n|\n|-heal|p1a: Vaporeon|250/364|[from] move: Wish|[wisher] Vaporeon\n|-heal|p1a: Vaporeon|272/364|[from] item: Leftovers\n|-damage|p2a: Azumarill|19/298 brn|[from] brn\n|upkeep\n|turn|22\n|\n|t:|1781377166\n|move|p1a: Vaporeon|Wish|p1a: Vaporeon\n|move|p2a: Azumarill|Play Rough|p1a: Vaporeon\n|-damage|p1a: Vaporeon|201/364\n|\n|-heal|p1a: Vaporeon|223/364|[from] item: Leftovers\n|-damage|p2a: Azumarill|1/298 brn|[from] brn\n|upkeep\n|turn|23\n|\n|t:|1781377175\n|move|p1a: Vaporeon|Protect|p1a: Vaporeon\n|-singleturn|p1a: Vaporeon|Protect\n|move|p2a: Azumarill|Play Rough|p1a: Vaporeon\n|-activate|p1a: Vaporeon|move: Protect\n|\n|-heal|p1a: Vaporeon|364/364|[from] move: Wish|[wisher] Vaporeon\n|-damage|p2a: Azumarill|0 fnt|[from] brn\n|faint|p2a: Azumarill\n|upkeep\n|\n|t:|1781377177\n|switch|p2a: Garganacl|Garganacl, L80, M|227/291\n|-damage|p2a: Garganacl|191/291|[from] Stealth Rock\n|turn|24\n|\n|t:|1781377181\n|-terastallize|p2a: Garganacl|Dragon\n|move|p1a: Vaporeon|Scald|p2a: Garganacl\n|-resisted|p2a: Garganacl\n|-damage|p2a: Garganacl|139/291\n|move|p2a: Garganacl|Salt Cure|p1a: Vaporeon\n|-damage|p1a: Vaporeon|316/364\n|-start|p1a: Vaporeon|Salt Cure\n|\n|-heal|p1a: Vaporeon|338/364|[from] item: Leftovers\n|-heal|p2a: Garganacl|157/291|[from] item: Leftovers\n|-damage|p1a: Vaporeon|247/364|[from] Salt Cure\n|upkeep\n|turn|25\n|\n|t:|1781377190\n|switch|p1a: Porygon-Z|Porygon-Z, L83|94/277\n|-damage|p1a: Porygon-Z|60/277|[from] Stealth Rock\n|-ability|p1a: Porygon-Z|Download|boost\n|-boost|p1a: Porygon-Z|spa|1\n|move|p2a: Garganacl|Salt Cure|p1a: Porygon-Z\n|-damage|p1a: Porygon-Z|12/277\n|-start|p1a: Porygon-Z|Salt Cure\n|\n|-heal|p2a: Garganacl|175/291|[from] item: Leftovers\n|-damage|p1a: Porygon-Z|0 fnt|[from] Salt Cure\n|faint|p1a: Porygon-Z\n|upkeep\n|\n|t:|1781377206\n|switch|p1a: Mamoswine|Mamoswine, L81, F|197/311\n|-damage|p1a: Mamoswine|159/311|[from] Stealth Rock\n|turn|26\n|\n|t:|1781377211\n|move|p1a: Mamoswine|Icicle Crash|p2a: Garganacl\n|-supereffective|p2a: Garganacl\n|-damage|p2a: Garganacl|0 fnt\n|faint|p2a: Garganacl\n|-damage|p1a: Mamoswine|128/311|[from] item: Life Orb\n|\n|upkeep\n|\n|t:|1781377215\n|switch|p2a: Lucario|Lucario, L84, F|255/255\n|-damage|p2a: Lucario|248/255|[from] Stealth Rock\n|turn|27\n|\n|t:|1781377227\n|switch|p1a: Sableye|Sableye, L88, F|231/231\n|-damage|p1a: Sableye|203/231|[from] Stealth Rock\n|move|p2a: Lucario|Meteor Mash|p1a: Sableye\n|-damage|p1a: Sableye|43/231\n|-damage|p2a: Lucario|223/255|[from] item: Life Orb\n|\n|-heal|p1a: Sableye|57/231|[from] item: Leftovers\n|upkeep\n|turn|28\n|\n|t:|1781377231\n|move|p1a: Sableye|Will-O-Wisp|p2a: Lucario\n|-status|p2a: Lucario|brn\n|move|p2a: Lucario|Meteor Mash|p1a: Sableye\n|-damage|p1a: Sableye|0 fnt\n|faint|p1a: Sableye\n|-damage|p2a: Lucario|198/255 brn|[from] item: Life Orb\n|\n|-damage|p2a: Lucario|183/255 brn|[from] brn\n|upkeep\n|\n|t:|1781377242\n|switch|p1a: Vaporeon|Vaporeon, L86, M|247/364\n|-damage|p1a: Vaporeon|202/364|[from] Stealth Rock\n|turn|29\n|\n|t:|1781377251\n|move|p2a: Lucario|Swords Dance|p2a: Lucario\n|-boost|p2a: Lucario|atk|2\n|move|p1a: Vaporeon|Wish|p1a: Vaporeon\n|\n|-heal|p1a: Vaporeon|224/364|[from] item: Leftovers\n|-damage|p2a: Lucario|168/255 brn|[from] brn\n|upkeep\n|turn|30\n|\n|t:|1781377260\n|move|p1a: Vaporeon|Protect|p1a: Vaporeon\n|-singleturn|p1a: Vaporeon|Protect\n|move|p2a: Lucario|Close Combat|p1a: Vaporeon\n|-activate|p1a: Vaporeon|move: Protect\n|\n|-heal|p1a: Vaporeon|364/364|[from] move: Wish|[wisher] Vaporeon\n|-damage|p2a: Lucario|153/255 brn|[from] brn\n|upkeep\n|turn|31\n|\n|t:|1781377270\n|move|p2a: Lucario|Close Combat|p1a: Vaporeon\n|-damage|p1a: Vaporeon|114/364\n|-unboost|p2a: Lucario|def|1\n|-unboost|p2a: Lucario|spd|1\n|-damage|p2a: Lucario|128/255 brn|[from] item: Life Orb\n|move|p1a: Vaporeon|Scald|p2a: Lucario\n|-crit|p2a: Lucario\n|-damage|p2a: Lucario|0 fnt\n|faint|p2a: Lucario\n|\n|-heal|p1a: Vaporeon|136/364|[from] item: Leftovers\n|upkeep\n|\n|t:|1781377273\n|switch|p2a: Reuniclus|Reuniclus, L88, M|237/337\n|turn|32\n|\n|t:|1781377281\n|move|p1a: Vaporeon|Scald|p2a: Reuniclus\n|-damage|p2a: Reuniclus|134/337\n|move|p2a: Reuniclus|Calm Mind|p2a: Reuniclus\n|-boost|p2a: Reuniclus|spa|1\n|-boost|p2a: Reuniclus|spd|1\n|\n|-heal|p1a: Vaporeon|158/364|[from] item: Leftovers\n|upkeep\n|turn|33\n|\n|t:|1781377285\n|move|p1a: Vaporeon|Haze|p1a: Vaporeon\n|-clearallboost\n|move|p2a: Reuniclus|Recover|p2a: Reuniclus\n|-heal|p2a: Reuniclus|303/337\n|\n|-heal|p1a: Vaporeon|180/364|[from] item: Leftovers\n|upkeep\n|turn|34\n|\n|t:|1781377292\n|move|p1a: Vaporeon|Scald|p2a: Reuniclus\n|-damage|p2a: Reuniclus|207/337\n|move|p2a: Reuniclus|Calm Mind|p2a: Reuniclus\n|-boost|p2a: Reuniclus|spa|1\n|-boost|p2a: Reuniclus|spd|1\n|\n|-heal|p1a: Vaporeon|202/364|[from] item: Leftovers\n|upkeep\n|turn|35\n|\n|t:|1781377297\n|move|p1a: Vaporeon|Haze|p1a: Vaporeon\n|-clearallboost\n|move|p2a: Reuniclus|Psyshock|p1a: Vaporeon\n|-damage|p1a: Vaporeon|27/364\n|\n|-heal|p1a: Vaporeon|49/364|[from] item: Leftovers\n|upkeep\n|turn|36\n|\n|t:|1781377304\n|move|p1a: Vaporeon|Scald|p2a: Reuniclus\n|-damage|p2a: Reuniclus|117/337\n|move|p2a: Reuniclus|Recover|p2a: Reuniclus\n|-heal|p2a: Reuniclus|286/337\n|\n|-heal|p1a: Vaporeon|71/364|[from] item: Leftovers\n|upkeep\n|turn|37\n|\n|t:|1781377309\n|move|p1a: Vaporeon|Scald|p2a: Reuniclus\n|-damage|p2a: Reuniclus|184/337\n|move|p2a: Reuniclus|Psyshock|p1a: Vaporeon\n|-damage|p1a: Vaporeon|0 fnt\n|faint|p1a: Vaporeon\n|\n|upkeep\n|\n|t:|1781377315\n|switch|p1a: Mamoswine|Mamoswine, L81, F|128/311\n|-damage|p1a: Mamoswine|90/311|[from] Stealth Rock\n|turn|38\n|\n|t:|1781377317\n|-terastallize|p1a: Mamoswine|Ground\n|move|p1a: Mamoswine|Earthquake|p2a: Reuniclus\n|-damage|p2a: Reuniclus|0 fnt\n|faint|p2a: Reuniclus\n|-damage|p1a: Mamoswine|59/311|[from] item: Life Orb\n|\n|win|hepooo\n", "inputlog": ">version a8376a258c1d4662feba110a92103f3664a72141\n>start {\"formatid\":\"gen9randombattle\",\"seed\":\"sodium,1d7ed31c790697abfdd27c12bb355734\",\"rated\":\"Rated battle\"}\n>player p1 {\"name\":\"hepooo\",\"avatar\":\"morty\",\"rating\":2185,\"seed\":\"sodium,d94eccc3f8b9539a5212490b4d995989\"}\n>player p2 {\"name\":\"Miercalito\",\"avatar\":\"266\",\"rating\":2270,\"seed\":\"sodium,c91541757719088470e918bdfe350857\"}\n>p1 move scald\n>p2 switch 2\n>p1 move scald\n>p2 switch 5\n>p1 move scald\n>p2 move dragontail\n>p1 move precipiceblades\n>p2 move blueflare\n>p1 switch 6\n>p1 move triattack\n>p2 move dracometeor\n>p1 move triattack\n>p2 move dragontail\n>p2 switch 5\n>p1 switch 3\n>p2 move recover\n>p1 move stealthrock\n>p2 move stealthrock\n>p1 move earthquake\n>p2 move saltcure\n>p1 switch 2\n>p2 move recover\n>p1 move scald\n>p2 switch 3\n>p1 switch 4\n>p2 move psyshock\n>p1 move knockoff\n>p2 switch 4\n>p1 move willowisp\n>p2 move roar\n>p1 switch 4\n>p2 move heavyslam\n>p1 move scald\n>p2 move roar\n>p2 switch 2\n>p1 move scald\n>p2 move bellydrum\n>p1 move haze\n>p2 move playrough\n>p1 move scald\n>p2 move playrough\n>p1 move wish\n>p2 move playrough\n>p1 move protect\n>p2 move playrough\n>p1 move wish\n>p2 move playrough\n>p1 move protect\n>p2 move playrough\n>p2 switch 3\n>p1 move scald\n>p2 move saltcure terastallize\n>p1 switch 3\n>p2 move saltcure\n>p1 switch 2\n>p1 move iciclecrash\n>p2 move recover\n>p2 switch 6\n>p1 switch 5\n>p2 move meteormash\n>p1 move willowisp\n>p2 move meteormash\n>p1 switch 3\n>p1 move wish\n>p2 move swordsdance\n>p1 move protect\n>p2 move closecombat\n>p1 move scald\n>p2 move closecombat\n>p2 switch 4\n>p1 move scald\n>p2 move calmmind\n>p1 move haze\n>p2 move recover\n>p1 move scald\n>p2 move calmmind\n>p1 move haze\n>p2 move psyshock\n>p1 move scald\n>p2 move recover\n>p1 move scald\n>p2 move psyshock\n>p1 switch 5\n>p1 move earthquake terastallize\n>p2 move recover", "uploadtime": 1781376963, "views": 10, "formatid": "gen9randombattle", "rating": null, "private": 0, "password": null, "player_dets": [{"name": "hepooo", "avatar": "morty", "rating": 2185, "seed": "sodium,d94eccc3f8b9539a5212490b4d995989"}, {"name": "Miercalito", "avatar": "266", "rating": 2270, "seed": "sodium,c91541757719088470e918bdfe350857"}], "teams_full": [{"Vaporeon": {"name": "Vaporeon", "species": "Vaporeon", "speciesId": "vaporeon", "gender": "M", "shiny": false, "level": 86, "moves": ["scald", "wish", "protect", "haze"], "ability": "Water Absorb", "evs": {"hp": 85, "atk": 0, "def": 85, "spa": 85, "spd": 85, "spe": 85}, "ivs": {"hp": 31, "atk": 0, "def": 31, "spa": 31, "spd": 31, "spe": 31}, "item": "Leftovers", "teraType": "Poison", "role": "Bulky Attacker", "bvs": {"hp": 130, "atk": 65, "def": 60, "spa": 110, "spd": 95, "spe": 65}, "stats": {"hp": 364, "atk": 116, "def": 152, "spa": 238, "spd": 213, "spe": 161}}, "Groudon": {"name": "Groudon", "species": "Groudon", "speciesId": "groudon", "gender": "N", "shiny": false, "level": 72, "moves": ["thunderwave", "roar", "heatcrash", "precipiceblades"], "ability": "Drought", "evs": {"hp": 85, "atk": 85, "def": 85, "spa": 85, "spd": 85, "spe": 85}, "ivs": {"hp": 31, "atk": 31, "def": 31, "spa": 31, "spd": 31, "spe": 31}, "item": "Leftovers", "teraType": "Fire", "role": "Bulky Attacker", "bvs": {"hp": 100, "atk": 150, "def": 140, "spa": 100, "spd": 90, "spe": 90}, "stats": {"hp": 263, "atk": 258, "def": 244, "spa": 186, "spd": 172, "spe": 172}}, "Mamoswine": {"name": "Mamoswine", "species": "Mamoswine", "speciesId": "mamoswine", "gender": "F", "shiny": false, "level": 81, "moves": ["iceshard", "iciclecrash", "earthquake", "stealthrock"], "ability": "Thick Fat", "evs": {"hp": 85, "atk": 85, "def": 85, "spa": 85, "spd": 85, "spe": 85}, "ivs": {"hp": 31, "atk": 31, "def": 31, "spa": 31, "spd": 31, "spe": 31}, "item": "Life Orb", "teraType": "Ground", "role": "Wallbreaker", "bvs": {"hp": 110, "atk": 130, "def": 80, "spa": 70, "spd": 60, "spe": 80}, "stats": {"hp": 311, "atk": 257, "def": 176, "spa": 160, "spd": 144, "spe": 176}}, "Sableye": {"name": "Sableye", "species": "Sableye", "speciesId": "sableye", "gender": "F", "shiny": false, "level": 88, "moves": ["encore", "knockoff", "recover", "willowisp"], "ability": "Prankster", "evs": {"hp": 85, "atk": 85, "def": 85, "spa": 85, "spd": 85, "spe": 85}, "ivs": {"hp": 31, "atk": 31, "def": 31, "spa": 31, "spd": 31, "spe": 31}, "item": "Leftovers", "teraType": "Steel", "role": "Bulky Support", "bvs": {"hp": 50, "atk": 75, "def": 75, "spa": 65, "spd": 65, "spe": 50}, "stats": {"hp": 231, "atk": 182, "def": 182, "spa": 165, "spd": 165, "spe": 138}}, "Cresselia": {"name": "Cresselia", "species": "Cresselia", "speciesId": "cresselia", "gender": "F", "shiny": false, "level": 80, "moves": ["thunderbolt", "moonlight", "calmmind", "psyshock"], "ability": "Levitate", "evs": {"hp": 85, "atk": 0, "def": 85, "spa": 85, "spd": 85, "spe": 85}, "ivs": {"hp": 31, "atk": 0, "def": 31, "spa": 31, "spd": 31, "spe": 31}, "item": "Leftovers", "teraType": "Poison", "role": "Bulky Setup", "bvs": {"hp": 120, "atk": 70, "def": 110, "spa": 75, "spd": 120, "spe": 85}, "stats": {"hp": 323, "atk": 117, "def": 222, "spa": 166, "spd": 238, "spe": 182}}, "Porygon-Z": {"name": "Porygon-Z", "species": "Porygon-Z", "speciesId": "porygonz", "gender": "N", "shiny": false, "level": 83, "moves": ["shadowball", "trick", "thunderbolt", "triattack"], "ability": "Download", "evs": {"hp": 85, "atk": 0, "def": 85, "spa": 85, "spd": 85, "spe": 85}, "ivs": {"hp": 31, "atk": 0, "def": 31, "spa": 31, "spd": 31, "spe": 31}, "item": "Choice Scarf", "teraType": "Electric", "role": "Fast Attacker", "bvs": {"hp": 85, "atk": 80, "def": 70, "spa": 135, "spd": 75, "spe": 90}, "stats": {"hp": 277, "atk": 137, "def": 164, "spa": 272, "spd": 172, "spe": 197}}}, {"Azumarill": {"name": "Azumarill", "species": "Azumarill", "speciesId": "azumarill", "gender": "F", "shiny": false, "level": 82, "moves": ["liquidation", "bellydrum", "aquajet", "playrough"], "ability": "Huge Power", "evs": {"hp": 85, "atk": 85, "def": 85, "spa": 85, "spd": 85, "spe": 85}, "ivs": {"hp": 31, "atk": 31, "def": 31, "spa": 31, "spd": 31, "spe": 31}, "item": "Sitrus Berry", "teraType": "Water", "role": "Bulky Attacker", "bvs": {"hp": 100, "atk": 50, "def": 80, "spa": 60, "spd": 80, "spe": 50}, "stats": {"hp": 298, "atk": 129, "def": 178, "spa": 146, "spd": 178, "spe": 129}}, "Garganacl": {"name": "Garganacl", "species": "Garganacl", "speciesId": "garganacl", "gender": "M", "shiny": false, "level": 80, "moves": ["recover", "saltcure", "earthquake", "stealthrock"], "ability": "Purifying Salt", "evs": {"hp": 85, "atk": 85, "def": 85, "spa": 85, "spd": 85, "spe": 85}, "ivs": {"hp": 31, "atk": 31, "def": 31, "spa": 31, "spd": 31, "spe": 31}, "item": "Leftovers", "teraType": "Dragon", "role": "Bulky Attacker", "bvs": {"hp": 100, "atk": 100, "def": 130, "spa": 45, "spd": 90, "spe": 35}, "stats": {"hp": 291, "atk": 206, "def": 254, "spa": 118, "spd": 190, "spe": 102}}, "Reuniclus": {"name": "Reuniclus", "species": "Reuniclus", "speciesId": "reuniclus", "gender": "M", "shiny": false, "level": 88, "moves": ["psyshock", "calmmind", "recover", "focusblast"], "ability": "Magic Guard", "evs": {"hp": 85, "atk": 0, "def": 85, "spa": 85, "spd": 85, "spe": 85}, "ivs": {"hp": 31, "atk": 0, "def": 31, "spa": 31, "spd": 31, "spe": 31}, "item": "Life Orb", "teraType": "Fighting", "role": "Bulky Setup", "bvs": {"hp": 110, "atk": 65, "def": 75, "spa": 125, "spd": 85, "spe": 30}, "stats": {"hp": 337, "atk": 119, "def": 182, "spa": 270, "spd": 200, "spe": 103}}, "Mudsdale": {"name": "Mudsdale", "species": "Mudsdale", "speciesId": "mudsdale", "gender": "F", "shiny": false, "level": 83, "moves": ["roar", "stoneedge", "earthquake", "heavyslam"], "ability": "Stamina", "evs": {"hp": 85, "atk": 85, "def": 85, "spa": 85, "spd": 85, "spe": 85}, "ivs": {"hp": 31, "atk": 31, "def": 31, "spa": 31, "spd": 31, "spe": 31}, "item": "Leftovers", "teraType": "Steel", "role": "Bulky Attacker", "bvs": {"hp": 100, "atk": 125, "def": 100, "spa": 55, "spd": 85, "spe": 35}, "stats": {"hp": 302, "atk": 255, "def": 214, "spa": 139, "spd": 189, "spe": 106}}, "Reshiram": {"name": "Reshiram", "species": "Reshiram", "speciesId": "reshiram", "gender": "N", "shiny": false, "level": 76, "moves": ["dragontail", "earthpower", "blueflare", "dracometeor"], "ability": "Turboblaze", "evs": {"hp": 85, "atk": 85, "def": 85, "spa": 85, "spd": 85, "spe": 85}, "ivs": {"hp": 31, "atk": 31, "def": 31, "spa": 31, "spd": 31, "spe": 31}, "item": "Heavy-Duty Boots", "teraType": "Ground", "role": "Fast Attacker", "bvs": {"hp": 100, "atk": 120, "def": 100, "spa": 150, "spd": 120, "spe": 90}, "stats": {"hp": 277, "atk": 226, "def": 196, "spa": 272, "spd": 226, "spe": 181}}, "Lucario": {"name": "Lucario", "species": "Lucario", "speciesId": "lucario", "gender": "F", "shiny": false, "level": 84, "moves": ["extremespeed", "meteormash", "swordsdance", "closecombat"], "ability": "Justified", "evs": {"hp": 85, "atk": 85, "def": 85, "spa": 85, "spd": 85, "spe": 85}, "ivs": {"hp": 31, "atk": 31, "def": 31, "spa": 31, "spd": 31, "spe": 31}, "item": "Life Orb", "teraType": "Normal", "role": "Fast Attacker", "bvs": {"hp": 70, "atk": 110, "def": 70, "spa": 115, "spd": 70, "spe": 90}, "stats": {"hp": 255, "atk": 233, "def": 166, "spa": 241, "spd": 166, "spe": 199}}}]}