{"id": "gen9randombattle-2631896837", "format": "[Gen 9] Random Battle", "players": ["printguap", "rgrgreger"], "log": "|j|\u2606printguap\n|j|\u2606rgrgreger\n|t:|1781453209\n|gametype|singles\n|player|p1|printguap|266|1944\n|player|p2|rgrgreger|zinzolin|1920\n|gen|9\n|tier|[Gen 9] Random Battle\n|rated|\n|rule|Species Clause: Limit one of each Pok\u00e9mon\n|rule|HP Percentage Mod: HP is shown in percentages\n|rule|Sleep Clause Mod: Limit one foe put to sleep\n|rule|Illusion Level Mod: Illusion disguises the Pok\u00e9mon's true level\n|\n|t:|1781453209\n|teamsize|p1|6\n|teamsize|p2|6\n|start\n|switch|p1a: Mewtwo|Mewtwo, L72|272/272\n|switch|p2a: Noctowl|Noctowl, L95, F|344/344\n|-ability|p1a: Mewtwo|Unnerve\n|turn|1\n|inactive|Battle timer is ON: inactive players will automatically lose when time's up. (requested by rgrgreger)\n|\n|t:|1781453225\n|move|p1a: Mewtwo|Nasty Plot|p1a: Mewtwo\n|-boost|p1a: Mewtwo|spa|2\n|move|p2a: Noctowl|Hurricane|p1a: Mewtwo\n|-damage|p1a: Mewtwo|124/272\n|\n|upkeep\n|turn|2\n|\n|t:|1781453231\n|move|p1a: Mewtwo|Psystrike|p2a: Noctowl\n|-damage|p2a: Noctowl|0 fnt\n|faint|p2a: Noctowl\n|-damage|p1a: Mewtwo|97/272|[from] item: Life Orb\n|\n|upkeep\n|\n|t:|1781453235\n|switch|p2a: Lugia|Lugia, L73|275/275\n|turn|3\n|\n|t:|1781453244\n|switch|p1a: Meowstic|Meowstic-F, L89, F|277/277\n|move|p2a: Lugia|Aeroblast|p1a: Meowstic\n|-damage|p1a: Meowstic|195/277\n|\n|upkeep\n|turn|4\n|\n|t:|1781453252\n|move|p1a: Meowstic|Nasty Plot|p1a: Meowstic\n|-boost|p1a: Meowstic|spa|2\n|move|p2a: Lugia|Calm Mind|p2a: Lugia\n|-boost|p2a: Lugia|spa|1\n|-boost|p2a: Lugia|spd|1\n|\n|upkeep\n|turn|5\n|\n|t:|1781453258\n|move|p1a: Meowstic|Dark Pulse|p2a: Lugia\n|-supereffective|p2a: Lugia\n|-damage|p2a: Lugia|198/275\n|-damage|p1a: Meowstic|168/277|[from] item: Life Orb\n|move|p2a: Lugia|Aeroblast|p1a: Meowstic\n|-damage|p1a: Meowstic|44/277\n|\n|upkeep\n|turn|6\n|\n|t:|1781453267\n|move|p1a: Meowstic|Dark Pulse|p2a: Lugia\n|-supereffective|p2a: Lugia\n|-damage|p2a: Lugia|58/275\n|-damage|p1a: Meowstic|17/277|[from] item: Life Orb\n|cant|p2a: Lugia|flinch\n|\n|upkeep\n|turn|7\n|\n|t:|1781453275\n|move|p1a: Meowstic|Dark Pulse|p2a: Lugia\n|-supereffective|p2a: Lugia\n|-damage|p2a: Lugia|0 fnt\n|faint|p2a: Lugia\n|-damage|p1a: Meowstic|0 fnt|[from] item: Life Orb\n|faint|p1a: Meowstic\n|\n|upkeep\n|\n|t:|1781453286\n|switch|p1a: Sandslash|Sandslash, L89, M|278/278\n|switch|p2a: Clawitzer|Clawitzer, L87, M|265/265\n|turn|8\n|\n|t:|1781453294\n|switch|p1a: Keldeo|Keldeo-Resolute, L79|273/273\n|move|p2a: Clawitzer|Water Pulse|p1a: Keldeo\n|-resisted|p1a: Keldeo\n|-damage|p1a: Keldeo|180/273\n|\n|upkeep\n|turn|9\n|\n|t:|1781453303\n|move|p1a: Keldeo|Flip Turn|p2a: Clawitzer\n|-resisted|p2a: Clawitzer\n|-damage|p2a: Clawitzer|244/265\n|\n|t:|1781453307\n|switch|p1a: Glaceon|Glaceon, L94, M|275/275|[from] Flip Turn\n|move|p2a: Clawitzer|Water Pulse|p1a: Glaceon\n|-damage|p1a: Glaceon|127/275\n|\n|upkeep\n|turn|10\n|\n|t:|1781453314\n|move|p1a: Glaceon|Calm Mind|p1a: Glaceon\n|-boost|p1a: Glaceon|spa|1\n|-boost|p1a: Glaceon|spd|1\n|move|p2a: Clawitzer|Water Pulse|p1a: Glaceon\n|-damage|p1a: Glaceon|34/275\n|\n|upkeep\n|turn|11\n|\n|t:|1781453322\n|move|p1a: Glaceon|Freeze-Dry|p2a: Clawitzer\n|-supereffective|p2a: Clawitzer\n|-damage|p2a: Clawitzer|0 fnt\n|faint|p2a: Clawitzer\n|\n|upkeep\n|\n|t:|1781453327\n|switch|p2a: Leafeon|Leafeon, L88, F|258/258\n|turn|12\n|\n|t:|1781453334\n|move|p2a: Leafeon|Leaf Blade|p1a: Glaceon\n|-damage|p1a: Glaceon|0 fnt\n|faint|p1a: Glaceon\n|-damage|p2a: Leafeon|233/258|[from] item: Life Orb\n|\n|upkeep\n|\n|t:|1781453342\n|switch|p1a: Entei|Entei, L78|307/307\n|turn|13\n|\n|t:|1781453347\n|switch|p2a: Bastiodon|Bastiodon, L89, F|252/252\n|move|p1a: Entei|Sacred Fire|p2a: Bastiodon\n|-damage|p2a: Bastiodon|170/252\n|-status|p2a: Bastiodon|brn\n|\n|-damage|p2a: Bastiodon|155/252 brn|[from] brn\n|upkeep\n|turn|14\n|\n|t:|1781453357\n|switch|p1a: Sandslash|Sandslash, L89, M|278/278\n|move|p2a: Bastiodon|Iron Defense|p2a: Bastiodon\n|-boost|p2a: Bastiodon|def|2\n|\n|-damage|p2a: Bastiodon|140/252 brn|[from] brn\n|upkeep\n|turn|15\n|\n|t:|1781453365\n|-terastallize|p2a: Bastiodon|Fighting\n|move|p1a: Sandslash|Spikes|p2a: Bastiodon\n|-sidestart|p2: rgrgreger|Spikes\n|move|p2a: Bastiodon|Rest|p2a: Bastiodon\n|-status|p2a: Bastiodon|slp|[from] move: Rest\n|-heal|p2a: Bastiodon|252/252 slp|[silent]\n|-enditem|p2a: Bastiodon|Chesto Berry|[eat]\n|-curestatus|p2a: Bastiodon|slp|[msg]\n|\n|upkeep\n|turn|16\n|\n|t:|1781453376\n|move|p1a: Sandslash|Spikes|p2a: Bastiodon\n|-sidestart|p2: rgrgreger|Spikes\n|move|p2a: Bastiodon|Iron Defense|p2a: Bastiodon\n|-boost|p2a: Bastiodon|def|2\n|\n|upkeep\n|turn|17\n|\n|t:|1781453381\n|move|p1a: Sandslash|Spikes|p2a: Bastiodon\n|-sidestart|p2: rgrgreger|Spikes\n|move|p2a: Bastiodon|Iron Defense|p2a: Bastiodon\n|-boost|p2a: Bastiodon|def|2\n|\n|upkeep\n|turn|18\n|\n|t:|1781453387\n|move|p1a: Sandslash|Earthquake|p2a: Bastiodon\n|-damage|p2a: Bastiodon|234/252\n|move|p2a: Bastiodon|Body Press|p1a: Sandslash\n|-damage|p1a: Sandslash|0 fnt\n|faint|p1a: Sandslash\n|\n|upkeep\n|\n|t:|1781453415\n|switch|p1a: Mewtwo|Mewtwo, L72|97/272\n|-ability|p1a: Mewtwo|Unnerve\n|turn|19\n|\n|t:|1781453421\n|-terastallize|p1a: Mewtwo|Fire\n|move|p1a: Mewtwo|Fire Blast|p2a: Bastiodon|[miss]\n|-miss|p1a: Mewtwo|p2a: Bastiodon\n|move|p2a: Bastiodon|Body Press|p1a: Mewtwo\n|-damage|p1a: Mewtwo|0 fnt\n|faint|p1a: Mewtwo\n|\n|upkeep\n|inactive|printguap has 120 seconds left.\n|\n|t:|1781453437\n|switch|p1a: Keldeo|Keldeo-Resolute, L79|180/273\n|turn|20\n|\n|t:|1781453443\n|move|p1a: Keldeo|Hydro Pump|p2a: Bastiodon\n|-damage|p2a: Bastiodon|104/252\n|move|p2a: Bastiodon|Body Press|p1a: Keldeo\n|-damage|p1a: Keldeo|0 fnt\n|faint|p1a: Keldeo\n|\n|upkeep\n|-message|printguap forfeited.\n|\n|win|rgrgreger\n", "inputlog": ">version a8376a258c1d4662feba110a92103f3664a72141\n>start {\"formatid\":\"gen9randombattle\",\"seed\":\"sodium,8a683cc4aac0adbef552df06c408f20b\",\"rated\":\"Rated battle\"}\n>player p1 {\"name\":\"printguap\",\"avatar\":\"266\",\"rating\":1944,\"seed\":\"sodium,fb9732fd74cf4f6c309bcf73047d73c1\"}\n>player p2 {\"name\":\"rgrgreger\",\"avatar\":\"zinzolin\",\"rating\":1920,\"seed\":\"sodium,7d487952a99d8416efeb2554c4a3b789\"}\n>p1 move nastyplot\n>p2 move hurricane\n>p1 move psystrike\n>p2 move hypervoice\n>p2 switch 2\n>p1 switch 4\n>p2 move aeroblast\n>p1 move nastyplot\n>p2 move calmmind\n>p1 move darkpulse\n>p2 move aeroblast\n>p1 move darkpulse\n>p2 move recover\n>p1 move darkpulse\n>p2 move recover\n>p1 switch 6\n>p2 switch 5\n>p1 switch 3\n>p2 move waterpulse\n>p1 move flipturn\n>p2 move waterpulse\n>p1 switch 2\n>p1 move calmmind\n>p2 move waterpulse\n>p1 move freezedry\n>p2 move waterpulse\n>p2 switch 3\n>p1 move freezedry\n>p2 move leafblade\n>p1 switch 5\n>p1 move sacredfire\n>p2 switch 4\n>p1 switch 3\n>p2 move irondefense\n>p1 move spikes\n>p2 move rest terastallize\n>p1 move spikes\n>p2 move irondefense\n>p1 move spikes\n>p2 move irondefense\n>p1 move earthquake\n>p2 move bodypress\n>p1 switch 4\n>p1 move fireblast terastallize\n>p2 move bodypress\n>p1 switch 2\n>p1 move hydropump\n>p2 move bodypress\n>forcelose p1", "uploadtime": 1781453211, "views": 9, "formatid": "gen9randombattle", "rating": null, "private": 0, "password": null, "player_dets": [{"name": "printguap", "avatar": "266", "rating": 1944, "seed": "sodium,fb9732fd74cf4f6c309bcf73047d73c1"}, {"name": "rgrgreger", "avatar": "zinzolin", "rating": 1920, "seed": "sodium,7d487952a99d8416efeb2554c4a3b789"}], "teams_full": [{"Mewtwo": {"name": "Mewtwo", "species": "Mewtwo", "speciesId": "mewtwo", "gender": "N", "shiny": false, "level": 72, "moves": ["fireblast", "nastyplot", "psystrike", "recover"], "ability": "Unnerve", "evs": {"hp": 85, "atk": 0, "def": 85, "spa": 85, "spd": 85, "spe": 85}, "ivs": {"hp": 31, "atk": 0, "def": 31, "spa": 31, "spd": 31, "spe": 31}, "item": "Life Orb", "teraType": "Fire", "role": "Setup Sweeper", "bvs": {"hp": 106, "atk": 110, "def": 90, "spa": 154, "spd": 90, "spe": 130}, "stats": {"hp": 272, "atk": 163, "def": 172, "spa": 264, "spd": 172, "spe": 229}}, "Glaceon": {"name": "Glaceon", "species": "Glaceon", "speciesId": "glaceon", "gender": "M", "shiny": false, "level": 94, "moves": ["calmmind", "freezedry", "protect", "wish"], "ability": "Ice Body", "evs": {"hp": 85, "atk": 0, "def": 85, "spa": 85, "spd": 85, "spe": 85}, "ivs": {"hp": 31, "atk": 0, "def": 31, "spa": 31, "spd": 31, "spe": 31}, "item": "Heavy-Duty Boots", "teraType": "Water", "role": "Bulky Setup", "bvs": {"hp": 65, "atk": 60, "def": 110, "spa": 130, "spd": 95, "spe": 65}, "stats": {"hp": 275, "atk": 117, "def": 260, "spa": 298, "spd": 232, "spe": 176}}, "Keldeo": {"name": "Keldeo", "species": "Keldeo-Resolute", "speciesId": "keldeoresolute", "gender": "N", "shiny": false, "level": 79, "moves": ["flipturn", "hydropump", "vacuumwave", "secretsword"], "ability": "Justified", "evs": {"hp": 85, "atk": 85, "def": 85, "spa": 85, "spd": 85, "spe": 85}, "ivs": {"hp": 31, "atk": 31, "def": 31, "spa": 31, "spd": 31, "spe": 31}, "item": "Choice Specs", "teraType": "Fighting", "role": "Fast Attacker", "bvs": {"hp": 91, "atk": 72, "def": 90, "spa": 129, "spd": 90, "spe": 108}, "stats": {"hp": 273, "atk": 159, "def": 188, "spa": 249, "spd": 188, "spe": 216}}, "Meowstic": {"name": "Meowstic", "species": "Meowstic-F", "speciesId": "meowsticf", "gender": "F", "shiny": false, "level": 89, "moves": ["psyshock", "darkpulse", "nastyplot", "thunderbolt"], "ability": "Competitive", "evs": {"hp": 85, "atk": 0, "def": 85, "spa": 85, "spd": 85, "spe": 85}, "ivs": {"hp": 31, "atk": 0, "def": 31, "spa": 31, "spd": 31, "spe": 31}, "item": "Life Orb", "teraType": "Electric", "role": "Setup Sweeper", "bvs": {"hp": 74, "atk": 48, "def": 76, "spa": 83, "spd": 81, "spe": 104}, "stats": {"hp": 277, "atk": 90, "def": 186, "spa": 199, "spd": 195, "spe": 236}}, "Entei": {"name": "Entei", "species": "Entei", "speciesId": "entei", "gender": "N", "shiny": false, "level": 78, "moves": ["stompingtantrum", "sacredfire", "extremespeed", "flareblitz"], "ability": "Inner Focus", "evs": {"hp": 85, "atk": 85, "def": 85, "spa": 85, "spd": 85, "spe": 85}, "ivs": {"hp": 31, "atk": 31, "def": 31, "spa": 31, "spd": 31, "spe": 31}, "item": "Choice Band", "teraType": "Fire", "role": "Wallbreaker", "bvs": {"hp": 115, "atk": 115, "def": 85, "spa": 90, "spd": 75, "spe": 100}, "stats": {"hp": 307, "atk": 224, "def": 178, "spa": 185, "spd": 162, "spe": 201}}, "Sandslash": {"name": "Sandslash", "species": "Sandslash", "speciesId": "sandslash", "gender": "M", "shiny": false, "level": 89, "moves": ["stoneedge", "rapidspin", "earthquake", "spikes"], "ability": "Sand Rush", "evs": {"hp": 85, "atk": 85, "def": 85, "spa": 85, "spd": 85, "spe": 85}, "ivs": {"hp": 31, "atk": 31, "def": 31, "spa": 31, "spd": 31, "spe": 31}, "item": "Leftovers", "teraType": "Dragon", "role": "Bulky Support", "bvs": {"hp": 75, "atk": 100, "def": 110, "spa": 45, "spd": 55, "spe": 65}, "stats": {"hp": 278, "atk": 229, "def": 247, "spa": 131, "spd": 149, "spe": 166}}}, {"Noctowl": {"name": "Noctowl", "species": "Noctowl", "speciesId": "noctowl", "gender": "F", "shiny": false, "level": 95, "moves": ["hurricane", "roost", "calmmind", "hypervoice"], "ability": "Tinted Lens", "evs": {"hp": 85, "atk": 0, "def": 85, "spa": 85, "spd": 85, "spe": 85}, "ivs": {"hp": 31, "atk": 0, "def": 31, "spa": 31, "spd": 31, "spe": 31}, "item": "Heavy-Duty Boots", "teraType": "Normal", "role": "Bulky Attacker", "bvs": {"hp": 100, "atk": 50, "def": 50, "spa": 86, "spd": 96, "spe": 70}, "stats": {"hp": 344, "atk": 100, "def": 149, "spa": 217, "spd": 236, "spe": 187}}, "Lugia": {"name": "Lugia", "species": "Lugia", "speciesId": "lugia", "gender": "N", "shiny": false, "level": 73, "moves": ["aeroblast", "recover", "psychicnoise", "calmmind"], "ability": "Multiscale", "evs": {"hp": 85, "atk": 0, "def": 85, "spa": 85, "spd": 85, "spe": 85}, "ivs": {"hp": 31, "atk": 0, "def": 31, "spa": 31, "spd": 31, "spe": 31}, "item": "Heavy-Duty Boots", "teraType": "Steel", "role": "Setup Sweeper", "bvs": {"hp": 106, "atk": 90, "def": 130, "spa": 90, "spd": 154, "spe": 110}, "stats": {"hp": 275, "atk": 136, "def": 232, "spa": 174, "spd": 267, "spe": 203}}, "Leafeon": {"name": "Leafeon", "species": "Leafeon", "speciesId": "leafeon", "gender": "F", "shiny": false, "level": 88, "moves": ["leafblade", "synthesis", "doubleedge", "swordsdance"], "ability": "Chlorophyll", "evs": {"hp": 85, "atk": 85, "def": 85, "spa": 85, "spd": 85, "spe": 85}, "ivs": {"hp": 31, "atk": 31, "def": 31, "spa": 31, "spd": 31, "spe": 31}, "item": "Life Orb", "teraType": "Normal", "role": "Setup Sweeper", "bvs": {"hp": 65, "atk": 110, "def": 130, "spa": 60, "spd": 65, "spe": 95}, "stats": {"hp": 258, "atk": 244, "def": 279, "spa": 156, "spd": 165, "spe": 217}}, "Bastiodon": {"name": "Bastiodon", "species": "Bastiodon", "speciesId": "bastiodon", "gender": "F", "shiny": false, "level": 89, "moves": ["rest", "foulplay", "irondefense", "bodypress"], "ability": "Soundproof", "evs": {"hp": 85, "atk": 0, "def": 85, "spa": 85, "spd": 85, "spe": 85}, "ivs": {"hp": 31, "atk": 0, "def": 31, "spa": 31, "spd": 31, "spe": 31}, "item": "Chesto Berry", "teraType": "Fighting", "role": "Bulky Setup", "bvs": {"hp": 60, "atk": 52, "def": 168, "spa": 47, "spd": 138, "spe": 30}, "stats": {"hp": 252, "atk": 97, "def": 350, "spa": 134, "spd": 296, "spe": 104}}, "Clawitzer": {"name": "Clawitzer", "species": "Clawitzer", "speciesId": "clawitzer", "gender": "M", "shiny": false, "level": 87, "moves": ["dragonpulse", "uturn", "icebeam", "waterpulse"], "ability": "Mega Launcher", "evs": {"hp": 85, "atk": 85, "def": 85, "spa": 85, "spd": 85, "spe": 85}, "ivs": {"hp": 31, "atk": 31, "def": 31, "spa": 31, "spd": 31, "spe": 31}, "item": "Choice Specs", "teraType": "Dragon", "role": "Wallbreaker", "bvs": {"hp": 71, "atk": 73, "def": 88, "spa": 120, "spd": 89, "spe": 59}, "stats": {"hp": 265, "atk": 177, "def": 203, "spa": 259, "spd": 205, "spe": 152}}, "Greedent": {"name": "Greedent", "species": "Greedent", "speciesId": "greedent", "gender": "M", "shiny": false, "level": 86, "moves": ["swordsdance", "earthquake", "knockoff", "bodyslam"], "ability": "Cheek Pouch", "evs": {"hp": 85, "atk": 85, "def": 85, "spa": 85, "spd": 85, "spe": 85}, "ivs": {"hp": 31, "atk": 31, "def": 31, "spa": 31, "spd": 31, "spe": 31}, "item": "Sitrus Berry", "teraType": "Ground", "role": "Bulky Setup", "bvs": {"hp": 120, "atk": 95, "def": 95, "spa": 55, "spd": 75, "spe": 20}, "stats": {"hp": 347, "atk": 213, "def": 213, "spa": 144, "spd": 178, "spe": 84}}}]}