{"id": "gen9randombattle-2631497549", "format": "[Gen 9] Random Battle", "players": ["TandemUnicycle", "fildrongofficial"], "log": "|j|\u2606TandemUnicycle\n|j|\u2606fildrongofficial\n|t:|1781392600\n|gametype|singles\n|player|p1|TandemUnicycle|grimsley|1871\n|player|p2|fildrongofficial|101|1917\n|gen|9\n|tier|[Gen 9] Random Battle\n|rated|\n|rule|Species Clause: Limit one of each Pok\u00e9mon\n|rule|HP Percentage Mod: HP is shown in percentages\n|rule|Sleep Clause Mod: Limit one foe put to sleep\n|rule|Illusion Level Mod: Illusion disguises the Pok\u00e9mon's true level\n|\n|t:|1781392600\n|teamsize|p1|6\n|teamsize|p2|6\n|start\n|switch|p1a: Dachsbun|Dachsbun, L92, M|254/254\n|switch|p2a: Vespiquen|Vespiquen, L99, F|299/299\n|-ability|p2a: Vespiquen|Pressure\n|turn|1\n|\n|t:|1781392614\n|switch|p1a: Zamazenta|Zamazenta-Crowned, L68|238/238\n|-ability|p1a: Zamazenta|Dauntless Shield|boost\n|-boost|p1a: Zamazenta|def|1\n|move|p2a: Vespiquen|Toxic|p1a: Zamazenta\n|-immune|p1a: Zamazenta\n|\n|upkeep\n|turn|2\n|\n|t:|1781392626\n|move|p1a: Zamazenta|Iron Defense|p1a: Zamazenta\n|-boost|p1a: Zamazenta|def|2\n|move|p2a: Vespiquen|Hurricane|p1a: Zamazenta|[miss]\n|-miss|p2a: Vespiquen|p1a: Zamazenta\n|\n|upkeep\n|turn|3\n|\n|t:|1781392632\n|switch|p2a: Rhydon|Rhydon, L85, M|317/317\n|move|p1a: Zamazenta|Stone Edge|p2a: Rhydon\n|-resisted|p2a: Rhydon\n|-damage|p2a: Rhydon|303/317\n|\n|upkeep\n|turn|4\n|\n|t:|1781392642\n|switch|p2a: Mismagius|Mismagius, L86, M|243/243\n|move|p1a: Zamazenta|Body Press|p2a: Mismagius\n|-immune|p2a: Mismagius\n|\n|upkeep\n|turn|5\n|\n|t:|1781392652\n|move|p2a: Mismagius|Mystical Fire|p1a: Zamazenta\n|-supereffective|p1a: Zamazenta\n|-damage|p1a: Zamazenta|84/238\n|-unboost|p1a: Zamazenta|spa|1\n|move|p1a: Zamazenta|Heavy Slam|p2a: Mismagius\n|-damage|p2a: Mismagius|123/243\n|\n|upkeep\n|turn|6\n|\n|t:|1781392660\n|switch|p1a: Grimmsnarl|Grimmsnarl, L83, M|293/293\n|move|p2a: Mismagius|Mystical Fire|p1a: Grimmsnarl\n|-damage|p1a: Grimmsnarl|196/293\n|-unboost|p1a: Grimmsnarl|spa|1\n|\n|-heal|p1a: Grimmsnarl|214/293|[from] item: Leftovers\n|upkeep\n|turn|7\n|\n|t:|1781392668\n|switch|p2a: Rhydon|Rhydon, L85, M|303/317\n|move|p1a: Grimmsnarl|Parting Shot|p2a: Rhydon\n|-unboost|p2a: Rhydon|atk|1\n|-unboost|p2a: Rhydon|spa|1\n|\n|t:|1781392677\n|switch|p1a: Iron Treads|Iron Treads, L77|265/265|[from] Parting Shot\n|\n|upkeep\n|turn|8\n|\n|t:|1781392686\n|switch|p2a: Vespiquen|Vespiquen, L99, F|299/299\n|-ability|p2a: Vespiquen|Pressure\n|move|p1a: Iron Treads|Stealth Rock|p2a: Vespiquen\n|-sidestart|p2: fildrongofficial|move: Stealth Rock\n|\n|upkeep\n|turn|9\n|\n|t:|1781392695\n|move|p1a: Iron Treads|Iron Head|p2a: Vespiquen\n|-damage|p2a: Vespiquen|233/299\n|move|p2a: Vespiquen|Spikes|p1a: Iron Treads\n|-sidestart|p1: TandemUnicycle|Spikes\n|\n|upkeep\n|turn|10\n|\n|t:|1781392701\n|move|p1a: Iron Treads|Iron Head|p2a: Vespiquen\n|-damage|p2a: Vespiquen|176/299\n|move|p2a: Vespiquen|Spikes|p1a: Iron Treads\n|-sidestart|p1: TandemUnicycle|Spikes\n|\n|upkeep\n|turn|11\n|\n|t:|1781392710\n|switch|p2a: Tauros|Tauros-Paldea-Blaze, L81, M|252/252\n|-damage|p2a: Tauros|221/252|[from] Stealth Rock\n|move|p1a: Iron Treads|Rapid Spin|p2a: Tauros\n|-damage|p2a: Tauros|191/252\n|-boost|p1a: Iron Treads|spe|1\n|-sideend|p1: TandemUnicycle|Spikes|[from] move: Rapid Spin|[of] p1a: Iron Treads\n|\n|upkeep\n|turn|12\n|\n|t:|1781392718\n|move|p1a: Iron Treads|Earthquake|p2a: Tauros\n|-supereffective|p2a: Tauros\n|-damage|p2a: Tauros|11/252\n|-enditem|p2a: Tauros|Sitrus Berry|[eat]\n|-heal|p2a: Tauros|74/252|[from] item: Sitrus Berry\n|move|p2a: Tauros|Raging Bull|p1a: Iron Treads\n|-supereffective|p1a: Iron Treads\n|-damage|p1a: Iron Treads|107/265\n|\n|-heal|p1a: Iron Treads|123/265|[from] item: Leftovers\n|upkeep\n|turn|13\n|\n|t:|1781392732\n|switch|p2a: Mismagius|Mismagius, L86, M|123/243\n|-damage|p2a: Mismagius|93/243|[from] Stealth Rock\n|move|p1a: Iron Treads|Earthquake|p2a: Mismagius\n|-immune|p2a: Mismagius|[from] ability: Levitate\n|\n|-heal|p1a: Iron Treads|139/265|[from] item: Leftovers\n|upkeep\n|turn|14\n|\n|t:|1781392741\n|switch|p2a: Vespiquen|Vespiquen, L99, F|176/299\n|-ability|p2a: Vespiquen|Pressure\n|move|p1a: Iron Treads|Iron Head|p2a: Vespiquen\n|-damage|p2a: Vespiquen|112/299\n|\n|-heal|p1a: Iron Treads|155/265|[from] item: Leftovers\n|upkeep\n|turn|15\n|\n|t:|1781392749\n|move|p1a: Iron Treads|Iron Head|p2a: Vespiquen\n|-damage|p2a: Vespiquen|52/299\n|move|p2a: Vespiquen|Roost|p2a: Vespiquen\n|-heal|p2a: Vespiquen|202/299\n|-singleturn|p2a: Vespiquen|move: Roost\n|\n|-heal|p1a: Iron Treads|171/265|[from] item: Leftovers\n|upkeep\n|turn|16\n|\n|t:|1781392754\n|move|p1a: Iron Treads|Iron Head|p2a: Vespiquen\n|-damage|p2a: Vespiquen|142/299\n|move|p2a: Vespiquen|Hurricane|p1a: Iron Treads\n|-resisted|p1a: Iron Treads\n|-damage|p1a: Iron Treads|84/265\n|\n|-heal|p1a: Iron Treads|100/265|[from] item: Leftovers\n|upkeep\n|turn|17\n|\n|t:|1781392763\n|move|p1a: Iron Treads|Iron Head|p2a: Vespiquen\n|-damage|p2a: Vespiquen|81/299\n|cant|p2a: Vespiquen|flinch\n|\n|-heal|p1a: Iron Treads|116/265|[from] item: Leftovers\n|upkeep\n|turn|18\n|\n|t:|1781392768\n|move|p1a: Iron Treads|Iron Head|p2a: Vespiquen\n|-damage|p2a: Vespiquen|23/299\n|move|p2a: Vespiquen|Roost|p2a: Vespiquen\n|-heal|p2a: Vespiquen|173/299\n|-singleturn|p2a: Vespiquen|move: Roost\n|\n|-heal|p1a: Iron Treads|132/265|[from] item: Leftovers\n|upkeep\n|turn|19\n|\n|t:|1781392772\n|move|p1a: Iron Treads|Iron Head|p2a: Vespiquen\n|-damage|p2a: Vespiquen|112/299\n|move|p2a: Vespiquen|Hurricane|p1a: Iron Treads\n|-resisted|p1a: Iron Treads\n|-damage|p1a: Iron Treads|36/265\n|\n|-heal|p1a: Iron Treads|52/265|[from] item: Leftovers\n|upkeep\n|turn|20\n|\n|t:|1781392778\n|move|p1a: Iron Treads|Iron Head|p2a: Vespiquen\n|-damage|p2a: Vespiquen|55/299\n|move|p2a: Vespiquen|Roost|p2a: Vespiquen\n|-heal|p2a: Vespiquen|205/299\n|-singleturn|p2a: Vespiquen|move: Roost\n|\n|-heal|p1a: Iron Treads|68/265|[from] item: Leftovers\n|upkeep\n|turn|21\n|\n|t:|1781392785\n|move|p1a: Iron Treads|Iron Head|p2a: Vespiquen\n|-damage|p2a: Vespiquen|142/299\n|move|p2a: Vespiquen|Hurricane|p1a: Iron Treads\n|-resisted|p1a: Iron Treads\n|-damage|p1a: Iron Treads|0 fnt\n|faint|p1a: Iron Treads\n|-end|p1a: Iron Treads|Quark Drive|[silent]\n|\n|upkeep\n|\n|t:|1781392791\n|switch|p1a: Talonflame|Talonflame, L83, F|265/265\n|turn|22\n|\n|t:|1781392795\n|switch|p2a: Rhydon|Rhydon, L85, M|303/317\n|-damage|p2a: Rhydon|284/317|[from] Stealth Rock\n|move|p1a: Talonflame|Will-O-Wisp|p2a: Rhydon\n|-status|p2a: Rhydon|brn\n|\n|-damage|p2a: Rhydon|265/317 brn|[from] brn\n|upkeep\n|turn|23\n|\n|t:|1781392803\n|switch|p1a: Dachsbun|Dachsbun, L92, M|254/254\n|move|p2a: Rhydon|Earthquake|p1a: Dachsbun\n|-damage|p1a: Dachsbun|200/254\n|\n|-heal|p1a: Dachsbun|215/254|[from] item: Leftovers\n|-damage|p2a: Rhydon|246/317 brn|[from] brn\n|upkeep\n|turn|24\n|\n|t:|1781392814\n|switch|p2a: Vespiquen|Vespiquen, L99, F|142/299\n|-ability|p2a: Vespiquen|Pressure\n|move|p1a: Dachsbun|Wish|p1a: Dachsbun\n|\n|-heal|p1a: Dachsbun|230/254|[from] item: Leftovers\n|upkeep\n|turn|25\n|\n|t:|1781392821\n|switch|p1a: Zamazenta|Zamazenta-Crowned, L68|84/238\n|move|p2a: Vespiquen|Spikes|p1a: Zamazenta\n|-sidestart|p1: TandemUnicycle|Spikes\n|\n|-heal|p1a: Zamazenta|211/238|[from] move: Wish|[wisher] Dachsbun\n|upkeep\n|turn|26\n|\n|t:|1781392829\n|move|p1a: Zamazenta|Stone Edge|p2a: Vespiquen\n|-supereffective|p2a: Vespiquen\n|-damage|p2a: Vespiquen|0 fnt\n|faint|p2a: Vespiquen\n|\n|upkeep\n|\n|t:|1781392833\n|switch|p2a: Mismagius|Mismagius, L86, M|93/243\n|-damage|p2a: Mismagius|63/243|[from] Stealth Rock\n|turn|27\n|\n|t:|1781392838\n|move|p2a: Mismagius|Mystical Fire|p1a: Zamazenta\n|-supereffective|p1a: Zamazenta\n|-damage|p1a: Zamazenta|53/238\n|-unboost|p1a: Zamazenta|spa|1\n|move|p1a: Zamazenta|Heavy Slam|p2a: Mismagius\n|-damage|p2a: Mismagius|0 fnt\n|faint|p2a: Mismagius\n|\n|upkeep\n|\n|t:|1781392859\n|switch|p2a: Minior|Minior-Green, L79|224/224\n|-damage|p2a: Minior|168/224|[from] Stealth Rock\n|-formechange|p2a: Minior|Minior-Meteor||[from] ability: Shields Down\n|turn|28\n|\n|t:|1781392865\n|-terastallize|p2a: Minior|Water\n|move|p1a: Zamazenta|Heavy Slam|p2a: Minior\n|-resisted|p2a: Minior\n|-damage|p2a: Minior|122/224\n|move|p2a: Minior|Shell Smash|p2a: Minior\n|-unboost|p2a: Minior|def|1\n|-unboost|p2a: Minior|spd|1\n|-boost|p2a: Minior|atk|2\n|-boost|p2a: Minior|spa|2\n|-boost|p2a: Minior|spe|2\n|-enditem|p2a: Minior|White Herb\n|-clearnegativeboost|p2a: Minior|[silent]\n|\n|upkeep\n|turn|29\n|\n|t:|1781392877\n|move|p2a: Minior|Acrobatics|p1a: Zamazenta\n|-damage|p1a: Zamazenta|0 fnt\n|faint|p1a: Zamazenta\n|\n|upkeep\n|\n|t:|1781392883\n|switch|p1a: Dachsbun|Dachsbun, L92, M|230/254\n|-damage|p1a: Dachsbun|199/254|[from] Spikes\n|turn|30\n|\n|t:|1781392893\n|move|p2a: Minior|Acrobatics|p1a: Dachsbun\n|-damage|p1a: Dachsbun|97/254\n|move|p1a: Dachsbun|Play Rough|p2a: Minior\n|-damage|p2a: Minior|23/224\n|\n|-heal|p1a: Dachsbun|112/254|[from] item: Leftovers\n|-formechange|p2a: Minior|Minior-Green||[from] ability: Shields Down\n|upkeep\n|turn|31\n|\n|t:|1781392914\n|move|p2a: Minior|Acrobatics|p1a: Dachsbun\n|-damage|p1a: Dachsbun|0 fnt\n|faint|p1a: Dachsbun\n|\n|upkeep\n|\n|t:|1781392918\n|switch|p1a: Grimmsnarl|Grimmsnarl, L83, M|214/293\n|-damage|p1a: Grimmsnarl|178/293|[from] Spikes\n|turn|32\n|\n|t:|1781392924\n|move|p1a: Grimmsnarl|Sucker Punch|p2a: Minior\n|-damage|p2a: Minior|0 fnt\n|faint|p2a: Minior\n|\n|-heal|p1a: Grimmsnarl|196/293|[from] item: Leftovers\n|upkeep\n|\n|t:|1781392931\n|switch|p2a: Tauros|Tauros-Paldea-Blaze, L81, M|74/252\n|-damage|p2a: Tauros|43/252|[from] Stealth Rock\n|turn|33\n|\n|t:|1781392940\n|move|p1a: Grimmsnarl|Parting Shot|p2a: Tauros\n|-unboost|p2a: Tauros|atk|1\n|-unboost|p2a: Tauros|spa|1\n|\n|t:|1781392943\n|switch|p1a: Talonflame|Talonflame, L83, F|265/265|[from] Parting Shot\n|move|p2a: Tauros|Close Combat|p1a: Talonflame\n|-resisted|p1a: Talonflame\n|-damage|p1a: Talonflame|211/265\n|-unboost|p2a: Tauros|def|1\n|-unboost|p2a: Tauros|spd|1\n|\n|upkeep\n|turn|34\n|\n|t:|1781392950\n|switch|p2a: Rhydon|Rhydon, L85, M|246/317 brn\n|-damage|p2a: Rhydon|227/317 brn|[from] Stealth Rock\n|move|p1a: Talonflame|Brave Bird|p2a: Rhydon\n|-resisted|p2a: Rhydon\n|-damage|p2a: Rhydon|200/317 brn\n|-damage|p1a: Talonflame|202/265|[from] Recoil\n|\n|-damage|p2a: Rhydon|181/317 brn|[from] brn\n|upkeep\n|turn|35\n|\n|t:|1781392960\n|switch|p1a: Walking Wake|Walking Wake, L79|286/286\n|-damage|p1a: Walking Wake|251/286|[from] Spikes\n|move|p2a: Rhydon|Stone Edge|p1a: Walking Wake|[miss]\n|-miss|p2a: Rhydon|p1a: Walking Wake\n|\n|-damage|p2a: Rhydon|162/317 brn|[from] brn\n|upkeep\n|turn|36\n|\n|t:|1781392971\n|switch|p2a: Tauros|Tauros-Paldea-Blaze, L81, M|43/252\n|-damage|p2a: Tauros|12/252|[from] Stealth Rock\n|move|p1a: Walking Wake|Hydro Steam|p2a: Tauros\n|-supereffective|p2a: Tauros\n|-damage|p2a: Tauros|0 fnt\n|faint|p2a: Tauros\n|-damage|p1a: Walking Wake|223/286|[from] item: Life Orb\n|\n|upkeep\n|\n|t:|1781392975\n|switch|p2a: Mimikyu|Mimikyu, L79, M|216/216\n|-damage|p2a: Mimikyu|189/216|[from] Stealth Rock\n|turn|37\n|\n|t:|1781392982\n|move|p1a: Walking Wake|Flamethrower|p2a: Mimikyu\n|-activate|p2a: Mimikyu|ability: Disguise\n|-damage|p2a: Mimikyu|189/216\n|detailschange|p2a: Mimikyu|Mimikyu-Busted, L79, M\n|-damage|p2a: Mimikyu|162/216|[from] pokemon: Mimikyu-Busted\n|-damage|p1a: Walking Wake|195/286|[from] item: Life Orb\n|move|p2a: Mimikyu|Play Rough|p1a: Walking Wake\n|-supereffective|p1a: Walking Wake\n|-damage|p1a: Walking Wake|0 fnt\n|faint|p1a: Walking Wake\n|-end|p1a: Walking Wake|Protosynthesis|[silent]\n|-damage|p2a: Mimikyu|141/216|[from] item: Life Orb\n|\n|upkeep\n|\n|t:|1781392995\n|switch|p1a: Talonflame|Talonflame, L83, F|202/265\n|turn|38\n|\n|t:|1781392999\n|switch|p2a: Rhydon|Rhydon, L85, M|162/317 brn\n|-damage|p2a: Rhydon|143/317 brn|[from] Stealth Rock\n|move|p1a: Talonflame|Brave Bird|p2a: Rhydon\n|-resisted|p2a: Rhydon\n|-damage|p2a: Rhydon|117/317 brn\n|-damage|p1a: Talonflame|193/265|[from] Recoil\n|\n|-damage|p2a: Rhydon|98/317 brn|[from] brn\n|upkeep\n|turn|39\n|\n|t:|1781393009\n|-terastallize|p1a: Talonflame|Ground\n|move|p1a: Talonflame|Overheat|p2a: Rhydon\n|-resisted|p2a: Rhydon\n|-damage|p2a: Rhydon|43/317 brn\n|-unboost|p1a: Talonflame|spa|2\n|move|p2a: Rhydon|Stone Edge|p1a: Talonflame\n|-resisted|p1a: Talonflame\n|-crit|p1a: Talonflame\n|-damage|p1a: Talonflame|130/265\n|\n|-damage|p2a: Rhydon|24/317 brn|[from] brn\n|upkeep\n|turn|40\n|\n|t:|1781393021\n|move|p1a: Talonflame|Brave Bird|p2a: Rhydon\n|-resisted|p2a: Rhydon\n|-damage|p2a: Rhydon|0 fnt\n|faint|p2a: Rhydon\n|-damage|p1a: Talonflame|122/265|[from] Recoil\n|\n|upkeep\n|\n|t:|1781393024\n|switch|p2a: Mimikyu|Mimikyu-Busted, L79, M|141/216\n|-damage|p2a: Mimikyu|114/216|[from] Stealth Rock\n|turn|41\n|\n|t:|1781393030\n|move|p2a: Mimikyu|Shadow Sneak|p1a: Talonflame\n|-damage|p1a: Talonflame|71/265\n|-damage|p2a: Mimikyu|93/216|[from] item: Life Orb\n|move|p1a: Talonflame|Brave Bird|p2a: Mimikyu\n|-damage|p2a: Mimikyu|0 fnt\n|faint|p2a: Mimikyu\n|-damage|p1a: Talonflame|40/265|[from] Recoil\n|\n|win|TandemUnicycle\n|raw|TandemUnicycle's rating: 1871 &rarr; <strong>1894</strong><br />(+23 for winning)\n|raw|fildrongofficial's rating: 1917 &rarr; <strong>1894</strong><br />(-23 for losing)\n", "inputlog": ">version a8376a258c1d4662feba110a92103f3664a72141\n>start {\"formatid\":\"gen9randombattle\",\"seed\":\"sodium,eadad65e484bdb1662da438c2051e370\",\"rated\":\"Rated battle\"}\n>player p1 {\"name\":\"TandemUnicycle\",\"avatar\":\"grimsley\",\"rating\":1871,\"seed\":\"sodium,19a036359004e080fb38acc34cf5b9a4\"}\n>player p2 {\"name\":\"fildrongofficial\",\"avatar\":\"101\",\"rating\":1917,\"seed\":\"sodium,de543a996fee96cadc8407b6bc56898f\"}\n>p1 switch 2\n>p2 move toxic\n>p1 move irondefense\n>p2 move hurricane\n>p1 move stoneedge\n>p2 switch 5\n>p1 move bodypress\n>p2 switch 2\n>p1 move heavyslam\n>p2 move mysticalfire\n>p1 switch 6\n>p2 move mysticalfire\n>p1 move partingshot\n>p2 switch 2\n>p1 switch 4\n>p1 move stealthrock\n>p2 switch 5\n>p1 move ironhead\n>p2 move spikes\n>p1 move ironhead\n>p2 move spikes\n>p1 move rapidspin\n>p2 switch 4\n>p1 move earthquake\n>p2 move ragingbull\n>p1 move earthquake\n>p2 switch 2\n>p1 move ironhead\n>p2 switch 4\n>p1 move ironhead\n>p2 move roost\n>p1 move ironhead\n>p2 move hurricane\n>p1 move ironhead\n>p2 move roost\n>p1 move ironhead\n>p2 move roost\n>p1 move ironhead\n>p2 move hurricane\n>p1 move ironhead\n>p2 move roost\n>p1 move ironhead\n>p2 move hurricane\n>p1 switch 5\n>p1 move willowisp\n>p2 switch 5\n>p1 switch 2\n>p2 move earthquake\n>p1 move wish\n>p2 switch 5\n>p1 switch 6\n>p2 move spikes\n>p1 move stoneedge\n>p2 move hurricane\n>p2 switch 4\n>p1 move heavyslam\n>p2 move mysticalfire\n>p2 switch 3\n>p1 move heavyslam\n>p2 move shellsmash terastallize\n>p1 move bodypress\n>p2 move acrobatics\n>p1 switch 6\n>p1 move playrough\n>p2 move acrobatics\n>p1 move bodypress\n>p2 move acrobatics\n>p1 switch 4\n>p1 move suckerpunch\n>p2 move acrobatics\n>p2 switch 2\n>p1 move partingshot\n>p2 move closecombat\n>p1 switch 2\n>p1 move bravebird\n>p2 switch 5\n>p1 switch 3\n>p2 move stoneedge\n>p1 move hydrosteam\n>p2 switch 5\n>p2 switch 6\n>p1 move flamethrower\n>p2 move playrough\n>p1 switch 3\n>p1 move bravebird\n>p2 switch 5\n>p1 move overheat terastallize\n>p2 move stoneedge\n>p1 move bravebird\n>p2 move earthquake\n>p2 switch 5\n>p1 move bravebird\n>p2 move shadowsneak", "uploadtime": 1781393030, "views": 5, "formatid": "gen9randombattle", "rating": 1894, "private": 0, "password": null, "player_dets": [{"name": "TandemUnicycle", "avatar": "grimsley", "rating": 1871, "seed": "sodium,19a036359004e080fb38acc34cf5b9a4"}, {"name": "fildrongofficial", "avatar": "101", "rating": 1917, "seed": "sodium,de543a996fee96cadc8407b6bc56898f"}], "teams_full": [{"Dachsbun": {"name": "Dachsbun", "species": "Dachsbun", "speciesId": "dachsbun", "gender": "M", "shiny": false, "level": 92, "moves": ["wish", "protect", "bodypress", "playrough"], "ability": "Well-Baked Body", "evs": {"hp": 85, "atk": 85, "def": 85, "spa": 85, "spd": 85, "spe": 85}, "ivs": {"hp": 31, "atk": 31, "def": 31, "spa": 31, "spd": 31, "spe": 31}, "item": "Leftovers", "teraType": "Steel", "role": "Bulky Support", "bvs": {"hp": 57, "atk": 80, "def": 115, "spa": 50, "spd": 80, "spe": 95}, "stats": {"hp": 254, "atk": 200, "def": 264, "spa": 144, "spd": 200, "spe": 227}, "types": ["Fairy"]}, "Zamazenta": {"name": "Zamazenta", "species": "Zamazenta", "speciesId": "zamazentacrowned", "gender": "N", "shiny": false, "level": 68, "moves": ["stoneedge", "heavyslam", "bodypress", "irondefense"], "ability": "Dauntless Shield", "evs": {"hp": 85, "atk": 85, "def": 85, "spa": 85, "spd": 85, "spe": 85}, "ivs": {"hp": 31, "atk": 31, "def": 31, "spa": 31, "spd": 31, "spe": 31}, "item": "Rusted Shield", "teraType": "Fighting", "role": "Bulky Setup", "bvs": {"hp": 92, "atk": 120, "def": 115, "spa": 80, "spd": 115, "spe": 138}, "stats": {"hp": 238, "atk": 203, "def": 196, "spa": 149, "spd": 196, "spe": 228}, "types": ["Fighting"]}, "Walking Wake": {"name": "Walking Wake", "species": "Walking Wake", "speciesId": "walkingwake", "gender": "N", "shiny": false, "level": 79, "moves": ["hydrosteam", "sunnyday", "flamethrower", "dracometeor"], "ability": "Protosynthesis", "evs": {"hp": 85, "atk": 0, "def": 85, "spa": 85, "spd": 85, "spe": 85}, "ivs": {"hp": 31, "atk": 0, "def": 31, "spa": 31, "spd": 31, "spe": 31}, "item": "Life Orb", "teraType": "Fire", "role": "Fast Attacker", "bvs": {"hp": 99, "atk": 83, "def": 91, "spa": 125, "spd": 83, "spe": 109}, "stats": {"hp": 286, "atk": 136, "def": 189, "spa": 243, "spd": 177, "spe": 218}, "types": ["Water", "Dragon"]}, "Iron Treads": {"name": "Iron Treads", "species": "Iron Treads", "speciesId": "irontreads", "gender": "N", "shiny": false, "level": 77, "moves": ["rapidspin", "stealthrock", "ironhead", "earthquake"], "ability": "Quark Drive", "evs": {"hp": 85, "atk": 85, "def": 85, "spa": 85, "spd": 85, "spe": 85}, "ivs": {"hp": 31, "atk": 31, "def": 31, "spa": 31, "spd": 31, "spe": 31}, "item": "Leftovers", "teraType": "Ghost", "role": "Bulky Support", "bvs": {"hp": 90, "atk": 112, "def": 120, "spa": 72, "spd": 70, "spe": 106}, "stats": {"hp": 265, "atk": 217, "def": 229, "spa": 155, "spd": 152, "spe": 208}, "types": ["Ground", "Steel"]}, "Talonflame": {"name": "Talonflame", "species": "Talonflame", "speciesId": "talonflame", "gender": "F", "shiny": false, "level": 83, "moves": ["willowisp", "bravebird", "overheat", "roost"], "ability": "Flame Body", "evs": {"hp": 85, "atk": 85, "def": 85, "spa": 85, "spd": 85, "spe": 85}, "ivs": {"hp": 31, "atk": 31, "def": 31, "spa": 31, "spd": 31, "spe": 31}, "item": "Heavy-Duty Boots", "teraType": "Ground", "role": "Bulky Attacker", "bvs": {"hp": 78, "atk": 81, "def": 71, "spa": 74, "spd": 69, "spe": 126}, "stats": {"hp": 265, "atk": 182, "def": 166, "spa": 171, "spd": 162, "spe": 257}, "types": ["Fire", "Flying"]}, "Grimmsnarl": {"name": "Grimmsnarl", "species": "Grimmsnarl", "speciesId": "grimmsnarl", "gender": "M", "shiny": false, "level": 83, "moves": ["suckerpunch", "partingshot", "thunderwave", "spiritbreak"], "ability": "Prankster", "evs": {"hp": 85, "atk": 85, "def": 85, "spa": 85, "spd": 85, "spe": 85}, "ivs": {"hp": 31, "atk": 31, "def": 31, "spa": 31, "spd": 31, "spe": 31}, "item": "Leftovers", "teraType": "Steel", "role": "Bulky Attacker", "bvs": {"hp": 95, "atk": 120, "def": 65, "spa": 95, "spd": 75, "spe": 60}, "stats": {"hp": 293, "atk": 247, "def": 156, "spa": 205, "spd": 172, "spe": 147}, "types": ["Dark", "Fairy"]}}, {"Vespiquen": {"name": "Vespiquen", "species": "Vespiquen", "speciesId": "vespiquen", "gender": "F", "shiny": false, "level": 99, "moves": ["hurricane", "roost", "toxic", "spikes"], "ability": "Pressure", "evs": {"hp": 85, "atk": 0, "def": 85, "spa": 85, "spd": 85, "spe": 85}, "ivs": {"hp": 31, "atk": 0, "def": 31, "spa": 31, "spd": 31, "spe": 31}, "item": "Heavy-Duty Boots", "teraType": "Steel", "role": "Bulky Support", "bvs": {"hp": 70, "atk": 80, "def": 102, "spa": 80, "spd": 102, "spe": 40}, "stats": {"hp": 299, "atk": 163, "def": 258, "spa": 214, "spd": 258, "spe": 135}, "types": ["Bug", "Flying"]}, "Mismagius": {"name": "Mismagius", "species": "Mismagius", "speciesId": "mismagius", "gender": "M", "shiny": false, "level": 86, "moves": ["mysticalfire", "shadowball", "thunderbolt", "dazzlinggleam"], "ability": "Levitate", "evs": {"hp": 85, "atk": 0, "def": 85, "spa": 85, "spd": 85, "spe": 85}, "ivs": {"hp": 31, "atk": 0, "def": 31, "spa": 31, "spd": 31, "spe": 31}, "item": "Choice Specs", "teraType": "Ghost", "role": "Wallbreaker", "bvs": {"hp": 60, "atk": 60, "def": 60, "spa": 105, "spd": 105, "spe": 105}, "stats": {"hp": 243, "atk": 108, "def": 152, "spa": 230, "spd": 230, "spe": 230}, "types": ["Ghost"]}, "Minior": {"name": "Minior", "species": "Minior-Green", "speciesId": "minior", "gender": "N", "shiny": false, "level": 79, "moves": ["earthquake", "shellsmash", "powergem", "acrobatics"], "ability": "Shields Down", "evs": {"hp": 85, "atk": 85, "def": 85, "spa": 85, "spd": 85, "spe": 85}, "ivs": {"hp": 31, "atk": 31, "def": 31, "spa": 31, "spd": 31, "spe": 31}, "item": "White Herb", "teraType": "Water", "role": "Setup Sweeper", "bvs": {"hp": 60, "atk": 100, "def": 60, "spa": 100, "spd": 60, "spe": 120}, "stats": {"hp": 224, "atk": 204, "def": 140, "spa": 204, "spd": 140, "spe": 235}, "types": ["Rock", "Flying"]}, "Tauros": {"name": "Tauros", "species": "Tauros-Paldea-Blaze", "speciesId": "taurospaldeablaze", "gender": "M", "shiny": false, "level": 81, "moves": ["bulkup", "substitute", "closecombat", "ragingbull"], "ability": "Cud Chew", "evs": {"hp": 73, "atk": 85, "def": 85, "spa": 85, "spd": 85, "spe": 85}, "ivs": {"hp": 31, "atk": 31, "def": 31, "spa": 31, "spd": 31, "spe": 31}, "item": "Sitrus Berry", "teraType": "Water", "role": "Fast Bulky Setup", "bvs": {"hp": 75, "atk": 110, "def": 105, "spa": 30, "spd": 70, "spe": 100}, "stats": {"hp": 252, "atk": 225, "def": 217, "spa": 95, "spd": 160, "spe": 209}, "types": ["Fighting", "Fire"]}, "Rhydon": {"name": "Rhydon", "species": "Rhydon", "speciesId": "rhydon", "gender": "M", "shiny": false, "level": 85, "moves": ["earthquake", "stoneedge", "swordsdance", "megahorn"], "ability": "Lightning Rod", "evs": {"hp": 85, "atk": 85, "def": 85, "spa": 85, "spd": 85, "spe": 85}, "ivs": {"hp": 31, "atk": 31, "def": 31, "spa": 31, "spd": 31, "spe": 31}, "item": "Eviolite", "teraType": "Water", "role": "Bulky Attacker", "bvs": {"hp": 105, "atk": 130, "def": 120, "spa": 45, "spd": 45, "spe": 40}, "stats": {"hp": 317, "atk": 270, "def": 253, "spa": 125, "spd": 125, "spe": 117}, "types": ["Ground", "Rock"]}, "Mimikyu": {"name": "Mimikyu", "species": "Mimikyu", "speciesId": "mimikyu", "gender": "M", "shiny": false, "level": 79, "moves": ["drainpunch", "shadowsneak", "playrough", "swordsdance"], "ability": "Disguise", "evs": {"hp": 85, "atk": 85, "def": 85, "spa": 85, "spd": 85, "spe": 85}, "ivs": {"hp": 31, "atk": 31, "def": 31, "spa": 31, "spd": 31, "spe": 31}, "item": "Life Orb", "teraType": "Fighting", "role": "Setup Sweeper", "bvs": {"hp": 55, "atk": 90, "def": 80, "spa": 50, "spd": 105, "spe": 96}, "stats": {"hp": 216, "atk": 188, "def": 172, "spa": 125, "spd": 211, "spe": 197}, "types": ["Ghost", "Fairy"]}}]}