{"id": "gen9randombattle-2631935406", "format": "[Gen 9] Random Battle", "players": ["DraconicSpeed", "4 akashi_seijuro"], "log": "|j|\u2606DraconicSpeed\n|j|\u26064 akashi_seijuro\n|t:|1781457410\n|gametype|singles\n|player|p1|DraconicSpeed|101|1934\n|player|p2|4 akashi_seijuro|266|1957\n|gen|9\n|tier|[Gen 9] Random Battle\n|rated|\n|rule|Species Clause: Limit one of each Pok\u00e9mon\n|rule|HP Percentage Mod: HP is shown in percentages\n|rule|Sleep Clause Mod: Limit one foe put to sleep\n|rule|Illusion Level Mod: Illusion disguises the Pok\u00e9mon's true level\n|\n|t:|1781457410\n|teamsize|p1|6\n|teamsize|p2|6\n|start\n|switch|p1a: Moltres|Moltres-Galar, L79|271/271\n|switch|p2a: Dugtrio|Dugtrio, L84, M|196/196\n|turn|1\n|inactive|Battle timer is ON: inactive players will automatically lose when time's up. (requested by 4 akashi_seijuro)\n|\n|t:|1781457430\n|move|p2a: Dugtrio|Swords Dance|p2a: Dugtrio\n|-boost|p2a: Dugtrio|atk|2\n|move|p1a: Moltres|Agility|p1a: Moltres\n|-boost|p1a: Moltres|spe|2\n|\n|upkeep\n|turn|2\n|\n|t:|1781457439\n|-terastallize|p1a: Moltres|Steel\n|move|p1a: Moltres|Nasty Plot|p1a: Moltres\n|-boost|p1a: Moltres|spa|2\n|move|p2a: Dugtrio|Stone Edge|p1a: Moltres\n|-resisted|p1a: Moltres\n|-damage|p1a: Moltres|199/271\n|\n|upkeep\n|turn|3\n|\n|t:|1781457444\n|move|p1a: Moltres|Fiery Wrath|p2a: Dugtrio\n|-crit|p2a: Dugtrio\n|-enditem|p2a: Dugtrio|Focus Sash\n|-damage|p2a: Dugtrio|1/196\n|move|p2a: Dugtrio|Earthquake|p1a: Moltres\n|-supereffective|p1a: Moltres\n|-damage|p1a: Moltres|0 fnt\n|faint|p1a: Moltres\n|\n|upkeep\n|-message|DraconicSpeed forfeited.\n|\n|win|4 akashi_seijuro\n", "uploadtime": 1781457413, "views": 3, "formatid": "gen9randombattle", "rating": null, "private": 0, "password": null}