{"id": "gen9randombattle-2631596466", "format": "[Gen 9] Random Battle", "players": ["latias999999999", "rubberbuns"], "log": "|j|\u2606latias999999999\n|j|\u2606rubberbuns\n|t:|1781406367\n|gametype|singles\n|player|p1|latias999999999|gardenia|2082\n|player|p2|rubberbuns|102|2017\n|gen|9\n|tier|[Gen 9] Random Battle\n|rated|\n|rule|Species Clause: Limit one of each Pok\u00e9mon\n|rule|HP Percentage Mod: HP is shown in percentages\n|rule|Sleep Clause Mod: Limit one foe put to sleep\n|rule|Illusion Level Mod: Illusion disguises the Pok\u00e9mon's true level\n|\n|t:|1781406367\n|teamsize|p1|6\n|teamsize|p2|6\n|start\n|switch|p1a: Veluza|Veluza, L85, F|292/292\n|switch|p2a: Chesnaught|Chesnaught, L84, F|285/285\n|turn|1\n|inactive|Battle timer is ON: inactive players will automatically lose when time's up. (requested by latias999999999)\n|inactive|rubberbuns has 120 seconds left.\n|\n|t:|1781406401\n|switch|p1a: Qwilfish|Qwilfish-Hisui, L83, F|244/244\n|-ability|p1a: Qwilfish|Intimidate|boost\n|-unboost|p2a: Chesnaught|atk|1\n|move|p2a: Chesnaught|Trailblaze|p1a: Qwilfish\n|-resisted|p1a: Qwilfish\n|-damage|p1a: Qwilfish|232/244\n|-boost|p2a: Chesnaught|spe|1\n|\n|upkeep\n|turn|2\n|j| redunix\n|inactive|rubberbuns has 120 seconds left.\n|\n|t:|1781406433\n|move|p2a: Chesnaught|Iron Defense|p2a: Chesnaught\n|-boost|p2a: Chesnaught|def|2\n|move|p1a: Qwilfish|Toxic Spikes|p2a: Chesnaught\n|-sidestart|p2: rubberbuns|move: Toxic Spikes\n|\n|upkeep\n|turn|3\n|\n|t:|1781406450\n|switch|p1a: Oranguru|Oranguru, L92, F|315/315\n|move|p2a: Chesnaught|Body Press|p1a: Oranguru\n|-damage|p1a: Oranguru|120/315\n|\n|upkeep\n|turn|4\n|\n|t:|1781406454\n|move|p2a: Chesnaught|Body Press|p1a: Oranguru\n|-damage|p1a: Oranguru|0 fnt\n|faint|p1a: Oranguru\n|\n|upkeep\n|\n|t:|1781406457\n|switch|p1a: Milotic|Milotic, L83, M|293/293\n|turn|5\n|\n|t:|1781406473\n|switch|p2a: Palkia|Palkia, L75|259/259\n|-status|p2a: Palkia|psn\n|-ability|p2a: Palkia|Pressure\n|move|p1a: Milotic|Haze|p1a: Milotic\n|-clearallboost\n|\n|-damage|p2a: Palkia|227/259 psn|[from] psn\n|upkeep\n|turn|6\n|\n|t:|1781406486\n|switch|p1a: Qwilfish|Qwilfish-Hisui, L83, F|232/244\n|-ability|p1a: Qwilfish|Intimidate|boost\n|-unboost|p2a: Palkia|atk|1\n|move|p2a: Palkia|Spacial Rend|p1a: Qwilfish\n|-damage|p1a: Qwilfish|126/244\n|\n|-damage|p2a: Palkia|195/259 psn|[from] psn\n|upkeep\n|turn|7\n|\n|t:|1781406498\n|switch|p2a: Sandaconda|Sandaconda, L84, M|258/258\n|-status|p2a: Sandaconda|psn\n|move|p1a: Qwilfish|Toxic Spikes|p2a: Sandaconda\n|-sidestart|p2: rubberbuns|move: Toxic Spikes\n|\n|-damage|p2a: Sandaconda|226/258 psn|[from] psn\n|upkeep\n|turn|8\n|\n|t:|1781406517\n|switch|p1a: Milotic|Milotic, L83, M|293/293\n|move|p2a: Sandaconda|Earthquake|p1a: Milotic\n|-damage|p1a: Milotic|178/293\n|\n|-heal|p1a: Milotic|196/293|[from] item: Leftovers\n|-damage|p2a: Sandaconda|194/258 psn|[from] psn\n|upkeep\n|turn|9\n|\n|t:|1781406527\n|switch|p2a: Palkia|Palkia, L75|195/259 psn\n|-ability|p2a: Palkia|Pressure\n|move|p1a: Milotic|Recover|p1a: Milotic\n|-heal|p1a: Milotic|293/293\n|\n|-damage|p2a: Palkia|163/259 psn|[from] psn\n|upkeep\n|turn|10\n|\n|t:|1781406533\n|move|p2a: Palkia|Spacial Rend|p1a: Milotic\n|-damage|p1a: Milotic|206/293\n|move|p1a: Milotic|Ice Beam|p2a: Palkia\n|-damage|p2a: Palkia|103/259 psn\n|\n|-heal|p1a: Milotic|224/293|[from] item: Leftovers\n|-damage|p2a: Palkia|71/259 psn|[from] psn\n|upkeep\n|turn|11\n|\n|t:|1781406558\n|switch|p2a: Electrode|Electrode-Hisui, L87|246/246\n|-status|p2a: Electrode|tox\n|move|p1a: Milotic|Recover|p1a: Milotic\n|-heal|p1a: Milotic|293/293\n|\n|-damage|p2a: Electrode|231/246 tox|[from] psn\n|upkeep\n|turn|12\n|\n|t:|1781406569\n|switch|p1a: Electrode|Electrode-Hisui, L87|246/246\n|-terastallize|p2a: Electrode|Poison\n|move|p2a: Electrode|Thunderbolt|p1a: Electrode\n|-resisted|p1a: Electrode\n|-damage|p1a: Electrode|222/246\n|\n|-heal|p2a: Electrode|246/246 tox|[from] item: Leftovers\n|-damage|p2a: Electrode|216/246 tox|[from] psn\n|upkeep\n|turn|13\n|\n|t:|1781406586\n|switch|p2a: Palkia|Palkia, L75|71/259 psn\n|-ability|p2a: Palkia|Pressure\n|move|p1a: Electrode|Giga Drain|p2a: Palkia\n|-damage|p2a: Palkia|0 fnt\n|-heal|p1a: Electrode|246/246|[from] drain|[of] p2a: Palkia\n|faint|p2a: Palkia\n|-damage|p1a: Electrode|222/246|[from] item: Life Orb\n|\n|upkeep\n|\n|t:|1781406593\n|switch|p2a: Electrode|Electrode-Hisui, L87, tera:Poison|216/246 tox\n|-sideend|p2: rubberbuns|move: Toxic Spikes|[of] p2a: Electrode\n|turn|14\n|\n|t:|1781406604\n|switch|p2a: Chesnaught|Chesnaught, L84, F|285/285\n|move|p1a: Electrode|Thunderbolt|p2a: Chesnaught\n|-resisted|p2a: Chesnaught\n|-damage|p2a: Chesnaught|227/285\n|-damage|p1a: Electrode|198/246|[from] item: Life Orb\n|\n|-heal|p2a: Chesnaught|244/285|[from] item: Leftovers\n|upkeep\n|turn|15\n|\n|t:|1781406609\n|move|p1a: Electrode|Taunt|p2a: Chesnaught\n|-start|p2a: Chesnaught|move: Taunt\n|move|p2a: Chesnaught|Body Press|p1a: Electrode\n|-damage|p1a: Electrode|90/246\n|\n|-heal|p2a: Chesnaught|261/285|[from] item: Leftovers\n|upkeep\n|turn|16\n|\n|t:|1781406614\n|move|p1a: Electrode|Volt Switch|p2a: Chesnaught\n|-resisted|p2a: Chesnaught\n|-damage|p2a: Chesnaught|209/285\n|-damage|p1a: Electrode|66/246|[from] item: Life Orb\n|\n|t:|1781406620\n|switch|p1a: Qwilfish|Qwilfish-Hisui, L83, F|126/244|[from] Volt Switch\n|-ability|p1a: Qwilfish|Intimidate|boost\n|-unboost|p2a: Chesnaught|atk|1\n|move|p2a: Chesnaught|Body Press|p1a: Qwilfish\n|-damage|p1a: Qwilfish|50/244\n|\n|-heal|p2a: Chesnaught|226/285|[from] item: Leftovers\n|upkeep\n|turn|17\n|\n|t:|1781406625\n|move|p1a: Qwilfish|Gunk Shot|p2a: Chesnaught\n|-supereffective|p2a: Chesnaught\n|-damage|p2a: Chesnaught|26/285\n|move|p2a: Chesnaught|Body Press|p1a: Qwilfish\n|-damage|p1a: Qwilfish|0 fnt\n|faint|p1a: Qwilfish\n|\n|-heal|p2a: Chesnaught|43/285|[from] item: Leftovers\n|-end|p2a: Chesnaught|move: Taunt\n|upkeep\n|\n|t:|1781406640\n|switch|p1a: Electrode|Electrode-Hisui, L87|66/246\n|turn|18\n|\n|t:|1781406644\n|move|p1a: Electrode|Giga Drain|p2a: Chesnaught\n|-resisted|p2a: Chesnaught\n|-damage|p2a: Chesnaught|0 fnt\n|-heal|p1a: Electrode|88/246|[from] drain|[of] p2a: Chesnaught\n|faint|p2a: Chesnaught\n|-damage|p1a: Electrode|64/246|[from] item: Life Orb\n|\n|upkeep\n|\n|t:|1781406662\n|switch|p2a: Electrode|Electrode-Hisui, L87, tera:Poison|216/246 tox\n|turn|19\n|\n|t:|1781406665\n|move|p2a: Electrode|Giga Drain|p1a: Electrode\n|-resisted|p1a: Electrode\n|-damage|p1a: Electrode|25/246\n|-heal|p2a: Electrode|236/246 tox|[from] drain|[of] p1a: Electrode\n|move|p1a: Electrode|Thunderbolt|p2a: Electrode\n|-damage|p2a: Electrode|119/246 tox\n|-damage|p1a: Electrode|1/246|[from] item: Life Orb\n|\n|-heal|p2a: Electrode|134/246 tox|[from] item: Leftovers\n|-damage|p2a: Electrode|119/246 tox|[from] psn\n|upkeep\n|turn|20\n|\n|t:|1781406673\n|move|p2a: Electrode|Giga Drain|p1a: Electrode\n|-resisted|p1a: Electrode\n|-damage|p1a: Electrode|0 fnt\n|-heal|p2a: Electrode|120/246 tox|[from] drain|[of] p1a: Electrode\n|faint|p1a: Electrode\n|\n|-heal|p2a: Electrode|135/246 tox|[from] item: Leftovers\n|-damage|p2a: Electrode|105/246 tox|[from] psn\n|upkeep\n|\n|t:|1781406678\n|switch|p1a: Glalie|Glalie, L96, F|309/309\n|turn|21\n|\n|t:|1781406696\n|switch|p2a: Sandaconda|Sandaconda, L84, M|194/258 psn\n|move|p1a: Glalie|Freeze-Dry|p2a: Sandaconda\n|-supereffective|p2a: Sandaconda\n|-damage|p2a: Sandaconda|8/258 psn\n|\n|-damage|p2a: Sandaconda|0 fnt|[from] psn\n|faint|p2a: Sandaconda\n|upkeep\n|\n|t:|1781406703\n|switch|p2a: Chien-Pao|Chien-Pao, L72|234/234\n|-ability|p2a: Chien-Pao|Sword of Ruin\n|turn|22\n|\n|t:|1781406712\n|move|p2a: Chien-Pao|Crunch|p1a: Glalie\n|-damage|p1a: Glalie|162/309\n|move|p1a: Glalie|Earthquake|p2a: Chien-Pao\n|-damage|p2a: Chien-Pao|138/234\n|\n|upkeep\n|turn|23\n|\n|t:|1781406719\n|move|p2a: Chien-Pao|Crunch|p1a: Glalie\n|-damage|p1a: Glalie|15/309\n|move|p1a: Glalie|Earthquake|p2a: Chien-Pao\n|-damage|p2a: Chien-Pao|41/234\n|\n|upkeep\n|turn|24\n|\n|t:|1781406722\n|move|p2a: Chien-Pao|Crunch|p1a: Glalie\n|-damage|p1a: Glalie|0 fnt\n|faint|p1a: Glalie\n|\n|upkeep\n|\n|t:|1781406724\n|switch|p1a: Veluza|Veluza, L85, F|292/292\n|turn|25\n|\n|t:|1781406734\n|move|p1a: Veluza|Flip Turn|p2a: Chien-Pao\n|-damage|p2a: Chien-Pao|0 fnt\n|faint|p2a: Chien-Pao\n|\n|t:|1781406737\n|switch|p1a: Milotic|Milotic, L83, M|293/293|[from] Flip Turn\n|\n|upkeep\n|\n|t:|1781406741\n|switch|p2a: Electrode|Electrode-Hisui, L87, tera:Poison|105/246 tox\n|turn|26\n|\n|t:|1781406755\n|-terastallize|p1a: Milotic|Dragon\n|move|p2a: Electrode|Leech Seed|p1a: Milotic\n|-start|p1a: Milotic|move: Leech Seed\n|move|p1a: Milotic|Scald|p2a: Electrode\n|-damage|p2a: Electrode|14/246 tox\n|\n|-heal|p2a: Electrode|29/246 tox|[from] item: Leftovers\n|-damage|p1a: Milotic|257/293|[from] Leech Seed|[of] p2a: Electrode\n|-heal|p2a: Electrode|65/246 tox|[silent]\n|-damage|p2a: Electrode|50/246 tox|[from] psn\n|upkeep\n|turn|27\n|\n|t:|1781406773\n|move|p2a: Electrode|Giga Drain|p1a: Milotic\n|-resisted|p1a: Milotic\n|-damage|p1a: Milotic|230/293\n|-heal|p2a: Electrode|64/246 tox|[from] drain|[of] p1a: Milotic\n|move|p1a: Milotic|Scald|p2a: Electrode\n|-damage|p2a: Electrode|0 fnt\n|faint|p2a: Electrode\n|\n|-heal|p1a: Milotic|248/293|[from] item: Leftovers\n|upkeep\n|\n|t:|1781406775\n|switch|p2a: Mewtwo|Mewtwo, L72|272/272\n|-ability|p2a: Mewtwo|Pressure\n|turn|28\n|\n|t:|1781406779\n|switch|p1a: Veluza|Veluza, L85, F|292/292\n|move|p2a: Mewtwo|Nasty Plot|p2a: Mewtwo\n|-boost|p2a: Mewtwo|spa|2\n|\n|upkeep\n|turn|29\n|\n|t:|1781406787\n|move|p1a: Veluza|Night Slash|p2a: Mewtwo\n|-supereffective|p2a: Mewtwo\n|-damage|p2a: Mewtwo|104/272\n|move|p2a: Mewtwo|Psystrike|p1a: Veluza\n|-resisted|p1a: Veluza\n|-damage|p1a: Veluza|137/292\n|-damage|p2a: Mewtwo|77/272|[from] item: Life Orb\n|\n|upkeep\n|turn|30\n|\n|t:|1781406790\n|move|p1a: Veluza|Night Slash|p2a: Mewtwo\n|-supereffective|p2a: Mewtwo\n|-damage|p2a: Mewtwo|0 fnt\n|faint|p2a: Mewtwo\n|\n|win|latias999999999\n", "inputlog": ">version a8376a258c1d4662feba110a92103f3664a72141\n>start {\"formatid\":\"gen9randombattle\",\"seed\":\"sodium,f7845de2044f3abc54ab86cc4837024f\",\"rated\":\"Rated battle\"}\n>player p1 {\"name\":\"latias999999999\",\"avatar\":\"gardenia\",\"rating\":2082,\"seed\":\"sodium,b586423bf611bc7d746f1674d09b0401\"}\n>player p2 {\"name\":\"rubberbuns\",\"avatar\":\"102\",\"rating\":2017,\"seed\":\"sodium,83801af588877b767b54bf01d7dbe52a\"}\n>p1 switch 6\n>p2 move trailblaze\n>p1 move toxicspikes\n>p2 move irondefense\n>p1 switch 4\n>p2 move bodypress\n>p1 move trick\n>p2 move bodypress\n>p1 switch 3\n>p1 move haze\n>p2 switch 5\n>p1 switch 4\n>p2 move spacialrend\n>p1 move toxicspikes\n>p2 switch 6\n>p1 switch 4\n>p2 move earthquake\n>p1 move recover\n>p2 switch 6\n>p1 move icebeam\n>p2 move spacialrend\n>p1 move recover\n>p2 switch 2\n>p1 switch 2\n>p2 move thunderbolt terastallize\n>p1 move gigadrain\n>p2 switch 2\n>p2 switch 2\n>p1 move thunderbolt\n>p2 switch 5\n>p1 move taunt\n>p2 move bodypress\n>p1 move voltswitch\n>p2 move bodypress\n>p1 switch 4\n>p1 move gunkshot\n>p2 move bodypress\n>p1 switch 4\n>p1 move gigadrain\n>p2 move synthesis\n>p2 switch 5\n>p1 move thunderbolt\n>p2 move gigadrain\n>p1 move thunderbolt\n>p2 move gigadrain\n>p1 switch 5\n>p1 move freezedry\n>p2 switch 6\n>p2 switch 4\n>p1 move earthquake\n>p2 move crunch\n>p1 move earthquake\n>p2 move crunch\n>p1 move earthquake\n>p2 move crunch\n>p1 switch 6\n>p1 move flipturn\n>p2 move crunch\n>p1 switch 2\n>p2 switch 6\n>p1 move scald terastallize\n>p2 move leechseed\n>p1 move scald\n>p2 move gigadrain\n>p2 switch 3\n>p1 switch 2\n>p2 move nastyplot\n>p1 move nightslash\n>p2 move psystrike\n>p1 move nightslash\n>p2 move psystrike", "uploadtime": 1781406369, "views": 5, "formatid": "gen9randombattle", "rating": null, "private": 0, "password": null, "player_dets": [{"name": "latias999999999", "avatar": "gardenia", "rating": 2082, "seed": "sodium,b586423bf611bc7d746f1674d09b0401"}, {"name": "rubberbuns", "avatar": "102", "rating": 2017, "seed": "sodium,83801af588877b767b54bf01d7dbe52a"}], "teams_full": [{"Veluza": {"name": "Veluza", "species": "Veluza", "speciesId": "veluza", "gender": "F", "shiny": false, "level": 85, "moves": ["nightslash", "flipturn", "aquacutter", "psychocut"], "ability": "Sharpness", "evs": {"hp": 85, "atk": 85, "def": 85, "spa": 85, "spd": 85, "spe": 85}, "ivs": {"hp": 31, "atk": 31, "def": 31, "spa": 31, "spd": 31, "spe": 31}, "item": "Choice Scarf", "teraType": "Water", "role": "Fast Attacker", "bvs": {"hp": 90, "atk": 102, "def": 73, "spa": 78, "spd": 65, "spe": 70}, "stats": {"hp": 292, "atk": 222, "def": 173, "spa": 181, "spd": 159, "spe": 168}, "types": ["Water", "Psychic"]}, "Electrode": {"name": "Electrode", "species": "Electrode-Hisui", "speciesId": "electrodehisui", "gender": "N", "shiny": false, "level": 87, "moves": ["taunt", "thunderbolt", "gigadrain", "voltswitch"], "ability": "Aftermath", "evs": {"hp": 85, "atk": 0, "def": 85, "spa": 85, "spd": 85, "spe": 85}, "ivs": {"hp": 31, "atk": 0, "def": 31, "spa": 31, "spd": 31, "spe": 31}, "item": "Life Orb", "teraType": "Electric", "role": "Fast Attacker", "bvs": {"hp": 60, "atk": 50, "def": 70, "spa": 80, "spd": 80, "spe": 150}, "stats": {"hp": 246, "atk": 92, "def": 172, "spa": 189, "spd": 189, "spe": 311}, "types": ["Electric", "Grass"]}, "Milotic": {"name": "Milotic", "species": "Milotic", "speciesId": "milotic", "gender": "M", "shiny": false, "level": 83, "moves": ["scald", "haze", "icebeam", "recover"], "ability": "Competitive", "evs": {"hp": 85, "atk": 0, "def": 85, "spa": 85, "spd": 85, "spe": 85}, "ivs": {"hp": 31, "atk": 0, "def": 31, "spa": 31, "spd": 31, "spe": 31}, "item": "Leftovers", "teraType": "Dragon", "role": "Bulky Attacker", "bvs": {"hp": 95, "atk": 60, "def": 79, "spa": 100, "spd": 125, "spe": 81}, "stats": {"hp": 293, "atk": 104, "def": 179, "spa": 214, "spd": 255, "spe": 182}, "types": ["Water"]}, "Oranguru": {"name": "Oranguru", "species": "Oranguru", "speciesId": "oranguru", "gender": "F", "shiny": false, "level": 92, "moves": ["psyshock", "trick", "focusblast", "hypervoice"], "ability": "Inner Focus", "evs": {"hp": 85, "atk": 0, "def": 85, "spa": 85, "spd": 85, "spe": 85}, "ivs": {"hp": 31, "atk": 0, "def": 31, "spa": 31, "spd": 31, "spe": 31}, "item": "Choice Specs", "teraType": "Psychic", "role": "Wallbreaker", "bvs": {"hp": 90, "atk": 60, "def": 80, "spa": 90, "spd": 110, "spe": 60}, "stats": {"hp": 315, "atk": 115, "def": 200, "spa": 218, "spd": 255, "spe": 163}, "types": ["Normal", "Psychic"]}, "Glalie": {"name": "Glalie", "species": "Glalie", "speciesId": "glalie", "gender": "F", "shiny": false, "level": 96, "moves": ["taunt", "freezedry", "spikes", "earthquake"], "ability": "Inner Focus", "evs": {"hp": 85, "atk": 85, "def": 85, "spa": 85, "spd": 85, "spe": 85}, "ivs": {"hp": 31, "atk": 31, "def": 31, "spa": 31, "spd": 31, "spe": 31}, "item": "Heavy-Duty Boots", "teraType": "Ground", "role": "Fast Support", "bvs": {"hp": 80, "atk": 80, "def": 80, "spa": 80, "spd": 80, "spe": 80}, "stats": {"hp": 309, "atk": 208, "def": 208, "spa": 208, "spd": 208, "spe": 208}, "types": ["Ice"]}, "Qwilfish": {"name": "Qwilfish", "species": "Qwilfish-Hisui", "speciesId": "qwilfishhisui", "gender": "F", "shiny": false, "level": 83, "moves": ["gunkshot", "spikes", "crunch", "toxicspikes"], "ability": "Intimidate", "evs": {"hp": 85, "atk": 85, "def": 85, "spa": 85, "spd": 85, "spe": 85}, "ivs": {"hp": 31, "atk": 31, "def": 31, "spa": 31, "spd": 31, "spe": 31}, "item": "Eviolite", "teraType": "Flying", "role": "Bulky Support", "bvs": {"hp": 65, "atk": 95, "def": 85, "spa": 55, "spd": 55, "spe": 85}, "stats": {"hp": 244, "atk": 205, "def": 189, "spa": 139, "spd": 139, "spe": 189}, "types": ["Dark", "Poison"]}}, {"Chesnaught": {"name": "Chesnaught", "species": "Chesnaught", "speciesId": "chesnaught", "gender": "F", "shiny": false, "level": 84, "moves": ["bodypress", "irondefense", "synthesis", "trailblaze"], "ability": "Bulletproof", "evs": {"hp": 85, "atk": 85, "def": 85, "spa": 85, "spd": 85, "spe": 85}, "ivs": {"hp": 31, "atk": 31, "def": 31, "spa": 31, "spd": 31, "spe": 31}, "item": "Leftovers", "teraType": "Steel", "role": "Fast Bulky Setup", "bvs": {"hp": 88, "atk": 107, "def": 122, "spa": 74, "spd": 75, "spe": 64}, "stats": {"hp": 285, "atk": 228, "def": 253, "spa": 173, "spd": 174, "spe": 156}, "types": ["Grass", "Fighting"]}, "Electrode": {"name": "Electrode", "species": "Electrode-Hisui", "speciesId": "electrodehisui", "gender": "N", "shiny": false, "level": 87, "moves": ["thunderbolt", "gigadrain", "leechseed", "substitute"], "ability": "Soundproof", "evs": {"hp": 85, "atk": 0, "def": 85, "spa": 85, "spd": 85, "spe": 85}, "ivs": {"hp": 31, "atk": 0, "def": 31, "spa": 31, "spd": 31, "spe": 31}, "item": "Leftovers", "teraType": "Poison", "role": "Fast Support", "bvs": {"hp": 60, "atk": 50, "def": 70, "spa": 80, "spd": 80, "spe": 150}, "stats": {"hp": 246, "atk": 92, "def": 172, "spa": 189, "spd": 189, "spe": 311}, "types": ["Electric", "Grass"]}, "Mewtwo": {"name": "Mewtwo", "species": "Mewtwo", "speciesId": "mewtwo", "gender": "N", "shiny": false, "level": 72, "moves": ["aurasphere", "fireblast", "psystrike", "nastyplot"], "ability": "Pressure", "evs": {"hp": 85, "atk": 0, "def": 85, "spa": 85, "spd": 85, "spe": 85}, "ivs": {"hp": 31, "atk": 0, "def": 31, "spa": 31, "spd": 31, "spe": 31}, "item": "Life Orb", "teraType": "Fire", "role": "Setup Sweeper", "bvs": {"hp": 106, "atk": 110, "def": 90, "spa": 154, "spd": 90, "spe": 130}, "stats": {"hp": 272, "atk": 163, "def": 172, "spa": 264, "spd": 172, "spe": 229}, "types": ["Psychic"]}, "Chien-Pao": {"name": "Chien-Pao", "species": "Chien-Pao", "speciesId": "chienpao", "gender": "N", "shiny": false, "level": 72, "moves": ["sacredsword", "crunch", "iciclecrash", "iceshard"], "ability": "Sword of Ruin", "evs": {"hp": 85, "atk": 85, "def": 85, "spa": 85, "spd": 85, "spe": 85}, "ivs": {"hp": 31, "atk": 31, "def": 31, "spa": 31, "spd": 31, "spe": 31}, "item": "Choice Band", "teraType": "Fighting", "role": "Wallbreaker", "bvs": {"hp": 80, "atk": 120, "def": 80, "spa": 90, "spd": 65, "spe": 135}, "stats": {"hp": 234, "atk": 215, "def": 157, "spa": 172, "spd": 136, "spe": 236}, "types": ["Dark", "Ice"]}, "Palkia": {"name": "Palkia", "species": "Palkia", "speciesId": "palkia", "gender": "N", "shiny": false, "level": 75, "moves": ["spacialrend", "hydropump", "dracometeor", "fireblast"], "ability": "Pressure", "evs": {"hp": 85, "atk": 0, "def": 85, "spa": 85, "spd": 85, "spe": 85}, "ivs": {"hp": 31, "atk": 0, "def": 31, "spa": 31, "spd": 31, "spe": 31}, "item": "Choice Scarf", "teraType": "Dragon", "role": "Fast Attacker", "bvs": {"hp": 90, "atk": 120, "def": 100, "spa": 150, "spd": 120, "spe": 100}, "stats": {"hp": 259, "atk": 185, "def": 194, "spa": 269, "spd": 224, "spe": 194}, "types": ["Water", "Dragon"]}, "Sandaconda": {"name": "Sandaconda", "species": "Sandaconda", "speciesId": "sandaconda", "gender": "M", "shiny": false, "level": 84, "moves": ["rockblast", "earthquake", "scaleshot", "coil"], "ability": "Shed Skin", "evs": {"hp": 85, "atk": 85, "def": 85, "spa": 85, "spd": 85, "spe": 85}, "ivs": {"hp": 31, "atk": 31, "def": 31, "spa": 31, "spd": 31, "spe": 31}, "item": "Loaded Dice", "teraType": "Dragon", "role": "Fast Bulky Setup", "bvs": {"hp": 72, "atk": 107, "def": 125, "spa": 65, "spd": 70, "spe": 71}, "stats": {"hp": 258, "atk": 228, "def": 258, "spa": 157, "spd": 166, "spe": 167}, "types": ["Ground"]}}]}