{"id": "gen9randombattle-2632005710", "format": "[Gen 9] Random Battle", "players": ["cardibqueenofrap", "metaltunder"], "log": "|j|\u2606cardibqueenofrap\n|j|\u2606metaltunder\n|t:|1781465114\n|gametype|singles\n|player|p1|cardibqueenofrap|2|2092\n|player|p2|metaltunder|palmer|2039\n|gen|9\n|tier|[Gen 9] Random Battle\n|rated|\n|rule|Species Clause: Limit one of each Pok\u00e9mon\n|rule|HP Percentage Mod: HP is shown in percentages\n|rule|Sleep Clause Mod: Limit one foe put to sleep\n|rule|Illusion Level Mod: Illusion disguises the Pok\u00e9mon's true level\n|\n|t:|1781465114\n|teamsize|p1|6\n|teamsize|p2|6\n|start\n|switch|p1a: Mabosstiff|Mabosstiff, L86, M|278/278\n|switch|p2a: Emboar|Emboar, L84, M|322/322\n|turn|1\n|inactive|Battle timer is ON: inactive players will automatically lose when time's up. (requested by metaltunder)\n|\n|t:|1781465132\n|switch|p1a: Entei|Entei, L78|307/307\n|move|p2a: Emboar|Flare Blitz|p1a: Entei\n|-resisted|p1a: Entei\n|-damage|p1a: Entei|206/307\n|-damage|p2a: Emboar|289/322|[from] Recoil\n|\n|upkeep\n|turn|2\n|\n|t:|1781465142\n|move|p1a: Entei|Stone Edge|p2a: Emboar\n|-damage|p2a: Emboar|146/322\n|move|p2a: Emboar|Close Combat|p1a: Entei\n|-damage|p1a: Entei|34/307\n|-unboost|p2a: Emboar|def|1\n|-unboost|p2a: Emboar|spd|1\n|\n|upkeep\n|turn|3\n|\n|t:|1781465151\n|switch|p2a: Iron Treads|Iron Treads, L77|265/265\n|move|p1a: Entei|Stone Edge|p2a: Iron Treads\n|-resisted|p2a: Iron Treads\n|-damage|p2a: Iron Treads|241/265\n|\n|-heal|p2a: Iron Treads|257/265|[from] item: Leftovers\n|upkeep\n|turn|4\n|\n|t:|1781465158\n|switch|p1a: Rotom|Rotom-Frost, L87|229/229\n|move|p2a: Iron Treads|Stealth Rock|p1a: Rotom\n|-sidestart|p1: cardibqueenofrap|move: Stealth Rock\n|\n|-heal|p2a: Iron Treads|265/265|[from] item: Leftovers\n|upkeep\n|turn|5\n|inactive|metaltunder has 120 seconds left.\n|inactive|metaltunder has 90 seconds left.\n|\n|t:|1781465224\n|move|p2a: Iron Treads|Knock Off|p1a: Rotom\n|-damage|p1a: Rotom|172/229\n|-enditem|p1a: Rotom|Heavy-Duty Boots|[from] move: Knock Off|[of] p2a: Iron Treads\n|move|p1a: Rotom|Nasty Plot|p1a: Rotom\n|-boost|p1a: Rotom|spa|2\n|\n|upkeep\n|turn|6\n|inactive|metaltunder has 90 seconds left.\n|\n|t:|1781465232\n|move|p2a: Iron Treads|Iron Head|p1a: Rotom\n|-damage|p1a: Rotom|106/229\n|move|p1a: Rotom|Blizzard|p2a: Iron Treads\n|-damage|p2a: Iron Treads|0 fnt\n|faint|p2a: Iron Treads\n|-end|p2a: Iron Treads|Quark Drive|[silent]\n|\n|upkeep\n|inactive|metaltunder has 90 seconds left.\n|\n|t:|1781465239\n|switch|p2a: Gothitelle|Gothitelle, L90, M|272/272\n|turn|7\n|\n|t:|1781465243\n|move|p2a: Gothitelle|Psychic|p1a: Rotom\n|-damage|p1a: Rotom|21/229\n|move|p1a: Rotom|Thunderbolt|p2a: Gothitelle\n|-damage|p2a: Gothitelle|103/272\n|\n|upkeep\n|turn|8\n|\n|t:|1781465248\n|move|p2a: Gothitelle|Psychic|p1a: Rotom\n|-damage|p1a: Rotom|0 fnt\n|faint|p1a: Rotom\n|\n|upkeep\n|\n|t:|1781465250\n|switch|p1a: Mabosstiff|Mabosstiff, L86, M|278/278\n|-damage|p1a: Mabosstiff|244/278|[from] Stealth Rock\n|turn|9\n|\n|t:|1781465255\n|switch|p2a: Coalossal|Coalossal, L89, M|341/341\n|move|p1a: Mabosstiff|Crunch|p2a: Coalossal\n|-damage|p2a: Coalossal|190/341\n|-status|p1a: Mabosstiff|brn|[from] ability: Flame Body|[of] p2a: Coalossal\n|\n|-damage|p1a: Mabosstiff|227/278 brn|[from] brn\n|upkeep\n|turn|10\n|\n|t:|1781465262\n|move|p1a: Mabosstiff|Crunch|p2a: Coalossal\n|-damage|p2a: Coalossal|148/341\n|move|p2a: Coalossal|Spikes|p1a: Mabosstiff\n|-sidestart|p1: cardibqueenofrap|Spikes\n|\n|-damage|p1a: Mabosstiff|210/278 brn|[from] brn\n|upkeep\n|turn|11\n|\n|t:|1781465272\n|switch|p1a: Gengar|Gengar, L81, F|230/230\n|-damage|p1a: Gengar|202/230|[from] Stealth Rock\n|-damage|p1a: Gengar|174/230|[from] Spikes\n|move|p2a: Coalossal|Spikes|p1a: Gengar\n|-sidestart|p1: cardibqueenofrap|Spikes\n|\n|upkeep\n|turn|12\n|\n|t:|1781465285\n|move|p1a: Gengar|Shadow Ball|p2a: Coalossal\n|-damage|p2a: Coalossal|26/341\n|-damage|p1a: Gengar|151/230|[from] item: Life Orb\n|move|p2a: Coalossal|Overheat|p1a: Gengar\n|-damage|p1a: Gengar|1/230\n|-unboost|p2a: Coalossal|spa|2\n|\n|upkeep\n|turn|13\n|\n|t:|1781465293\n|move|p1a: Gengar|Shadow Ball|p2a: Coalossal\n|-damage|p2a: Coalossal|0 fnt\n|faint|p2a: Coalossal\n|-damage|p1a: Gengar|0 fnt|[from] item: Life Orb\n|faint|p1a: Gengar\n|\n|upkeep\n|\n|t:|1781465299\n|switch|p1a: Galvantula|Galvantula, L82, F|249/249\n|switch|p2a: Emboar|Emboar, L84, M|146/322\n|turn|14\n|\n|t:|1781465312\n|move|p1a: Galvantula|Sticky Web|p2a: Emboar\n|-sidestart|p2: metaltunder|move: Sticky Web\n|move|p2a: Emboar|Flare Blitz|p1a: Galvantula\n|-supereffective|p1a: Galvantula\n|-damage|p1a: Galvantula|0 fnt\n|faint|p1a: Galvantula\n|-damage|p2a: Emboar|64/322|[from] Recoil\n|\n|upkeep\n|\n|t:|1781465320\n|switch|p1a: Mabosstiff|Mabosstiff, L86, M|210/278 brn\n|-damage|p1a: Mabosstiff|176/278 brn|[from] Stealth Rock\n|-damage|p1a: Mabosstiff|130/278 brn|[from] Spikes\n|turn|15\n|\n|t:|1781465328\n|move|p1a: Mabosstiff|Crunch|p2a: Emboar\n|-resisted|p2a: Emboar\n|-damage|p2a: Emboar|30/322\n|move|p2a: Emboar|Flare Blitz|p1a: Mabosstiff\n|-damage|p1a: Mabosstiff|0 fnt\n|faint|p1a: Mabosstiff\n|-damage|p2a: Emboar|0 fnt|[from] Recoil\n|faint|p2a: Emboar\n|\n|upkeep\n|\n|t:|1781465340\n|switch|p1a: Meowscarada|Meowscarada, L78, F|247/247\n|switch|p2a: Lokix|Lokix, L82, F|251/251\n|-damage|p1a: Meowscarada|217/247|[from] Stealth Rock\n|-damage|p1a: Meowscarada|176/247|[from] Spikes\n|-activate|p2a: Lokix|move: Sticky Web\n|-unboost|p2a: Lokix|spe|1\n|turn|16\n|\n|t:|1781465350\n|move|p2a: Lokix|First Impression|p1a: Meowscarada\n|-supereffective|p1a: Meowscarada\n|-damage|p1a: Meowscarada|0 fnt\n|faint|p1a: Meowscarada\n|\n|upkeep\n|l|\u2606cardibqueenofrap\n|inactive|cardibqueenofrap disconnected and has a minute to reconnect!\n|player|p1|\n|inactive|cardibqueenofrap has 30 seconds to reconnect!\n|inactive|cardibqueenofrap has 20 seconds to reconnect!\n|inactive|cardibqueenofrap has 15 seconds to reconnect!\n|inactive|cardibqueenofrap has 10 seconds to reconnect!\n|inactive|cardibqueenofrap has 5 seconds to reconnect!\n|-message|cardibqueenofrap lost due to inactivity.\n|\n|win|metaltunder\n", "inputlog": ">version a8376a258c1d4662feba110a92103f3664a72141\n>start {\"formatid\":\"gen9randombattle\",\"seed\":\"sodium,87c3aed418ec6567d1d4fede06c0bb78\",\"rated\":\"Rated battle\"}\n>player p1 {\"name\":\"cardibqueenofrap\",\"avatar\":\"2\",\"rating\":2092,\"seed\":\"sodium,631b4627b551f77b16f9e67794a93867\"}\n>player p2 {\"name\":\"metaltunder\",\"avatar\":\"palmer\",\"rating\":2039,\"seed\":\"sodium,0a3aa5970c54cf9f163dd3398680bbed\"}\n>p1 switch 2\n>p2 move flareblitz\n>p1 move stoneedge\n>p2 move closecombat\n>p1 move stoneedge\n>p2 switch 4\n>p1 switch 5\n>p2 move stealthrock\n>p1 move nastyplot\n>p2 move knockoff\n>p1 move blizzard\n>p2 move ironhead\n>p2 switch 6\n>p1 move thunderbolt\n>p2 move psychic\n>p1 move thunderbolt\n>p2 move psychic\n>p1 switch 2\n>p1 move crunch\n>p2 switch 3\n>p1 move crunch\n>p2 move spikes\n>p1 switch 6\n>p2 move spikes\n>p1 move shadowball\n>p2 move overheat\n>p1 move shadowball\n>p2 move spikes\n>p1 switch 3\n>p2 switch 4\n>p1 move stickyweb\n>p2 move flareblitz\n>p1 switch 6\n>p1 move crunch\n>p2 move flareblitz\n>p1 switch 4\n>p2 switch 2\n>p1 move uturn\n>p2 move firstimpression\n>forcelose p1", "uploadtime": 1781465115, "views": 6, "formatid": "gen9randombattle", "rating": null, "private": 0, "password": null, "player_dets": [{"name": "cardibqueenofrap", "avatar": "2", "rating": 2092, "seed": "sodium,631b4627b551f77b16f9e67794a93867"}, {"name": "metaltunder", "avatar": "palmer", "rating": 2039, "seed": "sodium,0a3aa5970c54cf9f163dd3398680bbed"}], "teams_full": [{"Mabosstiff": {"name": "Mabosstiff", "species": "Mabosstiff", "speciesId": "mabosstiff", "gender": "M", "shiny": false, "level": 86, "moves": ["psychicfangs", "wildcharge", "crunch", "playrough"], "ability": "Stakeout", "evs": {"hp": 85, "atk": 85, "def": 85, "spa": 85, "spd": 85, "spe": 85}, "ivs": {"hp": 31, "atk": 31, "def": 31, "spa": 31, "spd": 31, "spe": 31}, "item": "Choice Scarf", "teraType": "Dark", "role": "Bulky Attacker", "bvs": {"hp": 80, "atk": 120, "def": 90, "spa": 60, "spd": 70, "spe": 85}, "stats": {"hp": 278, "atk": 256, "def": 204, "spa": 152, "spd": 170, "spe": 195}}, "Entei": {"name": "Entei", "species": "Entei", "speciesId": "entei", "gender": "N", "shiny": false, "level": 78, "moves": ["flareblitz", "extremespeed", "sacredfire", "stoneedge"], "ability": "Inner Focus", "evs": {"hp": 85, "atk": 85, "def": 85, "spa": 85, "spd": 85, "spe": 85}, "ivs": {"hp": 31, "atk": 31, "def": 31, "spa": 31, "spd": 31, "spe": 31}, "item": "Choice Band", "teraType": "Fire", "role": "Fast Attacker", "bvs": {"hp": 115, "atk": 115, "def": 85, "spa": 90, "spd": 75, "spe": 100}, "stats": {"hp": 307, "atk": 224, "def": 178, "spa": 185, "spd": 162, "spe": 201}}, "Galvantula": {"name": "Galvantula", "species": "Galvantula", "speciesId": "galvantula", "gender": "F", "shiny": false, "level": 82, "moves": ["thunder", "voltswitch", "bugbuzz", "stickyweb"], "ability": "Compound Eyes", "evs": {"hp": 85, "atk": 0, "def": 85, "spa": 85, "spd": 85, "spe": 85}, "ivs": {"hp": 31, "atk": 0, "def": 31, "spa": 31, "spd": 31, "spe": 31}, "item": "Heavy-Duty Boots", "teraType": "Electric", "role": "Fast Support", "bvs": {"hp": 70, "atk": 77, "def": 60, "spa": 97, "spd": 60, "spe": 108}, "stats": {"hp": 249, "atk": 131, "def": 146, "spa": 206, "spd": 146, "spe": 224}}, "Meowscarada": {"name": "Meowscarada", "species": "Meowscarada", "speciesId": "meowscarada", "gender": "F", "shiny": false, "level": 78, "moves": ["tripleaxel", "uturn", "flowertrick", "knockoff"], "ability": "Protean", "evs": {"hp": 85, "atk": 85, "def": 85, "spa": 85, "spd": 85, "spe": 85}, "ivs": {"hp": 31, "atk": 31, "def": 31, "spa": 31, "spd": 31, "spe": 31}, "item": "Choice Band", "teraType": "Grass", "role": "Fast Support", "bvs": {"hp": 76, "atk": 110, "def": 70, "spa": 81, "spd": 70, "spe": 123}, "stats": {"hp": 247, "atk": 217, "def": 154, "spa": 171, "spd": 154, "spe": 237}}, "Rotom": {"name": "Rotom", "species": "Rotom-Frost", "speciesId": "rotomfrost", "gender": "N", "shiny": false, "level": 87, "moves": ["nastyplot", "willowisp", "thunderbolt", "blizzard"], "ability": "Levitate", "evs": {"hp": 85, "atk": 0, "def": 85, "spa": 85, "spd": 85, "spe": 85}, "ivs": {"hp": 31, "atk": 0, "def": 31, "spa": 31, "spd": 31, "spe": 31}, "item": "Heavy-Duty Boots", "teraType": "Electric", "role": "Fast Attacker", "bvs": {"hp": 50, "atk": 65, "def": 107, "spa": 105, "spd": 107, "spe": 86}, "stats": {"hp": 229, "atk": 118, "def": 236, "spa": 232, "spd": 236, "spe": 199}}, "Gengar": {"name": "Gengar", "species": "Gengar", "speciesId": "gengar", "gender": "F", "shiny": false, "level": 81, "moves": ["willowisp", "shadowball", "focusblast", "sludgewave"], "ability": "Cursed Body", "evs": {"hp": 85, "atk": 0, "def": 85, "spa": 85, "spd": 85, "spe": 85}, "ivs": {"hp": 31, "atk": 0, "def": 31, "spa": 31, "spd": 31, "spe": 31}, "item": "Life Orb", "teraType": "Fighting", "role": "Fast Attacker", "bvs": {"hp": 60, "atk": 65, "def": 60, "spa": 130, "spd": 75, "spe": 110}, "stats": {"hp": 230, "atk": 110, "def": 144, "spa": 257, "spd": 168, "spe": 225}}}, {"Emboar": {"name": "Emboar", "species": "Emboar", "speciesId": "emboar", "gender": "M", "shiny": false, "level": 84, "moves": ["flareblitz", "closecombat", "knockoff", "wildcharge"], "ability": "Reckless", "evs": {"hp": 85, "atk": 85, "def": 85, "spa": 85, "spd": 85, "spe": 85}, "ivs": {"hp": 31, "atk": 31, "def": 31, "spa": 31, "spd": 31, "spe": 31}, "item": "Assault Vest", "teraType": "Dark", "role": "AV Pivot", "bvs": {"hp": 110, "atk": 123, "def": 65, "spa": 100, "spd": 65, "spe": 65}, "stats": {"hp": 322, "atk": 255, "def": 157, "spa": 216, "spd": 157, "spe": 157}}, "Lokix": {"name": "Lokix", "species": "Lokix", "speciesId": "lokix", "gender": "F", "shiny": false, "level": 82, "moves": ["uturn", "knockoff", "suckerpunch", "firstimpression"], "ability": "Tinted Lens", "evs": {"hp": 85, "atk": 85, "def": 85, "spa": 85, "spd": 85, "spe": 85}, "ivs": {"hp": 31, "atk": 31, "def": 31, "spa": 31, "spd": 31, "spe": 31}, "item": "Silver Powder", "teraType": "Bug", "role": "Fast Attacker", "bvs": {"hp": 71, "atk": 102, "def": 78, "spa": 52, "spd": 55, "spe": 92}, "stats": {"hp": 251, "atk": 214, "def": 175, "spa": 132, "spd": 137, "spe": 198}}, "Coalossal": {"name": "Coalossal", "species": "Coalossal", "speciesId": "coalossal", "gender": "M", "shiny": false, "level": 89, "moves": ["overheat", "rapidspin", "stoneedge", "spikes"], "ability": "Flame Body", "evs": {"hp": 85, "atk": 85, "def": 85, "spa": 85, "spd": 85, "spe": 85}, "ivs": {"hp": 31, "atk": 31, "def": 31, "spa": 31, "spd": 31, "spe": 31}, "item": "Heavy-Duty Boots", "teraType": "Ghost", "role": "Bulky Support", "bvs": {"hp": 110, "atk": 80, "def": 120, "spa": 80, "spd": 90, "spe": 30}, "stats": {"hp": 341, "atk": 193, "def": 264, "spa": 193, "spd": 211, "spe": 104}}, "Iron Treads": {"name": "Iron Treads", "species": "Iron Treads", "speciesId": "irontreads", "gender": "N", "shiny": false, "level": 77, "moves": ["stealthrock", "ironhead", "knockoff", "earthquake"], "ability": "Quark Drive", "evs": {"hp": 85, "atk": 85, "def": 85, "spa": 85, "spd": 85, "spe": 85}, "ivs": {"hp": 31, "atk": 31, "def": 31, "spa": 31, "spd": 31, "spe": 31}, "item": "Leftovers", "teraType": "Ghost", "role": "Bulky Support", "bvs": {"hp": 90, "atk": 112, "def": 120, "spa": 72, "spd": 70, "spe": 106}, "stats": {"hp": 265, "atk": 217, "def": 229, "spa": 155, "spd": 152, "spe": 208}}, "Chesnaught": {"name": "Chesnaught", "species": "Chesnaught", "speciesId": "chesnaught", "gender": "M", "shiny": false, "level": 84, "moves": ["woodhammer", "synthesis", "bodypress", "spikes"], "ability": "Bulletproof", "evs": {"hp": 85, "atk": 85, "def": 85, "spa": 85, "spd": 85, "spe": 85}, "ivs": {"hp": 31, "atk": 31, "def": 31, "spa": 31, "spd": 31, "spe": 31}, "item": "Leftovers", "teraType": "Water", "role": "Bulky Support", "bvs": {"hp": 88, "atk": 107, "def": 122, "spa": 74, "spd": 75, "spe": 64}, "stats": {"hp": 285, "atk": 228, "def": 253, "spa": 173, "spd": 174, "spe": 156}}, "Gothitelle": {"name": "Gothitelle", "species": "Gothitelle", "speciesId": "gothitelle", "gender": "M", "shiny": false, "level": 90, "moves": ["darkpulse", "trick", "focusblast", "psychic"], "ability": "Shadow Tag", "evs": {"hp": 85, "atk": 0, "def": 85, "spa": 85, "spd": 85, "spe": 85}, "ivs": {"hp": 31, "atk": 0, "def": 31, "spa": 31, "spd": 31, "spe": 31}, "item": "Choice Scarf", "teraType": "Dark", "role": "Fast Attacker", "bvs": {"hp": 70, "atk": 55, "def": 95, "spa": 95, "spd": 110, "spe": 65}, "stats": {"hp": 272, "atk": 104, "def": 222, "spa": 222, "spd": 249, "spe": 168}}}]}