{"id": "gen9randombattle-2631893403", "format": "[Gen 9] Random Battle", "players": ["Mitchel531", "Z10101"], "log": "|j|\u2606Mitchel531\n|j|\u2606Z10101\n|t:|1781452839\n|gametype|singles\n|player|p1|Mitchel531|102|2039\n|player|p2|Z10101|170|2036\n|gen|9\n|tier|[Gen 9] Random Battle\n|rated|\n|rule|Species Clause: Limit one of each Pok\u00e9mon\n|rule|HP Percentage Mod: HP is shown in percentages\n|rule|Sleep Clause Mod: Limit one foe put to sleep\n|rule|Illusion Level Mod: Illusion disguises the Pok\u00e9mon's true level\n|\n|t:|1781452839\n|teamsize|p1|6\n|teamsize|p2|6\n|start\n|switch|p1a: Meowstic|Meowstic-F, L89, F|277/277\n|switch|p2a: Serperior|Serperior, L79, F|248/248\n|turn|1\n|inactive|Battle timer is ON: inactive players will automatically lose when time's up. (requested by Z10101)\n|\n|t:|1781452852\n|switch|p1a: Scyther|Scyther, L82, M|249/249\n|move|p2a: Serperior|Glare|p1a: Scyther\n|-status|p1a: Scyther|par\n|\n|upkeep\n|turn|2\n|\n|t:|1781452858\n|switch|p2a: Mamoswine|Mamoswine, L81, M|311/311\n|move|p1a: Scyther|U-turn|p2a: Mamoswine\n|-damage|p2a: Mamoswine|230/311\n|\n|t:|1781452881\n|switch|p1a: Feraligatr|Feraligatr, L79, F|264/264|[from] U-turn\n|\n|upkeep\n|turn|3\n|\n|t:|1781452886\n|move|p2a: Mamoswine|Stealth Rock|p1a: Feraligatr\n|-sidestart|p1: Mitchel531|move: Stealth Rock\n|move|p1a: Feraligatr|Dragon Dance|p1a: Feraligatr\n|-boost|p1a: Feraligatr|atk|1\n|-boost|p1a: Feraligatr|spe|1\n|\n|upkeep\n|turn|4\n|\n|t:|1781452892\n|switch|p2a: Whimsicott|Whimsicott, L84, M|238/238\n|move|p1a: Feraligatr|Liquidation|p2a: Whimsicott\n|-resisted|p2a: Whimsicott\n|-damage|p2a: Whimsicott|130/238\n|\n|upkeep\n|turn|5\n|\n|t:|1781452899\n|move|p2a: Whimsicott|Stun Spore|p1a: Feraligatr\n|-status|p1a: Feraligatr|par\n|move|p1a: Feraligatr|Ice Punch|p2a: Whimsicott\n|-supereffective|p2a: Whimsicott\n|-crit|p2a: Whimsicott\n|-damage|p2a: Whimsicott|0 fnt\n|faint|p2a: Whimsicott\n|\n|upkeep\n|\n|t:|1781452904\n|switch|p2a: Serperior|Serperior, L79, F|248/248\n|turn|6\n|\n|t:|1781452915\n|switch|p2a: Mamoswine|Mamoswine, L81, M|230/311\n|cant|p1a: Feraligatr|par\n|\n|upkeep\n|turn|7\n|\n|t:|1781452920\n|move|p2a: Mamoswine|Earthquake|p1a: Feraligatr\n|-damage|p1a: Feraligatr|99/264 par\n|-damage|p2a: Mamoswine|199/311|[from] item: Life Orb\n|move|p1a: Feraligatr|Liquidation|p2a: Mamoswine\n|-supereffective|p2a: Mamoswine\n|-damage|p2a: Mamoswine|0 fnt\n|faint|p2a: Mamoswine\n|\n|upkeep\n|\n|t:|1781452926\n|switch|p2a: Serperior|Serperior, L79, F|248/248\n|turn|8\n|\n|t:|1781452932\n|move|p2a: Serperior|Leaf Storm|p1a: Feraligatr\n|-supereffective|p1a: Feraligatr\n|-damage|p1a: Feraligatr|0 fnt\n|-boost|p2a: Serperior|spa|2\n|faint|p1a: Feraligatr\n|-damage|p2a: Serperior|224/248|[from] item: Life Orb\n|\n|upkeep\n|\n|t:|1781452937\n|switch|p1a: Scyther|Scyther, L82, M|249/249 par\n|turn|9\n|\n|t:|1781452946\n|move|p2a: Serperior|Dragon Pulse|p1a: Scyther\n|-damage|p1a: Scyther|129/249 par\n|-damage|p2a: Serperior|200/248|[from] item: Life Orb\n|move|p1a: Scyther|Dual Wingbeat|p2a: Serperior\n|-supereffective|p2a: Serperior\n|-damage|p2a: Serperior|72/248\n|-supereffective|p2a: Serperior\n|-damage|p2a: Serperior|0 fnt\n|faint|p2a: Serperior\n|-hitcount|p2: Serperior|2\n|\n|upkeep\n|\n|t:|1781452956\n|switch|p2a: Bellibolt|Bellibolt, L84, F|320/320\n|turn|10\n|\n|t:|1781452959\n|move|p2a: Bellibolt|Thunderbolt|p1a: Scyther\n|-supereffective|p1a: Scyther\n|-damage|p1a: Scyther|0 fnt\n|faint|p1a: Scyther\n|\n|upkeep\n|\n|t:|1781452969\n|switch|p1a: Meowstic|Meowstic-F, L89, F|277/277\n|-damage|p1a: Meowstic|243/277|[from] Stealth Rock\n|turn|11\n|\n|t:|1781452973\n|move|p1a: Meowstic|Nasty Plot|p1a: Meowstic\n|-boost|p1a: Meowstic|spa|2\n|move|p2a: Bellibolt|Toxic|p1a: Meowstic\n|-status|p1a: Meowstic|tox\n|\n|-damage|p1a: Meowstic|226/277 tox|[from] psn\n|upkeep\n|turn|12\n|\n|t:|1781452977\n|move|p1a: Meowstic|Psychic|p2a: Bellibolt\n|-damage|p2a: Bellibolt|74/320\n|-start|p2a: Bellibolt|Charge|Psychic|[from] ability: Electromorphosis\n|-damage|p1a: Meowstic|199/277 tox|[from] item: Life Orb\n|move|p2a: Bellibolt|Thunderbolt|p1a: Meowstic\n|-damage|p1a: Meowstic|0 fnt\n|faint|p1a: Meowstic\n|-end|p2a: Bellibolt|Charge|[silent]\n|\n|-heal|p2a: Bellibolt|94/320|[from] item: Leftovers\n|upkeep\n|\n|t:|1781452990\n|switch|p1a: Calyrex|Calyrex-Shadow, L64|235/235\n|-ability|p1a: Calyrex|As One\n|-ability|p1a: Calyrex|Unnerve\n|-damage|p1a: Calyrex|206/235|[from] Stealth Rock\n|turn|13\n|\n|t:|1781452997\n|switch|p2a: Maushold|Maushold, L76|238/238\n|move|p1a: Calyrex|Astral Barrage|p2a: Maushold\n|-immune|p2a: Maushold\n|\n|upkeep\n|turn|14\n|\n|t:|1781453012\n|switch|p1a: Heatran|Heatran, L79, M|273/273\n|-damage|p1a: Heatran|239/273|[from] Stealth Rock\n|-item|p1a: Heatran|Air Balloon\n|move|p2a: Maushold|Bite|p1a: Heatran\n|-damage|p1a: Heatran|199/273\n|-enditem|p1a: Heatran|Air Balloon\n|\n|upkeep\n|turn|15\n|\n|t:|1781453026\n|switch|p2a: Dachsbun|Dachsbun, L92, M|254/254\n|move|p1a: Heatran|Magma Storm|p2a: Dachsbun\n|-ability|p2a: Dachsbun|Well-Baked Body|boost\n|-boost|p2a: Dachsbun|def|2\n|\n|upkeep\n|turn|16\n|\n|t:|1781453037\n|switch|p1a: Calyrex|Calyrex-Shadow, L64|206/235\n|-ability|p1a: Calyrex|As One\n|-ability|p1a: Calyrex|Unnerve\n|-damage|p1a: Calyrex|177/235|[from] Stealth Rock\n|move|p2a: Dachsbun|Yawn|p1a: Calyrex\n|-start|p1a: Calyrex|move: Yawn|[of] p2a: Dachsbun\n|\n|upkeep\n|turn|17\n|\n|t:|1781453048\n|move|p1a: Calyrex|Trick|p2a: Dachsbun\n|-activate|p1a: Calyrex|move: Trick|[of] p2a: Dachsbun\n|-item|p2a: Dachsbun|Choice Specs|[from] move: Trick\n|-item|p1a: Calyrex|Leftovers|[from] move: Trick\n|move|p2a: Dachsbun|Wish|p2a: Dachsbun\n|\n|-heal|p1a: Calyrex|191/235|[from] item: Leftovers\n|-end|p1a: Calyrex|move: Yawn|[silent]\n|-status|p1a: Calyrex|slp\n|upkeep\n|turn|18\n|\n|t:|1781453065\n|switch|p1a: Heatran|Heatran, L79, M|199/273\n|-damage|p1a: Heatran|165/273|[from] Stealth Rock\n|switch|p2a: Bellibolt|Bellibolt, L84, F|94/320\n|\n|-heal|p2a: Bellibolt|221/320|[from] move: Wish|[wisher] Dachsbun\n|-heal|p2a: Bellibolt|241/320|[from] item: Leftovers\n|upkeep\n|turn|19\n|\n|t:|1781453071\n|move|p1a: Heatran|Earth Power|p2a: Bellibolt\n|-supereffective|p2a: Bellibolt\n|-damage|p2a: Bellibolt|79/320\n|-start|p2a: Bellibolt|Charge|Earth Power|[from] ability: Electromorphosis\n|move|p2a: Bellibolt|Muddy Water|p1a: Heatran|[miss]\n|-miss|p2a: Bellibolt|p1a: Heatran\n|\n|-heal|p2a: Bellibolt|99/320|[from] item: Leftovers\n|upkeep\n|turn|20\n|\n|t:|1781453079\n|switch|p2a: Dachsbun|Dachsbun, L92, M|254/254\n|move|p1a: Heatran|Earth Power|p2a: Dachsbun\n|-damage|p2a: Dachsbun|188/254\n|\n|upkeep\n|turn|21\n|\n|t:|1781453084\n|move|p2a: Dachsbun|Wish|p2a: Dachsbun\n|move|p1a: Heatran|Heavy Slam|p2a: Dachsbun\n|-supereffective|p2a: Dachsbun\n|-damage|p2a: Dachsbun|38/254\n|\n|upkeep\n|turn|22\n|\n|t:|1781453096\n|switch|p2a: Maushold|Maushold, L76|238/238\n|move|p1a: Heatran|Earth Power|p2a: Maushold\n|-damage|p2a: Maushold|142/238\n|\n|-heal|p2a: Maushold|238/238|[from] move: Wish|[wisher] Dachsbun\n|upkeep\n|turn|23\n|\n|t:|1781453107\n|switch|p2a: Dachsbun|Dachsbun, L92, M|38/254\n|move|p1a: Heatran|Heavy Slam|p2a: Dachsbun\n|-supereffective|p2a: Dachsbun\n|-damage|p2a: Dachsbun|0 fnt\n|faint|p2a: Dachsbun\n|\n|upkeep\n|\n|t:|1781453114\n|switch|p2a: Maushold|Maushold, L76|238/238\n|turn|24\n|\n|t:|1781453121\n|move|p2a: Maushold|Tidy Up|p2a: Maushold\n|-sideend|p1: Mitchel531|Stealth Rock\n|-activate|p2a: Maushold|move: Tidy Up\n|-boost|p2a: Maushold|atk|1\n|-boost|p2a: Maushold|spe|1\n|move|p1a: Heatran|Heavy Slam|p2a: Maushold\n|-crit|p2a: Maushold\n|-damage|p2a: Maushold|31/238\n|\n|upkeep\n|turn|25\n|\n|t:|1781453129\n|move|p2a: Maushold|Population Bomb|p1a: Heatran\n|-resisted|p1a: Heatran\n|-crit|p1a: Heatran\n|-damage|p1a: Heatran|142/273\n|-resisted|p1a: Heatran\n|-damage|p1a: Heatran|127/273\n|-resisted|p1a: Heatran\n|-damage|p1a: Heatran|113/273\n|-resisted|p1a: Heatran\n|-damage|p1a: Heatran|97/273\n|-resisted|p1a: Heatran\n|-damage|p1a: Heatran|81/273\n|-resisted|p1a: Heatran\n|-damage|p1a: Heatran|66/273\n|-resisted|p1a: Heatran\n|-damage|p1a: Heatran|50/273\n|-resisted|p1a: Heatran\n|-damage|p1a: Heatran|36/273\n|-resisted|p1a: Heatran\n|-damage|p1a: Heatran|20/273\n|-resisted|p1a: Heatran\n|-crit|p1a: Heatran\n|-damage|p1a: Heatran|0 fnt\n|faint|p1a: Heatran\n|-hitcount|p1: Heatran|10\n|\n|upkeep\n|\n|t:|1781453135\n|switch|p1a: Calyrex|Calyrex-Shadow, L64|191/235 slp\n|-ability|p1a: Calyrex|As One\n|-ability|p1a: Calyrex|Unnerve\n|turn|26\n|\n|t:|1781453156\n|-terastallize|p1a: Calyrex|Dark\n|move|p2a: Maushold|Bite|p1a: Calyrex\n|-resisted|p1a: Calyrex\n|-damage|p1a: Calyrex|146/235 slp\n|cant|p1a: Calyrex|slp\n|\n|-heal|p1a: Calyrex|160/235 slp|[from] item: Leftovers\n|upkeep\n|turn|27\n|\n|t:|1781453162\n|move|p2a: Maushold|Population Bomb|p1a: Calyrex\n|-damage|p1a: Calyrex|111/235 slp\n|-damage|p1a: Calyrex|66/235 slp\n|-damage|p1a: Calyrex|21/235 slp\n|-damage|p1a: Calyrex|0 fnt\n|faint|p1a: Calyrex\n|-hitcount|p1: Calyrex|4\n|\n|upkeep\n|\n|t:|1781453166\n|switch|p1a: Iron Valiant|Iron Valiant, L78|244/244\n|turn|28\n|\n|t:|1781453175\n|move|p2a: Maushold|Population Bomb|p1a: Iron Valiant\n|-damage|p1a: Iron Valiant|211/244\n|-damage|p1a: Iron Valiant|175/244\n|-crit|p1a: Iron Valiant\n|-damage|p1a: Iron Valiant|123/244\n|-damage|p1a: Iron Valiant|89/244\n|-damage|p1a: Iron Valiant|52/244\n|-damage|p1a: Iron Valiant|18/244\n|-damage|p1a: Iron Valiant|0 fnt\n|faint|p1a: Iron Valiant\n|-end|p1a: Iron Valiant|Quark Drive|[silent]\n|-hitcount|p1: Iron Valiant|7\n|\n|win|Z10101\n|raw|Mitchel531's rating: 2039 &rarr; <strong>2019</strong><br />(-20 for losing)\n|raw|Z10101's rating: 2036 &rarr; <strong>2056</strong><br />(+20 for winning)\n", "inputlog": ">version a8376a258c1d4662feba110a92103f3664a72141\n>start {\"formatid\":\"gen9randombattle\",\"seed\":\"sodium,3b37cce0fbaf4d4a769518207804ab9a\",\"rated\":\"Rated battle\"}\n>player p1 {\"name\":\"Mitchel531\",\"avatar\":\"102\",\"rating\":2039,\"seed\":\"sodium,cda31a97c12760cd0297e173d5560374\"}\n>player p2 {\"name\":\"Z10101\",\"avatar\":\"170\",\"rating\":2036,\"seed\":\"sodium,d0d8f2b01a184bb415b4d3c8f9da0bc4\"}\n>p1 switch 4\n>p2 move glare\n>p1 move uturn\n>p2 switch 3\n>p1 switch 6\n>p1 move dragondance\n>p2 move stealthrock\n>p1 move liquidation\n>p2 switch 2\n>p1 move icepunch\n>p2 move stunspore\n>p2 switch 3\n>p1 move icepunch\n>p2 switch 2\n>p1 move liquidation\n>p2 move earthquake\n>p2 switch 2\n>p1 move icepunch\n>p2 move leafstorm\n>p1 switch 6\n>p1 move dualwingbeat\n>p2 move dragonpulse\n>p2 switch 4\n>p1 move defog\n>p2 move thunderbolt\n>p1 switch 4\n>p1 move nastyplot\n>p2 move toxic\n>p1 move psychic\n>p2 move thunderbolt\n>p1 switch 2\n>p1 move astralbarrage\n>p2 switch 5\n>p1 switch 3\n>p2 move bite\n>p1 move magmastorm\n>p2 switch 6\n>p1 switch 3\n>p2 move yawn\n>p1 move trick\n>p2 move wish\n>p1 switch 3\n>p2 switch 5\n>p1 move earthpower\n>p2 move muddywater\n>p1 move earthpower\n>p2 switch 5\n>p1 move heavyslam\n>p2 move wish\n>p1 move earthpower\n>p2 switch 6\n>p1 move heavyslam\n>p2 switch 6\n>p2 switch 6\n>p1 move heavyslam\n>p2 move tidyup\n>p1 move heavyslam\n>p2 move populationbomb\n>p1 switch 3\n>p1 move psyshock terastallize\n>p2 move bite\n>p1 move psyshock\n>p2 move populationbomb\n>p1 switch 5\n>p1 move moonblast\n>p2 move populationbomb", "uploadtime": 1781452841, "views": 6, "formatid": "gen9randombattle", "rating": 2019, "private": 0, "password": null, "player_dets": [{"name": "Mitchel531", "avatar": "102", "rating": 2039, "seed": "sodium,cda31a97c12760cd0297e173d5560374"}, {"name": "Z10101", "avatar": "170", "rating": 2036, "seed": "sodium,d0d8f2b01a184bb415b4d3c8f9da0bc4"}], "teams_full": [{"Meowstic": {"name": "Meowstic", "species": "Meowstic-F", "speciesId": "meowsticf", "gender": "F", "shiny": false, "level": 89, "moves": ["thunderbolt", "alluringvoice", "psychic", "nastyplot"], "ability": "Competitive", "evs": {"hp": 85, "atk": 0, "def": 85, "spa": 85, "spd": 85, "spe": 85}, "ivs": {"hp": 31, "atk": 0, "def": 31, "spa": 31, "spd": 31, "spe": 31}, "item": "Life Orb", "teraType": "Fairy", "role": "Setup Sweeper", "bvs": {"hp": 74, "atk": 48, "def": 76, "spa": 83, "spd": 81, "spe": 104}, "stats": {"hp": 277, "atk": 90, "def": 186, "spa": 199, "spd": 195, "spe": 236}, "types": ["Psychic"]}, "Calyrex": {"name": "Calyrex", "species": "Calyrex-Shadow", "speciesId": "calyrexshadow", "gender": "N", "shiny": false, "level": 64, "moves": ["pollenpuff", "astralbarrage", "trick", "psyshock"], "ability": "As One (Spectrier)", "evs": {"hp": 85, "atk": 0, "def": 85, "spa": 85, "spd": 85, "spe": 85}, "ivs": {"hp": 31, "atk": 0, "def": 31, "spa": 31, "spd": 31, "spe": 31}, "item": "Choice Specs", "teraType": "Dark", "role": "Fast Attacker", "bvs": {"hp": 100, "atk": 85, "def": 80, "spa": 165, "spd": 100, "spe": 150}, "stats": {"hp": 235, "atk": 113, "def": 140, "spa": 249, "spd": 166, "spe": 230}, "types": ["Psychic", "Ghost"]}, "Heatran": {"name": "Heatran", "species": "Heatran", "speciesId": "heatran", "gender": "M", "shiny": false, "level": 79, "moves": ["magmastorm", "earthpower", "heavyslam", "stealthrock"], "ability": "Flash Fire", "evs": {"hp": 85, "atk": 85, "def": 85, "spa": 85, "spd": 85, "spe": 85}, "ivs": {"hp": 31, "atk": 31, "def": 31, "spa": 31, "spd": 31, "spe": 31}, "item": "Air Balloon", "teraType": "Flying", "role": "Bulky Support", "bvs": {"hp": 91, "atk": 90, "def": 106, "spa": 130, "spd": 106, "spe": 77}, "stats": {"hp": 273, "atk": 188, "def": 213, "spa": 251, "spd": 213, "spe": 167}, "types": ["Fire", "Steel"]}, "Scyther": {"name": "Scyther", "species": "Scyther", "speciesId": "scyther", "gender": "M", "shiny": false, "level": 82, "moves": ["closecombat", "dualwingbeat", "uturn", "defog"], "ability": "Technician", "evs": {"hp": 85, "atk": 85, "def": 85, "spa": 85, "spd": 85, "spe": 85}, "ivs": {"hp": 31, "atk": 31, "def": 31, "spa": 31, "spd": 31, "spe": 31}, "item": "Heavy-Duty Boots", "teraType": "Fighting", "role": "Fast Support", "bvs": {"hp": 70, "atk": 110, "def": 80, "spa": 55, "spd": 80, "spe": 105}, "stats": {"hp": 249, "atk": 228, "def": 178, "spa": 137, "spd": 178, "spe": 219}, "types": ["Bug", "Flying"]}, "Iron Valiant": {"name": "Iron Valiant", "species": "Iron Valiant", "speciesId": "ironvaliant", "gender": "N", "shiny": false, "level": 78, "moves": ["moonblast", "closecombat", "calmmind", "psychic"], "ability": "Quark Drive", "evs": {"hp": 85, "atk": 85, "def": 85, "spa": 85, "spd": 85, "spe": 85}, "ivs": {"hp": 31, "atk": 31, "def": 31, "spa": 31, "spd": 31, "spe": 31}, "item": "Life Orb", "teraType": "Fairy", "role": "Fast Attacker", "bvs": {"hp": 74, "atk": 130, "def": 90, "spa": 120, "spd": 60, "spe": 116}, "stats": {"hp": 244, "atk": 248, "def": 185, "spa": 232, "spd": 139, "spe": 226}, "types": ["Fairy", "Fighting"]}, "Feraligatr": {"name": "Feraligatr", "species": "Feraligatr", "speciesId": "feraligatr", "gender": "F", "shiny": false, "level": 79, "moves": ["icepunch", "liquidation", "dragondance", "crunch"], "ability": "Sheer Force", "evs": {"hp": 85, "atk": 85, "def": 85, "spa": 85, "spd": 85, "spe": 85}, "ivs": {"hp": 31, "atk": 31, "def": 31, "spa": 31, "spd": 31, "spe": 31}, "item": "Life Orb", "teraType": "Water", "role": "Fast Bulky Setup", "bvs": {"hp": 85, "atk": 105, "def": 100, "spa": 79, "spd": 83, "spe": 78}, "stats": {"hp": 264, "atk": 211, "def": 204, "spa": 170, "spd": 177, "spe": 169}, "types": ["Water"]}}, {"Serperior": {"name": "Serperior", "species": "Serperior", "speciesId": "serperior", "gender": "F", "shiny": false, "level": 79, "moves": ["leafstorm", "synthesis", "glare", "dragonpulse"], "ability": "Contrary", "evs": {"hp": 85, "atk": 0, "def": 85, "spa": 85, "spd": 85, "spe": 85}, "ivs": {"hp": 31, "atk": 0, "def": 31, "spa": 31, "spd": 31, "spe": 31}, "item": "Life Orb", "teraType": "Grass", "role": "Fast Attacker", "bvs": {"hp": 75, "atk": 75, "def": 95, "spa": 75, "spd": 95, "spe": 113}, "stats": {"hp": 248, "atk": 123, "def": 196, "spa": 164, "spd": 196, "spe": 224}, "types": ["Grass"]}, "Whimsicott": {"name": "Whimsicott", "species": "Whimsicott", "speciesId": "whimsicott", "gender": "M", "shiny": false, "level": 84, "moves": ["stunspore", "gigadrain", "moonblast", "uturn"], "ability": "Prankster", "evs": {"hp": 85, "atk": 85, "def": 85, "spa": 85, "spd": 85, "spe": 85}, "ivs": {"hp": 31, "atk": 31, "def": 31, "spa": 31, "spd": 31, "spe": 31}, "item": "Heavy-Duty Boots", "teraType": "Steel", "role": "Fast Support", "bvs": {"hp": 60, "atk": 67, "def": 85, "spa": 77, "spd": 75, "spe": 116}, "stats": {"hp": 238, "atk": 161, "def": 191, "spa": 178, "spd": 174, "spe": 243}, "types": ["Grass", "Fairy"]}, "Mamoswine": {"name": "Mamoswine", "species": "Mamoswine", "speciesId": "mamoswine", "gender": "M", "shiny": false, "level": 81, "moves": ["iceshard", "stealthrock", "earthquake", "iciclecrash"], "ability": "Thick Fat", "evs": {"hp": 85, "atk": 85, "def": 85, "spa": 85, "spd": 85, "spe": 85}, "ivs": {"hp": 31, "atk": 31, "def": 31, "spa": 31, "spd": 31, "spe": 31}, "item": "Life Orb", "teraType": "Ground", "role": "Wallbreaker", "bvs": {"hp": 110, "atk": 130, "def": 80, "spa": 70, "spd": 60, "spe": 80}, "stats": {"hp": 311, "atk": 257, "def": 176, "spa": 160, "spd": 144, "spe": 176}, "types": ["Ice", "Ground"]}, "Bellibolt": {"name": "Bellibolt", "species": "Bellibolt", "speciesId": "bellibolt", "gender": "F", "shiny": false, "level": 84, "moves": ["muddywater", "toxic", "slackoff", "thunderbolt"], "ability": "Electromorphosis", "evs": {"hp": 85, "atk": 0, "def": 85, "spa": 85, "spd": 85, "spe": 85}, "ivs": {"hp": 31, "atk": 0, "def": 31, "spa": 31, "spd": 31, "spe": 31}, "item": "Leftovers", "teraType": "Electric", "role": "Bulky Attacker", "bvs": {"hp": 109, "atk": 64, "def": 91, "spa": 103, "spd": 83, "spe": 45}, "stats": {"hp": 320, "atk": 112, "def": 201, "spa": 221, "spd": 188, "spe": 124}, "types": ["Electric"]}, "Maushold": {"name": "Maushold", "species": "Maushold", "speciesId": "maushold", "gender": "N", "shiny": false, "level": 76, "moves": ["encore", "tidyup", "populationbomb", "bite"], "ability": "Technician", "evs": {"hp": 85, "atk": 85, "def": 85, "spa": 85, "spd": 85, "spe": 85}, "ivs": {"hp": 31, "atk": 31, "def": 31, "spa": 31, "spd": 31, "spe": 31}, "item": "Wide Lens", "teraType": "Ghost", "role": "Setup Sweeper", "bvs": {"hp": 74, "atk": 75, "def": 70, "spa": 65, "spd": 75, "spe": 111}, "stats": {"hp": 238, "atk": 158, "def": 150, "spa": 143, "spd": 158, "spe": 213}, "types": ["Normal"]}, "Dachsbun": {"name": "Dachsbun", "species": "Dachsbun", "speciesId": "dachsbun", "gender": "M", "shiny": false, "level": 92, "moves": ["wish", "playrough", "yawn", "protect"], "ability": "Well-Baked Body", "evs": {"hp": 85, "atk": 85, "def": 85, "spa": 85, "spd": 85, "spe": 85}, "ivs": {"hp": 31, "atk": 31, "def": 31, "spa": 31, "spd": 31, "spe": 31}, "item": "Leftovers", "teraType": "Steel", "role": "Bulky Support", "bvs": {"hp": 57, "atk": 80, "def": 115, "spa": 50, "spd": 80, "spe": 95}, "stats": {"hp": 254, "atk": 200, "def": 264, "spa": 144, "spd": 200, "spe": 227}, "types": ["Fairy"]}}]}