{"id": "gen9randombattle-2631833632", "format": "[Gen 9] Random Battle", "players": ["Lantern Snake", "BCena"], "log": "|j|\u2606Lantern Snake\n|j|\u2606BCena\n|t:|1781445977\n|gametype|singles\n|player|p1|Lantern Snake|depotagent|1930\n|player|p2|BCena|red|1913\n|gen|9\n|tier|[Gen 9] Random Battle\n|rated|\n|rule|Species Clause: Limit one of each Pok\u00e9mon\n|rule|HP Percentage Mod: HP is shown in percentages\n|rule|Sleep Clause Mod: Limit one foe put to sleep\n|rule|Illusion Level Mod: Illusion disguises the Pok\u00e9mon's true level\n|\n|t:|1781445977\n|teamsize|p1|6\n|teamsize|p2|6\n|start\n|switch|p1a: Meganium|Meganium, L90, M|290/290\n|switch|p2a: Zekrom|Zekrom, L71|259/259\n|-ability|p2a: Zekrom|Teravolt\n|turn|1\n|\n|t:|1781445998\n|switch|p2a: Houndoom|Houndoom, L87, F|272/272\n|move|p1a: Meganium|Dragon Tail|p2a: Houndoom\n|-damage|p2a: Houndoom|206/272\n|drag|p2a: Zekrom|Zekrom, L71|259/259\n|-ability|p2a: Zekrom|Teravolt\n|\n|upkeep\n|turn|2\n|\n|t:|1781446017\n|move|p2a: Zekrom|Outrage|p1a: Meganium\n|-damage|p1a: Meganium|181/290\n|move|p1a: Meganium|Dragon Tail|p2a: Zekrom\n|-supereffective|p2a: Zekrom\n|-crit|p2a: Zekrom\n|-damage|p2a: Zekrom|143/259\n|drag|p2a: Gothitelle|Gothitelle, L90, M|272/272\n|\n|-heal|p1a: Meganium|199/290|[from] item: Leftovers\n|upkeep\n|turn|3\n|inactive|Battle timer is ON: inactive players will automatically lose when time's up. (requested by BCena)\n|\n|t:|1781446028\n|move|p2a: Gothitelle|Trick|p1a: Meganium\n|-activate|p2a: Gothitelle|move: Trick|[of] p1a: Meganium\n|-item|p1a: Meganium|Choice Scarf|[from] move: Trick\n|-item|p2a: Gothitelle|Leftovers|[from] move: Trick\n|move|p1a: Meganium|Knock Off|p2a: Gothitelle\n|-supereffective|p2a: Gothitelle\n|-damage|p2a: Gothitelle|156/272\n|-enditem|p2a: Gothitelle|Leftovers|[from] move: Knock Off|[of] p1a: Meganium\n|\n|upkeep\n|turn|4\n|\n|t:|1781446037\n|switch|p2a: Houndoom|Houndoom, L87, F|206/272\n|move|p1a: Meganium|Knock Off|p2a: Houndoom\n|-resisted|p2a: Houndoom\n|-damage|p2a: Houndoom|154/272\n|-enditem|p2a: Houndoom|Heavy-Duty Boots|[from] move: Knock Off|[of] p1a: Meganium\n|\n|upkeep\n|turn|5\n|\n|t:|1781446045\n|switch|p1a: Magmortar|Magmortar, L88, F|275/275\n|move|p2a: Houndoom|Nasty Plot|p2a: Houndoom\n|-boost|p2a: Houndoom|spa|2\n|\n|upkeep\n|turn|6\n|\n|t:|1781446063\n|move|p2a: Houndoom|Dark Pulse|p1a: Magmortar\n|-damage|p1a: Magmortar|112/275\n|move|p1a: Magmortar|Focus Blast|p2a: Houndoom\n|-supereffective|p2a: Houndoom\n|-crit|p2a: Houndoom\n|-damage|p2a: Houndoom|0 fnt\n|faint|p2a: Houndoom\n|\n|upkeep\n|\n|t:|1781446079\n|switch|p2a: Gothitelle|Gothitelle, L90, M|156/272\n|turn|7\n|\n|t:|1781446088\n|move|p1a: Magmortar|Knock Off|p2a: Gothitelle\n|-supereffective|p2a: Gothitelle\n|-damage|p2a: Gothitelle|68/272\n|move|p2a: Gothitelle|Psychic|p1a: Magmortar\n|-damage|p1a: Magmortar|12/275\n|-unboost|p1a: Magmortar|spd|1\n|\n|upkeep\n|turn|8\n|\n|t:|1781446094\n|move|p1a: Magmortar|Knock Off|p2a: Gothitelle\n|-supereffective|p2a: Gothitelle\n|-damage|p2a: Gothitelle|0 fnt\n|faint|p2a: Gothitelle\n|\n|upkeep\n|\n|t:|1781446100\n|switch|p2a: Salazzle|Salazzle, L83, F|249/249\n|turn|9\n|\n|t:|1781446106\n|move|p2a: Salazzle|Flamethrower|p1a: Magmortar\n|-resisted|p1a: Magmortar\n|-damage|p1a: Magmortar|0 fnt\n|faint|p1a: Magmortar\n|\n|upkeep\n|\n|t:|1781446119\n|switch|p1a: Hoopa|Hoopa-Unbound, L80|259/259\n|turn|10\n|\n|t:|1781446129\n|move|p2a: Salazzle|Flamethrower|p1a: Hoopa\n|-damage|p1a: Hoopa|180/259\n|move|p1a: Hoopa|Hyperspace Fury|p2a: Salazzle\n|-damage|p2a: Salazzle|0 fnt\n|-unboost|p1a: Hoopa|def|1\n|faint|p2a: Salazzle\n|\n|upkeep\n|\n|t:|1781446141\n|switch|p2a: Zekrom|Zekrom, L71|143/259\n|-ability|p2a: Zekrom|Teravolt\n|turn|11\n|\n|t:|1781446148\n|move|p1a: Hoopa|Hyperspace Fury|p2a: Zekrom\n|-damage|p2a: Zekrom|0 fnt\n|-unboost|p1a: Hoopa|def|1\n|faint|p2a: Zekrom\n|\n|upkeep\n|\n|t:|1781446151\n|switch|p2a: Greninja|Greninja, L80, M|246/246\n|turn|12\n|\n|t:|1781446161\n|move|p2a: Greninja|Gunk Shot|p1a: Hoopa\n|-start|p2a: Greninja|typechange|Poison|[from] ability: Protean\n|-damage|p1a: Hoopa|0 fnt\n|faint|p1a: Hoopa\n|-damage|p2a: Greninja|222/246|[from] item: Life Orb\n|\n|upkeep\n|\n|t:|1781446169\n|switch|p1a: Spidops|Spidops, L96, M|271/271\n|turn|13\n|\n|t:|1781446179\n|move|p2a: Greninja|Gunk Shot|p1a: Spidops\n|-damage|p1a: Spidops|138/271\n|-status|p1a: Spidops|psn\n|-damage|p2a: Greninja|198/246|[from] item: Life Orb\n|move|p1a: Spidops|Sticky Web|p2a: Greninja\n|-sidestart|p2: BCena|move: Sticky Web\n|\n|-damage|p1a: Spidops|105/271 psn|[from] psn\n|upkeep\n|turn|14\n|\n|t:|1781446184\n|move|p2a: Greninja|Gunk Shot|p1a: Spidops|[miss]\n|-miss|p2a: Greninja|p1a: Spidops\n|move|p1a: Spidops|Circle Throw|p2a: Greninja\n|-resisted|p2a: Greninja\n|-damage|p2a: Greninja|169/246\n|drag|p2a: Regidrago|Regidrago, L77|435/435\n|-activate|p2a: Regidrago|move: Sticky Web\n|-unboost|p2a: Regidrago|spe|1\n|\n|-damage|p1a: Spidops|72/271 psn|[from] psn\n|upkeep\n|turn|15\n|\n|t:|1781446193\n|move|p2a: Regidrago|Dragon Energy|p1a: Spidops\n|-damage|p1a: Spidops|0 fnt\n|faint|p1a: Spidops\n|\n|upkeep\n|\n|t:|1781446208\n|switch|p1a: Thundurus|Thundurus, L80, M|258/258\n|turn|16\n|\n|t:|1781446212\n|move|p1a: Thundurus|Acrobatics|p2a: Regidrago\n|-damage|p2a: Regidrago|248/435\n|move|p2a: Regidrago|Dragon Energy|p1a: Thundurus\n|-damage|p1a: Thundurus|126/258\n|\n|upkeep\n|turn|17\n|\n|t:|1781446221\n|move|p1a: Thundurus|Acrobatics|p2a: Regidrago\n|-damage|p2a: Regidrago|56/435\n|move|p2a: Regidrago|Dragon Energy|p1a: Thundurus\n|-damage|p1a: Thundurus|98/258\n|\n|upkeep\n|turn|18\n|\n|t:|1781446227\n|move|p1a: Thundurus|Acrobatics|p2a: Regidrago\n|-damage|p2a: Regidrago|0 fnt\n|faint|p2a: Regidrago\n|\n|upkeep\n|\n|t:|1781446232\n|switch|p2a: Greninja|Greninja, L80, M|169/246\n|-activate|p2a: Greninja|move: Sticky Web\n|-unboost|p2a: Greninja|spe|1\n|turn|19\n|\n|t:|1781446236\n|-terastallize|p2a: Greninja|Poison\n|move|p1a: Thundurus|Acrobatics|p2a: Greninja\n|-damage|p2a: Greninja|18/246\n|move|p2a: Greninja|Ice Beam|p1a: Thundurus\n|-supereffective|p1a: Thundurus\n|-damage|p1a: Thundurus|0 fnt\n|faint|p1a: Thundurus\n|-damage|p2a: Greninja|0 fnt|[from] item: Life Orb\n|faint|p2a: Greninja\n|\n|win|Lantern Snake\n", "inputlog": ">version a8376a258c1d4662feba110a92103f3664a72141\n>start {\"formatid\":\"gen9randombattle\",\"seed\":\"sodium,d836287e409b09409834a96f7b118256\",\"rated\":\"Rated battle\"}\n>player p1 {\"name\":\"Lantern Snake\",\"avatar\":\"depotagent\",\"rating\":1930,\"seed\":\"sodium,0189555a739ab14480031eec2509cafd\"}\n>player p2 {\"name\":\"BCena\",\"avatar\":\"red\",\"rating\":1913,\"seed\":\"sodium,207250acc1af1a96914a81c254d01a7d\"}\n>p1 move dragontail\n>p2 switch 5\n>p1 move dragontail\n>p2 move outrage\n>p1 move knockoff\n>p2 move trick\n>p1 move knockoff\n>p2 switch 5\n>p1 switch 4\n>p2 move nastyplot\n>p1 move focusblast\n>p2 move darkpulse\n>p2 switch 5\n>p1 move knockoff\n>p2 move psychic\n>p1 move knockoff\n>p2 move psychic\n>p2 switch 3\n>p1 move knockoff\n>p2 move flamethrower\n>p1 switch 5\n>p1 move hyperspacefury\n>p2 move flamethrower\n>p2 switch 6\n>p1 move hyperspacefury\n>p2 move outrage\n>p2 switch 4\n>p1 move hyperspacefury\n>p2 move gunkshot\n>p1 switch 2\n>p1 move stickyweb\n>p2 move gunkshot\n>p1 move circlethrow\n>p2 move gunkshot\n>p1 move circlethrow\n>p2 move dragonenergy\n>p1 switch 3\n>p1 move acrobatics\n>p2 move dragonenergy\n>p1 move acrobatics\n>p2 move dragonenergy\n>p1 move acrobatics\n>p2 move dragonenergy\n>p2 switch 2\n>p1 move acrobatics\n>p2 move icebeam terastallize", "uploadtime": 1781445979, "views": 4, "formatid": "gen9randombattle", "rating": null, "private": 0, "password": null, "player_dets": [{"name": "Lantern Snake", "avatar": "depotagent", "rating": 1930, "seed": "sodium,0189555a739ab14480031eec2509cafd"}, {"name": "BCena", "avatar": "red", "rating": 1913, "seed": "sodium,207250acc1af1a96914a81c254d01a7d"}], "teams_full": [{"Meganium": {"name": "Meganium", "species": "Meganium", "speciesId": "meganium", "gender": "M", "shiny": false, "level": 90, "moves": ["synthesis", "dragontail", "knockoff", "energyball"], "ability": "Overgrow", "evs": {"hp": 85, "atk": 85, "def": 85, "spa": 85, "spd": 85, "spe": 85}, "ivs": {"hp": 31, "atk": 31, "def": 31, "spa": 31, "spd": 31, "spe": 31}, "item": "Leftovers", "teraType": "Steel", "role": "Bulky Attacker", "bvs": {"hp": 80, "atk": 82, "def": 100, "spa": 83, "spd": 100, "spe": 80}, "stats": {"hp": 290, "atk": 199, "def": 231, "spa": 201, "spd": 231, "spe": 195}, "types": ["Grass"]}, "Spidops": {"name": "Spidops", "species": "Spidops", "speciesId": "spidops", "gender": "M", "shiny": false, "level": 96, "moves": ["stickyweb", "uturn", "knockoff", "circlethrow"], "ability": "Stakeout", "evs": {"hp": 85, "atk": 85, "def": 85, "spa": 85, "spd": 85, "spe": 85}, "ivs": {"hp": 31, "atk": 31, "def": 31, "spa": 31, "spd": 31, "spe": 31}, "item": "Heavy-Duty Boots", "teraType": "Ghost", "role": "Bulky Support", "bvs": {"hp": 60, "atk": 79, "def": 92, "spa": 52, "spd": 86, "spe": 35}, "stats": {"hp": 271, "atk": 206, "def": 231, "spa": 154, "spd": 220, "spe": 122}, "types": ["Bug"]}, "Thundurus": {"name": "Thundurus", "species": "Thundurus", "speciesId": "thundurus", "gender": "M", "shiny": false, "level": 80, "moves": ["grassknot", "acrobatics", "thunderbolt", "thunderwave"], "ability": "Prankster", "evs": {"hp": 85, "atk": 85, "def": 85, "spa": 85, "spd": 85, "spe": 85}, "ivs": {"hp": 31, "atk": 31, "def": 31, "spa": 31, "spd": 31, "spe": 31}, "item": "", "teraType": "Flying", "role": "Wallbreaker", "bvs": {"hp": 79, "atk": 115, "def": 70, "spa": 125, "spd": 80, "spe": 111}, "stats": {"hp": 258, "atk": 230, "def": 158, "spa": 246, "spd": 174, "spe": 224}, "types": ["Electric", "Flying"]}, "Magmortar": {"name": "Magmortar", "species": "Magmortar", "speciesId": "magmortar", "gender": "F", "shiny": false, "level": 88, "moves": ["willowisp", "knockoff", "focusblast", "fireblast"], "ability": "Flame Body", "evs": {"hp": 85, "atk": 85, "def": 85, "spa": 85, "spd": 85, "spe": 85}, "ivs": {"hp": 31, "atk": 31, "def": 31, "spa": 31, "spd": 31, "spe": 31}, "item": "Heavy-Duty Boots", "teraType": "Water", "role": "Fast Attacker", "bvs": {"hp": 75, "atk": 95, "def": 67, "spa": 125, "spd": 95, "spe": 83}, "stats": {"hp": 275, "atk": 217, "def": 168, "spa": 270, "spd": 217, "spe": 196}, "types": ["Fire"]}, "Hoopa": {"name": "Hoopa", "species": "Hoopa-Unbound", "speciesId": "hoopaunbound", "gender": "N", "shiny": false, "level": 80, "moves": ["drainpunch", "gunkshot", "trick", "hyperspacefury"], "ability": "Magician", "evs": {"hp": 85, "atk": 85, "def": 85, "spa": 85, "spd": 85, "spe": 85}, "ivs": {"hp": 31, "atk": 31, "def": 31, "spa": 31, "spd": 31, "spe": 31}, "item": "Choice Band", "teraType": "Dark", "role": "Wallbreaker", "bvs": {"hp": 80, "atk": 160, "def": 60, "spa": 170, "spd": 130, "spe": 80}, "stats": {"hp": 259, "atk": 302, "def": 142, "spa": 318, "spd": 254, "spe": 174}, "types": ["Psychic", "Dark"]}, "Landorus": {"name": "Landorus", "species": "Landorus", "speciesId": "landorus", "gender": "M", "shiny": false, "level": 75, "moves": ["sludgewave", "earthpower", "psychic", "focusblast"], "ability": "Sheer Force", "evs": {"hp": 85, "atk": 0, "def": 85, "spa": 85, "spd": 85, "spe": 85}, "ivs": {"hp": 31, "atk": 0, "def": 31, "spa": 31, "spd": 31, "spe": 31}, "item": "Life Orb", "teraType": "Poison", "role": "Fast Attacker", "bvs": {"hp": 89, "atk": 125, "def": 90, "spa": 115, "spd": 80, "spe": 101}, "stats": {"hp": 257, "atk": 192, "def": 179, "spa": 216, "spd": 164, "spe": 195}, "types": ["Ground", "Flying"]}}, {"Zekrom": {"name": "Zekrom", "species": "Zekrom", "speciesId": "zekrom", "gender": "N", "shiny": false, "level": 71, "moves": ["dragondance", "substitute", "outrage", "boltstrike"], "ability": "Teravolt", "evs": {"hp": 85, "atk": 85, "def": 85, "spa": 85, "spd": 85, "spe": 85}, "ivs": {"hp": 31, "atk": 31, "def": 31, "spa": 31, "spd": 31, "spe": 31}, "item": "Leftovers", "teraType": "Fairy", "role": "Setup Sweeper", "bvs": {"hp": 100, "atk": 150, "def": 120, "spa": 120, "spd": 100, "spe": 90}, "stats": {"hp": 259, "atk": 254, "def": 212, "spa": 212, "spd": 183, "spe": 169}, "types": ["Dragon", "Electric"]}, "Regidrago": {"name": "Regidrago", "species": "Regidrago", "speciesId": "regidrago", "gender": "N", "shiny": false, "level": 77, "moves": ["dragonenergy", "earthquake", "outrage", "dracometeor"], "ability": "Dragon's Maw", "evs": {"hp": 85, "atk": 85, "def": 85, "spa": 85, "spd": 85, "spe": 85}, "ivs": {"hp": 31, "atk": 31, "def": 31, "spa": 31, "spd": 31, "spe": 31}, "item": "Choice Scarf", "teraType": "Dragon", "role": "Fast Attacker", "bvs": {"hp": 200, "atk": 100, "def": 50, "spa": 100, "spd": 50, "spe": 80}, "stats": {"hp": 435, "atk": 199, "def": 122, "spa": 199, "spd": 122, "spe": 168}, "types": ["Dragon"]}, "Salazzle": {"name": "Salazzle", "species": "Salazzle", "speciesId": "salazzle", "gender": "F", "shiny": false, "level": 83, "moves": ["protect", "flamethrower", "substitute", "toxic"], "ability": "Corrosion", "evs": {"hp": 85, "atk": 0, "def": 85, "spa": 85, "spd": 85, "spe": 85}, "ivs": {"hp": 31, "atk": 0, "def": 31, "spa": 31, "spd": 31, "spe": 31}, "item": "Leftovers", "teraType": "Flying", "role": "Fast Support", "bvs": {"hp": 68, "atk": 64, "def": 60, "spa": 111, "spd": 60, "spe": 117}, "stats": {"hp": 249, "atk": 111, "def": 147, "spa": 232, "spd": 147, "spe": 242}, "types": ["Poison", "Fire"]}, "Greninja": {"name": "Greninja", "species": "Greninja", "speciesId": "greninja", "gender": "M", "shiny": false, "level": 80, "moves": ["icebeam", "uturn", "hydropump", "gunkshot"], "ability": "Protean", "evs": {"hp": 85, "atk": 85, "def": 85, "spa": 85, "spd": 85, "spe": 85}, "ivs": {"hp": 31, "atk": 31, "def": 31, "spa": 31, "spd": 31, "spe": 31}, "item": "Life Orb", "teraType": "Poison", "role": "Wallbreaker", "bvs": {"hp": 72, "atk": 95, "def": 67, "spa": 103, "spd": 71, "spe": 122}, "stats": {"hp": 246, "atk": 198, "def": 153, "spa": 211, "spd": 160, "spe": 241}, "types": ["Water", "Dark"]}, "Houndoom": {"name": "Houndoom", "species": "Houndoom", "speciesId": "houndoom", "gender": "F", "shiny": false, "level": 87, "moves": ["nastyplot", "darkpulse", "sludgebomb", "fireblast"], "ability": "Flash Fire", "evs": {"hp": 85, "atk": 0, "def": 85, "spa": 85, "spd": 85, "spe": 85}, "ivs": {"hp": 31, "atk": 0, "def": 31, "spa": 31, "spd": 31, "spe": 31}, "item": "Heavy-Duty Boots", "teraType": "Fire", "role": "Fast Attacker", "bvs": {"hp": 75, "atk": 90, "def": 50, "spa": 110, "spd": 80, "spe": 95}, "stats": {"hp": 272, "atk": 161, "def": 137, "spa": 241, "spd": 189, "spe": 215}, "types": ["Dark", "Fire"]}, "Gothitelle": {"name": "Gothitelle", "species": "Gothitelle", "speciesId": "gothitelle", "gender": "M", "shiny": false, "level": 90, "moves": ["trick", "psychic", "focusblast", "darkpulse"], "ability": "Shadow Tag", "evs": {"hp": 85, "atk": 0, "def": 85, "spa": 85, "spd": 85, "spe": 85}, "ivs": {"hp": 31, "atk": 0, "def": 31, "spa": 31, "spd": 31, "spe": 31}, "item": "Choice Scarf", "teraType": "Fighting", "role": "Fast Attacker", "bvs": {"hp": 70, "atk": 55, "def": 95, "spa": 95, "spd": 110, "spe": 65}, "stats": {"hp": 272, "atk": 104, "def": 222, "spa": 222, "spd": 249, "spe": 168}, "types": ["Psychic"]}}]}