{"id": "gen9randombattle-2631858774", "format": "[Gen 9] Random Battle", "players": ["rhdz21", "mechroape"], "log": "|j|\u2606rhdz21\n|j|\u2606mechroape\n|t:|1781448987\n|gametype|singles\n|player|p1|rhdz21|1|1923\n|player|p2|mechroape|brycen|1983\n|gen|9\n|tier|[Gen 9] Random Battle\n|rated|\n|rule|Species Clause: Limit one of each Pok\u00e9mon\n|rule|HP Percentage Mod: HP is shown in percentages\n|rule|Sleep Clause Mod: Limit one foe put to sleep\n|rule|Illusion Level Mod: Illusion disguises the Pok\u00e9mon's true level\n|\n|t:|1781448987\n|teamsize|p1|6\n|teamsize|p2|6\n|start\n|switch|p1a: Gholdengo|Gholdengo, L77|261/261\n|switch|p2a: Sandslash|Sandslash-Alola, L88, F|275/275\n|turn|1\n|inactive|Battle timer is ON: inactive players will automatically lose when time's up. (requested by mechroape)\n|\n|t:|1781448998\n|switch|p1a: Cramorant|Cramorant, L86, F|261/261\n|move|p2a: Sandslash|Earthquake|p1a: Cramorant\n|-immune|p1a: Cramorant\n|\n|upkeep\n|turn|2\n|\n|t:|1781449004\n|move|p1a: Cramorant|Surf|p2a: Sandslash\n|-formechange|p1a: Cramorant|Cramorant-Gulping|\n|-damage|p2a: Sandslash|175/275\n|move|p2a: Sandslash|Rapid Spin|p1a: Cramorant\n|-damage|p1a: Cramorant|208/261\n|-boost|p2a: Sandslash|spe|1\n|-damage|p2a: Sandslash|107/275|[from] ability: Gulp Missile|[of] p1a: Cramorant\n|-unboost|p2a: Sandslash|def|1\n|-formechange|p1a: Cramorant|Cramorant|\n|\n|-heal|p2a: Sandslash|124/275|[from] item: Leftovers\n|upkeep\n|turn|3\n|\n|t:|1781449020\n|switch|p1a: Overqwil|Overqwil, L82, F|274/274\n|-ability|p1a: Overqwil|Intimidate|boost\n|-unboost|p2a: Sandslash|atk|1\n|move|p2a: Sandslash|Triple Axel|p1a: Overqwil|[miss]\n|-miss|p2a: Sandslash|p1a: Overqwil\n|\n|-heal|p2a: Sandslash|141/275|[from] item: Leftovers\n|upkeep\n|turn|4\n|\n|t:|1781449032\n|switch|p2a: Tinkaton|Tinkaton, L82, F|274/274\n|-ability|p2a: Tinkaton|Mold Breaker\n|move|p1a: Overqwil|Crunch|p2a: Tinkaton\n|-resisted|p2a: Tinkaton\n|-damage|p2a: Tinkaton|199/274\n|\n|-heal|p2a: Tinkaton|216/274|[from] item: Leftovers\n|upkeep\n|turn|5\n|\n|t:|1781449047\n|switch|p1a: Cramorant|Cramorant, L86, F|208/261\n|move|p2a: Tinkaton|Swords Dance|p2a: Tinkaton\n|-boost|p2a: Tinkaton|atk|2\n|\n|-heal|p2a: Tinkaton|233/274|[from] item: Leftovers\n|upkeep\n|turn|6\n|\n|t:|1781449055\n|move|p2a: Tinkaton|Play Rough|p1a: Cramorant\n|-damage|p1a: Cramorant|0 fnt\n|faint|p1a: Cramorant\n|\n|-heal|p2a: Tinkaton|250/274|[from] item: Leftovers\n|upkeep\n|\n|t:|1781449075\n|switch|p1a: Gardevoir|Gardevoir, L83, M|249/249\n|-ability|p1a: Gardevoir|Mold Breaker|Trace|[from] ability: Trace|[of] p2a: Tinkaton\n|-ability|p1a: Gardevoir|Mold Breaker\n|turn|7\n|\n|t:|1781449083\n|move|p1a: Gardevoir|Trick|p2a: Tinkaton\n|-activate|p1a: Gardevoir|move: Trick|[of] p2a: Tinkaton\n|-item|p2a: Tinkaton|Choice Scarf|[from] move: Trick\n|-item|p1a: Gardevoir|Leftovers|[from] move: Trick\n|move|p2a: Tinkaton|Knock Off|p1a: Gardevoir\n|-damage|p1a: Gardevoir|110/249\n|-enditem|p1a: Gardevoir|Leftovers|[from] move: Knock Off|[of] p2a: Tinkaton\n|\n|upkeep\n|turn|8\n|\n|t:|1781449090\n|move|p2a: Tinkaton|Knock Off|p1a: Gardevoir\n|-damage|p1a: Gardevoir|15/249\n|move|p1a: Gardevoir|Mystical Fire|p2a: Tinkaton\n|-supereffective|p2a: Tinkaton\n|-damage|p2a: Tinkaton|142/274\n|-unboost|p2a: Tinkaton|spa|1\n|\n|upkeep\n|turn|9\n|\n|t:|1781449099\n|move|p2a: Tinkaton|Knock Off|p1a: Gardevoir\n|-damage|p1a: Gardevoir|0 fnt\n|faint|p1a: Gardevoir\n|\n|upkeep\n|\n|t:|1781449119\n|switch|p1a: Overqwil|Overqwil, L82, F|274/274\n|-ability|p1a: Overqwil|Intimidate|boost\n|-unboost|p2a: Tinkaton|atk|1\n|turn|10\n|\n|t:|1781449127\n|move|p2a: Tinkaton|Knock Off|p1a: Overqwil\n|-resisted|p1a: Overqwil\n|-damage|p1a: Overqwil|234/274\n|-enditem|p1a: Overqwil|Choice Band|[from] move: Knock Off|[of] p2a: Tinkaton\n|move|p1a: Overqwil|Liquidation|p2a: Tinkaton\n|-damage|p2a: Tinkaton|66/274\n|-unboost|p2a: Tinkaton|def|1\n|\n|upkeep\n|turn|11\n|\n|t:|1781449134\n|switch|p2a: Sandslash|Sandslash-Alola, L88, F|141/275\n|move|p1a: Overqwil|Liquidation|p2a: Sandslash\n|-damage|p2a: Sandslash|90/275\n|\n|-heal|p2a: Sandslash|107/275|[from] item: Leftovers\n|upkeep\n|turn|12\n|\n|t:|1781449153\n|switch|p1a: Malamar|Malamar, L82, M|275/275\n|move|p2a: Sandslash|Earthquake|p1a: Malamar\n|-damage|p1a: Malamar|195/275\n|\n|-heal|p1a: Malamar|212/275|[from] item: Leftovers\n|-heal|p2a: Sandslash|124/275|[from] item: Leftovers\n|upkeep\n|turn|13\n|\n|t:|1781449164\n|-terastallize|p1a: Malamar|Steel\n|move|p1a: Malamar|Superpower|p2a: Sandslash\n|-supereffective|p2a: Sandslash\n|-damage|p2a: Sandslash|0 fnt\n|-boost|p1a: Malamar|atk|1\n|-boost|p1a: Malamar|def|1\n|faint|p2a: Sandslash\n|\n|-heal|p1a: Malamar|229/275|[from] item: Leftovers\n|upkeep\n|\n|t:|1781449169\n|switch|p2a: Scovillain|Scovillain, L91, F|266/266\n|turn|14\n|\n|t:|1781449185\n|move|p2a: Scovillain|Fire Blast|p1a: Malamar|[miss]\n|-miss|p2a: Scovillain|p1a: Malamar\n|move|p1a: Malamar|Superpower|p2a: Scovillain\n|-damage|p2a: Scovillain|141/266\n|-boost|p1a: Malamar|atk|1\n|-boost|p1a: Malamar|def|1\n|\n|-heal|p1a: Malamar|246/275|[from] item: Leftovers\n|upkeep\n|turn|15\n|l|\u2606mechroape\n|inactive|mechroape disconnected and has a minute to reconnect!\n|player|p2|\n|j|\u2606mechroape\n|inactive|mechroape reconnected and has 145 seconds left.\n|player|p2|mechroape|brycen|\n|\n|t:|1781449198\n|move|p2a: Scovillain|Fire Blast|p1a: Malamar\n|-supereffective|p1a: Malamar\n|-damage|p1a: Malamar|0 fnt\n|faint|p1a: Malamar\n|\n|upkeep\n|\n|t:|1781449210\n|switch|p1a: Porygon-Z|Porygon-Z, L83|277/277\n|turn|16\n|\n|t:|1781449216\n|switch|p2a: Galvantula|Galvantula, L82, M|249/249\n|move|p1a: Porygon-Z|Tri Attack|p2a: Galvantula\n|-damage|p2a: Galvantula|43/249\n|\n|upkeep\n|turn|17\n|\n|t:|1781449229\n|move|p1a: Porygon-Z|Tri Attack|p2a: Galvantula\n|-damage|p2a: Galvantula|0 fnt\n|faint|p2a: Galvantula\n|\n|upkeep\n|\n|t:|1781449231\n|switch|p2a: Tinkaton|Tinkaton, L82, F|66/274\n|-ability|p2a: Tinkaton|Mold Breaker\n|turn|18\n|\n|t:|1781449238\n|switch|p1a: Overqwil|Overqwil, L82, F|234/274\n|-ability|p1a: Overqwil|Intimidate|boost\n|-unboost|p2a: Tinkaton|atk|1\n|move|p2a: Tinkaton|Gigaton Hammer|p1a: Overqwil\n|-damage|p1a: Overqwil|149/274\n|\n|upkeep\n|turn|19\n|\n|t:|1781449246\n|-activate|p2a: Tinkaton|move: Struggle\n|move|p2a: Tinkaton|Struggle|p1a: Overqwil\n|-damage|p1a: Overqwil|130/274\n|-damage|p2a: Tinkaton|0 fnt|[from] recoil\n|faint|p2a: Tinkaton\n|move|p1a: Overqwil|Liquidation|p2: Tinkaton|[notarget]\n|-fail|p1a: Overqwil\n|\n|upkeep\n|\n|t:|1781449267\n|switch|p2a: Volcarona|Volcarona, L77, F|257/257\n|turn|20\n|\n|t:|1781449276\n|move|p2a: Volcarona|Fire Blast|p1a: Overqwil\n|-damage|p1a: Overqwil|0 fnt\n|faint|p1a: Overqwil\n|\n|upkeep\n|\n|t:|1781449281\n|switch|p1a: Porygon-Z|Porygon-Z, L83|277/277\n|turn|21\n|\n|t:|1781449293\n|move|p1a: Porygon-Z|Tri Attack|p2a: Volcarona\n|-damage|p2a: Volcarona|121/257\n|move|p2a: Volcarona|Fire Blast|p1a: Porygon-Z\n|-damage|p1a: Porygon-Z|126/277\n|\n|upkeep\n|turn|22\n|\n|t:|1781449302\n|switch|p2a: Scovillain|Scovillain, L91, F|141/266\n|move|p1a: Porygon-Z|Tri Attack|p2a: Scovillain\n|-damage|p2a: Scovillain|0 fnt\n|faint|p2a: Scovillain\n|\n|upkeep\n|\n|t:|1781449307\n|switch|p2a: Medicham|Medicham, L86, M|243/243\n|turn|23\n|\n|t:|1781449319\n|switch|p1a: Gholdengo|Gholdengo, L77|261/261\n|move|p2a: Medicham|Zen Headbutt|p1a: Gholdengo\n|-resisted|p1a: Gholdengo\n|-damage|p1a: Gholdengo|173/261\n|\n|-heal|p1a: Gholdengo|189/261|[from] item: Leftovers\n|upkeep\n|turn|24\n|\n|t:|1781449328\n|move|p2a: Medicham|Zen Headbutt|p1a: Gholdengo\n|-resisted|p1a: Gholdengo\n|-damage|p1a: Gholdengo|98/261\n|move|p1a: Gholdengo|Thunder Wave|p2a: Medicham\n|-status|p2a: Medicham|par\n|\n|-heal|p1a: Gholdengo|114/261|[from] item: Leftovers\n|upkeep\n|turn|25\n|\n|t:|1781449336\n|move|p1a: Gholdengo|Shadow Ball|p2a: Medicham\n|-supereffective|p2a: Medicham\n|-crit|p2a: Medicham\n|-damage|p2a: Medicham|0 fnt\n|faint|p2a: Medicham\n|\n|-heal|p1a: Gholdengo|130/261|[from] item: Leftovers\n|upkeep\n|\n|t:|1781449339\n|switch|p2a: Volcarona|Volcarona, L77, F|121/257\n|turn|26\n|\n|t:|1781449345\n|move|p2a: Volcarona|Quiver Dance|p2a: Volcarona\n|-boost|p2a: Volcarona|spa|1\n|-boost|p2a: Volcarona|spd|1\n|-boost|p2a: Volcarona|spe|1\n|move|p1a: Gholdengo|Thunder Wave|p2a: Volcarona\n|-status|p2a: Volcarona|par\n|\n|-heal|p1a: Gholdengo|146/261|[from] item: Leftovers\n|upkeep\n|turn|27\n|\n|t:|1781449353\n|move|p1a: Gholdengo|Shadow Ball|p2a: Volcarona\n|-damage|p2a: Volcarona|64/257 par\n|-unboost|p2a: Volcarona|spd|1\n|move|p2a: Volcarona|Quiver Dance|p2a: Volcarona\n|-boost|p2a: Volcarona|spa|1\n|-boost|p2a: Volcarona|spd|1\n|-boost|p2a: Volcarona|spe|1\n|\n|-heal|p1a: Gholdengo|162/261|[from] item: Leftovers\n|upkeep\n|turn|28\n|\n|t:|1781449362\n|move|p2a: Volcarona|Quiver Dance|p2a: Volcarona\n|-boost|p2a: Volcarona|spa|1\n|-boost|p2a: Volcarona|spd|1\n|-boost|p2a: Volcarona|spe|1\n|move|p1a: Gholdengo|Shadow Ball|p2a: Volcarona\n|-damage|p2a: Volcarona|21/257 par\n|\n|-heal|p1a: Gholdengo|178/261|[from] item: Leftovers\n|upkeep\n|turn|29\n|\n|t:|1781449374\n|cant|p2a: Volcarona|par\n|move|p1a: Gholdengo|Shadow Ball|p2a: Volcarona\n|-damage|p2a: Volcarona|0 fnt\n|faint|p2a: Volcarona\n|\n|win|rhdz21\n", "inputlog": ">version a8376a258c1d4662feba110a92103f3664a72141\n>start {\"formatid\":\"gen9randombattle\",\"seed\":\"sodium,2e3497b30f8c77162abe5d57c74e87ac\",\"rated\":\"Rated battle\"}\n>player p1 {\"name\":\"rhdz21\",\"avatar\":\"1\",\"rating\":1923,\"seed\":\"sodium,1899d8f4730175db3f8909e94f929677\"}\n>player p2 {\"name\":\"mechroape\",\"avatar\":\"brycen\",\"rating\":1983,\"seed\":\"sodium,a78436950a1f6458eed0973cf5d8c639\"}\n>p1 switch 2\n>p2 move earthquake\n>p1 move surf\n>p2 move rapidspin\n>p1 switch 6\n>p2 move tripleaxel\n>p1 move crunch\n>p2 switch 2\n>p1 switch 6\n>p2 move swordsdance\n>p1 move surf\n>p2 move playrough\n>p1 switch 4\n>p1 move trick\n>p2 move knockoff\n>p1 move mysticalfire\n>p2 move knockoff\n>p1 move mysticalfire\n>p2 move knockoff\n>p1 switch 6\n>p1 move liquidation\n>p2 move knockoff\n>p1 move liquidation\n>p2 switch 2\n>p1 switch 5\n>p2 move earthquake\n>p1 move superpower terastallize\n>p2 move tripleaxel\n>p2 switch 3\n>p1 move superpower\n>p2 move fireblast\n>p1 move superpower\n>p2 move fireblast\n>p1 switch 3\n>p1 move triattack\n>p2 switch 6\n>p1 move triattack\n>p2 move stickyweb\n>p2 switch 2\n>p1 switch 5\n>p2 move gigatonhammer\n>p1 move liquidation\n>p2 move struggle\n>p2 switch 4\n>p1 move liquidation\n>p2 move fireblast\n>p1 switch 5\n>p1 move triattack\n>p2 move fireblast\n>p1 move triattack\n>p2 switch 6\n>p2 switch 5\n>p1 switch 2\n>p2 move zenheadbutt\n>p1 move thunderwave\n>p2 move zenheadbutt\n>p1 move shadowball\n>p2 move zenheadbutt\n>p2 switch 6\n>p1 move thunderwave\n>p2 move quiverdance\n>p1 move shadowball\n>p2 move quiverdance\n>p1 move shadowball\n>p2 move quiverdance\n>p1 move shadowball\n>p2 move fireblast", "uploadtime": 1781448989, "views": 5, "formatid": "gen9randombattle", "rating": null, "private": 0, "password": null, "player_dets": [{"name": "rhdz21", "avatar": "1", "rating": 1923, "seed": "sodium,1899d8f4730175db3f8909e94f929677"}, {"name": "mechroape", "avatar": "brycen", "rating": 1983, "seed": "sodium,a78436950a1f6458eed0973cf5d8c639"}], "teams_full": [{"Gholdengo": {"name": "Gholdengo", "species": "Gholdengo", "speciesId": "gholdengo", "gender": "N", "shiny": false, "level": 77, "moves": ["recover", "makeitrain", "thunderwave", "shadowball"], "ability": "Good as Gold", "evs": {"hp": 85, "atk": 0, "def": 85, "spa": 85, "spd": 85, "spe": 85}, "ivs": {"hp": 31, "atk": 0, "def": 31, "spa": 31, "spd": 31, "spe": 31}, "item": "Leftovers", "teraType": "Water", "role": "Bulky Support", "bvs": {"hp": 87, "atk": 60, "def": 95, "spa": 133, "spd": 91, "spe": 84}, "stats": {"hp": 261, "atk": 97, "def": 191, "spa": 249, "spd": 185, "spe": 174}}, "Cramorant": {"name": "Cramorant", "species": "Cramorant", "speciesId": "cramorant", "gender": "F", "shiny": false, "level": 86, "moves": ["defog", "surf", "roost", "bravebird"], "ability": "Gulp Missile", "evs": {"hp": 85, "atk": 85, "def": 85, "spa": 85, "spd": 85, "spe": 85}, "ivs": {"hp": 31, "atk": 31, "def": 31, "spa": 31, "spd": 31, "spe": 31}, "item": "Heavy-Duty Boots", "teraType": "Ground", "role": "Bulky Support", "bvs": {"hp": 70, "atk": 85, "def": 55, "spa": 85, "spd": 95, "spe": 85}, "stats": {"hp": 261, "atk": 195, "def": 144, "spa": 195, "spd": 213, "spe": 195}}, "Porygon-Z": {"name": "Porygon-Z", "species": "Porygon-Z", "speciesId": "porygonz", "gender": "N", "shiny": false, "level": 83, "moves": ["shadowball", "thunderbolt", "triattack", "trick"], "ability": "Adaptability", "evs": {"hp": 85, "atk": 0, "def": 85, "spa": 85, "spd": 85, "spe": 85}, "ivs": {"hp": 31, "atk": 0, "def": 31, "spa": 31, "spd": 31, "spe": 31}, "item": "Choice Scarf", "teraType": "Electric", "role": "Fast Attacker", "bvs": {"hp": 85, "atk": 80, "def": 70, "spa": 135, "spd": 75, "spe": 90}, "stats": {"hp": 277, "atk": 137, "def": 164, "spa": 272, "spd": 172, "spe": 197}}, "Gardevoir": {"name": "Gardevoir", "species": "Gardevoir", "speciesId": "gardevoir", "gender": "M", "shiny": false, "level": 83, "moves": ["moonblast", "psyshock", "mysticalfire", "trick"], "ability": "Trace", "evs": {"hp": 85, "atk": 0, "def": 85, "spa": 85, "spd": 85, "spe": 85}, "ivs": {"hp": 31, "atk": 0, "def": 31, "spa": 31, "spd": 31, "spe": 31}, "item": "Choice Scarf", "teraType": "Fairy", "role": "Fast Attacker", "bvs": {"hp": 68, "atk": 65, "def": 65, "spa": 125, "spd": 115, "spe": 80}, "stats": {"hp": 249, "atk": 112, "def": 156, "spa": 255, "spd": 239, "spe": 180}}, "Malamar": {"name": "Malamar", "species": "Malamar", "speciesId": "malamar", "gender": "M", "shiny": false, "level": 82, "moves": ["superpower", "rest", "sleeptalk", "knockoff"], "ability": "Contrary", "evs": {"hp": 85, "atk": 85, "def": 85, "spa": 85, "spd": 85, "spe": 85}, "ivs": {"hp": 31, "atk": 31, "def": 31, "spa": 31, "spd": 31, "spe": 31}, "item": "Leftovers", "teraType": "Steel", "role": "Bulky Setup", "bvs": {"hp": 86, "atk": 92, "def": 88, "spa": 68, "spd": 75, "spe": 73}, "stats": {"hp": 275, "atk": 198, "def": 191, "spa": 159, "spd": 170, "spe": 167}}, "Overqwil": {"name": "Overqwil", "species": "Overqwil", "speciesId": "overqwil", "gender": "F", "shiny": false, "level": 82, "moves": ["aquajet", "liquidation", "gunkshot", "crunch"], "ability": "Intimidate", "evs": {"hp": 85, "atk": 85, "def": 85, "spa": 85, "spd": 85, "spe": 85}, "ivs": {"hp": 31, "atk": 31, "def": 31, "spa": 31, "spd": 31, "spe": 31}, "item": "Choice Band", "teraType": "Water", "role": "Fast Attacker", "bvs": {"hp": 85, "atk": 115, "def": 95, "spa": 65, "spd": 65, "spe": 85}, "stats": {"hp": 274, "atk": 236, "def": 203, "spa": 154, "spd": 154, "spe": 187}}}, {"Sandslash": {"name": "Sandslash", "species": "Sandslash-Alola", "speciesId": "sandslashalola", "gender": "F", "shiny": false, "level": 88, "moves": ["tripleaxel", "rapidspin", "swordsdance", "earthquake"], "ability": "Slush Rush", "evs": {"hp": 85, "atk": 85, "def": 85, "spa": 85, "spd": 85, "spe": 85}, "ivs": {"hp": 31, "atk": 31, "def": 31, "spa": 31, "spd": 31, "spe": 31}, "item": "Leftovers", "teraType": "Ground", "role": "Setup Sweeper", "bvs": {"hp": 75, "atk": 100, "def": 120, "spa": 25, "spd": 65, "spe": 65}, "stats": {"hp": 275, "atk": 226, "def": 261, "spa": 94, "spd": 165, "spe": 165}}, "Tinkaton": {"name": "Tinkaton", "species": "Tinkaton", "speciesId": "tinkaton", "gender": "F", "shiny": false, "level": 82, "moves": ["playrough", "gigatonhammer", "swordsdance", "knockoff"], "ability": "Mold Breaker", "evs": {"hp": 85, "atk": 85, "def": 85, "spa": 85, "spd": 85, "spe": 85}, "ivs": {"hp": 31, "atk": 31, "def": 31, "spa": 31, "spd": 31, "spe": 31}, "item": "Leftovers", "teraType": "Steel", "role": "Bulky Setup", "bvs": {"hp": 85, "atk": 75, "def": 77, "spa": 70, "spd": 105, "spe": 94}, "stats": {"hp": 274, "atk": 170, "def": 173, "spa": 162, "spd": 219, "spe": 201}}, "Scovillain": {"name": "Scovillain", "species": "Scovillain", "speciesId": "scovillain", "gender": "F", "shiny": false, "level": 91, "moves": ["energyball", "stompingtantrum", "sunnyday", "fireblast"], "ability": "Chlorophyll", "evs": {"hp": 85, "atk": 85, "def": 85, "spa": 85, "spd": 85, "spe": 85}, "ivs": {"hp": 31, "atk": 31, "def": 31, "spa": 31, "spd": 31, "spe": 31}, "item": "Heavy-Duty Boots", "teraType": "Ground", "role": "Wallbreaker", "bvs": {"hp": 65, "atk": 108, "def": 65, "spa": 108, "spd": 65, "spe": 75}, "stats": {"hp": 266, "atk": 248, "def": 170, "spa": 248, "spd": 170, "spe": 188}}, "Volcarona": {"name": "Volcarona", "species": "Volcarona", "speciesId": "volcarona", "gender": "F", "shiny": false, "level": 77, "moves": ["gigadrain", "fireblast", "quiverdance", "bugbuzz"], "ability": "Flame Body", "evs": {"hp": 85, "atk": 0, "def": 85, "spa": 85, "spd": 85, "spe": 85}, "ivs": {"hp": 31, "atk": 0, "def": 31, "spa": 31, "spd": 31, "spe": 31}, "item": "Heavy-Duty Boots", "teraType": "Fire", "role": "Fast Bulky Setup", "bvs": {"hp": 85, "atk": 60, "def": 65, "spa": 135, "spd": 105, "spe": 100}, "stats": {"hp": 257, "atk": 97, "def": 145, "spa": 252, "spd": 206, "spe": 199}}, "Medicham": {"name": "Medicham", "species": "Medicham", "speciesId": "medicham", "gender": "M", "shiny": false, "level": 86, "moves": ["trick", "closecombat", "bulletpunch", "zenheadbutt"], "ability": "Pure Power", "evs": {"hp": 85, "atk": 85, "def": 85, "spa": 85, "spd": 85, "spe": 85}, "ivs": {"hp": 31, "atk": 31, "def": 31, "spa": 31, "spd": 31, "spe": 31}, "item": "Choice Band", "teraType": "Fighting", "role": "Fast Attacker", "bvs": {"hp": 60, "atk": 60, "def": 75, "spa": 60, "spd": 75, "spe": 80}, "stats": {"hp": 243, "atk": 152, "def": 178, "spa": 152, "spd": 178, "spe": 187}}, "Galvantula": {"name": "Galvantula", "species": "Galvantula", "speciesId": "galvantula", "gender": "M", "shiny": false, "level": 82, "moves": ["bugbuzz", "stickyweb", "thunder", "voltswitch"], "ability": "Compound Eyes", "evs": {"hp": 85, "atk": 0, "def": 85, "spa": 85, "spd": 85, "spe": 85}, "ivs": {"hp": 31, "atk": 0, "def": 31, "spa": 31, "spd": 31, "spe": 31}, "item": "Heavy-Duty Boots", "teraType": "Electric", "role": "Fast Support", "bvs": {"hp": 70, "atk": 77, "def": 60, "spa": 97, "spd": 60, "spe": 108}, "stats": {"hp": 249, "atk": 131, "def": 146, "spa": 206, "spd": 146, "spe": 224}}}]}