{"id": "gen9randombattle-2631757535", "format": "[Gen 9] Random Battle", "players": ["grabschaender", "Dizay976"], "log": "|badge|p2|bronze|gen9randombattle|100-9\n|uhtml|medal-msg|<div class=\"broadcast-blue\">Curious what those medals under the avatar are? PS now has Ladder Seasons! For more information, check out the <a href=\"https://www.smogon.com/forums/threads/3740067/\">thread on Smogon.</a></div>\n|j|\u2606grabschaender\n|j|\u2606Dizay976\n|t:|1781434820\n|gametype|singles\n|player|p1|grabschaender|candice|2257\n|player|p2|Dizay976|sabrina-masters|2323\n|gen|9\n|tier|[Gen 9] Random Battle\n|rated|\n|rule|Species Clause: Limit one of each Pok\u00e9mon\n|rule|HP Percentage Mod: HP is shown in percentages\n|rule|Sleep Clause Mod: Limit one foe put to sleep\n|rule|Illusion Level Mod: Illusion disguises the Pok\u00e9mon's true level\n|\n|t:|1781434820\n|teamsize|p1|6\n|teamsize|p2|6\n|start\n|switch|p1a: Talonflame|Talonflame, L83, F|265/265\n|switch|p2a: Electrode|Electrode-Hisui, L87|246/246\n|turn|1\n|\n|t:|1781434829\n|switch|p1a: Amoonguss|Amoonguss, L82, M|321/321\n|move|p2a: Electrode|Substitute|p2a: Electrode\n|-start|p2a: Electrode|Substitute\n|-damage|p2a: Electrode|185/246\n|\n|-heal|p2a: Electrode|200/246|[from] item: Leftovers\n|upkeep\n|turn|2\n|\n|t:|1781434834\n|move|p2a: Electrode|Thunderbolt|p1a: Amoonguss\n|-resisted|p1a: Amoonguss\n|-damage|p1a: Amoonguss|271/321\n|move|p1a: Amoonguss|Sludge Bomb|p2a: Electrode\n|-supereffective|p2a: Electrode\n|-end|p2a: Electrode|Substitute\n|\n|-heal|p2a: Electrode|215/246|[from] item: Leftovers\n|upkeep\n|turn|3\n|\n|t:|1781434852\n|switch|p2a: Bisharp|Bisharp, L79, F|232/232\n|move|p1a: Amoonguss|Sludge Bomb|p2a: Bisharp\n|-immune|p2a: Bisharp\n|\n|upkeep\n|turn|4\n|\n|t:|1781434862\n|move|p2a: Bisharp|Throat Chop|p1a: Amoonguss\n|-damage|p1a: Amoonguss|166/321\n|-start|p1a: Amoonguss|Throat Chop|[silent]\n|-damage|p2a: Bisharp|194/232|[from] item: Rocky Helmet|[of] p1a: Amoonguss\n|move|p1a: Amoonguss|Spore|p2a: Bisharp\n|-status|p2a: Bisharp|slp|[from] move: Spore\n|\n|upkeep\n|turn|5\n|\n|t:|1781434869\n|switch|p2a: Slither Wing|Slither Wing, L81|270/270\n|-enditem|p2a: Slither Wing|Booster Energy\n|-activate|p2a: Slither Wing|ability: Protosynthesis|[fromitem]\n|-start|p2a: Slither Wing|protosynthesisatk\n|switch|p1a: Regieleki|Regieleki, L79|256/256\n|\n|upkeep\n|turn|6\n|j| FrankRayquaza\n|\n|t:|1781434875\n|move|p1a: Regieleki|Volt Switch|p2a: Slither Wing\n|-damage|p2a: Slither Wing|174/270\n|\n|t:|1781434879\n|switch|p1a: Tentacruel|Tentacruel, L84, F|272/272|[from] Volt Switch\n|move|p2a: Slither Wing|Acrobatics|p1a: Tentacruel\n|-damage|p1a: Tentacruel|115/272\n|\n|-heal|p1a: Tentacruel|132/272|[from] item: Leftovers\n|upkeep\n|turn|7\n|\n|t:|1781434884\n|move|p1a: Tentacruel|Sludge Bomb|p2a: Slither Wing\n|-damage|p2a: Slither Wing|95/270\n|move|p2a: Slither Wing|Acrobatics|p1a: Tentacruel\n|-damage|p1a: Tentacruel|0 fnt\n|faint|p1a: Tentacruel\n|\n|upkeep\n|\n|t:|1781434888\n|switch|p1a: Regieleki|Regieleki, L79|256/256\n|turn|8\n|\n|t:|1781434895\n|-end|p2a: Slither Wing|Protosynthesis|[silent]\n|switch|p2a: Electrode|Electrode-Hisui, L87|215/246\n|move|p1a: Regieleki|Thunderbolt|p2a: Electrode\n|-resisted|p2a: Electrode\n|-damage|p2a: Electrode|184/246\n|\n|-heal|p2a: Electrode|199/246|[from] item: Leftovers\n|upkeep\n|turn|9\n|\n|t:|1781434899\n|move|p1a: Regieleki|Volt Switch|p2a: Electrode\n|-resisted|p2a: Electrode\n|-damage|p2a: Electrode|170/246\n|\n|t:|1781434901\n|switch|p1a: Trevenant|Trevenant, L89, F|296/296|[from] Volt Switch\n|move|p2a: Electrode|Thunderbolt|p1a: Trevenant\n|-resisted|p1a: Trevenant\n|-damage|p1a: Trevenant|255/296\n|\n|-heal|p2a: Electrode|185/246|[from] item: Leftovers\n|upkeep\n|turn|10\n|l| FrankRayquaza\n|\n|t:|1781434913\n|switch|p2a: Zamazenta|Zamazenta, L71|248/248\n|-ability|p2a: Zamazenta|Dauntless Shield|boost\n|-boost|p2a: Zamazenta|def|1\n|switch|p1a: Regieleki|Regieleki, L79|256/256\n|\n|upkeep\n|turn|11\n|\n|t:|1781434918\n|move|p1a: Regieleki|Volt Switch|p2a: Zamazenta\n|-damage|p2a: Zamazenta|139/248\n|\n|t:|1781434919\n|switch|p1a: Amoonguss|Amoonguss, L82, M|273/321|[from] Volt Switch\n|move|p2a: Zamazenta|Iron Defense|p2a: Zamazenta\n|-boost|p2a: Zamazenta|def|2\n|\n|-heal|p2a: Zamazenta|154/248|[from] item: Leftovers\n|upkeep\n|turn|12\n|\n|t:|1781434923\n|move|p2a: Zamazenta|Body Press|p1a: Amoonguss\n|-resisted|p1a: Amoonguss\n|-damage|p1a: Amoonguss|169/321\n|-damage|p2a: Zamazenta|113/248|[from] item: Rocky Helmet|[of] p1a: Amoonguss\n|move|p1a: Amoonguss|Giga Drain|p2a: Zamazenta\n|-damage|p2a: Zamazenta|46/248\n|-heal|p1a: Amoonguss|203/321|[from] drain|[of] p2a: Zamazenta\n|\n|-heal|p2a: Zamazenta|61/248|[from] item: Leftovers\n|upkeep\n|turn|13\n|\n|t:|1781434937\n|move|p2a: Zamazenta|Body Press|p1a: Amoonguss\n|-resisted|p1a: Amoonguss\n|-damage|p1a: Amoonguss|89/321\n|-damage|p2a: Zamazenta|20/248|[from] item: Rocky Helmet|[of] p1a: Amoonguss\n|move|p1a: Amoonguss|Giga Drain|p2a: Zamazenta\n|-damage|p2a: Zamazenta|0 fnt\n|-heal|p1a: Amoonguss|99/321|[from] drain|[of] p2a: Zamazenta\n|faint|p2a: Zamazenta\n|\n|upkeep\n|\n|t:|1781434948\n|switch|p2a: Kyogre|Kyogre, L71|259/259\n|-weather|RainDance|[from] ability: Drizzle|[of] p2a: Kyogre\n|turn|14\n|\n|t:|1781434958\n|switch|p1a: Glastrier|Glastrier, L86|312/312\n|move|p2a: Kyogre|Water Spout|p1a: Glastrier\n|-crit|p1a: Glastrier\n|-damage|p1a: Glastrier|23/312\n|\n|-weather|RainDance|[upkeep]\n|upkeep\n|turn|15\n|\n|t:|1781434968\n|move|p2a: Kyogre|Water Spout|p1a: Glastrier\n|-damage|p1a: Glastrier|0 fnt\n|faint|p1a: Glastrier\n|\n|-weather|RainDance|[upkeep]\n|upkeep\n|\n|t:|1781434969\n|switch|p1a: Trevenant|Trevenant, L89, F|255/296\n|turn|16\n|\n|t:|1781434973\n|switch|p2a: Slither Wing|Slither Wing, L81|95/270\n|move|p1a: Trevenant|Drain Punch|p2a: Slither Wing\n|-resisted|p2a: Slither Wing\n|-damage|p2a: Slither Wing|46/270\n|-heal|p1a: Trevenant|280/296|[from] drain|[of] p2a: Slither Wing\n|-damage|p1a: Trevenant|251/296|[from] item: Life Orb\n|\n|-weather|RainDance|[upkeep]\n|upkeep\n|turn|17\n|\n|t:|1781434980\n|switch|p1a: Amoonguss|Amoonguss, L82, M|206/321\n|move|p2a: Slither Wing|Leech Life|p1a: Amoonguss\n|-damage|p1a: Amoonguss|83/321\n|-heal|p2a: Slither Wing|108/270|[from] drain|[of] p1a: Amoonguss\n|-damage|p2a: Slither Wing|63/270|[from] item: Rocky Helmet|[of] p1a: Amoonguss\n|\n|-weather|RainDance|[upkeep]\n|upkeep\n|turn|18\n|\n|t:|1781434987\n|switch|p1a: Talonflame|Talonflame, L83, F|265/265\n|move|p2a: Slither Wing|Acrobatics|p1a: Talonflame\n|-damage|p1a: Talonflame|157/265\n|-status|p2a: Slither Wing|brn|[from] ability: Flame Body|[of] p1a: Talonflame\n|\n|-weather|none\n|-damage|p2a: Slither Wing|47/270 brn|[from] brn\n|upkeep\n|turn|19\n|j| mrbird077\n|\n|t:|1781434996\n|move|p1a: Talonflame|Brave Bird|p2a: Slither Wing\n|-supereffective|p2a: Slither Wing\n|-damage|p2a: Slither Wing|0 fnt\n|faint|p2a: Slither Wing\n|-end|p2a: Slither Wing|Protosynthesis|[silent]\n|-damage|p1a: Talonflame|141/265|[from] Recoil\n|\n|upkeep\n|\n|t:|1781435009\n|switch|p2a: Arceus|Arceus-Fairy, L69|280/280\n|turn|20\n|\n|t:|1781435014\n|move|p1a: Talonflame|Swords Dance|p1a: Talonflame\n|-boost|p1a: Talonflame|atk|2\n|move|p2a: Arceus|Calm Mind|p2a: Arceus\n|-boost|p2a: Arceus|spa|1\n|-boost|p2a: Arceus|spd|1\n|\n|upkeep\n|turn|21\n|\n|t:|1781435017\n|move|p1a: Talonflame|Swords Dance|p1a: Talonflame\n|-boost|p1a: Talonflame|atk|2\n|move|p2a: Arceus|Judgment|p1a: Talonflame\n|-resisted|p1a: Talonflame\n|-damage|p1a: Talonflame|48/265\n|\n|upkeep\n|turn|22\n|\n|t:|1781435039\n|move|p1a: Talonflame|Brave Bird|p2a: Arceus\n|-damage|p2a: Arceus|0 fnt\n|faint|p2a: Arceus\n|-damage|p1a: Talonflame|0 fnt|[from] Recoil\n|faint|p1a: Talonflame\n|\n|upkeep\n|\n|t:|1781435046\n|switch|p1a: Regieleki|Regieleki, L79|256/256\n|switch|p2a: Kyogre|Kyogre, L71|259/259\n|-weather|RainDance|[from] ability: Drizzle|[of] p2a: Kyogre\n|turn|23\n|\n|t:|1781435056\n|move|p1a: Regieleki|Volt Switch|p2a: Kyogre\n|-supereffective|p2a: Kyogre\n|-damage|p2a: Kyogre|77/259\n|\n|t:|1781435058\n|switch|p1a: Amoonguss|Amoonguss, L82, M|190/321|[from] Volt Switch\n|move|p2a: Kyogre|Ice Beam|p1a: Amoonguss\n|-supereffective|p1a: Amoonguss\n|-damage|p1a: Amoonguss|56/321\n|\n|-weather|RainDance|[upkeep]\n|upkeep\n|turn|24\n|\n|t:|1781435063\n|move|p2a: Kyogre|Ice Beam|p1a: Amoonguss\n|-supereffective|p1a: Amoonguss\n|-damage|p1a: Amoonguss|0 fnt\n|faint|p1a: Amoonguss\n|\n|-weather|RainDance|[upkeep]\n|upkeep\n|\n|t:|1781435064\n|switch|p1a: Regieleki|Regieleki, L79|256/256\n|turn|25\n|\n|t:|1781435067\n|switch|p2a: Electrode|Electrode-Hisui, L87|185/246\n|move|p1a: Regieleki|Volt Switch|p2a: Electrode\n|-resisted|p2a: Electrode\n|-damage|p2a: Electrode|156/246\n|\n|t:|1781435069\n|switch|p1a: Trevenant|Trevenant, L89, F|251/296|[from] Volt Switch\n|\n|-weather|RainDance|[upkeep]\n|-heal|p2a: Electrode|171/246|[from] item: Leftovers\n|upkeep\n|turn|26\n|\n|t:|1781435074\n|move|p2a: Electrode|Substitute|p2a: Electrode\n|-start|p2a: Electrode|Substitute\n|-damage|p2a: Electrode|110/246\n|move|p1a: Trevenant|Drain Punch|p2a: Electrode\n|-end|p2a: Electrode|Substitute\n|-heal|p1a: Trevenant|282/296|[from] drain|[of] p2a: Electrode\n|-damage|p1a: Trevenant|253/296|[from] item: Life Orb\n|\n|-weather|RainDance|[upkeep]\n|-heal|p2a: Electrode|125/246|[from] item: Leftovers\n|upkeep\n|turn|27\n|\n|t:|1781435090\n|move|p2a: Electrode|Giga Drain|p1a: Trevenant\n|-resisted|p1a: Trevenant\n|-damage|p1a: Trevenant|216/296\n|-heal|p2a: Electrode|144/246|[from] drain|[of] p1a: Trevenant\n|move|p1a: Trevenant|Drain Punch|p2a: Electrode\n|-damage|p2a: Electrode|50/246\n|-heal|p1a: Trevenant|263/296|[from] drain|[of] p2a: Electrode\n|-damage|p1a: Trevenant|234/296|[from] item: Life Orb\n|\n|-weather|none\n|-heal|p2a: Electrode|65/246|[from] item: Leftovers\n|upkeep\n|turn|28\n|\n|t:|1781435106\n|-terastallize|p2a: Electrode|Poison\n|move|p2a: Electrode|Giga Drain|p1a: Trevenant\n|-resisted|p1a: Trevenant\n|-damage|p1a: Trevenant|195/296\n|-heal|p2a: Electrode|85/246|[from] drain|[of] p1a: Trevenant\n|move|p1a: Trevenant|Drain Punch|p2a: Electrode\n|-resisted|p2a: Electrode\n|-damage|p2a: Electrode|37/246\n|-heal|p1a: Trevenant|219/296|[from] drain|[of] p2a: Electrode\n|-damage|p1a: Trevenant|190/296|[from] item: Life Orb\n|\n|-heal|p2a: Electrode|52/246|[from] item: Leftovers\n|upkeep\n|turn|29\n|\n|t:|1781435116\n|move|p2a: Electrode|Giga Drain|p1a: Trevenant\n|-resisted|p1a: Trevenant\n|-damage|p1a: Trevenant|153/296\n|-heal|p2a: Electrode|71/246|[from] drain|[of] p1a: Trevenant\n|move|p1a: Trevenant|Wood Hammer|p2a: Electrode\n|-resisted|p2a: Electrode\n|-damage|p2a: Electrode|0 fnt\n|faint|p2a: Electrode\n|-damage|p1a: Trevenant|130/296|[from] Recoil\n|-damage|p1a: Trevenant|101/296|[from] item: Life Orb\n|\n|upkeep\n|\n|t:|1781435123\n|switch|p2a: Kyogre|Kyogre, L71|77/259\n|-weather|RainDance|[from] ability: Drizzle|[of] p2a: Kyogre\n|turn|30\n|\n|t:|1781435128\n|move|p2a: Kyogre|Ice Beam|p1a: Trevenant\n|-supereffective|p1a: Trevenant\n|-damage|p1a: Trevenant|0 fnt\n|faint|p1a: Trevenant\n|\n|-weather|RainDance|[upkeep]\n|upkeep\n|\n|t:|1781435129\n|switch|p1a: Regieleki|Regieleki, L79|256/256\n|turn|31\n|\n|t:|1781435133\n|move|p1a: Regieleki|Thunderbolt|p2a: Kyogre\n|-supereffective|p2a: Kyogre\n|-damage|p2a: Kyogre|0 fnt\n|faint|p2a: Kyogre\n|\n|-weather|RainDance|[upkeep]\n|upkeep\n|\n|t:|1781435134\n|switch|p2a: Bisharp|Bisharp, L79, F|194/232 slp\n|turn|32\n|\n|t:|1781435141\n|-terastallize|p1a: Regieleki|Electric\n|move|p1a: Regieleki|Thunderbolt|p2a: Bisharp\n|-damage|p2a: Bisharp|50/232 slp\n|cant|p2a: Bisharp|slp\n|\n|-weather|RainDance|[upkeep]\n|upkeep\n|turn|33\n|\n|t:|1781435144\n|-curestatus|p2a: Bisharp|slp|[msg]\n|move|p2a: Bisharp|Sucker Punch|p1a: Regieleki\n|-damage|p1a: Regieleki|138/256\n|move|p1a: Regieleki|Thunderbolt|p2a: Bisharp\n|-damage|p2a: Bisharp|0 fnt\n|faint|p2a: Bisharp\n|\n|win|grabschaender\n", "inputlog": ">version a8376a258c1d4662feba110a92103f3664a72141\n>start {\"formatid\":\"gen9randombattle\",\"seed\":\"sodium,29df5fb80c7747f4ae7e818cfb866f17\",\"rated\":\"Rated battle\"}\n>player p1 {\"name\":\"grabschaender\",\"avatar\":\"candice\",\"rating\":2257,\"seed\":\"sodium,e0c72f14ea8c318b619f8ffe2f0b379e\"}\n>player p2 {\"name\":\"Dizay976\",\"avatar\":\"sabrina-masters\",\"rating\":2323,\"seed\":\"sodium,33e2dc5544cf21034e4c1a4ce22d1cfd\"}\n>p1 switch 6\n>p2 move substitute\n>p1 move sludgebomb\n>p2 move thunderbolt\n>p1 move sludgebomb\n>p2 switch 5\n>p1 move spore\n>p2 move throatchop\n>p1 switch 3\n>p2 switch 4\n>p1 move voltswitch\n>p2 move acrobatics\n>p1 switch 4\n>p1 move sludgebomb\n>p2 move acrobatics\n>p1 switch 4\n>p1 move thunderbolt\n>p2 switch 5\n>p1 move voltswitch\n>p2 move thunderbolt\n>p1 switch 2\n>p1 switch 2\n>p2 switch 6\n>p1 move voltswitch\n>p2 move irondefense\n>p1 switch 3\n>p1 move gigadrain\n>p2 move bodypress\n>p1 move gigadrain\n>p2 move bodypress\n>p2 switch 3\n>p1 switch 5\n>p2 move waterspout\n>p1 move highhorsepower\n>p2 move waterspout\n>p1 switch 2\n>p1 move drainpunch\n>p2 switch 5\n>p1 switch 5\n>p2 move leechlife\n>p1 switch 6\n>p2 move acrobatics\n>p1 move bravebird\n>p2 move acrobatics\n>p2 switch 2\n>p1 move swordsdance\n>p2 move calmmind\n>p1 move swordsdance\n>p2 move judgment\n>p1 move bravebird\n>p2 move judgment\n>p1 switch 3\n>p2 switch 5\n>p1 move voltswitch\n>p2 move icebeam\n>p1 switch 6\n>p1 move gigadrain\n>p2 move icebeam\n>p1 switch 6\n>p1 move voltswitch\n>p2 switch 6\n>p1 switch 5\n>p1 move drainpunch\n>p2 move substitute\n>p1 move drainpunch\n>p2 move gigadrain\n>p1 move drainpunch\n>p2 move gigadrain terastallize\n>p1 move woodhammer\n>p2 move gigadrain\n>p2 switch 6\n>p1 move drainpunch\n>p2 move icebeam\n>p1 switch 5\n>p1 move thunderbolt\n>p2 move icebeam\n>p2 switch 4\n>p1 move thunderbolt terastallize\n>p2 move throatchop\n>p1 move thunderbolt\n>p2 move suckerpunch", "uploadtime": 1781434821, "views": 5, "formatid": "gen9randombattle", "rating": null, "private": 0, "password": null, "player_dets": [{"name": "grabschaender", "avatar": "candice", "rating": 2257, "seed": "sodium,e0c72f14ea8c318b619f8ffe2f0b379e"}, {"name": "Dizay976", "avatar": "sabrina-masters", "rating": 2323, "seed": "sodium,33e2dc5544cf21034e4c1a4ce22d1cfd"}], "teams_full": [{"Talonflame": {"name": "Talonflame", "species": "Talonflame", "speciesId": "talonflame", "gender": "F", "shiny": false, "level": 83, "moves": ["flareblitz", "bravebird", "swordsdance", "terablast"], "ability": "Flame Body", "evs": {"hp": 85, "atk": 85, "def": 85, "spa": 85, "spd": 85, "spe": 85}, "ivs": {"hp": 31, "atk": 31, "def": 31, "spa": 31, "spd": 31, "spe": 31}, "item": "Heavy-Duty Boots", "teraType": "Ground", "role": "Tera Blast user", "bvs": {"hp": 78, "atk": 81, "def": 71, "spa": 74, "spd": 69, "spe": 126}, "stats": {"hp": 265, "atk": 182, "def": 166, "spa": 171, "spd": 162, "spe": 257}}, "Trevenant": {"name": "Trevenant", "species": "Trevenant", "speciesId": "trevenant", "gender": "F", "shiny": false, "level": 89, "moves": ["rest", "drainpunch", "poltergeist", "woodhammer"], "ability": "Natural Cure", "evs": {"hp": 85, "atk": 85, "def": 85, "spa": 85, "spd": 85, "spe": 85}, "ivs": {"hp": 31, "atk": 31, "def": 31, "spa": 31, "spd": 31, "spe": 31}, "item": "Life Orb", "teraType": "Fighting", "role": "Wallbreaker", "bvs": {"hp": 85, "atk": 110, "def": 76, "spa": 65, "spd": 82, "spe": 56}, "stats": {"hp": 296, "atk": 247, "def": 186, "spa": 166, "spd": 197, "spe": 150}}, "Regieleki": {"name": "Regieleki", "species": "Regieleki", "speciesId": "regieleki", "gender": "N", "shiny": false, "level": 79, "moves": ["thunderbolt", "explosion", "rapidspin", "voltswitch"], "ability": "Transistor", "evs": {"hp": 85, "atk": 85, "def": 85, "spa": 85, "spd": 85, "spe": 85}, "ivs": {"hp": 31, "atk": 31, "def": 31, "spa": 31, "spd": 31, "spe": 31}, "item": "Magnet", "teraType": "Electric", "role": "Fast Support", "bvs": {"hp": 80, "atk": 100, "def": 50, "spa": 100, "spd": 50, "spe": 200}, "stats": {"hp": 256, "atk": 204, "def": 125, "spa": 204, "spd": 125, "spe": 362}}, "Tentacruel": {"name": "Tentacruel", "species": "Tentacruel", "speciesId": "tentacruel", "gender": "F", "shiny": false, "level": 84, "moves": ["sludgebomb", "knockoff", "surf", "toxic"], "ability": "Liquid Ooze", "evs": {"hp": 85, "atk": 85, "def": 85, "spa": 85, "spd": 85, "spe": 85}, "ivs": {"hp": 31, "atk": 31, "def": 31, "spa": 31, "spd": 31, "spe": 31}, "item": "Leftovers", "teraType": "Grass", "role": "Bulky Support", "bvs": {"hp": 80, "atk": 70, "def": 65, "spa": 80, "spd": 120, "spe": 100}, "stats": {"hp": 272, "atk": 166, "def": 157, "spa": 183, "spd": 250, "spe": 216}}, "Glastrier": {"name": "Glastrier", "species": "Glastrier", "speciesId": "glastrier", "gender": "N", "shiny": false, "level": 86, "moves": ["closecombat", "iciclecrash", "swordsdance", "highhorsepower"], "ability": "Chilling Neigh", "evs": {"hp": 85, "atk": 85, "def": 85, "spa": 85, "spd": 85, "spe": 85}, "ivs": {"hp": 31, "atk": 31, "def": 31, "spa": 31, "spd": 31, "spe": 31}, "item": "Heavy-Duty Boots", "teraType": "Ground", "role": "Bulky Attacker", "bvs": {"hp": 100, "atk": 145, "def": 130, "spa": 65, "spd": 110, "spe": 30}, "stats": {"hp": 312, "atk": 299, "def": 273, "spa": 161, "spd": 238, "spe": 101}}, "Amoonguss": {"name": "Amoonguss", "species": "Amoonguss", "speciesId": "amoonguss", "gender": "M", "shiny": false, "level": 82, "moves": ["spore", "sludgebomb", "gigadrain", "clearsmog"], "ability": "Regenerator", "evs": {"hp": 85, "atk": 0, "def": 85, "spa": 85, "spd": 85, "spe": 85}, "ivs": {"hp": 31, "atk": 0, "def": 31, "spa": 31, "spd": 31, "spe": 31}, "item": "Rocky Helmet", "teraType": "Steel", "role": "Bulky Support", "bvs": {"hp": 114, "atk": 85, "def": 70, "spa": 85, "spd": 80, "spe": 30}, "stats": {"hp": 321, "atk": 144, "def": 162, "spa": 187, "spd": 178, "spe": 96}}}, {"Electrode": {"name": "Electrode", "species": "Electrode-Hisui", "speciesId": "electrodehisui", "gender": "N", "shiny": false, "level": 87, "moves": ["thunderbolt", "leechseed", "gigadrain", "substitute"], "ability": "Soundproof", "evs": {"hp": 85, "atk": 0, "def": 85, "spa": 85, "spd": 85, "spe": 85}, "ivs": {"hp": 31, "atk": 0, "def": 31, "spa": 31, "spd": 31, "spe": 31}, "item": "Leftovers", "teraType": "Poison", "role": "Fast Support", "bvs": {"hp": 60, "atk": 50, "def": 70, "spa": 80, "spd": 80, "spe": 150}, "stats": {"hp": 246, "atk": 92, "def": 172, "spa": 189, "spd": 189, "spe": 311}}, "Arceus": {"name": "Arceus", "species": "Arceus-Fairy", "speciesId": "arceusfairy", "gender": "N", "shiny": false, "level": 69, "moves": ["judgment", "recover", "earthpower", "calmmind"], "ability": "Multitype", "evs": {"hp": 85, "atk": 0, "def": 85, "spa": 85, "spd": 85, "spe": 85}, "ivs": {"hp": 31, "atk": 0, "def": 31, "spa": 31, "spd": 31, "spe": 31}, "item": "Pixie Plate", "teraType": "Ground", "role": "Bulky Setup", "bvs": {"hp": 120, "atk": 120, "def": 120, "spa": 120, "spd": 120, "spe": 120}, "stats": {"hp": 280, "atk": 170, "def": 206, "spa": 206, "spd": 206, "spe": 206}}, "Kyogre": {"name": "Kyogre", "species": "Kyogre", "speciesId": "kyogre", "gender": "N", "shiny": false, "level": 71, "moves": ["waterspout", "thunder", "icebeam", "originpulse"], "ability": "Drizzle", "evs": {"hp": 85, "atk": 0, "def": 85, "spa": 85, "spd": 85, "spe": 85}, "ivs": {"hp": 31, "atk": 0, "def": 31, "spa": 31, "spd": 31, "spe": 31}, "item": "Choice Scarf", "teraType": "Water", "role": "Fast Attacker", "bvs": {"hp": 100, "atk": 100, "def": 90, "spa": 150, "spd": 140, "spe": 90}, "stats": {"hp": 259, "atk": 147, "def": 169, "spa": 254, "spd": 240, "spe": 169}}, "Slither Wing": {"name": "Slither Wing", "species": "Slither Wing", "speciesId": "slitherwing", "gender": "N", "shiny": false, "level": 81, "moves": ["bulkup", "closecombat", "leechlife", "acrobatics"], "ability": "Protosynthesis", "evs": {"hp": 85, "atk": 85, "def": 85, "spa": 85, "spd": 85, "spe": 85}, "ivs": {"hp": 31, "atk": 31, "def": 31, "spa": 31, "spd": 31, "spe": 31}, "item": "Booster Energy", "teraType": "Flying", "role": "Fast Bulky Setup", "bvs": {"hp": 85, "atk": 135, "def": 79, "spa": 85, "spd": 105, "spe": 81}, "stats": {"hp": 270, "atk": 265, "def": 175, "spa": 184, "spd": 217, "spe": 178}}, "Bisharp": {"name": "Bisharp", "species": "Bisharp", "speciesId": "bisharp", "gender": "F", "shiny": false, "level": 79, "moves": ["swordsdance", "suckerpunch", "ironhead", "throatchop"], "ability": "Defiant", "evs": {"hp": 85, "atk": 85, "def": 85, "spa": 85, "spd": 85, "spe": 85}, "ivs": {"hp": 31, "atk": 31, "def": 31, "spa": 31, "spd": 31, "spe": 31}, "item": "Eviolite", "teraType": "Ghost", "role": "Bulky Attacker", "bvs": {"hp": 65, "atk": 125, "def": 100, "spa": 60, "spd": 70, "spe": 70}, "stats": {"hp": 232, "atk": 243, "def": 204, "spa": 140, "spd": 156, "spe": 156}}, "Zamazenta": {"name": "Zamazenta", "species": "Zamazenta", "speciesId": "zamazenta", "gender": "N", "shiny": false, "level": 71, "moves": ["ironhead", "irondefense", "bodypress", "stoneedge"], "ability": "Dauntless Shield", "evs": {"hp": 85, "atk": 85, "def": 85, "spa": 85, "spd": 85, "spe": 85}, "ivs": {"hp": 31, "atk": 31, "def": 31, "spa": 31, "spd": 31, "spe": 31}, "item": "Leftovers", "teraType": "Fighting", "role": "Bulky Setup", "bvs": {"hp": 92, "atk": 120, "def": 115, "spa": 80, "spd": 115, "spe": 138}, "stats": {"hp": 248, "atk": 212, "def": 205, "spa": 155, "spd": 205, "spe": 237}}}]}