{"id": "gen9randombattle-2631425496", "format": "[Gen 9] Random Battle", "players": ["Goundas05", "ultipokemast"], "log": "|j|\u2606Goundas05\n|j|\u2606ultipokemast\n|t:|1781383109\n|gametype|singles\n|player|p1|Goundas05|cynthia|2182\n|player|p2|ultipokemast|nessa-masters|2101\n|gen|9\n|tier|[Gen 9] Random Battle\n|rated|\n|rule|Species Clause: Limit one of each Pok\u00e9mon\n|rule|HP Percentage Mod: HP is shown in percentages\n|rule|Sleep Clause Mod: Limit one foe put to sleep\n|rule|Illusion Level Mod: Illusion disguises the Pok\u00e9mon's true level\n|\n|t:|1781383109\n|teamsize|p1|6\n|teamsize|p2|6\n|start\n|switch|p1a: Falinks|Falinks, L84|246/246\n|switch|p2a: Illumise|Illumise, L91, F|266/266\n|turn|1\n|inactive|Battle timer is ON: inactive players will automatically lose when time's up. (requested by ultipokemast)\n|inactive|Goundas05 also wants the timer to be on.\n|\n|t:|1781383121\n|switch|p1a: Eelektross|Eelektross, L87, F|290/290\n|move|p2a: Illumise|Thunder Wave|p1a: Eelektross|[miss]\n|-miss|p2a: Illumise|p1a: Eelektross\n|\n|upkeep\n|turn|2\n|l|\u2606Goundas05\n|inactive|Goundas05 disconnected and has a minute to reconnect!\n|player|p1|\n|\n|t:|1781383131\n|switch|p2a: Flareon|Flareon, L90, F|263/263\n|move|p1a: Eelektross|Flamethrower|p2a: Flareon\n|-resisted|p2a: Flareon\n|-damage|p2a: Flareon|237/263\n|\n|-status|p2a: Flareon|tox|[from] item: Toxic Orb\n|upkeep\n|turn|3\n|j|\u2606Goundas05\n|inactive|Goundas05 reconnected and has 145 seconds left.\n|player|p1|Goundas05|cynthia|\n|\n|t:|1781383144\n|move|p2a: Flareon|Trailblaze|p1a: Eelektross\n|-crit|p1a: Eelektross\n|-damage|p1a: Eelektross|160/290\n|-boost|p2a: Flareon|spe|1\n|move|p1a: Eelektross|U-turn|p2a: Flareon\n|-resisted|p2a: Flareon\n|-damage|p2a: Flareon|199/263 tox\n|\n|t:|1781383148\n|switch|p1a: Mabosstiff|Mabosstiff, L86, M|278/278|[from] U-turn\n|\n|-damage|p2a: Flareon|183/263 tox|[from] psn\n|upkeep\n|turn|4\n|\n|t:|1781383161\n|switch|p2a: Krookodile|Krookodile, L79, F|280/280\n|-ability|p2a: Krookodile|Intimidate|boost\n|-unboost|p1a: Mabosstiff|atk|1\n|move|p1a: Mabosstiff|Crunch|p2a: Krookodile\n|-resisted|p2a: Krookodile\n|-damage|p2a: Krookodile|199/280\n|\n|upkeep\n|turn|5\n|\n|t:|1781383170\n|switch|p1a: Crabominable|Crabominable, L90, F|321/321\n|move|p2a: Krookodile|Knock Off|p1a: Crabominable\n|-resisted|p1a: Crabominable\n|-damage|p1a: Crabominable|246/321\n|-enditem|p1a: Crabominable|Assault Vest|[from] move: Knock Off|[of] p2a: Krookodile\n|\n|upkeep\n|turn|6\n|\n|t:|1781383176\n|switch|p2a: Illumise|Illumise, L91, F|266/266\n|move|p1a: Crabominable|Drain Punch|p2a: Illumise\n|-resisted|p2a: Illumise\n|-damage|p2a: Illumise|196/266\n|-heal|p1a: Crabominable|281/321|[from] drain|[of] p2a: Illumise\n|\n|upkeep\n|turn|7\n|\n|t:|1781383184\n|switch|p2a: Flareon|Flareon, L90, F|183/263 tox\n|switch|p1a: Eelektross|Eelektross, L87, F|160/290\n|\n|-damage|p2a: Flareon|167/263 tox|[from] psn\n|upkeep\n|turn|8\n|\n|t:|1781383192\n|move|p2a: Flareon|Facade|p1a: Eelektross\n|-damage|p1a: Eelektross|0 fnt\n|faint|p1a: Eelektross\n|\n|-damage|p2a: Flareon|135/263 tox|[from] psn\n|upkeep\n|\n|t:|1781383196\n|switch|p1a: Mabosstiff|Mabosstiff, L86, M|278/278\n|turn|9\n|\n|t:|1781383219\n|switch|p2a: Krookodile|Krookodile, L79, F|199/280\n|-ability|p2a: Krookodile|Intimidate|boost\n|-unboost|p1a: Mabosstiff|atk|1\n|move|p1a: Mabosstiff|Crunch|p2a: Krookodile\n|-resisted|p2a: Krookodile\n|-damage|p2a: Krookodile|127/280\n|\n|upkeep\n|turn|10\n|\n|t:|1781383227\n|switch|p1a: Tsareena|Tsareena, L87, F|267/267\n|move|p2a: Krookodile|Earthquake|p1a: Tsareena\n|-resisted|p1a: Tsareena\n|-damage|p1a: Tsareena|194/267\n|\n|upkeep\n|turn|11\n|\n|t:|1781383229\n|switch|p2a: Illumise|Illumise, L91, F|196/266\n|move|p1a: Tsareena|U-turn|p2a: Illumise\n|-damage|p2a: Illumise|98/266\n|\n|t:|1781383232\n|switch|p1a: Mabosstiff|Mabosstiff, L86, M|278/278|[from] U-turn\n|\n|upkeep\n|turn|12\n|\n|t:|1781383237\n|switch|p2a: Krookodile|Krookodile, L79, F|127/280\n|-ability|p2a: Krookodile|Intimidate|boost\n|-unboost|p1a: Mabosstiff|atk|1\n|move|p1a: Mabosstiff|Crunch|p2a: Krookodile\n|-resisted|p2a: Krookodile\n|-damage|p2a: Krookodile|51/280\n|\n|upkeep\n|turn|13\n|\n|t:|1781383241\n|switch|p1a: Crabominable|Crabominable, L90, F|281/321\n|move|p2a: Krookodile|Gunk Shot|p1a: Crabominable\n|-damage|p1a: Crabominable|150/321\n|\n|upkeep\n|turn|14\n|\n|t:|1781383245\n|move|p2a: Krookodile|Gunk Shot|p1a: Crabominable\n|-damage|p1a: Crabominable|11/321\n|move|p1a: Crabominable|Drain Punch|p2a: Krookodile\n|-supereffective|p2a: Krookodile\n|-damage|p2a: Krookodile|0 fnt\n|-heal|p1a: Crabominable|37/321|[from] drain|[of] p2a: Krookodile\n|faint|p2a: Krookodile\n|\n|upkeep\n|\n|t:|1781383249\n|switch|p2a: Flareon|Flareon, L90, F|135/263 tox\n|turn|15\n|\n|t:|1781383252\n|move|p2a: Flareon|Trailblaze|p1a: Crabominable\n|-damage|p1a: Crabominable|0 fnt\n|-boost|p2a: Flareon|spe|1\n|faint|p1a: Crabominable\n|\n|-damage|p2a: Flareon|119/263 tox|[from] psn\n|upkeep\n|\n|t:|1781383255\n|switch|p1a: Mabosstiff|Mabosstiff, L86, M|278/278\n|turn|16\n|\n|t:|1781383266\n|move|p2a: Flareon|Quick Attack|p1a: Mabosstiff\n|-damage|p1a: Mabosstiff|218/278\n|move|p1a: Mabosstiff|Crunch|p2a: Flareon\n|-damage|p2a: Flareon|0 fnt\n|faint|p2a: Flareon\n|\n|upkeep\n|\n|t:|1781383270\n|switch|p2a: Forretress|Forretress, L84, M|263/263\n|turn|17\n|\n|t:|1781383285\n|switch|p1a: Falinks|Falinks, L84|246/246\n|move|p2a: Forretress|Rapid Spin|p1a: Falinks\n|-damage|p1a: Falinks|214/246\n|-boost|p2a: Forretress|spe|1\n|\n|upkeep\n|turn|18\n|\n|t:|1781383289\n|switch|p2a: Illumise|Illumise, L91, F|98/266\n|move|p1a: Falinks|No Retreat|p1a: Falinks\n|-boost|p1a: Falinks|atk|1\n|-boost|p1a: Falinks|def|1\n|-boost|p1a: Falinks|spa|1\n|-boost|p1a: Falinks|spd|1\n|-boost|p1a: Falinks|spe|1\n|-start|p1a: Falinks|move: No Retreat\n|\n|upkeep\n|turn|19\n|\n|t:|1781383292\n|-terastallize|p1a: Falinks|Dark\n|move|p2a: Illumise|Encore|p1a: Falinks\n|-hint|Since gen 7, Dark is immune to Prankster moves.\n|-immune|p1a: Falinks\n|move|p1a: Falinks|Knock Off|p2a: Illumise\n|-damage|p2a: Illumise|0 fnt\n|-enditem|p2a: Illumise|Heavy-Duty Boots|[from] move: Knock Off|[of] p1a: Falinks\n|faint|p2a: Illumise\n|-damage|p1a: Falinks|190/246|[from] item: Life Orb\n|\n|upkeep\n|\n|t:|1781383305\n|switch|p2a: Probopass|Probopass, L91, M|257/257\n|turn|20\n|\n|t:|1781383316\n|-terastallize|p2a: Probopass|Fighting\n|move|p1a: Falinks|Close Combat|p2a: Probopass\n|-damage|p2a: Probopass|96/257\n|-unboost|p1a: Falinks|def|1\n|-unboost|p1a: Falinks|spd|1\n|-damage|p1a: Falinks|166/246|[from] item: Life Orb\n|move|p2a: Probopass|Body Press|p1a: Falinks\n|-supereffective|p1a: Falinks\n|-damage|p1a: Falinks|0 fnt\n|faint|p1a: Falinks\n|\n|upkeep\n|\n|t:|1781383328\n|switch|p1a: Tsareena|Tsareena, L87, F|194/267\n|turn|21\n|\n|t:|1781383335\n|move|p1a: Tsareena|High Jump Kick|p2a: Probopass\n|-damage|p2a: Probopass|0 fnt\n|faint|p2a: Probopass\n|\n|upkeep\n|\n|t:|1781383348\n|switch|p2a: Forretress|Forretress, L84, M|263/263\n|turn|22\n|\n|t:|1781383352\n|move|p1a: Tsareena|High Jump Kick|p2a: Forretress|[miss]\n|-miss|p1a: Tsareena|p2a: Forretress\n|-damage|p1a: Tsareena|61/267|[from] highjumpkick\n|move|p2a: Forretress|Rapid Spin|p1a: Tsareena\n|-damage|p1a: Tsareena|33/267\n|-boost|p2a: Forretress|spe|1\n|\n|upkeep\n|turn|23\n|inactive|ultipokemast has 120 seconds left.\n|\n|t:|1781383385\n|move|p1a: Tsareena|High Jump Kick|p2a: Forretress|[miss]\n|-miss|p1a: Tsareena|p2a: Forretress\n|-damage|p1a: Tsareena|0 fnt|[from] highjumpkick\n|faint|p1a: Tsareena\n|move|p2a: Forretress|Body Press|p1: Tsareena|[notarget]\n|-fail|p2a: Forretress\n|\n|upkeep\n|\n|t:|1781383391\n|switch|p1a: Mabosstiff|Mabosstiff, L86, M|218/278\n|turn|24\n|\n|t:|1781383394\n|move|p1a: Mabosstiff|Crunch|p2a: Forretress\n|-damage|p2a: Forretress|190/263\n|move|p2a: Forretress|Body Press|p1a: Mabosstiff\n|-supereffective|p1a: Mabosstiff\n|-damage|p1a: Mabosstiff|68/278\n|\n|-heal|p2a: Forretress|206/263|[from] item: Leftovers\n|upkeep\n|turn|25\n|\n|t:|1781383397\n|move|p1a: Mabosstiff|Crunch|p2a: Forretress\n|-damage|p2a: Forretress|131/263\n|move|p2a: Forretress|Body Press|p1a: Mabosstiff\n|-supereffective|p1a: Mabosstiff\n|-damage|p1a: Mabosstiff|0 fnt\n|faint|p1a: Mabosstiff\n|\n|-heal|p2a: Forretress|147/263|[from] item: Leftovers\n|upkeep\n|\n|t:|1781383399\n|switch|p1a: Zangoose|Zangoose, L85, M|263/263\n|turn|26\n|\n|t:|1781383401\n|move|p1a: Zangoose|Swords Dance|p1a: Zangoose\n|-boost|p1a: Zangoose|atk|2\n|move|p2a: Forretress|Body Press|p1a: Zangoose\n|-supereffective|p1a: Zangoose\n|-damage|p1a: Zangoose|71/263\n|\n|-heal|p2a: Forretress|163/263|[from] item: Leftovers\n|-status|p1a: Zangoose|tox|[from] item: Toxic Orb\n|upkeep\n|turn|27\n|\n|t:|1781383415\n|move|p1a: Zangoose|Knock Off|p2a: Forretress\n|-damage|p2a: Forretress|0 fnt\n|-enditem|p2a: Forretress|Leftovers|[from] move: Knock Off|[of] p1a: Zangoose\n|faint|p2a: Forretress\n|\n|-damage|p1a: Zangoose|55/263 tox|[from] psn\n|upkeep\n|\n|t:|1781383416\n|switch|p2a: Kyurem|Kyurem, L77|319/319\n|-ability|p2a: Kyurem|Pressure\n|turn|28\n|\n|t:|1781383419\n|move|p1a: Zangoose|Facade|p2a: Kyurem\n|-damage|p2a: Kyurem|0 fnt\n|faint|p2a: Kyurem\n|\n|win|Goundas05\n", "inputlog": ">version a8376a258c1d4662feba110a92103f3664a72141\n>start {\"formatid\":\"gen9randombattle\",\"seed\":\"sodium,79505bb2027ebcc82d8829c691812a0b\",\"rated\":\"Rated battle\"}\n>player p1 {\"name\":\"Goundas05\",\"avatar\":\"cynthia\",\"rating\":2182,\"seed\":\"sodium,d68420ffedbc95769a55e93b0917a284\"}\n>player p2 {\"name\":\"ultipokemast\",\"avatar\":\"nessa-masters\",\"rating\":2101,\"seed\":\"sodium,e93af186e4ca691746d176f9eb49733e\"}\n>p1 switch 6\n>p2 move thunderwave\n>p1 move flamethrower\n>p2 switch 4\n>p1 move uturn\n>p2 move trailblaze\n>p1 switch 2\n>p1 move crunch\n>p2 switch 6\n>p1 switch 3\n>p2 move knockoff\n>p1 move drainpunch\n>p2 switch 4\n>p1 switch 2\n>p2 switch 6\n>p1 move discharge\n>p2 move facade\n>p1 switch 3\n>p1 move crunch\n>p2 switch 4\n>p1 switch 5\n>p2 move earthquake\n>p1 move uturn\n>p2 switch 6\n>p1 switch 5\n>p1 move crunch\n>p2 switch 6\n>p1 switch 2\n>p2 move gunkshot\n>p1 move drainpunch\n>p2 move gunkshot\n>p2 switch 4\n>p1 move drainpunch\n>p2 move trailblaze\n>p1 switch 2\n>p1 move crunch\n>p2 move quickattack\n>p2 switch 2\n>p1 switch 6\n>p2 move rapidspin\n>p1 move noretreat\n>p2 switch 6\n>p1 move knockoff terastallize\n>p2 move encore\n>p2 switch 3\n>p1 move closecombat\n>p2 move bodypress terastallize\n>p1 switch 5\n>p1 move highjumpkick\n>p2 move rest\n>p2 switch 6\n>p1 move highjumpkick\n>p2 move rapidspin\n>p1 move highjumpkick\n>p2 move bodypress\n>p1 switch 6\n>p1 move crunch\n>p2 move bodypress\n>p1 move crunch\n>p2 move bodypress\n>p1 switch 4\n>p1 move swordsdance\n>p2 move bodypress\n>p1 move knockoff\n>p2 move bodypress\n>p2 switch 5\n>p1 move facade\n>p2 move icebeam", "uploadtime": 1781383111, "views": 14, "formatid": "gen9randombattle", "rating": null, "private": 0, "password": null, "player_dets": [{"name": "Goundas05", "avatar": "cynthia", "rating": 2182, "seed": "sodium,d68420ffedbc95769a55e93b0917a284"}, {"name": "ultipokemast", "avatar": "nessa-masters", "rating": 2101, "seed": "sodium,e93af186e4ca691746d176f9eb49733e"}], "teams_full": [{"Falinks": {"name": "Falinks", "species": "Falinks", "speciesId": "falinks", "gender": "N", "shiny": false, "level": 84, "moves": ["knockoff", "closecombat", "ironhead", "noretreat"], "ability": "Defiant", "evs": {"hp": 85, "atk": 85, "def": 85, "spa": 85, "spd": 85, "spe": 85}, "ivs": {"hp": 31, "atk": 31, "def": 31, "spa": 31, "spd": 31, "spe": 31}, "item": "Life Orb", "teraType": "Dark", "role": "Setup Sweeper", "bvs": {"hp": 65, "atk": 100, "def": 100, "spa": 70, "spd": 60, "spe": 75}, "stats": {"hp": 246, "atk": 216, "def": 216, "spa": 166, "spd": 149, "spe": 174}, "types": ["Fighting"]}, "Mabosstiff": {"name": "Mabosstiff", "species": "Mabosstiff", "speciesId": "mabosstiff", "gender": "M", "shiny": false, "level": 86, "moves": ["psychicfangs", "wildcharge", "crunch", "playrough"], "ability": "Stakeout", "evs": {"hp": 85, "atk": 85, "def": 85, "spa": 85, "spd": 85, "spe": 85}, "ivs": {"hp": 31, "atk": 31, "def": 31, "spa": 31, "spd": 31, "spe": 31}, "item": "Choice Scarf", "teraType": "Fairy", "role": "Bulky Attacker", "bvs": {"hp": 80, "atk": 120, "def": 90, "spa": 60, "spd": 70, "spe": 85}, "stats": {"hp": 278, "atk": 256, "def": 204, "spa": 152, "spd": 170, "spe": 195}, "types": ["Dark"]}, "Crabominable": {"name": "Crabominable", "species": "Crabominable", "speciesId": "crabominable", "gender": "F", "shiny": false, "level": 90, "moves": ["drainpunch", "earthquake", "knockoff", "icehammer"], "ability": "Iron Fist", "evs": {"hp": 85, "atk": 85, "def": 85, "spa": 85, "spd": 85, "spe": 85}, "ivs": {"hp": 31, "atk": 31, "def": 31, "spa": 31, "spd": 31, "spe": 31}, "item": "Assault Vest", "teraType": "Water", "role": "AV Pivot", "bvs": {"hp": 97, "atk": 132, "def": 77, "spa": 62, "spd": 67, "spe": 43}, "stats": {"hp": 321, "atk": 289, "def": 190, "spa": 163, "spd": 172, "spe": 129}, "types": ["Fighting", "Ice"]}, "Zangoose": {"name": "Zangoose", "species": "Zangoose", "speciesId": "zangoose", "gender": "M", "shiny": false, "level": 85, "moves": ["swordsdance", "facade", "knockoff", "quickattack"], "ability": "Toxic Boost", "evs": {"hp": 85, "atk": 85, "def": 85, "spa": 85, "spd": 85, "spe": 85}, "ivs": {"hp": 31, "atk": 31, "def": 31, "spa": 31, "spd": 31, "spe": 31}, "item": "Toxic Orb", "teraType": "Normal", "role": "Fast Attacker", "bvs": {"hp": 73, "atk": 115, "def": 60, "spa": 60, "spd": 60, "spe": 90}, "stats": {"hp": 263, "atk": 244, "def": 151, "spa": 151, "spd": 151, "spe": 202}, "types": ["Normal"]}, "Tsareena": {"name": "Tsareena", "species": "Tsareena", "speciesId": "tsareena", "gender": "F", "shiny": false, "level": 87, "moves": ["highjumpkick", "powerwhip", "uturn", "tripleaxel"], "ability": "Queenly Majesty", "evs": {"hp": 85, "atk": 85, "def": 85, "spa": 85, "spd": 85, "spe": 85}, "ivs": {"hp": 31, "atk": 31, "def": 31, "spa": 31, "spd": 31, "spe": 31}, "item": "Choice Band", "teraType": "Fighting", "role": "Fast Support", "bvs": {"hp": 72, "atk": 120, "def": 98, "spa": 50, "spd": 98, "spe": 72}, "stats": {"hp": 267, "atk": 259, "def": 220, "spa": 137, "spd": 220, "spe": 175}, "types": ["Grass"]}, "Eelektross": {"name": "Eelektross", "species": "Eelektross", "speciesId": "eelektross", "gender": "F", "shiny": false, "level": 87, "moves": ["closecombat", "flamethrower", "uturn", "discharge"], "ability": "Levitate", "evs": {"hp": 85, "atk": 85, "def": 85, "spa": 85, "spd": 85, "spe": 85}, "ivs": {"hp": 31, "atk": 31, "def": 31, "spa": 31, "spd": 31, "spe": 31}, "item": "Assault Vest", "teraType": "Poison", "role": "AV Pivot", "bvs": {"hp": 85, "atk": 115, "def": 80, "spa": 105, "spd": 80, "spe": 50}, "stats": {"hp": 290, "atk": 250, "def": 189, "spa": 232, "spd": 189, "spe": 137}, "types": ["Electric"]}}, {"Illumise": {"name": "Illumise", "species": "Illumise", "speciesId": "illumise", "gender": "F", "shiny": false, "level": 91, "moves": ["thunderwave", "roost", "bugbuzz", "encore"], "ability": "Prankster", "evs": {"hp": 85, "atk": 0, "def": 85, "spa": 85, "spd": 85, "spe": 85}, "ivs": {"hp": 31, "atk": 0, "def": 31, "spa": 31, "spd": 31, "spe": 31}, "item": "Heavy-Duty Boots", "teraType": "Steel", "role": "Bulky Support", "bvs": {"hp": 65, "atk": 47, "def": 75, "spa": 73, "spd": 85, "spe": 85}, "stats": {"hp": 266, "atk": 90, "def": 188, "spa": 185, "spd": 207, "spe": 207}, "types": ["Bug"]}, "Forretress": {"name": "Forretress", "species": "Forretress", "speciesId": "forretress", "gender": "M", "shiny": false, "level": 84, "moves": ["ironhead", "spikes", "bodypress", "rapidspin"], "ability": "Sturdy", "evs": {"hp": 85, "atk": 85, "def": 85, "spa": 85, "spd": 85, "spe": 85}, "ivs": {"hp": 31, "atk": 31, "def": 31, "spa": 31, "spd": 31, "spe": 31}, "item": "Leftovers", "teraType": "Water", "role": "Bulky Attacker", "bvs": {"hp": 75, "atk": 90, "def": 140, "spa": 60, "spd": 60, "spe": 40}, "stats": {"hp": 263, "atk": 199, "def": 283, "spa": 149, "spd": 149, "spe": 115}, "types": ["Bug", "Steel"]}, "Probopass": {"name": "Probopass", "species": "Probopass", "speciesId": "probopass", "gender": "M", "shiny": false, "level": 91, "moves": ["flashcannon", "bodypress", "irondefense", "rest"], "ability": "Magnet Pull", "evs": {"hp": 85, "atk": 0, "def": 85, "spa": 85, "spd": 85, "spe": 85}, "ivs": {"hp": 31, "atk": 0, "def": 31, "spa": 31, "spd": 31, "spe": 31}, "item": "Chesto Berry", "teraType": "Fighting", "role": "Bulky Setup", "bvs": {"hp": 60, "atk": 55, "def": 145, "spa": 75, "spd": 150, "spe": 40}, "stats": {"hp": 257, "atk": 105, "def": 316, "spa": 188, "spd": 325, "spe": 125}, "types": ["Rock", "Steel"]}, "Flareon": {"name": "Flareon", "species": "Flareon", "speciesId": "flareon", "gender": "F", "shiny": false, "level": 90, "moves": ["quickattack", "flareblitz", "facade", "trailblaze"], "ability": "Guts", "evs": {"hp": 85, "atk": 85, "def": 85, "spa": 85, "spd": 85, "spe": 85}, "ivs": {"hp": 31, "atk": 31, "def": 31, "spa": 31, "spd": 31, "spe": 31}, "item": "Toxic Orb", "teraType": "Normal", "role": "Setup Sweeper", "bvs": {"hp": 65, "atk": 130, "def": 60, "spa": 95, "spd": 110, "spe": 65}, "stats": {"hp": 263, "atk": 285, "def": 159, "spa": 222, "spd": 249, "spe": 168}, "types": ["Fire"]}, "Kyurem": {"name": "Kyurem", "species": "Kyurem", "speciesId": "kyurem", "gender": "N", "shiny": false, "level": 77, "moves": ["earthpower", "freezedry", "icebeam", "outrage"], "ability": "Pressure", "evs": {"hp": 85, "atk": 85, "def": 85, "spa": 85, "spd": 85, "spe": 85}, "ivs": {"hp": 31, "atk": 31, "def": 31, "spa": 31, "spd": 31, "spe": 31}, "item": "Heavy-Duty Boots", "teraType": "Ground", "role": "Wallbreaker", "bvs": {"hp": 125, "atk": 130, "def": 90, "spa": 130, "spd": 90, "spe": 95}, "stats": {"hp": 319, "atk": 245, "def": 183, "spa": 245, "spd": 183, "spe": 191}, "types": ["Dragon", "Ice"]}, "Krookodile": {"name": "Krookodile", "species": "Krookodile", "speciesId": "krookodile", "gender": "F", "shiny": false, "level": 79, "moves": ["stoneedge", "gunkshot", "knockoff", "earthquake"], "ability": "Intimidate", "evs": {"hp": 85, "atk": 85, "def": 85, "spa": 85, "spd": 85, "spe": 85}, "ivs": {"hp": 31, "atk": 31, "def": 31, "spa": 31, "spd": 31, "spe": 31}, "item": "Choice Band", "teraType": "Ground", "role": "Fast Attacker", "bvs": {"hp": 95, "atk": 117, "def": 80, "spa": 65, "spd": 70, "spe": 92}, "stats": {"hp": 280, "atk": 230, "def": 172, "spa": 148, "spd": 156, "spe": 191}, "types": ["Ground", "Dark"]}}]}