{"id": "gen9randombattle-2631403187", "format": "[Gen 9] Random Battle", "players": ["bustardkeith", "sphealinalright"], "log": "|j|\u2606bustardkeith\n|j|\u2606sphealinalright\n|t:|1781380458\n|gametype|singles\n|player|p1|bustardkeith|1|1934\n|player|p2|sphealinalright|backers|1904\n|gen|9\n|tier|[Gen 9] Random Battle\n|rated|\n|rule|Species Clause: Limit one of each Pok\u00e9mon\n|rule|HP Percentage Mod: HP is shown in percentages\n|rule|Sleep Clause Mod: Limit one foe put to sleep\n|rule|Illusion Level Mod: Illusion disguises the Pok\u00e9mon's true level\n|\n|t:|1781380458\n|teamsize|p1|6\n|teamsize|p2|6\n|start\n|switch|p1a: Froslass|Froslass, L87, F|263/263\n|switch|p2a: Meowscarada|Meowscarada, L78, F|247/247\n|turn|1\n|\n|t:|1781380487\n|move|p1a: Froslass|Triple Axel|p2a: Meowscarada\n|-supereffective|p2a: Meowscarada\n|-damage|p2a: Meowscarada|197/247\n|-supereffective|p2a: Meowscarada\n|-damage|p2a: Meowscarada|89/247\n|-supereffective|p2a: Meowscarada\n|-damage|p2a: Meowscarada|0 fnt\n|faint|p2a: Meowscarada\n|-hitcount|p2: Meowscarada|3\n|\n|upkeep\n|\n|t:|1781380491\n|switch|p2a: Kleavor|Kleavor, L78, M|237/237\n|turn|2\n|\n|t:|1781380498\n|move|p1a: Froslass|Destiny Bond|p1a: Froslass\n|-singlemove|p1a: Froslass|Destiny Bond\n|move|p2a: Kleavor|Stone Axe|p1a: Froslass\n|-supereffective|p1a: Froslass\n|-damage|p1a: Froslass|15/263\n|-sidestart|p1: bustardkeith|move: Stealth Rock\n|\n|upkeep\n|turn|3\n|\n|t:|1781380507\n|move|p1a: Froslass|Poltergeist|p2a: Kleavor\n|-activate|p2a: Kleavor|move: Poltergeist|Heavy-Duty Boots\n|-damage|p2a: Kleavor|135/237\n|move|p2a: Kleavor|X-Scissor|p1a: Froslass\n|-resisted|p1a: Froslass\n|-damage|p1a: Froslass|0 fnt\n|faint|p1a: Froslass\n|\n|upkeep\n|\n|t:|1781380517\n|switch|p1a: Koraidon|Koraidon, L64|235/235\n|-damage|p1a: Koraidon|221/235|[from] Stealth Rock\n|-weather|SunnyDay|[from] ability: Orichalcum Pulse|[of] p1a: Koraidon\n|-activate|p1a: Koraidon|Orichalcum Pulse|[source]\n|turn|4\n|\n|t:|1781380528\n|move|p1a: Koraidon|Swords Dance|p1a: Koraidon\n|-boost|p1a: Koraidon|atk|2\n|move|p2a: Kleavor|X-Scissor|p1a: Koraidon\n|-resisted|p1a: Koraidon\n|-damage|p1a: Koraidon|143/235\n|\n|-weather|SunnyDay|[upkeep]\n|upkeep\n|turn|5\n|\n|t:|1781380534\n|switch|p2a: Diancie|Diancie, L82|216/216\n|move|p1a: Koraidon|Scale Shot|p2a: Diancie\n|-immune|p2a: Diancie\n|\n|-weather|SunnyDay|[upkeep]\n|upkeep\n|turn|6\n|\n|t:|1781380537\n|move|p1a: Koraidon|Collision Course|p2a: Diancie\n|-crit|p2a: Diancie\n|-damage|p2a: Diancie|0 fnt\n|faint|p2a: Diancie\n|\n|-weather|SunnyDay|[upkeep]\n|upkeep\n|\n|t:|1781380540\n|switch|p2a: Talonflame|Talonflame, L83, M|265/265\n|turn|7\n|\n|t:|1781380543\n|-terastallize|p1a: Koraidon|Fire\n|move|p2a: Talonflame|Brave Bird|p1a: Koraidon\n|-damage|p1a: Koraidon|34/235\n|-damage|p2a: Talonflame|229/265|[from] Recoil\n|move|p1a: Koraidon|Scale Shot|p2a: Talonflame\n|-damage|p2a: Talonflame|163/265\n|-damage|p2a: Talonflame|102/265\n|-damage|p2a: Talonflame|35/265\n|-damage|p2a: Talonflame|0 fnt\n|faint|p2a: Talonflame\n|-hitcount|p2: Talonflame|4\n|-unboost|p1a: Koraidon|def|1\n|-boost|p1a: Koraidon|spe|1\n|\n|-weather|SunnyDay|[upkeep]\n|upkeep\n|\n|t:|1781380560\n|switch|p2a: Appletun|Appletun, L92, M|352/352\n|turn|8\n|\n|t:|1781380567\n|move|p1a: Koraidon|Collision Course|p2a: Appletun\n|-damage|p2a: Appletun|150/352\n|move|p2a: Appletun|Dragon Tail|p1a: Koraidon\n|-damage|p1a: Koraidon|0 fnt\n|faint|p1a: Koraidon\n|\n|-weather|none\n|-heal|p2a: Appletun|172/352|[from] item: Leftovers\n|upkeep\n|\n|t:|1781380580\n|switch|p1a: Zarude|Zarude, L77|288/288\n|-damage|p1a: Zarude|252/288|[from] Stealth Rock\n|turn|9\n|\n|t:|1781380594\n|move|p1a: Zarude|Swords Dance|p1a: Zarude\n|-boost|p1a: Zarude|atk|2\n|move|p2a: Appletun|Dragon Tail|p1a: Zarude\n|-damage|p1a: Zarude|183/288\n|drag|p1a: Houndstone|Houndstone, L86, M|264/264\n|-damage|p1a: Houndstone|231/264|[from] Stealth Rock\n|\n|-heal|p1a: Houndstone|247/264|[from] item: Leftovers\n|-heal|p2a: Appletun|194/352|[from] item: Leftovers\n|upkeep\n|turn|10\n|\n|t:|1781380599\n|move|p1a: Houndstone|Poltergeist|p2a: Appletun\n|-activate|p2a: Appletun|move: Poltergeist|Leftovers\n|-damage|p2a: Appletun|73/352\n|move|p2a: Appletun|Apple Acid|p1a: Houndstone\n|-damage|p1a: Houndstone|148/264\n|-unboost|p1a: Houndstone|spd|1\n|\n|-heal|p1a: Houndstone|164/264|[from] item: Leftovers\n|-heal|p2a: Appletun|95/352|[from] item: Leftovers\n|upkeep\n|turn|11\n|\n|t:|1781380617\n|move|p1a: Houndstone|Poltergeist|p2a: Appletun\n|-activate|p2a: Appletun|move: Poltergeist|Leftovers\n|-damage|p2a: Appletun|0 fnt\n|faint|p2a: Appletun\n|\n|-heal|p1a: Houndstone|180/264|[from] item: Leftovers\n|upkeep\n|\n|t:|1781380629\n|switch|p2a: Kleavor|Kleavor, L78, M|135/237\n|turn|12\n|\n|t:|1781380641\n|move|p2a: Kleavor|Stone Axe|p1a: Houndstone\n|-damage|p1a: Houndstone|125/264\n|move|p1a: Houndstone|Poltergeist|p2a: Kleavor\n|-activate|p2a: Kleavor|move: Poltergeist|Heavy-Duty Boots\n|-damage|p2a: Kleavor|9/237\n|\n|-heal|p1a: Houndstone|141/264|[from] item: Leftovers\n|upkeep\n|turn|13\n|\n|t:|1781380646\n|move|p1a: Houndstone|Shadow Sneak|p2a: Kleavor\n|-damage|p2a: Kleavor|0 fnt\n|faint|p2a: Kleavor\n|\n|-heal|p1a: Houndstone|157/264|[from] item: Leftovers\n|upkeep\n|\n|t:|1781380647\n|switch|p2a: Mew|Mew, L82|298/298\n|turn|14\n|\n|t:|1781380650\n|move|p2a: Mew|Psychic|p1a: Houndstone\n|-damage|p1a: Houndstone|28/264\n|move|p1a: Houndstone|Poltergeist|p2a: Mew\n|-activate|p2a: Mew|move: Poltergeist|Leftovers\n|-supereffective|p2a: Mew\n|-damage|p2a: Mew|68/298\n|\n|-heal|p2a: Mew|86/298|[from] item: Leftovers\n|-heal|p1a: Houndstone|44/264|[from] item: Leftovers\n|upkeep\n|turn|15\n|\n|t:|1781380653\n|move|p1a: Houndstone|Shadow Sneak|p2a: Mew\n|-supereffective|p2a: Mew\n|-damage|p2a: Mew|2/298\n|move|p2a: Mew|Psychic|p1a: Houndstone\n|-damage|p1a: Houndstone|0 fnt\n|faint|p1a: Houndstone\n|\n|-heal|p2a: Mew|20/298|[from] item: Leftovers\n|upkeep\n|\n|t:|1781380658\n|switch|p1a: Gouging Fire|Gouging Fire, L74|277/277\n|turn|16\n|\n|t:|1781380661\n|move|p2a: Mew|Psychic|p1a: Gouging Fire\n|-damage|p1a: Gouging Fire|171/277\n|move|p1a: Gouging Fire|Dragon Dance|p1a: Gouging Fire\n|-boost|p1a: Gouging Fire|atk|1\n|-boost|p1a: Gouging Fire|spe|1\n|\n|-heal|p2a: Mew|38/298|[from] item: Leftovers\n|upkeep\n|turn|17\n|\n|t:|1781380664\n|move|p1a: Gouging Fire|Heat Crash|p2a: Mew\n|-damage|p2a: Mew|0 fnt\n|faint|p2a: Mew\n|\n|win|bustardkeith\n|raw|bustardkeith's rating: 1934 &rarr; <strong>1952</strong><br />(+18 for winning)\n|raw|sphealinalright's rating: 1904 &rarr; <strong>1886</strong><br />(-18 for losing)\n", "inputlog": ">version a8376a258c1d4662feba110a92103f3664a72141\n>start {\"formatid\":\"gen9randombattle\",\"seed\":\"sodium,d0277422ec5dc8e11d97d35db7ad8fc0\",\"rated\":\"Rated battle\"}\n>player p1 {\"name\":\"bustardkeith\",\"avatar\":\"1\",\"rating\":1934,\"seed\":\"sodium,6575a45e13a9b450278df60e8b8f0475\"}\n>player p2 {\"name\":\"sphealinalright\",\"avatar\":\"backers\",\"rating\":1904,\"seed\":\"sodium,8bf0612805190820f96f0ca309a52052\"}\n>p1 move tripleaxel\n>p2 move knockoff\n>p2 switch 3\n>p1 move destinybond\n>p2 move stoneaxe\n>p1 move poltergeist\n>p2 move xscissor\n>p1 switch 6\n>p1 move swordsdance\n>p2 move xscissor\n>p1 move scaleshot\n>p2 switch 6\n>p1 move collisioncourse\n>p2 move moonblast\n>p2 switch 5\n>p1 move scaleshot terastallize\n>p2 move bravebird\n>p2 switch 2\n>p1 move collisioncourse\n>p2 move dragontail\n>p1 switch 3\n>p1 move swordsdance\n>p2 move dragontail\n>p1 move poltergeist\n>p2 move appleacid\n>p1 move poltergeist\n>p2 move dracometeor\n>p2 switch 6\n>p1 move poltergeist\n>p2 move stoneaxe\n>p1 move shadowsneak\n>p2 move stoneaxe\n>p2 switch 4\n>p1 move poltergeist\n>p2 move psychic\n>p1 move shadowsneak\n>p2 move psychic\n>p1 switch 4\n>p1 move dragondance\n>p2 move psychic\n>p1 move heatcrash\n>p2 move psychic", "uploadtime": 1781380460, "views": 10, "formatid": "gen9randombattle", "rating": 1886, "private": 0, "password": null, "player_dets": [{"name": "bustardkeith", "avatar": "1", "rating": 1934, "seed": "sodium,6575a45e13a9b450278df60e8b8f0475"}, {"name": "sphealinalright", "avatar": "backers", "rating": 1904, "seed": "sodium,8bf0612805190820f96f0ca309a52052"}], "teams_full": [{"Froslass": {"name": "Froslass", "species": "Froslass", "speciesId": "froslass", "gender": "F", "shiny": false, "level": 87, "moves": ["destinybond", "poltergeist", "tripleaxel", "willowisp"], "ability": "Cursed Body", "evs": {"hp": 81, "atk": 85, "def": 85, "spa": 85, "spd": 85, "spe": 85}, "ivs": {"hp": 31, "atk": 31, "def": 31, "spa": 31, "spd": 31, "spe": 31}, "item": "Wide Lens", "teraType": "Ghost", "role": "Fast Support", "bvs": {"hp": 70, "atk": 80, "def": 70, "spa": 80, "spd": 70, "spe": 110}, "stats": {"hp": 263, "atk": 189, "def": 172, "spa": 189, "spd": 172, "spe": 241}}, "Greedent": {"name": "Greedent", "species": "Greedent", "speciesId": "greedent", "gender": "M", "shiny": false, "level": 86, "moves": ["knockoff", "earthquake", "bodyslam", "swordsdance"], "ability": "Cheek Pouch", "evs": {"hp": 85, "atk": 85, "def": 85, "spa": 85, "spd": 85, "spe": 85}, "ivs": {"hp": 31, "atk": 31, "def": 31, "spa": 31, "spd": 31, "spe": 31}, "item": "Sitrus Berry", "teraType": "Ghost", "role": "Bulky Setup", "bvs": {"hp": 120, "atk": 95, "def": 95, "spa": 55, "spd": 75, "spe": 20}, "stats": {"hp": 347, "atk": 213, "def": 213, "spa": 144, "spd": 178, "spe": 84}}, "Zarude": {"name": "Zarude", "species": "Zarude", "speciesId": "zarude", "gender": "N", "shiny": false, "level": 77, "moves": ["powerwhip", "knockoff", "closecombat", "swordsdance"], "ability": "Leaf Guard", "evs": {"hp": 85, "atk": 85, "def": 85, "spa": 85, "spd": 85, "spe": 85}, "ivs": {"hp": 31, "atk": 31, "def": 31, "spa": 31, "spd": 31, "spe": 31}, "item": "Life Orb", "teraType": "Dark", "role": "Fast Bulky Setup", "bvs": {"hp": 105, "atk": 120, "def": 105, "spa": 70, "spd": 95, "spe": 105}, "stats": {"hp": 288, "atk": 229, "def": 206, "spa": 152, "spd": 191, "spe": 206}}, "Gouging Fire": {"name": "Gouging Fire", "species": "Gouging Fire", "speciesId": "gougingfire", "gender": "N", "shiny": false, "level": 74, "moves": ["heatcrash", "morningsun", "outrage", "dragondance"], "ability": "Protosynthesis", "evs": {"hp": 85, "atk": 85, "def": 85, "spa": 85, "spd": 85, "spe": 85}, "ivs": {"hp": 31, "atk": 31, "def": 31, "spa": 31, "spd": 31, "spe": 31}, "item": "Heavy-Duty Boots", "teraType": "Fairy", "role": "Bulky Setup", "bvs": {"hp": 105, "atk": 115, "def": 121, "spa": 65, "spd": 93, "spe": 91}, "stats": {"hp": 277, "atk": 213, "def": 222, "spa": 139, "spd": 181, "spe": 178}}, "Houndstone": {"name": "Houndstone", "species": "Houndstone", "speciesId": "houndstone", "gender": "M", "shiny": false, "level": 86, "moves": ["poltergeist", "shadowsneak", "bodypress", "roar"], "ability": "Fluffy", "evs": {"hp": 85, "atk": 85, "def": 85, "spa": 85, "spd": 85, "spe": 85}, "ivs": {"hp": 31, "atk": 31, "def": 31, "spa": 31, "spd": 31, "spe": 31}, "item": "Leftovers", "teraType": "Fighting", "role": "Bulky Attacker", "bvs": {"hp": 72, "atk": 101, "def": 100, "spa": 50, "spd": 97, "spe": 68}, "stats": {"hp": 264, "atk": 223, "def": 221, "spa": 135, "spd": 216, "spe": 166}}, "Koraidon": {"name": "Koraidon", "species": "Koraidon", "speciesId": "koraidon", "gender": "N", "shiny": false, "level": 64, "moves": ["scaleshot", "flareblitz", "collisioncourse", "swordsdance"], "ability": "Orichalcum Pulse", "evs": {"hp": 85, "atk": 85, "def": 85, "spa": 85, "spd": 85, "spe": 85}, "ivs": {"hp": 31, "atk": 31, "def": 31, "spa": 31, "spd": 31, "spe": 31}, "item": "Loaded Dice", "teraType": "Fire", "role": "Setup Sweeper", "bvs": {"hp": 100, "atk": 135, "def": 115, "spa": 85, "spd": 100, "spe": 135}, "stats": {"hp": 235, "atk": 211, "def": 185, "spa": 147, "spd": 166, "spe": 211}}}, {"Meowscarada": {"name": "Meowscarada", "species": "Meowscarada", "speciesId": "meowscarada", "gender": "F", "shiny": false, "level": 78, "moves": ["flowertrick", "uturn", "toxicspikes", "knockoff"], "ability": "Protean", "evs": {"hp": 85, "atk": 85, "def": 85, "spa": 85, "spd": 85, "spe": 85}, "ivs": {"hp": 31, "atk": 31, "def": 31, "spa": 31, "spd": 31, "spe": 31}, "item": "Heavy-Duty Boots", "teraType": "Dark", "role": "Fast Support", "bvs": {"hp": 76, "atk": 110, "def": 70, "spa": 81, "spd": 70, "spe": 123}, "stats": {"hp": 247, "atk": 217, "def": 154, "spa": 171, "spd": 154, "spe": 237}}, "Appletun": {"name": "Appletun", "species": "Appletun", "speciesId": "appletun", "gender": "M", "shiny": false, "level": 92, "moves": ["dragontail", "recover", "appleacid", "dracometeor"], "ability": "Thick Fat", "evs": {"hp": 85, "atk": 85, "def": 85, "spa": 85, "spd": 85, "spe": 85}, "ivs": {"hp": 31, "atk": 31, "def": 31, "spa": 31, "spd": 31, "spe": 31}, "item": "Leftovers", "teraType": "Steel", "role": "Bulky Attacker", "bvs": {"hp": 110, "atk": 85, "def": 80, "spa": 100, "spd": 80, "spe": 30}, "stats": {"hp": 352, "atk": 209, "def": 200, "spa": 236, "spd": 200, "spe": 108}}, "Kleavor": {"name": "Kleavor", "species": "Kleavor", "speciesId": "kleavor", "gender": "M", "shiny": false, "level": 78, "moves": ["xscissor", "stoneaxe", "closecombat", "swordsdance"], "ability": "Sharpness", "evs": {"hp": 85, "atk": 85, "def": 85, "spa": 85, "spd": 85, "spe": 85}, "ivs": {"hp": 31, "atk": 31, "def": 31, "spa": 31, "spd": 31, "spe": 31}, "item": "Heavy-Duty Boots", "teraType": "Fighting", "role": "Bulky Attacker", "bvs": {"hp": 70, "atk": 135, "def": 95, "spa": 45, "spd": 70, "spe": 85}, "stats": {"hp": 237, "atk": 256, "def": 193, "spa": 115, "spd": 154, "spe": 178}}, "Mew": {"name": "Mew", "species": "Mew", "speciesId": "mew", "gender": "N", "shiny": false, "level": 82, "moves": ["willowisp", "psychic", "knockoff", "uturn"], "ability": "Synchronize", "evs": {"hp": 85, "atk": 85, "def": 85, "spa": 85, "spd": 85, "spe": 85}, "ivs": {"hp": 31, "atk": 31, "def": 31, "spa": 31, "spd": 31, "spe": 31}, "item": "Leftovers", "teraType": "Steel", "role": "Bulky Support", "bvs": {"hp": 100, "atk": 100, "def": 100, "spa": 100, "spd": 100, "spe": 100}, "stats": {"hp": 298, "atk": 211, "def": 211, "spa": 211, "spd": 211, "spe": 211}}, "Talonflame": {"name": "Talonflame", "species": "Talonflame", "speciesId": "talonflame", "gender": "M", "shiny": false, "level": 83, "moves": ["flareblitz", "terablast", "swordsdance", "bravebird"], "ability": "Flame Body", "evs": {"hp": 85, "atk": 85, "def": 85, "spa": 85, "spd": 85, "spe": 85}, "ivs": {"hp": 31, "atk": 31, "def": 31, "spa": 31, "spd": 31, "spe": 31}, "item": "Heavy-Duty Boots", "teraType": "Ground", "role": "Tera Blast user", "bvs": {"hp": 78, "atk": 81, "def": 71, "spa": 74, "spd": 69, "spe": 126}, "stats": {"hp": 265, "atk": 182, "def": 166, "spa": 171, "spd": 162, "spe": 257}}, "Diancie": {"name": "Diancie", "species": "Diancie", "speciesId": "diancie", "gender": "N", "shiny": false, "level": 82, "moves": ["bodypress", "moonblast", "diamondstorm", "rockpolish"], "ability": "Clear Body", "evs": {"hp": 85, "atk": 85, "def": 85, "spa": 85, "spd": 85, "spe": 85}, "ivs": {"hp": 31, "atk": 31, "def": 31, "spa": 31, "spd": 31, "spe": 31}, "item": "Leftovers", "teraType": "Fighting", "role": "Bulky Attacker", "bvs": {"hp": 50, "atk": 100, "def": 150, "spa": 100, "spd": 150, "spe": 50}, "stats": {"hp": 216, "atk": 211, "def": 293, "spa": 211, "spd": 293, "spe": 129}}}]}