{"id": "gen9randombattle-2631759650", "format": "[Gen 9] Random Battle", "players": ["Megahahn", "ran_pokemon"], "log": "|j|\u2606Megahahn\n|j|\u2606ran_pokemon\n|t:|1781435177\n|gametype|singles\n|player|p1|Megahahn|169|1092\n|player|p2|ran_pokemon|caitlin|1134\n|gen|9\n|tier|[Gen 9] Random Battle\n|rated|\n|rule|Species Clause: Limit one of each Pok\u00e9mon\n|rule|HP Percentage Mod: HP is shown in percentages\n|rule|Sleep Clause Mod: Limit one foe put to sleep\n|rule|Illusion Level Mod: Illusion disguises the Pok\u00e9mon's true level\n|\n|t:|1781435177\n|teamsize|p1|6\n|teamsize|p2|6\n|start\n|switch|p1a: Charizard|Charizard, L85, F|271/271\n|switch|p2a: Swalot|Swalot, L90, F|326/326\n|turn|1\n|\n|t:|1781435190\n|switch|p2a: Palafin|Palafin, L77, M|281/281\n|move|p1a: Charizard|Swords Dance|p1a: Charizard\n|-boost|p1a: Charizard|atk|2\n|\n|upkeep\n|turn|2\n|\n|t:|1781435237\n|switch|p1a: Calyrex|Calyrex, L93|337/337\n|-ability|p1a: Calyrex|Unnerve\n|move|p2a: Palafin|Jet Punch|p1a: Calyrex\n|-resisted|p1a: Calyrex\n|-damage|p1a: Calyrex|306/337\n|\n|-heal|p1a: Calyrex|327/337|[from] item: Leftovers\n|upkeep\n|turn|3\n|inactive|Battle timer is ON: inactive players will automatically lose when time's up. (requested by Megahahn)\n|\n|t:|1781435281\n|detailschange|p2a: Palafin|Palafin-Hero, L77, M\n|switch|p2a: Zapdos|Zapdos-Galar, L77|265/265\n|move|p1a: Calyrex|Encore||[still]\n|-fail|p1a: Calyrex\n|\n|-heal|p1a: Calyrex|337/337|[from] item: Leftovers\n|upkeep\n|turn|4\n|\n|t:|1781435299\n|move|p1a: Calyrex|Psychic|p2a: Zapdos\n|-supereffective|p2a: Zapdos\n|-damage|p2a: Zapdos|55/265\n|move|p2a: Zapdos|Bulk Up|p2a: Zapdos\n|-boost|p2a: Zapdos|atk|1\n|-boost|p2a: Zapdos|def|1\n|\n|upkeep\n|turn|5\n|\n|t:|1781435314\n|-terastallize|p2a: Zapdos|Dark\n|move|p1a: Calyrex|Psychic|p2a: Zapdos\n|-immune|p2a: Zapdos\n|move|p2a: Zapdos|Brave Bird|p1a: Calyrex\n|-supereffective|p1a: Calyrex\n|-damage|p1a: Calyrex|0 fnt\n|faint|p1a: Calyrex\n|-damage|p2a: Zapdos|0 fnt|[from] Recoil\n|faint|p2a: Zapdos\n|\n|upkeep\n|inactive|ran_pokemon has 120 seconds left.\n|\n|t:|1781435334\n|switch|p1a: Palkia|Palkia-Origin, L72|249/249\n|switch|p2a: Regieleki|Regieleki, L79|256/256\n|-ability|p1a: Palkia|Pressure\n|turn|6\n|inactive|ran_pokemon has 120 seconds left.\n|\n|t:|1781435364\n|move|p2a: Regieleki|Thunderbolt|p1a: Palkia\n|-damage|p1a: Palkia|129/249\n|move|p1a: Palkia|Spacial Rend|p2a: Regieleki\n|-crit|p2a: Regieleki\n|-damage|p2a: Regieleki|0 fnt\n|faint|p2a: Regieleki\n|\n|upkeep\n|\n|t:|1781435377\n|switch|p2a: Jirachi|Jirachi, L80|291/291\n|turn|7\n|\n|t:|1781435392\n|move|p2a: Jirachi|Psychic|p1a: Palkia\n|-damage|p1a: Palkia|47/249\n|move|p1a: Palkia|Fire Blast|p2a: Jirachi|[miss]\n|-miss|p1a: Palkia|p2a: Jirachi\n|\n|upkeep\n|turn|8\n|\n|t:|1781435411\n|move|p2a: Jirachi|Psychic|p1a: Palkia\n|-damage|p1a: Palkia|0 fnt\n|faint|p1a: Palkia\n|\n|upkeep\n|\n|t:|1781435416\n|switch|p1a: Gouging Fire|Gouging Fire, L74|277/277\n|turn|9\n|\n|t:|1781435440\n|switch|p2a: Sandaconda|Sandaconda, L84, M|258/258\n|move|p1a: Gouging Fire|Dragon Dance|p1a: Gouging Fire\n|-boost|p1a: Gouging Fire|atk|1\n|-boost|p1a: Gouging Fire|spe|1\n|\n|upkeep\n|turn|10\n|inactive|Megahahn has 120 seconds left.\n|\n|t:|1781435472\n|move|p1a: Gouging Fire|Heat Crash|p2a: Sandaconda\n|-damage|p2a: Sandaconda|126/258\n|move|p2a: Sandaconda|Glare|p1a: Gouging Fire\n|-status|p1a: Gouging Fire|par\n|\n|-heal|p2a: Sandaconda|142/258|[from] item: Leftovers\n|upkeep\n|turn|11\n|\n|t:|1781435482\n|move|p2a: Sandaconda|Stone Edge|p1a: Gouging Fire|[miss]\n|-miss|p2a: Sandaconda|p1a: Gouging Fire\n|move|p1a: Gouging Fire|Heat Crash|p2a: Sandaconda\n|-damage|p2a: Sandaconda|15/258\n|\n|-heal|p2a: Sandaconda|31/258|[from] item: Leftovers\n|upkeep\n|turn|12\n|inactive|Megahahn has 120 seconds left.\n|\n|t:|1781435491\n|move|p2a: Sandaconda|Stone Edge|p1a: Gouging Fire\n|-supereffective|p1a: Gouging Fire\n|-damage|p1a: Gouging Fire|135/277 par\n|cant|p1a: Gouging Fire|par\n|\n|-heal|p2a: Sandaconda|47/258|[from] item: Leftovers\n|upkeep\n|turn|13\n|inactive|ran_pokemon has 120 seconds left.\n|inactive|Megahahn has 120 seconds left.\n|\n|t:|1781435510\n|move|p2a: Sandaconda|Stone Edge|p1a: Gouging Fire\n|-supereffective|p1a: Gouging Fire\n|-damage|p1a: Gouging Fire|7/277 par\n|move|p1a: Gouging Fire|Heat Crash|p2a: Sandaconda\n|-damage|p2a: Sandaconda|0 fnt\n|faint|p2a: Sandaconda\n|\n|upkeep\n|inactive|ran_pokemon has 120 seconds left.\n|\n|t:|1781435520\n|switch|p2a: Jirachi|Jirachi, L80|291/291\n|turn|14\n|\n|t:|1781435527\n|move|p2a: Jirachi|Psychic|p1a: Gouging Fire\n|-damage|p1a: Gouging Fire|0 fnt\n|faint|p1a: Gouging Fire\n|-end|p1a: Gouging Fire|Protosynthesis|[silent]\n|\n|upkeep\n|\n|t:|1781435537\n|switch|p1a: Charizard|Charizard, L85, F|271/271\n|turn|15\n|\n|t:|1781435549\n|switch|p2a: Palafin|Palafin-Hero, L77, M|281/281\n|-activate|p2a: Palafin|ability: Zero to Hero\n|move|p1a: Charizard|Earthquake|p2a: Palafin\n|-damage|p2a: Palafin|213/281\n|\n|upkeep\n|turn|16\n|\n|t:|1781435562\n|switch|p1a: Cresselia|Cresselia, L80, F|323/323\n|move|p2a: Palafin|Wave Crash|p1a: Cresselia\n|-damage|p1a: Cresselia|124/323\n|-damage|p2a: Palafin|147/281|[from] Recoil\n|\n|-heal|p1a: Cresselia|144/323|[from] item: Leftovers\n|upkeep\n|turn|17\n|inactive|ran_pokemon has 120 seconds left.\n|\n|t:|1781435586\n|-terastallize|p1a: Cresselia|Steel\n|move|p2a: Palafin|Wave Crash|p1a: Cresselia\n|-damage|p1a: Cresselia|0 fnt\n|faint|p1a: Cresselia\n|-damage|p2a: Palafin|99/281|[from] Recoil\n|\n|upkeep\n|inactive|Megahahn has 120 seconds left.\n|\n|t:|1781435600\n|switch|p1a: Charizard|Charizard, L85, F|271/271\n|turn|18\n|inactive|ran_pokemon has 120 seconds left.\n|\n|t:|1781435630\n|move|p1a: Charizard|Outrage|p2a: Palafin\n|-damage|p2a: Palafin|17/281\n|move|p2a: Palafin|Wave Crash|p1a: Charizard\n|-supereffective|p1a: Charizard\n|-damage|p1a: Charizard|0 fnt\n|faint|p1a: Charizard\n|-damage|p2a: Palafin|0 fnt|[from] Recoil\n|faint|p2a: Palafin\n|\n|upkeep\n|inactive|Megahahn has 120 seconds left.\n|\n|t:|1781435641\n|switch|p1a: Golem|Golem, L87, F|281/281\n|switch|p2a: Jirachi|Jirachi, L80|291/291\n|turn|19\n|\n|t:|1781435648\n|move|p2a: Jirachi|Iron Head|p1a: Golem\n|-supereffective|p1a: Golem\n|-damage|p1a: Golem|171/281\n|cant|p1a: Golem|flinch\n|\n|upkeep\n|turn|20\n|\n|t:|1781435654\n|move|p2a: Jirachi|Iron Head|p1a: Golem\n|-supereffective|p1a: Golem\n|-damage|p1a: Golem|51/281\n|cant|p1a: Golem|flinch\n|\n|upkeep\n|turn|21\n|inactive|ran_pokemon has 120 seconds left.\n|-enditem|p1a: Golem|Custap Berry|[eat]\n|-activate|p1a: Golem|item: Custap Berry|[consumed]\n|\n|t:|1781435660\n|move|p1a: Golem|Earthquake|p2a: Jirachi\n|-supereffective|p2a: Jirachi\n|-damage|p2a: Jirachi|27/291\n|move|p2a: Jirachi|Iron Head|p1a: Golem\n|-supereffective|p1a: Golem\n|-damage|p1a: Golem|0 fnt\n|faint|p1a: Golem\n|\n|win|ran_pokemon\n|raw|Megahahn's rating: 1092 &rarr; <strong>1071</strong><br />(-21 for losing)\n|raw|ran_pokemon's rating: 1134 &rarr; <strong>1156</strong><br />(+22 for winning)\n", "inputlog": ">version a8376a258c1d4662feba110a92103f3664a72141\n>start {\"formatid\":\"gen9randombattle\",\"seed\":\"sodium,233dcc340f303dfbedbe5ff7a2acaa63\",\"rated\":\"Rated battle\"}\n>player p1 {\"name\":\"Megahahn\",\"avatar\":\"169\",\"rating\":1092,\"seed\":\"sodium,c14dfb9f70de53930289325c21e7ff82\"}\n>player p2 {\"name\":\"ran_pokemon\",\"avatar\":\"caitlin\",\"rating\":1134,\"seed\":\"sodium,56265480c0634cc7e37a343437b0abce\"}\n>p1 move swordsdance\n>p2 switch 4\n>p1 switch 4\n>p2 move jetpunch\n>p1 move encore\n>p2 switch 3\n>p1 move psychic\n>p2 move bulkup\n>p1 move psychic\n>p2 move bravebird terastallize\n>p1 switch 2\n>p2 switch 2\n>p1 move spacialrend\n>p2 move thunderbolt\n>p2 switch 6\n>p1 move fireblast\n>p2 move psychic\n>p1 move fireblast\n>p2 move psychic\n>p1 switch 6\n>p1 move dragondance\n>p2 switch 5\n>p1 move heatcrash\n>p2 move glare\n>p1 move heatcrash\n>p2 move stoneedge\n>p1 move heatcrash\n>p2 move stoneedge\n>p1 move heatcrash\n>p2 move stoneedge\n>p2 switch 5\n>p1 move heatcrash\n>p2 move psychic\n>p1 switch 4\n>p1 move earthquake\n>p2 switch 3\n>p1 switch 3\n>p2 move wavecrash\n>p1 move moonlight terastallize\n>p2 move wavecrash\n>p1 switch 3\n>p1 move outrage\n>p2 move wavecrash\n>p1 switch 5\n>p2 switch 3\n>p1 move earthquake\n>p2 move ironhead\n>p1 move earthquake\n>p2 move ironhead\n>p1 move earthquake\n>p2 move ironhead", "uploadtime": 1781435669, "views": 18, "formatid": "gen9randombattle", "rating": 1071, "private": 0, "password": null, "player_dets": [{"name": "Megahahn", "avatar": "169", "rating": 1092, "seed": "sodium,c14dfb9f70de53930289325c21e7ff82"}, {"name": "ran_pokemon", "avatar": "caitlin", "rating": 1134, "seed": "sodium,56265480c0634cc7e37a343437b0abce"}], "teams_full": [{"Charizard": {"name": "Charizard", "species": "Charizard", "speciesId": "charizard", "gender": "F", "shiny": false, "level": 85, "moves": ["earthquake", "flareblitz", "swordsdance", "outrage"], "ability": "Blaze", "evs": {"hp": 85, "atk": 85, "def": 85, "spa": 85, "spd": 85, "spe": 85}, "ivs": {"hp": 31, "atk": 31, "def": 31, "spa": 31, "spd": 31, "spe": 31}, "item": "Heavy-Duty Boots", "teraType": "Ground", "role": "Setup Sweeper", "bvs": {"hp": 78, "atk": 84, "def": 78, "spa": 109, "spd": 85, "spe": 100}, "stats": {"hp": 271, "atk": 192, "def": 181, "spa": 234, "spd": 193, "spe": 219}}, "Palkia": {"name": "Palkia", "species": "Palkia-Origin", "speciesId": "palkiaorigin", "gender": "N", "shiny": false, "level": 72, "moves": ["spacialrend", "thunderwave", "hydropump", "fireblast"], "ability": "Pressure", "evs": {"hp": 85, "atk": 0, "def": 85, "spa": 85, "spd": 85, "spe": 85}, "ivs": {"hp": 31, "atk": 0, "def": 31, "spa": 31, "spd": 31, "spe": 31}, "item": "Lustrous Globe", "teraType": "Fire", "role": "Bulky Attacker", "bvs": {"hp": 90, "atk": 100, "def": 100, "spa": 150, "spd": 120, "spe": 120}, "stats": {"hp": 249, "atk": 149, "def": 186, "spa": 258, "spd": 215, "spe": 215}}, "Cresselia": {"name": "Cresselia", "species": "Cresselia", "speciesId": "cresselia", "gender": "F", "shiny": false, "level": 80, "moves": ["psyshock", "moonblast", "moonlight", "calmmind"], "ability": "Levitate", "evs": {"hp": 85, "atk": 0, "def": 85, "spa": 85, "spd": 85, "spe": 85}, "ivs": {"hp": 31, "atk": 0, "def": 31, "spa": 31, "spd": 31, "spe": 31}, "item": "Leftovers", "teraType": "Steel", "role": "Bulky Setup", "bvs": {"hp": 120, "atk": 70, "def": 110, "spa": 75, "spd": 120, "spe": 85}, "stats": {"hp": 323, "atk": 117, "def": 222, "spa": 166, "spd": 238, "spe": 182}}, "Calyrex": {"name": "Calyrex", "species": "Calyrex", "speciesId": "calyrex", "gender": "N", "shiny": false, "level": 93, "moves": ["gigadrain", "bodypress", "psychic", "encore"], "ability": "Unnerve", "evs": {"hp": 85, "atk": 0, "def": 85, "spa": 85, "spd": 85, "spe": 85}, "ivs": {"hp": 31, "atk": 0, "def": 31, "spa": 31, "spd": 31, "spe": 31}, "item": "Leftovers", "teraType": "Steel", "role": "Bulky Attacker", "bvs": {"hp": 100, "atk": 80, "def": 80, "spa": 80, "spd": 80, "spe": 80}, "stats": {"hp": 337, "atk": 153, "def": 202, "spa": 202, "spd": 202, "spe": 202}}, "Golem": {"name": "Golem", "species": "Golem", "speciesId": "golem", "gender": "F", "shiny": false, "level": 87, "moves": ["stealthrock", "earthquake", "explosion", "stoneedge"], "ability": "Sturdy", "evs": {"hp": 85, "atk": 85, "def": 85, "spa": 85, "spd": 85, "spe": 85}, "ivs": {"hp": 31, "atk": 31, "def": 31, "spa": 31, "spd": 31, "spe": 31}, "item": "Custap Berry", "teraType": "Steel", "role": "Bulky Attacker", "bvs": {"hp": 80, "atk": 120, "def": 130, "spa": 55, "spd": 65, "spe": 45}, "stats": {"hp": 281, "atk": 259, "def": 276, "spa": 145, "spd": 163, "spe": 128}}, "Gouging Fire": {"name": "Gouging Fire", "species": "Gouging Fire", "speciesId": "gougingfire", "gender": "N", "shiny": false, "level": 74, "moves": ["dragondance", "heatcrash", "earthquake", "outrage"], "ability": "Protosynthesis", "evs": {"hp": 85, "atk": 85, "def": 85, "spa": 85, "spd": 85, "spe": 85}, "ivs": {"hp": 31, "atk": 31, "def": 31, "spa": 31, "spd": 31, "spe": 31}, "item": "Heavy-Duty Boots", "teraType": "Ground", "role": "Setup Sweeper", "bvs": {"hp": 105, "atk": 115, "def": 121, "spa": 65, "spd": 93, "spe": 91}, "stats": {"hp": 277, "atk": 213, "def": 222, "spa": 139, "spd": 181, "spe": 178}}}, {"Swalot": {"name": "Swalot", "species": "Swalot", "speciesId": "swalot", "gender": "F", "shiny": false, "level": 90, "moves": ["gunkshot", "knockoff", "earthquake", "swordsdance"], "ability": "Liquid Ooze", "evs": {"hp": 85, "atk": 85, "def": 85, "spa": 85, "spd": 85, "spe": 85}, "ivs": {"hp": 31, "atk": 31, "def": 31, "spa": 31, "spd": 31, "spe": 31}, "item": "Leftovers", "teraType": "Ground", "role": "Bulky Setup", "bvs": {"hp": 100, "atk": 73, "def": 83, "spa": 73, "spd": 83, "spe": 55}, "stats": {"hp": 326, "atk": 183, "def": 201, "spa": 183, "spd": 201, "spe": 150}}, "Regieleki": {"name": "Regieleki", "species": "Regieleki", "speciesId": "regieleki", "gender": "N", "shiny": false, "level": 79, "moves": ["explosion", "rapidspin", "voltswitch", "thunderbolt"], "ability": "Transistor", "evs": {"hp": 85, "atk": 85, "def": 85, "spa": 85, "spd": 85, "spe": 85}, "ivs": {"hp": 31, "atk": 31, "def": 31, "spa": 31, "spd": 31, "spe": 31}, "item": "Magnet", "teraType": "Electric", "role": "Fast Support", "bvs": {"hp": 80, "atk": 100, "def": 50, "spa": 100, "spd": 50, "spe": 200}, "stats": {"hp": 256, "atk": 204, "def": 125, "spa": 204, "spd": 125, "spe": 362}}, "Zapdos": {"name": "Zapdos", "species": "Zapdos-Galar", "speciesId": "zapdosgalar", "gender": "N", "shiny": false, "level": 77, "moves": ["bulkup", "closecombat", "knockoff", "bravebird"], "ability": "Defiant", "evs": {"hp": 85, "atk": 85, "def": 85, "spa": 85, "spd": 85, "spe": 85}, "ivs": {"hp": 31, "atk": 31, "def": 31, "spa": 31, "spd": 31, "spe": 31}, "item": "Life Orb", "teraType": "Dark", "role": "Fast Attacker", "bvs": {"hp": 90, "atk": 125, "def": 90, "spa": 85, "spd": 90, "spe": 100}, "stats": {"hp": 265, "atk": 237, "def": 183, "spa": 175, "spd": 183, "spe": 199}}, "Palafin": {"name": "Palafin", "species": "Palafin", "speciesId": "palafin", "gender": "M", "shiny": false, "level": 77, "moves": ["closecombat", "flipturn", "wavecrash", "jetpunch"], "ability": "Zero to Hero", "evs": {"hp": 85, "atk": 85, "def": 85, "spa": 85, "spd": 85, "spe": 85}, "ivs": {"hp": 31, "atk": 31, "def": 31, "spa": 31, "spd": 31, "spe": 31}, "item": "Choice Band", "teraType": "Water", "role": "Wallbreaker", "bvs": {"hp": 100, "atk": 70, "def": 72, "spa": 53, "spd": 62, "spe": 100}, "stats": {"hp": 281, "atk": 152, "def": 155, "spa": 126, "spd": 140, "spe": 199}}, "Sandaconda": {"name": "Sandaconda", "species": "Sandaconda", "speciesId": "sandaconda", "gender": "M", "shiny": false, "level": 84, "moves": ["rest", "stoneedge", "earthquake", "glare"], "ability": "Shed Skin", "evs": {"hp": 85, "atk": 85, "def": 85, "spa": 85, "spd": 85, "spe": 85}, "ivs": {"hp": 31, "atk": 31, "def": 31, "spa": 31, "spd": 31, "spe": 31}, "item": "Leftovers", "teraType": "Water", "role": "Bulky Attacker", "bvs": {"hp": 72, "atk": 107, "def": 125, "spa": 65, "spd": 70, "spe": 71}, "stats": {"hp": 258, "atk": 228, "def": 258, "spa": 157, "spd": 166, "spe": 167}}, "Jirachi": {"name": "Jirachi", "species": "Jirachi", "speciesId": "jirachi", "gender": "N", "shiny": false, "level": 80, "moves": ["uturn", "healingwish", "psychic", "ironhead"], "ability": "Serene Grace", "evs": {"hp": 85, "atk": 85, "def": 85, "spa": 85, "spd": 85, "spe": 85}, "ivs": {"hp": 31, "atk": 31, "def": 31, "spa": 31, "spd": 31, "spe": 31}, "item": "Choice Scarf", "teraType": "Water", "role": "Bulky Support", "bvs": {"hp": 100, "atk": 100, "def": 100, "spa": 100, "spd": 100, "spe": 100}, "stats": {"hp": 291, "atk": 206, "def": 206, "spa": 206, "spd": 206, "spe": 206}}}]}