{"id": "gen9randombattle-2631945268", "format": "[Gen 9] Random Battle", "players": ["Sushi4928", "grabschaender"], "log": "|j|\u2606Sushi4928\n|j|\u2606grabschaender\n|t:|1781458503\n|gametype|singles\n|player|p1|Sushi4928|266|2019\n|player|p2|grabschaender|candice|2213\n|gen|9\n|tier|[Gen 9] Random Battle\n|rated|\n|rule|Species Clause: Limit one of each Pok\u00e9mon\n|rule|HP Percentage Mod: HP is shown in percentages\n|rule|Sleep Clause Mod: Limit one foe put to sleep\n|rule|Illusion Level Mod: Illusion disguises the Pok\u00e9mon's true level\n|\n|t:|1781458503\n|teamsize|p1|6\n|teamsize|p2|6\n|start\n|switch|p1a: Typhlosion|Typhlosion-Hisui, L83, M|257/257\n|switch|p2a: Charizard|Charizard, L85, F|271/271\n|turn|1\n|inactive|Battle timer is ON: inactive players will automatically lose when time's up. (requested by Sushi4928)\n|inactive|grabschaender has 120 seconds left.\n|\n|t:|1781458536\n|switch|p1a: Basculin|Basculin, L86, M|261/261\n|move|p2a: Charizard|Hurricane|p1a: Basculin|[miss]\n|-miss|p2a: Charizard|p1a: Basculin\n|\n|upkeep\n|turn|2\n|\n|t:|1781458542\n|move|p2a: Charizard|Hurricane|p1a: Basculin\n|-damage|p1a: Basculin|84/261\n|move|p1a: Basculin|Flip Turn|p2a: Charizard\n|-supereffective|p2a: Charizard\n|-damage|p2a: Charizard|0 fnt\n|faint|p2a: Charizard\n|\n|t:|1781458564\n|switch|p1a: Typhlosion|Typhlosion-Hisui, L83, M|257/257|[from] Flip Turn\n|\n|upkeep\n|\n|t:|1781458575\n|switch|p2a: Gumshoos|Gumshoos, L95, M|321/321\n|turn|3\n|\n|t:|1781458580\n|move|p1a: Typhlosion|Eruption|p2a: Gumshoos\n|-damage|p2a: Gumshoos|0 fnt\n|faint|p2a: Gumshoos\n|\n|upkeep\n|-message|grabschaender forfeited.\n|\n|win|Sushi4928\n", "inputlog": ">version a8376a258c1d4662feba110a92103f3664a72141\n>start {\"formatid\":\"gen9randombattle\",\"seed\":\"sodium,40ae71290f6087bd7aeb7a7d2a447a8d\",\"rated\":\"Rated battle\"}\n>player p1 {\"name\":\"Sushi4928\",\"avatar\":\"266\",\"rating\":2019,\"seed\":\"sodium,3ff12eae1879550d21fa5b3f9faeb9cf\"}\n>player p2 {\"name\":\"grabschaender\",\"avatar\":\"candice\",\"rating\":2213,\"seed\":\"sodium,97121fbfe091b48e619a746dcef7ecf1\"}\n>p1 switch 2\n>p2 move hurricane\n>p1 move flipturn\n>p2 move hurricane\n>p1 switch 2\n>p2 switch 3\n>p1 move eruption\n>p2 move knockoff\n>forcelose p2", "uploadtime": 1781458505, "views": 5, "formatid": "gen9randombattle", "rating": null, "private": 0, "password": null}