{"id": "gen9randombattle-2631897735", "format": "[Gen 9] Random Battle", "players": ["vegemite360", "100taka"], "log": "|j|\u2606vegemite360\n|j|\u2606100taka\n|t:|1781453304\n|gametype|singles\n|player|p1|vegemite360|1|1969\n|player|p2|100taka|101|2027\n|gen|9\n|tier|[Gen 9] Random Battle\n|rated|\n|rule|Species Clause: Limit one of each Pok\u00e9mon\n|rule|HP Percentage Mod: HP is shown in percentages\n|rule|Sleep Clause Mod: Limit one foe put to sleep\n|rule|Illusion Level Mod: Illusion disguises the Pok\u00e9mon's true level\n|\n|t:|1781453304\n|teamsize|p1|6\n|teamsize|p2|6\n|start\n|switch|p1a: Giratina|Giratina-Origin, L72|335/335\n|switch|p2a: Sceptile|Sceptile, L87, F|264/264\n|turn|1\n|inactive|Battle timer is ON: inactive players will automatically lose when time's up. (requested by vegemite360)\n|\n|t:|1781453317\n|move|p2a: Sceptile|Leech Seed|p1a: Giratina\n|-start|p1a: Giratina|move: Leech Seed\n|move|p1a: Giratina|Draco Meteor|p2a: Sceptile\n|-damage|p2a: Sceptile|122/264\n|-unboost|p1a: Giratina|spa|2\n|\n|-heal|p2a: Sceptile|138/264|[from] item: Leftovers\n|-damage|p1a: Giratina|294/335|[from] Leech Seed|[of] p2a: Sceptile\n|-heal|p2a: Sceptile|179/264|[silent]\n|upkeep\n|turn|2\n|\n|t:|1781453335\n|switch|p1a: Salamence|Salamence, L77, M|273/273\n|move|p2a: Sceptile|Substitute|p2a: Sceptile\n|-start|p2a: Sceptile|Substitute\n|-damage|p2a: Sceptile|113/264\n|\n|-heal|p2a: Sceptile|129/264|[from] item: Leftovers\n|upkeep\n|turn|3\n|\n|t:|1781453350\n|move|p2a: Sceptile|Leech Seed|p1a: Salamence\n|-start|p1a: Salamence|move: Leech Seed\n|move|p1a: Salamence|Dragon Dance|p1a: Salamence\n|-boost|p1a: Salamence|atk|1\n|-boost|p1a: Salamence|spe|1\n|\n|-heal|p2a: Sceptile|145/264|[from] item: Leftovers\n|-damage|p1a: Salamence|239/273|[from] Leech Seed|[of] p2a: Sceptile\n|-heal|p2a: Sceptile|179/264|[silent]\n|upkeep\n|turn|4\n|inactive|100taka has 120 seconds left.\n|\n|t:|1781453386\n|move|p1a: Salamence|Dual Wingbeat|p2a: Sceptile\n|-supereffective|p2a: Sceptile\n|-end|p2a: Sceptile|Substitute\n|-supereffective|p2a: Sceptile\n|-damage|p2a: Sceptile|21/264\n|-hitcount|p2a: Sceptile|2\n|move|p2a: Sceptile|Focus Blast|p1a: Salamence\n|-resisted|p1a: Salamence\n|-damage|p1a: Salamence|179/273\n|\n|-heal|p2a: Sceptile|37/264|[from] item: Leftovers\n|-damage|p1a: Salamence|145/273|[from] Leech Seed|[of] p2a: Sceptile\n|-heal|p2a: Sceptile|71/264|[silent]\n|upkeep\n|turn|5\n|inactive|100taka has 120 seconds left.\n|\n|t:|1781453400\n|move|p1a: Salamence|Dual Wingbeat|p2a: Sceptile\n|-supereffective|p2a: Sceptile\n|-damage|p2a: Sceptile|0 fnt\n|faint|p2a: Sceptile\n|-ability|p1a: Salamence|Moxie|boost\n|-boost|p1a: Salamence|atk|1\n|-hitcount|p2: Sceptile|1\n|\n|upkeep\n|\n|t:|1781453403\n|switch|p2a: Terapagos|Terapagos, L77, M|265/265\n|-activate|p2a: Terapagos|ability: Tera Shift\n|detailschange|p2a: Terapagos|Terapagos-Terastal, L77, M\n|-heal|p2a: Terapagos|273/273|[silent]\n|turn|6\n|\n|t:|1781453413\n|move|p1a: Salamence|Earthquake|p2a: Terapagos\n|-activate|p2a: Terapagos|ability: Tera Shell\n|-resisted|p2a: Terapagos\n|-damage|p2a: Terapagos|207/273\n|move|p2a: Terapagos|Tera Starstorm|p1a: Salamence\n|-damage|p1a: Salamence|6/273\n|\n|-damage|p1a: Salamence|0 fnt|[from] Leech Seed|[of] p2a: Terapagos\n|-heal|p2a: Terapagos|213/273|[silent]\n|faint|p1a: Salamence\n|upkeep\n|\n|t:|1781453417\n|switch|p1a: Gallade|Gallade, L80, M|240/240\n|turn|7\n|\n|t:|1781453421\n|switch|p2a: Calyrex|Calyrex-Shadow, L64|235/235\n|-ability|p2a: Calyrex|As One\n|-ability|p2a: Calyrex|Unnerve\n|move|p1a: Gallade|Agility|p1a: Gallade\n|-boost|p1a: Gallade|spe|2\n|\n|upkeep\n|turn|8\n|\n|t:|1781453427\n|switch|p2a: Terapagos|Terapagos-Terastal, L77, M|213/273\n|move|p1a: Gallade|Night Slash|p2a: Terapagos\n|-damage|p2a: Terapagos|105/273\n|-damage|p1a: Gallade|216/240|[from] item: Life Orb\n|\n|upkeep\n|turn|9\n|\n|t:|1781453434\n|move|p1a: Gallade|Night Slash|p2a: Terapagos\n|-crit|p2a: Terapagos\n|-damage|p2a: Terapagos|0 fnt\n|faint|p2a: Terapagos\n|-damage|p1a: Gallade|192/240|[from] item: Life Orb\n|\n|upkeep\n|\n|t:|1781453437\n|switch|p2a: Meganium|Meganium, L90, F|290/290\n|turn|10\n|\n|t:|1781453442\n|switch|p1a: Giratina|Giratina-Origin, L72|294/335\n|move|p2a: Meganium|Leech Seed|p1a: Giratina\n|-start|p1a: Giratina|move: Leech Seed\n|\n|-damage|p1a: Giratina|253/335|[from] Leech Seed|[of] p2a: Meganium\n|upkeep\n|turn|11\n|\n|t:|1781453448\n|move|p2a: Meganium|Knock Off|p1a: Giratina\n|-supereffective|p1a: Giratina\n|-damage|p1a: Giratina|157/335\n|move|p1a: Giratina|Will-O-Wisp|p2a: Meganium\n|-status|p2a: Meganium|brn\n|\n|-damage|p1a: Giratina|116/335|[from] Leech Seed|[of] p2a: Meganium\n|-damage|p2a: Meganium|272/290 brn|[from] brn\n|upkeep\n|turn|12\n|\n|t:|1781453455\n|move|p2a: Meganium|Leech Seed||[still]\n|-fail|p2a: Meganium\n|move|p1a: Giratina|Draco Meteor|p2a: Meganium\n|-damage|p2a: Meganium|158/290 brn\n|-unboost|p1a: Giratina|spa|2\n|\n|-heal|p2a: Meganium|176/290 brn|[from] item: Leftovers\n|-damage|p1a: Giratina|75/335|[from] Leech Seed|[of] p2a: Meganium\n|-heal|p2a: Meganium|217/290 brn|[silent]\n|-damage|p2a: Meganium|199/290 brn|[from] brn\n|upkeep\n|turn|13\n|\n|t:|1781453462\n|switch|p1a: Ninetales|Ninetales-Alola, L78, M|242/242\n|-weather|Snowscape|[from] ability: Snow Warning|[of] p1a: Ninetales\n|move|p2a: Meganium|Leech Seed|p1a: Ninetales\n|-start|p1a: Ninetales|move: Leech Seed\n|\n|-weather|Snowscape|[upkeep]\n|-heal|p2a: Meganium|217/290 brn|[from] item: Leftovers\n|-damage|p1a: Ninetales|212/242|[from] Leech Seed|[of] p2a: Meganium\n|-heal|p2a: Meganium|247/290 brn|[silent]\n|-damage|p2a: Meganium|229/290 brn|[from] brn\n|upkeep\n|turn|14\n|\n|t:|1781453467\n|switch|p2a: Flareon|Flareon, L90, F|263/263\n|move|p1a: Ninetales|Aurora Veil|p1a: Ninetales\n|-sidestart|p1: vegemite360|move: Aurora Veil\n|\n|-weather|Snowscape|[upkeep]\n|-damage|p1a: Ninetales|182/242|[from] Leech Seed|[of] p2a: Flareon\n|-status|p2a: Flareon|tox|[from] item: Toxic Orb\n|upkeep\n|turn|15\n|\n|t:|1781453474\n|switch|p1a: Azumarill|Azumarill, L82, M|298/298\n|move|p2a: Flareon|Flare Blitz|p1a: Azumarill\n|-resisted|p1a: Azumarill\n|-crit|p1a: Azumarill\n|-damage|p1a: Azumarill|56/298\n|-enditem|p1a: Azumarill|Sitrus Berry|[eat]\n|-heal|p1a: Azumarill|130/298|[from] item: Sitrus Berry\n|-damage|p2a: Flareon|183/263 tox|[from] Recoil\n|\n|-weather|Snowscape|[upkeep]\n|-damage|p2a: Flareon|167/263 tox|[from] psn\n|upkeep\n|turn|16\n|\n|t:|1781453487\n|move|p1a: Azumarill|Aqua Jet|p2a: Flareon\n|-supereffective|p2a: Flareon\n|-damage|p2a: Flareon|33/263 tox\n|move|p2a: Flareon|Facade|p1a: Azumarill\n|-damage|p1a: Azumarill|3/298\n|\n|-weather|Snowscape|[upkeep]\n|-damage|p2a: Flareon|1/263 tox|[from] psn\n|upkeep\n|turn|17\n|\n|t:|1781453493\n|switch|p2a: Meganium|Meganium, L90, F|229/290 brn\n|move|p1a: Azumarill|Aqua Jet|p2a: Meganium\n|-resisted|p2a: Meganium\n|-damage|p2a: Meganium|209/290 brn\n|\n|-weather|none\n|-heal|p2a: Meganium|227/290 brn|[from] item: Leftovers\n|-damage|p2a: Meganium|209/290 brn|[from] brn\n|upkeep\n|turn|18\n|\n|t:|1781453504\n|switch|p1a: Giratina|Giratina-Origin, L72|75/335\n|move|p2a: Meganium|Synthesis|p2a: Meganium\n|-heal|p2a: Meganium|290/290 brn\n|\n|-damage|p2a: Meganium|272/290 brn|[from] brn\n|upkeep\n|turn|19\n|\n|t:|1781453513\n|move|p2a: Meganium|Leech Seed|p1a: Giratina|[miss]\n|-miss|p2a: Meganium|p1a: Giratina\n|move|p1a: Giratina|Draco Meteor|p2a: Meganium\n|-damage|p2a: Meganium|160/290 brn\n|-unboost|p1a: Giratina|spa|2\n|\n|-heal|p2a: Meganium|178/290 brn|[from] item: Leftovers\n|-damage|p2a: Meganium|160/290 brn|[from] brn\n|upkeep\n|turn|20\n|\n|t:|1781453519\n|move|p2a: Meganium|Leech Seed|p1a: Giratina\n|-start|p1a: Giratina|move: Leech Seed\n|move|p1a: Giratina|Poltergeist|p2a: Meganium\n|-activate|p2a: Meganium|move: Poltergeist|Leftovers\n|-damage|p2a: Meganium|55/290 brn\n|\n|-heal|p2a: Meganium|73/290 brn|[from] item: Leftovers\n|-damage|p1a: Giratina|34/335|[from] Leech Seed|[of] p2a: Meganium\n|-heal|p2a: Meganium|114/290 brn|[silent]\n|-damage|p2a: Meganium|96/290 brn|[from] brn\n|upkeep\n|turn|21\n|\n|t:|1781453529\n|move|p2a: Meganium|Knock Off|p1a: Giratina\n|-supereffective|p1a: Giratina\n|-damage|p1a: Giratina|7/335\n|move|p1a: Giratina|Poltergeist|p2a: Meganium\n|-activate|p2a: Meganium|move: Poltergeist|Leftovers\n|-damage|p2a: Meganium|0 fnt\n|faint|p2a: Meganium\n|\n|-sideend|p1: vegemite360|move: Aurora Veil\n|upkeep\n|\n|t:|1781453541\n|switch|p2a: Calyrex|Calyrex-Shadow, L64|235/235\n|-ability|p2a: Calyrex|As One\n|-ability|p2a: Calyrex|Unnerve\n|turn|22\n|\n|t:|1781453554\n|switch|p2a: Squawkabilly|Squawkabilly, L85, F|278/278\n|move|p1a: Giratina|Shadow Sneak|p2a: Squawkabilly\n|-immune|p2a: Squawkabilly\n|\n|-damage|p1a: Giratina|0 fnt|[from] Leech Seed|[of] p2a: Squawkabilly\n|faint|p1a: Giratina\n|-status|p2a: Squawkabilly|brn|[from] item: Flame Orb\n|upkeep\n|\n|t:|1781453558\n|switch|p1a: Ninetales|Ninetales-Alola, L78, M|182/242\n|-weather|Snowscape|[from] ability: Snow Warning|[of] p1a: Ninetales\n|turn|23\n|\n|t:|1781453568\n|-terastallize|p2a: Squawkabilly|Normal\n|move|p1a: Ninetales|Aurora Veil|p1a: Ninetales\n|-sidestart|p1: vegemite360|move: Aurora Veil\n|move|p2a: Squawkabilly|Facade|p1a: Ninetales\n|-damage|p1a: Ninetales|57/242\n|\n|-weather|Snowscape|[upkeep]\n|-damage|p2a: Squawkabilly|261/278 brn|[from] brn\n|upkeep\n|turn|24\n|\n|t:|1781453580\n|switch|p2a: Flareon|Flareon, L90, F|1/263 tox\n|move|p1a: Ninetales|Blizzard|p2a: Flareon\n|-resisted|p2a: Flareon\n|-damage|p2a: Flareon|0 fnt\n|faint|p2a: Flareon\n|\n|-weather|Snowscape|[upkeep]\n|upkeep\n|\n|t:|1781453583\n|switch|p2a: Calyrex|Calyrex-Shadow, L64|235/235\n|-ability|p2a: Calyrex|As One\n|-ability|p2a: Calyrex|Unnerve\n|turn|25\n|\n|t:|1781453598\n|switch|p1a: Azumarill|Azumarill, L82, M|3/298\n|move|p2a: Calyrex|Astral Barrage|p1a: Azumarill\n|-damage|p1a: Azumarill|0 fnt\n|faint|p1a: Azumarill\n|-ability|p2a: Calyrex|Grim Neigh|boost\n|-boost|p2a: Calyrex|spa|1\n|\n|-weather|Snowscape|[upkeep]\n|upkeep\n|\n|t:|1781453604\n|switch|p1a: Gallade|Gallade, L80, M|192/240\n|turn|26\n|\n|t:|1781453610\n|-terastallize|p1a: Gallade|Fighting\n|move|p2a: Calyrex|Astral Barrage|p1a: Gallade\n|-damage|p1a: Gallade|81/240\n|move|p1a: Gallade|Agility|p1a: Gallade\n|-boost|p1a: Gallade|spe|2\n|\n|-weather|Snowscape|[upkeep]\n|upkeep\n|turn|27\n|\n|t:|1781453624\n|move|p1a: Gallade|Night Slash|p2a: Calyrex\n|-supereffective|p2a: Calyrex\n|-damage|p2a: Calyrex|0 fnt\n|faint|p2a: Calyrex\n|-damage|p1a: Gallade|57/240|[from] item: Life Orb\n|\n|-weather|none\n|upkeep\n|\n|t:|1781453627\n|switch|p2a: Squawkabilly|Squawkabilly, L85, F, tera:Normal|261/278 brn\n|turn|28\n|\n|t:|1781453631\n|move|p2a: Squawkabilly|Quick Attack|p1a: Gallade\n|-damage|p1a: Gallade|2/240\n|move|p1a: Gallade|Sacred Sword|p2a: Squawkabilly\n|-supereffective|p2a: Squawkabilly\n|-damage|p2a: Squawkabilly|0 fnt\n|faint|p2a: Squawkabilly\n|-damage|p1a: Gallade|0 fnt|[from] item: Life Orb\n|faint|p1a: Gallade\n|\n|win|vegemite360\n|raw|vegemite360's rating: 1969 &rarr; <strong>1992</strong><br />(+23 for winning)\n|raw|100taka's rating: 2027 &rarr; <strong>2004</strong><br />(-23 for losing)\n|l|\u2606100taka\n|player|p2|\n", "inputlog": ">version a8376a258c1d4662feba110a92103f3664a72141\n>start {\"formatid\":\"gen9randombattle\",\"seed\":\"sodium,316f1ada0e0067ed01ab0004728d6ae0\",\"rated\":\"Rated battle\"}\n>player p1 {\"name\":\"vegemite360\",\"avatar\":\"1\",\"rating\":1969,\"seed\":\"sodium,0f6178906ac38a2d194cf161e6ea34bd\"}\n>player p2 {\"name\":\"100taka\",\"avatar\":\"101\",\"rating\":2027,\"seed\":\"sodium,f63d6ea50c630733c27bfb87e061a1a9\"}\n>p1 move dracometeor\n>p2 move leechseed\n>p1 switch 4\n>p2 move substitute\n>p1 move dragondance\n>p2 move leechseed\n>p1 move dualwingbeat\n>p2 move focusblast\n>p1 move dualwingbeat\n>p2 move focusblast\n>p2 switch 2\n>p1 move earthquake\n>p2 move terastarstorm\n>p1 switch 3\n>p1 move agility\n>p2 switch 5\n>p1 move nightslash\n>p2 switch 5\n>p1 move nightslash\n>p2 move terastarstorm\n>p2 switch 4\n>p1 switch 4\n>p2 move leechseed\n>p1 move willowisp\n>p2 move knockoff\n>p1 move dracometeor\n>p2 move leechseed\n>p1 switch 6\n>p2 move leechseed\n>p1 move auroraveil\n>p2 switch 6\n>p1 switch 5\n>p2 move flareblitz\n>p1 move aquajet\n>p2 move facade\n>p1 move aquajet\n>p2 switch 6\n>p1 switch 6\n>p2 move synthesis\n>p1 move dracometeor\n>p2 move leechseed\n>p1 move poltergeist\n>p2 move leechseed\n>p1 move poltergeist\n>p2 move knockoff\n>p2 switch 5\n>p1 move shadowsneak\n>p2 switch 3\n>p1 switch 5\n>p1 move auroraveil\n>p2 move facade terastallize\n>p1 move blizzard\n>p2 switch 6\n>p2 switch 3\n>p1 switch 6\n>p2 move astralbarrage\n>p1 switch 4\n>p1 move agility terastallize\n>p2 move astralbarrage\n>p1 move nightslash\n>p2 move astralbarrage\n>p2 switch 6\n>p1 move sacredsword\n>p2 move quickattack", "uploadtime": 1781453306, "views": 5, "formatid": "gen9randombattle", "rating": 1992, "private": 0, "password": null, "player_dets": [{"name": "vegemite360", "avatar": "1", "rating": 1969, "seed": "sodium,0f6178906ac38a2d194cf161e6ea34bd"}, {"name": "100taka", "avatar": "101", "rating": 2027, "seed": "sodium,f63d6ea50c630733c27bfb87e061a1a9"}], "teams_full": [{"Giratina": {"name": "Giratina", "species": "Giratina-Origin", "speciesId": "giratinaorigin", "gender": "N", "shiny": false, "level": 72, "moves": ["poltergeist", "shadowsneak", "willowisp", "dracometeor"], "ability": "Levitate", "evs": {"hp": 85, "atk": 85, "def": 85, "spa": 85, "spd": 85, "spe": 85}, "ivs": {"hp": 31, "atk": 31, "def": 31, "spa": 31, "spd": 31, "spe": 31}, "item": "Griseous Core", "teraType": "Dragon", "role": "Fast Attacker", "bvs": {"hp": 150, "atk": 120, "def": 100, "spa": 120, "spd": 100, "spe": 90}, "stats": {"hp": 335, "atk": 215, "def": 186, "spa": 215, "spd": 186, "spe": 172}, "types": ["Ghost", "Dragon"]}, "Cresselia": {"name": "Cresselia", "species": "Cresselia", "speciesId": "cresselia", "gender": "F", "shiny": false, "level": 80, "moves": ["psyshock", "moonblast", "moonlight", "calmmind"], "ability": "Levitate", "evs": {"hp": 85, "atk": 0, "def": 85, "spa": 85, "spd": 85, "spe": 85}, "ivs": {"hp": 31, "atk": 0, "def": 31, "spa": 31, "spd": 31, "spe": 31}, "item": "Leftovers", "teraType": "Fairy", "role": "Bulky Setup", "bvs": {"hp": 120, "atk": 70, "def": 110, "spa": 75, "spd": 120, "spe": 85}, "stats": {"hp": 323, "atk": 117, "def": 222, "spa": 166, "spd": 238, "spe": 182}, "types": ["Psychic"]}, "Gallade": {"name": "Gallade", "species": "Gallade", "speciesId": "gallade", "gender": "M", "shiny": false, "level": 80, "moves": ["psychocut", "nightslash", "sacredsword", "agility"], "ability": "Sharpness", "evs": {"hp": 85, "atk": 85, "def": 85, "spa": 85, "spd": 85, "spe": 85}, "ivs": {"hp": 31, "atk": 31, "def": 31, "spa": 31, "spd": 31, "spe": 31}, "item": "Life Orb", "teraType": "Fighting", "role": "Setup Sweeper", "bvs": {"hp": 68, "atk": 125, "def": 65, "spa": 65, "spd": 115, "spe": 80}, "stats": {"hp": 240, "atk": 246, "def": 150, "spa": 150, "spd": 230, "spe": 174}, "types": ["Psychic", "Fighting"]}, "Salamence": {"name": "Salamence", "species": "Salamence", "speciesId": "salamence", "gender": "M", "shiny": false, "level": 77, "moves": ["earthquake", "dragondance", "dualwingbeat", "outrage"], "ability": "Moxie", "evs": {"hp": 85, "atk": 85, "def": 85, "spa": 85, "spd": 85, "spe": 85}, "ivs": {"hp": 31, "atk": 31, "def": 31, "spa": 31, "spd": 31, "spe": 31}, "item": "Heavy-Duty Boots", "teraType": "Dragon", "role": "Setup Sweeper", "bvs": {"hp": 95, "atk": 135, "def": 80, "spa": 110, "spd": 80, "spe": 100}, "stats": {"hp": 273, "atk": 252, "def": 168, "spa": 214, "spd": 168, "spe": 199}, "types": ["Dragon", "Flying"]}, "Azumarill": {"name": "Azumarill", "species": "Azumarill", "speciesId": "azumarill", "gender": "M", "shiny": false, "level": 82, "moves": ["bellydrum", "playrough", "aquajet", "liquidation"], "ability": "Huge Power", "evs": {"hp": 85, "atk": 85, "def": 85, "spa": 85, "spd": 85, "spe": 85}, "ivs": {"hp": 31, "atk": 31, "def": 31, "spa": 31, "spd": 31, "spe": 31}, "item": "Sitrus Berry", "teraType": "Water", "role": "Bulky Attacker", "bvs": {"hp": 100, "atk": 50, "def": 80, "spa": 60, "spd": 80, "spe": 50}, "stats": {"hp": 298, "atk": 129, "def": 178, "spa": 146, "spd": 178, "spe": 129}, "types": ["Water", "Fairy"]}, "Ninetales": {"name": "Ninetales", "species": "Ninetales-Alola", "speciesId": "ninetalesalola", "gender": "M", "shiny": false, "level": 78, "moves": ["blizzard", "moonblast", "auroraveil", "nastyplot"], "ability": "Snow Warning", "evs": {"hp": 85, "atk": 0, "def": 85, "spa": 85, "spd": 85, "spe": 85}, "ivs": {"hp": 31, "atk": 0, "def": 31, "spa": 31, "spd": 31, "spe": 31}, "item": "Light Clay", "teraType": "Water", "role": "Fast Support", "bvs": {"hp": 73, "atk": 67, "def": 75, "spa": 81, "spd": 100, "spe": 109}, "stats": {"hp": 242, "atk": 109, "def": 162, "spa": 171, "spd": 201, "spe": 215}, "types": ["Ice", "Fairy"]}}, {"Sceptile": {"name": "Sceptile", "species": "Sceptile", "speciesId": "sceptile", "gender": "F", "shiny": false, "level": 87, "moves": ["gigadrain", "substitute", "leechseed", "focusblast"], "ability": "Overgrow", "evs": {"hp": 85, "atk": 0, "def": 85, "spa": 85, "spd": 85, "spe": 85}, "ivs": {"hp": 31, "atk": 0, "def": 31, "spa": 31, "spd": 31, "spe": 31}, "item": "Leftovers", "teraType": "Steel", "role": "Fast Support", "bvs": {"hp": 70, "atk": 85, "def": 65, "spa": 105, "spd": 85, "spe": 120}, "stats": {"hp": 264, "atk": 152, "def": 163, "spa": 232, "spd": 198, "spe": 259}, "types": ["Grass"]}, "Terapagos": {"name": "Terapagos", "species": "Terapagos", "speciesId": "terapagos", "gender": "M", "shiny": false, "level": 77, "moves": ["rapidspin", "terastarstorm", "calmmind", "darkpulse"], "ability": "Tera Shift", "evs": {"hp": 85, "atk": 85, "def": 85, "spa": 85, "spd": 85, "spe": 85}, "ivs": {"hp": 31, "atk": 31, "def": 31, "spa": 31, "spd": 31, "spe": 31}, "item": "Heavy-Duty Boots", "teraType": "Stellar", "role": "Setup Sweeper", "bvs": {"hp": 90, "atk": 65, "def": 85, "spa": 65, "spd": 85, "spe": 60}, "stats": {"hp": 265, "atk": 145, "def": 175, "spa": 145, "spd": 175, "spe": 137}, "types": ["Normal"]}, "Squawkabilly": {"name": "Squawkabilly", "species": "Squawkabilly", "speciesId": "squawkabilly", "gender": "F", "shiny": false, "level": 85, "moves": ["facade", "uturn", "quickattack", "bravebird"], "ability": "Guts", "evs": {"hp": 85, "atk": 85, "def": 85, "spa": 85, "spd": 85, "spe": 85}, "ivs": {"hp": 31, "atk": 31, "def": 31, "spa": 31, "spd": 31, "spe": 31}, "item": "Flame Orb", "teraType": "Normal", "role": "Wallbreaker", "bvs": {"hp": 82, "atk": 96, "def": 51, "spa": 45, "spd": 51, "spe": 92}, "stats": {"hp": 278, "atk": 212, "def": 135, "spa": 125, "spd": 135, "spe": 205}, "types": ["Normal", "Flying"]}, "Meganium": {"name": "Meganium", "species": "Meganium", "speciesId": "meganium", "gender": "F", "shiny": false, "level": 90, "moves": ["synthesis", "energyball", "knockoff", "leechseed"], "ability": "Overgrow", "evs": {"hp": 85, "atk": 85, "def": 85, "spa": 85, "spd": 85, "spe": 85}, "ivs": {"hp": 31, "atk": 31, "def": 31, "spa": 31, "spd": 31, "spe": 31}, "item": "Leftovers", "teraType": "Water", "role": "Bulky Attacker", "bvs": {"hp": 80, "atk": 82, "def": 100, "spa": 83, "spd": 100, "spe": 80}, "stats": {"hp": 290, "atk": 199, "def": 231, "spa": 201, "spd": 231, "spe": 195}, "types": ["Grass"]}, "Calyrex": {"name": "Calyrex", "species": "Calyrex-Shadow", "speciesId": "calyrexshadow", "gender": "N", "shiny": false, "level": 64, "moves": ["astralbarrage", "pollenpuff", "psyshock", "trick"], "ability": "As One (Spectrier)", "evs": {"hp": 85, "atk": 0, "def": 85, "spa": 85, "spd": 85, "spe": 85}, "ivs": {"hp": 31, "atk": 0, "def": 31, "spa": 31, "spd": 31, "spe": 31}, "item": "Choice Specs", "teraType": "Ghost", "role": "Fast Attacker", "bvs": {"hp": 100, "atk": 85, "def": 80, "spa": 165, "spd": 100, "spe": 150}, "stats": {"hp": 235, "atk": 113, "def": 140, "spa": 249, "spd": 166, "spe": 230}, "types": ["Psychic", "Ghost"]}, "Flareon": {"name": "Flareon", "species": "Flareon", "speciesId": "flareon", "gender": "F", "shiny": false, "level": 90, "moves": ["facade", "trailblaze", "quickattack", "flareblitz"], "ability": "Guts", "evs": {"hp": 85, "atk": 85, "def": 85, "spa": 85, "spd": 85, "spe": 85}, "ivs": {"hp": 31, "atk": 31, "def": 31, "spa": 31, "spd": 31, "spe": 31}, "item": "Toxic Orb", "teraType": "Normal", "role": "Setup Sweeper", "bvs": {"hp": 65, "atk": 130, "def": 60, "spa": 95, "spd": 110, "spe": 65}, "stats": {"hp": 263, "atk": 285, "def": 159, "spa": 222, "spd": 249, "spe": 168}, "types": ["Fire"]}}]}