{"id": "gen9randombattle-2632009279", "format": "[Gen 9] Random Battle", "players": ["Pokeoke", "hectorretaaa81"], "log": "|j|\u2606Pokeoke\n|j|\u2606hectorretaaa81\n|t:|1781465503\n|gametype|singles\n|player|p1|Pokeoke|266|2010\n|player|p2|hectorretaaa81|170|1947\n|gen|9\n|tier|[Gen 9] Random Battle\n|rated|\n|rule|Species Clause: Limit one of each Pok\u00e9mon\n|rule|HP Percentage Mod: HP is shown in percentages\n|rule|Sleep Clause Mod: Limit one foe put to sleep\n|rule|Illusion Level Mod: Illusion disguises the Pok\u00e9mon's true level\n|\n|t:|1781465503\n|teamsize|p1|6\n|teamsize|p2|6\n|start\n|switch|p1a: Toucannon|Toucannon, L88, M|284/284\n|switch|p2a: Oinkologne|Oinkologne-F, L92, F|361/361\n|turn|1\n|inactive|Battle timer is ON: inactive players will automatically lose when time's up. (requested by Pokeoke)\n|\n|t:|1781465546\n|-singleturn|p1a: Toucannon|move: Beak Blast\n|move|p2a: Oinkologne|Curse|p2a: Oinkologne\n|-unboost|p2a: Oinkologne|spe|1\n|-boost|p2a: Oinkologne|atk|1\n|-boost|p2a: Oinkologne|def|1\n|move|p1a: Toucannon|Beak Blast|p2a: Oinkologne\n|-damage|p2a: Oinkologne|267/361\n|\n|-heal|p2a: Oinkologne|289/361|[from] item: Leftovers\n|upkeep\n|turn|2\n|inactive|hectorretaaa81 has 120 seconds left.\n|inactive|hectorretaaa81 has 90 seconds left.\n|\n|t:|1781465630\n|move|p1a: Toucannon|Boomburst|p2a: Oinkologne\n|-damage|p2a: Oinkologne|174/361\n|move|p2a: Oinkologne|Double-Edge|p1a: Toucannon\n|-damage|p1a: Toucannon|58/284\n|-damage|p2a: Oinkologne|99/361|[from] Recoil\n|\n|-heal|p2a: Oinkologne|121/361|[from] item: Leftovers\n|upkeep\n|turn|3\n|\n|t:|1781465644\n|switch|p1a: Ariados|Ariados, L95, F|287/287\n|switch|p2a: Gengar|Gengar, L81, F|230/230\n|\n|upkeep\n|turn|4\n|\n|t:|1781465658\n|switch|p2a: Oinkologne|Oinkologne-F, L92, F|121/361\n|move|p1a: Ariados|Sticky Web|p2a: Oinkologne\n|-sidestart|p2: hectorretaaa81|move: Sticky Web\n|\n|-heal|p2a: Oinkologne|143/361|[from] item: Leftovers\n|upkeep\n|turn|5\n|\n|t:|1781465666\n|move|p2a: Oinkologne|Curse|p2a: Oinkologne\n|-unboost|p2a: Oinkologne|spe|1\n|-boost|p2a: Oinkologne|atk|1\n|-boost|p2a: Oinkologne|def|1\n|move|p1a: Ariados|Poison Jab|p2a: Oinkologne\n|-damage|p2a: Oinkologne|73/361\n|\n|-heal|p2a: Oinkologne|95/361|[from] item: Leftovers\n|upkeep\n|turn|6\n|\n|t:|1781465673\n|switch|p1a: Scrafty|Scrafty, L83, F|244/244\n|-ability|p1a: Scrafty|Intimidate|boost\n|-unboost|p2a: Oinkologne|atk|1\n|move|p2a: Oinkologne|Double-Edge|p1a: Scrafty\n|-damage|p1a: Scrafty|133/244\n|-damage|p2a: Oinkologne|58/361|[from] Recoil\n|\n|-heal|p1a: Scrafty|148/244|[from] item: Leftovers\n|-heal|p2a: Oinkologne|80/361|[from] item: Leftovers\n|upkeep\n|turn|7\n|\n|t:|1781465679\n|move|p1a: Scrafty|Dragon Dance|p1a: Scrafty\n|-boost|p1a: Scrafty|atk|1\n|-boost|p1a: Scrafty|spe|1\n|move|p2a: Oinkologne|Double-Edge|p1a: Scrafty\n|-damage|p1a: Scrafty|31/244\n|-damage|p2a: Oinkologne|41/361|[from] Recoil\n|\n|-heal|p1a: Scrafty|46/244|[from] item: Leftovers\n|-heal|p2a: Oinkologne|63/361|[from] item: Leftovers\n|upkeep\n|turn|8\n|\n|t:|1781465685\n|move|p1a: Scrafty|Drain Punch|p2a: Oinkologne\n|-supereffective|p2a: Oinkologne\n|-damage|p2a: Oinkologne|0 fnt\n|-heal|p1a: Scrafty|78/244|[from] drain|[of] p2a: Oinkologne\n|faint|p2a: Oinkologne\n|\n|-heal|p1a: Scrafty|93/244|[from] item: Leftovers\n|upkeep\n|\n|t:|1781465692\n|switch|p2a: Toucannon|Toucannon, L88, F|284/284\n|turn|9\n|\n|t:|1781465709\n|-singleturn|p2a: Toucannon|move: Beak Blast\n|move|p1a: Scrafty|Knock Off|p2a: Toucannon\n|-damage|p2a: Toucannon|130/284\n|-status|p1a: Scrafty|brn\n|-enditem|p2a: Toucannon|Heavy-Duty Boots|[from] move: Knock Off|[of] p1a: Scrafty\n|move|p2a: Toucannon|Beak Blast|p1a: Scrafty\n|-supereffective|p1a: Scrafty\n|-damage|p1a: Scrafty|0 fnt\n|faint|p1a: Scrafty\n|\n|upkeep\n|\n|t:|1781465718\n|switch|p1a: Manaphy|Manaphy, L78|284/284\n|turn|10\n|\n|t:|1781465729\n|move|p1a: Manaphy|Ice Beam|p2a: Toucannon\n|-supereffective|p2a: Toucannon\n|-damage|p2a: Toucannon|10/284\n|move|p2a: Toucannon|U-turn|p1a: Manaphy\n|-damage|p1a: Manaphy|215/284\n|\n|t:|1781465735\n|switch|p2a: Dragalge|Dragalge, L88, F|258/258|[from] U-turn\n|-activate|p2a: Dragalge|move: Sticky Web\n|-unboost|p2a: Dragalge|spe|1\n|\n|-heal|p1a: Manaphy|232/284|[from] item: Leftovers\n|upkeep\n|turn|11\n|\n|t:|1781465747\n|move|p1a: Manaphy|Ice Beam|p2a: Dragalge\n|-supereffective|p2a: Dragalge\n|-damage|p2a: Dragalge|176/258\n|move|p2a: Dragalge|Sludge Wave|p1a: Manaphy\n|-damage|p1a: Manaphy|92/284\n|\n|-heal|p1a: Manaphy|109/284|[from] item: Leftovers\n|-heal|p2a: Dragalge|192/258|[from] item: Leftovers\n|upkeep\n|turn|12\n|\n|t:|1781465753\n|switch|p1a: Ariados|Ariados, L95, F|287/287\n|move|p2a: Dragalge|Sludge Wave|p1a: Ariados\n|-resisted|p1a: Ariados\n|-damage|p1a: Ariados|209/287\n|\n|-heal|p2a: Dragalge|208/258|[from] item: Leftovers\n|upkeep\n|turn|13\n|\n|t:|1781465766\n|move|p1a: Ariados|Megahorn|p2a: Dragalge\n|-resisted|p2a: Dragalge\n|-damage|p2a: Dragalge|133/258\n|move|p2a: Dragalge|Draco Meteor|p1a: Ariados\n|-damage|p1a: Ariados|1/287\n|-unboost|p2a: Dragalge|spa|2\n|\n|-heal|p2a: Dragalge|149/258|[from] item: Leftovers\n|upkeep\n|turn|14\n|\n|t:|1781465772\n|move|p1a: Ariados|Toxic Spikes|p2a: Dragalge\n|-sidestart|p2: hectorretaaa81|move: Toxic Spikes\n|move|p2a: Dragalge|Toxic Spikes|p1a: Ariados\n|-sidestart|p1: Pokeoke|move: Toxic Spikes\n|\n|-heal|p2a: Dragalge|165/258|[from] item: Leftovers\n|upkeep\n|turn|15\n|\n|t:|1781465777\n|switch|p1a: Toucannon|Toucannon, L88, M|58/284\n|switch|p2a: Gengar|Gengar, L81, F|230/230\n|-activate|p2a: Gengar|move: Sticky Web\n|-unboost|p2a: Gengar|spe|1\n|-sideend|p2: hectorretaaa81|move: Toxic Spikes|[of] p2a: Gengar\n|\n|upkeep\n|turn|16\n|\n|t:|1781465792\n|switch|p2a: Toucannon|Toucannon, L88, F|10/284\n|move|p1a: Toucannon|U-turn|p2a: Toucannon\n|-resisted|p2a: Toucannon\n|-damage|p2a: Toucannon|0 fnt\n|faint|p2a: Toucannon\n|\n|t:|1781465810\n|switch|p1a: Ariados|Ariados, L95, F|1/287|[from] U-turn\n|-sideend|p1: Pokeoke|move: Toxic Spikes|[of] p1a: Ariados\n|\n|upkeep\n|\n|t:|1781465837\n|switch|p2a: Lycanroc|Lycanroc-Dusk, L81, M|254/254\n|-activate|p2a: Lycanroc|move: Sticky Web\n|-unboost|p2a: Lycanroc|spe|1\n|turn|17\n|\n|t:|1781465844\n|move|p2a: Lycanroc|Accelerock|p1a: Ariados\n|-supereffective|p1a: Ariados\n|-damage|p1a: Ariados|0 fnt\n|faint|p1a: Ariados\n|\n|upkeep\n|\n|t:|1781465850\n|switch|p1a: Manaphy|Manaphy, L78|109/284\n|turn|18\n|\n|t:|1781465854\n|switch|p2a: Dragalge|Dragalge, L88, F|165/258\n|-activate|p2a: Dragalge|move: Sticky Web\n|-unboost|p2a: Dragalge|spe|1\n|move|p1a: Manaphy|Surf|p2a: Dragalge\n|-resisted|p2a: Dragalge\n|-damage|p2a: Dragalge|135/258\n|\n|-heal|p1a: Manaphy|126/284|[from] item: Leftovers\n|-heal|p2a: Dragalge|151/258|[from] item: Leftovers\n|upkeep\n|turn|19\n|\n|t:|1781465860\n|move|p1a: Manaphy|Ice Beam|p2a: Dragalge\n|-supereffective|p2a: Dragalge\n|-damage|p2a: Dragalge|65/258\n|move|p2a: Dragalge|Draco Meteor|p1a: Manaphy\n|-damage|p1a: Manaphy|0 fnt\n|-unboost|p2a: Dragalge|spa|2\n|faint|p1a: Manaphy\n|\n|-heal|p2a: Dragalge|81/258|[from] item: Leftovers\n|upkeep\n|\n|t:|1781465870\n|switch|p1a: Minun|Minun, L95, F|268/268\n|turn|20\n|\n|t:|1781465875\n|switch|p2a: Piloswine|Piloswine, L85, F|309/309\n|-activate|p2a: Piloswine|move: Sticky Web\n|-unboost|p2a: Piloswine|spe|1\n|move|p1a: Minun|Nasty Plot|p1a: Minun\n|-boost|p1a: Minun|spa|2\n|\n|upkeep\n|turn|21\n|\n|t:|1781465897\n|switch|p1a: Toucannon|Toucannon, L88, M|58/284\n|-terastallize|p2a: Piloswine|Dragon\n|move|p2a: Piloswine|Earthquake|p1a: Toucannon\n|-immune|p1a: Toucannon\n|\n|upkeep\n|turn|22\n|\n|t:|1781465909\n|-singleturn|p1a: Toucannon|move: Beak Blast\n|move|p2a: Piloswine|Stealth Rock|p1a: Toucannon\n|-sidestart|p1: Pokeoke|move: Stealth Rock\n|move|p1a: Toucannon|Beak Blast|p2a: Piloswine\n|-damage|p2a: Piloswine|206/309\n|\n|upkeep\n|turn|23\n|\n|t:|1781465915\n|-singleturn|p1a: Toucannon|move: Beak Blast\n|move|p2a: Piloswine|Icicle Crash|p1a: Toucannon\n|-supereffective|p1a: Toucannon\n|-damage|p1a: Toucannon|0 fnt\n|faint|p1a: Toucannon\n|\n|upkeep\n|\n|t:|1781465927\n|switch|p1a: Bombirdier|Bombirdier, L85, M|258/258\n|-damage|p1a: Bombirdier|194/258|[from] Stealth Rock\n|turn|24\n|\n|t:|1781465932\n|move|p1a: Bombirdier|Knock Off|p2a: Piloswine\n|-damage|p2a: Piloswine|122/309\n|-enditem|p2a: Piloswine|Eviolite|[from] move: Knock Off|[of] p1a: Bombirdier\n|move|p2a: Piloswine|Icicle Crash|p1a: Bombirdier\n|-supereffective|p1a: Bombirdier\n|-damage|p1a: Bombirdier|0 fnt\n|faint|p1a: Bombirdier\n|\n|upkeep\n|\n|t:|1781465937\n|switch|p1a: Minun|Minun, L95, F|268/268\n|-damage|p1a: Minun|235/268|[from] Stealth Rock\n|turn|25\n|inactive|hectorretaaa81 has 120 seconds left.\n|\n|t:|1781465979\n|move|p1a: Minun|Alluring Voice|p2a: Piloswine\n|-supereffective|p2a: Piloswine\n|-damage|p2a: Piloswine|0 fnt\n|faint|p2a: Piloswine\n|-damage|p1a: Minun|209/268|[from] item: Life Orb\n|\n|upkeep\n|\n|t:|1781465983\n|switch|p2a: Dragalge|Dragalge, L88, F|81/258\n|-activate|p2a: Dragalge|move: Sticky Web\n|-unboost|p2a: Dragalge|spe|1\n|turn|26\n|\n|t:|1781465988\n|-terastallize|p1a: Minun|Fairy\n|move|p1a: Minun|Alluring Voice|p2a: Dragalge\n|-damage|p2a: Dragalge|0 fnt\n|faint|p2a: Dragalge\n|-damage|p1a: Minun|183/268|[from] item: Life Orb\n|\n|upkeep\n|\n|t:|1781465992\n|switch|p2a: Gengar|Gengar, L81, F|230/230\n|-activate|p2a: Gengar|move: Sticky Web\n|-unboost|p2a: Gengar|spe|1\n|turn|27\n|\n|t:|1781465995\n|move|p1a: Minun|Thunderbolt|p2a: Gengar\n|-damage|p2a: Gengar|88/230\n|-damage|p1a: Minun|157/268|[from] item: Life Orb\n|move|p2a: Gengar|Sludge Wave|p1a: Minun\n|-supereffective|p1a: Minun\n|-damage|p1a: Minun|0 fnt\n|faint|p1a: Minun\n|-damage|p2a: Gengar|65/230|[from] item: Life Orb\n|\n|win|hectorretaaa81\n", "inputlog": ">version a8376a258c1d4662feba110a92103f3664a72141\n>start {\"formatid\":\"gen9randombattle\",\"seed\":\"sodium,e9c85a4350e80603d085f2cb124175d0\",\"rated\":\"Rated battle\"}\n>player p1 {\"name\":\"Pokeoke\",\"avatar\":\"266\",\"rating\":2010,\"seed\":\"sodium,36c88a4a2a8dff0bd1de95b566e3601a\"}\n>player p2 {\"name\":\"hectorretaaa81\",\"avatar\":\"170\",\"rating\":1947,\"seed\":\"sodium,1d41bde4a72cfc32348ebc9d6f8bdc3e\"}\n>p1 move beakblast\n>p2 move curse\n>p1 move boomburst\n>p2 move doubleedge\n>p1 switch 5\n>p2 switch 4\n>p1 move stickyweb\n>p2 switch 4\n>p1 move poisonjab\n>p2 move curse\n>p1 switch 6\n>p2 move doubleedge\n>p1 move dragondance\n>p2 move doubleedge\n>p1 move drainpunch\n>p2 move doubleedge\n>p2 switch 6\n>p1 move knockoff\n>p2 move beakblast\n>p1 switch 4\n>p1 move icebeam\n>p2 move uturn\n>p2 switch 3\n>p1 move icebeam\n>p2 move sludgewave\n>p1 switch 6\n>p2 move sludgewave\n>p1 move megahorn\n>p2 move dracometeor\n>p1 move toxicspikes\n>p2 move toxicspikes\n>p1 switch 5\n>p2 switch 4\n>p1 move uturn\n>p2 switch 3\n>p1 switch 5\n>p2 switch 5\n>p1 move megahorn\n>p2 move accelerock\n>p1 switch 6\n>p1 move surf\n>p2 switch 4\n>p1 move icebeam\n>p2 move dracometeor\n>p1 switch 2\n>p1 move nastyplot\n>p2 switch 2\n>p1 switch 5\n>p2 move earthquake terastallize\n>p1 move beakblast\n>p2 move stealthrock\n>p1 move beakblast\n>p2 move iciclecrash\n>p1 switch 3\n>p1 move knockoff\n>p2 move iciclecrash\n>p1 switch 5\n>p1 move alluringvoice\n>p2 move earthquake\n>p2 switch 2\n>p1 move alluringvoice terastallize\n>p2 move sludgewave\n>p2 switch 3\n>p1 move thunderbolt\n>p2 move sludgewave", "uploadtime": 1781465504, "views": 8, "formatid": "gen9randombattle", "rating": null, "private": 0, "password": null, "player_dets": [{"name": "Pokeoke", "avatar": "266", "rating": 2010, "seed": "sodium,36c88a4a2a8dff0bd1de95b566e3601a"}, {"name": "hectorretaaa81", "avatar": "170", "rating": 1947, "seed": "sodium,1d41bde4a72cfc32348ebc9d6f8bdc3e"}], "teams_full": [{"Toucannon": {"name": "Toucannon", "species": "Toucannon", "speciesId": "toucannon", "gender": "M", "shiny": false, "level": 88, "moves": ["boomburst", "uturn", "roost", "beakblast"], "ability": "Keen Eye", "evs": {"hp": 85, "atk": 85, "def": 85, "spa": 85, "spd": 85, "spe": 85}, "ivs": {"hp": 31, "atk": 31, "def": 31, "spa": 31, "spd": 31, "spe": 31}, "item": "Heavy-Duty Boots", "teraType": "Steel", "role": "Bulky Support", "bvs": {"hp": 80, "atk": 120, "def": 75, "spa": 75, "spd": 75, "spe": 60}, "stats": {"hp": 284, "atk": 261, "def": 182, "spa": 182, "spd": 182, "spe": 156}}, "Minun": {"name": "Minun", "species": "Minun", "speciesId": "minun", "gender": "F", "shiny": false, "level": 95, "moves": ["grassknot", "nastyplot", "alluringvoice", "thunderbolt"], "ability": "Volt Absorb", "evs": {"hp": 85, "atk": 0, "def": 85, "spa": 85, "spd": 85, "spe": 85}, "ivs": {"hp": 31, "atk": 0, "def": 31, "spa": 31, "spd": 31, "spe": 31}, "item": "Life Orb", "teraType": "Fairy", "role": "Setup Sweeper", "bvs": {"hp": 60, "atk": 40, "def": 50, "spa": 75, "spd": 85, "spe": 95}, "stats": {"hp": 268, "atk": 81, "def": 149, "spa": 196, "spd": 215, "spe": 234}}, "Bombirdier": {"name": "Bombirdier", "species": "Bombirdier", "speciesId": "bombirdier", "gender": "M", "shiny": false, "level": 85, "moves": ["knockoff", "bravebird", "stoneedge", "uturn"], "ability": "Rocky Payload", "evs": {"hp": 85, "atk": 85, "def": 85, "spa": 85, "spd": 85, "spe": 85}, "ivs": {"hp": 31, "atk": 31, "def": 31, "spa": 31, "spd": 31, "spe": 31}, "item": "Choice Scarf", "teraType": "Rock", "role": "Fast Attacker", "bvs": {"hp": 70, "atk": 103, "def": 85, "spa": 60, "spd": 85, "spe": 82}, "stats": {"hp": 258, "atk": 224, "def": 193, "spa": 151, "spd": 193, "spe": 188}}, "Manaphy": {"name": "Manaphy", "species": "Manaphy", "speciesId": "manaphy", "gender": "N", "shiny": false, "level": 78, "moves": ["surf", "icebeam", "energyball", "tailglow"], "ability": "Hydration", "evs": {"hp": 85, "atk": 0, "def": 85, "spa": 85, "spd": 85, "spe": 85}, "ivs": {"hp": 31, "atk": 0, "def": 31, "spa": 31, "spd": 31, "spe": 31}, "item": "Leftovers", "teraType": "Grass", "role": "Bulky Setup", "bvs": {"hp": 100, "atk": 100, "def": 100, "spa": 100, "spd": 100, "spe": 100}, "stats": {"hp": 284, "atk": 161, "def": 201, "spa": 201, "spd": 201, "spe": 201}}, "Ariados": {"name": "Ariados", "species": "Ariados", "speciesId": "ariados", "gender": "F", "shiny": false, "level": 95, "moves": ["megahorn", "stickyweb", "toxicspikes", "poisonjab"], "ability": "Swarm", "evs": {"hp": 85, "atk": 85, "def": 85, "spa": 85, "spd": 85, "spe": 85}, "ivs": {"hp": 31, "atk": 31, "def": 31, "spa": 31, "spd": 31, "spe": 31}, "item": "Heavy-Duty Boots", "teraType": "Ghost", "role": "Fast Support", "bvs": {"hp": 70, "atk": 90, "def": 70, "spa": 60, "spd": 70, "spe": 40}, "stats": {"hp": 287, "atk": 225, "def": 187, "spa": 168, "spd": 187, "spe": 130}}, "Scrafty": {"name": "Scrafty", "species": "Scrafty", "speciesId": "scrafty", "gender": "F", "shiny": false, "level": 83, "moves": ["poisonjab", "drainpunch", "dragondance", "knockoff"], "ability": "Intimidate", "evs": {"hp": 85, "atk": 85, "def": 85, "spa": 85, "spd": 85, "spe": 85}, "ivs": {"hp": 31, "atk": 31, "def": 31, "spa": 31, "spd": 31, "spe": 31}, "item": "Leftovers", "teraType": "Poison", "role": "Bulky Attacker", "bvs": {"hp": 65, "atk": 90, "def": 115, "spa": 45, "spd": 115, "spe": 58}, "stats": {"hp": 244, "atk": 197, "def": 239, "spa": 122, "spd": 239, "spe": 144}}}, {"Oinkologne": {"name": "Oinkologne", "species": "Oinkologne-F", "speciesId": "oinkolognef", "gender": "F", "shiny": false, "level": 92, "moves": ["doubleedge", "lashout", "curse", "highhorsepower"], "ability": "Thick Fat", "evs": {"hp": 85, "atk": 85, "def": 85, "spa": 85, "spd": 85, "spe": 85}, "ivs": {"hp": 31, "atk": 31, "def": 31, "spa": 31, "spd": 31, "spe": 31}, "item": "Leftovers", "teraType": "Ground", "role": "Bulky Setup", "bvs": {"hp": 115, "atk": 90, "def": 70, "spa": 59, "spd": 90, "spe": 65}, "stats": {"hp": 361, "atk": 218, "def": 181, "spa": 161, "spd": 218, "spe": 172}}, "Piloswine": {"name": "Piloswine", "species": "Piloswine", "speciesId": "piloswine", "gender": "F", "shiny": false, "level": 85, "moves": ["earthquake", "roar", "iciclecrash", "stealthrock"], "ability": "Thick Fat", "evs": {"hp": 85, "atk": 85, "def": 85, "spa": 85, "spd": 85, "spe": 85}, "ivs": {"hp": 31, "atk": 31, "def": 31, "spa": 31, "spd": 31, "spe": 31}, "item": "Eviolite", "teraType": "Dragon", "role": "Bulky Support", "bvs": {"hp": 100, "atk": 100, "def": 80, "spa": 60, "spd": 60, "spe": 50}, "stats": {"hp": 309, "atk": 219, "def": 185, "spa": 151, "spd": 151, "spe": 134}}, "Dragalge": {"name": "Dragalge", "species": "Dragalge", "speciesId": "dragalge", "gender": "F", "shiny": false, "level": 88, "moves": ["toxicspikes", "focusblast", "sludgewave", "dracometeor"], "ability": "Adaptability", "evs": {"hp": 85, "atk": 0, "def": 85, "spa": 85, "spd": 85, "spe": 85}, "ivs": {"hp": 31, "atk": 0, "def": 31, "spa": 31, "spd": 31, "spe": 31}, "item": "Leftovers", "teraType": "Fighting", "role": "Bulky Attacker", "bvs": {"hp": 65, "atk": 75, "def": 90, "spa": 97, "spd": 123, "spe": 44}, "stats": {"hp": 258, "atk": 137, "def": 209, "spa": 221, "spd": 267, "spe": 128}}, "Gengar": {"name": "Gengar", "species": "Gengar", "speciesId": "gengar", "gender": "F", "shiny": false, "level": 81, "moves": ["shadowball", "focusblast", "sludgewave", "willowisp"], "ability": "Cursed Body", "evs": {"hp": 85, "atk": 0, "def": 85, "spa": 85, "spd": 85, "spe": 85}, "ivs": {"hp": 31, "atk": 0, "def": 31, "spa": 31, "spd": 31, "spe": 31}, "item": "Life Orb", "teraType": "Dark", "role": "Fast Attacker", "bvs": {"hp": 60, "atk": 65, "def": 60, "spa": 130, "spd": 75, "spe": 110}, "stats": {"hp": 230, "atk": 110, "def": 144, "spa": 257, "spd": 168, "spe": 225}}, "Lycanroc": {"name": "Lycanroc", "species": "Lycanroc-Dusk", "speciesId": "lycanrocdusk", "gender": "M", "shiny": false, "level": 81, "moves": ["closecombat", "stoneedge", "psychicfangs", "accelerock"], "ability": "Tough Claws", "evs": {"hp": 85, "atk": 85, "def": 85, "spa": 85, "spd": 85, "spe": 85}, "ivs": {"hp": 31, "atk": 31, "def": 31, "spa": 31, "spd": 31, "spe": 31}, "item": "Choice Band", "teraType": "Fighting", "role": "Wallbreaker", "bvs": {"hp": 75, "atk": 117, "def": 65, "spa": 55, "spd": 65, "spe": 110}, "stats": {"hp": 254, "atk": 236, "def": 152, "spa": 136, "spd": 152, "spe": 225}}, "Toucannon": {"name": "Toucannon", "species": "Toucannon", "speciesId": "toucannon", "gender": "F", "shiny": false, "level": 88, "moves": ["beakblast", "uturn", "boomburst", "roost"], "ability": "Keen Eye", "evs": {"hp": 85, "atk": 85, "def": 85, "spa": 85, "spd": 85, "spe": 85}, "ivs": {"hp": 31, "atk": 31, "def": 31, "spa": 31, "spd": 31, "spe": 31}, "item": "Heavy-Duty Boots", "teraType": "Steel", "role": "Bulky Support", "bvs": {"hp": 80, "atk": 120, "def": 75, "spa": 75, "spd": 75, "spe": 60}, "stats": {"hp": 284, "atk": 261, "def": 182, "spa": 182, "spd": 182, "spe": 156}}}]}