{"id": "gen9randombattle-2631493638", "format": "[Gen 9] Random Battle", "players": ["f91swdg", "BafoDePiranha"], "log": "|j|\u2606f91swdg\n|j|\u2606BafoDePiranha\n|t:|1781392070\n|gametype|singles\n|player|p1|f91swdg|biker-gen4|2152\n|player|p2|BafoDePiranha|karen|2115\n|gen|9\n|tier|[Gen 9] Random Battle\n|rated|\n|rule|Species Clause: Limit one of each Pok\u00e9mon\n|rule|HP Percentage Mod: HP is shown in percentages\n|rule|Sleep Clause Mod: Limit one foe put to sleep\n|rule|Illusion Level Mod: Illusion disguises the Pok\u00e9mon's true level\n|\n|t:|1781392070\n|teamsize|p1|6\n|teamsize|p2|6\n|start\n|switch|p1a: Darkrai|Darkrai, L77|234/234\n|switch|p2a: Kommo-o|Kommo-o, L78, M|245/245\n|turn|1\n|inactive|Battle timer is ON: inactive players will automatically lose when time's up. (requested by f91swdg)\n|l|\u2606BafoDePiranha\n|inactive|BafoDePiranha disconnected and has a minute to reconnect!\n|player|p2|\n|j|\u2606BafoDePiranha\n|inactive|BafoDePiranha reconnected and has 140 seconds left.\n|player|p2|BafoDePiranha|karen|\n|\n|t:|1781392094\n|switch|p1a: Ribombee|Ribombee, L83, M|235/235\n|switch|p2a: Great Tusk|Great Tusk, L77|304/304\n|\n|upkeep\n|turn|2\n|\n|t:|1781392101\n|-end|p2a: Great Tusk|Protosynthesis|[silent]\n|switch|p2a: Eelektross|Eelektross, L87, F|290/290\n|move|p1a: Ribombee|Moonblast|p2a: Eelektross\n|-damage|p2a: Eelektross|227/290\n|-unboost|p2a: Eelektross|spa|1\n|\n|upkeep\n|turn|3\n|\n|t:|1781392111\n|move|p1a: Ribombee|Quiver Dance|p1a: Ribombee\n|-boost|p1a: Ribombee|spa|1\n|-boost|p1a: Ribombee|spd|1\n|-boost|p1a: Ribombee|spe|1\n|move|p2a: Eelektross|Discharge|p1a: Ribombee\n|-damage|p1a: Ribombee|183/235\n|\n|upkeep\n|turn|4\n|\n|t:|1781392116\n|move|p1a: Ribombee|Moonblast|p2a: Eelektross\n|-damage|p2a: Eelektross|134/290\n|-unboost|p2a: Eelektross|spa|1\n|move|p2a: Eelektross|U-turn|p1a: Ribombee\n|-resisted|p1a: Ribombee\n|-damage|p1a: Ribombee|144/235\n|\n|t:|1781392120\n|switch|p2a: Typhlosion|Typhlosion-Hisui, L83, M|257/257|[from] U-turn\n|\n|upkeep\n|turn|5\n|\n|t:|1781392127\n|-terastallize|p1a: Ribombee|Ground\n|move|p1a: Ribombee|Tera Blast|p2a: Typhlosion|[anim] Tera Blast Ground\n|-supereffective|p2a: Typhlosion\n|-damage|p2a: Typhlosion|0 fnt\n|faint|p2a: Typhlosion\n|\n|upkeep\n|\n|t:|1781392133\n|switch|p2a: Tropius|Tropius, L91, F|328/328\n|turn|6\n|\n|t:|1781392138\n|move|p1a: Ribombee|Bug Buzz|p2a: Tropius\n|-damage|p2a: Tropius|207/328\n|move|p2a: Tropius|Dragon Dance|p2a: Tropius\n|-boost|p2a: Tropius|atk|1\n|-boost|p2a: Tropius|spe|1\n|\n|upkeep\n|turn|7\n|\n|t:|1781392147\n|move|p1a: Ribombee|Moonblast|p2a: Tropius\n|-damage|p2a: Tropius|72/328\n|-unboost|p2a: Tropius|spa|1\n|-enditem|p2a: Tropius|Sitrus Berry|[eat]\n|-heal|p2a: Tropius|154/328|[from] item: Sitrus Berry\n|move|p2a: Tropius|Dual Wingbeat|p1a: Ribombee\n|-damage|p1a: Ribombee|65/235\n|-damage|p1a: Ribombee|0 fnt\n|faint|p1a: Ribombee\n|-hitcount|p1: Ribombee|2\n|\n|-item|p2a: Tropius|Sitrus Berry|[from] ability: Harvest\n|upkeep\n|-enditem|p2a: Tropius|Sitrus Berry|[eat]\n|-heal|p2a: Tropius|236/328|[from] item: Sitrus Berry\n|\n|t:|1781392152\n|switch|p1a: Noctowl|Noctowl, L95, M|344/344\n|turn|8\n|\n|t:|1781392164\n|move|p2a: Tropius|Dual Wingbeat|p1a: Noctowl\n|-damage|p1a: Noctowl|263/344\n|-damage|p1a: Noctowl|193/344\n|-hitcount|p1a: Noctowl|2\n|move|p1a: Noctowl|Hurricane|p2a: Tropius\n|-supereffective|p2a: Tropius\n|-damage|p2a: Tropius|0 fnt\n|faint|p2a: Tropius\n|\n|upkeep\n|\n|t:|1781392168\n|switch|p2a: Eelektross|Eelektross, L87, F|134/290\n|turn|9\n|\n|t:|1781392173\n|move|p1a: Noctowl|Hyper Voice|p2a: Eelektross\n|-damage|p2a: Eelektross|53/290\n|move|p2a: Eelektross|Discharge|p1a: Noctowl\n|-supereffective|p1a: Noctowl\n|-damage|p1a: Noctowl|25/344\n|-status|p1a: Noctowl|par\n|\n|upkeep\n|turn|10\n|\n|t:|1781392177\n|move|p2a: Eelektross|Discharge|p1a: Noctowl\n|-supereffective|p1a: Noctowl\n|-damage|p1a: Noctowl|0 fnt\n|faint|p1a: Noctowl\n|\n|upkeep\n|\n|t:|1781392189\n|switch|p1a: Zamazenta|Zamazenta, L71|248/248\n|-ability|p1a: Zamazenta|Dauntless Shield|boost\n|-boost|p1a: Zamazenta|def|1\n|turn|11\n|\n|t:|1781392194\n|move|p1a: Zamazenta|Body Press|p2a: Eelektross\n|-damage|p2a: Eelektross|0 fnt\n|faint|p2a: Eelektross\n|\n|upkeep\n|\n|t:|1781392215\n|switch|p2a: Kommo-o|Kommo-o, L78, M|245/245\n|turn|12\n|\n|t:|1781392222\n|move|p1a: Zamazenta|Body Press|p2a: Kommo-o\n|-damage|p2a: Kommo-o|157/245\n|move|p2a: Kommo-o|Clangorous Soul|p2a: Kommo-o\n|-boost|p2a: Kommo-o|atk|1\n|-boost|p2a: Kommo-o|def|1\n|-boost|p2a: Kommo-o|spa|1\n|-boost|p2a: Kommo-o|spd|1\n|-boost|p2a: Kommo-o|spe|1\n|-damage|p2a: Kommo-o|77/245\n|-enditem|p2a: Kommo-o|Throat Spray\n|-boost|p2a: Kommo-o|spa|1|[from] item: Throat Spray\n|\n|upkeep\n|turn|13\n|\n|t:|1781392225\n|move|p2a: Kommo-o|Drain Punch|p1a: Zamazenta\n|-damage|p1a: Zamazenta|176/248\n|-heal|p2a: Kommo-o|113/245|[from] drain|[of] p1a: Zamazenta\n|move|p1a: Zamazenta|Body Press|p2a: Kommo-o\n|-damage|p2a: Kommo-o|56/245\n|\n|-heal|p1a: Zamazenta|191/248|[from] item: Leftovers\n|upkeep\n|turn|14\n|\n|t:|1781392228\n|move|p2a: Kommo-o|Drain Punch|p1a: Zamazenta\n|-damage|p1a: Zamazenta|112/248\n|-heal|p2a: Kommo-o|96/245|[from] drain|[of] p1a: Zamazenta\n|move|p1a: Zamazenta|Iron Defense|p1a: Zamazenta\n|-boost|p1a: Zamazenta|def|2\n|\n|-heal|p1a: Zamazenta|127/248|[from] item: Leftovers\n|upkeep\n|turn|15\n|\n|t:|1781392231\n|move|p2a: Kommo-o|Drain Punch|p1a: Zamazenta\n|-crit|p1a: Zamazenta\n|-damage|p1a: Zamazenta|0 fnt\n|-heal|p2a: Kommo-o|160/245|[from] drain|[of] p1a: Zamazenta\n|faint|p1a: Zamazenta\n|\n|upkeep\n|\n|t:|1781392238\n|switch|p1a: Keldeo|Keldeo-Resolute, L79|273/273\n|turn|16\n|\n|t:|1781392240\n|move|p2a: Kommo-o|Drain Punch|p1a: Keldeo\n|-damage|p1a: Keldeo|147/273\n|-heal|p2a: Kommo-o|223/245|[from] drain|[of] p1a: Keldeo\n|move|p1a: Keldeo|Secret Sword|p2a: Kommo-o\n|-damage|p2a: Kommo-o|136/245\n|\n|upkeep\n|turn|17\n|-message|f91swdg forfeited.\n|\n|win|BafoDePiranha\n", "inputlog": ">version a8376a258c1d4662feba110a92103f3664a72141\n>start {\"formatid\":\"gen9randombattle\",\"seed\":\"sodium,50bdf090f2f8702192c05c3ea61fae33\",\"rated\":\"Rated battle\"}\n>player p1 {\"name\":\"f91swdg\",\"avatar\":\"biker-gen4\",\"rating\":2152,\"seed\":\"sodium,063fe8c0685759e5fa9d94de5921deb4\"}\n>player p2 {\"name\":\"BafoDePiranha\",\"avatar\":\"karen\",\"rating\":2115,\"seed\":\"sodium,dae122dcfcc46a4ea4dd765ce7750bcc\"}\n>p1 switch 4\n>p2 switch 2\n>p1 move moonblast\n>p2 switch 3\n>p1 move quiverdance\n>p2 move discharge\n>p1 move moonblast\n>p2 move uturn\n>p2 switch 6\n>p1 move terablast terastallize\n>p2 move fireblast\n>p2 switch 4\n>p1 move bugbuzz\n>p2 move dragondance\n>p1 move moonblast\n>p2 move dualwingbeat\n>p1 switch 6\n>p1 move hurricane\n>p2 move dualwingbeat\n>p2 switch 6\n>p1 move hypervoice\n>p2 move discharge\n>p1 move hypervoice\n>p2 move discharge\n>p1 switch 2\n>p1 move bodypress\n>p2 move discharge\n>p2 switch 2\n>p1 move bodypress\n>p2 move clangoroussoul\n>p1 move bodypress\n>p2 move drainpunch\n>p1 move irondefense\n>p2 move drainpunch\n>p1 move bodypress\n>p2 move drainpunch\n>p1 switch 3\n>p1 move secretsword\n>p2 move drainpunch\n>forcelose p1", "uploadtime": 1781392072, "views": 4, "formatid": "gen9randombattle", "rating": null, "private": 0, "password": null, "player_dets": [{"name": "f91swdg", "avatar": "biker-gen4", "rating": 2152, "seed": "sodium,063fe8c0685759e5fa9d94de5921deb4"}, {"name": "BafoDePiranha", "avatar": "karen", "rating": 2115, "seed": "sodium,dae122dcfcc46a4ea4dd765ce7750bcc"}], "teams_full": [{"Darkrai": {"name": "Darkrai", "species": "Darkrai", "speciesId": "darkrai", "gender": "N", "shiny": false, "level": 77, "moves": ["darkpulse", "nastyplot", "sludgebomb", "focusblast"], "ability": "Bad Dreams", "evs": {"hp": 85, "atk": 0, "def": 85, "spa": 85, "spd": 85, "spe": 85}, "ivs": {"hp": 31, "atk": 0, "def": 31, "spa": 31, "spd": 31, "spe": 31}, "item": "Life Orb", "teraType": "Poison", "role": "Setup Sweeper", "bvs": {"hp": 70, "atk": 90, "def": 90, "spa": 135, "spd": 90, "spe": 125}, "stats": {"hp": 234, "atk": 143, "def": 183, "spa": 252, "spd": 183, "spe": 237}, "types": ["Dark"]}, "Zamazenta": {"name": "Zamazenta", "species": "Zamazenta", "speciesId": "zamazenta", "gender": "N", "shiny": false, "level": 71, "moves": ["substitute", "irondefense", "crunch", "bodypress"], "ability": "Dauntless Shield", "evs": {"hp": 85, "atk": 85, "def": 85, "spa": 85, "spd": 85, "spe": 85}, "ivs": {"hp": 31, "atk": 31, "def": 31, "spa": 31, "spd": 31, "spe": 31}, "item": "Leftovers", "teraType": "Fighting", "role": "Bulky Setup", "bvs": {"hp": 92, "atk": 120, "def": 115, "spa": 80, "spd": 115, "spe": 138}, "stats": {"hp": 248, "atk": 212, "def": 205, "spa": 155, "spd": 205, "spe": 237}, "types": ["Fighting"]}, "Keldeo": {"name": "Keldeo", "species": "Keldeo-Resolute", "speciesId": "keldeoresolute", "gender": "N", "shiny": false, "level": 79, "moves": ["airslash", "hydropump", "flipturn", "secretsword"], "ability": "Justified", "evs": {"hp": 85, "atk": 85, "def": 85, "spa": 85, "spd": 85, "spe": 85}, "ivs": {"hp": 31, "atk": 31, "def": 31, "spa": 31, "spd": 31, "spe": 31}, "item": "Choice Specs", "teraType": "Water", "role": "Fast Attacker", "bvs": {"hp": 91, "atk": 72, "def": 90, "spa": 129, "spd": 90, "spe": 108}, "stats": {"hp": 273, "atk": 159, "def": 188, "spa": 249, "spd": 188, "spe": 216}, "types": ["Water", "Fighting"]}, "Ribombee": {"name": "Ribombee", "species": "Ribombee", "speciesId": "ribombee", "gender": "M", "shiny": false, "level": 83, "moves": ["bugbuzz", "quiverdance", "moonblast", "terablast"], "ability": "Shield Dust", "evs": {"hp": 85, "atk": 0, "def": 85, "spa": 85, "spd": 85, "spe": 85}, "ivs": {"hp": 31, "atk": 0, "def": 31, "spa": 31, "spd": 31, "spe": 31}, "item": "Heavy-Duty Boots", "teraType": "Ground", "role": "Tera Blast user", "bvs": {"hp": 60, "atk": 55, "def": 60, "spa": 95, "spd": 70, "spe": 124}, "stats": {"hp": 235, "atk": 96, "def": 147, "spa": 205, "spd": 164, "spe": 254}, "types": ["Bug", "Fairy"]}, "Raikou": {"name": "Raikou", "species": "Raikou", "speciesId": "raikou", "gender": "N", "shiny": false, "level": 81, "moves": ["calmmind", "thunderbolt", "shadowball", "scald"], "ability": "Pressure", "evs": {"hp": 85, "atk": 0, "def": 85, "spa": 85, "spd": 85, "spe": 85}, "ivs": {"hp": 31, "atk": 0, "def": 31, "spa": 31, "spd": 31, "spe": 31}, "item": "Leftovers", "teraType": "Water", "role": "Bulky Attacker", "bvs": {"hp": 90, "atk": 85, "def": 75, "spa": 115, "spd": 100, "spe": 115}, "stats": {"hp": 278, "atk": 142, "def": 168, "spa": 233, "spd": 209, "spe": 233}, "types": ["Electric"]}, "Noctowl": {"name": "Noctowl", "species": "Noctowl", "speciesId": "noctowl", "gender": "M", "shiny": false, "level": 95, "moves": ["defog", "hypervoice", "hurricane", "roost"], "ability": "Tinted Lens", "evs": {"hp": 85, "atk": 0, "def": 85, "spa": 85, "spd": 85, "spe": 85}, "ivs": {"hp": 31, "atk": 0, "def": 31, "spa": 31, "spd": 31, "spe": 31}, "item": "Heavy-Duty Boots", "teraType": "Normal", "role": "Bulky Attacker", "bvs": {"hp": 100, "atk": 50, "def": 50, "spa": 86, "spd": 96, "spe": 70}, "stats": {"hp": 344, "atk": 100, "def": 149, "spa": 217, "spd": 236, "spe": 187}, "types": ["Normal", "Flying"]}}, {"Kommo-o": {"name": "Kommo-o", "species": "Kommo-o", "speciesId": "kommoo", "gender": "M", "shiny": false, "level": 78, "moves": ["drainpunch", "ironhead", "clangingscales", "clangoroussoul"], "ability": "Soundproof", "evs": {"hp": 85, "atk": 85, "def": 85, "spa": 85, "spd": 85, "spe": 85}, "ivs": {"hp": 31, "atk": 31, "def": 31, "spa": 31, "spd": 31, "spe": 31}, "item": "Throat Spray", "teraType": "Steel", "role": "Fast Bulky Setup", "bvs": {"hp": 75, "atk": 110, "def": 125, "spa": 100, "spd": 105, "spe": 85}, "stats": {"hp": 245, "atk": 217, "def": 240, "spa": 201, "spd": 209, "spe": 178}, "types": ["Dragon", "Fighting"]}, "Great Tusk": {"name": "Great Tusk", "species": "Great Tusk", "speciesId": "greattusk", "gender": "N", "shiny": false, "level": 77, "moves": ["headlongrush", "rapidspin", "closecombat", "stealthrock"], "ability": "Protosynthesis", "evs": {"hp": 85, "atk": 85, "def": 85, "spa": 85, "spd": 85, "spe": 85}, "ivs": {"hp": 31, "atk": 31, "def": 31, "spa": 31, "spd": 31, "spe": 31}, "item": "Leftovers", "teraType": "Steel", "role": "Bulky Support", "bvs": {"hp": 115, "atk": 131, "def": 131, "spa": 53, "spd": 53, "spe": 87}, "stats": {"hp": 304, "atk": 246, "def": 246, "spa": 126, "spd": 126, "spe": 179}, "types": ["Ground", "Fighting"]}, "Eelektross": {"name": "Eelektross", "species": "Eelektross", "speciesId": "eelektross", "gender": "F", "shiny": false, "level": 87, "moves": ["uturn", "discharge", "closecombat", "dragontail"], "ability": "Levitate", "evs": {"hp": 85, "atk": 85, "def": 85, "spa": 85, "spd": 85, "spe": 85}, "ivs": {"hp": 31, "atk": 31, "def": 31, "spa": 31, "spd": 31, "spe": 31}, "item": "Assault Vest", "teraType": "Steel", "role": "AV Pivot", "bvs": {"hp": 85, "atk": 115, "def": 80, "spa": 105, "spd": 80, "spe": 50}, "stats": {"hp": 290, "atk": 250, "def": 189, "spa": 232, "spd": 189, "spe": 137}, "types": ["Electric"]}, "Tropius": {"name": "Tropius", "species": "Tropius", "speciesId": "tropius", "gender": "F", "shiny": false, "level": 91, "moves": ["synthesis", "dragondance", "earthquake", "dualwingbeat"], "ability": "Harvest", "evs": {"hp": 85, "atk": 85, "def": 85, "spa": 85, "spd": 85, "spe": 85}, "ivs": {"hp": 31, "atk": 31, "def": 31, "spa": 31, "spd": 31, "spe": 31}, "item": "Sitrus Berry", "teraType": "Ground", "role": "Setup Sweeper", "bvs": {"hp": 99, "atk": 68, "def": 83, "spa": 72, "spd": 87, "spe": 51}, "stats": {"hp": 328, "atk": 176, "def": 203, "spa": 183, "spd": 210, "spe": 145}, "types": ["Grass", "Flying"]}, "Floatzel": {"name": "Floatzel", "species": "Floatzel", "speciesId": "floatzel", "gender": "M", "shiny": false, "level": 86, "moves": ["wavecrash", "flipturn", "icespinner", "crunch"], "ability": "Water Veil", "evs": {"hp": 85, "atk": 85, "def": 85, "spa": 85, "spd": 85, "spe": 85}, "ivs": {"hp": 31, "atk": 31, "def": 31, "spa": 31, "spd": 31, "spe": 31}, "item": "Choice Band", "teraType": "Water", "role": "Wallbreaker", "bvs": {"hp": 85, "atk": 105, "def": 55, "spa": 85, "spd": 50, "spe": 115}, "stats": {"hp": 286, "atk": 230, "def": 144, "spa": 195, "spd": 135, "spe": 247}, "types": ["Water"]}, "Typhlosion": {"name": "Typhlosion", "species": "Typhlosion-Hisui", "speciesId": "typhlosionhisui", "gender": "M", "shiny": false, "level": 83, "moves": ["shadowball", "fireblast", "eruption", "focusblast"], "ability": "Blaze", "evs": {"hp": 85, "atk": 0, "def": 85, "spa": 85, "spd": 85, "spe": 85}, "ivs": {"hp": 31, "atk": 0, "def": 31, "spa": 31, "spd": 31, "spe": 31}, "item": "Choice Specs", "teraType": "Fire", "role": "Fast Attacker", "bvs": {"hp": 73, "atk": 84, "def": 78, "spa": 119, "spd": 85, "spe": 95}, "stats": {"hp": 257, "atk": 144, "def": 177, "spa": 245, "spd": 189, "spe": 205}, "types": ["Fire", "Ghost"]}}]}