{"id": "gen9randombattle-2632006752", "format": "[Gen 9] Random Battle", "players": ["ivancrist\u2206", "justinprim"], "log": "|j|\u2606ivancrist\u2206\n|j|\u2606justinprim\n|t:|1781465229\n|gametype|singles\n|player|p1|ivancrist\u2206|169|1902\n|player|p2|justinprim|101|1998\n|gen|9\n|tier|[Gen 9] Random Battle\n|rated|\n|rule|Species Clause: Limit one of each Pok\u00e9mon\n|rule|HP Percentage Mod: HP is shown in percentages\n|rule|Sleep Clause Mod: Limit one foe put to sleep\n|rule|Illusion Level Mod: Illusion disguises the Pok\u00e9mon's true level\n|\n|t:|1781465229\n|teamsize|p1|6\n|teamsize|p2|6\n|start\n|switch|p1a: Dunsparce|Dunsparce, L86, M|312/312\n|switch|p2a: Probopass|Probopass, L91, M|257/257\n|turn|1\n|inactive|Battle timer is ON: inactive players will automatically lose when time's up. (requested by ivancrist\u2206)\n|\n|t:|1781465240\n|switch|p2a: Uxie|Uxie, L83|260/260\n|move|p1a: Dunsparce|Coil|p1a: Dunsparce\n|-boost|p1a: Dunsparce|atk|1\n|-boost|p1a: Dunsparce|def|1\n|-boost|p1a: Dunsparce|accuracy|1\n|\n|upkeep\n|turn|2\n|\n|t:|1781465243\n|move|p2a: Uxie|Thunder Wave|p1a: Dunsparce\n|-status|p1a: Dunsparce|par\n|move|p1a: Dunsparce|Body Slam|p2a: Uxie\n|-damage|p2a: Uxie|170/260\n|\n|-heal|p2a: Uxie|186/260|[from] item: Leftovers\n|upkeep\n|turn|3\n|\n|t:|1781465248\n|move|p2a: Uxie|Stealth Rock|p1a: Dunsparce\n|-sidestart|p1: ivancrist\u2206|move: Stealth Rock\n|cant|p1a: Dunsparce|par\n|\n|-heal|p2a: Uxie|202/260|[from] item: Leftovers\n|upkeep\n|turn|4\n|\n|t:|1781465251\n|move|p2a: Uxie|Psychic Noise|p1a: Dunsparce\n|-damage|p1a: Dunsparce|260/312 par\n|-start|p1a: Dunsparce|move: Heal Block\n|cant|p1a: Dunsparce|par\n|\n|-heal|p2a: Uxie|218/260|[from] item: Leftovers\n|upkeep\n|turn|5\n|\n|t:|1781465260\n|move|p2a: Uxie|U-turn|p1a: Dunsparce\n|-damage|p1a: Dunsparce|237/312 par\n|\n|t:|1781465261\n|switch|p2a: Probopass|Probopass, L91, M|257/257|[from] U-turn\n|move|p1a: Dunsparce|Body Slam|p2a: Probopass\n|-resisted|p2a: Probopass\n|-damage|p2a: Probopass|239/257\n|\n|-end|p1a: Dunsparce|move: Heal Block\n|upkeep\n|turn|6\n|\n|t:|1781465273\n|move|p2a: Probopass|Iron Defense|p2a: Probopass\n|-boost|p2a: Probopass|def|2\n|move|p1a: Dunsparce|Coil|p1a: Dunsparce\n|-boost|p1a: Dunsparce|atk|1\n|-boost|p1a: Dunsparce|def|1\n|-boost|p1a: Dunsparce|accuracy|1\n|\n|upkeep\n|turn|7\n|\n|t:|1781465276\n|-terastallize|p1a: Dunsparce|Ground\n|move|p2a: Probopass|Body Press|p1a: Dunsparce\n|-damage|p1a: Dunsparce|170/312 par\n|move|p1a: Dunsparce|Coil|p1a: Dunsparce\n|-boost|p1a: Dunsparce|atk|1\n|-boost|p1a: Dunsparce|def|1\n|-boost|p1a: Dunsparce|accuracy|1\n|\n|upkeep\n|turn|8\n|\n|t:|1781465280\n|move|p2a: Probopass|Iron Defense|p2a: Probopass\n|-boost|p2a: Probopass|def|2\n|move|p1a: Dunsparce|Roost|p1a: Dunsparce\n|-heal|p1a: Dunsparce|312/312 par\n|\n|upkeep\n|turn|9\n|\n|t:|1781465289\n|move|p2a: Probopass|Body Press|p1a: Dunsparce\n|-damage|p1a: Dunsparce|233/312 par\n|cant|p1a: Dunsparce|par\n|\n|upkeep\n|turn|10\n|\n|t:|1781465294\n|switch|p2a: Politoed|Politoed, L88, F|302/302\n|-weather|RainDance|[from] ability: Drizzle|[of] p2a: Politoed\n|move|p1a: Dunsparce|Coil|p1a: Dunsparce\n|-boost|p1a: Dunsparce|atk|1\n|-boost|p1a: Dunsparce|def|1\n|-boost|p1a: Dunsparce|accuracy|1\n|\n|-weather|RainDance|[upkeep]\n|upkeep\n|turn|11\n|\n|t:|1781465301\n|move|p2a: Politoed|Weather Ball|p1a: Dunsparce\n|-supereffective|p1a: Dunsparce\n|-damage|p1a: Dunsparce|0 fnt\n|faint|p1a: Dunsparce\n|\n|-weather|RainDance|[upkeep]\n|upkeep\n|\n|t:|1781465308\n|switch|p1a: Registeel|Registeel, L81|262/262\n|-damage|p1a: Registeel|246/262|[from] Stealth Rock\n|turn|12\n|\n|t:|1781465311\n|move|p2a: Politoed|Weather Ball|p1a: Registeel\n|-damage|p1a: Registeel|93/262\n|move|p1a: Registeel|Body Press|p2a: Politoed\n|-damage|p2a: Politoed|216/302\n|\n|-weather|RainDance|[upkeep]\n|upkeep\n|turn|13\n|\n|t:|1781465313\n|move|p2a: Politoed|Weather Ball|p1a: Registeel\n|-damage|p1a: Registeel|0 fnt\n|faint|p1a: Registeel\n|\n|-weather|RainDance|[upkeep]\n|upkeep\n|\n|t:|1781465316\n|switch|p1a: Klefki|Klefki, L84, M|233/233\n|-damage|p1a: Klefki|219/233|[from] Stealth Rock\n|turn|14\n|\n|t:|1781465323\n|move|p1a: Klefki|Thunder Wave|p2a: Politoed\n|-status|p2a: Politoed|par\n|cant|p2a: Politoed|par\n|\n|-weather|none\n|-heal|p1a: Klefki|233/233|[from] item: Leftovers\n|upkeep\n|turn|15\n|l|\u2606ivancrist\u2206\n|inactive|ivancrist\u2206 disconnected and has a minute to reconnect!\n|player|p1|\n|inactive|ivancrist\u2206 has 30 seconds to reconnect!\n|inactive|ivancrist\u2206 has 20 seconds to reconnect!\n|inactive|ivancrist\u2206 has 15 seconds to reconnect!\n|inactive|ivancrist\u2206 has 10 seconds to reconnect!\n|inactive|ivancrist\u2206 has 5 seconds to reconnect!\n|-message|ivancrist\u2206 lost due to inactivity.\n|\n|win|justinprim\n", "inputlog": ">version a8376a258c1d4662feba110a92103f3664a72141\n>start {\"formatid\":\"gen9randombattle\",\"seed\":\"sodium,a2478a1699b062cf216ea71768b2d300\",\"rated\":\"Rated battle\"}\n>player p1 {\"name\":\"ivancrist\u2206\",\"avatar\":\"169\",\"rating\":1902,\"seed\":\"sodium,78a10f421c9b95bed8c4c60229fd31db\"}\n>player p2 {\"name\":\"justinprim\",\"avatar\":\"101\",\"rating\":1998,\"seed\":\"sodium,59ce17e5f00c7bc5325e152a06767695\"}\n>p1 move coil\n>p2 switch 5\n>p1 move bodyslam\n>p2 move thunderwave\n>p1 move bodyslam\n>p2 move stealthrock\n>p1 move bodyslam\n>p2 move psychicnoise\n>p1 move bodyslam\n>p2 move uturn\n>p2 switch 5\n>p1 move coil\n>p2 move irondefense\n>p1 move coil terastallize\n>p2 move bodypress\n>p1 move roost\n>p2 move irondefense\n>p1 move coil\n>p2 move bodypress\n>p1 move coil\n>p2 switch 2\n>p1 move earthquake\n>p2 move weatherball\n>p1 switch 3\n>p1 move bodypress\n>p2 move weatherball\n>p1 move rest\n>p2 move weatherball\n>p1 switch 4\n>p1 move thunderwave\n>p2 move weatherball\n>forcelose p1", "uploadtime": 1781465230, "views": 7, "formatid": "gen9randombattle", "rating": null, "private": 0, "password": null, "player_dets": [{"name": "ivancrist\u2206", "avatar": "169", "rating": 1902, "seed": "sodium,78a10f421c9b95bed8c4c60229fd31db"}, {"name": "justinprim", "avatar": "101", "rating": 1998, "seed": "sodium,59ce17e5f00c7bc5325e152a06767695"}], "teams_full": [{"Dunsparce": {"name": "Dunsparce", "species": "Dunsparce", "speciesId": "dunsparce", "gender": "M", "shiny": false, "level": 86, "moves": ["bodyslam", "coil", "roost", "earthquake"], "ability": "Serene Grace", "evs": {"hp": 85, "atk": 85, "def": 85, "spa": 85, "spd": 85, "spe": 85}, "ivs": {"hp": 31, "atk": 31, "def": 31, "spa": 31, "spd": 31, "spe": 31}, "item": "Eviolite", "teraType": "Ground", "role": "Bulky Setup", "bvs": {"hp": 100, "atk": 70, "def": 70, "spa": 65, "spd": 65, "spe": 45}, "stats": {"hp": 312, "atk": 170, "def": 170, "spa": 161, "spd": 161, "spe": 127}, "types": ["Normal"]}, "Iron Boulder": {"name": "Iron Boulder", "species": "Iron Boulder", "speciesId": "ironboulder", "gender": "N", "shiny": false, "level": 77, "moves": ["zenheadbutt", "closecombat", "mightycleave", "swordsdance"], "ability": "Quark Drive", "evs": {"hp": 85, "atk": 85, "def": 85, "spa": 85, "spd": 85, "spe": 85}, "ivs": {"hp": 31, "atk": 31, "def": 31, "spa": 31, "spd": 31, "spe": 31}, "item": "Booster Energy", "teraType": "Fighting", "role": "Fast Bulky Setup", "bvs": {"hp": 90, "atk": 120, "def": 80, "spa": 68, "spd": 108, "spe": 124}, "stats": {"hp": 265, "atk": 229, "def": 168, "spa": 149, "spd": 211, "spe": 236}, "types": ["Rock", "Psychic"]}, "Registeel": {"name": "Registeel", "species": "Registeel", "speciesId": "registeel", "gender": "N", "shiny": false, "level": 81, "moves": ["irondefense", "rest", "ironhead", "bodypress"], "ability": "Clear Body", "evs": {"hp": 85, "atk": 85, "def": 85, "spa": 85, "spd": 85, "spe": 85}, "ivs": {"hp": 31, "atk": 31, "def": 31, "spa": 31, "spd": 31, "spe": 31}, "item": "Chesto Berry", "teraType": "Fighting", "role": "Bulky Setup", "bvs": {"hp": 80, "atk": 75, "def": 150, "spa": 75, "spd": 150, "spe": 50}, "stats": {"hp": 262, "atk": 168, "def": 290, "spa": 168, "spd": 290, "spe": 128}, "types": ["Steel"]}, "Klefki": {"name": "Klefki", "species": "Klefki", "speciesId": "klefki", "gender": "M", "shiny": false, "level": 84, "moves": ["dazzlinggleam", "foulplay", "thunderwave", "spikes"], "ability": "Prankster", "evs": {"hp": 85, "atk": 0, "def": 85, "spa": 85, "spd": 85, "spe": 85}, "ivs": {"hp": 31, "atk": 0, "def": 31, "spa": 31, "spd": 31, "spe": 31}, "item": "Leftovers", "teraType": "Flying", "role": "Bulky Attacker", "bvs": {"hp": 57, "atk": 80, "def": 91, "spa": 80, "spd": 87, "spe": 75}, "stats": {"hp": 233, "atk": 139, "def": 201, "spa": 183, "spd": 194, "spe": 174}, "types": ["Steel", "Fairy"]}, "Terapagos": {"name": "Terapagos", "species": "Terapagos", "speciesId": "terapagos", "gender": "F", "shiny": false, "level": 77, "moves": ["calmmind", "rest", "darkpulse", "terastarstorm"], "ability": "Tera Shift", "evs": {"hp": 85, "atk": 0, "def": 85, "spa": 85, "spd": 85, "spe": 85}, "ivs": {"hp": 31, "atk": 0, "def": 31, "spa": 31, "spd": 31, "spe": 31}, "item": "Chesto Berry", "teraType": "Stellar", "role": "Setup Sweeper", "bvs": {"hp": 90, "atk": 65, "def": 85, "spa": 65, "spd": 85, "spe": 60}, "stats": {"hp": 265, "atk": 105, "def": 175, "spa": 145, "spd": 175, "spe": 137}, "types": ["Normal"]}, "Reuniclus": {"name": "Reuniclus", "species": "Reuniclus", "speciesId": "reuniclus", "gender": "M", "shiny": false, "level": 88, "moves": ["psyshock", "recover", "calmmind", "focusblast"], "ability": "Magic Guard", "evs": {"hp": 85, "atk": 0, "def": 85, "spa": 85, "spd": 85, "spe": 85}, "ivs": {"hp": 31, "atk": 0, "def": 31, "spa": 31, "spd": 31, "spe": 31}, "item": "Life Orb", "teraType": "Fighting", "role": "Bulky Setup", "bvs": {"hp": 110, "atk": 65, "def": 75, "spa": 125, "spd": 85, "spe": 30}, "stats": {"hp": 337, "atk": 119, "def": 182, "spa": 270, "spd": 200, "spe": 103}, "types": ["Psychic"]}}, {"Probopass": {"name": "Probopass", "species": "Probopass", "speciesId": "probopass", "gender": "M", "shiny": false, "level": 91, "moves": ["rest", "flashcannon", "irondefense", "bodypress"], "ability": "Magnet Pull", "evs": {"hp": 85, "atk": 0, "def": 85, "spa": 85, "spd": 85, "spe": 85}, "ivs": {"hp": 31, "atk": 0, "def": 31, "spa": 31, "spd": 31, "spe": 31}, "item": "Chesto Berry", "teraType": "Fighting", "role": "Bulky Setup", "bvs": {"hp": 60, "atk": 55, "def": 145, "spa": 75, "spd": 150, "spe": 40}, "stats": {"hp": 257, "atk": 105, "def": 316, "spa": 188, "spd": 325, "spe": 125}, "types": ["Rock", "Steel"]}, "Politoed": {"name": "Politoed", "species": "Politoed", "speciesId": "politoed", "gender": "F", "shiny": false, "level": 88, "moves": ["weatherball", "focusblast", "icebeam", "hydropump"], "ability": "Drizzle", "evs": {"hp": 85, "atk": 0, "def": 85, "spa": 85, "spd": 85, "spe": 85}, "ivs": {"hp": 31, "atk": 0, "def": 31, "spa": 31, "spd": 31, "spe": 31}, "item": "Choice Specs", "teraType": "Water", "role": "Fast Attacker", "bvs": {"hp": 90, "atk": 75, "def": 75, "spa": 90, "spd": 100, "spe": 70}, "stats": {"hp": 302, "atk": 137, "def": 182, "spa": 209, "spd": 226, "spe": 173}, "types": ["Water"]}, "Meowstic": {"name": "Meowstic", "species": "Meowstic", "speciesId": "meowstic", "gender": "M", "shiny": false, "level": 89, "moves": ["reflect", "psychicnoise", "alluringvoice", "lightscreen"], "ability": "Prankster", "evs": {"hp": 85, "atk": 0, "def": 85, "spa": 85, "spd": 85, "spe": 85}, "ivs": {"hp": 31, "atk": 0, "def": 31, "spa": 31, "spd": 31, "spe": 31}, "item": "Light Clay", "teraType": "Fairy", "role": "Bulky Support", "bvs": {"hp": 74, "atk": 48, "def": 76, "spa": 83, "spd": 81, "spe": 104}, "stats": {"hp": 277, "atk": 90, "def": 186, "spa": 199, "spd": 195, "spe": 236}, "types": ["Psychic"]}, "Bellossom": {"name": "Bellossom", "species": "Bellossom", "speciesId": "bellossom", "gender": "M", "shiny": false, "level": 84, "moves": ["gigadrain", "quiverdance", "strengthsap", "terablast"], "ability": "Chlorophyll", "evs": {"hp": 85, "atk": 0, "def": 85, "spa": 85, "spd": 85, "spe": 85}, "ivs": {"hp": 31, "atk": 0, "def": 31, "spa": 31, "spd": 31, "spe": 31}, "item": "Leftovers", "teraType": "Rock", "role": "Tera Blast user", "bvs": {"hp": 75, "atk": 80, "def": 95, "spa": 90, "spd": 100, "spe": 50}, "stats": {"hp": 263, "atk": 139, "def": 208, "spa": 199, "spd": 216, "spe": 132}, "types": ["Grass"]}, "Uxie": {"name": "Uxie", "species": "Uxie", "speciesId": "uxie", "gender": "N", "shiny": false, "level": 83, "moves": ["psychicnoise", "stealthrock", "thunderwave", "uturn"], "ability": "Levitate", "evs": {"hp": 85, "atk": 85, "def": 85, "spa": 85, "spd": 85, "spe": 85}, "ivs": {"hp": 31, "atk": 31, "def": 31, "spa": 31, "spd": 31, "spe": 31}, "item": "Leftovers", "teraType": "Steel", "role": "Bulky Support", "bvs": {"hp": 75, "atk": 75, "def": 130, "spa": 75, "spd": 130, "spe": 95}, "stats": {"hp": 260, "atk": 172, "def": 263, "spa": 172, "spd": 263, "spe": 205}, "types": ["Psychic"]}, "Feraligatr": {"name": "Feraligatr", "species": "Feraligatr", "speciesId": "feraligatr", "gender": "F", "shiny": false, "level": 79, "moves": ["dragondance", "liquidation", "crunch", "icepunch"], "ability": "Sheer Force", "evs": {"hp": 85, "atk": 85, "def": 85, "spa": 85, "spd": 85, "spe": 85}, "ivs": {"hp": 31, "atk": 31, "def": 31, "spa": 31, "spd": 31, "spe": 31}, "item": "Life Orb", "teraType": "Dark", "role": "Fast Bulky Setup", "bvs": {"hp": 85, "atk": 105, "def": 100, "spa": 79, "spd": 83, "spe": 78}, "stats": {"hp": 264, "atk": 211, "def": 204, "spa": 170, "spd": 177, "spe": 169}, "types": ["Water"]}}]}