{"id": "gen9randombattle-2631947893", "format": "[Gen 9] Random Battle", "players": ["hello779", "eyy can you don't"], "log": "|j|\u2606hello779\n|j|\u2606eyy can you don't\n|t:|1781458798\n|gametype|singles\n|player|p1|hello779|170|1998\n|player|p2|eyy can you don't|backpacker|2046\n|gen|9\n|tier|[Gen 9] Random Battle\n|rated|\n|rule|Species Clause: Limit one of each Pok\u00e9mon\n|rule|HP Percentage Mod: HP is shown in percentages\n|rule|Sleep Clause Mod: Limit one foe put to sleep\n|rule|Illusion Level Mod: Illusion disguises the Pok\u00e9mon's true level\n|\n|t:|1781458798\n|teamsize|p1|6\n|teamsize|p2|6\n|start\n|switch|p1a: Mightyena|Mightyena, L96, F|290/290\n|switch|p2a: Morpeko|Morpeko, L88, F|245/245\n|-ability|p1a: Mightyena|Intimidate|boost\n|-unboost|p2a: Morpeko|atk|1\n|turn|1\n|inactive|Battle timer is ON: inactive players will automatically lose when time's up. (requested by hello779)\n|\n|t:|1781458805\n|move|p2a: Morpeko|Protect|p2a: Morpeko\n|-singleturn|p2a: Morpeko|Protect\n|move|p1a: Mightyena|Poison Fang|p2a: Morpeko\n|-activate|p2a: Morpeko|move: Protect\n|\n|-formechange|p2a: Morpeko|Morpeko-Hangry||[from] ability: Hunger Switch\n|upkeep\n|turn|2\n|\n|t:|1781458817\n|switch|p2a: Hydreigon|Hydreigon, L79, M|275/275\n|move|p1a: Mightyena|Poison Fang|p2a: Hydreigon\n|-damage|p2a: Hydreigon|228/275\n|\n|upkeep\n|turn|3\n|\n|t:|1781458844\n|move|p2a: Hydreigon|U-turn|p1a: Mightyena\n|-supereffective|p1a: Mightyena\n|-damage|p1a: Mightyena|186/290\n|\n|t:|1781458850\n|switch|p2a: Vigoroth|Vigoroth, L85, F|275/275|[from] U-turn\n|move|p1a: Mightyena|Poison Fang|p2a: Vigoroth\n|-damage|p2a: Vigoroth|244/275\n|\n|-heal|p1a: Mightyena|204/290|[from] item: Leftovers\n|upkeep\n|turn|4\n|\n|t:|1781458862\n|move|p2a: Vigoroth|Bulk Up|p2a: Vigoroth\n|-boost|p2a: Vigoroth|atk|1\n|-boost|p2a: Vigoroth|def|1\n|move|p1a: Mightyena|Poison Fang|p2a: Vigoroth\n|-damage|p2a: Vigoroth|224/275\n|\n|-heal|p1a: Mightyena|222/290|[from] item: Leftovers\n|upkeep\n|turn|5\n|\n|t:|1781458876\n|move|p2a: Vigoroth|Body Slam|p1a: Mightyena\n|-damage|p1a: Mightyena|89/290\n|-status|p1a: Mightyena|par\n|move|p1a: Mightyena|Poison Fang|p2a: Vigoroth\n|-damage|p2a: Vigoroth|203/275\n|\n|-heal|p1a: Mightyena|107/290 par|[from] item: Leftovers\n|upkeep\n|turn|6\n|c|\u2606hello779|Wtf\n|\n|t:|1781458890\n|switch|p1a: Rotom|Rotom, L88|231/231\n|move|p2a: Vigoroth|Body Slam|p1a: Rotom\n|-immune|p1a: Rotom\n|\n|upkeep\n|turn|7\n|\n|t:|1781458895\n|switch|p2a: Hydreigon|Hydreigon, L79, M|228/275\n|move|p1a: Rotom|Thunderbolt|p2a: Hydreigon\n|-resisted|p2a: Hydreigon\n|-damage|p2a: Hydreigon|174/275\n|-status|p2a: Hydreigon|par\n|\n|upkeep\n|turn|8\n|\n|t:|1781458912\n|switch|p1a: Mightyena|Mightyena, L96, F|107/290 par\n|-ability|p1a: Mightyena|Intimidate|boost\n|-unboost|p2a: Hydreigon|atk|1\n|move|p2a: Hydreigon|U-turn|p1a: Mightyena\n|-supereffective|p1a: Mightyena\n|-damage|p1a: Mightyena|39/290 par\n|\n|t:|1781458915\n|switch|p2a: Morpeko|Morpeko, L88, F|245/245|[from] U-turn\n|\n|-heal|p1a: Mightyena|57/290 par|[from] item: Leftovers\n|-formechange|p2a: Morpeko|Morpeko-Hangry||[from] ability: Hunger Switch\n|upkeep\n|turn|9\n|\n|t:|1781458919\n|move|p2a: Morpeko|Protect|p2a: Morpeko\n|-singleturn|p2a: Morpeko|Protect\n|move|p1a: Mightyena|Sucker Punch||[still]\n|-fail|p1a: Mightyena\n|\n|-heal|p1a: Mightyena|75/290 par|[from] item: Leftovers\n|-formechange|p2a: Morpeko|Morpeko||[from] ability: Hunger Switch\n|upkeep\n|turn|10\n|\n|t:|1781458922\n|move|p2a: Morpeko|Aura Wheel|p1a: Mightyena\n|-damage|p1a: Mightyena|0 fnt\n|-boost|p2a: Morpeko|spe|1\n|faint|p1a: Mightyena\n|\n|-formechange|p2a: Morpeko|Morpeko-Hangry||[from] ability: Hunger Switch\n|upkeep\n|\n|t:|1781458927\n|switch|p1a: Hitmontop|Hitmontop, L88, M|231/231\n|turn|11\n|\n|t:|1781458931\n|switch|p2a: Mewtwo|Mewtwo, L72|272/272\n|-ability|p2a: Mewtwo|Pressure\n|move|p1a: Hitmontop|Rapid Spin|p2a: Mewtwo\n|-damage|p2a: Mewtwo|203/272\n|-boost|p1a: Hitmontop|spe|1\n|\n|upkeep\n|turn|12\n|\n|t:|1781458952\n|move|p1a: Hitmontop|Bulk Up|p1a: Hitmontop\n|-boost|p1a: Hitmontop|atk|1\n|-boost|p1a: Hitmontop|def|1\n|move|p2a: Mewtwo|Psystrike|p1a: Hitmontop\n|-supereffective|p1a: Hitmontop\n|-damage|p1a: Hitmontop|49/231\n|-damage|p2a: Mewtwo|176/272|[from] item: Life Orb\n|\n|-heal|p1a: Hitmontop|63/231|[from] item: Leftovers\n|upkeep\n|turn|13\n|inactive|eyy can you don't has 120 seconds left.\n|\n|t:|1781458978\n|move|p1a: Hitmontop|Triple Axel|p2a: Mewtwo|[miss]\n|-miss|p1a: Hitmontop|p2a: Mewtwo\n|move|p2a: Mewtwo|Psystrike|p1a: Hitmontop\n|-supereffective|p1a: Hitmontop\n|-damage|p1a: Hitmontop|0 fnt\n|faint|p1a: Hitmontop\n|-damage|p2a: Mewtwo|149/272|[from] item: Life Orb\n|\n|upkeep\n|c|\u2606hello779|That's some sick rng\n|\n|t:|1781458992\n|switch|p1a: Lilligant|Lilligant, L86, F|261/261\n|turn|14\n|inactive|eyy can you don't has 120 seconds left.\n|\n|t:|1781459009\n|move|p2a: Mewtwo|Fire Blast|p1a: Lilligant\n|-supereffective|p1a: Lilligant\n|-damage|p1a: Lilligant|35/261\n|-damage|p2a: Mewtwo|122/272|[from] item: Life Orb\n|move|p1a: Lilligant|Quiver Dance|p1a: Lilligant\n|-boost|p1a: Lilligant|spa|1\n|-boost|p1a: Lilligant|spd|1\n|-boost|p1a: Lilligant|spe|1\n|\n|upkeep\n|turn|15\n|\n|t:|1781459014\n|move|p1a: Lilligant|Giga Drain|p2a: Mewtwo\n|-damage|p2a: Mewtwo|0 fnt\n|-heal|p1a: Lilligant|96/261|[from] drain|[of] p2a: Mewtwo\n|faint|p2a: Mewtwo\n|-damage|p1a: Lilligant|70/261|[from] item: Life Orb\n|\n|upkeep\n|inactive|eyy can you don't has 120 seconds left.\n|\n|t:|1781459041\n|switch|p2a: Vigoroth|Vigoroth, L85, F|203/275\n|turn|16\n|\n|t:|1781459052\n|move|p1a: Lilligant|Sleep Powder|p2a: Vigoroth\n|-immune|p2a: Vigoroth|[from] ability: Vital Spirit\n|move|p2a: Vigoroth|Body Slam|p1a: Lilligant\n|-damage|p1a: Lilligant|0 fnt\n|faint|p1a: Lilligant\n|\n|upkeep\n|\n|t:|1781459055\n|switch|p1a: Rotom|Rotom, L88|231/231\n|turn|17\n|\n|t:|1781459059\n|switch|p2a: Hydreigon|Hydreigon, L79, M|174/275 par\n|move|p1a: Rotom|Thunderbolt|p2a: Hydreigon\n|-resisted|p2a: Hydreigon\n|-damage|p2a: Hydreigon|125/275 par\n|\n|upkeep\n|turn|18\n|\n|t:|1781459062\n|switch|p1a: Luvdisc|Luvdisc, M|247/247\n|cant|p2a: Hydreigon|par\n|\n|upkeep\n|turn|19\n|\n|t:|1781459067\n|move|p1a: Luvdisc|Substitute|p1a: Luvdisc\n|-start|p1a: Luvdisc|Substitute\n|-damage|p1a: Luvdisc|186/247\n|move|p2a: Hydreigon|U-turn|p1a: Luvdisc\n|-activate|p1a: Luvdisc|move: Substitute|[damage]\n|\n|t:|1781459070\n|switch|p2a: Morpeko|Morpeko, L88, F|245/245|[from] U-turn\n|\n|-formechange|p2a: Morpeko|Morpeko-Hangry||[from] ability: Hunger Switch\n|upkeep\n|turn|20\n|\n|t:|1781459080\n|move|p1a: Luvdisc|Surf|p2a: Morpeko\n|-damage|p2a: Morpeko|148/245\n|move|p2a: Morpeko|Aura Wheel|p1a: Luvdisc\n|-end|p1a: Luvdisc|Substitute\n|-boost|p2a: Morpeko|spe|1\n|\n|-heal|p2a: Morpeko|163/245|[from] item: Leftovers\n|-formechange|p2a: Morpeko|Morpeko||[from] ability: Hunger Switch\n|upkeep\n|turn|21\n|\n|t:|1781459084\n|-terastallize|p1a: Luvdisc|Ground\n|move|p2a: Morpeko|Aura Wheel|p1a: Luvdisc\n|-immune|p1a: Luvdisc\n|move|p1a: Luvdisc|Substitute|p1a: Luvdisc\n|-start|p1a: Luvdisc|Substitute\n|-damage|p1a: Luvdisc|125/247\n|\n|-heal|p2a: Morpeko|178/245|[from] item: Leftovers\n|-formechange|p2a: Morpeko|Morpeko-Hangry||[from] ability: Hunger Switch\n|upkeep\n|turn|22\n|\n|t:|1781459088\n|move|p2a: Morpeko|Aura Wheel|p1a: Luvdisc\n|-end|p1a: Luvdisc|Substitute\n|-boost|p2a: Morpeko|spe|1\n|move|p1a: Luvdisc|Substitute|p1a: Luvdisc\n|-start|p1a: Luvdisc|Substitute\n|-damage|p1a: Luvdisc|64/247\n|\n|-heal|p2a: Morpeko|193/245|[from] item: Leftovers\n|-formechange|p2a: Morpeko|Morpeko||[from] ability: Hunger Switch\n|upkeep\n|turn|23\n|\n|t:|1781459091\n|move|p2a: Morpeko|Knock Off|p1a: Luvdisc\n|-end|p1a: Luvdisc|Substitute\n|move|p1a: Luvdisc|Substitute|p1a: Luvdisc\n|-start|p1a: Luvdisc|Substitute\n|-damage|p1a: Luvdisc|3/247\n|\n|-heal|p2a: Morpeko|208/245|[from] item: Leftovers\n|-formechange|p2a: Morpeko|Morpeko-Hangry||[from] ability: Hunger Switch\n|upkeep\n|turn|24\n|\n|t:|1781459093\n|move|p2a: Morpeko|Knock Off|p1a: Luvdisc\n|-crit|p1a: Luvdisc\n|-end|p1a: Luvdisc|Substitute\n|move|p1a: Luvdisc|Endeavor|p2a: Morpeko\n|-damage|p2a: Morpeko|3/245\n|\n|-heal|p2a: Morpeko|18/245|[from] item: Leftovers\n|-formechange|p2a: Morpeko|Morpeko||[from] ability: Hunger Switch\n|upkeep\n|turn|25\n|\n|t:|1781459096\n|move|p2a: Morpeko|Knock Off|p1a: Luvdisc\n|-damage|p1a: Luvdisc|0 fnt\n|-enditem|p1a: Luvdisc|Heavy-Duty Boots|[from] move: Knock Off|[of] p2a: Morpeko\n|faint|p1a: Luvdisc\n|\n|-heal|p2a: Morpeko|33/245|[from] item: Leftovers\n|-formechange|p2a: Morpeko|Morpeko-Hangry||[from] ability: Hunger Switch\n|upkeep\n|\n|t:|1781459102\n|switch|p1a: Torterra|Torterra, L78, F|276/276\n|turn|26\n|\n|t:|1781459105\n|move|p2a: Morpeko|Knock Off|p1a: Torterra\n|-damage|p1a: Torterra|179/276\n|-enditem|p1a: Torterra|Loaded Dice|[from] move: Knock Off|[of] p2a: Morpeko\n|move|p1a: Torterra|Bullet Seed|p2a: Morpeko\n|-damage|p2a: Morpeko|0 fnt\n|faint|p2a: Morpeko\n|-hitcount|p2: Morpeko|1\n|\n|upkeep\n|\n|t:|1781459111\n|switch|p2a: Scovillain|Scovillain, L91, M|266/266\n|turn|27\n|\n|t:|1781459118\n|-terastallize|p2a: Scovillain|Fire\n|move|p2a: Scovillain|Flamethrower|p1a: Torterra\n|-supereffective|p1a: Torterra\n|-damage|p1a: Torterra|0 fnt\n|faint|p1a: Torterra\n|\n|upkeep\n|\n|t:|1781459119\n|switch|p1a: Rotom|Rotom, L88|231/231\n|turn|28\n|\n|t:|1781459126\n|move|p1a: Rotom|Thunderbolt|p2a: Scovillain\n|-damage|p2a: Scovillain|154/266\n|-status|p2a: Scovillain|par\n|move|p2a: Scovillain|Flamethrower|p1a: Rotom\n|-damage|p1a: Rotom|69/231\n|\n|upkeep\n|turn|29\n|\n|t:|1781459130\n|move|p1a: Rotom|Thunderbolt|p2a: Scovillain\n|-damage|p2a: Scovillain|43/266 par\n|move|p2a: Scovillain|Flamethrower|p1a: Rotom\n|-crit|p1a: Rotom\n|-damage|p1a: Rotom|0 fnt\n|faint|p1a: Rotom\n|\n|win|eyy can you don't\n", "inputlog": ">version a8376a258c1d4662feba110a92103f3664a72141\n>start {\"formatid\":\"gen9randombattle\",\"seed\":\"sodium,c40fc6e0d66124279753a3e6d16c0798\",\"rated\":\"Rated battle\"}\n>player p1 {\"name\":\"hello779\",\"avatar\":\"170\",\"rating\":1998,\"seed\":\"sodium,eb4fad5da168290d7cc24aad2294fb0c\"}\n>player p2 {\"name\":\"eyy can you don't\",\"avatar\":\"backpacker\",\"rating\":2046,\"seed\":\"sodium,ff4f038af6fcdd539514cb082f3dd2b0\"}\n>p1 move poisonfang\n>p2 move protect\n>p1 move poisonfang\n>p2 switch 4\n>p1 move poisonfang\n>p2 move uturn\n>p2 switch 2\n>p1 move poisonfang\n>p2 move bulkup\n>p1 move poisonfang\n>p2 move bodyslam\n>chat \u2606hello779|Wtf\n>p1 switch 6\n>p2 move bodyslam\n>p1 move thunderbolt\n>p2 switch 2\n>p1 switch 6\n>p2 move uturn\n>p2 switch 4\n>p1 move suckerpunch\n>p2 move protect\n>p1 move poisonfang\n>p2 move aurawheel\n>p1 switch 4\n>p1 move rapidspin\n>p2 switch 3\n>p1 move bulkup\n>p2 move psystrike\n>p1 move tripleaxel\n>p2 move psystrike\n>chat \u2606hello779|That's some sick rng\n>p1 switch 2\n>p1 move quiverdance\n>p2 move fireblast\n>p1 move gigadrain\n>p2 move psystrike\n>p2 switch 2\n>p1 move sleeppowder\n>p2 move bodyslam\n>p1 switch 6\n>p1 move thunderbolt\n>p2 switch 4\n>p1 switch 5\n>p2 move darkpulse\n>p1 move substitute\n>p2 move uturn\n>p2 switch 3\n>p1 move surf\n>p2 move aurawheel\n>p1 move substitute terastallize\n>p2 move aurawheel\n>p1 move substitute\n>p2 move aurawheel\n>p1 move substitute\n>p2 move knockoff\n>p1 move endeavor\n>p2 move knockoff\n>p1 move surf\n>p2 move knockoff\n>p1 switch 3\n>p1 move bulletseed\n>p2 move knockoff\n>p2 switch 5\n>p1 move shellsmash\n>p2 move flamethrower terastallize\n>p1 switch 5\n>p1 move thunderbolt\n>p2 move flamethrower\n>p1 move thunderbolt\n>p2 move flamethrower", "uploadtime": 1781458800, "views": 4, "formatid": "gen9randombattle", "rating": null, "private": 0, "password": null, "player_dets": [{"name": "hello779", "avatar": "170", "rating": 1998, "seed": "sodium,eb4fad5da168290d7cc24aad2294fb0c"}, {"name": "eyy can you don't", "avatar": "backpacker", "rating": 2046, "seed": "sodium,ff4f038af6fcdd539514cb082f3dd2b0"}], "teams_full": [{"Mightyena": {"name": "Mightyena", "species": "Mightyena", "speciesId": "mightyena", "gender": "F", "shiny": false, "level": 96, "moves": ["throatchop", "suckerpunch", "taunt", "poisonfang"], "ability": "Intimidate", "evs": {"hp": 85, "atk": 85, "def": 85, "spa": 85, "spd": 85, "spe": 85}, "ivs": {"hp": 31, "atk": 31, "def": 31, "spa": 31, "spd": 31, "spe": 31}, "item": "Leftovers", "teraType": "Poison", "role": "Bulky Attacker", "bvs": {"hp": 70, "atk": 90, "def": 70, "spa": 60, "spd": 60, "spe": 70}, "stats": {"hp": 290, "atk": 227, "def": 189, "spa": 170, "spd": 170, "spe": 189}}, "Lilligant": {"name": "Lilligant", "species": "Lilligant", "speciesId": "lilligant", "gender": "F", "shiny": false, "level": 86, "moves": ["sleeppowder", "quiverdance", "terablast", "gigadrain"], "ability": "Chlorophyll", "evs": {"hp": 85, "atk": 0, "def": 85, "spa": 85, "spd": 85, "spe": 85}, "ivs": {"hp": 31, "atk": 0, "def": 31, "spa": 31, "spd": 31, "spe": 31}, "item": "Life Orb", "teraType": "Rock", "role": "Tera Blast user", "bvs": {"hp": 70, "atk": 60, "def": 75, "spa": 110, "spd": 75, "spe": 90}, "stats": {"hp": 261, "atk": 108, "def": 178, "spa": 238, "spd": 178, "spe": 204}}, "Torterra": {"name": "Torterra", "species": "Torterra", "speciesId": "torterra", "gender": "F", "shiny": false, "level": 78, "moves": ["headlongrush", "rockblast", "bulletseed", "shellsmash"], "ability": "Overgrow", "evs": {"hp": 85, "atk": 85, "def": 85, "spa": 85, "spd": 85, "spe": 85}, "ivs": {"hp": 31, "atk": 31, "def": 31, "spa": 31, "spd": 31, "spe": 31}, "item": "Loaded Dice", "teraType": "Ground", "role": "Setup Sweeper", "bvs": {"hp": 95, "atk": 109, "def": 105, "spa": 75, "spd": 85, "spe": 56}, "stats": {"hp": 276, "atk": 215, "def": 209, "spa": 162, "spd": 178, "spe": 132}}, "Hitmontop": {"name": "Hitmontop", "species": "Hitmontop", "speciesId": "hitmontop", "gender": "M", "shiny": false, "level": 88, "moves": ["rapidspin", "bulkup", "tripleaxel", "closecombat"], "ability": "Technician", "evs": {"hp": 85, "atk": 85, "def": 85, "spa": 85, "spd": 85, "spe": 85}, "ivs": {"hp": 31, "atk": 31, "def": 31, "spa": 31, "spd": 31, "spe": 31}, "item": "Leftovers", "teraType": "Ice", "role": "Bulky Setup", "bvs": {"hp": 50, "atk": 95, "def": 95, "spa": 35, "spd": 110, "spe": 70}, "stats": {"hp": 231, "atk": 217, "def": 217, "spa": 112, "spd": 244, "spe": 173}}, "Luvdisc": {"name": "Luvdisc", "species": "Luvdisc", "speciesId": "luvdisc", "gender": "M", "shiny": false, "level": 100, "moves": ["surf", "substitute", "flipturn", "endeavor"], "ability": "Swift Swim", "evs": {"hp": 81, "atk": 85, "def": 85, "spa": 85, "spd": 85, "spe": 85}, "ivs": {"hp": 31, "atk": 31, "def": 31, "spa": 31, "spd": 31, "spe": 31}, "item": "Heavy-Duty Boots", "teraType": "Ground", "role": "Fast Support", "bvs": {"hp": 43, "atk": 30, "def": 55, "spa": 40, "spd": 65, "spe": 97}, "stats": {"hp": 247, "atk": 117, "def": 167, "spa": 137, "spd": 187, "spe": 251}}, "Rotom": {"name": "Rotom", "species": "Rotom", "speciesId": "rotom", "gender": "N", "shiny": false, "level": 88, "moves": ["thunderbolt", "shadowball", "voltswitch", "trick"], "ability": "Levitate", "evs": {"hp": 85, "atk": 0, "def": 85, "spa": 85, "spd": 85, "spe": 85}, "ivs": {"hp": 31, "atk": 0, "def": 31, "spa": 31, "spd": 31, "spe": 31}, "item": "Choice Scarf", "teraType": "Ghost", "role": "Fast Attacker", "bvs": {"hp": 50, "atk": 50, "def": 77, "spa": 95, "spd": 77, "spe": 91}, "stats": {"hp": 231, "atk": 93, "def": 186, "spa": 217, "spd": 186, "spe": 210}}}, {"Morpeko": {"name": "Morpeko", "species": "Morpeko", "speciesId": "morpeko", "gender": "F", "shiny": false, "level": 88, "moves": ["knockoff", "aurawheel", "protect", "rapidspin"], "ability": "Hunger Switch", "evs": {"hp": 85, "atk": 85, "def": 85, "spa": 85, "spd": 85, "spe": 85}, "ivs": {"hp": 31, "atk": 31, "def": 31, "spa": 31, "spd": 31, "spe": 31}, "item": "Leftovers", "teraType": "Electric", "role": "Bulky Attacker", "bvs": {"hp": 58, "atk": 95, "def": 58, "spa": 70, "spd": 58, "spe": 97}, "stats": {"hp": 245, "atk": 217, "def": 152, "spa": 173, "spd": 152, "spe": 221}}, "Vigoroth": {"name": "Vigoroth", "species": "Vigoroth", "speciesId": "vigoroth", "gender": "F", "shiny": false, "level": 85, "moves": ["bulkup", "slackoff", "bodyslam", "earthquake"], "ability": "Vital Spirit", "evs": {"hp": 85, "atk": 85, "def": 85, "spa": 85, "spd": 85, "spe": 85}, "ivs": {"hp": 31, "atk": 31, "def": 31, "spa": 31, "spd": 31, "spe": 31}, "item": "Eviolite", "teraType": "Ground", "role": "Bulky Attacker", "bvs": {"hp": 80, "atk": 80, "def": 80, "spa": 55, "spd": 55, "spe": 90}, "stats": {"hp": 275, "atk": 185, "def": 185, "spa": 142, "spd": 142, "spe": 202}}, "Mewtwo": {"name": "Mewtwo", "species": "Mewtwo", "speciesId": "mewtwo", "gender": "N", "shiny": false, "level": 72, "moves": ["psystrike", "darkpulse", "fireblast", "nastyplot"], "ability": "Pressure", "evs": {"hp": 85, "atk": 0, "def": 85, "spa": 85, "spd": 85, "spe": 85}, "ivs": {"hp": 31, "atk": 0, "def": 31, "spa": 31, "spd": 31, "spe": 31}, "item": "Life Orb", "teraType": "Psychic", "role": "Setup Sweeper", "bvs": {"hp": 106, "atk": 110, "def": 90, "spa": 154, "spd": 90, "spe": 130}, "stats": {"hp": 272, "atk": 163, "def": 172, "spa": 264, "spd": 172, "spe": 229}}, "Hydreigon": {"name": "Hydreigon", "species": "Hydreigon", "speciesId": "hydreigon", "gender": "M", "shiny": false, "level": 79, "moves": ["darkpulse", "flashcannon", "uturn", "dracometeor"], "ability": "Levitate", "evs": {"hp": 85, "atk": 85, "def": 85, "spa": 85, "spd": 85, "spe": 85}, "ivs": {"hp": 31, "atk": 31, "def": 31, "spa": 31, "spd": 31, "spe": 31}, "item": "Choice Specs", "teraType": "Steel", "role": "Fast Attacker", "bvs": {"hp": 92, "atk": 105, "def": 90, "spa": 125, "spd": 90, "spe": 98}, "stats": {"hp": 275, "atk": 211, "def": 188, "spa": 243, "spd": 188, "spe": 200}}, "Scovillain": {"name": "Scovillain", "species": "Scovillain", "speciesId": "scovillain", "gender": "M", "shiny": false, "level": 91, "moves": ["flamethrower", "energyball", "leafstorm", "overheat"], "ability": "Chlorophyll", "evs": {"hp": 85, "atk": 0, "def": 85, "spa": 85, "spd": 85, "spe": 85}, "ivs": {"hp": 31, "atk": 0, "def": 31, "spa": 31, "spd": 31, "spe": 31}, "item": "Choice Scarf", "teraType": "Fire", "role": "Fast Attacker", "bvs": {"hp": 65, "atk": 108, "def": 65, "spa": 108, "spd": 65, "spe": 75}, "stats": {"hp": 266, "atk": 201, "def": 170, "spa": 248, "spd": 170, "spe": 188}}, "Suicune": {"name": "Suicune", "species": "Suicune", "speciesId": "suicune", "gender": "N", "shiny": false, "level": 82, "moves": ["protect", "scald", "substitute", "calmmind"], "ability": "Pressure", "evs": {"hp": 85, "atk": 0, "def": 85, "spa": 85, "spd": 85, "spe": 85}, "ivs": {"hp": 31, "atk": 0, "def": 31, "spa": 31, "spd": 31, "spe": 31}, "item": "Leftovers", "teraType": "Steel", "role": "Fast Support", "bvs": {"hp": 100, "atk": 75, "def": 115, "spa": 90, "spd": 115, "spe": 85}, "stats": {"hp": 298, "atk": 127, "def": 236, "spa": 195, "spd": 236, "spe": 187}}}]}