{"id": "gen9randombattle-2631583487", "format": "[Gen 9] Random Battle", "players": ["bonbonbo", "pipisniperz"], "log": "|j|\u2606bonbonbo\n|j|\u2606pipisniperz\n|t:|1781404567\n|gametype|singles\n|player|p1|bonbonbo|170|2022\n|player|p2|pipisniperz|2|1984\n|gen|9\n|tier|[Gen 9] Random Battle\n|rated|\n|rule|Species Clause: Limit one of each Pok\u00e9mon\n|rule|HP Percentage Mod: HP is shown in percentages\n|rule|Sleep Clause Mod: Limit one foe put to sleep\n|rule|Illusion Level Mod: Illusion disguises the Pok\u00e9mon's true level\n|\n|t:|1781404567\n|teamsize|p1|6\n|teamsize|p2|6\n|start\n|switch|p1a: Vaporeon|Vaporeon, L86, M|364/364\n|switch|p2a: Shaymin|Shaymin-Sky, L73|266/266\n|turn|1\n|\n|t:|1781404573\n|move|p1a: Vaporeon|Protect|p1a: Vaporeon\n|-singleturn|p1a: Vaporeon|Protect\n|move|p2a: Shaymin|Seed Flare|p1a: Vaporeon\n|-activate|p1a: Vaporeon|move: Protect\n|\n|upkeep\n|turn|2\n|inactive|Battle timer is ON: inactive players will automatically lose when time's up. (requested by pipisniperz)\n|\n|t:|1781404599\n|switch|p1a: Ariados|Ariados, L95, F|287/287\n|move|p2a: Shaymin|Air Slash|p1a: Ariados\n|-supereffective|p1a: Ariados\n|-damage|p1a: Ariados|129/287\n|\n|upkeep\n|turn|3\n|\n|t:|1781404607\n|switch|p1a: Diancie|Diancie, L82|216/216\n|move|p2a: Shaymin|Air Slash|p1a: Diancie\n|-resisted|p1a: Diancie\n|-damage|p1a: Diancie|199/216\n|\n|upkeep\n|turn|4\n|\n|t:|1781404614\n|move|p2a: Shaymin|Earth Power|p1a: Diancie\n|-supereffective|p1a: Diancie\n|-damage|p1a: Diancie|145/216\n|move|p1a: Diancie|Diamond Storm|p2a: Shaymin\n|-supereffective|p2a: Shaymin\n|-damage|p2a: Shaymin|0 fnt\n|-boost|p1a: Diancie|def|2\n|faint|p2a: Shaymin\n|\n|upkeep\n|\n|t:|1781404631\n|switch|p2a: Crawdaunt|Crawdaunt, L84, F|243/243\n|turn|5\n|\n|t:|1781404654\n|move|p2a: Crawdaunt|Crabhammer|p1a: Diancie\n|-supereffective|p1a: Diancie\n|-damage|p1a: Diancie|0 fnt\n|faint|p1a: Diancie\n|\n|upkeep\n|\n|t:|1781404662\n|switch|p1a: Scyther|Scyther, L82, F|249/249\n|turn|6\n|\n|t:|1781404673\n|switch|p2a: Skarmory|Skarmory, L80, M|235/235\n|move|p1a: Scyther|U-turn|p2a: Skarmory\n|-resisted|p2a: Skarmory\n|-damage|p2a: Skarmory|222/235\n|\n|t:|1781404681\n|switch|p1a: Vaporeon|Vaporeon, L86, M|364/364|[from] U-turn\n|\n|-heal|p2a: Skarmory|235/235|[from] item: Leftovers\n|upkeep\n|turn|7\n|\n|t:|1781404685\n|move|p1a: Vaporeon|Scald|p2a: Skarmory\n|-damage|p2a: Skarmory|111/235\n|move|p2a: Skarmory|Stealth Rock|p1a: Vaporeon\n|-sidestart|p1: bonbonbo|move: Stealth Rock\n|\n|-heal|p2a: Skarmory|125/235|[from] item: Leftovers\n|upkeep\n|turn|8\n|\n|t:|1781404709\n|move|p1a: Vaporeon|Scald|p2a: Skarmory\n|-damage|p2a: Skarmory|8/235\n|move|p2a: Skarmory|Roost|p2a: Skarmory\n|-heal|p2a: Skarmory|126/235\n|-singleturn|p2a: Skarmory|move: Roost\n|\n|-heal|p2a: Skarmory|140/235|[from] item: Leftovers\n|upkeep\n|turn|9\n|\n|t:|1781404718\n|switch|p2a: Breloom|Breloom, L83, M|235/235\n|move|p1a: Vaporeon|Scald|p2a: Breloom\n|-resisted|p2a: Breloom\n|-damage|p2a: Breloom|169/235\n|-status|p2a: Breloom|brn\n|\n|-damage|p2a: Breloom|155/235 brn|[from] brn\n|upkeep\n|turn|10\n|\n|t:|1781404724\n|switch|p1a: Tropius|Tropius, L91, M|328/328\n|-damage|p1a: Tropius|246/328|[from] Stealth Rock\n|move|p2a: Breloom|Spore|p1a: Tropius\n|-immune|p1a: Tropius\n|\n|-damage|p2a: Breloom|141/235 brn|[from] brn\n|upkeep\n|turn|11\n|\n|t:|1781404735\n|switch|p1a: Vaporeon|Vaporeon, L86, M|364/364\n|-damage|p1a: Vaporeon|319/364|[from] Stealth Rock\n|move|p2a: Breloom|Rock Tomb|p1a: Vaporeon\n|-damage|p1a: Vaporeon|249/364\n|-unboost|p1a: Vaporeon|spe|1\n|-damage|p2a: Breloom|118/235 brn|[from] item: Life Orb\n|\n|-heal|p1a: Vaporeon|271/364|[from] item: Leftovers\n|-damage|p2a: Breloom|104/235 brn|[from] brn\n|upkeep\n|turn|12\n|\n|t:|1781404742\n|move|p1a: Vaporeon|Protect|p1a: Vaporeon\n|-singleturn|p1a: Vaporeon|Protect\n|move|p2a: Breloom|Rock Tomb|p1a: Vaporeon\n|-activate|p1a: Vaporeon|move: Protect\n|\n|-heal|p1a: Vaporeon|293/364|[from] item: Leftovers\n|-damage|p2a: Breloom|90/235 brn|[from] brn\n|upkeep\n|turn|13\n|\n|t:|1781404748\n|move|p2a: Breloom|Bullet Seed|p1a: Vaporeon\n|-supereffective|p1a: Vaporeon\n|-damage|p1a: Vaporeon|210/364\n|-supereffective|p1a: Vaporeon\n|-damage|p1a: Vaporeon|127/364\n|-supereffective|p1a: Vaporeon\n|-damage|p1a: Vaporeon|40/364\n|-hitcount|p1a: Vaporeon|3\n|-damage|p2a: Breloom|67/235 brn|[from] item: Life Orb\n|move|p1a: Vaporeon|Wish|p1a: Vaporeon\n|\n|-heal|p1a: Vaporeon|62/364|[from] item: Leftovers\n|-damage|p2a: Breloom|53/235 brn|[from] brn\n|upkeep\n|turn|14\n|\n|t:|1781404755\n|move|p1a: Vaporeon|Protect|p1a: Vaporeon\n|-singleturn|p1a: Vaporeon|Protect\n|move|p2a: Breloom|Rock Tomb|p1a: Vaporeon\n|-activate|p1a: Vaporeon|move: Protect\n|\n|-heal|p1a: Vaporeon|244/364|[from] move: Wish|[wisher] Vaporeon\n|-heal|p1a: Vaporeon|266/364|[from] item: Leftovers\n|-damage|p2a: Breloom|39/235 brn|[from] brn\n|upkeep\n|turn|15\n|\n|t:|1781404765\n|move|p2a: Breloom|Bullet Seed|p1a: Vaporeon\n|-supereffective|p1a: Vaporeon\n|-damage|p1a: Vaporeon|180/364\n|-supereffective|p1a: Vaporeon\n|-damage|p1a: Vaporeon|101/364\n|-supereffective|p1a: Vaporeon\n|-damage|p1a: Vaporeon|23/364\n|-hitcount|p1a: Vaporeon|3\n|-damage|p2a: Breloom|16/235 brn|[from] item: Life Orb\n|move|p1a: Vaporeon|Wish|p1a: Vaporeon\n|\n|-heal|p1a: Vaporeon|45/364|[from] item: Leftovers\n|-damage|p2a: Breloom|2/235 brn|[from] brn\n|upkeep\n|turn|16\n|\n|t:|1781404781\n|switch|p2a: Crawdaunt|Crawdaunt, L84, F|243/243\n|move|p1a: Vaporeon|Protect||[still]\n|-fail|p1a: Vaporeon\n|\n|-heal|p1a: Vaporeon|227/364|[from] move: Wish|[wisher] Vaporeon\n|-heal|p1a: Vaporeon|249/364|[from] item: Leftovers\n|upkeep\n|turn|17\n|\n|t:|1781404803\n|move|p2a: Crawdaunt|Knock Off|p1a: Vaporeon\n|-damage|p1a: Vaporeon|0 fnt\n|-enditem|p1a: Vaporeon|Leftovers|[from] move: Knock Off|[of] p2a: Crawdaunt\n|faint|p1a: Vaporeon\n|\n|upkeep\n|\n|t:|1781404809\n|switch|p1a: Scyther|Scyther, L82, F|249/249\n|turn|18\n|\n|t:|1781404815\n|switch|p2a: Skarmory|Skarmory, L80, M|140/235\n|move|p1a: Scyther|U-turn|p2a: Skarmory\n|-resisted|p2a: Skarmory\n|-damage|p2a: Skarmory|125/235\n|\n|t:|1781404817\n|switch|p1a: Terrakion|Terrakion, L79|273/273|[from] U-turn\n|-damage|p1a: Terrakion|256/273|[from] Stealth Rock\n|\n|-heal|p2a: Skarmory|139/235|[from] item: Leftovers\n|upkeep\n|turn|19\n|\n|t:|1781404827\n|-terastallize|p1a: Terrakion|Fighting\n|move|p1a: Terrakion|Close Combat|p2a: Skarmory\n|-damage|p2a: Skarmory|0 fnt\n|-unboost|p1a: Terrakion|def|1\n|-unboost|p1a: Terrakion|spd|1\n|faint|p2a: Skarmory\n|-damage|p1a: Terrakion|229/273|[from] item: Life Orb\n|\n|upkeep\n|\n|t:|1781404848\n|switch|p2a: Kommo-o|Kommo-o, L78, F|245/245\n|turn|20\n|\n|t:|1781404855\n|switch|p1a: Scyther|Scyther, L82, F|249/249\n|move|p2a: Kommo-o|Scale Shot|p1a: Scyther\n|-damage|p1a: Scyther|221/249\n|-damage|p1a: Scyther|194/249\n|-damage|p1a: Scyther|167/249\n|-damage|p1a: Scyther|136/249\n|-damage|p1a: Scyther|105/249\n|-hitcount|p1a: Scyther|5\n|-unboost|p2a: Kommo-o|def|1\n|-boost|p2a: Kommo-o|spe|1\n|\n|upkeep\n|turn|21\n|inactive|bonbonbo has 120 seconds left.\n|inactive|pipisniperz has 120 seconds left.\n|inactive|bonbonbo has 90 seconds left.\n|inactive|bonbonbo has 60 seconds left.\n|inactive|bonbonbo has 30 seconds left.\n|inactive|bonbonbo has 20 seconds left.\n|inactive|bonbonbo has 15 seconds left.\n|inactive|bonbonbo has 10 seconds left.\n|inactive|bonbonbo has 5 seconds left.\n|-message|bonbonbo lost due to inactivity.\n|\n|win|pipisniperz\n|raw|bonbonbo's rating: 2022 &rarr; <strong>2000</strong><br />(-22 for losing)\n|raw|pipisniperz's rating: 1984 &rarr; <strong>2006</strong><br />(+22 for winning)\n", "inputlog": ">version a8376a258c1d4662feba110a92103f3664a72141\n>start {\"formatid\":\"gen9randombattle\",\"seed\":\"sodium,9342457b73f67c7b61263b0f775e837d\",\"rated\":\"Rated battle\"}\n>player p1 {\"name\":\"bonbonbo\",\"avatar\":\"170\",\"rating\":2022,\"seed\":\"sodium,4069fc4888e0ac9a35ff61c7b29a9680\"}\n>player p2 {\"name\":\"pipisniperz\",\"avatar\":\"2\",\"rating\":1984,\"seed\":\"sodium,949d1a78c59732c57e199a0709d1a577\"}\n>p1 move protect\n>p2 move seedflare\n>p1 switch 3\n>p2 move airslash\n>p1 switch 2\n>p2 move airslash\n>p1 move diamondstorm\n>p2 move earthpower\n>p2 switch 5\n>p1 move bodypress\n>p2 move crabhammer\n>p1 switch 4\n>p1 move uturn\n>p2 switch 3\n>p1 switch 3\n>p1 move scald\n>p2 move stealthrock\n>p1 move scald\n>p2 move roost\n>p1 move scald\n>p2 switch 2\n>p1 switch 5\n>p2 move spore\n>p1 switch 5\n>p2 move rocktomb\n>p1 move protect\n>p2 move rocktomb\n>p1 move wish\n>p2 move bulletseed\n>p1 move protect\n>p2 move rocktomb\n>p1 move wish\n>p2 move bulletseed\n>p1 move protect\n>p2 switch 3\n>p1 move roar\n>p2 move knockoff\n>p1 switch 3\n>p1 move uturn\n>p2 switch 2\n>p1 switch 6\n>p1 move closecombat terastallize\n>p2 move bodypress\n>p2 switch 6\n>p1 switch 6\n>p2 move scaleshot\n>forcelose p1", "uploadtime": 1781404569, "views": 13, "formatid": "gen9randombattle", "rating": 2000, "private": 0, "password": null, "player_dets": [{"name": "bonbonbo", "avatar": "170", "rating": 2022, "seed": "sodium,4069fc4888e0ac9a35ff61c7b29a9680"}, {"name": "pipisniperz", "avatar": "2", "rating": 1984, "seed": "sodium,949d1a78c59732c57e199a0709d1a577"}], "teams_full": [{"Vaporeon": {"name": "Vaporeon", "species": "Vaporeon", "speciesId": "vaporeon", "gender": "M", "shiny": false, "level": 86, "moves": ["protect", "roar", "scald", "wish"], "ability": "Water Absorb", "evs": {"hp": 85, "atk": 0, "def": 85, "spa": 85, "spd": 85, "spe": 85}, "ivs": {"hp": 31, "atk": 0, "def": 31, "spa": 31, "spd": 31, "spe": 31}, "item": "Leftovers", "teraType": "Ground", "role": "Bulky Attacker", "bvs": {"hp": 130, "atk": 65, "def": 60, "spa": 110, "spd": 95, "spe": 65}, "stats": {"hp": 364, "atk": 116, "def": 152, "spa": 238, "spd": 213, "spe": 161}}, "Diancie": {"name": "Diancie", "species": "Diancie", "speciesId": "diancie", "gender": "N", "shiny": false, "level": 82, "moves": ["earthpower", "moonblast", "bodypress", "diamondstorm"], "ability": "Clear Body", "evs": {"hp": 85, "atk": 85, "def": 85, "spa": 85, "spd": 85, "spe": 85}, "ivs": {"hp": 31, "atk": 31, "def": 31, "spa": 31, "spd": 31, "spe": 31}, "item": "Assault Vest", "teraType": "Fighting", "role": "Bulky Attacker", "bvs": {"hp": 50, "atk": 100, "def": 150, "spa": 100, "spd": 150, "spe": 50}, "stats": {"hp": 216, "atk": 211, "def": 293, "spa": 211, "spd": 293, "spe": 129}}, "Ariados": {"name": "Ariados", "species": "Ariados", "speciesId": "ariados", "gender": "F", "shiny": false, "level": 95, "moves": ["stickyweb", "suckerpunch", "poisonjab", "megahorn"], "ability": "Swarm", "evs": {"hp": 85, "atk": 85, "def": 85, "spa": 85, "spd": 85, "spe": 85}, "ivs": {"hp": 31, "atk": 31, "def": 31, "spa": 31, "spd": 31, "spe": 31}, "item": "Heavy-Duty Boots", "teraType": "Ghost", "role": "Fast Support", "bvs": {"hp": 70, "atk": 90, "def": 70, "spa": 60, "spd": 70, "spe": 40}, "stats": {"hp": 287, "atk": 225, "def": 187, "spa": 168, "spd": 187, "spe": 130}}, "Scyther": {"name": "Scyther", "species": "Scyther", "speciesId": "scyther", "gender": "F", "shiny": false, "level": 82, "moves": ["defog", "closecombat", "uturn", "dualwingbeat"], "ability": "Technician", "evs": {"hp": 85, "atk": 85, "def": 85, "spa": 85, "spd": 85, "spe": 85}, "ivs": {"hp": 31, "atk": 31, "def": 31, "spa": 31, "spd": 31, "spe": 31}, "item": "Heavy-Duty Boots", "teraType": "Fighting", "role": "Fast Support", "bvs": {"hp": 70, "atk": 110, "def": 80, "spa": 55, "spd": 80, "spe": 105}, "stats": {"hp": 249, "atk": 228, "def": 178, "spa": 137, "spd": 178, "spe": 219}}, "Tropius": {"name": "Tropius", "species": "Tropius", "speciesId": "tropius", "gender": "M", "shiny": false, "level": 91, "moves": ["earthquake", "dualwingbeat", "dragondance", "leafblade"], "ability": "Harvest", "evs": {"hp": 85, "atk": 85, "def": 85, "spa": 85, "spd": 85, "spe": 85}, "ivs": {"hp": 31, "atk": 31, "def": 31, "spa": 31, "spd": 31, "spe": 31}, "item": "Sitrus Berry", "teraType": "Ground", "role": "Setup Sweeper", "bvs": {"hp": 99, "atk": 68, "def": 83, "spa": 72, "spd": 87, "spe": 51}, "stats": {"hp": 328, "atk": 176, "def": 203, "spa": 183, "spd": 210, "spe": 145}}, "Terrakion": {"name": "Terrakion", "species": "Terrakion", "speciesId": "terrakion", "gender": "N", "shiny": false, "level": 79, "moves": ["stoneedge", "swordsdance", "earthquake", "closecombat"], "ability": "Justified", "evs": {"hp": 85, "atk": 85, "def": 85, "spa": 85, "spd": 85, "spe": 85}, "ivs": {"hp": 31, "atk": 31, "def": 31, "spa": 31, "spd": 31, "spe": 31}, "item": "Life Orb", "teraType": "Fighting", "role": "Setup Sweeper", "bvs": {"hp": 91, "atk": 129, "def": 90, "spa": 72, "spd": 90, "spe": 108}, "stats": {"hp": 273, "atk": 249, "def": 188, "spa": 159, "spd": 188, "spe": 216}}}, {"Shaymin": {"name": "Shaymin", "species": "Shaymin-Sky", "speciesId": "shayminsky", "gender": "N", "shiny": false, "level": 73, "moves": ["seedflare", "airslash", "earthpower", "synthesis"], "ability": "Serene Grace", "evs": {"hp": 85, "atk": 0, "def": 85, "spa": 85, "spd": 85, "spe": 85}, "ivs": {"hp": 31, "atk": 0, "def": 31, "spa": 31, "spd": 31, "spe": 31}, "item": "Heavy-Duty Boots", "teraType": "Steel", "role": "Bulky Attacker", "bvs": {"hp": 100, "atk": 103, "def": 75, "spa": 120, "spd": 75, "spe": 127}, "stats": {"hp": 266, "atk": 155, "def": 152, "spa": 218, "spd": 152, "spe": 228}}, "Breloom": {"name": "Breloom", "species": "Breloom", "speciesId": "breloom", "gender": "M", "shiny": false, "level": 83, "moves": ["spore", "machpunch", "bulletseed", "rocktomb"], "ability": "Technician", "evs": {"hp": 85, "atk": 85, "def": 85, "spa": 85, "spd": 85, "spe": 85}, "ivs": {"hp": 31, "atk": 31, "def": 31, "spa": 31, "spd": 31, "spe": 31}, "item": "Life Orb", "teraType": "Rock", "role": "Fast Attacker", "bvs": {"hp": 60, "atk": 130, "def": 80, "spa": 60, "spd": 60, "spe": 70}, "stats": {"hp": 235, "atk": 263, "def": 180, "spa": 147, "spd": 147, "spe": 164}}, "Skarmory": {"name": "Skarmory", "species": "Skarmory", "speciesId": "skarmory", "gender": "M", "shiny": false, "level": 80, "moves": ["roost", "bodypress", "bravebird", "stealthrock"], "ability": "Sturdy", "evs": {"hp": 85, "atk": 85, "def": 85, "spa": 85, "spd": 85, "spe": 85}, "ivs": {"hp": 31, "atk": 31, "def": 31, "spa": 31, "spd": 31, "spe": 31}, "item": "Leftovers", "teraType": "Fighting", "role": "Bulky Attacker", "bvs": {"hp": 65, "atk": 80, "def": 140, "spa": 40, "spd": 70, "spe": 70}, "stats": {"hp": 235, "atk": 174, "def": 270, "spa": 110, "spd": 158, "spe": 158}}, "Goodra": {"name": "Goodra", "species": "Goodra-Hisui", "speciesId": "goodrahisui", "gender": "M", "shiny": false, "level": 82, "moves": ["hydropump", "dracometeor", "earthquake", "heavyslam"], "ability": "Sap Sipper", "evs": {"hp": 85, "atk": 85, "def": 85, "spa": 85, "spd": 85, "spe": 85}, "ivs": {"hp": 31, "atk": 31, "def": 31, "spa": 31, "spd": 31, "spe": 31}, "item": "Assault Vest", "teraType": "Flying", "role": "AV Pivot", "bvs": {"hp": 80, "atk": 100, "def": 100, "spa": 110, "spd": 150, "spe": 60}, "stats": {"hp": 265, "atk": 211, "def": 211, "spa": 228, "spd": 293, "spe": 146}}, "Crawdaunt": {"name": "Crawdaunt", "species": "Crawdaunt", "speciesId": "crawdaunt", "gender": "F", "shiny": false, "level": 84, "moves": ["crabhammer", "closecombat", "knockoff", "aquajet"], "ability": "Adaptability", "evs": {"hp": 85, "atk": 85, "def": 85, "spa": 85, "spd": 85, "spe": 85}, "ivs": {"hp": 31, "atk": 31, "def": 31, "spa": 31, "spd": 31, "spe": 31}, "item": "Choice Band", "teraType": "Fighting", "role": "Fast Attacker", "bvs": {"hp": 63, "atk": 120, "def": 85, "spa": 90, "spd": 55, "spe": 55}, "stats": {"hp": 243, "atk": 250, "def": 191, "spa": 199, "spd": 141, "spe": 141}}, "Kommo-o": {"name": "Kommo-o", "species": "Kommo-o", "speciesId": "kommoo", "gender": "F", "shiny": false, "level": 78, "moves": ["ironhead", "scaleshot", "swordsdance", "closecombat"], "ability": "Soundproof", "evs": {"hp": 85, "atk": 85, "def": 85, "spa": 85, "spd": 85, "spe": 85}, "ivs": {"hp": 31, "atk": 31, "def": 31, "spa": 31, "spd": 31, "spe": 31}, "item": "Loaded Dice", "teraType": "Steel", "role": "Setup Sweeper", "bvs": {"hp": 75, "atk": 110, "def": 125, "spa": 100, "spd": 105, "spe": 85}, "stats": {"hp": 245, "atk": 217, "def": 240, "spa": 201, "spd": 209, "spe": 178}}}]}