{"id": "gen9randombattle-2631846983", "format": "[Gen 9] Random Battle", "players": ["inversify", "duuhhao"], "log": "|badge|p1|bronze|gen9randombattle|100-9\n|uhtml|medal-msg|<div class=\"broadcast-blue\">Curious what those medals under the avatar are? PS now has Ladder Seasons! For more information, check out the <a href=\"https://www.smogon.com/forums/threads/3740067/\">thread on Smogon.</a></div>\n|j|\u2606inversify\n|j|\u2606duuhhao\n|t:|1781447606\n|gametype|singles\n|player|p1|inversify|lana|2328\n|player|p2|duuhhao|clair|2313\n|gen|9\n|tier|[Gen 9] Random Battle\n|rated|\n|rule|Species Clause: Limit one of each Pok\u00e9mon\n|rule|HP Percentage Mod: HP is shown in percentages\n|rule|Sleep Clause Mod: Limit one foe put to sleep\n|rule|Illusion Level Mod: Illusion disguises the Pok\u00e9mon's true level\n|\n|t:|1781447606\n|teamsize|p1|6\n|teamsize|p2|6\n|start\n|switch|p1a: Dedenne|Dedenne, L88, F|261/261\n|switch|p2a: Forretress|Forretress, L84, F|263/263\n|turn|1\n|\n|t:|1781447620\n|move|p1a: Dedenne|Nuzzle|p2a: Forretress\n|-damage|p2a: Forretress|253/263\n|-status|p2a: Forretress|par\n|move|p2a: Forretress|Stealth Rock|p1a: Dedenne\n|-sidestart|p1: inversify|move: Stealth Rock\n|\n|-heal|p2a: Forretress|263/263 par|[from] item: Leftovers\n|upkeep\n|turn|2\n|\n|t:|1781447629\n|switch|p2a: Regigigas|Regigigas, L84|322/322\n|-start|p2a: Regigigas|ability: Slow Start\n|move|p1a: Dedenne|U-turn|p2a: Regigigas\n|-damage|p2a: Regigigas|289/322\n|\n|t:|1781447632\n|switch|p1a: Quagsire|Quagsire, L84, M|297/297|[from] U-turn\n|-damage|p1a: Quagsire|279/297|[from] Stealth Rock\n|\n|-heal|p2a: Regigigas|309/322|[from] item: Leftovers\n|-heal|p1a: Quagsire|297/297|[from] item: Leftovers\n|upkeep\n|turn|3\n|\n|t:|1781447641\n|move|p2a: Regigigas|Knock Off|p1a: Quagsire\n|-crit|p1a: Quagsire\n|-damage|p1a: Quagsire|221/297\n|-enditem|p1a: Quagsire|Leftovers|[from] move: Knock Off|[of] p2a: Regigigas\n|move|p1a: Quagsire|Spikes|p2a: Regigigas\n|-sidestart|p2: duuhhao|Spikes\n|\n|-heal|p2a: Regigigas|322/322|[from] item: Leftovers\n|upkeep\n|turn|4\n|\n|t:|1781447652\n|move|p2a: Regigigas|Body Slam|p1a: Quagsire\n|-damage|p1a: Quagsire|148/297\n|move|p1a: Quagsire|Toxic|p2a: Regigigas\n|-status|p2a: Regigigas|tox\n|\n|-damage|p2a: Regigigas|302/322 tox|[from] psn\n|upkeep\n|turn|5\n|\n|t:|1781447660\n|move|p2a: Regigigas|Body Slam|p1a: Quagsire\n|-damage|p1a: Quagsire|73/297\n|move|p1a: Quagsire|Recover|p1a: Quagsire\n|-heal|p1a: Quagsire|222/297\n|\n|-heal|p2a: Regigigas|322/322 tox|[from] item: Leftovers\n|-damage|p2a: Regigigas|282/322 tox|[from] psn\n|upkeep\n|turn|6\n|\n|t:|1781447669\n|switch|p1a: Arbok|Arbok, L87, F|246/246\n|-damage|p1a: Arbok|216/246|[from] Stealth Rock\n|-ability|p1a: Arbok|Intimidate|boost\n|-unboost|p2a: Regigigas|atk|1\n|move|p2a: Regigigas|Body Slam|p1a: Arbok\n|-damage|p1a: Arbok|165/246\n|-status|p1a: Arbok|par\n|\n|-heal|p2a: Regigigas|302/322 tox|[from] item: Leftovers\n|-heal|p1a: Arbok|180/246 par|[from] item: Leftovers\n|-damage|p2a: Regigigas|242/322 tox|[from] psn\n|upkeep\n|turn|7\n|\n|t:|1781447676\n|move|p2a: Regigigas|Knock Off|p1a: Arbok\n|-damage|p1a: Arbok|142/246 par\n|-enditem|p1a: Arbok|Leftovers|[from] move: Knock Off|[of] p2a: Regigigas\n|move|p1a: Arbok|Coil|p1a: Arbok\n|-boost|p1a: Arbok|atk|1\n|-boost|p1a: Arbok|def|1\n|-boost|p1a: Arbok|accuracy|1\n|\n|-heal|p2a: Regigigas|262/322 tox|[from] item: Leftovers\n|-damage|p2a: Regigigas|182/322 tox|[from] psn\n|-end|p2a: Regigigas|Slow Start\n|upkeep\n|turn|8\n|\n|t:|1781447683\n|switch|p2a: Forretress|Forretress, L84, F|263/263 par\n|-damage|p2a: Forretress|231/263 par|[from] Spikes\n|move|p1a: Arbok|Gunk Shot|p2a: Forretress\n|-immune|p2a: Forretress\n|\n|-heal|p2a: Forretress|247/263 par|[from] item: Leftovers\n|upkeep\n|turn|9\n|\n|t:|1781447687\n|move|p1a: Arbok|Earthquake|p2a: Forretress\n|-damage|p2a: Forretress|174/263 par\n|move|p2a: Forretress|Iron Head|p1a: Arbok\n|-damage|p1a: Arbok|79/246 par\n|\n|-heal|p2a: Forretress|190/263 par|[from] item: Leftovers\n|upkeep\n|turn|10\n|\n|t:|1781447693\n|move|p1a: Arbok|Earthquake|p2a: Forretress\n|-damage|p2a: Forretress|117/263 par\n|move|p2a: Forretress|Iron Head|p1a: Arbok\n|-damage|p1a: Arbok|15/246 par\n|\n|-heal|p2a: Forretress|133/263 par|[from] item: Leftovers\n|upkeep\n|turn|11\n|\n|t:|1781447700\n|move|p1a: Arbok|Earthquake|p2a: Forretress\n|-damage|p2a: Forretress|57/263 par\n|move|p2a: Forretress|Iron Head|p1a: Arbok\n|-damage|p1a: Arbok|0 fnt\n|faint|p1a: Arbok\n|\n|-heal|p2a: Forretress|73/263 par|[from] item: Leftovers\n|upkeep\n|\n|t:|1781447709\n|switch|p1a: Dedenne|Dedenne, L88, F|261/261\n|-damage|p1a: Dedenne|229/261|[from] Stealth Rock\n|turn|12\n|\n|t:|1781447716\n|move|p1a: Dedenne|Thunderbolt|p2a: Forretress\n|-damage|p2a: Forretress|0 fnt\n|faint|p2a: Forretress\n|\n|upkeep\n|\n|t:|1781447718\n|switch|p2a: Regigigas|Regigigas, L84|182/322 tox\n|-damage|p2a: Regigigas|142/322 tox|[from] Spikes\n|-start|p2a: Regigigas|ability: Slow Start\n|turn|13\n|\n|t:|1781447725\n|move|p1a: Dedenne|U-turn|p2a: Regigigas\n|-damage|p2a: Regigigas|109/322 tox\n|\n|t:|1781447730\n|switch|p1a: Lokix|Lokix, L82, F|251/251|[from] U-turn\n|-damage|p1a: Lokix|189/251|[from] Stealth Rock\n|move|p2a: Regigigas|Rest|p2a: Regigigas\n|-status|p2a: Regigigas|slp|[from] move: Rest\n|-heal|p2a: Regigigas|322/322 slp|[silent]\n|\n|upkeep\n|turn|14\n|\n|t:|1781447736\n|switch|p2a: Alomomola|Alomomola, L87, M|429/429\n|move|p1a: Lokix|Swords Dance|p1a: Lokix\n|-boost|p1a: Lokix|atk|2\n|\n|upkeep\n|turn|15\n|\n|t:|1781447747\n|move|p1a: Lokix|Knock Off|p2a: Alomomola\n|-damage|p2a: Alomomola|151/429\n|-enditem|p2a: Alomomola|Heavy-Duty Boots|[from] move: Knock Off|[of] p1a: Lokix\n|-damage|p1a: Lokix|164/251|[from] item: Life Orb\n|move|p2a: Alomomola|Scald|p1a: Lokix\n|-damage|p1a: Lokix|91/251\n|-status|p1a: Lokix|brn\n|\n|-damage|p1a: Lokix|76/251 brn|[from] brn\n|upkeep\n|turn|16\n|\n|t:|1781447758\n|switch|p2a: Rayquaza|Rayquaza, L72|270/270\n|-ability|p2a: Rayquaza|Air Lock\n|move|p1a: Lokix|Leech Life|p2a: Rayquaza\n|-resisted|p2a: Rayquaza\n|-damage|p2a: Rayquaza|148/270\n|-heal|p1a: Lokix|137/251 brn|[from] drain|[of] p2a: Rayquaza\n|-damage|p1a: Lokix|112/251 brn|[from] item: Life Orb\n|\n|-damage|p1a: Lokix|97/251 brn|[from] brn\n|upkeep\n|turn|17\n|\n|t:|1781447769\n|move|p1a: Lokix|Knock Off|p2a: Rayquaza\n|-damage|p2a: Rayquaza|4/270\n|-enditem|p2a: Rayquaza|Heavy-Duty Boots|[from] move: Knock Off|[of] p1a: Lokix\n|-damage|p1a: Lokix|72/251 brn|[from] item: Life Orb\n|move|p2a: Rayquaza|Dragon Ascent|p1a: Lokix\n|-supereffective|p1a: Lokix\n|-damage|p1a: Lokix|0 fnt\n|-unboost|p2a: Rayquaza|def|1\n|-unboost|p2a: Rayquaza|spd|1\n|faint|p1a: Lokix\n|\n|upkeep\n|\n|t:|1781447774\n|switch|p1a: Dedenne|Dedenne, L88, F|229/261\n|-damage|p1a: Dedenne|197/261|[from] Stealth Rock\n|turn|18\n|\n|t:|1781447779\n|switch|p2a: Regigigas|Regigigas, L84|322/322 slp\n|-damage|p2a: Regigigas|282/322 slp|[from] Spikes\n|-start|p2a: Regigigas|ability: Slow Start\n|move|p1a: Dedenne|Thunderbolt|p2a: Regigigas\n|-damage|p2a: Regigigas|206/322 slp\n|\n|-heal|p2a: Regigigas|226/322 slp|[from] item: Leftovers\n|upkeep\n|turn|19\n|\n|t:|1781447786\n|move|p1a: Dedenne|U-turn|p2a: Regigigas\n|-damage|p2a: Regigigas|194/322 slp\n|\n|t:|1781447799\n|switch|p1a: Ting-Lu|Ting-Lu, L78|370/370|[from] U-turn\n|-damage|p1a: Ting-Lu|347/370|[from] Stealth Rock\n|-ability|p1a: Ting-Lu|Vessel of Ruin\n|cant|p2a: Regigigas|slp\n|move|p2a: Regigigas|Sleep Talk|p2a: Regigigas\n|move|p2a: Regigigas|Body Slam|p1a: Ting-Lu|[from] move: Sleep Talk\n|-crit|p1a: Ting-Lu\n|-damage|p1a: Ting-Lu|256/370\n|\n|-heal|p1a: Ting-Lu|279/370|[from] item: Leftovers\n|-heal|p2a: Regigigas|214/322 slp|[from] item: Leftovers\n|upkeep\n|turn|20\n|\n|t:|1781447813\n|move|p1a: Ting-Lu|Earthquake|p2a: Regigigas\n|-damage|p2a: Regigigas|132/322 slp\n|cant|p2a: Regigigas|slp\n|move|p2a: Regigigas|Sleep Talk|p2a: Regigigas\n|move|p2a: Regigigas|Knock Off|p1a: Ting-Lu|[from] move: Sleep Talk\n|-resisted|p1a: Ting-Lu\n|-damage|p1a: Ting-Lu|259/370\n|-enditem|p1a: Ting-Lu|Leftovers|[from] move: Knock Off|[of] p2a: Regigigas\n|\n|-heal|p2a: Regigigas|152/322 slp|[from] item: Leftovers\n|upkeep\n|turn|21\n|\n|t:|1781447824\n|move|p1a: Ting-Lu|Spikes|p2a: Regigigas\n|-sidestart|p2: duuhhao|Spikes\n|-curestatus|p2a: Regigigas|slp|[msg]\n|move|p2a: Regigigas|Rest|p2a: Regigigas\n|-status|p2a: Regigigas|slp|[from] move: Rest\n|-heal|p2a: Regigigas|322/322 slp|[silent]\n|\n|upkeep\n|turn|22\n|\n|t:|1781447829\n|switch|p1a: Talonflame|Talonflame, L83, F|265/265\n|cant|p2a: Regigigas|slp\n|move|p2a: Regigigas|Sleep Talk|p2a: Regigigas\n|move|p2a: Regigigas|Knock Off|p1a: Talonflame|[from] move: Sleep Talk\n|-damage|p1a: Talonflame|203/265\n|-enditem|p1a: Talonflame|Heavy-Duty Boots|[from] move: Knock Off|[of] p2a: Regigigas\n|\n|upkeep\n|turn|23\n|\n|t:|1781447838\n|move|p1a: Talonflame|Swords Dance|p1a: Talonflame\n|-boost|p1a: Talonflame|atk|2\n|cant|p2a: Regigigas|slp\n|move|p2a: Regigigas|Sleep Talk|p2a: Regigigas\n|move|p2a: Regigigas|Body Slam|p1a: Talonflame|[from] move: Sleep Talk\n|-damage|p1a: Talonflame|119/265\n|-status|p1a: Talonflame|par\n|\n|-end|p2a: Regigigas|Slow Start\n|upkeep\n|turn|24\n|\n|t:|1781447851\n|-curestatus|p2a: Regigigas|slp|[msg]\n|move|p2a: Regigigas|Body Slam|p1a: Talonflame\n|-damage|p1a: Talonflame|0 fnt\n|faint|p1a: Talonflame\n|\n|upkeep\n|-message|inversify forfeited.\n|\n|win|duuhhao\n", "inputlog": ">version a8376a258c1d4662feba110a92103f3664a72141\n>start {\"formatid\":\"gen9randombattle\",\"seed\":\"sodium,b0e12162f6d5b5608eeb093696990757\",\"rated\":\"Rated battle\"}\n>player p1 {\"name\":\"inversify\",\"avatar\":\"lana\",\"rating\":2328,\"seed\":\"sodium,673edc7632925489d6cb0e178d1c4638\"}\n>player p2 {\"name\":\"duuhhao\",\"avatar\":\"clair\",\"rating\":2313,\"seed\":\"sodium,e46253b03988e37a9aff5413b5efda04\"}\n>p1 move nuzzle\n>p2 move stealthrock\n>p1 move uturn\n>p2 switch 3\n>p1 switch 4\n>p1 move spikes\n>p2 move knockoff\n>p1 move toxic\n>p2 move bodyslam\n>p1 move recover\n>p2 move bodyslam\n>p1 switch 3\n>p2 move bodyslam\n>p1 move coil\n>p2 move knockoff\n>p1 move gunkshot\n>p2 switch 3\n>p1 move earthquake\n>p2 move ironhead\n>p1 move earthquake\n>p2 move ironhead\n>p1 move earthquake\n>p2 move ironhead\n>p1 switch 4\n>p1 move thunderbolt\n>p2 move ironhead\n>p2 switch 3\n>p1 move uturn\n>p2 move rest\n>p1 switch 5\n>p1 move swordsdance\n>p2 switch 4\n>p1 move knockoff\n>p2 move scald\n>p1 move leechlife\n>p2 switch 6\n>p1 move knockoff\n>p2 move dragonascent\n>p1 switch 5\n>p1 move thunderbolt\n>p2 switch 4\n>p1 move uturn\n>p2 move sleeptalk\n>p1 switch 2\n>p1 move earthquake\n>p2 move sleeptalk\n>p1 move spikes\n>p2 move rest\n>p1 switch 6\n>p2 move sleeptalk\n>p1 move swordsdance\n>p2 move sleeptalk\n>p1 move flareblitz\n>p2 move bodyslam\n>forcelose p1", "uploadtime": 1781447608, "views": 8, "formatid": "gen9randombattle", "rating": null, "private": 0, "password": null, "player_dets": [{"name": "inversify", "avatar": "lana", "rating": 2328, "seed": "sodium,673edc7632925489d6cb0e178d1c4638"}, {"name": "duuhhao", "avatar": "clair", "rating": 2313, "seed": "sodium,e46253b03988e37a9aff5413b5efda04"}], "teams_full": [{"Dedenne": {"name": "Dedenne", "species": "Dedenne", "speciesId": "dedenne", "gender": "F", "shiny": false, "level": 88, "moves": ["uturn", "dazzlinggleam", "nuzzle", "thunderbolt"], "ability": "Cheek Pouch", "evs": {"hp": 85, "atk": 85, "def": 85, "spa": 85, "spd": 85, "spe": 85}, "ivs": {"hp": 31, "atk": 31, "def": 31, "spa": 31, "spd": 31, "spe": 31}, "item": "Sitrus Berry", "teraType": "Flying", "role": "Fast Support", "bvs": {"hp": 67, "atk": 58, "def": 57, "spa": 81, "spd": 67, "spe": 101}, "stats": {"hp": 261, "atk": 152, "def": 151, "spa": 193, "spd": 168, "spe": 228}, "types": ["Electric", "Fairy"]}, "Ting-Lu": {"name": "Ting-Lu", "species": "Ting-Lu", "speciesId": "tinglu", "gender": "N", "shiny": false, "level": 78, "moves": ["spikes", "payback", "earthquake", "heavyslam"], "ability": "Vessel of Ruin", "evs": {"hp": 85, "atk": 85, "def": 85, "spa": 85, "spd": 85, "spe": 85}, "ivs": {"hp": 31, "atk": 31, "def": 31, "spa": 31, "spd": 31, "spe": 31}, "item": "Leftovers", "teraType": "Steel", "role": "Bulky Attacker", "bvs": {"hp": 155, "atk": 110, "def": 125, "spa": 55, "spd": 80, "spe": 45}, "stats": {"hp": 370, "atk": 217, "def": 240, "spa": 131, "spd": 170, "spe": 115}, "types": ["Dark", "Ground"]}, "Arbok": {"name": "Arbok", "species": "Arbok", "speciesId": "arbok", "gender": "F", "shiny": false, "level": 87, "moves": ["earthquake", "trailblaze", "coil", "gunkshot"], "ability": "Intimidate", "evs": {"hp": 85, "atk": 85, "def": 85, "spa": 85, "spd": 85, "spe": 85}, "ivs": {"hp": 31, "atk": 31, "def": 31, "spa": 31, "spd": 31, "spe": 31}, "item": "Leftovers", "teraType": "Ground", "role": "Bulky Setup", "bvs": {"hp": 60, "atk": 95, "def": 69, "spa": 65, "spd": 79, "spe": 80}, "stats": {"hp": 246, "atk": 215, "def": 170, "spa": 163, "spd": 187, "spe": 189}, "types": ["Poison"]}, "Quagsire": {"name": "Quagsire", "species": "Quagsire", "speciesId": "quagsire", "gender": "M", "shiny": false, "level": 84, "moves": ["earthquake", "recover", "toxic", "spikes"], "ability": "Unaware", "evs": {"hp": 85, "atk": 85, "def": 85, "spa": 85, "spd": 85, "spe": 85}, "ivs": {"hp": 31, "atk": 31, "def": 31, "spa": 31, "spd": 31, "spe": 31}, "item": "Leftovers", "teraType": "Poison", "role": "Bulky Support", "bvs": {"hp": 95, "atk": 85, "def": 85, "spa": 65, "spd": 65, "spe": 35}, "stats": {"hp": 297, "atk": 191, "def": 191, "spa": 157, "spd": 157, "spe": 107}, "types": ["Water", "Ground"]}, "Lokix": {"name": "Lokix", "species": "Lokix", "speciesId": "lokix", "gender": "F", "shiny": false, "level": 82, "moves": ["swordsdance", "leechlife", "suckerpunch", "knockoff"], "ability": "Tinted Lens", "evs": {"hp": 85, "atk": 85, "def": 85, "spa": 85, "spd": 85, "spe": 85}, "ivs": {"hp": 31, "atk": 31, "def": 31, "spa": 31, "spd": 31, "spe": 31}, "item": "Life Orb", "teraType": "Dark", "role": "Setup Sweeper", "bvs": {"hp": 71, "atk": 102, "def": 78, "spa": 52, "spd": 55, "spe": 92}, "stats": {"hp": 251, "atk": 214, "def": 175, "spa": 132, "spd": 137, "spe": 198}, "types": ["Bug", "Dark"]}, "Talonflame": {"name": "Talonflame", "species": "Talonflame", "speciesId": "talonflame", "gender": "F", "shiny": false, "level": 83, "moves": ["swordsdance", "flareblitz", "terablast", "bravebird"], "ability": "Flame Body", "evs": {"hp": 85, "atk": 85, "def": 85, "spa": 85, "spd": 85, "spe": 85}, "ivs": {"hp": 31, "atk": 31, "def": 31, "spa": 31, "spd": 31, "spe": 31}, "item": "Heavy-Duty Boots", "teraType": "Ground", "role": "Tera Blast user", "bvs": {"hp": 78, "atk": 81, "def": 71, "spa": 74, "spd": 69, "spe": 126}, "stats": {"hp": 265, "atk": 182, "def": 166, "spa": 171, "spd": 162, "spe": 257}, "types": ["Fire", "Flying"]}}, {"Forretress": {"name": "Forretress", "species": "Forretress", "speciesId": "forretress", "gender": "F", "shiny": false, "level": 84, "moves": ["ironhead", "stealthrock", "bodypress", "spikes"], "ability": "Sturdy", "evs": {"hp": 85, "atk": 85, "def": 85, "spa": 85, "spd": 85, "spe": 85}, "ivs": {"hp": 31, "atk": 31, "def": 31, "spa": 31, "spd": 31, "spe": 31}, "item": "Leftovers", "teraType": "Water", "role": "Bulky Attacker", "bvs": {"hp": 75, "atk": 90, "def": 140, "spa": 60, "spd": 60, "spe": 40}, "stats": {"hp": 263, "atk": 199, "def": 283, "spa": 149, "spd": 149, "spe": 115}, "types": ["Bug", "Steel"]}, "Deoxys": {"name": "Deoxys", "species": "Deoxys-Defense", "speciesId": "deoxysdefense", "gender": "N", "shiny": false, "level": 84, "moves": ["cosmicpower", "recover", "storedpower", "nightshade"], "ability": "Pressure", "evs": {"hp": 85, "atk": 0, "def": 85, "spa": 85, "spd": 85, "spe": 85}, "ivs": {"hp": 31, "atk": 0, "def": 31, "spa": 31, "spd": 31, "spe": 31}, "item": "Leftovers", "teraType": "Steel", "role": "Bulky Setup", "bvs": {"hp": 50, "atk": 70, "def": 160, "spa": 70, "spd": 160, "spe": 90}, "stats": {"hp": 221, "atk": 122, "def": 317, "spa": 166, "spd": 317, "spe": 199}, "types": ["Psychic"]}, "Regigigas": {"name": "Regigigas", "species": "Regigigas", "speciesId": "regigigas", "gender": "N", "shiny": false, "level": 84, "moves": ["rest", "sleeptalk", "bodyslam", "knockoff"], "ability": "Slow Start", "evs": {"hp": 85, "atk": 85, "def": 85, "spa": 85, "spd": 85, "spe": 85}, "ivs": {"hp": 31, "atk": 31, "def": 31, "spa": 31, "spd": 31, "spe": 31}, "item": "Leftovers", "teraType": "Ghost", "role": "Bulky Support", "bvs": {"hp": 110, "atk": 160, "def": 110, "spa": 80, "spd": 110, "spe": 100}, "stats": {"hp": 322, "atk": 317, "def": 233, "spa": 183, "spd": 233, "spe": 216}, "types": ["Normal"]}, "Alomomola": {"name": "Alomomola", "species": "Alomomola", "speciesId": "alomomola", "gender": "M", "shiny": false, "level": 87, "moves": ["protect", "wish", "scald", "flipturn"], "ability": "Regenerator", "evs": {"hp": 85, "atk": 85, "def": 85, "spa": 85, "spd": 85, "spe": 85}, "ivs": {"hp": 31, "atk": 31, "def": 31, "spa": 31, "spd": 31, "spe": 31}, "item": "Heavy-Duty Boots", "teraType": "Poison", "role": "Fast Support", "bvs": {"hp": 165, "atk": 75, "def": 80, "spa": 40, "spd": 45, "spe": 65}, "stats": {"hp": 429, "atk": 180, "def": 189, "spa": 119, "spd": 128, "spe": 163}, "types": ["Water"]}, "Armarouge": {"name": "Armarouge", "species": "Armarouge", "speciesId": "armarouge", "gender": "F", "shiny": false, "level": 80, "moves": ["psyshock", "armorcannon", "meteorbeam", "energyball"], "ability": "Weak Armor", "evs": {"hp": 85, "atk": 0, "def": 85, "spa": 85, "spd": 85, "spe": 85}, "ivs": {"hp": 31, "atk": 0, "def": 31, "spa": 31, "spd": 31, "spe": 31}, "item": "Power Herb", "teraType": "Fire", "role": "Setup Sweeper", "bvs": {"hp": 85, "atk": 60, "def": 100, "spa": 125, "spd": 80, "spe": 75}, "stats": {"hp": 267, "atk": 101, "def": 206, "spa": 246, "spd": 174, "spe": 166}, "types": ["Fire", "Psychic"]}, "Rayquaza": {"name": "Rayquaza", "species": "Rayquaza", "speciesId": "rayquaza", "gender": "N", "shiny": false, "level": 72, "moves": ["earthquake", "dragonascent", "outrage", "dragondance"], "ability": "Air Lock", "evs": {"hp": 85, "atk": 85, "def": 85, "spa": 85, "spd": 85, "spe": 85}, "ivs": {"hp": 31, "atk": 31, "def": 31, "spa": 31, "spd": 31, "spe": 31}, "item": "Heavy-Duty Boots", "teraType": "Flying", "role": "Setup Sweeper", "bvs": {"hp": 105, "atk": 150, "def": 90, "spa": 150, "spd": 90, "spe": 95}, "stats": {"hp": 270, "atk": 258, "def": 172, "spa": 258, "spd": 172, "spe": 179}, "types": ["Dragon", "Flying"]}}]}