{"id": "gen9randombattle-2631390102", "format": "[Gen 9] Random Battle", "players": ["quagapult", "Ggstarmie"], "log": "|j|\u2606quagapult\n|j|\u2606Ggstarmie\n|t:|1781378960\n|gametype|singles\n|player|p1|quagapult|170|1938\n|player|p2|Ggstarmie|266|1962\n|gen|9\n|tier|[Gen 9] Random Battle\n|rated|\n|rule|Species Clause: Limit one of each Pok\u00e9mon\n|rule|HP Percentage Mod: HP is shown in percentages\n|rule|Sleep Clause Mod: Limit one foe put to sleep\n|rule|Illusion Level Mod: Illusion disguises the Pok\u00e9mon's true level\n|\n|t:|1781378960\n|teamsize|p1|6\n|teamsize|p2|6\n|start\n|switch|p1a: Armarouge|Armarouge, L80, F|267/267\n|switch|p2a: Incineroar|Incineroar, L82, F|290/290\n|-ability|p2a: Incineroar|Intimidate|boost\n|-unboost|p1a: Armarouge|atk|1\n|turn|1\n|inactive|Battle timer is ON: inactive players will automatically lose when time's up. (requested by quagapult)\n|\n|t:|1781378971\n|switch|p1a: Swampert|Swampert, L83, M|302/302\n|move|p2a: Incineroar|Knock Off|p1a: Swampert\n|-damage|p1a: Swampert|196/302\n|-enditem|p1a: Swampert|Leftovers|[from] move: Knock Off|[of] p2a: Incineroar\n|\n|upkeep\n|turn|2\n|\n|t:|1781378980\n|switch|p2a: Amoonguss|Amoonguss, L82, M|321/321\n|move|p1a: Swampert|Yawn|p2a: Amoonguss\n|-start|p2a: Amoonguss|move: Yawn|[of] p1a: Swampert\n|\n|upkeep\n|turn|3\n|\n|t:|1781378985\n|switch|p2a: Mandibuzz|Mandibuzz, L85, F|326/326\n|move|p1a: Swampert|Flip Turn|p2a: Mandibuzz\n|-damage|p2a: Mandibuzz|263/326\n|\n|t:|1781379007\n|switch|p1a: Honchkrow|Honchkrow, L86, M|312/312|[from] Flip Turn\n|\n|upkeep\n|turn|4\n|\n|t:|1781379015\n|switch|p2a: Piloswine|Piloswine, L85, M|309/309\n|move|p1a: Honchkrow|Brave Bird|p2a: Piloswine\n|-damage|p2a: Piloswine|183/309\n|-damage|p1a: Honchkrow|270/312|[from] Recoil\n|\n|upkeep\n|turn|5\n|\n|t:|1781379026\n|move|p1a: Honchkrow|Brave Bird|p2a: Piloswine\n|-damage|p2a: Piloswine|71/309\n|-damage|p1a: Honchkrow|233/312|[from] Recoil\n|move|p2a: Piloswine|Icicle Crash|p1a: Honchkrow\n|-supereffective|p1a: Honchkrow\n|-damage|p1a: Honchkrow|0 fnt\n|faint|p1a: Honchkrow\n|\n|upkeep\n|inactive|quagapult has 120 seconds left.\n|\n|t:|1781379061\n|switch|p1a: Swampert|Swampert, L83, M|196/302\n|turn|6\n|\n|t:|1781379068\n|switch|p2a: Amoonguss|Amoonguss, L82, M|321/321\n|move|p1a: Swampert|Flip Turn|p2a: Amoonguss\n|-resisted|p2a: Amoonguss\n|-damage|p2a: Amoonguss|277/321\n|\n|t:|1781379077\n|switch|p1a: Armarouge|Armarouge, L80, F|267/267|[from] Flip Turn\n|\n|-heal|p2a: Amoonguss|297/321|[from] item: Leftovers\n|upkeep\n|turn|7\n|\n|t:|1781379085\n|switch|p2a: Piloswine|Piloswine, L85, M|71/309\n|-terastallize|p1a: Armarouge|Fighting\n|move|p1a: Armarouge|Focus Blast|p2a: Piloswine\n|-supereffective|p2a: Piloswine\n|-damage|p2a: Piloswine|0 fnt\n|faint|p2a: Piloswine\n|\n|upkeep\n|\n|t:|1781379090\n|switch|p2a: Amoonguss|Amoonguss, L82, M|321/321\n|turn|8\n|\n|t:|1781379106\n|switch|p1a: Swampert|Swampert, L83, M|196/302\n|move|p2a: Amoonguss|Toxic|p1a: Swampert\n|-status|p1a: Swampert|tox\n|\n|-damage|p1a: Swampert|178/302 tox|[from] psn\n|upkeep\n|turn|9\n|\n|t:|1781379111\n|move|p1a: Swampert|Yawn|p2a: Amoonguss\n|-start|p2a: Amoonguss|move: Yawn|[of] p1a: Swampert\n|move|p2a: Amoonguss|Giga Drain|p1a: Swampert\n|-supereffective|p1a: Swampert\n|-damage|p1a: Swampert|0 fnt\n|faint|p1a: Swampert\n|\n|upkeep\n|\n|t:|1781379122\n|switch|p1a: Armarouge|Armarouge, L80, F, tera:Fighting|267/267\n|turn|10\n|\n|t:|1781379126\n|switch|p2a: Dewgong|Dewgong, L94, M|322/322\n|move|p1a: Armarouge|Focus Blast|p2a: Dewgong|[miss]\n|-miss|p1a: Armarouge|p2a: Dewgong\n|\n|upkeep\n|turn|11\n|\n|t:|1781379135\n|move|p2a: Dewgong|Knock Off|p1a: Armarouge\n|-resisted|p1a: Armarouge\n|-damage|p1a: Armarouge|236/267\n|-ability|p1a: Armarouge|Weak Armor|boost\n|-unboost|p1a: Armarouge|def|1\n|-boost|p1a: Armarouge|spe|2\n|-enditem|p1a: Armarouge|Choice Specs|[from] move: Knock Off|[of] p2a: Dewgong\n|move|p1a: Armarouge|Focus Blast|p2a: Dewgong\n|-supereffective|p2a: Dewgong\n|-damage|p2a: Dewgong|160/322\n|\n|upkeep\n|turn|12\n|\n|t:|1781379152\n|switch|p2a: Amoonguss|Amoonguss, L82, M|321/321\n|move|p1a: Armarouge|Focus Blast|p2a: Amoonguss\n|-resisted|p2a: Amoonguss\n|-damage|p2a: Amoonguss|240/321\n|\n|-heal|p2a: Amoonguss|260/321|[from] item: Leftovers\n|upkeep\n|turn|13\n|\n|t:|1781379164\n|switch|p2a: Dewgong|Dewgong, L94, M|160/322\n|move|p1a: Armarouge|Armor Cannon|p2a: Dewgong\n|-damage|p2a: Dewgong|120/322\n|-unboost|p1a: Armarouge|def|1\n|-unboost|p1a: Armarouge|spd|1\n|\n|upkeep\n|turn|14\n|\n|t:|1781379172\n|move|p1a: Armarouge|Focus Blast|p2a: Dewgong|[miss]\n|-miss|p1a: Armarouge|p2a: Dewgong\n|move|p2a: Dewgong|Hydro Pump|p1a: Armarouge\n|-damage|p1a: Armarouge|29/267\n|\n|upkeep\n|turn|15\n|\n|t:|1781379187\n|move|p1a: Armarouge|Focus Blast|p2a: Dewgong\n|-supereffective|p2a: Dewgong\n|-damage|p2a: Dewgong|0 fnt\n|faint|p2a: Dewgong\n|\n|upkeep\n|\n|t:|1781379189\n|switch|p2a: Mandibuzz|Mandibuzz, L85, F|263/326\n|turn|16\n|\n|t:|1781379194\n|move|p1a: Armarouge|Armor Cannon|p2a: Mandibuzz\n|-damage|p2a: Mandibuzz|118/326\n|-unboost|p1a: Armarouge|def|1\n|-unboost|p1a: Armarouge|spd|1\n|move|p2a: Mandibuzz|Foul Play|p1a: Armarouge\n|-resisted|p1a: Armarouge\n|-damage|p1a: Armarouge|0 fnt\n|faint|p1a: Armarouge\n|\n|upkeep\n|\n|t:|1781379209\n|switch|p1a: Haxorus|Haxorus, L77, M|244/244\n|-ability|p1a: Haxorus|Mold Breaker\n|turn|17\n|\n|t:|1781379214\n|move|p1a: Haxorus|Swords Dance|p1a: Haxorus\n|-boost|p1a: Haxorus|atk|2\n|move|p2a: Mandibuzz|Toxic|p1a: Haxorus\n|-status|p1a: Haxorus|tox\n|\n|-damage|p1a: Haxorus|229/244 tox|[from] psn\n|upkeep\n|turn|18\n|\n|t:|1781379222\n|move|p1a: Haxorus|Scale Shot|p2a: Mandibuzz|[miss]\n|-miss|p1a: Haxorus|p2a: Mandibuzz\n|move|p2a: Mandibuzz|Roost|p2a: Mandibuzz\n|-heal|p2a: Mandibuzz|281/326\n|-singleturn|p2a: Mandibuzz|move: Roost\n|\n|-damage|p1a: Haxorus|199/244 tox|[from] psn\n|upkeep\n|turn|19\n|\n|t:|1781379226\n|move|p1a: Haxorus|Scale Shot|p2a: Mandibuzz\n|-damage|p2a: Mandibuzz|230/326\n|-damage|p2a: Mandibuzz|175/326\n|-damage|p2a: Mandibuzz|117/326\n|-damage|p2a: Mandibuzz|63/326\n|-damage|p2a: Mandibuzz|9/326\n|-hitcount|p2a: Mandibuzz|5\n|-unboost|p1a: Haxorus|def|1\n|-boost|p1a: Haxorus|spe|1\n|move|p2a: Mandibuzz|Foul Play|p1a: Haxorus\n|-damage|p1a: Haxorus|0 fnt\n|faint|p1a: Haxorus\n|\n|upkeep\n|\n|t:|1781379241\n|switch|p1a: Crawdaunt|Crawdaunt, L84, M|243/243\n|turn|20\n|\n|t:|1781379247\n|move|p2a: Mandibuzz|Toxic|p1a: Crawdaunt\n|-status|p1a: Crawdaunt|tox\n|move|p1a: Crawdaunt|Knock Off|p2a: Mandibuzz\n|-resisted|p2a: Mandibuzz\n|-damage|p2a: Mandibuzz|0 fnt\n|-enditem|p2a: Mandibuzz|Heavy-Duty Boots|[from] move: Knock Off|[of] p1a: Crawdaunt\n|faint|p2a: Mandibuzz\n|\n|-damage|p1a: Crawdaunt|228/243 tox|[from] psn\n|upkeep\n|\n|t:|1781379250\n|switch|p2a: Hitmontop|Hitmontop, L88, M|231/231\n|turn|21\n|\n|t:|1781379264\n|move|p2a: Hitmontop|Bulk Up|p2a: Hitmontop\n|-boost|p2a: Hitmontop|atk|1\n|-boost|p2a: Hitmontop|def|1\n|move|p1a: Crawdaunt|Knock Off|p2a: Hitmontop\n|-resisted|p2a: Hitmontop\n|-damage|p2a: Hitmontop|163/231\n|-enditem|p2a: Hitmontop|Leftovers|[from] move: Knock Off|[of] p1a: Crawdaunt\n|\n|-damage|p1a: Crawdaunt|198/243 tox|[from] psn\n|upkeep\n|turn|22\n|\n|t:|1781379275\n|move|p2a: Hitmontop|Rapid Spin|p1a: Crawdaunt\n|-damage|p1a: Crawdaunt|106/243 tox\n|-boost|p2a: Hitmontop|spe|1\n|move|p1a: Crawdaunt|Knock Off|p2a: Hitmontop\n|-resisted|p2a: Hitmontop\n|-damage|p2a: Hitmontop|117/231\n|\n|-damage|p1a: Crawdaunt|61/243 tox|[from] psn\n|upkeep\n|turn|23\n|-message|quagapult forfeited.\n|\n|win|Ggstarmie\n", "inputlog": ">version a8376a258c1d4662feba110a92103f3664a72141\n>start {\"formatid\":\"gen9randombattle\",\"seed\":\"sodium,d5ac534b63623e74c3bb0a8a0ecc0c1d\",\"rated\":\"Rated battle\"}\n>player p1 {\"name\":\"quagapult\",\"avatar\":\"170\",\"rating\":1938,\"seed\":\"sodium,87600e6446cc4c711040bb5e1e342684\"}\n>player p2 {\"name\":\"Ggstarmie\",\"avatar\":\"266\",\"rating\":1962,\"seed\":\"sodium,07195df78549d6e2b8334e1edecca374\"}\n>p1 switch 4\n>p2 move knockoff\n>p1 move yawn\n>p2 switch 5\n>p1 move flipturn\n>p2 switch 3\n>p1 switch 6\n>p1 move bravebird\n>p2 switch 2\n>p1 move bravebird\n>p2 move iciclecrash\n>p1 switch 6\n>p1 move flipturn\n>p2 switch 3\n>p1 switch 4\n>p1 move focusblast terastallize\n>p2 switch 3\n>p2 switch 3\n>p1 switch 4\n>p2 move toxic\n>p1 move yawn\n>p2 move gigadrain\n>p1 switch 4\n>p1 move focusblast\n>p2 switch 4\n>p1 move focusblast\n>p2 move knockoff\n>p1 move focusblast\n>p2 switch 4\n>p1 move armorcannon\n>p2 switch 4\n>p1 move focusblast\n>p2 move hydropump\n>p1 move focusblast\n>p2 move knockoff\n>p2 switch 2\n>p1 move armorcannon\n>p2 move foulplay\n>p1 switch 2\n>p1 move swordsdance\n>p2 move toxic\n>p1 move scaleshot\n>p2 move roost\n>p1 move scaleshot\n>p2 move foulplay\n>p1 switch 3\n>p1 move knockoff\n>p2 move toxic\n>p2 switch 6\n>p1 move knockoff\n>p2 move bulkup\n>p1 move knockoff\n>p2 move rapidspin\n>forcelose p1", "uploadtime": 1781378962, "views": 9, "formatid": "gen9randombattle", "rating": null, "private": 0, "password": null, "player_dets": [{"name": "quagapult", "avatar": "170", "rating": 1938, "seed": "sodium,87600e6446cc4c711040bb5e1e342684"}, {"name": "Ggstarmie", "avatar": "266", "rating": 1962, "seed": "sodium,07195df78549d6e2b8334e1edecca374"}], "teams_full": [{"Armarouge": {"name": "Armarouge", "species": "Armarouge", "speciesId": "armarouge", "gender": "F", "shiny": false, "level": 80, "moves": ["armorcannon", "focusblast", "psyshock", "energyball"], "ability": "Weak Armor", "evs": {"hp": 85, "atk": 0, "def": 85, "spa": 85, "spd": 85, "spe": 85}, "ivs": {"hp": 31, "atk": 0, "def": 31, "spa": 31, "spd": 31, "spe": 31}, "item": "Choice Specs", "teraType": "Fighting", "role": "Wallbreaker", "bvs": {"hp": 85, "atk": 60, "def": 100, "spa": 125, "spd": 80, "spe": 75}, "stats": {"hp": 267, "atk": 101, "def": 206, "spa": 246, "spd": 174, "spe": 166}, "types": ["Fire", "Psychic"]}, "Haxorus": {"name": "Haxorus", "species": "Haxorus", "speciesId": "haxorus", "gender": "M", "shiny": false, "level": 77, "moves": ["ironhead", "earthquake", "swordsdance", "scaleshot"], "ability": "Mold Breaker", "evs": {"hp": 85, "atk": 85, "def": 85, "spa": 85, "spd": 85, "spe": 85}, "ivs": {"hp": 31, "atk": 31, "def": 31, "spa": 31, "spd": 31, "spe": 31}, "item": "Loaded Dice", "teraType": "Steel", "role": "Fast Bulky Setup", "bvs": {"hp": 76, "atk": 147, "def": 90, "spa": 60, "spd": 70, "spe": 97}, "stats": {"hp": 244, "atk": 271, "def": 183, "spa": 137, "spd": 152, "spe": 194}, "types": ["Dragon"]}, "Crawdaunt": {"name": "Crawdaunt", "species": "Crawdaunt", "speciesId": "crawdaunt", "gender": "M", "shiny": false, "level": 84, "moves": ["knockoff", "aquajet", "crabhammer", "closecombat"], "ability": "Adaptability", "evs": {"hp": 85, "atk": 85, "def": 85, "spa": 85, "spd": 85, "spe": 85}, "ivs": {"hp": 31, "atk": 31, "def": 31, "spa": 31, "spd": 31, "spe": 31}, "item": "Choice Band", "teraType": "Fighting", "role": "Fast Attacker", "bvs": {"hp": 63, "atk": 120, "def": 85, "spa": 90, "spd": 55, "spe": 55}, "stats": {"hp": 243, "atk": 250, "def": 191, "spa": 199, "spd": 141, "spe": 141}, "types": ["Water", "Dark"]}, "Swampert": {"name": "Swampert", "species": "Swampert", "speciesId": "swampert", "gender": "M", "shiny": false, "level": 83, "moves": ["knockoff", "flipturn", "yawn", "earthquake"], "ability": "Torrent", "evs": {"hp": 85, "atk": 85, "def": 85, "spa": 85, "spd": 85, "spe": 85}, "ivs": {"hp": 31, "atk": 31, "def": 31, "spa": 31, "spd": 31, "spe": 31}, "item": "Leftovers", "teraType": "Poison", "role": "Bulky Support", "bvs": {"hp": 100, "atk": 110, "def": 90, "spa": 85, "spd": 90, "spe": 60}, "stats": {"hp": 302, "atk": 230, "def": 197, "spa": 189, "spd": 197, "spe": 147}, "types": ["Water", "Ground"]}, "Spectrier": {"name": "Spectrier", "species": "Spectrier", "speciesId": "spectrier", "gender": "N", "shiny": false, "level": 75, "moves": ["shadowball", "terablast", "nastyplot", "willowisp"], "ability": "Grim Neigh", "evs": {"hp": 85, "atk": 0, "def": 85, "spa": 85, "spd": 85, "spe": 85}, "ivs": {"hp": 31, "atk": 0, "def": 31, "spa": 31, "spd": 31, "spe": 31}, "item": "Life Orb", "teraType": "Fighting", "role": "Tera Blast user", "bvs": {"hp": 100, "atk": 65, "def": 60, "spa": 145, "spd": 80, "spe": 130}, "stats": {"hp": 274, "atk": 102, "def": 134, "spa": 261, "spd": 164, "spe": 239}, "types": ["Ghost"]}, "Honchkrow": {"name": "Honchkrow", "species": "Honchkrow", "speciesId": "honchkrow", "gender": "M", "shiny": false, "level": 86, "moves": ["bravebird", "heatwave", "uturn", "suckerpunch"], "ability": "Moxie", "evs": {"hp": 85, "atk": 85, "def": 85, "spa": 85, "spd": 85, "spe": 85}, "ivs": {"hp": 31, "atk": 31, "def": 31, "spa": 31, "spd": 31, "spe": 31}, "item": "Heavy-Duty Boots", "teraType": "Dark", "role": "Fast Attacker", "bvs": {"hp": 100, "atk": 125, "def": 52, "spa": 105, "spd": 52, "spe": 71}, "stats": {"hp": 312, "atk": 264, "def": 139, "spa": 230, "spd": 139, "spe": 171}, "types": ["Dark", "Flying"]}}, {"Incineroar": {"name": "Incineroar", "species": "Incineroar", "speciesId": "incineroar", "gender": "F", "shiny": false, "level": 82, "moves": ["flareblitz", "trailblaze", "swordsdance", "knockoff"], "ability": "Intimidate", "evs": {"hp": 85, "atk": 85, "def": 85, "spa": 85, "spd": 85, "spe": 85}, "ivs": {"hp": 31, "atk": 31, "def": 31, "spa": 31, "spd": 31, "spe": 31}, "item": "Heavy-Duty Boots", "teraType": "Grass", "role": "Setup Sweeper", "bvs": {"hp": 95, "atk": 115, "def": 90, "spa": 80, "spd": 90, "spe": 60}, "stats": {"hp": 290, "atk": 236, "def": 195, "spa": 178, "spd": 195, "spe": 146}, "types": ["Fire", "Dark"]}, "Piloswine": {"name": "Piloswine", "species": "Piloswine", "speciesId": "piloswine", "gender": "M", "shiny": false, "level": 85, "moves": ["earthquake", "iceshard", "iciclecrash", "roar"], "ability": "Thick Fat", "evs": {"hp": 85, "atk": 85, "def": 85, "spa": 85, "spd": 85, "spe": 85}, "ivs": {"hp": 31, "atk": 31, "def": 31, "spa": 31, "spd": 31, "spe": 31}, "item": "Eviolite", "teraType": "Dragon", "role": "Bulky Support", "bvs": {"hp": 100, "atk": 100, "def": 80, "spa": 60, "spd": 60, "spe": 50}, "stats": {"hp": 309, "atk": 219, "def": 185, "spa": 151, "spd": 151, "spe": 134}, "types": ["Ice", "Ground"]}, "Mandibuzz": {"name": "Mandibuzz", "species": "Mandibuzz", "speciesId": "mandibuzz", "gender": "F", "shiny": false, "level": 85, "moves": ["roost", "defog", "foulplay", "toxic"], "ability": "Overcoat", "evs": {"hp": 85, "atk": 0, "def": 85, "spa": 85, "spd": 85, "spe": 85}, "ivs": {"hp": 31, "atk": 0, "def": 31, "spa": 31, "spd": 31, "spe": 31}, "item": "Heavy-Duty Boots", "teraType": "Steel", "role": "Bulky Support", "bvs": {"hp": 110, "atk": 65, "def": 105, "spa": 55, "spd": 95, "spe": 80}, "stats": {"hp": 326, "atk": 115, "def": 227, "spa": 142, "spd": 210, "spe": 185}, "types": ["Dark", "Flying"]}, "Dewgong": {"name": "Dewgong", "species": "Dewgong", "speciesId": "dewgong", "gender": "M", "shiny": false, "level": 94, "moves": ["hydropump", "icebeam", "flipturn", "knockoff"], "ability": "Thick Fat", "evs": {"hp": 85, "atk": 85, "def": 85, "spa": 85, "spd": 85, "spe": 85}, "ivs": {"hp": 31, "atk": 31, "def": 31, "spa": 31, "spd": 31, "spe": 31}, "item": "Assault Vest", "teraType": "Steel", "role": "Bulky Support", "bvs": {"hp": 90, "atk": 70, "def": 80, "spa": 70, "spd": 95, "spe": 70}, "stats": {"hp": 322, "atk": 185, "def": 204, "spa": 185, "spd": 232, "spe": 185}, "types": ["Water", "Ice"]}, "Amoonguss": {"name": "Amoonguss", "species": "Amoonguss", "speciesId": "amoonguss", "gender": "M", "shiny": false, "level": 82, "moves": ["spore", "gigadrain", "sludgebomb", "toxic"], "ability": "Regenerator", "evs": {"hp": 85, "atk": 0, "def": 85, "spa": 85, "spd": 85, "spe": 85}, "ivs": {"hp": 31, "atk": 0, "def": 31, "spa": 31, "spd": 31, "spe": 31}, "item": "Leftovers", "teraType": "Steel", "role": "Bulky Support", "bvs": {"hp": 114, "atk": 85, "def": 70, "spa": 85, "spd": 80, "spe": 30}, "stats": {"hp": 321, "atk": 144, "def": 162, "spa": 187, "spd": 178, "spe": 96}, "types": ["Grass", "Poison"]}, "Hitmontop": {"name": "Hitmontop", "species": "Hitmontop", "speciesId": "hitmontop", "gender": "M", "shiny": false, "level": 88, "moves": ["rapidspin", "tripleaxel", "closecombat", "bulkup"], "ability": "Technician", "evs": {"hp": 85, "atk": 85, "def": 85, "spa": 85, "spd": 85, "spe": 85}, "ivs": {"hp": 31, "atk": 31, "def": 31, "spa": 31, "spd": 31, "spe": 31}, "item": "Leftovers", "teraType": "Ice", "role": "Bulky Setup", "bvs": {"hp": 50, "atk": 95, "def": 95, "spa": 35, "spd": 110, "spe": 70}, "stats": {"hp": 231, "atk": 217, "def": 217, "spa": 112, "spd": 244, "spe": 173}, "types": ["Fighting"]}}]}