{"id": "gen9randombattle-2631571992", "format": "[Gen 9] Random Battle", "players": ["sirsh4rk", "UU Fent Dealer"], "log": "|j|\u2606sirsh4rk\n|j|\u2606UU Fent Dealer\n|t:|1781402980\n|gametype|singles\n|player|p1|sirsh4rk|steven-masters2|1368\n|player|p2|UU Fent Dealer|170|1344\n|gen|9\n|tier|[Gen 9] Random Battle\n|rated|\n|rule|Species Clause: Limit one of each Pok\u00e9mon\n|rule|HP Percentage Mod: HP is shown in percentages\n|rule|Sleep Clause Mod: Limit one foe put to sleep\n|rule|Illusion Level Mod: Illusion disguises the Pok\u00e9mon's true level\n|\n|t:|1781402980\n|teamsize|p1|6\n|teamsize|p2|6\n|start\n|switch|p1a: Illumise|Illumise, L91, F|266/266\n|switch|p2a: Wugtrio|Wugtrio, L91, F|212/212\n|turn|1\n|inactive|Battle timer is ON: inactive players will automatically lose when time's up. (requested by sirsh4rk)\n|\n|t:|1781402995\n|move|p1a: Illumise|Thunder Wave|p2a: Wugtrio|[miss]\n|-miss|p1a: Illumise|p2a: Wugtrio\n|move|p2a: Wugtrio|Liquidation|p1a: Illumise\n|-damage|p1a: Illumise|89/266\n|\n|upkeep\n|turn|2\n|\n|t:|1781403004\n|move|p1a: Illumise|Thunder Wave|p2a: Wugtrio\n|-status|p2a: Wugtrio|par\n|move|p2a: Wugtrio|Liquidation|p1a: Illumise\n|-damage|p1a: Illumise|0 fnt\n|faint|p1a: Illumise\n|\n|upkeep\n|\n|t:|1781403013\n|switch|p1a: Arceus|Arceus-Grass, L73|296/296\n|turn|3\n|\n|t:|1781403022\n|switch|p2a: Slowking|Slowking-Galar, L85, M|300/300\n|move|p1a: Arceus|Calm Mind|p1a: Arceus\n|-boost|p1a: Arceus|spa|1\n|-boost|p1a: Arceus|spd|1\n|\n|upkeep\n|turn|4\n|\n|t:|1781403026\n|-terastallize|p1a: Arceus|Ground\n|move|p1a: Arceus|Earth Power|p2a: Slowking\n|-supereffective|p2a: Slowking\n|-damage|p2a: Slowking|100/300\n|move|p2a: Slowking|Sludge Bomb|p1a: Arceus\n|-resisted|p1a: Arceus\n|-damage|p1a: Arceus|263/296\n|\n|-heal|p2a: Slowking|118/300|[from] item: Leftovers\n|upkeep\n|turn|5\n|\n|t:|1781403033\n|switch|p2a: Ditto|Ditto, L87|225/225\n|-transform|p2a: Ditto|p1a: Arceus|[from] ability: Imposter\n|move|p1a: Arceus|Earth Power|p2a: Ditto\n|-resisted|p2a: Ditto\n|-damage|p2a: Ditto|183/225\n|\n|upkeep\n|-start|p2a: Ditto|typechange|Grass|[silent]\n|turn|6\n|\n|t:|1781403041\n|switch|p1a: Delphox|Delphox, L84, F|263/263\n|move|p2a: Ditto|Ice Beam|p1a: Delphox\n|-resisted|p1a: Delphox\n|-damage|p1a: Delphox|215/263\n|\n|upkeep\n|turn|7\n|\n|t:|1781403052\n|switch|p2a: Luvdisc|Luvdisc, M|247/247\n|move|p1a: Delphox|Grass Knot|p2a: Luvdisc\n|-supereffective|p2a: Luvdisc\n|-damage|p2a: Luvdisc|199/247\n|\n|upkeep\n|turn|8\n|\n|t:|1781403058\n|switch|p1a: Cyclizar|Cyclizar, L83, M|252/252\n|move|p2a: Luvdisc|Substitute|p2a: Luvdisc\n|-start|p2a: Luvdisc|Substitute\n|-damage|p2a: Luvdisc|138/247\n|\n|upkeep\n|turn|9\n|\n|t:|1781403062\n|move|p2a: Luvdisc|Endeavor|p1a: Cyclizar\n|-damage|p1a: Cyclizar|138/252\n|move|p1a: Cyclizar|Shed Tail|p1a: Cyclizar\n|-start|p1a: Cyclizar|Substitute|[from] move: Shed Tail\n|-damage|p1a: Cyclizar|12/252\n|\n|t:|1781403066\n|switch|p1a: Calyrex|Calyrex-Shadow, L64|235/235|[from] Shed Tail\n|-ability|p1a: Calyrex|As One\n|-ability|p1a: Calyrex|Unnerve\n|\n|upkeep\n|turn|10\n|\n|t:|1781403069\n|move|p2a: Luvdisc|Surf|p1a: Calyrex\n|-end|p1a: Calyrex|Substitute\n|move|p1a: Calyrex|Astral Barrage|p2a: Luvdisc\n|-end|p2a: Luvdisc|Substitute\n|\n|upkeep\n|turn|11\n|\n|t:|1781403076\n|move|p2a: Luvdisc|Flip Turn|p1a: Calyrex\n|-damage|p1a: Calyrex|180/235\n|\n|t:|1781403079\n|switch|p2a: Gumshoos|Gumshoos, L95, F|321/321|[from] Flip Turn\n|move|p1a: Calyrex|Astral Barrage|p2a: Gumshoos\n|-immune|p2a: Gumshoos\n|\n|upkeep\n|turn|12\n|-message|sirsh4rk forfeited.\n|\n|win|UU Fent Dealer\n|raw|sirsh4rk's rating: 1368 &rarr; <strong>1347</strong><br />(-21 for losing)\n|raw|UU Fent Dealer's rating: 1344 &rarr; <strong>1365</strong><br />(+21 for winning)\n|l|\u2606sirsh4rk\n|player|p1|\n", "inputlog": ">version a8376a258c1d4662feba110a92103f3664a72141\n>start {\"formatid\":\"gen9randombattle\",\"seed\":\"sodium,bbc8f263af8b6aa2635eaab7f4694da8\",\"rated\":\"Rated battle\"}\n>player p1 {\"name\":\"sirsh4rk\",\"avatar\":\"steven-masters2\",\"rating\":1368,\"seed\":\"sodium,5c5950795cea4484f28b11de9dcffaa5\"}\n>player p2 {\"name\":\"UU Fent Dealer\",\"avatar\":\"170\",\"rating\":1344,\"seed\":\"sodium,83a6e316dd19f66172c761aa130b3981\"}\n>p1 move thunderwave\n>p2 move liquidation\n>p1 move thunderwave\n>p2 move liquidation\n>p1 switch 3\n>p1 move calmmind\n>p2 switch 6\n>p1 move earthpower terastallize\n>p2 move sludgebomb\n>p1 move earthpower\n>p2 switch 2\n>p1 switch 4\n>p2 move icebeam\n>p1 move grassknot\n>p2 switch 4\n>p1 switch 2\n>p2 move substitute\n>p1 move shedtail\n>p2 move endeavor\n>p1 switch 6\n>p1 move astralbarrage\n>p2 move surf\n>p1 move astralbarrage\n>p2 move flipturn\n>p2 switch 5\n>forcelose p1", "uploadtime": 1781403086, "views": 5, "formatid": "gen9randombattle", "rating": 1347, "private": 0, "password": null, "player_dets": [{"name": "sirsh4rk", "avatar": "steven-masters2", "rating": 1368, "seed": "sodium,5c5950795cea4484f28b11de9dcffaa5"}, {"name": "UU Fent Dealer", "avatar": "170", "rating": 1344, "seed": "sodium,83a6e316dd19f66172c761aa130b3981"}], "teams_full": [{"Illumise": {"name": "Illumise", "species": "Illumise", "speciesId": "illumise", "gender": "F", "shiny": false, "level": 91, "moves": ["roost", "encore", "thunderwave", "bugbuzz"], "ability": "Prankster", "evs": {"hp": 85, "atk": 0, "def": 85, "spa": 85, "spd": 85, "spe": 85}, "ivs": {"hp": 31, "atk": 0, "def": 31, "spa": 31, "spd": 31, "spe": 31}, "item": "Heavy-Duty Boots", "teraType": "Water", "role": "Bulky Support", "bvs": {"hp": 65, "atk": 47, "def": 75, "spa": 73, "spd": 85, "spe": 85}, "stats": {"hp": 266, "atk": 90, "def": 188, "spa": 185, "spd": 207, "spe": 207}}, "Cyclizar": {"name": "Cyclizar", "species": "Cyclizar", "speciesId": "cyclizar", "gender": "M", "shiny": false, "level": 83, "moves": ["rapidspin", "shedtail", "knockoff", "dracometeor"], "ability": "Regenerator", "evs": {"hp": 85, "atk": 85, "def": 85, "spa": 85, "spd": 85, "spe": 85}, "ivs": {"hp": 31, "atk": 31, "def": 31, "spa": 31, "spd": 31, "spe": 31}, "item": "Heavy-Duty Boots", "teraType": "Steel", "role": "Fast Support", "bvs": {"hp": 70, "atk": 95, "def": 65, "spa": 85, "spd": 65, "spe": 121}, "stats": {"hp": 252, "atk": 205, "def": 156, "spa": 189, "spd": 156, "spe": 249}}, "Arceus": {"name": "Arceus", "species": "Arceus-Grass", "speciesId": "arceusgrass", "gender": "N", "shiny": false, "level": 73, "moves": ["icebeam", "judgment", "earthpower", "calmmind"], "ability": "Multitype", "evs": {"hp": 85, "atk": 0, "def": 85, "spa": 85, "spd": 85, "spe": 85}, "ivs": {"hp": 31, "atk": 0, "def": 31, "spa": 31, "spd": 31, "spe": 31}, "item": "Meadow Plate", "teraType": "Ground", "role": "Setup Sweeper", "bvs": {"hp": 120, "atk": 120, "def": 120, "spa": 120, "spd": 120, "spe": 120}, "stats": {"hp": 296, "atk": 180, "def": 218, "spa": 218, "spd": 218, "spe": 218}}, "Delphox": {"name": "Delphox", "species": "Delphox", "speciesId": "delphox", "gender": "F", "shiny": false, "level": 84, "moves": ["grassknot", "fireblast", "psyshock", "focusblast"], "ability": "Blaze", "evs": {"hp": 85, "atk": 0, "def": 85, "spa": 85, "spd": 85, "spe": 85}, "ivs": {"hp": 31, "atk": 0, "def": 31, "spa": 31, "spd": 31, "spe": 31}, "item": "Choice Specs", "teraType": "Grass", "role": "Fast Attacker", "bvs": {"hp": 75, "atk": 69, "def": 72, "spa": 114, "spd": 100, "spe": 104}, "stats": {"hp": 263, "atk": 120, "def": 169, "spa": 240, "spd": 216, "spe": 223}}, "Flygon": {"name": "Flygon", "species": "Flygon", "speciesId": "flygon", "gender": "M", "shiny": false, "level": 82, "moves": ["stoneedge", "earthquake", "outrage", "dragondance"], "ability": "Levitate", "evs": {"hp": 85, "atk": 85, "def": 85, "spa": 85, "spd": 85, "spe": 85}, "ivs": {"hp": 31, "atk": 31, "def": 31, "spa": 31, "spd": 31, "spe": 31}, "item": "Lum Berry", "teraType": "Steel", "role": "Fast Attacker", "bvs": {"hp": 80, "atk": 100, "def": 80, "spa": 80, "spd": 80, "spe": 100}, "stats": {"hp": 265, "atk": 211, "def": 178, "spa": 178, "spd": 178, "spe": 211}}, "Calyrex": {"name": "Calyrex", "species": "Calyrex-Shadow", "speciesId": "calyrexshadow", "gender": "N", "shiny": false, "level": 64, "moves": ["psyshock", "pollenpuff", "trick", "astralbarrage"], "ability": "As One (Spectrier)", "evs": {"hp": 85, "atk": 0, "def": 85, "spa": 85, "spd": 85, "spe": 85}, "ivs": {"hp": 31, "atk": 0, "def": 31, "spa": 31, "spd": 31, "spe": 31}, "item": "Choice Specs", "teraType": "Ghost", "role": "Fast Attacker", "bvs": {"hp": 100, "atk": 85, "def": 80, "spa": 165, "spd": 100, "spe": 150}, "stats": {"hp": 235, "atk": 113, "def": 140, "spa": 249, "spd": 166, "spe": 230}}}, {"Wugtrio": {"name": "Wugtrio", "species": "Wugtrio", "speciesId": "wugtrio", "gender": "F", "shiny": false, "level": 91, "moves": ["aquajet", "stompingtantrum", "throatchop", "liquidation"], "ability": "Gooey", "evs": {"hp": 85, "atk": 85, "def": 85, "spa": 85, "spd": 85, "spe": 85}, "ivs": {"hp": 31, "atk": 31, "def": 31, "spa": 31, "spd": 31, "spe": 31}, "item": "Choice Band", "teraType": "Water", "role": "Fast Attacker", "bvs": {"hp": 35, "atk": 100, "def": 50, "spa": 50, "spd": 70, "spe": 120}, "stats": {"hp": 212, "atk": 234, "def": 143, "spa": 143, "spd": 179, "spe": 270}}, "Ditto": {"name": "Ditto", "species": "Ditto", "speciesId": "ditto", "gender": "N", "shiny": false, "level": 87, "moves": ["transform"], "ability": "Imposter", "evs": {"hp": 85, "atk": 85, "def": 85, "spa": 85, "spd": 85, "spe": 85}, "ivs": {"hp": 31, "atk": 31, "def": 31, "spa": 31, "spd": 31, "spe": 31}, "item": "Choice Scarf", "teraType": "Steel", "role": "Fast Support", "bvs": {"hp": 48, "atk": 48, "def": 48, "spa": 48, "spd": 48, "spe": 48}, "stats": {"hp": 225, "atk": 133, "def": 133, "spa": 133, "spd": 133, "spe": 133}}, "Iron Boulder": {"name": "Iron Boulder", "species": "Iron Boulder", "speciesId": "ironboulder", "gender": "N", "shiny": false, "level": 77, "moves": ["closecombat", "mightycleave", "zenheadbutt", "swordsdance"], "ability": "Quark Drive", "evs": {"hp": 85, "atk": 85, "def": 85, "spa": 85, "spd": 85, "spe": 85}, "ivs": {"hp": 31, "atk": 31, "def": 31, "spa": 31, "spd": 31, "spe": 31}, "item": "Booster Energy", "teraType": "Fighting", "role": "Fast Bulky Setup", "bvs": {"hp": 90, "atk": 120, "def": 80, "spa": 68, "spd": 108, "spe": 124}, "stats": {"hp": 265, "atk": 229, "def": 168, "spa": 149, "spd": 211, "spe": 236}}, "Luvdisc": {"name": "Luvdisc", "species": "Luvdisc", "speciesId": "luvdisc", "gender": "M", "shiny": false, "level": 100, "moves": ["substitute", "endeavor", "surf", "flipturn"], "ability": "Swift Swim", "evs": {"hp": 81, "atk": 85, "def": 85, "spa": 85, "spd": 85, "spe": 85}, "ivs": {"hp": 31, "atk": 31, "def": 31, "spa": 31, "spd": 31, "spe": 31}, "item": "Heavy-Duty Boots", "teraType": "Ground", "role": "Fast Support", "bvs": {"hp": 43, "atk": 30, "def": 55, "spa": 40, "spd": 65, "spe": 97}, "stats": {"hp": 247, "atk": 117, "def": 167, "spa": 137, "spd": 187, "spe": 251}}, "Gumshoos": {"name": "Gumshoos", "species": "Gumshoos", "speciesId": "gumshoos", "gender": "F", "shiny": false, "level": 95, "moves": ["knockoff", "uturn", "doubleedge", "earthquake"], "ability": "Adaptability", "evs": {"hp": 85, "atk": 85, "def": 85, "spa": 85, "spd": 85, "spe": 85}, "ivs": {"hp": 31, "atk": 31, "def": 31, "spa": 31, "spd": 31, "spe": 31}, "item": "Choice Band", "teraType": "Ground", "role": "Fast Attacker", "bvs": {"hp": 88, "atk": 110, "def": 60, "spa": 55, "spd": 60, "spe": 45}, "stats": {"hp": 321, "atk": 263, "def": 168, "spa": 158, "spd": 168, "spe": 139}}, "Slowking": {"name": "Slowking", "species": "Slowking-Galar", "speciesId": "slowkinggalar", "gender": "M", "shiny": false, "level": 85, "moves": ["slackoff", "psychicnoise", "fireblast", "sludgebomb"], "ability": "Regenerator", "evs": {"hp": 85, "atk": 0, "def": 85, "spa": 85, "spd": 85, "spe": 85}, "ivs": {"hp": 31, "atk": 0, "def": 31, "spa": 31, "spd": 31, "spe": 31}, "item": "Leftovers", "teraType": "Fairy", "role": "Bulky Attacker", "bvs": {"hp": 95, "atk": 65, "def": 80, "spa": 110, "spd": 110, "spe": 30}, "stats": {"hp": 300, "atk": 115, "def": 185, "spa": 236, "spd": 236, "spe": 100}}}]}