{"id": "gen9randombattle-2631683969", "format": "[Gen 9] Random Battle", "players": ["jaikeshav", "akumaavgc"], "log": "|j|\u2606jaikeshav\n|j|\u2606akumaavgc\n|t:|1781421193\n|gametype|singles\n|player|p1|jaikeshav|169|1212\n|player|p2|akumaavgc|gladion-stance|1263\n|gen|9\n|tier|[Gen 9] Random Battle\n|rated|\n|rule|Species Clause: Limit one of each Pok\u00e9mon\n|rule|HP Percentage Mod: HP is shown in percentages\n|rule|Sleep Clause Mod: Limit one foe put to sleep\n|rule|Illusion Level Mod: Illusion disguises the Pok\u00e9mon's true level\n|\n|t:|1781421193\n|teamsize|p1|6\n|teamsize|p2|6\n|start\n|switch|p1a: Meowstic|Meowstic-F, L89, F|277/277\n|switch|p2a: Inteleon|Inteleon, L81, F|246/246\n|turn|1\n|inactive|Battle timer is ON: inactive players will automatically lose when time's up. (requested by akumaavgc)\n|\n|t:|1781421207\n|move|p2a: Inteleon|U-turn|p1a: Meowstic\n|-supereffective|p1a: Meowstic\n|-damage|p1a: Meowstic|183/277\n|\n|t:|1781421215\n|switch|p2a: Iron Treads|Iron Treads, L77|265/265|[from] U-turn\n|move|p1a: Meowstic|Nasty Plot|p1a: Meowstic\n|-boost|p1a: Meowstic|spa|2\n|\n|upkeep\n|turn|2\n|\n|t:|1781421226\n|move|p1a: Meowstic|Dark Pulse|p2a: Iron Treads\n|-damage|p2a: Iron Treads|86/265\n|-damage|p1a: Meowstic|156/277|[from] item: Life Orb\n|move|p2a: Iron Treads|Rapid Spin|p1a: Meowstic\n|-damage|p1a: Meowstic|122/277\n|-boost|p2a: Iron Treads|spe|1\n|\n|-heal|p2a: Iron Treads|102/265|[from] item: Leftovers\n|upkeep\n|turn|3\n|\n|t:|1781421235\n|move|p2a: Iron Treads|Earthquake|p1a: Meowstic\n|-damage|p1a: Meowstic|10/277\n|move|p1a: Meowstic|Dark Pulse|p2a: Iron Treads\n|-damage|p2a: Iron Treads|0 fnt\n|faint|p2a: Iron Treads\n|-end|p2a: Iron Treads|Quark Drive|[silent]\n|-damage|p1a: Meowstic|0 fnt|[from] item: Life Orb\n|faint|p1a: Meowstic\n|\n|upkeep\n|\n|t:|1781421243\n|switch|p1a: Whimsicott|Whimsicott, L84, F|238/238\n|switch|p2a: Inteleon|Inteleon, L81, F|246/246\n|turn|4\n|\n|t:|1781421249\n|switch|p2a: Gogoat|Gogoat, L88, F|360/360\n|move|p1a: Whimsicott|Giga Drain|p2a: Gogoat\n|-ability|p2a: Gogoat|Sap Sipper|boost\n|-boost|p2a: Gogoat|atk|1\n|\n|upkeep\n|turn|5\n|\n|t:|1781421258\n|move|p1a: Whimsicott|Moonblast|p2a: Gogoat\n|-damage|p2a: Gogoat|269/360\n|-unboost|p2a: Gogoat|spa|1\n|move|p2a: Gogoat|Bulk Up|p2a: Gogoat\n|-boost|p2a: Gogoat|atk|1\n|-boost|p2a: Gogoat|def|1\n|\n|-heal|p2a: Gogoat|291/360|[from] item: Leftovers\n|upkeep\n|turn|6\n|\n|t:|1781421265\n|move|p1a: Whimsicott|Encore|p2a: Gogoat\n|-start|p2a: Gogoat|Encore\n|move|p2a: Gogoat|Bulk Up|p2a: Gogoat\n|-boost|p2a: Gogoat|atk|1\n|-boost|p2a: Gogoat|def|1\n|\n|-heal|p2a: Gogoat|313/360|[from] item: Leftovers\n|upkeep\n|turn|7\n|\n|t:|1781421277\n|switch|p1a: Tentacruel|Tentacruel, L84, M|272/272\n|switch|p2a: Blissey|Blissey, L85, F|572/572\n|\n|upkeep\n|turn|8\n|\n|t:|1781421282\n|move|p1a: Tentacruel|Flip Turn|p2a: Blissey\n|-damage|p2a: Blissey|418/572\n|\n|t:|1781421289\n|switch|p1a: Cobalion|Cobalion, L80|277/277|[from] Flip Turn\n|move|p2a: Blissey|Thunder Wave|p1a: Cobalion\n|-status|p1a: Cobalion|par\n|\n|-heal|p2a: Blissey|453/572|[from] item: Leftovers\n|upkeep\n|turn|9\n|inactiveoff|Battle timer is now OFF.\n|\n|t:|1781421303\n|switch|p2a: Samurott|Samurott, L88, M|310/310\n|move|p1a: Cobalion|Close Combat|p2a: Samurott\n|-damage|p2a: Samurott|176/310\n|-unboost|p1a: Cobalion|def|1\n|-unboost|p1a: Cobalion|spd|1\n|-damage|p1a: Cobalion|250/277 par|[from] item: Life Orb\n|\n|upkeep\n|turn|10\n|\n|t:|1781421316\n|move|p2a: Samurott|Sacred Sword|p1a: Cobalion\n|-supereffective|p1a: Cobalion\n|-damage|p1a: Cobalion|117/277 par\n|-damage|p2a: Samurott|145/310|[from] item: Life Orb\n|move|p1a: Cobalion|Close Combat|p2a: Samurott\n|-damage|p2a: Samurott|1/310\n|-unboost|p1a: Cobalion|def|1\n|-unboost|p1a: Cobalion|spd|1\n|-damage|p1a: Cobalion|90/277 par|[from] item: Life Orb\n|\n|upkeep\n|turn|11\n|\n|t:|1781421329\n|move|p2a: Samurott|Sacred Sword|p1a: Cobalion\n|-supereffective|p1a: Cobalion\n|-damage|p1a: Cobalion|0 fnt\n|faint|p1a: Cobalion\n|-damage|p2a: Samurott|0 fnt|[from] item: Life Orb\n|faint|p2a: Samurott\n|\n|upkeep\n|\n|t:|1781421344\n|switch|p1a: Whimsicott|Whimsicott, L84, F|238/238\n|switch|p2a: Tsareena|Tsareena, L87, F|267/267\n|turn|12\n|\n|t:|1781421348\n|move|p1a: Whimsicott|Moonblast|p2a: Tsareena\n|-damage|p2a: Tsareena|197/267\n|-unboost|p2a: Tsareena|spa|1\n|move|p2a: Tsareena|Triple Axel|p1a: Whimsicott|[miss]\n|-miss|p2a: Tsareena|p1a: Whimsicott\n|\n|upkeep\n|turn|13\n|\n|t:|1781421356\n|switch|p1a: Tentacruel|Tentacruel, L84, M|272/272\n|move|p2a: Tsareena|Power Whip|p1a: Tentacruel\n|-damage|p1a: Tentacruel|34/272\n|-damage|p2a: Tsareena|171/267|[from] item: Life Orb\n|\n|upkeep\n|turn|14\n|\n|t:|1781421366\n|switch|p2a: Blissey|Blissey, L85, F|453/572\n|move|p1a: Tentacruel|Sludge Bomb|p2a: Blissey\n|-damage|p2a: Blissey|390/572\n|\n|-heal|p2a: Blissey|425/572|[from] item: Leftovers\n|upkeep\n|turn|15\n|\n|t:|1781421373\n|move|p1a: Tentacruel|Flip Turn|p2a: Blissey\n|-damage|p2a: Blissey|272/572\n|\n|t:|1781421377\n|switch|p1a: Dudunsparce|Dudunsparce-Three-Segment, L83, F|343/343|[from] Flip Turn\n|move|p2a: Blissey|Thunder Wave|p1a: Dudunsparce\n|-status|p1a: Dudunsparce|par\n|\n|-heal|p2a: Blissey|307/572|[from] item: Leftovers\n|upkeep\n|turn|16\n|\n|t:|1781421386\n|switch|p2a: Inteleon|Inteleon, L81, F|246/246\n|move|p1a: Dudunsparce|Calm Mind|p1a: Dudunsparce\n|-boost|p1a: Dudunsparce|spa|1\n|-boost|p1a: Dudunsparce|spd|1\n|\n|upkeep\n|turn|17\n|\n|t:|1781421392\n|move|p2a: Inteleon|Hydro Pump|p1a: Dudunsparce|[miss]\n|-miss|p2a: Inteleon|p1a: Dudunsparce\n|move|p1a: Dudunsparce|Boomburst|p2a: Inteleon\n|-damage|p2a: Inteleon|0 fnt\n|faint|p2a: Inteleon\n|\n|upkeep\n|\n|t:|1781421394\n|switch|p2a: Blissey|Blissey, L85, F|307/572\n|turn|18\n|\n|t:|1781421399\n|move|p2a: Blissey|Soft-Boiled|p2a: Blissey\n|-heal|p2a: Blissey|572/572\n|move|p1a: Dudunsparce|Calm Mind|p1a: Dudunsparce\n|-boost|p1a: Dudunsparce|spa|1\n|-boost|p1a: Dudunsparce|spd|1\n|\n|upkeep\n|turn|19\n|\n|t:|1781421403\n|move|p2a: Blissey|Seismic Toss|p1a: Dudunsparce\n|-damage|p1a: Dudunsparce|258/343 par\n|move|p1a: Dudunsparce|Calm Mind|p1a: Dudunsparce\n|-boost|p1a: Dudunsparce|spa|1\n|-boost|p1a: Dudunsparce|spd|1\n|\n|-heal|p1a: Dudunsparce|279/343 par|[from] item: Leftovers\n|upkeep\n|turn|20\n|\n|t:|1781421409\n|move|p2a: Blissey|Seismic Toss|p1a: Dudunsparce\n|-damage|p1a: Dudunsparce|194/343 par\n|cant|p1a: Dudunsparce|par\n|\n|-heal|p1a: Dudunsparce|215/343 par|[from] item: Leftovers\n|upkeep\n|turn|21\n|\n|t:|1781421416\n|move|p2a: Blissey|Seismic Toss|p1a: Dudunsparce\n|-damage|p1a: Dudunsparce|130/343 par\n|cant|p1a: Dudunsparce|par\n|\n|-heal|p1a: Dudunsparce|151/343 par|[from] item: Leftovers\n|upkeep\n|turn|22\n|\n|t:|1781421420\n|move|p2a: Blissey|Seismic Toss|p1a: Dudunsparce\n|-damage|p1a: Dudunsparce|66/343 par\n|cant|p1a: Dudunsparce|par\n|\n|-heal|p1a: Dudunsparce|87/343 par|[from] item: Leftovers\n|upkeep\n|turn|23\n|\n|t:|1781421427\n|move|p2a: Blissey|Seismic Toss|p1a: Dudunsparce\n|-damage|p1a: Dudunsparce|2/343 par\n|move|p1a: Dudunsparce|Roost|p1a: Dudunsparce\n|-heal|p1a: Dudunsparce|174/343 par\n|-singleturn|p1a: Dudunsparce|move: Roost\n|\n|-heal|p1a: Dudunsparce|195/343 par|[from] item: Leftovers\n|upkeep\n|turn|24\n|inactive|Battle timer is ON: inactive players will automatically lose when time's up. (requested by jaikeshav)\n|inactive|akumaavgc has 120 seconds left.\n|inactive|akumaavgc has 90 seconds left.\n|inactive|akumaavgc has 60 seconds left.\n|inactive|akumaavgc has 30 seconds left.\n|\n|t:|1781421573\n|move|p2a: Blissey|Seismic Toss|p1a: Dudunsparce\n|-damage|p1a: Dudunsparce|110/343 par\n|move|p1a: Dudunsparce|Boomburst|p2a: Blissey\n|-damage|p2a: Blissey|331/572\n|\n|-heal|p2a: Blissey|366/572|[from] item: Leftovers\n|-heal|p1a: Dudunsparce|131/343 par|[from] item: Leftovers\n|upkeep\n|turn|25\n|inactive|jaikeshav has 120 seconds left.\n|inactive|jaikeshav has 90 seconds left.\n|inactive|jaikeshav has 60 seconds left.\n|\n|t:|1781421687\n|move|p2a: Blissey|Seismic Toss|p1a: Dudunsparce\n|-damage|p1a: Dudunsparce|46/343 par\n|move|p1a: Dudunsparce|Boomburst|p2a: Blissey\n|-damage|p2a: Blissey|123/572\n|\n|-heal|p2a: Blissey|158/572|[from] item: Leftovers\n|-heal|p1a: Dudunsparce|67/343 par|[from] item: Leftovers\n|upkeep\n|turn|26\n|\n|t:|1781421700\n|move|p2a: Blissey|Seismic Toss|p1a: Dudunsparce\n|-damage|p1a: Dudunsparce|0 fnt\n|faint|p1a: Dudunsparce\n|\n|-heal|p2a: Blissey|193/572|[from] item: Leftovers\n|upkeep\n|\n|t:|1781421705\n|switch|p1a: Tentacruel|Tentacruel, L84, M|34/272\n|turn|27\n|\n|t:|1781421709\n|move|p1a: Tentacruel|Flip Turn|p2a: Blissey\n|-damage|p2a: Blissey|58/572\n|\n|t:|1781421713\n|switch|p1a: Hoopa|Hoopa, L85|275/275|[from] Flip Turn\n|move|p2a: Blissey|Soft-Boiled|p2a: Blissey\n|-heal|p2a: Blissey|344/572\n|\n|-heal|p2a: Blissey|379/572|[from] item: Leftovers\n|upkeep\n|turn|28\n|inactive|jaikeshav has 60 seconds left.\n|inactive|akumaavgc has 60 seconds left.\n|\n|t:|1781421723\n|move|p1a: Hoopa|Trick|p2a: Blissey\n|-activate|p1a: Hoopa|move: Trick|[of] p2a: Blissey\n|-item|p2a: Blissey|Choice Scarf|[from] move: Trick\n|-item|p1a: Hoopa|Leftovers|[from] move: Trick\n|move|p2a: Blissey|Thunder Wave|p1a: Hoopa\n|-status|p1a: Hoopa|par\n|\n|upkeep\n|turn|29\n|\n|t:|1781421731\n|switch|p2a: Gogoat|Gogoat, L88, F|313/360\n|move|p1a: Hoopa|Focus Blast|p2a: Gogoat\n|-damage|p2a: Gogoat|192/360\n|\n|-heal|p2a: Gogoat|214/360|[from] item: Leftovers\n|upkeep\n|turn|30\n|\n|t:|1781421743\n|move|p2a: Gogoat|Horn Leech|p1a: Hoopa\n|-damage|p1a: Hoopa|167/275 par\n|-heal|p2a: Gogoat|268/360|[from] drain|[of] p1a: Hoopa\n|move|p1a: Hoopa|Psychic|p2a: Gogoat\n|-damage|p2a: Gogoat|130/360\n|\n|-heal|p2a: Gogoat|152/360|[from] item: Leftovers\n|-heal|p1a: Hoopa|184/275 par|[from] item: Leftovers\n|upkeep\n|turn|31\n|\n|t:|1781421764\n|move|p2a: Gogoat|Horn Leech|p1a: Hoopa\n|-damage|p1a: Hoopa|73/275 par\n|-heal|p2a: Gogoat|208/360|[from] drain|[of] p1a: Hoopa\n|move|p1a: Hoopa|Psychic|p2a: Gogoat\n|-damage|p2a: Gogoat|52/360\n|\n|-heal|p2a: Gogoat|74/360|[from] item: Leftovers\n|-heal|p1a: Hoopa|90/275 par|[from] item: Leftovers\n|upkeep\n|turn|32\n|inactive|jaikeshav has 60 seconds left.\n|\n|t:|1781421788\n|switch|p1a: Whimsicott|Whimsicott, L84, F|238/238\n|move|p2a: Gogoat|Horn Leech|p1a: Whimsicott\n|-resisted|p1a: Whimsicott\n|-damage|p1a: Whimsicott|196/238\n|-heal|p2a: Gogoat|95/360|[from] drain|[of] p1a: Whimsicott\n|\n|-heal|p2a: Gogoat|117/360|[from] item: Leftovers\n|upkeep\n|turn|33\n|\n|t:|1781421801\n|move|p1a: Whimsicott|Moonblast|p2a: Gogoat\n|-damage|p2a: Gogoat|36/360\n|move|p2a: Gogoat|Milk Drink|p2a: Gogoat\n|-heal|p2a: Gogoat|216/360\n|\n|-heal|p2a: Gogoat|238/360|[from] item: Leftovers\n|upkeep\n|turn|34\n|inactive|jaikeshav has 60 seconds left.\n|inactive|jaikeshav has 30 seconds left.\n|\n|t:|1781421857\n|switch|p2a: Blissey|Blissey, L85, F|379/572\n|move|p1a: Whimsicott|Moonblast|p2a: Blissey\n|-damage|p2a: Blissey|316/572\n|\n|upkeep\n|turn|35\n|inactive|jaikeshav has 30 seconds left.\n|inactive|akumaavgc has 60 seconds left.\n|\n|t:|1781421891\n|move|p1a: Whimsicott|U-turn|p2a: Blissey\n|-damage|p2a: Blissey|197/572\n|inactive|jaikeshav has 30 seconds left.\n|\n|t:|1781421896\n|switch|p1a: Hoopa|Hoopa, L85|90/275 par|[from] U-turn\n|move|p2a: Blissey|Seismic Toss|p1a: Hoopa\n|-immune|p1a: Hoopa\n|\n|-heal|p1a: Hoopa|107/275 par|[from] item: Leftovers\n|upkeep\n|turn|36\n|\n|t:|1781421905\n|switch|p2a: Tsareena|Tsareena, L87, F|171/267\n|move|p1a: Hoopa|Psychic|p2a: Tsareena\n|-damage|p2a: Tsareena|44/267\n|\n|-heal|p1a: Hoopa|124/275 par|[from] item: Leftovers\n|upkeep\n|turn|37\n|\n|t:|1781421913\n|move|p2a: Tsareena|Synthesis|p2a: Tsareena\n|-heal|p2a: Tsareena|177/267\n|cant|p1a: Hoopa|par\n|\n|-heal|p1a: Hoopa|141/275 par|[from] item: Leftovers\n|upkeep\n|turn|38\n|\n|t:|1781421921\n|move|p2a: Tsareena|Power Whip|p1a: Hoopa\n|-damage|p1a: Hoopa|0 fnt\n|faint|p1a: Hoopa\n|-damage|p2a: Tsareena|151/267|[from] item: Life Orb\n|\n|upkeep\n|\n|t:|1781421927\n|switch|p1a: Tentacruel|Tentacruel, L84, M|34/272\n|turn|39\n|inactive|akumaavgc has 90 seconds left.\n|\n|t:|1781421962\n|-terastallize|p2a: Tsareena|Fighting\n|move|p1a: Tentacruel|Sludge Bomb|p2a: Tsareena\n|-damage|p2a: Tsareena|73/267\n|move|p2a: Tsareena|Synthesis|p2a: Tsareena\n|-heal|p2a: Tsareena|206/267\n|\n|upkeep\n|turn|40\n|inactive|jaikeshav has 30 seconds left.\n|\n|t:|1781421999\n|move|p1a: Tentacruel|Sludge Bomb|p2a: Tsareena\n|-damage|p2a: Tsareena|130/267\n|move|p2a: Tsareena|Triple Axel|p1a: Tentacruel\n|-resisted|p1a: Tentacruel\n|-damage|p1a: Tentacruel|18/272\n|-resisted|p1a: Tentacruel\n|-damage|p1a: Tentacruel|0 fnt\n|faint|p1a: Tentacruel\n|-hitcount|p1: Tentacruel|2\n|-damage|p2a: Tsareena|104/267|[from] item: Life Orb\n|\n|upkeep\n|inactive|jaikeshav has 30 seconds left this turn.\n|inactive|jaikeshav has 20 seconds left.\n|inactive|jaikeshav has 15 seconds left.\n|inactive|jaikeshav has 10 seconds left.\n|inactive|jaikeshav has 5 seconds left.\n|\n|t:|1781422026\n|switch|p1a: Whimsicott|Whimsicott, L84, F|196/238\n|turn|41\n|inactive|jaikeshav has 15 seconds left this turn.\n|\n|t:|1781422033\n|switch|p2a: Gogoat|Gogoat, L88, F|238/360\n|move|p1a: Whimsicott|Moonblast|p2a: Gogoat\n|-damage|p2a: Gogoat|147/360\n|\n|-heal|p2a: Gogoat|169/360|[from] item: Leftovers\n|upkeep\n|turn|42\n|inactive|jaikeshav has 25 seconds left this turn.\n|inactive|jaikeshav has 20 seconds left.\n|\n|t:|1781422039\n|move|p1a: Whimsicott|Moonblast|p2a: Gogoat\n|-damage|p2a: Gogoat|81/360\n|move|p2a: Gogoat|Milk Drink|p2a: Gogoat\n|-heal|p2a: Gogoat|261/360\n|\n|-heal|p2a: Gogoat|283/360|[from] item: Leftovers\n|upkeep\n|turn|43\n|inactive|jaikeshav has 30 seconds left this turn.\n|\n|t:|1781422045\n|move|p1a: Whimsicott|Moonblast|p2a: Gogoat\n|-damage|p2a: Gogoat|199/360\n|move|p2a: Gogoat|Bulk Up|p2a: Gogoat\n|-boost|p2a: Gogoat|atk|1\n|-boost|p2a: Gogoat|def|1\n|\n|-heal|p2a: Gogoat|221/360|[from] item: Leftovers\n|upkeep\n|turn|44\n|\n|t:|1781422049\n|move|p1a: Whimsicott|Moonblast|p2a: Gogoat\n|-damage|p2a: Gogoat|140/360\n|move|p2a: Gogoat|Horn Leech|p1a: Whimsicott\n|-resisted|p1a: Whimsicott\n|-damage|p1a: Whimsicott|127/238\n|-heal|p2a: Gogoat|175/360|[from] drain|[of] p1a: Whimsicott\n|\n|-heal|p2a: Gogoat|197/360|[from] item: Leftovers\n|upkeep\n|turn|45\n|\n|t:|1781422060\n|move|p1a: Whimsicott|Moonblast|p2a: Gogoat\n|-damage|p2a: Gogoat|109/360\n|move|p2a: Gogoat|Bulk Up|p2a: Gogoat\n|-boost|p2a: Gogoat|atk|1\n|-boost|p2a: Gogoat|def|1\n|\n|-heal|p2a: Gogoat|131/360|[from] item: Leftovers\n|upkeep\n|turn|46\n|\n|t:|1781422065\n|move|p1a: Whimsicott|Encore|p2a: Gogoat\n|-start|p2a: Gogoat|Encore\n|move|p2a: Gogoat|Bulk Up|p2a: Gogoat\n|-boost|p2a: Gogoat|atk|1\n|-boost|p2a: Gogoat|def|1\n|\n|-heal|p2a: Gogoat|153/360|[from] item: Leftovers\n|upkeep\n|turn|47\n|inactive|akumaavgc has 120 seconds left.\n|\n|t:|1781422073\n|switch|p2a: Blissey|Blissey, L85, F|197/572\n|move|p1a: Whimsicott|Moonblast|p2a: Blissey\n|-damage|p2a: Blissey|137/572\n|\n|upkeep\n|turn|48\n|inactive|jaikeshav has 60 seconds left.\n|\n|t:|1781422083\n|move|p1a: Whimsicott|U-turn|p2a: Blissey\n|-damage|p2a: Blissey|16/572\n|move|p2a: Blissey|Soft-Boiled|p2a: Blissey\n|-heal|p2a: Blissey|302/572\n|\n|upkeep\n|turn|49\n|\n|t:|1781422089\n|move|p1a: Whimsicott|Encore|p2a: Blissey\n|-start|p2a: Blissey|Encore\n|move|p2a: Blissey|Soft-Boiled|p2a: Blissey\n|-heal|p2a: Blissey|572/572\n|\n|upkeep\n|turn|50\n|\n|t:|1781422096\n|switch|p2a: Tsareena|Tsareena, L87, F, tera:Fighting|104/267\n|move|p1a: Whimsicott|Giga Drain|p2a: Tsareena\n|-damage|p2a: Tsareena|44/267\n|-heal|p1a: Whimsicott|157/238|[from] drain|[of] p2a: Tsareena\n|\n|upkeep\n|turn|51\n|\n|t:|1781422104\n|switch|p2a: Blissey|Blissey, L85, F|572/572\n|move|p1a: Whimsicott|Giga Drain|p2a: Blissey\n|-damage|p2a: Blissey|527/572\n|-heal|p1a: Whimsicott|180/238|[from] drain|[of] p2a: Blissey\n|\n|upkeep\n|turn|52\n|\n|t:|1781422112\n|move|p1a: Whimsicott|U-turn|p2a: Blissey\n|-crit|p2a: Blissey\n|-damage|p2a: Blissey|359/572\n|move|p2a: Blissey|Seismic Toss|p1a: Whimsicott\n|-damage|p1a: Whimsicott|95/238\n|\n|upkeep\n|turn|53\n|inactive|jaikeshav has 90 seconds left.\n|\n|t:|1781422120\n|move|p1a: Whimsicott|Giga Drain|p2a: Blissey\n|-damage|p2a: Blissey|307/572\n|-heal|p1a: Whimsicott|121/238|[from] drain|[of] p2a: Blissey\n|move|p2a: Blissey|Seismic Toss|p1a: Whimsicott\n|-damage|p1a: Whimsicott|36/238\n|\n|upkeep\n|turn|54\n|l|\u2606jaikeshav\n|inactive|jaikeshav disconnected and has a minute to reconnect!\n|player|p1|\n|inactive|akumaavgc has 120 seconds left.\n|\n|t:|1781422162\n|move|p1a: Whimsicott|Giga Drain|p2a: Blissey\n|-damage|p2a: Blissey|256/572\n|-heal|p1a: Whimsicott|62/238|[from] drain|[of] p2a: Blissey\n|move|p2a: Blissey|Seismic Toss|p1a: Whimsicott\n|-damage|p1a: Whimsicott|0 fnt\n|faint|p1a: Whimsicott\n|\n|win|akumaavgc\n|raw|jaikeshav's rating: 1212 &rarr; <strong>1191</strong><br />(-21 for losing)\n|raw|akumaavgc's rating: 1263 &rarr; <strong>1284</strong><br />(+21 for winning)\n", "inputlog": ">version a8376a258c1d4662feba110a92103f3664a72141\n>start {\"formatid\":\"gen9randombattle\",\"seed\":\"sodium,99e97e0adeb83882e0df33cbed344a96\",\"rated\":\"Rated battle\"}\n>player p1 {\"name\":\"jaikeshav\",\"avatar\":\"169\",\"rating\":1212,\"seed\":\"sodium,ef38dd39150c87de8b68d9df11c85090\"}\n>player p2 {\"name\":\"akumaavgc\",\"avatar\":\"gladion-stance\",\"rating\":1263,\"seed\":\"sodium,bfb9ec3cf63f5dd94c14c026fef0a3b0\"}\n>p1 move nastyplot\n>p2 move uturn\n>p2 switch 2\n>p1 move darkpulse\n>p2 move rapidspin\n>p1 move darkpulse\n>p2 move earthquake\n>p1 switch 3\n>p2 switch 2\n>p1 move gigadrain\n>p2 switch 5\n>p1 move moonblast\n>p2 move bulkup\n>p1 move encore\n>p2 move hornleech\n>p1 switch 4\n>p2 switch 6\n>p1 move flipturn\n>p2 move thunderwave\n>p1 switch 6\n>p1 move closecombat\n>p2 switch 4\n>p1 move closecombat\n>p2 move sacredsword\n>p1 move closecombat\n>p2 move sacredsword\n>p1 switch 4\n>p2 switch 3\n>p1 move moonblast\n>p2 move tripleaxel\n>p1 switch 6\n>p2 move powerwhip\n>p1 move sludgebomb\n>p2 switch 4\n>p1 move flipturn\n>p2 move thunderwave\n>p1 switch 5\n>p1 move calmmind\n>p2 switch 5\n>p1 move boomburst\n>p2 move hydropump\n>p2 switch 5\n>p1 move calmmind\n>p2 move softboiled\n>p1 move calmmind\n>p2 move seismictoss\n>p1 move calmmind\n>p2 move seismictoss\n>p1 move calmmind\n>p2 move seismictoss\n>p1 move roost\n>p2 move seismictoss\n>p1 move roost\n>p2 move seismictoss\n>p1 move boomburst\n>p2 move seismictoss\n>p1 move boomburst\n>p2 move seismictoss\n>p1 move boomburst\n>p2 move seismictoss\n>p1 switch 5\n>p1 move flipturn\n>p2 move softboiled\n>p1 switch 2\n>p1 move trick\n>p2 move thunderwave\n>p1 move focusblast\n>p2 switch 6\n>p1 move psychic\n>p2 move hornleech\n>p1 move psychic\n>p2 move hornleech\n>p1 switch 6\n>p2 move hornleech\n>p1 move moonblast\n>p2 move milkdrink\n>p1 move moonblast\n>p2 switch 6\n>p1 move uturn\n>p2 move seismictoss\n>p1 switch 6\n>p1 move psychic\n>p2 switch 4\n>p1 move psychic\n>p2 move synthesis\n>p1 move psychic\n>p2 move powerwhip\n>p1 switch 2\n>p1 move sludgebomb\n>p2 move synthesis terastallize\n>p1 move sludgebomb\n>p2 move tripleaxel\n>p1 switch 6\n>p1 move moonblast\n>p2 switch 6\n>p1 move moonblast\n>p2 move milkdrink\n>p1 move moonblast\n>p2 move bulkup\n>p1 move moonblast\n>p2 move hornleech\n>p1 move moonblast\n>p2 move bulkup\n>p1 move encore\n>p2 move hornleech\n>p1 move moonblast\n>p2 switch 4\n>p1 move uturn\n>p2 move softboiled\n>p1 move encore\n>p2 move softboiled\n>p1 move gigadrain\n>p2 switch 6\n>p1 move gigadrain\n>p2 switch 6\n>p1 move uturn\n>p2 move seismictoss\n>p1 move gigadrain\n>p2 move seismictoss\n>p1 move gigadrain\n>p2 move seismictoss", "uploadtime": 1781422166, "views": 6, "formatid": "gen9randombattle", "rating": 1191, "private": 0, "password": null, "player_dets": [{"name": "jaikeshav", "avatar": "169", "rating": 1212, "seed": "sodium,ef38dd39150c87de8b68d9df11c85090"}, {"name": "akumaavgc", "avatar": "gladion-stance", "rating": 1263, "seed": "sodium,bfb9ec3cf63f5dd94c14c026fef0a3b0"}], "teams_full": [{"Meowstic": {"name": "Meowstic", "species": "Meowstic-F", "speciesId": "meowsticf", "gender": "F", "shiny": false, "level": 89, "moves": ["nastyplot", "alluringvoice", "darkpulse", "psychic"], "ability": "Competitive", "evs": {"hp": 85, "atk": 0, "def": 85, "spa": 85, "spd": 85, "spe": 85}, "ivs": {"hp": 31, "atk": 0, "def": 31, "spa": 31, "spd": 31, "spe": 31}, "item": "Life Orb", "teraType": "Fairy", "role": "Setup Sweeper", "bvs": {"hp": 74, "atk": 48, "def": 76, "spa": 83, "spd": 81, "spe": 104}, "stats": {"hp": 277, "atk": 90, "def": 186, "spa": 199, "spd": 195, "spe": 236}, "types": ["Psychic"]}, "Hoopa": {"name": "Hoopa", "species": "Hoopa", "speciesId": "hoopa", "gender": "N", "shiny": false, "level": 85, "moves": ["focusblast", "trick", "psychic", "shadowball"], "ability": "Magician", "evs": {"hp": 85, "atk": 0, "def": 85, "spa": 85, "spd": 85, "spe": 85}, "ivs": {"hp": 31, "atk": 0, "def": 31, "spa": 31, "spd": 31, "spe": 31}, "item": "Choice Scarf", "teraType": "Ghost", "role": "Fast Attacker", "bvs": {"hp": 80, "atk": 110, "def": 60, "spa": 150, "spd": 130, "spe": 70}, "stats": {"hp": 275, "atk": 192, "def": 151, "spa": 304, "spd": 270, "spe": 168}, "types": ["Psychic", "Ghost"]}, "Whimsicott": {"name": "Whimsicott", "species": "Whimsicott", "speciesId": "whimsicott", "gender": "F", "shiny": false, "level": 84, "moves": ["moonblast", "gigadrain", "encore", "uturn"], "ability": "Prankster", "evs": {"hp": 85, "atk": 85, "def": 85, "spa": 85, "spd": 85, "spe": 85}, "ivs": {"hp": 31, "atk": 31, "def": 31, "spa": 31, "spd": 31, "spe": 31}, "item": "Heavy-Duty Boots", "teraType": "Poison", "role": "Fast Support", "bvs": {"hp": 60, "atk": 67, "def": 85, "spa": 77, "spd": 75, "spe": 116}, "stats": {"hp": 238, "atk": 161, "def": 191, "spa": 178, "spd": 174, "spe": 243}, "types": ["Grass", "Fairy"]}, "Tentacruel": {"name": "Tentacruel", "species": "Tentacruel", "speciesId": "tentacruel", "gender": "M", "shiny": false, "level": 84, "moves": ["surf", "rapidspin", "flipturn", "sludgebomb"], "ability": "Liquid Ooze", "evs": {"hp": 85, "atk": 85, "def": 85, "spa": 85, "spd": 85, "spe": 85}, "ivs": {"hp": 31, "atk": 31, "def": 31, "spa": 31, "spd": 31, "spe": 31}, "item": "Assault Vest", "teraType": "Grass", "role": "Bulky Support", "bvs": {"hp": 80, "atk": 70, "def": 65, "spa": 80, "spd": 120, "spe": 100}, "stats": {"hp": 272, "atk": 166, "def": 157, "spa": 183, "spd": 250, "spe": 216}, "types": ["Water", "Poison"]}, "Dudunsparce": {"name": "Dudunsparce", "species": "Dudunsparce-Three-Segment", "speciesId": "dudunsparce", "gender": "F", "shiny": false, "level": 83, "moves": ["roost", "boomburst", "earthpower", "calmmind"], "ability": "Rattled", "evs": {"hp": 85, "atk": 0, "def": 85, "spa": 85, "spd": 85, "spe": 85}, "ivs": {"hp": 31, "atk": 0, "def": 31, "spa": 31, "spd": 31, "spe": 31}, "item": "Leftovers", "teraType": "Poison", "role": "Bulky Setup", "bvs": {"hp": 125, "atk": 100, "def": 80, "spa": 85, "spd": 75, "spe": 55}, "stats": {"hp": 343, "atk": 171, "def": 180, "spa": 189, "spd": 172, "spe": 139}, "types": ["Normal"]}, "Cobalion": {"name": "Cobalion", "species": "Cobalion", "speciesId": "cobalion", "gender": "N", "shiny": false, "level": 80, "moves": ["stoneedge", "swordsdance", "ironhead", "closecombat"], "ability": "Justified", "evs": {"hp": 85, "atk": 85, "def": 85, "spa": 85, "spd": 85, "spe": 85}, "ivs": {"hp": 31, "atk": 31, "def": 31, "spa": 31, "spd": 31, "spe": 31}, "item": "Life Orb", "teraType": "Fighting", "role": "Fast Bulky Setup", "bvs": {"hp": 91, "atk": 90, "def": 129, "spa": 90, "spd": 72, "spe": 108}, "stats": {"hp": 277, "atk": 190, "def": 253, "spa": 190, "spd": 161, "spe": 219}, "types": ["Steel", "Fighting"]}}, {"Inteleon": {"name": "Inteleon", "species": "Inteleon", "speciesId": "inteleon", "gender": "F", "shiny": false, "level": 81, "moves": ["hydropump", "icebeam", "uturn", "scald"], "ability": "Torrent", "evs": {"hp": 85, "atk": 85, "def": 85, "spa": 85, "spd": 85, "spe": 85}, "ivs": {"hp": 31, "atk": 31, "def": 31, "spa": 31, "spd": 31, "spe": 31}, "item": "Choice Specs", "teraType": "Water", "role": "Wallbreaker", "bvs": {"hp": 70, "atk": 85, "def": 65, "spa": 125, "spd": 65, "spe": 120}, "stats": {"hp": 246, "atk": 184, "def": 152, "spa": 249, "spd": 152, "spe": 241}, "types": ["Water"]}, "Iron Treads": {"name": "Iron Treads", "species": "Iron Treads", "speciesId": "irontreads", "gender": "N", "shiny": false, "level": 77, "moves": ["rapidspin", "stealthrock", "earthquake", "ironhead"], "ability": "Quark Drive", "evs": {"hp": 85, "atk": 85, "def": 85, "spa": 85, "spd": 85, "spe": 85}, "ivs": {"hp": 31, "atk": 31, "def": 31, "spa": 31, "spd": 31, "spe": 31}, "item": "Leftovers", "teraType": "Dragon", "role": "Bulky Support", "bvs": {"hp": 90, "atk": 112, "def": 120, "spa": 72, "spd": 70, "spe": 106}, "stats": {"hp": 265, "atk": 217, "def": 229, "spa": 155, "spd": 152, "spe": 208}, "types": ["Ground", "Steel"]}, "Tsareena": {"name": "Tsareena", "species": "Tsareena", "speciesId": "tsareena", "gender": "F", "shiny": false, "level": 87, "moves": ["tripleaxel", "synthesis", "highjumpkick", "powerwhip"], "ability": "Queenly Majesty", "evs": {"hp": 85, "atk": 85, "def": 85, "spa": 85, "spd": 85, "spe": 85}, "ivs": {"hp": 31, "atk": 31, "def": 31, "spa": 31, "spd": 31, "spe": 31}, "item": "Life Orb", "teraType": "Fighting", "role": "Fast Support", "bvs": {"hp": 72, "atk": 120, "def": 98, "spa": 50, "spd": 98, "spe": 72}, "stats": {"hp": 267, "atk": 259, "def": 220, "spa": 137, "spd": 220, "spe": 175}, "types": ["Grass"]}, "Samurott": {"name": "Samurott", "species": "Samurott", "speciesId": "samurott", "gender": "M", "shiny": false, "level": 88, "moves": ["liquidation", "knockoff", "swordsdance", "sacredsword"], "ability": "Torrent", "evs": {"hp": 85, "atk": 85, "def": 85, "spa": 85, "spd": 85, "spe": 85}, "ivs": {"hp": 31, "atk": 31, "def": 31, "spa": 31, "spd": 31, "spe": 31}, "item": "Life Orb", "teraType": "Dark", "role": "Setup Sweeper", "bvs": {"hp": 95, "atk": 100, "def": 85, "spa": 108, "spd": 70, "spe": 70}, "stats": {"hp": 310, "atk": 226, "def": 200, "spa": 240, "spd": 173, "spe": 173}, "types": ["Water"]}, "Gogoat": {"name": "Gogoat", "species": "Gogoat", "speciesId": "gogoat", "gender": "F", "shiny": false, "level": 88, "moves": ["milkdrink", "hornleech", "earthquake", "bulkup"], "ability": "Sap Sipper", "evs": {"hp": 85, "atk": 85, "def": 85, "spa": 85, "spd": 85, "spe": 85}, "ivs": {"hp": 31, "atk": 31, "def": 31, "spa": 31, "spd": 31, "spe": 31}, "item": "Leftovers", "teraType": "Ground", "role": "Bulky Setup", "bvs": {"hp": 123, "atk": 100, "def": 62, "spa": 97, "spd": 81, "spe": 68}, "stats": {"hp": 360, "atk": 226, "def": 159, "spa": 221, "spd": 193, "spe": 170}, "types": ["Grass"]}, "Blissey": {"name": "Blissey", "species": "Blissey", "speciesId": "blissey", "gender": "F", "shiny": false, "level": 85, "moves": ["softboiled", "thunderwave", "healbell", "seismictoss"], "ability": "Natural Cure", "evs": {"hp": 85, "atk": 0, "def": 85, "spa": 85, "spd": 85, "spe": 85}, "ivs": {"hp": 31, "atk": 0, "def": 31, "spa": 31, "spd": 31, "spe": 31}, "item": "Leftovers", "teraType": "Fairy", "role": "Bulky Support", "bvs": {"hp": 255, "atk": 10, "def": 10, "spa": 75, "spd": 135, "spe": 55}, "stats": {"hp": 572, "atk": 22, "def": 66, "spa": 176, "spd": 278, "spe": 142}, "types": ["Normal"]}}]}