{"id": "gen9randombattle-2631937744", "format": "[Gen 9] Random Battle", "players": ["TransGirlFromHell", "god king raidriar"], "log": "|j|\u2606TransGirlFromHell\n|j|\u2606god king raidriar\n|t:|1781457669\n|gametype|singles\n|player|p1|TransGirlFromHell|candice|1915\n|player|p2|god king raidriar|170|1949\n|gen|9\n|tier|[Gen 9] Random Battle\n|rated|\n|rule|Species Clause: Limit one of each Pok\u00e9mon\n|rule|HP Percentage Mod: HP is shown in percentages\n|rule|Sleep Clause Mod: Limit one foe put to sleep\n|rule|Illusion Level Mod: Illusion disguises the Pok\u00e9mon's true level\n|\n|t:|1781457669\n|teamsize|p1|6\n|teamsize|p2|6\n|start\n|switch|p1a: Keldeo|Keldeo-Resolute, L79|273/273\n|switch|p2a: Muk|Muk-Alola, L82, M|306/306\n|turn|1\n|\n|t:|1781457692\n|move|p1a: Keldeo|Substitute|p1a: Keldeo\n|-start|p1a: Keldeo|Substitute\n|-damage|p1a: Keldeo|205/273\n|move|p2a: Muk|Gunk Shot|p1a: Keldeo|[miss]\n|-miss|p2a: Muk|p1a: Keldeo\n|\n|-heal|p1a: Keldeo|222/273|[from] item: Leftovers\n|upkeep\n|turn|2\n|\n|t:|1781457699\n|move|p1a: Keldeo|Calm Mind|p1a: Keldeo\n|-boost|p1a: Keldeo|spa|1\n|-boost|p1a: Keldeo|spd|1\n|move|p2a: Muk|Drain Punch|p1a: Keldeo\n|-crit|p1a: Keldeo\n|-end|p1a: Keldeo|Substitute\n|\n|-heal|p1a: Keldeo|239/273|[from] item: Leftovers\n|upkeep\n|turn|3\n|\n|t:|1781457759\n|move|p1a: Keldeo|Secret Sword|p2a: Muk\n|-damage|p2a: Muk|138/306\n|move|p2a: Muk|Gunk Shot|p1a: Keldeo\n|-damage|p1a: Keldeo|109/273\n|\n|-heal|p1a: Keldeo|126/273|[from] item: Leftovers\n|upkeep\n|turn|4\n|\n|t:|1781457769\n|switch|p2a: Necrozma|Necrozma-Dawn-Wings, L76|272/272\n|move|p1a: Keldeo|Substitute|p1a: Keldeo\n|-start|p1a: Keldeo|Substitute\n|-damage|p1a: Keldeo|58/273\n|\n|-heal|p1a: Keldeo|75/273|[from] item: Leftovers\n|upkeep\n|turn|5\n|\n|t:|1781457773\n|move|p1a: Keldeo|Hydro Pump|p2a: Necrozma|[miss]\n|-miss|p1a: Keldeo|p2a: Necrozma\n|move|p2a: Necrozma|Photon Geyser|p1a: Keldeo\n|-supereffective|p1a: Keldeo\n|-end|p1a: Keldeo|Substitute\n|\n|-heal|p1a: Keldeo|92/273|[from] item: Leftovers\n|upkeep\n|turn|6\n|\n|t:|1781457780\n|move|p1a: Keldeo|Hydro Pump|p2a: Necrozma\n|-damage|p2a: Necrozma|122/272\n|move|p2a: Necrozma|Calm Mind|p2a: Necrozma\n|-boost|p2a: Necrozma|spa|1\n|-boost|p2a: Necrozma|spd|1\n|\n|-heal|p1a: Keldeo|109/273|[from] item: Leftovers\n|-heal|p2a: Necrozma|139/272|[from] item: Leftovers\n|upkeep\n|turn|7\n|\n|t:|1781457783\n|move|p1a: Keldeo|Hydro Pump|p2a: Necrozma\n|-damage|p2a: Necrozma|27/272\n|move|p2a: Necrozma|Moonlight|p2a: Necrozma\n|-heal|p2a: Necrozma|163/272\n|\n|-heal|p1a: Keldeo|126/273|[from] item: Leftovers\n|-heal|p2a: Necrozma|180/272|[from] item: Leftovers\n|upkeep\n|turn|8\n|\n|t:|1781457786\n|move|p1a: Keldeo|Calm Mind|p1a: Keldeo\n|-boost|p1a: Keldeo|spa|1\n|-boost|p1a: Keldeo|spd|1\n|move|p2a: Necrozma|Moonlight|p2a: Necrozma\n|-heal|p2a: Necrozma|272/272\n|\n|-heal|p1a: Keldeo|143/273|[from] item: Leftovers\n|upkeep\n|turn|9\n|\n|t:|1781457788\n|move|p1a: Keldeo|Hydro Pump|p2a: Necrozma\n|-crit|p2a: Necrozma\n|-damage|p2a: Necrozma|0 fnt\n|faint|p2a: Necrozma\n|\n|-heal|p1a: Keldeo|160/273|[from] item: Leftovers\n|upkeep\n|\n|t:|1781457798\n|switch|p2a: Hawlucha|Hawlucha, L80, F|256/256\n|turn|10\n|\n|t:|1781457802\n|move|p2a: Hawlucha|Brave Bird|p1a: Keldeo\n|-supereffective|p1a: Keldeo\n|-damage|p1a: Keldeo|0 fnt\n|faint|p1a: Keldeo\n|-damage|p2a: Hawlucha|203/256|[from] Recoil\n|\n|upkeep\n|\n|t:|1781457806\n|switch|p1a: Jirachi|Jirachi, L80|291/291\n|turn|11\n|inactive|Battle timer is ON: inactive players will automatically lose when time's up. (requested by god king raidriar)\n|\n|t:|1781457814\n|switch|p2a: Muk|Muk-Alola, L82, M|138/306\n|move|p1a: Jirachi|Body Slam|p2a: Muk\n|-damage|p2a: Muk|70/306\n|-status|p2a: Muk|par\n|\n|upkeep\n|turn|12\n|\n|t:|1781457817\n|move|p2a: Muk|Shadow Sneak|p1a: Jirachi\n|-supereffective|p1a: Jirachi\n|-damage|p1a: Jirachi|235/291\n|move|p1a: Jirachi|Iron Head|p2a: Muk\n|-damage|p2a: Muk|0 fnt\n|faint|p2a: Muk\n|\n|upkeep\n|\n|t:|1781457825\n|switch|p2a: Hawlucha|Hawlucha, L80, F|203/256\n|turn|13\n|\n|t:|1781457828\n|move|p2a: Hawlucha|Swords Dance|p2a: Hawlucha\n|-boost|p2a: Hawlucha|atk|2\n|move|p1a: Jirachi|Body Slam|p2a: Hawlucha\n|-damage|p2a: Hawlucha|134/256\n|-status|p2a: Hawlucha|par\n|\n|upkeep\n|turn|14\n|\n|t:|1781457831\n|move|p1a: Jirachi|Iron Head|p2a: Hawlucha\n|-damage|p2a: Hawlucha|35/256 par\n|cant|p2a: Hawlucha|flinch\n|\n|upkeep\n|turn|15\n|-message|god king raidriar forfeited.\n|\n|win|TransGirlFromHell\n", "inputlog": ">version a8376a258c1d4662feba110a92103f3664a72141\n>start {\"formatid\":\"gen9randombattle\",\"seed\":\"sodium,5d505145fece6d34a9ce65cbe7388cde\",\"rated\":\"Rated battle\"}\n>player p1 {\"name\":\"TransGirlFromHell\",\"avatar\":\"candice\",\"rating\":1915,\"seed\":\"sodium,078dee93b70aaf2edbb638a88dc0094f\"}\n>player p2 {\"name\":\"god king raidriar\",\"avatar\":\"170\",\"rating\":1949,\"seed\":\"sodium,5c4ff7cc9cea76ea7a94e7ab353c55a8\"}\n>p1 move substitute\n>p2 move gunkshot\n>p1 move calmmind\n>p2 move drainpunch\n>p1 move secretsword\n>p2 move gunkshot\n>p1 move substitute\n>p2 switch 5\n>p1 move hydropump\n>p2 move photongeyser\n>p1 move hydropump\n>p2 move calmmind\n>p1 move hydropump\n>p2 move moonlight\n>p1 move calmmind\n>p2 move moonlight\n>p1 move hydropump\n>p2 move calmmind\n>p2 switch 4\n>p1 move hydropump\n>p2 move bravebird\n>p1 switch 6\n>p1 move bodyslam\n>p2 switch 5\n>p1 move ironhead\n>p2 move shadowsneak\n>p2 switch 5\n>p1 move bodyslam\n>p2 move swordsdance\n>p1 move ironhead\n>p2 move closecombat\n>forcelose p2", "uploadtime": 1781457671, "views": 4, "formatid": "gen9randombattle", "rating": null, "private": 0, "password": null, "player_dets": [{"name": "TransGirlFromHell", "avatar": "candice", "rating": 1915, "seed": "sodium,078dee93b70aaf2edbb638a88dc0094f"}, {"name": "god king raidriar", "avatar": "170", "rating": 1949, "seed": "sodium,5c4ff7cc9cea76ea7a94e7ab353c55a8"}], "teams_full": [{"Keldeo": {"name": "Keldeo", "species": "Keldeo-Resolute", "speciesId": "keldeoresolute", "gender": "N", "shiny": false, "level": 79, "moves": ["substitute", "secretsword", "calmmind", "hydropump"], "ability": "Justified", "evs": {"hp": 85, "atk": 0, "def": 85, "spa": 85, "spd": 85, "spe": 85}, "ivs": {"hp": 31, "atk": 0, "def": 31, "spa": 31, "spd": 31, "spe": 31}, "item": "Leftovers", "teraType": "Steel", "role": "Bulky Setup", "bvs": {"hp": 91, "atk": 72, "def": 90, "spa": 129, "spd": 90, "spe": 108}, "stats": {"hp": 273, "atk": 118, "def": 188, "spa": 249, "spd": 188, "spe": 216}, "types": ["Water", "Fighting"]}, "Trevenant": {"name": "Trevenant", "species": "Trevenant", "speciesId": "trevenant", "gender": "M", "shiny": false, "level": 89, "moves": ["poltergeist", "drainpunch", "willowisp", "woodhammer"], "ability": "Natural Cure", "evs": {"hp": 85, "atk": 85, "def": 85, "spa": 85, "spd": 85, "spe": 85}, "ivs": {"hp": 31, "atk": 31, "def": 31, "spa": 31, "spd": 31, "spe": 31}, "item": "Life Orb", "teraType": "Fighting", "role": "Wallbreaker", "bvs": {"hp": 85, "atk": 110, "def": 76, "spa": 65, "spd": 82, "spe": 56}, "stats": {"hp": 296, "atk": 247, "def": 186, "spa": 166, "spd": 197, "spe": 150}, "types": ["Ghost", "Grass"]}, "Porygon2": {"name": "Porygon2", "species": "Porygon2", "speciesId": "porygon2", "gender": "N", "shiny": false, "level": 81, "moves": ["terablast", "thunderwave", "recover", "shadowball"], "ability": "Download", "evs": {"hp": 85, "atk": 85, "def": 85, "spa": 85, "spd": 85, "spe": 85}, "ivs": {"hp": 31, "atk": 31, "def": 31, "spa": 31, "spd": 31, "spe": 31}, "item": "Eviolite", "teraType": "Fairy", "role": "Tera Blast user", "bvs": {"hp": 85, "atk": 80, "def": 90, "spa": 105, "spd": 95, "spe": 60}, "stats": {"hp": 270, "atk": 176, "def": 192, "spa": 217, "spd": 201, "spe": 144}, "types": ["Normal"]}, "Clefable": {"name": "Clefable", "species": "Clefable", "speciesId": "clefable", "gender": "F", "shiny": false, "level": 83, "moves": ["moonlight", "moonblast", "thunderwave", "stealthrock"], "ability": "Unaware", "evs": {"hp": 85, "atk": 0, "def": 85, "spa": 85, "spd": 85, "spe": 85}, "ivs": {"hp": 31, "atk": 0, "def": 31, "spa": 31, "spd": 31, "spe": 31}, "item": "Leftovers", "teraType": "Poison", "role": "Bulky Support", "bvs": {"hp": 95, "atk": 70, "def": 73, "spa": 95, "spd": 90, "spe": 60}, "stats": {"hp": 293, "atk": 121, "def": 169, "spa": 205, "spd": 197, "spe": 147}, "types": ["Fairy"]}, "Palkia": {"name": "Palkia", "species": "Palkia", "speciesId": "palkia", "gender": "N", "shiny": false, "level": 75, "moves": ["spacialrend", "fireblast", "dracometeor", "hydropump"], "ability": "Pressure", "evs": {"hp": 85, "atk": 0, "def": 85, "spa": 85, "spd": 85, "spe": 85}, "ivs": {"hp": 31, "atk": 0, "def": 31, "spa": 31, "spd": 31, "spe": 31}, "item": "Choice Specs", "teraType": "Water", "role": "Fast Attacker", "bvs": {"hp": 90, "atk": 120, "def": 100, "spa": 150, "spd": 120, "spe": 100}, "stats": {"hp": 259, "atk": 185, "def": 194, "spa": 269, "spd": 224, "spe": 194}, "types": ["Water", "Dragon"]}, "Jirachi": {"name": "Jirachi", "species": "Jirachi", "speciesId": "jirachi", "gender": "N", "shiny": false, "level": 80, "moves": ["uturn", "ironhead", "bodyslam", "drainpunch"], "ability": "Serene Grace", "evs": {"hp": 85, "atk": 85, "def": 85, "spa": 85, "spd": 85, "spe": 85}, "ivs": {"hp": 31, "atk": 31, "def": 31, "spa": 31, "spd": 31, "spe": 31}, "item": "Assault Vest", "teraType": "Fighting", "role": "Bulky Attacker", "bvs": {"hp": 100, "atk": 100, "def": 100, "spa": 100, "spd": 100, "spe": 100}, "stats": {"hp": 291, "atk": 206, "def": 206, "spa": 206, "spd": 206, "spe": 206}, "types": ["Steel", "Psychic"]}}, {"Muk": {"name": "Muk", "species": "Muk-Alola", "speciesId": "mukalola", "gender": "M", "shiny": false, "level": 82, "moves": ["drainpunch", "shadowsneak", "gunkshot", "knockoff"], "ability": "Poison Touch", "evs": {"hp": 85, "atk": 85, "def": 85, "spa": 85, "spd": 85, "spe": 85}, "ivs": {"hp": 31, "atk": 31, "def": 31, "spa": 31, "spd": 31, "spe": 31}, "item": "Assault Vest", "teraType": "Fighting", "role": "AV Pivot", "bvs": {"hp": 105, "atk": 105, "def": 75, "spa": 65, "spd": 100, "spe": 50}, "stats": {"hp": 306, "atk": 219, "def": 170, "spa": 154, "spd": 211, "spe": 129}, "types": ["Poison", "Dark"]}, "Tsareena": {"name": "Tsareena", "species": "Tsareena", "speciesId": "tsareena", "gender": "F", "shiny": false, "level": 87, "moves": ["powerwhip", "rapidspin", "highjumpkick", "tripleaxel"], "ability": "Queenly Majesty", "evs": {"hp": 85, "atk": 85, "def": 85, "spa": 85, "spd": 85, "spe": 85}, "ivs": {"hp": 31, "atk": 31, "def": 31, "spa": 31, "spd": 31, "spe": 31}, "item": "Assault Vest", "teraType": "Fighting", "role": "Fast Support", "bvs": {"hp": 72, "atk": 120, "def": 98, "spa": 50, "spd": 98, "spe": 72}, "stats": {"hp": 267, "atk": 259, "def": 220, "spa": 137, "spd": 220, "spe": 175}, "types": ["Grass"]}, "Mamoswine": {"name": "Mamoswine", "species": "Mamoswine", "speciesId": "mamoswine", "gender": "F", "shiny": false, "level": 81, "moves": ["iciclecrash", "stealthrock", "iceshard", "earthquake"], "ability": "Thick Fat", "evs": {"hp": 85, "atk": 85, "def": 85, "spa": 85, "spd": 85, "spe": 85}, "ivs": {"hp": 31, "atk": 31, "def": 31, "spa": 31, "spd": 31, "spe": 31}, "item": "Life Orb", "teraType": "Ice", "role": "Wallbreaker", "bvs": {"hp": 110, "atk": 130, "def": 80, "spa": 70, "spd": 60, "spe": 80}, "stats": {"hp": 311, "atk": 257, "def": 176, "spa": 160, "spd": 144, "spe": 176}, "types": ["Ice", "Ground"]}, "Hawlucha": {"name": "Hawlucha", "species": "Hawlucha", "speciesId": "hawlucha", "gender": "F", "shiny": false, "level": 80, "moves": ["throatchop", "closecombat", "swordsdance", "bravebird"], "ability": "Unburden", "evs": {"hp": 85, "atk": 85, "def": 85, "spa": 85, "spd": 85, "spe": 85}, "ivs": {"hp": 31, "atk": 31, "def": 31, "spa": 31, "spd": 31, "spe": 31}, "item": "White Herb", "teraType": "Flying", "role": "Setup Sweeper", "bvs": {"hp": 78, "atk": 92, "def": 75, "spa": 74, "spd": 63, "spe": 118}, "stats": {"hp": 256, "atk": 193, "def": 166, "spa": 165, "spd": 147, "spe": 235}, "types": ["Fighting", "Flying"]}, "Necrozma": {"name": "Necrozma", "species": "Necrozma-Dawn-Wings", "speciesId": "necrozmadawnwings", "gender": "N", "shiny": false, "level": 76, "moves": ["moonlight", "moongeistbeam", "photongeyser", "calmmind"], "ability": "Prism Armor", "evs": {"hp": 85, "atk": 0, "def": 85, "spa": 85, "spd": 85, "spe": 85}, "ivs": {"hp": 31, "atk": 0, "def": 31, "spa": 31, "spd": 31, "spe": 31}, "item": "Leftovers", "teraType": "Fairy", "role": "Bulky Setup", "bvs": {"hp": 97, "atk": 113, "def": 109, "spa": 157, "spd": 127, "spe": 77}, "stats": {"hp": 272, "atk": 176, "def": 210, "spa": 283, "spd": 237, "spe": 161}, "types": ["Psychic", "Ghost"]}, "Kingambit": {"name": "Kingambit", "species": "Kingambit", "speciesId": "kingambit", "gender": "M", "shiny": false, "level": 74, "moves": ["ironhead", "kowtowcleave", "suckerpunch", "swordsdance"], "ability": "Supreme Overlord", "evs": {"hp": 85, "atk": 85, "def": 85, "spa": 85, "spd": 85, "spe": 85}, "ivs": {"hp": 31, "atk": 31, "def": 31, "spa": 31, "spd": 31, "spe": 31}, "item": "Leftovers", "teraType": "Dark", "role": "Bulky Attacker", "bvs": {"hp": 100, "atk": 135, "def": 120, "spa": 60, "spd": 85, "spe": 50}, "stats": {"hp": 270, "atk": 243, "def": 221, "spa": 132, "spd": 169, "spe": 117}, "types": ["Dark", "Steel"]}}]}