{"id": "gen9randombattle-2631899911", "format": "[Gen 9] Random Battle", "players": ["le bolero", "ear7hquak3"], "log": "|j|\u2606le bolero\n|j|\u2606ear7hquak3\n|t:|1781453538\n|gametype|singles\n|player|p1|le bolero|101|1901\n|player|p2|ear7hquak3|266|1876\n|gen|9\n|tier|[Gen 9] Random Battle\n|rated|\n|rule|Species Clause: Limit one of each Pok\u00e9mon\n|rule|HP Percentage Mod: HP is shown in percentages\n|rule|Sleep Clause Mod: Limit one foe put to sleep\n|rule|Illusion Level Mod: Illusion disguises the Pok\u00e9mon's true level\n|\n|t:|1781453538\n|teamsize|p1|6\n|teamsize|p2|6\n|start\n|switch|p1a: Slowbro|Slowbro, L85, M|300/300\n|switch|p2a: Basculin|Basculin-Blue-Striped, L86, F|261/261\n|turn|1\n|inactive|Battle timer is ON: inactive players will automatically lose when time's up. (requested by le bolero)\n|\n|t:|1781453543\n|move|p2a: Basculin|Flip Turn|p1a: Slowbro\n|-resisted|p1a: Slowbro\n|-damage|p1a: Slowbro|245/300\n|\n|t:|1781453552\n|switch|p2a: Gastrodon|Gastrodon, L86, M|331/331|[from] Flip Turn\n|move|p1a: Slowbro|Iron Defense|p1a: Slowbro\n|-boost|p1a: Slowbro|def|2\n|\n|-heal|p1a: Slowbro|263/300|[from] item: Leftovers\n|upkeep\n|turn|2\n|\n|t:|1781453560\n|move|p2a: Gastrodon|Sludge Bomb|p1a: Slowbro\n|-damage|p1a: Slowbro|193/300\n|move|p1a: Slowbro|Body Press|p2a: Gastrodon\n|-damage|p2a: Gastrodon|173/331\n|\n|-heal|p2a: Gastrodon|193/331|[from] item: Leftovers\n|-heal|p1a: Slowbro|211/300|[from] item: Leftovers\n|upkeep\n|turn|3\n|\n|t:|1781453567\n|move|p2a: Gastrodon|Sludge Bomb|p1a: Slowbro\n|-damage|p1a: Slowbro|140/300\n|move|p1a: Slowbro|Iron Defense|p1a: Slowbro\n|-boost|p1a: Slowbro|def|2\n|\n|-heal|p2a: Gastrodon|213/331|[from] item: Leftovers\n|-heal|p1a: Slowbro|158/300|[from] item: Leftovers\n|upkeep\n|turn|4\n|\n|t:|1781453584\n|-terastallize|p2a: Gastrodon|Poison\n|move|p2a: Gastrodon|Sludge Bomb|p1a: Slowbro\n|-damage|p1a: Slowbro|55/300\n|move|p1a: Slowbro|Body Press|p2a: Gastrodon\n|-resisted|p2a: Gastrodon\n|-damage|p2a: Gastrodon|104/331\n|\n|-heal|p2a: Gastrodon|124/331|[from] item: Leftovers\n|-heal|p1a: Slowbro|73/300|[from] item: Leftovers\n|upkeep\n|turn|5\n|\n|t:|1781453598\n|switch|p1a: Grafaiai|Grafaiai, L86, F|249/249\n|move|p2a: Gastrodon|Sludge Bomb|p1a: Grafaiai\n|-resisted|p1a: Grafaiai\n|-damage|p1a: Grafaiai|192/249\n|\n|-heal|p2a: Gastrodon|144/331|[from] item: Leftovers\n|upkeep\n|turn|6\n|\n|t:|1781453605\n|move|p1a: Grafaiai|Encore|p2a: Gastrodon\n|-start|p2a: Gastrodon|Encore\n|move|p2a: Gastrodon|Sludge Bomb|p1a: Grafaiai\n|-resisted|p1a: Grafaiai\n|-damage|p1a: Grafaiai|136/249\n|\n|-heal|p2a: Gastrodon|164/331|[from] item: Leftovers\n|upkeep\n|turn|7\n|\n|t:|1781453613\n|switch|p2a: Overqwil|Overqwil, L82, F|274/274\n|-ability|p2a: Overqwil|Intimidate|boost\n|-unboost|p1a: Grafaiai|atk|1\n|move|p1a: Grafaiai|Knock Off|p2a: Overqwil\n|-resisted|p2a: Overqwil\n|-damage|p2a: Overqwil|249/274\n|-enditem|p2a: Overqwil|Loaded Dice|[from] move: Knock Off|[of] p1a: Grafaiai\n|\n|upkeep\n|turn|8\n|\n|t:|1781453627\n|switch|p1a: Basculin|Basculin, L86, F|261/261\n|move|p2a: Overqwil|Crunch|p1a: Basculin\n|-damage|p1a: Basculin|149/261\n|\n|upkeep\n|turn|9\n|\n|t:|1781453634\n|move|p1a: Basculin|Double-Edge|p2a: Overqwil\n|-damage|p2a: Overqwil|122/274\n|-damage|p1a: Basculin|107/261|[from] Recoil\n|move|p2a: Overqwil|Gunk Shot|p1a: Basculin\n|-damage|p1a: Basculin|0 fnt\n|faint|p1a: Basculin\n|\n|upkeep\n|\n|t:|1781453638\n|switch|p1a: Hitmonlee|Hitmonlee, L85, M|223/223\n|turn|10\n|\n|t:|1781453652\n|move|p1a: Hitmonlee|High Jump Kick|p2a: Overqwil\n|-damage|p2a: Overqwil|0 fnt\n|faint|p2a: Overqwil\n|\n|upkeep\n|\n|t:|1781453657\n|switch|p2a: Eelektross|Eelektross, L87, M|290/290\n|turn|11\n|\n|t:|1781453667\n|switch|p1a: Lurantis|Lurantis, L87, M|264/264\n|move|p2a: Eelektross|Supercell Slam|p1a: Lurantis\n|-resisted|p1a: Lurantis\n|-damage|p1a: Lurantis|203/264\n|\n|-heal|p1a: Lurantis|219/264|[from] item: Leftovers\n|upkeep\n|turn|12\n|\n|t:|1781453686\n|switch|p2a: Gastrodon|Gastrodon, L86, M, tera:Poison|164/331\n|move|p1a: Lurantis|Leaf Storm|p2a: Gastrodon\n|-resisted|p2a: Gastrodon\n|-damage|p2a: Gastrodon|104/331\n|-boost|p1a: Lurantis|spa|2\n|\n|-heal|p1a: Lurantis|235/264|[from] item: Leftovers\n|-heal|p2a: Gastrodon|124/331|[from] item: Leftovers\n|upkeep\n|turn|13\n|\n|t:|1781453695\n|move|p1a: Lurantis|Leaf Storm|p2a: Gastrodon\n|-resisted|p2a: Gastrodon\n|-damage|p2a: Gastrodon|2/331\n|-boost|p1a: Lurantis|spa|2\n|move|p2a: Gastrodon|Sludge Bomb|p1a: Lurantis\n|-supereffective|p1a: Lurantis\n|-damage|p1a: Lurantis|55/264\n|\n|-heal|p1a: Lurantis|71/264|[from] item: Leftovers\n|-heal|p2a: Gastrodon|22/331|[from] item: Leftovers\n|upkeep\n|turn|14\n|\n|t:|1781453709\n|move|p1a: Lurantis|Leaf Storm|p2a: Gastrodon\n|-resisted|p2a: Gastrodon\n|-damage|p2a: Gastrodon|0 fnt\n|-boost|p1a: Lurantis|spa|2\n|faint|p2a: Gastrodon\n|\n|-heal|p1a: Lurantis|87/264|[from] item: Leftovers\n|upkeep\n|\n|t:|1781453718\n|switch|p2a: Gogoat|Gogoat, L88, F|360/360\n|turn|15\n|\n|t:|1781453732\n|move|p2a: Gogoat|Rock Slide|p1a: Lurantis\n|-damage|p1a: Lurantis|30/264\n|move|p1a: Lurantis|Leaf Storm|p2a: Gogoat\n|-ability|p2a: Gogoat|Sap Sipper|boost\n|-boost|p2a: Gogoat|atk|1\n|\n|-heal|p1a: Lurantis|46/264|[from] item: Leftovers\n|upkeep\n|turn|16\n|\n|t:|1781453744\n|move|p2a: Gogoat|Rock Slide|p1a: Lurantis\n|-damage|p1a: Lurantis|0 fnt\n|faint|p1a: Lurantis\n|\n|upkeep\n|\n|t:|1781453750\n|switch|p1a: Grafaiai|Grafaiai, L86, F|136/249\n|turn|17\n|\n|t:|1781453754\n|switch|p2a: Zamazenta|Zamazenta-Crowned, L68|238/238\n|-ability|p2a: Zamazenta|Dauntless Shield|boost\n|-boost|p2a: Zamazenta|def|1\n|move|p1a: Grafaiai|Gunk Shot|p2a: Zamazenta\n|-immune|p2a: Zamazenta\n|\n|upkeep\n|turn|18\n|\n|t:|1781453769\n|move|p1a: Grafaiai|Parting Shot|p2a: Zamazenta\n|-unboost|p2a: Zamazenta|atk|1\n|-unboost|p2a: Zamazenta|spa|1\n|\n|t:|1781453779\n|switch|p1a: Slowbro|Slowbro, L85, M|173/300|[from] Parting Shot\n|move|p2a: Zamazenta|Iron Defense|p2a: Zamazenta\n|-boost|p2a: Zamazenta|def|2\n|\n|-heal|p1a: Slowbro|191/300|[from] item: Leftovers\n|upkeep\n|turn|19\n|\n|t:|1781453787\n|move|p2a: Zamazenta|Body Press|p1a: Slowbro\n|-resisted|p1a: Slowbro\n|-damage|p1a: Slowbro|119/300\n|move|p1a: Slowbro|Iron Defense|p1a: Slowbro\n|-boost|p1a: Slowbro|def|2\n|\n|-heal|p1a: Slowbro|137/300|[from] item: Leftovers\n|upkeep\n|turn|20\n|\n|t:|1781453798\n|move|p2a: Zamazenta|Iron Defense|p2a: Zamazenta\n|-boost|p2a: Zamazenta|def|2\n|move|p1a: Slowbro|Slack Off|p1a: Slowbro\n|-heal|p1a: Slowbro|287/300\n|\n|-heal|p1a: Slowbro|300/300|[from] item: Leftovers\n|upkeep\n|turn|21\n|\n|t:|1781453810\n|move|p2a: Zamazenta|Iron Defense|p2a: Zamazenta\n|-boost|p2a: Zamazenta|def|1\n|move|p1a: Slowbro|Iron Defense|p1a: Slowbro\n|-boost|p1a: Slowbro|def|2\n|\n|upkeep\n|turn|22\n|\n|t:|1781453817\n|move|p2a: Zamazenta|Body Press|p1a: Slowbro\n|-resisted|p1a: Slowbro\n|-damage|p1a: Slowbro|257/300\n|move|p1a: Slowbro|Iron Defense|p1a: Slowbro\n|-boost|p1a: Slowbro|def|2\n|\n|-heal|p1a: Slowbro|275/300|[from] item: Leftovers\n|upkeep\n|turn|23\n|\n|t:|1781453825\n|move|p2a: Zamazenta|Iron Defense|p2a: Zamazenta\n|-boost|p2a: Zamazenta|def|0\n|move|p1a: Slowbro|Scald|p2a: Zamazenta\n|-damage|p2a: Zamazenta|160/238\n|-status|p2a: Zamazenta|brn\n|\n|-heal|p1a: Slowbro|293/300|[from] item: Leftovers\n|-damage|p2a: Zamazenta|146/238 brn|[from] brn\n|upkeep\n|turn|24\n|\n|t:|1781453833\n|move|p2a: Zamazenta|Body Press|p1a: Slowbro\n|-resisted|p1a: Slowbro\n|-damage|p1a: Slowbro|277/300\n|move|p1a: Slowbro|Body Press|p2a: Zamazenta\n|-supereffective|p2a: Zamazenta\n|-damage|p2a: Zamazenta|40/238 brn\n|\n|-heal|p1a: Slowbro|295/300|[from] item: Leftovers\n|-damage|p2a: Zamazenta|26/238 brn|[from] brn\n|upkeep\n|turn|25\n|\n|t:|1781453860\n|move|p2a: Zamazenta|Body Press|p1a: Slowbro\n|-resisted|p1a: Slowbro\n|-damage|p1a: Slowbro|280/300\n|move|p1a: Slowbro|Body Press|p2a: Zamazenta\n|-supereffective|p2a: Zamazenta\n|-damage|p2a: Zamazenta|0 fnt\n|faint|p2a: Zamazenta\n|\n|-heal|p1a: Slowbro|298/300|[from] item: Leftovers\n|upkeep\n|\n|t:|1781453873\n|switch|p2a: Eelektross|Eelektross, L87, M|290/290\n|turn|26\n|\n|t:|1781453886\n|-terastallize|p1a: Slowbro|Fighting\n|move|p2a: Eelektross|Supercell Slam|p1a: Slowbro\n|-damage|p1a: Slowbro|267/300\n|move|p1a: Slowbro|Body Press|p2a: Eelektross\n|-damage|p2a: Eelektross|0 fnt\n|faint|p2a: Eelektross\n|\n|-heal|p1a: Slowbro|285/300|[from] item: Leftovers\n|upkeep\n|\n|t:|1781453896\n|switch|p2a: Basculin|Basculin-Blue-Striped, L86, F|261/261\n|turn|27\n|\n|t:|1781453901\n|move|p2a: Basculin|Wave Crash|p1a: Slowbro\n|-damage|p1a: Slowbro|227/300\n|-damage|p2a: Basculin|242/261|[from] Recoil\n|move|p1a: Slowbro|Body Press|p2a: Basculin\n|-damage|p2a: Basculin|0 fnt\n|faint|p2a: Basculin\n|\n|-heal|p1a: Slowbro|245/300|[from] item: Leftovers\n|upkeep\n|\n|t:|1781453909\n|switch|p2a: Gogoat|Gogoat, L88, F|360/360\n|turn|28\n|\n|t:|1781453927\n|move|p2a: Gogoat|Horn Leech|p1a: Slowbro\n|-damage|p1a: Slowbro|224/300\n|move|p1a: Slowbro|Body Press|p2a: Gogoat\n|-damage|p2a: Gogoat|0 fnt\n|faint|p2a: Gogoat\n|\n|win|le bolero\n|raw|le bolero's rating: 1901 &rarr; <strong>1920</strong><br />(+19 for winning)\n|raw|ear7hquak3's rating: 1876 &rarr; <strong>1857</strong><br />(-19 for losing)\n", "inputlog": ">version a8376a258c1d4662feba110a92103f3664a72141\n>start {\"formatid\":\"gen9randombattle\",\"seed\":\"sodium,83d0da9af9a37c401171faf031cfd2df\",\"rated\":\"Rated battle\"}\n>player p1 {\"name\":\"le bolero\",\"avatar\":\"101\",\"rating\":1901,\"seed\":\"sodium,0251d9da066c2a321e70636c7fbac90b\"}\n>player p2 {\"name\":\"ear7hquak3\",\"avatar\":\"266\",\"rating\":1876,\"seed\":\"sodium,dc39a24d60620e4a0a3451da3fd315df\"}\n>p1 move irondefense\n>p2 move flipturn\n>p2 switch 6\n>p1 move bodypress\n>p2 move sludgebomb\n>p1 move irondefense\n>p2 move sludgebomb\n>p1 move bodypress\n>p2 move sludgebomb terastallize\n>p1 switch 6\n>p2 move sludgebomb\n>p1 move encore\n>p2 move earthquake\n>p1 move knockoff\n>p2 switch 5\n>p1 switch 3\n>p2 move crunch\n>p1 move doubleedge\n>p2 move gunkshot\n>p1 switch 5\n>p1 move highjumpkick\n>p2 move gunkshot\n>p2 switch 4\n>p1 switch 4\n>p2 move supercellslam\n>p1 move leafstorm\n>p2 switch 5\n>p1 move leafstorm\n>p2 move sludgebomb\n>p1 move leafstorm\n>p2 move sludgebomb\n>p2 switch 2\n>p1 move leafstorm\n>p2 move rockslide\n>p1 move synthesis\n>p2 move rockslide\n>p1 switch 3\n>p1 move gunkshot\n>p2 switch 3\n>p1 move partingshot\n>p2 move irondefense\n>p1 switch 6\n>p1 move irondefense\n>p2 move bodypress\n>p1 move slackoff\n>p2 move irondefense\n>p1 move irondefense\n>p2 move irondefense\n>p1 move irondefense\n>p2 move bodypress\n>p1 move scald\n>p2 move irondefense\n>p1 move bodypress\n>p2 move bodypress\n>p1 move bodypress\n>p2 move bodypress\n>p2 switch 5\n>p1 move bodypress terastallize\n>p2 move supercellslam\n>p2 switch 6\n>p1 move bodypress\n>p2 move wavecrash\n>p2 switch 3\n>p1 move bodypress\n>p2 move hornleech", "uploadtime": 1781453927, "views": 6, "formatid": "gen9randombattle", "rating": 1857, "private": 0, "password": null, "player_dets": [{"name": "le bolero", "avatar": "101", "rating": 1901, "seed": "sodium,0251d9da066c2a321e70636c7fbac90b"}, {"name": "ear7hquak3", "avatar": "266", "rating": 1876, "seed": "sodium,dc39a24d60620e4a0a3451da3fd315df"}], "teams_full": [{"Slowbro": {"name": "Slowbro", "species": "Slowbro", "speciesId": "slowbro", "gender": "M", "shiny": false, "level": 85, "moves": ["slackoff", "scald", "irondefense", "bodypress"], "ability": "Regenerator", "evs": {"hp": 85, "atk": 0, "def": 85, "spa": 85, "spd": 85, "spe": 85}, "ivs": {"hp": 31, "atk": 0, "def": 31, "spa": 31, "spd": 31, "spe": 31}, "item": "Leftovers", "teraType": "Fighting", "role": "Bulky Setup", "bvs": {"hp": 95, "atk": 75, "def": 110, "spa": 100, "spd": 80, "spe": 30}, "stats": {"hp": 300, "atk": 132, "def": 236, "spa": 219, "spd": 185, "spe": 100}}, "Mabosstiff": {"name": "Mabosstiff", "species": "Mabosstiff", "speciesId": "mabosstiff", "gender": "F", "shiny": false, "level": 86, "moves": ["crunch", "playrough", "wildcharge", "psychicfangs"], "ability": "Stakeout", "evs": {"hp": 85, "atk": 85, "def": 85, "spa": 85, "spd": 85, "spe": 85}, "ivs": {"hp": 31, "atk": 31, "def": 31, "spa": 31, "spd": 31, "spe": 31}, "item": "Choice Scarf", "teraType": "Fairy", "role": "Bulky Attacker", "bvs": {"hp": 80, "atk": 120, "def": 90, "spa": 60, "spd": 70, "spe": 85}, "stats": {"hp": 278, "atk": 256, "def": 204, "spa": 152, "spd": 170, "spe": 195}}, "Basculin": {"name": "Basculin", "species": "Basculin", "speciesId": "basculin", "gender": "F", "shiny": false, "level": 86, "moves": ["flipturn", "aquajet", "doubleedge", "wavecrash"], "ability": "Adaptability", "evs": {"hp": 85, "atk": 85, "def": 85, "spa": 85, "spd": 85, "spe": 85}, "ivs": {"hp": 31, "atk": 31, "def": 31, "spa": 31, "spd": 31, "spe": 31}, "item": "Choice Band", "teraType": "Water", "role": "Wallbreaker", "bvs": {"hp": 70, "atk": 92, "def": 65, "spa": 80, "spd": 55, "spe": 98}, "stats": {"hp": 261, "atk": 207, "def": 161, "spa": 187, "spd": 144, "spe": 218}}, "Lurantis": {"name": "Lurantis", "species": "Lurantis", "speciesId": "lurantis", "gender": "M", "shiny": false, "level": 87, "moves": ["synthesis", "superpower", "defog", "leafstorm"], "ability": "Contrary", "evs": {"hp": 85, "atk": 85, "def": 85, "spa": 85, "spd": 85, "spe": 85}, "ivs": {"hp": 31, "atk": 31, "def": 31, "spa": 31, "spd": 31, "spe": 31}, "item": "Leftovers", "teraType": "Fighting", "role": "Bulky Attacker", "bvs": {"hp": 70, "atk": 105, "def": 90, "spa": 80, "spd": 90, "spe": 45}, "stats": {"hp": 264, "atk": 232, "def": 206, "spa": 189, "spd": 206, "spe": 128}}, "Hitmonlee": {"name": "Hitmonlee", "species": "Hitmonlee", "speciesId": "hitmonlee", "gender": "M", "shiny": false, "level": 85, "moves": ["stoneedge", "knockoff", "highjumpkick", "poisonjab"], "ability": "Reckless", "evs": {"hp": 81, "atk": 85, "def": 85, "spa": 85, "spd": 85, "spe": 85}, "ivs": {"hp": 31, "atk": 31, "def": 31, "spa": 31, "spd": 31, "spe": 31}, "item": "Choice Scarf", "teraType": "Fighting", "role": "Fast Attacker", "bvs": {"hp": 50, "atk": 120, "def": 53, "spa": 35, "spd": 110, "spe": 87}, "stats": {"hp": 223, "atk": 253, "def": 139, "spa": 108, "spd": 236, "spe": 197}}, "Grafaiai": {"name": "Grafaiai", "species": "Grafaiai", "speciesId": "grafaiai", "gender": "F", "shiny": false, "level": 86, "moves": ["knockoff", "gunkshot", "encore", "partingshot"], "ability": "Prankster", "evs": {"hp": 85, "atk": 85, "def": 85, "spa": 85, "spd": 85, "spe": 85}, "ivs": {"hp": 31, "atk": 31, "def": 31, "spa": 31, "spd": 31, "spe": 31}, "item": "Heavy-Duty Boots", "teraType": "Dark", "role": "Fast Support", "bvs": {"hp": 63, "atk": 95, "def": 65, "spa": 80, "spd": 72, "spe": 110}, "stats": {"hp": 249, "atk": 213, "def": 161, "spa": 187, "spd": 173, "spe": 238}}}, {"Basculin": {"name": "Basculin", "species": "Basculin-Blue-Striped", "speciesId": "basculin", "gender": "F", "shiny": false, "level": 86, "moves": ["wavecrash", "doubleedge", "flipturn", "aquajet"], "ability": "Adaptability", "evs": {"hp": 85, "atk": 85, "def": 85, "spa": 85, "spd": 85, "spe": 85}, "ivs": {"hp": 31, "atk": 31, "def": 31, "spa": 31, "spd": 31, "spe": 31}, "item": "Choice Band", "teraType": "Water", "role": "Wallbreaker", "bvs": {"hp": 70, "atk": 92, "def": 65, "spa": 80, "spd": 55, "spe": 98}, "stats": {"hp": 261, "atk": 207, "def": 161, "spa": 187, "spd": 144, "spe": 218}}, "Gogoat": {"name": "Gogoat", "species": "Gogoat", "speciesId": "gogoat", "gender": "F", "shiny": false, "level": 88, "moves": ["hornleech", "milkdrink", "rockslide", "bulkup"], "ability": "Sap Sipper", "evs": {"hp": 85, "atk": 85, "def": 85, "spa": 85, "spd": 85, "spe": 85}, "ivs": {"hp": 31, "atk": 31, "def": 31, "spa": 31, "spd": 31, "spe": 31}, "item": "Leftovers", "teraType": "Water", "role": "Bulky Setup", "bvs": {"hp": 123, "atk": 100, "def": 62, "spa": 97, "spd": 81, "spe": 68}, "stats": {"hp": 360, "atk": 226, "def": 159, "spa": 221, "spd": 193, "spe": 170}}, "Zamazenta": {"name": "Zamazenta", "species": "Zamazenta", "speciesId": "zamazentacrowned", "gender": "N", "shiny": false, "level": 68, "moves": ["irondefense", "stoneedge", "bodypress", "heavyslam"], "ability": "Dauntless Shield", "evs": {"hp": 85, "atk": 85, "def": 85, "spa": 85, "spd": 85, "spe": 85}, "ivs": {"hp": 31, "atk": 31, "def": 31, "spa": 31, "spd": 31, "spe": 31}, "item": "Rusted Shield", "teraType": "Ghost", "role": "Bulky Setup", "bvs": {"hp": 92, "atk": 120, "def": 140, "spa": 80, "spd": 140, "spe": 128}, "stats": {"hp": 238, "atk": 203, "def": 230, "spa": 149, "spd": 230, "spe": 214}}, "Eelektross": {"name": "Eelektross", "species": "Eelektross", "speciesId": "eelektross", "gender": "M", "shiny": false, "level": 87, "moves": ["knockoff", "drainpunch", "supercellslam", "coil"], "ability": "Levitate", "evs": {"hp": 85, "atk": 85, "def": 85, "spa": 85, "spd": 85, "spe": 85}, "ivs": {"hp": 31, "atk": 31, "def": 31, "spa": 31, "spd": 31, "spe": 31}, "item": "Leftovers", "teraType": "Fighting", "role": "Bulky Setup", "bvs": {"hp": 85, "atk": 115, "def": 80, "spa": 105, "spd": 80, "spe": 50}, "stats": {"hp": 290, "atk": 250, "def": 189, "spa": 232, "spd": 189, "spe": 137}}, "Overqwil": {"name": "Overqwil", "species": "Overqwil", "speciesId": "overqwil", "gender": "F", "shiny": false, "level": 82, "moves": ["scaleshot", "gunkshot", "swordsdance", "crunch"], "ability": "Intimidate", "evs": {"hp": 85, "atk": 85, "def": 85, "spa": 85, "spd": 85, "spe": 85}, "ivs": {"hp": 31, "atk": 31, "def": 31, "spa": 31, "spd": 31, "spe": 31}, "item": "Loaded Dice", "teraType": "Dragon", "role": "Setup Sweeper", "bvs": {"hp": 85, "atk": 115, "def": 95, "spa": 65, "spd": 65, "spe": 85}, "stats": {"hp": 274, "atk": 236, "def": 203, "spa": 154, "spd": 154, "spe": 187}}, "Gastrodon": {"name": "Gastrodon", "species": "Gastrodon", "speciesId": "gastrodon", "gender": "M", "shiny": false, "level": 86, "moves": ["sludgebomb", "earthquake", "surf", "recover"], "ability": "Storm Drain", "evs": {"hp": 85, "atk": 85, "def": 85, "spa": 85, "spd": 85, "spe": 85}, "ivs": {"hp": 31, "atk": 31, "def": 31, "spa": 31, "spd": 31, "spe": 31}, "item": "Leftovers", "teraType": "Poison", "role": "Bulky Support", "bvs": {"hp": 111, "atk": 83, "def": 68, "spa": 92, "spd": 82, "spe": 39}, "stats": {"hp": 331, "atk": 192, "def": 166, "spa": 207, "spd": 190, "spe": 116}}}]}