{"id": "gen9randombattle-2631728844", "format": "[Gen 9] Random Battle", "players": ["Huyistrash", "alexrigoni"], "log": "|j|\u2606Huyistrash\n|j|\u2606alexrigoni\n|t:|1781429788\n|gametype|singles\n|player|p1|Huyistrash|2|\n|player|p2|alexrigoni|102|\n|gen|9\n|tier|[Gen 9] Random Battle\n|rule|Species Clause: Limit one of each Pok\u00e9mon\n|rule|HP Percentage Mod: HP is shown in percentages\n|rule|Sleep Clause Mod: Limit one foe put to sleep\n|rule|Illusion Level Mod: Illusion disguises the Pok\u00e9mon's true level\n|\n|t:|1781429788\n|teamsize|p1|6\n|teamsize|p2|6\n|start\n|switch|p1a: Mudsdale|Mudsdale, L83, F|302/302\n|switch|p2a: Flapple|Flapple, L88, M|266/266\n|turn|1\n|\n|t:|1781429815\n|switch|p1a: Oricorio|Oricorio, L84, F|263/263\n|move|p2a: Flapple|Grav Apple|p1a: Oricorio\n|-resisted|p1a: Oricorio\n|-damage|p1a: Oricorio|220/263\n|-unboost|p1a: Oricorio|def|1\n|\n|upkeep\n|turn|2\n|\n|t:|1781429844\n|-terastallize|p2a: Flapple|Fire\n|move|p1a: Oricorio|Revelation Dance|p2a: Flapple\n|-resisted|p2a: Flapple\n|-damage|p2a: Flapple|205/266\n|move|p2a: Flapple|Tera Blast|p1a: Oricorio|[anim] Tera Blast Fire|[miss]\n|-miss|p2a: Flapple|p1a: Oricorio\n|\n|upkeep\n|turn|3\n|\n|t:|1781429872\n|move|p1a: Oricorio|Hurricane|p2a: Flapple\n|-damage|p2a: Flapple|54/266\n|-start|p2a: Flapple|confusion\n|-enditem|p2a: Flapple|Lum Berry|[eat]\n|-end|p2a: Flapple|confusion\n|move|p2a: Flapple|Dragon Dance|p2a: Flapple\n|-boost|p2a: Flapple|atk|1\n|-boost|p2a: Flapple|spe|1\n|-activate|p1a: Oricorio|ability: Dancer\n|move|p1a: Oricorio|Dragon Dance|p1a: Oricorio|[from] ability: Dancer\n|-boost|p1a: Oricorio|atk|1\n|-boost|p1a: Oricorio|spe|1\n|\n|upkeep\n|turn|4\n|\n|t:|1781429896\n|move|p1a: Oricorio|Hurricane|p2a: Flapple|[miss]\n|-miss|p1a: Oricorio|p2a: Flapple\n|move|p2a: Flapple|Outrage|p1a: Oricorio\n|-damage|p1a: Oricorio|0 fnt\n|faint|p1a: Oricorio\n|\n|upkeep\n|\n|t:|1781429907\n|switch|p1a: Munkidori|Munkidori, L79, M|269/269\n|turn|5\n|\n|t:|1781429926\n|move|p2a: Flapple|Outrage|p1a: Munkidori|[from] lockedmove\n|-damage|p1a: Munkidori|0 fnt\n|faint|p1a: Munkidori\n|-start|p2a: Flapple|confusion|[fatigue]\n|\n|upkeep\n|\n|t:|1781429934\n|switch|p1a: Slaking|Slaking, L84, M|389/389\n|turn|6\n|\n|t:|1781429942\n|-activate|p2a: Flapple|confusion\n|move|p2a: Flapple|Outrage|p1a: Slaking\n|-damage|p1a: Slaking|83/389\n|move|p1a: Slaking|Knock Off|p2a: Flapple\n|-damage|p2a: Flapple|0 fnt\n|faint|p2a: Flapple\n|\n|upkeep\n|\n|t:|1781429961\n|switch|p2a: Shaymin|Shaymin, L82|298/298\n|turn|7\n|\n|t:|1781429970\n|cant|p1a: Slaking|ability: Truant\n|move|p2a: Shaymin|Air Slash|p1a: Slaking\n|-damage|p1a: Slaking|19/389\n|\n|upkeep\n|turn|8\n|\n|t:|1781429976\n|move|p1a: Slaking|Knock Off|p2a: Shaymin\n|-damage|p2a: Shaymin|165/298\n|-enditem|p2a: Shaymin|Leftovers|[from] move: Knock Off|[of] p1a: Slaking\n|move|p2a: Shaymin|Air Slash|p1a: Slaking\n|-damage|p1a: Slaking|0 fnt\n|faint|p1a: Slaking\n|\n|upkeep\n|\n|t:|1781429988\n|switch|p1a: Darkrai|Darkrai, L77|234/234\n|turn|9\n|\n|t:|1781429996\n|move|p1a: Darkrai|Sludge Bomb|p2a: Shaymin\n|-supereffective|p2a: Shaymin\n|-damage|p2a: Shaymin|43/298\n|move|p2a: Shaymin|Air Slash|p1a: Darkrai\n|-damage|p1a: Darkrai|176/234\n|\n|-heal|p1a: Darkrai|190/234|[from] item: Leftovers\n|upkeep\n|turn|10\n|\n|t:|1781430009\n|move|p1a: Darkrai|Sludge Bomb|p2a: Shaymin\n|-supereffective|p2a: Shaymin\n|-damage|p2a: Shaymin|0 fnt\n|faint|p2a: Shaymin\n|\n|-heal|p1a: Darkrai|204/234|[from] item: Leftovers\n|upkeep\n|\n|t:|1781430018\n|switch|p2a: Chandelure|Chandelure, L83, F|235/235\n|turn|11\n|\n|t:|1781430043\n|-terastallize|p1a: Darkrai|Poison\n|move|p1a: Darkrai|Nasty Plot|p1a: Darkrai\n|-boost|p1a: Darkrai|spa|2\n|move|p2a: Chandelure|Will-O-Wisp|p1a: Darkrai\n|-status|p1a: Darkrai|brn\n|\n|-heal|p1a: Darkrai|218/234 brn|[from] item: Leftovers\n|-damage|p1a: Darkrai|204/234 brn|[from] brn\n|upkeep\n|turn|12\n|\n|t:|1781430058\n|move|p1a: Darkrai|Dark Pulse|p2a: Chandelure\n|-supereffective|p2a: Chandelure\n|-damage|p2a: Chandelure|0 fnt\n|faint|p2a: Chandelure\n|\n|-heal|p1a: Darkrai|218/234 brn|[from] item: Leftovers\n|-damage|p1a: Darkrai|204/234 brn|[from] brn\n|upkeep\n|\n|t:|1781430074\n|switch|p2a: Floatzel|Floatzel, L86, M|286/286\n|turn|13\n|\n|t:|1781430094\n|move|p2a: Floatzel|Crunch|p1a: Darkrai\n|-damage|p1a: Darkrai|97/234 brn\n|move|p1a: Darkrai|Dark Pulse|p2a: Floatzel\n|-damage|p2a: Floatzel|21/286\n|\n|-heal|p1a: Darkrai|111/234 brn|[from] item: Leftovers\n|-damage|p1a: Darkrai|97/234 brn|[from] brn\n|upkeep\n|turn|14\n|\n|t:|1781430107\n|switch|p1a: Landorus|Landorus, L75, M|257/257\n|move|p2a: Floatzel|Crunch|p1a: Landorus\n|-damage|p1a: Landorus|146/257\n|\n|upkeep\n|turn|15\n|\n|t:|1781430124\n|move|p2a: Floatzel|Crunch|p1a: Landorus\n|-damage|p1a: Landorus|47/257\n|move|p1a: Landorus|Earth Power|p2a: Floatzel\n|-crit|p2a: Floatzel\n|-damage|p2a: Floatzel|0 fnt\n|faint|p2a: Floatzel\n|\n|upkeep\n|\n|t:|1781430134\n|switch|p2a: Groudon|Groudon, L72|263/263\n|-weather|SunnyDay|[from] ability: Drought|[of] p2a: Groudon\n|turn|16\n|\n|t:|1781430149\n|switch|p1a: Mudsdale|Mudsdale, L83, F|302/302\n|move|p2a: Groudon|Roar|p1a: Mudsdale\n|drag|p1a: Landorus|Landorus, L75, M|47/257\n|\n|-weather|SunnyDay|[upkeep]\n|upkeep\n|turn|17\n|\n|t:|1781430162\n|move|p1a: Landorus|Focus Blast|p2a: Groudon\n|-damage|p2a: Groudon|102/263\n|move|p2a: Groudon|Heat Crash|p1a: Landorus\n|-damage|p1a: Landorus|0 fnt\n|faint|p1a: Landorus\n|\n|-weather|SunnyDay|[upkeep]\n|-heal|p2a: Groudon|118/263|[from] item: Leftovers\n|upkeep\n|\n|t:|1781430172\n|switch|p1a: Darkrai|Darkrai, L77, tera:Poison|97/234 brn\n|turn|18\n|\n|t:|1781430179\n|move|p1a: Darkrai|Dark Pulse|p2a: Groudon\n|-damage|p2a: Groudon|12/263\n|move|p2a: Groudon|Precipice Blades|p1a: Darkrai\n|-supereffective|p1a: Darkrai\n|-damage|p1a: Darkrai|0 fnt\n|faint|p1a: Darkrai\n|\n|-weather|SunnyDay|[upkeep]\n|-heal|p2a: Groudon|28/263|[from] item: Leftovers\n|upkeep\n|\n|t:|1781430189\n|switch|p1a: Mudsdale|Mudsdale, L83, F|302/302\n|turn|19\n|\n|t:|1781430203\n|move|p2a: Groudon|Heat Crash|p1a: Mudsdale\n|-damage|p1a: Mudsdale|264/302\n|-ability|p1a: Mudsdale|Stamina|boost\n|-boost|p1a: Mudsdale|def|1\n|move|p1a: Mudsdale|Heavy Slam|p2a: Groudon\n|-damage|p2a: Groudon|0 fnt\n|faint|p2a: Groudon\n|\n|-weather|SunnyDay|[upkeep]\n|-heal|p1a: Mudsdale|282/302|[from] item: Leftovers\n|upkeep\n|\n|t:|1781430217\n|switch|p2a: Rabsca|Rabsca, L91, M|284/284\n|turn|20\n|\n|t:|1781430233\n|move|p2a: Rabsca|Bug Buzz|p1a: Mudsdale\n|-damage|p1a: Mudsdale|156/302\n|-ability|p1a: Mudsdale|Stamina|boost\n|-boost|p1a: Mudsdale|def|1\n|move|p1a: Mudsdale|Roar||[still]\n|-fail|p1a: Mudsdale\n|\n|-weather|none\n|-heal|p1a: Mudsdale|174/302|[from] item: Leftovers\n|upkeep\n|turn|21\n|\n|t:|1781430253\n|move|p1a: Mudsdale|Heavy Slam|p2a: Rabsca\n|-damage|p2a: Rabsca|183/284\n|move|p2a: Rabsca|Revival Blessing|p2a: Rabsca\n|\n|t:|1781430265\n|-heal|p2: Floatzel|143/286|[from] move: Revival Blessing\n|\n|-heal|p1a: Mudsdale|192/302|[from] item: Leftovers\n|upkeep\n|turn|22\n|\n|t:|1781430279\n|move|p1a: Mudsdale|Heavy Slam|p2a: Rabsca\n|-damage|p2a: Rabsca|82/284\n|move|p2a: Rabsca|Psychic|p1a: Mudsdale\n|-damage|p1a: Mudsdale|48/302\n|-ability|p1a: Mudsdale|Stamina|boost\n|-boost|p1a: Mudsdale|def|1\n|\n|-heal|p1a: Mudsdale|66/302|[from] item: Leftovers\n|upkeep\n|turn|23\n|\n|t:|1781430289\n|move|p1a: Mudsdale|Heavy Slam|p2a: Rabsca\n|-damage|p2a: Rabsca|0 fnt\n|faint|p2a: Rabsca\n|\n|-heal|p1a: Mudsdale|84/302|[from] item: Leftovers\n|upkeep\n|\n|t:|1781430296\n|switch|p2a: Floatzel|Floatzel, L86, M|143/286\n|turn|24\n|\n|t:|1781430306\n|move|p2a: Floatzel|Flip Turn|p1a: Mudsdale\n|-supereffective|p1a: Mudsdale\n|-damage|p1a: Mudsdale|4/302\n|-ability|p1a: Mudsdale|Stamina|boost\n|-boost|p1a: Mudsdale|def|1\n|move|p1a: Mudsdale|Earthquake|p2a: Floatzel\n|-damage|p2a: Floatzel|0 fnt\n|faint|p2a: Floatzel\n|\n|win|Huyistrash\n|l|\u2606Huyistrash\n|player|p1|\n", "inputlog": ">version a8376a258c1d4662feba110a92103f3664a72141\n>start {\"formatid\":\"gen9randombattle\",\"seed\":\"sodium,f73152037163b16e154b8fdef46592f2\"}\n>player p1 {\"name\":\"Huyistrash\",\"avatar\":\"2\",\"rating\":0,\"seed\":\"sodium,b1fa81942fdabfc9a71420dbc8fc0819\"}\n>player p2 {\"name\":\"alexrigoni\",\"avatar\":\"102\",\"rating\":0,\"seed\":\"sodium,8aee4080ac0d094dd4c35cec31dcd957\"}\n>p1 switch 3\n>p2 move gravapple\n>p1 move revelationdance\n>p2 move terablast terastallize\n>p1 move hurricane\n>p2 move dragondance\n>p1 move hurricane\n>p2 move outrage\n>p1 switch 4\n>p1 move sludgewave\n>p2 move outrage\n>p1 switch 5\n>p1 move knockoff\n>p2 move outrage\n>p2 switch 5\n>p1 move knockoff\n>p2 move airslash\n>p1 move knockoff\n>p2 move airslash\n>p1 switch 6\n>p1 move sludgebomb\n>p2 move airslash\n>p1 move sludgebomb\n>p2 move synthesis\n>p2 switch 6\n>p1 move nastyplot terastallize\n>p2 move willowisp\n>p1 move darkpulse\n>p2 move fireblast\n>p2 switch 3\n>p1 move darkpulse\n>p2 move crunch\n>p1 switch 2\n>p2 move crunch\n>p1 move earthpower\n>p2 move crunch\n>p2 switch 2\n>p1 switch 3\n>p2 move roar\n>p1 move focusblast\n>p2 move heatcrash\n>p1 switch 2\n>p1 move darkpulse\n>p2 move precipiceblades\n>p1 switch 3\n>p1 move heavyslam\n>p2 move heatcrash\n>p2 switch 4\n>p1 move roar\n>p2 move bugbuzz\n>p1 move heavyslam\n>p2 move revivalblessing\n>p2 switch 2\n>p1 move heavyslam\n>p2 move psychic\n>p1 move heavyslam\n>p2 move psychic\n>p2 switch 2\n>p1 move earthquake\n>p2 move flipturn", "uploadtime": 1781430380, "views": 10, "formatid": "gen9randombattle", "rating": null, "private": 0, "password": null, "player_dets": [{"name": "Huyistrash", "avatar": "2", "rating": 0, "seed": "sodium,b1fa81942fdabfc9a71420dbc8fc0819"}, {"name": "alexrigoni", "avatar": "102", "rating": 0, "seed": "sodium,8aee4080ac0d094dd4c35cec31dcd957"}], "teams_full": [{"Mudsdale": {"name": "Mudsdale", "species": "Mudsdale", "speciesId": "mudsdale", "gender": "F", "shiny": false, "level": 83, "moves": ["stealthrock", "heavyslam", "earthquake", "roar"], "ability": "Stamina", "evs": {"hp": 85, "atk": 85, "def": 85, "spa": 85, "spd": 85, "spe": 85}, "ivs": {"hp": 31, "atk": 31, "def": 31, "spa": 31, "spd": 31, "spe": 31}, "item": "Leftovers", "teraType": "Steel", "role": "Bulky Attacker", "bvs": {"hp": 100, "atk": 125, "def": 100, "spa": 55, "spd": 85, "spe": 35}, "stats": {"hp": 302, "atk": 255, "def": 214, "spa": 139, "spd": 189, "spe": 106}}, "Landorus": {"name": "Landorus", "species": "Landorus", "speciesId": "landorus", "gender": "M", "shiny": false, "level": 75, "moves": ["earthpower", "nastyplot", "sludgewave", "focusblast"], "ability": "Sheer Force", "evs": {"hp": 85, "atk": 0, "def": 85, "spa": 85, "spd": 85, "spe": 85}, "ivs": {"hp": 31, "atk": 0, "def": 31, "spa": 31, "spd": 31, "spe": 31}, "item": "Life Orb", "teraType": "Ground", "role": "Fast Attacker", "bvs": {"hp": 89, "atk": 125, "def": 90, "spa": 115, "spd": 80, "spe": 101}, "stats": {"hp": 257, "atk": 192, "def": 179, "spa": 216, "spd": 164, "spe": 195}}, "Oricorio": {"name": "Oricorio", "species": "Oricorio", "speciesId": "oricorio", "gender": "F", "shiny": false, "level": 84, "moves": ["hurricane", "roost", "revelationdance", "quiverdance"], "ability": "Dancer", "evs": {"hp": 85, "atk": 0, "def": 85, "spa": 85, "spd": 85, "spe": 85}, "ivs": {"hp": 31, "atk": 0, "def": 31, "spa": 31, "spd": 31, "spe": 31}, "item": "Heavy-Duty Boots", "teraType": "Ground", "role": "Setup Sweeper", "bvs": {"hp": 75, "atk": 70, "def": 70, "spa": 98, "spd": 70, "spe": 93}, "stats": {"hp": 263, "atk": 122, "def": 166, "spa": 213, "spd": 166, "spe": 204}}, "Munkidori": {"name": "Munkidori", "species": "Munkidori", "speciesId": "munkidori", "gender": "M", "shiny": false, "level": 79, "moves": ["sludgewave", "psyshock", "focusblast", "uturn"], "ability": "Toxic Chain", "evs": {"hp": 85, "atk": 85, "def": 85, "spa": 85, "spd": 85, "spe": 85}, "ivs": {"hp": 31, "atk": 31, "def": 31, "spa": 31, "spd": 31, "spe": 31}, "item": "Choice Specs", "teraType": "Poison", "role": "Fast Attacker", "bvs": {"hp": 88, "atk": 75, "def": 66, "spa": 130, "spd": 90, "spe": 106}, "stats": {"hp": 269, "atk": 164, "def": 150, "spa": 251, "spd": 188, "spe": 213}}, "Slaking": {"name": "Slaking", "species": "Slaking", "speciesId": "slaking", "gender": "M", "shiny": false, "level": 84, "moves": ["earthquake", "doubleedge", "knockoff", "gigaimpact"], "ability": "Truant", "evs": {"hp": 85, "atk": 85, "def": 85, "spa": 85, "spd": 85, "spe": 85}, "ivs": {"hp": 31, "atk": 31, "def": 31, "spa": 31, "spd": 31, "spe": 31}, "item": "Choice Band", "teraType": "Ground", "role": "Wallbreaker", "bvs": {"hp": 150, "atk": 160, "def": 100, "spa": 95, "spd": 65, "spe": 100}, "stats": {"hp": 389, "atk": 317, "def": 216, "spa": 208, "spd": 157, "spe": 216}}, "Darkrai": {"name": "Darkrai", "species": "Darkrai", "speciesId": "darkrai", "gender": "N", "shiny": false, "level": 77, "moves": ["darkpulse", "nastyplot", "substitute", "sludgebomb"], "ability": "Bad Dreams", "evs": {"hp": 85, "atk": 0, "def": 85, "spa": 85, "spd": 85, "spe": 85}, "ivs": {"hp": 31, "atk": 0, "def": 31, "spa": 31, "spd": 31, "spe": 31}, "item": "Leftovers", "teraType": "Poison", "role": "Setup Sweeper", "bvs": {"hp": 70, "atk": 90, "def": 90, "spa": 135, "spd": 90, "spe": 125}, "stats": {"hp": 234, "atk": 143, "def": 183, "spa": 252, "spd": 183, "spe": 237}}}, {"Flapple": {"name": "Flapple", "species": "Flapple", "speciesId": "flapple", "gender": "M", "shiny": false, "level": 88, "moves": ["gravapple", "outrage", "dragondance", "terablast"], "ability": "Hustle", "evs": {"hp": 85, "atk": 85, "def": 85, "spa": 85, "spd": 85, "spe": 85}, "ivs": {"hp": 31, "atk": 31, "def": 31, "spa": 31, "spd": 31, "spe": 31}, "item": "Lum Berry", "teraType": "Fire", "role": "Tera Blast user", "bvs": {"hp": 70, "atk": 110, "def": 80, "spa": 95, "spd": 60, "spe": 70}, "stats": {"hp": 266, "atk": 244, "def": 191, "spa": 217, "spd": 156, "spe": 173}}, "Groudon": {"name": "Groudon", "species": "Groudon", "speciesId": "groudon", "gender": "N", "shiny": false, "level": 72, "moves": ["roar", "stealthrock", "precipiceblades", "heatcrash"], "ability": "Drought", "evs": {"hp": 85, "atk": 85, "def": 85, "spa": 85, "spd": 85, "spe": 85}, "ivs": {"hp": 31, "atk": 31, "def": 31, "spa": 31, "spd": 31, "spe": 31}, "item": "Leftovers", "teraType": "Fire", "role": "Bulky Attacker", "bvs": {"hp": 100, "atk": 150, "def": 140, "spa": 100, "spd": 90, "spe": 90}, "stats": {"hp": 263, "atk": 258, "def": 244, "spa": 186, "spd": 172, "spe": 172}}, "Floatzel": {"name": "Floatzel", "species": "Floatzel", "speciesId": "floatzel", "gender": "M", "shiny": false, "level": 86, "moves": ["wavecrash", "flipturn", "icespinner", "crunch"], "ability": "Water Veil", "evs": {"hp": 85, "atk": 85, "def": 85, "spa": 85, "spd": 85, "spe": 85}, "ivs": {"hp": 31, "atk": 31, "def": 31, "spa": 31, "spd": 31, "spe": 31}, "item": "Choice Band", "teraType": "Water", "role": "Wallbreaker", "bvs": {"hp": 85, "atk": 105, "def": 55, "spa": 85, "spd": 50, "spe": 115}, "stats": {"hp": 286, "atk": 230, "def": 144, "spa": 195, "spd": 135, "spe": 247}}, "Rabsca": {"name": "Rabsca", "species": "Rabsca", "speciesId": "rabsca", "gender": "M", "shiny": false, "level": 91, "moves": ["psychic", "trickroom", "revivalblessing", "bugbuzz"], "ability": "Synchronize", "evs": {"hp": 85, "atk": 0, "def": 85, "spa": 85, "spd": 85, "spe": 0}, "ivs": {"hp": 31, "atk": 0, "def": 31, "spa": 31, "spd": 31, "spe": 0}, "item": "Heavy-Duty Boots", "teraType": "Steel", "role": "Wallbreaker", "bvs": {"hp": 75, "atk": 50, "def": 85, "spa": 115, "spd": 100, "spe": 45}, "stats": {"hp": 284, "atk": 96, "def": 207, "spa": 261, "spd": 234, "spe": 86}}, "Shaymin": {"name": "Shaymin", "species": "Shaymin", "speciesId": "shaymin", "gender": "N", "shiny": false, "level": 82, "moves": ["earthpower", "airslash", "seedflare", "synthesis"], "ability": "Natural Cure", "evs": {"hp": 85, "atk": 0, "def": 85, "spa": 85, "spd": 85, "spe": 85}, "ivs": {"hp": 31, "atk": 0, "def": 31, "spa": 31, "spd": 31, "spe": 31}, "item": "Leftovers", "teraType": "Steel", "role": "Bulky Attacker", "bvs": {"hp": 100, "atk": 100, "def": 100, "spa": 100, "spd": 100, "spe": 100}, "stats": {"hp": 298, "atk": 169, "def": 211, "spa": 211, "spd": 211, "spe": 211}}, "Chandelure": {"name": "Chandelure", "species": "Chandelure", "speciesId": "chandelure", "gender": "F", "shiny": false, "level": 83, "moves": ["fireblast", "shadowball", "calmmind", "willowisp"], "ability": "Flame Body", "evs": {"hp": 85, "atk": 0, "def": 85, "spa": 85, "spd": 85, "spe": 85}, "ivs": {"hp": 31, "atk": 0, "def": 31, "spa": 31, "spd": 31, "spe": 31}, "item": "Heavy-Duty Boots", "teraType": "Fire", "role": "Fast Bulky Setup", "bvs": {"hp": 60, "atk": 55, "def": 90, "spa": 145, "spd": 90, "spe": 80}, "stats": {"hp": 235, "atk": 96, "def": 197, "spa": 288, "spd": 197, "spe": 180}}}]}