{"id": "gen9randombattle-2631614514", "format": "[Gen 9] Random Battle", "players": ["bed burglar", "WhatEver2102"], "log": "|j|\u2606bed burglar\n|j|\u2606WhatEver2102\n|t:|1781409107\n|gametype|singles\n|player|p1|bed burglar|170|1948\n|player|p2|WhatEver2102|juan|2013\n|gen|9\n|tier|[Gen 9] Random Battle\n|rated|\n|rule|Species Clause: Limit one of each Pok\u00e9mon\n|rule|HP Percentage Mod: HP is shown in percentages\n|rule|Sleep Clause Mod: Limit one foe put to sleep\n|rule|Illusion Level Mod: Illusion disguises the Pok\u00e9mon's true level\n|\n|t:|1781409107\n|teamsize|p1|6\n|teamsize|p2|6\n|start\n|switch|p1a: Garganacl|Garganacl, L80, M|291/291\n|switch|p2a: Weavile|Weavile, L79, F|240/240\n|turn|1\n|inactive|Battle timer is ON: inactive players will automatically lose when time's up. (requested by bed burglar)\n|\n|t:|1781409120\n|switch|p2a: Gumshoos|Gumshoos, L95, M|321/321\n|move|p1a: Garganacl|Stealth Rock|p2a: Gumshoos\n|-sidestart|p2: WhatEver2102|move: Stealth Rock\n|\n|upkeep\n|turn|2\n|\n|t:|1781409132\n|move|p1a: Garganacl|Protect|p1a: Garganacl\n|-singleturn|p1a: Garganacl|Protect\n|move|p2a: Gumshoos|Earthquake|p1a: Garganacl\n|-activate|p1a: Garganacl|move: Protect\n|\n|upkeep\n|turn|3\n|\n|t:|1781409136\n|switch|p1a: Kricketune|Kricketune, L99, F|312/312\n|move|p2a: Gumshoos|Earthquake|p1a: Kricketune\n|-resisted|p1a: Kricketune\n|-damage|p1a: Kricketune|131/312\n|\n|upkeep\n|turn|4\n|\n|t:|1781409152\n|switch|p2a: Dewgong|Dewgong, L94, F|322/322\n|move|p1a: Kricketune|Sticky Web|p2a: Dewgong\n|-sidestart|p2: WhatEver2102|move: Sticky Web\n|\n|upkeep\n|turn|5\n|\n|t:|1781409173\n|move|p1a: Kricketune|Knock Off|p2a: Dewgong\n|-damage|p2a: Dewgong|245/322\n|-enditem|p2a: Dewgong|Heavy-Duty Boots|[from] move: Knock Off|[of] p1a: Kricketune\n|move|p2a: Dewgong|Triple Axel|p1a: Kricketune\n|-damage|p1a: Kricketune|106/312\n|-damage|p1a: Kricketune|49/312\n|-damage|p1a: Kricketune|0 fnt\n|faint|p1a: Kricketune\n|-hitcount|p1: Kricketune|3\n|\n|upkeep\n|\n|t:|1781409187\n|switch|p1a: Munkidori|Munkidori, L79, M|269/269\n|turn|6\n|inactive|WhatEver2102 has 120 seconds left.\n|\n|t:|1781409211\n|move|p1a: Munkidori|Psyshock|p2a: Dewgong\n|-damage|p2a: Dewgong|119/322\n|-damage|p1a: Munkidori|243/269|[from] item: Life Orb\n|move|p2a: Dewgong|Triple Axel|p1a: Munkidori\n|-crit|p1a: Munkidori\n|-damage|p1a: Munkidori|201/269\n|-damage|p1a: Munkidori|147/269\n|-damage|p1a: Munkidori|71/269\n|-hitcount|p1a: Munkidori|3\n|\n|upkeep\n|turn|7\n|\n|t:|1781409221\n|move|p1a: Munkidori|Sludge Wave|p2a: Dewgong\n|-damage|p2a: Dewgong|5/322\n|-damage|p1a: Munkidori|45/269|[from] item: Life Orb\n|move|p2a: Dewgong|Surf|p1a: Munkidori\n|-damage|p1a: Munkidori|0 fnt\n|faint|p1a: Munkidori\n|\n|upkeep\n|\n|t:|1781409229\n|switch|p1a: Revavroom|Revavroom, L79, M|256/256\n|turn|8\n|\n|t:|1781409238\n|move|p1a: Revavroom|Iron Head|p2a: Dewgong\n|-damage|p2a: Dewgong|0 fnt\n|faint|p2a: Dewgong\n|-damage|p1a: Revavroom|231/256|[from] item: Life Orb\n|\n|upkeep\n|\n|t:|1781409248\n|switch|p2a: Gumshoos|Gumshoos, L95, M|321/321\n|-damage|p2a: Gumshoos|281/321|[from] Stealth Rock\n|-activate|p2a: Gumshoos|move: Sticky Web\n|-unboost|p2a: Gumshoos|spe|1\n|turn|9\n|\n|t:|1781409265\n|move|p1a: Revavroom|Gunk Shot|p2a: Gumshoos\n|-damage|p2a: Gumshoos|86/321\n|-damage|p1a: Revavroom|206/256|[from] item: Life Orb\n|move|p2a: Gumshoos|Earthquake|p1a: Revavroom\n|-supereffective|p1a: Revavroom\n|-damage|p1a: Revavroom|0 fnt\n|faint|p1a: Revavroom\n|\n|upkeep\n|\n|t:|1781409269\n|switch|p1a: Garganacl|Garganacl, L80, M|291/291\n|turn|10\n|\n|t:|1781409275\n|move|p1a: Garganacl|Protect|p1a: Garganacl\n|-singleturn|p1a: Garganacl|Protect\n|move|p2a: Gumshoos|Earthquake|p1a: Garganacl\n|-activate|p1a: Garganacl|move: Protect\n|\n|upkeep\n|turn|11\n|\n|t:|1781409277\n|move|p1a: Garganacl|Salt Cure|p2a: Gumshoos\n|-damage|p2a: Gumshoos|35/321\n|-start|p2a: Gumshoos|Salt Cure\n|move|p2a: Gumshoos|Earthquake|p1a: Garganacl\n|-supereffective|p1a: Garganacl\n|-damage|p1a: Garganacl|55/291\n|\n|-heal|p1a: Garganacl|73/291|[from] item: Leftovers\n|-damage|p2a: Gumshoos|0 fnt|[from] Salt Cure\n|faint|p2a: Gumshoos\n|upkeep\n|\n|t:|1781409293\n|switch|p2a: Braviary|Braviary, L85, M|309/309\n|turn|12\n|\n|t:|1781409297\n|move|p1a: Garganacl|Protect|p1a: Garganacl\n|-singleturn|p1a: Garganacl|Protect\n|move|p2a: Braviary|Close Combat|p1a: Garganacl\n|-activate|p1a: Garganacl|move: Protect\n|\n|-heal|p1a: Garganacl|91/291|[from] item: Leftovers\n|upkeep\n|turn|13\n|\n|t:|1781409302\n|move|p2a: Braviary|Close Combat|p1a: Garganacl\n|-supereffective|p1a: Garganacl\n|-damage|p1a: Garganacl|0 fnt\n|-unboost|p2a: Braviary|def|1\n|-unboost|p2a: Braviary|spd|1\n|faint|p1a: Garganacl\n|\n|upkeep\n|\n|t:|1781409303\n|switch|p1a: Chien-Pao|Chien-Pao, L72|234/234\n|-ability|p1a: Chien-Pao|Sword of Ruin\n|turn|14\n|\n|t:|1781409310\n|switch|p2a: Bronzong|Bronzong, L88|261/261\n|-damage|p2a: Bronzong|245/261|[from] Stealth Rock\n|move|p1a: Chien-Pao|Icicle Crash|p2a: Bronzong|[miss]\n|-miss|p1a: Chien-Pao|p2a: Bronzong\n|\n|-heal|p2a: Bronzong|261/261|[from] item: Leftovers\n|upkeep\n|turn|15\n|\n|t:|1781409314\n|switch|p1a: Zacian|Zacian, L69|241/241\n|-ability|p1a: Zacian|Intrepid Sword|boost\n|-boost|p1a: Zacian|atk|1\n|move|p2a: Bronzong|Stealth Rock|p1a: Zacian\n|-sidestart|p1: bed burglar|move: Stealth Rock\n|\n|upkeep\n|turn|16\n|-message|bed burglar forfeited.\n|\n|win|WhatEver2102\n", "inputlog": ">version a8376a258c1d4662feba110a92103f3664a72141\n>start {\"formatid\":\"gen9randombattle\",\"seed\":\"sodium,3be8890fa92bd53ad99f0151d135caa8\",\"rated\":\"Rated battle\"}\n>player p1 {\"name\":\"bed burglar\",\"avatar\":\"170\",\"rating\":1948,\"seed\":\"sodium,8252c0576374aa1e4f73a3dd1cb3e57f\"}\n>player p2 {\"name\":\"WhatEver2102\",\"avatar\":\"juan\",\"rating\":2013,\"seed\":\"sodium,bc7d2d70a7cfb128dacada26a17479e6\"}\n>p1 move stealthrock\n>p2 switch 6\n>p1 move protect\n>p2 move earthquake\n>p1 switch 4\n>p2 move earthquake\n>p1 move stickyweb\n>p2 switch 2\n>p1 move knockoff\n>p2 move tripleaxel\n>p1 switch 3\n>p1 move psyshock\n>p2 move tripleaxel\n>p1 move sludgewave\n>p2 move surf\n>p1 switch 2\n>p1 move ironhead\n>p2 move encore\n>p2 switch 2\n>p1 move gunkshot\n>p2 move earthquake\n>p1 switch 4\n>p1 move protect\n>p2 move earthquake\n>p1 move saltcure\n>p2 move earthquake\n>p2 switch 3\n>p1 move protect\n>p2 move closecombat\n>p1 move recover\n>p2 move closecombat\n>p1 switch 5\n>p1 move iciclecrash\n>p2 switch 4\n>p1 switch 6\n>p2 move stealthrock\n>forcelose p1", "uploadtime": 1781409109, "views": 4, "formatid": "gen9randombattle", "rating": null, "private": 0, "password": null, "player_dets": [{"name": "bed burglar", "avatar": "170", "rating": 1948, "seed": "sodium,8252c0576374aa1e4f73a3dd1cb3e57f"}, {"name": "WhatEver2102", "avatar": "juan", "rating": 2013, "seed": "sodium,bc7d2d70a7cfb128dacada26a17479e6"}], "teams_full": [{"Garganacl": {"name": "Garganacl", "species": "Garganacl", "speciesId": "garganacl", "gender": "M", "shiny": false, "level": 80, "moves": ["stealthrock", "saltcure", "protect", "recover"], "ability": "Purifying Salt", "evs": {"hp": 85, "atk": 85, "def": 85, "spa": 85, "spd": 85, "spe": 85}, "ivs": {"hp": 31, "atk": 31, "def": 31, "spa": 31, "spd": 31, "spe": 31}, "item": "Leftovers", "teraType": "Dragon", "role": "Bulky Support", "bvs": {"hp": 100, "atk": 100, "def": 130, "spa": 45, "spd": 90, "spe": 35}, "stats": {"hp": 291, "atk": 206, "def": 254, "spa": 118, "spd": 190, "spe": 102}}, "Revavroom": {"name": "Revavroom", "species": "Revavroom", "speciesId": "revavroom", "gender": "M", "shiny": false, "level": 79, "moves": ["shiftgear", "ironhead", "highhorsepower", "gunkshot"], "ability": "Filter", "evs": {"hp": 85, "atk": 85, "def": 85, "spa": 85, "spd": 85, "spe": 85}, "ivs": {"hp": 31, "atk": 31, "def": 31, "spa": 31, "spd": 31, "spe": 31}, "item": "Life Orb", "teraType": "Ground", "role": "Fast Attacker", "bvs": {"hp": 80, "atk": 119, "def": 90, "spa": 54, "spd": 67, "spe": 90}, "stats": {"hp": 256, "atk": 234, "def": 188, "spa": 131, "spd": 151, "spe": 188}}, "Munkidori": {"name": "Munkidori", "species": "Munkidori", "speciesId": "munkidori", "gender": "M", "shiny": false, "level": 79, "moves": ["sludgewave", "nastyplot", "psyshock", "focusblast"], "ability": "Toxic Chain", "evs": {"hp": 85, "atk": 0, "def": 85, "spa": 85, "spd": 85, "spe": 85}, "ivs": {"hp": 31, "atk": 0, "def": 31, "spa": 31, "spd": 31, "spe": 31}, "item": "Life Orb", "teraType": "Poison", "role": "Fast Attacker", "bvs": {"hp": 88, "atk": 75, "def": 66, "spa": 130, "spd": 90, "spe": 106}, "stats": {"hp": 269, "atk": 123, "def": 150, "spa": 251, "spd": 188, "spe": 213}}, "Kricketune": {"name": "Kricketune", "species": "Kricketune", "speciesId": "kricketune", "gender": "F", "shiny": false, "level": 99, "moves": ["stickyweb", "knockoff", "taunt", "pounce"], "ability": "Technician", "evs": {"hp": 85, "atk": 85, "def": 85, "spa": 85, "spd": 85, "spe": 85}, "ivs": {"hp": 31, "atk": 31, "def": 31, "spa": 31, "spd": 31, "spe": 31}, "item": "Heavy-Duty Boots", "teraType": "Ghost", "role": "Fast Support", "bvs": {"hp": 77, "atk": 85, "def": 51, "spa": 55, "spd": 51, "spe": 65}, "stats": {"hp": 312, "atk": 224, "def": 157, "spa": 165, "spd": 157, "spe": 185}}, "Chien-Pao": {"name": "Chien-Pao", "species": "Chien-Pao", "speciesId": "chienpao", "gender": "N", "shiny": false, "level": 72, "moves": ["throatchop", "sacredsword", "iceshard", "iciclecrash"], "ability": "Sword of Ruin", "evs": {"hp": 85, "atk": 85, "def": 85, "spa": 85, "spd": 85, "spe": 85}, "ivs": {"hp": 31, "atk": 31, "def": 31, "spa": 31, "spd": 31, "spe": 31}, "item": "Choice Band", "teraType": "Ice", "role": "Wallbreaker", "bvs": {"hp": 80, "atk": 120, "def": 80, "spa": 90, "spd": 65, "spe": 135}, "stats": {"hp": 234, "atk": 215, "def": 157, "spa": 172, "spd": 136, "spe": 236}}, "Zacian": {"name": "Zacian", "species": "Zacian", "speciesId": "zacian", "gender": "N", "shiny": false, "level": 69, "moves": ["crunch", "playrough", "closecombat", "swordsdance"], "ability": "Intrepid Sword", "evs": {"hp": 85, "atk": 85, "def": 85, "spa": 85, "spd": 85, "spe": 85}, "ivs": {"hp": 31, "atk": 31, "def": 31, "spa": 31, "spd": 31, "spe": 31}, "item": "Life Orb", "teraType": "Fighting", "role": "Fast Attacker", "bvs": {"hp": 92, "atk": 120, "def": 115, "spa": 80, "spd": 115, "spe": 138}, "stats": {"hp": 241, "atk": 206, "def": 199, "spa": 151, "spd": 199, "spe": 231}}}, {"Weavile": {"name": "Weavile", "species": "Weavile", "speciesId": "weavile", "gender": "F", "shiny": false, "level": 79, "moves": ["tripleaxel", "lowkick", "swordsdance", "knockoff"], "ability": "Pickpocket", "evs": {"hp": 85, "atk": 85, "def": 85, "spa": 85, "spd": 85, "spe": 85}, "ivs": {"hp": 31, "atk": 31, "def": 31, "spa": 31, "spd": 31, "spe": 31}, "item": "Heavy-Duty Boots", "teraType": "Dark", "role": "Fast Attacker", "bvs": {"hp": 70, "atk": 120, "def": 65, "spa": 45, "spd": 85, "spe": 125}, "stats": {"hp": 240, "atk": 235, "def": 148, "spa": 117, "spd": 180, "spe": 243}}, "Dewgong": {"name": "Dewgong", "species": "Dewgong", "speciesId": "dewgong", "gender": "F", "shiny": false, "level": 94, "moves": ["surf", "flipturn", "tripleaxel", "encore"], "ability": "Thick Fat", "evs": {"hp": 85, "atk": 85, "def": 85, "spa": 85, "spd": 85, "spe": 85}, "ivs": {"hp": 31, "atk": 31, "def": 31, "spa": 31, "spd": 31, "spe": 31}, "item": "Heavy-Duty Boots", "teraType": "Steel", "role": "Bulky Attacker", "bvs": {"hp": 90, "atk": 70, "def": 80, "spa": 70, "spd": 95, "spe": 70}, "stats": {"hp": 322, "atk": 185, "def": 204, "spa": 185, "spd": 232, "spe": 185}}, "Braviary": {"name": "Braviary", "species": "Braviary", "speciesId": "braviary", "gender": "M", "shiny": false, "level": 85, "moves": ["bulkup", "bravebird", "roost", "closecombat"], "ability": "Defiant", "evs": {"hp": 85, "atk": 85, "def": 85, "spa": 85, "spd": 85, "spe": 85}, "ivs": {"hp": 31, "atk": 31, "def": 31, "spa": 31, "spd": 31, "spe": 31}, "item": "Heavy-Duty Boots", "teraType": "Steel", "role": "Fast Bulky Setup", "bvs": {"hp": 100, "atk": 123, "def": 75, "spa": 57, "spd": 75, "spe": 80}, "stats": {"hp": 309, "atk": 258, "def": 176, "spa": 146, "spd": 176, "spe": 185}}, "Bronzong": {"name": "Bronzong", "species": "Bronzong", "speciesId": "bronzong", "gender": "N", "shiny": false, "level": 88, "moves": ["psychic", "ironhead", "stealthrock", "hypnosis"], "ability": "Levitate", "evs": {"hp": 85, "atk": 85, "def": 85, "spa": 85, "spd": 85, "spe": 85}, "ivs": {"hp": 31, "atk": 31, "def": 31, "spa": 31, "spd": 31, "spe": 31}, "item": "Leftovers", "teraType": "Electric", "role": "Bulky Support", "bvs": {"hp": 67, "atk": 89, "def": 116, "spa": 79, "spd": 116, "spe": 33}, "stats": {"hp": 261, "atk": 207, "def": 254, "spa": 189, "spd": 254, "spe": 108}}, "Iron Valiant": {"name": "Iron Valiant", "species": "Iron Valiant", "speciesId": "ironvaliant", "gender": "N", "shiny": false, "level": 78, "moves": ["spiritbreak", "closecombat", "knockoff", "swordsdance"], "ability": "Quark Drive", "evs": {"hp": 85, "atk": 85, "def": 85, "spa": 85, "spd": 85, "spe": 85}, "ivs": {"hp": 31, "atk": 31, "def": 31, "spa": 31, "spd": 31, "spe": 31}, "item": "Life Orb", "teraType": "Dark", "role": "Setup Sweeper", "bvs": {"hp": 74, "atk": 130, "def": 90, "spa": 120, "spd": 60, "spe": 116}, "stats": {"hp": 244, "atk": 248, "def": 185, "spa": 232, "spd": 139, "spe": 226}}, "Gumshoos": {"name": "Gumshoos", "species": "Gumshoos", "speciesId": "gumshoos", "gender": "M", "shiny": false, "level": 95, "moves": ["earthquake", "uturn", "knockoff", "doubleedge"], "ability": "Stakeout", "evs": {"hp": 85, "atk": 85, "def": 85, "spa": 85, "spd": 85, "spe": 85}, "ivs": {"hp": 31, "atk": 31, "def": 31, "spa": 31, "spd": 31, "spe": 31}, "item": "Choice Band", "teraType": "Ground", "role": "Fast Attacker", "bvs": {"hp": 88, "atk": 110, "def": 60, "spa": 55, "spd": 60, "spe": 45}, "stats": {"hp": 321, "atk": 263, "def": 168, "spa": 158, "spd": 168, "spe": 139}}}]}