{"id": "gen9randombattle-2631420138", "format": "[Gen 9] Random Battle", "players": ["stop_aa", "Ponclex"], "log": "|j|\u2606stop_aa\n|j|\u2606Ponclex\n|t:|1781382473\n|gametype|singles\n|player|p1|stop_aa|101|2075\n|player|p2|Ponclex|265|2056\n|gen|9\n|tier|[Gen 9] Random Battle\n|rated|\n|rule|Species Clause: Limit one of each Pok\u00e9mon\n|rule|HP Percentage Mod: HP is shown in percentages\n|rule|Sleep Clause Mod: Limit one foe put to sleep\n|rule|Illusion Level Mod: Illusion disguises the Pok\u00e9mon's true level\n|\n|t:|1781382473\n|teamsize|p1|6\n|teamsize|p2|6\n|start\n|switch|p1a: Latias|Latias, L79, F|256/256\n|switch|p2a: Excadrill|Excadrill, L79, M|303/303\n|-ability|p2a: Excadrill|Mold Breaker\n|turn|1\n|j| mech1357\n|l| mech1357\n|inactive|Battle timer is ON: inactive players will automatically lose when time's up. (requested by stop_aa)\n|\n|t:|1781382514\n|switch|p1a: Typhlosion|Typhlosion-Hisui, L83, F|257/257\n|move|p2a: Excadrill|Rapid Spin|p1a: Typhlosion\n|-immune|p1a: Typhlosion\n|\n|upkeep\n|turn|2\n|\n|t:|1781382526\n|move|p1a: Typhlosion|Fire Blast|p2a: Excadrill\n|-supereffective|p2a: Excadrill\n|-damage|p2a: Excadrill|67/303\n|move|p2a: Excadrill|Earthquake|p1a: Typhlosion\n|-supereffective|p1a: Typhlosion\n|-damage|p1a: Typhlosion|0 fnt\n|faint|p1a: Typhlosion\n|\n|upkeep\n|\n|t:|1781382538\n|switch|p1a: Vigoroth|Vigoroth, L85, F|275/275\n|turn|3\n|\n|t:|1781382548\n|switch|p2a: Persian|Persian-Alola, L86, M|252/252\n|move|p1a: Vigoroth|Earthquake|p2a: Persian\n|-damage|p2a: Persian|214/252\n|\n|upkeep\n|turn|4\n|\n|t:|1781382557\n|switch|p1a: Ursaluna|Ursaluna-Bloodmoon, L79, M|308/308\n|move|p2a: Persian|Thunder Wave|p1a: Ursaluna\n|-immune|p1a: Ursaluna\n|\n|upkeep\n|turn|5\n|\n|t:|1781382563\n|move|p2a: Persian|Parting Shot|p1a: Ursaluna\n|-unboost|p1a: Ursaluna|atk|1\n|-unboost|p1a: Ursaluna|spa|1\n|\n|t:|1781382586\n|switch|p2a: Tornadus|Tornadus, L82, M|263/263|[from] Parting Shot\n|move|p1a: Ursaluna|Calm Mind|p1a: Ursaluna\n|-boost|p1a: Ursaluna|spa|1\n|-boost|p1a: Ursaluna|spd|1\n|\n|upkeep\n|turn|6\n|\n|t:|1781382608\n|move|p2a: Tornadus|Grass Knot|p1a: Ursaluna\n|-supereffective|p1a: Ursaluna\n|-damage|p1a: Ursaluna|70/308\n|move|p1a: Ursaluna|Calm Mind|p1a: Ursaluna\n|-boost|p1a: Ursaluna|spa|1\n|-boost|p1a: Ursaluna|spd|1\n|\n|-heal|p1a: Ursaluna|89/308|[from] item: Leftovers\n|upkeep\n|turn|7\n|\n|t:|1781382612\n|-terastallize|p1a: Ursaluna|Poison\n|move|p2a: Tornadus|Grass Knot|p1a: Ursaluna\n|-resisted|p1a: Ursaluna\n|-damage|p1a: Ursaluna|44/308\n|move|p1a: Ursaluna|Moonlight|p1a: Ursaluna\n|-heal|p1a: Ursaluna|198/308\n|\n|-heal|p1a: Ursaluna|217/308|[from] item: Leftovers\n|upkeep\n|turn|8\n|\n|t:|1781382619\n|switch|p2a: Excadrill|Excadrill, L79, M|67/303\n|-ability|p2a: Excadrill|Mold Breaker\n|move|p1a: Ursaluna|Calm Mind|p1a: Ursaluna\n|-boost|p1a: Ursaluna|spa|1\n|-boost|p1a: Ursaluna|spd|1\n|\n|-heal|p1a: Ursaluna|236/308|[from] item: Leftovers\n|upkeep\n|turn|9\n|\n|t:|1781382623\n|move|p2a: Excadrill|Earthquake|p1a: Ursaluna\n|-supereffective|p1a: Ursaluna\n|-damage|p1a: Ursaluna|50/308\n|move|p1a: Ursaluna|Blood Moon|p2a: Excadrill\n|-resisted|p2a: Excadrill\n|-damage|p2a: Excadrill|0 fnt\n|faint|p2a: Excadrill\n|\n|-heal|p1a: Ursaluna|69/308|[from] item: Leftovers\n|upkeep\n|\n|t:|1781382632\n|switch|p2a: Metagross|Metagross, L79|256/256\n|turn|10\n|\n|t:|1781382636\n|move|p2a: Metagross|Psychic Fangs|p1a: Ursaluna\n|-supereffective|p1a: Ursaluna\n|-damage|p1a: Ursaluna|0 fnt\n|faint|p1a: Ursaluna\n|\n|upkeep\n|\n|t:|1781382642\n|switch|p1a: Vigoroth|Vigoroth, L85, F|275/275\n|turn|11\n|\n|t:|1781382645\n|switch|p2a: Persian|Persian-Alola, L86, M|214/252\n|move|p1a: Vigoroth|Bulk Up|p1a: Vigoroth\n|-boost|p1a: Vigoroth|atk|1\n|-boost|p1a: Vigoroth|def|1\n|\n|upkeep\n|turn|12\n|\n|t:|1781382657\n|move|p2a: Persian|Thunder Wave|p1a: Vigoroth\n|-status|p1a: Vigoroth|par\n|move|p1a: Vigoroth|Bulk Up|p1a: Vigoroth\n|-boost|p1a: Vigoroth|atk|1\n|-boost|p1a: Vigoroth|def|1\n|\n|upkeep\n|turn|13\n|\n|t:|1781382685\n|move|p2a: Persian|Foul Play|p1a: Vigoroth\n|-damage|p1a: Vigoroth|208/275 par\n|cant|p1a: Vigoroth|par\n|\n|upkeep\n|turn|14\n|\n|t:|1781382691\n|move|p2a: Persian|Taunt|p1a: Vigoroth\n|-start|p1a: Vigoroth|move: Taunt\n|cant|p1a: Vigoroth|move: Taunt|Bulk Up\n|\n|upkeep\n|turn|15\n|\n|t:|1781382715\n|move|p2a: Persian|Parting Shot|p1a: Vigoroth\n|-unboost|p1a: Vigoroth|atk|1\n|-unboost|p1a: Vigoroth|spa|1\n|\n|t:|1781382717\n|switch|p2a: Drifblim|Drifblim, L86, F|396/396|[from] Parting Shot\n|cant|p1a: Vigoroth|par\n|\n|upkeep\n|turn|16\n|inactive|Ponclex has 120 seconds left.\n|\n|t:|1781382751\n|switch|p1a: Klawf|Klawf, L90, F|272/272\n|move|p2a: Drifblim|Calm Mind|p2a: Drifblim\n|-boost|p2a: Drifblim|spa|1\n|-boost|p2a: Drifblim|spd|1\n|\n|upkeep\n|turn|17\n|inactive|Ponclex has 120 seconds left.\n|\n|t:|1781382761\n|move|p2a: Drifblim|Strength Sap|p1a: Klawf\n|-unboost|p1a: Klawf|atk|1\n|move|p1a: Klawf|Stealth Rock|p2a: Drifblim\n|-sidestart|p2: Ponclex|move: Stealth Rock\n|\n|upkeep\n|turn|18\n|\n|t:|1781382765\n|move|p2a: Drifblim|Calm Mind|p2a: Drifblim\n|-boost|p2a: Drifblim|spa|1\n|-boost|p2a: Drifblim|spd|1\n|move|p1a: Klawf|Stone Edge|p2a: Drifblim\n|-supereffective|p2a: Drifblim\n|-damage|p2a: Drifblim|61/396\n|-enditem|p2a: Drifblim|Sitrus Berry|[eat]\n|-heal|p2a: Drifblim|160/396|[from] item: Sitrus Berry\n|-damage|p1a: Klawf|245/272|[from] item: Life Orb\n|\n|upkeep\n|turn|19\n|inactive|Ponclex has 120 seconds left.\n|\n|t:|1781382786\n|move|p2a: Drifblim|Strength Sap|p1a: Klawf\n|-unboost|p1a: Klawf|atk|1\n|-heal|p2a: Drifblim|314/396\n|move|p1a: Klawf|Stone Edge|p2a: Drifblim\n|-supereffective|p2a: Drifblim\n|-damage|p2a: Drifblim|54/396\n|-damage|p1a: Klawf|218/272|[from] item: Life Orb\n|\n|upkeep\n|turn|20\n|\n|t:|1781382796\n|switch|p1a: Vigoroth|Vigoroth, L85, F|208/275 par\n|move|p2a: Drifblim|Shadow Ball|p1a: Vigoroth\n|-immune|p1a: Vigoroth\n|\n|upkeep\n|turn|21\n|\n|t:|1781382800\n|switch|p1a: Klawf|Klawf, L90, F|272/272\n|move|p2a: Drifblim|Strength Sap|p1a: Klawf\n|-unboost|p1a: Klawf|atk|1\n|-heal|p2a: Drifblim|285/396\n|\n|upkeep\n|turn|22\n|-message|stop_aa forfeited.\n|\n|win|Ponclex\n", "inputlog": ">version a8376a258c1d4662feba110a92103f3664a72141\n>start {\"formatid\":\"gen9randombattle\",\"seed\":\"sodium,9c6e627c1e2c539df7d75078787e4ade\",\"rated\":\"Rated battle\"}\n>player p1 {\"name\":\"stop_aa\",\"avatar\":\"101\",\"rating\":2075,\"seed\":\"sodium,deb97959f73344ec439af8522e119c07\"}\n>player p2 {\"name\":\"Ponclex\",\"avatar\":\"265\",\"rating\":2056,\"seed\":\"sodium,2980bfc4915fa26be269a5d28cade25e\"}\n>p1 switch 5\n>p2 move rapidspin\n>p1 move fireblast\n>p2 move earthquake\n>p1 switch 3\n>p1 move earthquake\n>p2 switch 2\n>p1 switch 4\n>p2 move thunderwave\n>p1 move calmmind\n>p2 move partingshot\n>p2 switch 4\n>p1 move calmmind\n>p2 move grassknot\n>p1 move moonlight terastallize\n>p2 move grassknot\n>p1 move calmmind\n>p2 switch 2\n>p1 move bloodmoon\n>p2 move earthquake\n>p2 switch 6\n>p1 move moonlight\n>p2 move psychicfangs\n>p1 switch 4\n>p1 move bulkup\n>p2 switch 4\n>p1 move bulkup\n>p2 move thunderwave\n>p1 move bulkup\n>p2 move foulplay\n>p1 move bulkup\n>p2 move taunt\n>p1 move bodyslam\n>p2 move partingshot\n>p2 switch 5\n>p1 switch 6\n>p2 move calmmind\n>p1 move stealthrock\n>p2 move strengthsap\n>p1 move stoneedge\n>p2 move calmmind\n>p1 move stoneedge\n>p2 move strengthsap\n>p1 switch 6\n>p2 move shadowball\n>p1 switch 6\n>p2 move strengthsap\n>forcelose p1", "uploadtime": 1781382475, "views": 9, "formatid": "gen9randombattle", "rating": null, "private": 0, "password": null, "player_dets": [{"name": "stop_aa", "avatar": "101", "rating": 2075, "seed": "sodium,deb97959f73344ec439af8522e119c07"}, {"name": "Ponclex", "avatar": "265", "rating": 2056, "seed": "sodium,2980bfc4915fa26be269a5d28cade25e"}], "teams_full": [{"Latias": {"name": "Latias", "species": "Latias", "speciesId": "latias", "gender": "F", "shiny": false, "level": 79, "moves": ["dracometeor", "psyshock", "recover", "calmmind"], "ability": "Levitate", "evs": {"hp": 85, "atk": 0, "def": 85, "spa": 85, "spd": 85, "spe": 85}, "ivs": {"hp": 31, "atk": 0, "def": 31, "spa": 31, "spd": 31, "spe": 31}, "item": "Soul Dew", "teraType": "Steel", "role": "Fast Bulky Setup", "bvs": {"hp": 80, "atk": 80, "def": 90, "spa": 110, "spd": 130, "spe": 110}, "stats": {"hp": 256, "atk": 131, "def": 188, "spa": 219, "spd": 251, "spe": 219}, "types": ["Dragon", "Psychic"]}, "Mew": {"name": "Mew", "species": "Mew", "speciesId": "mew", "gender": "N", "shiny": false, "level": 82, "moves": ["closecombat", "psychicfangs", "swordsdance", "knockoff"], "ability": "Synchronize", "evs": {"hp": 85, "atk": 85, "def": 85, "spa": 85, "spd": 85, "spe": 85}, "ivs": {"hp": 31, "atk": 31, "def": 31, "spa": 31, "spd": 31, "spe": 31}, "item": "Life Orb", "teraType": "Fighting", "role": "Setup Sweeper", "bvs": {"hp": 100, "atk": 100, "def": 100, "spa": 100, "spd": 100, "spe": 100}, "stats": {"hp": 298, "atk": 211, "def": 211, "spa": 211, "spd": 211, "spe": 211}, "types": ["Psychic"]}, "Vigoroth": {"name": "Vigoroth", "species": "Vigoroth", "speciesId": "vigoroth", "gender": "F", "shiny": false, "level": 85, "moves": ["bulkup", "bodyslam", "earthquake", "slackoff"], "ability": "Vital Spirit", "evs": {"hp": 85, "atk": 85, "def": 85, "spa": 85, "spd": 85, "spe": 85}, "ivs": {"hp": 31, "atk": 31, "def": 31, "spa": 31, "spd": 31, "spe": 31}, "item": "Eviolite", "teraType": "Ground", "role": "Bulky Attacker", "bvs": {"hp": 80, "atk": 80, "def": 80, "spa": 55, "spd": 55, "spe": 90}, "stats": {"hp": 275, "atk": 185, "def": 185, "spa": 142, "spd": 142, "spe": 202}, "types": ["Normal"]}, "Ursaluna": {"name": "Ursaluna", "species": "Ursaluna-Bloodmoon", "speciesId": "ursalunabloodmoon", "gender": "M", "shiny": false, "level": 79, "moves": ["moonlight", "bloodmoon", "calmmind", "earthpower"], "ability": "Mind's Eye", "evs": {"hp": 85, "atk": 0, "def": 85, "spa": 85, "spd": 85, "spe": 85}, "ivs": {"hp": 31, "atk": 0, "def": 31, "spa": 31, "spd": 31, "spe": 31}, "item": "Leftovers", "teraType": "Poison", "role": "Bulky Attacker", "bvs": {"hp": 113, "atk": 70, "def": 120, "spa": 135, "spd": 65, "spe": 52}, "stats": {"hp": 308, "atk": 115, "def": 235, "spa": 259, "spd": 148, "spe": 128}, "types": ["Ground", "Normal"]}, "Typhlosion": {"name": "Typhlosion", "species": "Typhlosion-Hisui", "speciesId": "typhlosionhisui", "gender": "F", "shiny": false, "level": 83, "moves": ["calmmind", "fireblast", "substitute", "shadowball"], "ability": "Blaze", "evs": {"hp": 85, "atk": 0, "def": 85, "spa": 85, "spd": 85, "spe": 85}, "ivs": {"hp": 31, "atk": 0, "def": 31, "spa": 31, "spd": 31, "spe": 31}, "item": "Leftovers", "teraType": "Fire", "role": "Fast Bulky Setup", "bvs": {"hp": 73, "atk": 84, "def": 78, "spa": 119, "spd": 85, "spe": 95}, "stats": {"hp": 257, "atk": 144, "def": 177, "spa": 245, "spd": 189, "spe": 205}, "types": ["Fire", "Ghost"]}, "Klawf": {"name": "Klawf", "species": "Klawf", "speciesId": "klawf", "gender": "F", "shiny": false, "level": 90, "moves": ["crabhammer", "highhorsepower", "stealthrock", "stoneedge"], "ability": "Regenerator", "evs": {"hp": 85, "atk": 85, "def": 85, "spa": 85, "spd": 85, "spe": 85}, "ivs": {"hp": 31, "atk": 31, "def": 31, "spa": 31, "spd": 31, "spe": 31}, "item": "Life Orb", "teraType": "Ground", "role": "Fast Attacker", "bvs": {"hp": 70, "atk": 100, "def": 115, "spa": 35, "spd": 55, "spe": 75}, "stats": {"hp": 272, "atk": 231, "def": 258, "spa": 114, "spd": 150, "spe": 186}, "types": ["Rock"]}}, {"Excadrill": {"name": "Excadrill", "species": "Excadrill", "speciesId": "excadrill", "gender": "M", "shiny": false, "level": 79, "moves": ["earthquake", "ironhead", "rockslide", "rapidspin"], "ability": "Mold Breaker", "evs": {"hp": 85, "atk": 85, "def": 85, "spa": 85, "spd": 85, "spe": 85}, "ivs": {"hp": 31, "atk": 31, "def": 31, "spa": 31, "spd": 31, "spe": 31}, "item": "Assault Vest", "teraType": "Water", "role": "AV Pivot", "bvs": {"hp": 110, "atk": 135, "def": 60, "spa": 50, "spd": 65, "spe": 88}, "stats": {"hp": 303, "atk": 259, "def": 140, "spa": 125, "spd": 148, "spe": 185}, "types": ["Ground", "Steel"]}, "Persian": {"name": "Persian", "species": "Persian-Alola", "speciesId": "persianalola", "gender": "M", "shiny": false, "level": 86, "moves": ["taunt", "foulplay", "thunderwave", "partingshot"], "ability": "Fur Coat", "evs": {"hp": 85, "atk": 0, "def": 85, "spa": 85, "spd": 85, "spe": 85}, "ivs": {"hp": 31, "atk": 0, "def": 31, "spa": 31, "spd": 31, "spe": 31}, "item": "Heavy-Duty Boots", "teraType": "Poison", "role": "Fast Support", "bvs": {"hp": 65, "atk": 60, "def": 60, "spa": 75, "spd": 65, "spe": 115}, "stats": {"hp": 252, "atk": 108, "def": 152, "spa": 178, "spd": 161, "spe": 247}, "types": ["Dark"]}, "Zebstrika": {"name": "Zebstrika", "species": "Zebstrika", "speciesId": "zebstrika", "gender": "M", "shiny": false, "level": 87, "moves": ["voltswitch", "highhorsepower", "overheat", "supercellslam"], "ability": "Sap Sipper", "evs": {"hp": 85, "atk": 85, "def": 85, "spa": 85, "spd": 85, "spe": 85}, "ivs": {"hp": 31, "atk": 31, "def": 31, "spa": 31, "spd": 31, "spe": 31}, "item": "Life Orb", "teraType": "Ground", "role": "Fast Attacker", "bvs": {"hp": 75, "atk": 100, "def": 63, "spa": 80, "spd": 63, "spe": 116}, "stats": {"hp": 272, "atk": 224, "def": 159, "spa": 189, "spd": 159, "spe": 252}, "types": ["Electric"]}, "Tornadus": {"name": "Tornadus", "species": "Tornadus", "speciesId": "tornadus", "gender": "M", "shiny": false, "level": 82, "moves": ["grassknot", "bleakwindstorm", "uturn", "heatwave"], "ability": "Defiant", "evs": {"hp": 81, "atk": 85, "def": 85, "spa": 85, "spd": 85, "spe": 85}, "ivs": {"hp": 31, "atk": 31, "def": 31, "spa": 31, "spd": 31, "spe": 31}, "item": "Choice Specs", "teraType": "Fire", "role": "Fast Attacker", "bvs": {"hp": 79, "atk": 115, "def": 70, "spa": 125, "spd": 80, "spe": 111}, "stats": {"hp": 263, "atk": 236, "def": 162, "spa": 252, "spd": 178, "spe": 229}, "types": ["Flying"]}, "Drifblim": {"name": "Drifblim", "species": "Drifblim", "speciesId": "drifblim", "gender": "F", "shiny": false, "level": 86, "moves": ["strengthsap", "airslash", "shadowball", "calmmind"], "ability": "Unburden", "evs": {"hp": 73, "atk": 0, "def": 85, "spa": 85, "spd": 85, "spe": 85}, "ivs": {"hp": 31, "atk": 0, "def": 31, "spa": 31, "spd": 31, "spe": 31}, "item": "Sitrus Berry", "teraType": "Fairy", "role": "Bulky Attacker", "bvs": {"hp": 150, "atk": 80, "def": 44, "spa": 90, "spd": 54, "spe": 80}, "stats": {"hp": 396, "atk": 142, "def": 125, "spa": 204, "spd": 142, "spe": 187}, "types": ["Ghost", "Flying"]}, "Metagross": {"name": "Metagross", "species": "Metagross", "speciesId": "metagross", "gender": "N", "shiny": false, "level": 79, "moves": ["earthquake", "psychicfangs", "heavyslam", "bulletpunch"], "ability": "Clear Body", "evs": {"hp": 85, "atk": 85, "def": 85, "spa": 85, "spd": 85, "spe": 85}, "ivs": {"hp": 31, "atk": 31, "def": 31, "spa": 31, "spd": 31, "spe": 31}, "item": "Choice Band", "teraType": "Water", "role": "Bulky Support", "bvs": {"hp": 80, "atk": 135, "def": 130, "spa": 95, "spd": 90, "spe": 70}, "stats": {"hp": 256, "atk": 259, "def": 251, "spa": 196, "spd": 188, "spe": 156}, "types": ["Steel", "Psychic"]}}]}