{"id": "gen9randombattle-2631985222", "format": "[Gen 9] Random Battle", "players": ["thatdankcharizard", "Abe1254"], "log": "|j|\u2606thatdankcharizard\n|j|\u2606Abe1254\n|t:|1781462851\n|gametype|singles\n|player|p1|thatdankcharizard|266|1987\n|player|p2|Abe1254|cheren-gen5bw2|1969\n|gen|9\n|tier|[Gen 9] Random Battle\n|rated|\n|rule|Species Clause: Limit one of each Pok\u00e9mon\n|rule|HP Percentage Mod: HP is shown in percentages\n|rule|Sleep Clause Mod: Limit one foe put to sleep\n|rule|Illusion Level Mod: Illusion disguises the Pok\u00e9mon's true level\n|\n|t:|1781462851\n|teamsize|p1|6\n|teamsize|p2|6\n|start\n|switch|p1a: Mewtwo|Mewtwo, L72|272/272\n|switch|p2a: Moltres|Moltres, L81|278/278\n|-ability|p1a: Mewtwo|Pressure\n|turn|1\n|inactive|Battle timer is ON: inactive players will automatically lose when time's up. (requested by thatdankcharizard)\n|\n|t:|1781462874\n|switch|p2a: Araquanid|Araquanid, L82, M|246/246\n|move|p1a: Mewtwo|Nasty Plot|p1a: Mewtwo\n|-boost|p1a: Mewtwo|spa|2\n|\n|upkeep\n|turn|2\n|\n|t:|1781462903\n|move|p1a: Mewtwo|Psystrike|p2a: Araquanid\n|-damage|p2a: Araquanid|0 fnt\n|faint|p2a: Araquanid\n|-damage|p1a: Mewtwo|245/272|[from] item: Life Orb\n|\n|upkeep\n|\n|t:|1781462915\n|switch|p2a: Gardevoir|Gardevoir, L83, M|249/249\n|-ability|p2a: Gardevoir|Pressure|Trace|[from] ability: Trace|[of] p1a: Mewtwo\n|-ability|p2a: Gardevoir|Pressure\n|turn|3\n|\n|t:|1781462922\n|move|p2a: Gardevoir|Moonblast|p1a: Mewtwo\n|-damage|p1a: Mewtwo|107/272\n|-unboost|p1a: Mewtwo|spa|1\n|move|p1a: Mewtwo|Dark Pulse|p2a: Gardevoir\n|-damage|p2a: Gardevoir|145/249\n|-damage|p1a: Mewtwo|80/272|[from] item: Life Orb\n|\n|upkeep\n|turn|4\n|\n|t:|1781462935\n|switch|p1a: Rotom|Rotom-Frost, L87|229/229\n|move|p2a: Gardevoir|Moonblast|p1a: Rotom\n|-damage|p1a: Rotom|136/229\n|-unboost|p1a: Rotom|spa|1\n|\n|upkeep\n|turn|5\n|\n|t:|1781462950\n|switch|p2a: Moltres|Moltres, L81|278/278\n|move|p1a: Rotom|Thunderbolt|p2a: Moltres\n|-supereffective|p2a: Moltres\n|-damage|p2a: Moltres|114/278\n|\n|upkeep\n|turn|6\n|\n|t:|1781462963\n|move|p1a: Rotom|Thunderbolt|p2a: Moltres\n|-supereffective|p2a: Moltres\n|-damage|p2a: Moltres|0 fnt\n|faint|p2a: Moltres\n|\n|upkeep\n|\n|t:|1781462969\n|switch|p2a: Shiftry|Shiftry, L89, M|305/305\n|turn|7\n|\n|t:|1781462974\n|move|p1a: Rotom|Will-O-Wisp|p2a: Shiftry\n|-status|p2a: Shiftry|brn\n|move|p2a: Shiftry|Tailwind|p2a: Shiftry\n|-sidestart|p2: Abe1254|move: Tailwind\n|-ability|p2a: Shiftry|Wind Rider|boost\n|-boost|p2a: Shiftry|atk|1\n|\n|-damage|p2a: Shiftry|286/305 brn|[from] brn\n|upkeep\n|turn|8\n|\n|t:|1781462983\n|switch|p1a: Hydrapple|Hydrapple, L83, M|312/312\n|move|p2a: Shiftry|Knock Off|p1a: Hydrapple\n|-damage|p1a: Hydrapple|217/312\n|-enditem|p1a: Hydrapple|Life Orb|[from] move: Knock Off|[of] p2a: Shiftry\n|-damage|p2a: Shiftry|256/305 brn|[from] item: Life Orb\n|\n|-damage|p2a: Shiftry|237/305 brn|[from] brn\n|upkeep\n|turn|9\n|\n|t:|1781462992\n|switch|p2a: Gardevoir|Gardevoir, L83, M|145/249\n|-ability|p2a: Gardevoir|Regenerator|Trace|[from] ability: Trace|[of] p1a: Hydrapple\n|move|p1a: Hydrapple|Fickle Beam|p2a: Gardevoir\n|-immune|p2a: Gardevoir\n|\n|upkeep\n|turn|10\n|\n|t:|1781463004\n|switch|p1a: Mewtwo|Mewtwo, L72|80/272\n|-ability|p1a: Mewtwo|Pressure\n|move|p2a: Gardevoir|Moonblast|p1a: Mewtwo\n|-damage|p1a: Mewtwo|0 fnt\n|faint|p1a: Mewtwo\n|\n|-sideend|p2: Abe1254|move: Tailwind\n|upkeep\n|\n|t:|1781463009\n|switch|p1a: Minior|Minior-Green, L79|224/224\n|-formechange|p1a: Minior|Minior-Meteor||[from] ability: Shields Down\n|turn|11\n|\n|t:|1781463016\n|move|p2a: Gardevoir|Moonblast|p1a: Minior\n|-damage|p1a: Minior|113/224\n|-unboost|p1a: Minior|spa|1\n|-enditem|p1a: Minior|White Herb\n|-clearnegativeboost|p1a: Minior|[silent]\n|move|p1a: Minior|Shell Smash|p1a: Minior\n|-unboost|p1a: Minior|def|1\n|-unboost|p1a: Minior|spd|1\n|-boost|p1a: Minior|atk|2\n|-boost|p1a: Minior|spa|2\n|-boost|p1a: Minior|spe|2\n|\n|upkeep\n|turn|12\n|\n|t:|1781463022\n|move|p1a: Minior|Acrobatics|p2a: Gardevoir\n|-damage|p2a: Gardevoir|0 fnt\n|faint|p2a: Gardevoir\n|\n|upkeep\n|\n|t:|1781463032\n|switch|p2a: Feraligatr|Feraligatr, L79, M|264/264\n|turn|13\n|\n|t:|1781463039\n|move|p1a: Minior|Acrobatics|p2a: Feraligatr\n|-damage|p2a: Feraligatr|123/264\n|move|p2a: Feraligatr|Liquidation|p1a: Minior\n|-supereffective|p1a: Minior\n|-damage|p1a: Minior|0 fnt\n|faint|p1a: Minior\n|\n|upkeep\n|\n|t:|1781463045\n|switch|p1a: Gyarados|Gyarados, L79, M|280/280\n|-ability|p1a: Gyarados|Intimidate|boost\n|-unboost|p2a: Feraligatr|atk|1\n|turn|14\n|\n|t:|1781463059\n|switch|p2a: Shiftry|Shiftry, L89, M|237/305 brn\n|move|p1a: Gyarados|Dragon Dance|p1a: Gyarados\n|-boost|p1a: Gyarados|atk|1\n|-boost|p1a: Gyarados|spe|1\n|\n|-damage|p2a: Shiftry|218/305 brn|[from] brn\n|upkeep\n|turn|15\n|\n|t:|1781463064\n|-terastallize|p1a: Gyarados|Flying\n|move|p1a: Gyarados|Tera Blast|p2a: Shiftry|[anim] Tera Blast Flying\n|-supereffective|p2a: Shiftry\n|-damage|p2a: Shiftry|0 fnt\n|faint|p2a: Shiftry\n|\n|upkeep\n|\n|t:|1781463071\n|switch|p2a: Decidueye|Decidueye-Hisui, L87, F|295/295\n|turn|16\n|\n|t:|1781463094\n|-terastallize|p2a: Decidueye|Steel\n|move|p1a: Gyarados|Tera Blast|p2a: Decidueye|[anim] Tera Blast Flying\n|-resisted|p2a: Decidueye\n|-damage|p2a: Decidueye|200/295\n|move|p2a: Decidueye|Triple Arrows|p1a: Gyarados\n|-resisted|p1a: Gyarados\n|-crit|p1a: Gyarados\n|-damage|p1a: Gyarados|188/280\n|-unboost|p1a: Gyarados|def|1\n|\n|-heal|p2a: Decidueye|218/295|[from] item: Leftovers\n|upkeep\n|turn|17\n|\n|t:|1781463103\n|move|p1a: Gyarados|Earthquake|p2a: Decidueye\n|-supereffective|p2a: Decidueye\n|-damage|p2a: Decidueye|0 fnt\n|faint|p2a: Decidueye\n|\n|upkeep\n|\n|t:|1781463105\n|switch|p2a: Feraligatr|Feraligatr, L79, M|123/264\n|turn|18\n|\n|t:|1781463107\n|move|p1a: Gyarados|Tera Blast|p2a: Feraligatr|[anim] Tera Blast Flying\n|-damage|p2a: Feraligatr|0 fnt\n|faint|p2a: Feraligatr\n|\n|win|thatdankcharizard\n|raw|thatdankcharizard's rating: 1987 &rarr; <strong>2006</strong><br />(+19 for winning)\n|raw|Abe1254's rating: 1969 &rarr; <strong>1950</strong><br />(-19 for losing)\n", "inputlog": ">version a8376a258c1d4662feba110a92103f3664a72141\n>start {\"formatid\":\"gen9randombattle\",\"seed\":\"sodium,0f0b6863f086d26b3c90a2425228d804\",\"rated\":\"Rated battle\"}\n>player p1 {\"name\":\"thatdankcharizard\",\"avatar\":\"266\",\"rating\":1987,\"seed\":\"sodium,c23a10ae2f222db21cd24a9e22408b6c\"}\n>player p2 {\"name\":\"Abe1254\",\"avatar\":\"cheren-gen5bw2\",\"rating\":1969,\"seed\":\"sodium,0d62ca1e1152fa462073e3f68b8f9ac3\"}\n>p1 move nastyplot\n>p2 switch 3\n>p1 move psystrike\n>p2 move mirrorcoat\n>p2 switch 4\n>p1 move darkpulse\n>p2 move moonblast\n>p1 switch 5\n>p2 move moonblast\n>p1 move thunderbolt\n>p2 switch 3\n>p1 move thunderbolt\n>p2 move fireblast\n>p2 switch 5\n>p1 move willowisp\n>p2 move tailwind\n>p1 switch 4\n>p2 move knockoff\n>p1 move ficklebeam\n>p2 switch 3\n>p1 switch 5\n>p2 move moonblast\n>p1 switch 3\n>p1 move shellsmash\n>p2 move moonblast\n>p1 move acrobatics\n>p2 move moonblast\n>p2 switch 6\n>p1 move acrobatics\n>p2 move liquidation\n>p1 switch 2\n>p1 move dragondance\n>p2 switch 3\n>p1 move terablast terastallize\n>p2 move tailwind\n>p2 switch 2\n>p1 move terablast\n>p2 move triplearrows terastallize\n>p1 move earthquake\n>p2 move triplearrows\n>p2 switch 3\n>p1 move terablast\n>p2 move dragondance", "uploadtime": 1781462853, "views": 8, "formatid": "gen9randombattle", "rating": 1950, "private": 0, "password": null, "player_dets": [{"name": "thatdankcharizard", "avatar": "266", "rating": 1987, "seed": "sodium,c23a10ae2f222db21cd24a9e22408b6c"}, {"name": "Abe1254", "avatar": "cheren-gen5bw2", "rating": 1969, "seed": "sodium,0d62ca1e1152fa462073e3f68b8f9ac3"}], "teams_full": [{"Mewtwo": {"name": "Mewtwo", "species": "Mewtwo", "speciesId": "mewtwo", "gender": "N", "shiny": false, "level": 72, "moves": ["recover", "psystrike", "nastyplot", "darkpulse"], "ability": "Pressure", "evs": {"hp": 85, "atk": 0, "def": 85, "spa": 85, "spd": 85, "spe": 85}, "ivs": {"hp": 31, "atk": 0, "def": 31, "spa": 31, "spd": 31, "spe": 31}, "item": "Life Orb", "teraType": "Dark", "role": "Setup Sweeper", "bvs": {"hp": 106, "atk": 110, "def": 90, "spa": 154, "spd": 90, "spe": 130}, "stats": {"hp": 272, "atk": 163, "def": 172, "spa": 264, "spd": 172, "spe": 229}, "types": ["Psychic"]}, "Gyarados": {"name": "Gyarados", "species": "Gyarados", "speciesId": "gyarados", "gender": "M", "shiny": false, "level": 79, "moves": ["waterfall", "terablast", "earthquake", "dragondance"], "ability": "Intimidate", "evs": {"hp": 85, "atk": 85, "def": 85, "spa": 85, "spd": 85, "spe": 85}, "ivs": {"hp": 31, "atk": 31, "def": 31, "spa": 31, "spd": 31, "spe": 31}, "item": "Heavy-Duty Boots", "teraType": "Flying", "role": "Tera Blast user", "bvs": {"hp": 95, "atk": 125, "def": 79, "spa": 60, "spd": 100, "spe": 81}, "stats": {"hp": 280, "atk": 243, "def": 170, "spa": 140, "spd": 204, "spe": 174}, "types": ["Water", "Flying"]}, "Minior": {"name": "Minior", "species": "Minior-Green", "speciesId": "minior", "gender": "N", "shiny": false, "level": 79, "moves": ["earthquake", "powergem", "shellsmash", "acrobatics"], "ability": "Shields Down", "evs": {"hp": 85, "atk": 85, "def": 85, "spa": 85, "spd": 85, "spe": 85}, "ivs": {"hp": 31, "atk": 31, "def": 31, "spa": 31, "spd": 31, "spe": 31}, "item": "White Herb", "teraType": "Ground", "role": "Setup Sweeper", "bvs": {"hp": 60, "atk": 100, "def": 60, "spa": 100, "spd": 60, "spe": 120}, "stats": {"hp": 224, "atk": 204, "def": 140, "spa": 204, "spd": 140, "spe": 235}, "types": ["Rock", "Flying"]}, "Hydrapple": {"name": "Hydrapple", "species": "Hydrapple", "speciesId": "hydrapple", "gender": "M", "shiny": false, "level": 83, "moves": ["gigadrain", "earthpower", "ficklebeam", "nastyplot"], "ability": "Regenerator", "evs": {"hp": 85, "atk": 0, "def": 85, "spa": 85, "spd": 85, "spe": 85}, "ivs": {"hp": 31, "atk": 0, "def": 31, "spa": 31, "spd": 31, "spe": 31}, "item": "Life Orb", "teraType": "Steel", "role": "Fast Bulky Setup", "bvs": {"hp": 106, "atk": 80, "def": 110, "spa": 120, "spd": 80, "spe": 44}, "stats": {"hp": 312, "atk": 137, "def": 230, "spa": 247, "spd": 180, "spe": 121}, "types": ["Grass", "Dragon"]}, "Rotom": {"name": "Rotom", "species": "Rotom-Frost", "speciesId": "rotomfrost", "gender": "N", "shiny": false, "level": 87, "moves": ["willowisp", "thunderbolt", "blizzard", "nastyplot"], "ability": "Levitate", "evs": {"hp": 85, "atk": 0, "def": 85, "spa": 85, "spd": 85, "spe": 85}, "ivs": {"hp": 31, "atk": 0, "def": 31, "spa": 31, "spd": 31, "spe": 31}, "item": "Heavy-Duty Boots", "teraType": "Electric", "role": "Fast Attacker", "bvs": {"hp": 50, "atk": 65, "def": 107, "spa": 105, "spd": 107, "spe": 86}, "stats": {"hp": 229, "atk": 118, "def": 236, "spa": 232, "spd": 236, "spe": 199}, "types": ["Electric", "Ice"]}, "Gallade": {"name": "Gallade", "species": "Gallade", "speciesId": "gallade", "gender": "M", "shiny": false, "level": 80, "moves": ["nightslash", "sacredsword", "psychocut", "agility"], "ability": "Sharpness", "evs": {"hp": 85, "atk": 85, "def": 85, "spa": 85, "spd": 85, "spe": 85}, "ivs": {"hp": 31, "atk": 31, "def": 31, "spa": 31, "spd": 31, "spe": 31}, "item": "Life Orb", "teraType": "Fighting", "role": "Setup Sweeper", "bvs": {"hp": 68, "atk": 125, "def": 65, "spa": 65, "spd": 115, "spe": 80}, "stats": {"hp": 240, "atk": 246, "def": 150, "spa": 150, "spd": 230, "spe": 174}, "types": ["Psychic", "Fighting"]}}, {"Moltres": {"name": "Moltres", "species": "Moltres", "speciesId": "moltres", "gender": "N", "shiny": false, "level": 81, "moves": ["fireblast", "bravebird", "roost", "willowisp"], "ability": "Flame Body", "evs": {"hp": 85, "atk": 85, "def": 85, "spa": 85, "spd": 85, "spe": 85}, "ivs": {"hp": 31, "atk": 31, "def": 31, "spa": 31, "spd": 31, "spe": 31}, "item": "Heavy-Duty Boots", "teraType": "Dragon", "role": "Bulky Attacker", "bvs": {"hp": 90, "atk": 100, "def": 90, "spa": 125, "spd": 85, "spe": 90}, "stats": {"hp": 278, "atk": 209, "def": 192, "spa": 249, "spd": 184, "spe": 192}, "types": ["Fire", "Flying"]}, "Decidueye": {"name": "Decidueye", "species": "Decidueye-Hisui", "speciesId": "decidueyehisui", "gender": "F", "shiny": false, "level": 87, "moves": ["defog", "leafblade", "roost", "triplearrows"], "ability": "Scrappy", "evs": {"hp": 85, "atk": 85, "def": 85, "spa": 85, "spd": 85, "spe": 85}, "ivs": {"hp": 31, "atk": 31, "def": 31, "spa": 31, "spd": 31, "spe": 31}, "item": "Leftovers", "teraType": "Steel", "role": "Bulky Attacker", "bvs": {"hp": 88, "atk": 112, "def": 80, "spa": 95, "spd": 95, "spe": 60}, "stats": {"hp": 295, "atk": 245, "def": 189, "spa": 215, "spd": 215, "spe": 154}, "types": ["Grass", "Fighting"]}, "Araquanid": {"name": "Araquanid", "species": "Araquanid", "speciesId": "araquanid", "gender": "M", "shiny": false, "level": 82, "moves": ["mirrorcoat", "leechlife", "liquidation", "stickyweb"], "ability": "Water Bubble", "evs": {"hp": 85, "atk": 85, "def": 85, "spa": 85, "spd": 85, "spe": 85}, "ivs": {"hp": 31, "atk": 31, "def": 31, "spa": 31, "spd": 31, "spe": 31}, "item": "Heavy-Duty Boots", "teraType": "Water", "role": "Bulky Attacker", "bvs": {"hp": 68, "atk": 70, "def": 92, "spa": 50, "spd": 132, "spe": 42}, "stats": {"hp": 246, "atk": 162, "def": 198, "spa": 129, "spd": 264, "spe": 116}, "types": ["Water", "Bug"]}, "Gardevoir": {"name": "Gardevoir", "species": "Gardevoir", "speciesId": "gardevoir", "gender": "M", "shiny": false, "level": 83, "moves": ["moonblast", "psychic", "focusblast", "trick"], "ability": "Trace", "evs": {"hp": 85, "atk": 0, "def": 85, "spa": 85, "spd": 85, "spe": 85}, "ivs": {"hp": 31, "atk": 0, "def": 31, "spa": 31, "spd": 31, "spe": 31}, "item": "Choice Scarf", "teraType": "Fairy", "role": "Fast Attacker", "bvs": {"hp": 68, "atk": 65, "def": 65, "spa": 125, "spd": 115, "spe": 80}, "stats": {"hp": 249, "atk": 112, "def": 156, "spa": 255, "spd": 239, "spe": 180}, "types": ["Psychic", "Fairy"]}, "Shiftry": {"name": "Shiftry", "species": "Shiftry", "speciesId": "shiftry", "gender": "M", "shiny": false, "level": 89, "moves": ["tailwind", "leafblade", "knockoff", "lowkick"], "ability": "Wind Rider", "evs": {"hp": 85, "atk": 85, "def": 85, "spa": 85, "spd": 85, "spe": 85}, "ivs": {"hp": 31, "atk": 31, "def": 31, "spa": 31, "spd": 31, "spe": 31}, "item": "Life Orb", "teraType": "Dark", "role": "Setup Sweeper", "bvs": {"hp": 90, "atk": 100, "def": 60, "spa": 90, "spd": 60, "spe": 80}, "stats": {"hp": 305, "atk": 229, "def": 158, "spa": 211, "spd": 158, "spe": 193}, "types": ["Grass", "Dark"]}, "Feraligatr": {"name": "Feraligatr", "species": "Feraligatr", "speciesId": "feraligatr", "gender": "M", "shiny": false, "level": 79, "moves": ["liquidation", "icepunch", "dragondance", "crunch"], "ability": "Sheer Force", "evs": {"hp": 85, "atk": 85, "def": 85, "spa": 85, "spd": 85, "spe": 85}, "ivs": {"hp": 31, "atk": 31, "def": 31, "spa": 31, "spd": 31, "spe": 31}, "item": "Life Orb", "teraType": "Water", "role": "Fast Bulky Setup", "bvs": {"hp": 85, "atk": 105, "def": 100, "spa": 79, "spd": 83, "spe": 78}, "stats": {"hp": 264, "atk": 211, "def": 204, "spa": 170, "spd": 177, "spe": 169}, "types": ["Water"]}}]}