{"id": "gen9randombattle-2631863976", "format": "[Gen 9] Random Battle", "players": ["DXL2004", "pagenfranskane"], "log": "|j|\u2606DXL2004\n|j|\u2606pagenfranskane\n|t:|1781449573\n|gametype|singles\n|player|p1|DXL2004|169|1958\n|player|p2|pagenfranskane|battlegirl|2022\n|gen|9\n|tier|[Gen 9] Random Battle\n|rated|\n|rule|Species Clause: Limit one of each Pok\u00e9mon\n|rule|HP Percentage Mod: HP is shown in percentages\n|rule|Sleep Clause Mod: Limit one foe put to sleep\n|rule|Illusion Level Mod: Illusion disguises the Pok\u00e9mon's true level\n|\n|t:|1781449573\n|teamsize|p1|6\n|teamsize|p2|6\n|start\n|switch|p1a: Toxapex|Toxapex, L82, M|216/216\n|switch|p2a: Zapdos|Zapdos-Galar, L77|265/265\n|turn|1\n|inactive|Battle timer is ON: inactive players will automatically lose when time's up. (requested by DXL2004)\n|\n|t:|1781449609\n|move|p2a: Zapdos|Knock Off|p1a: Toxapex\n|-damage|p1a: Toxapex|167/216\n|-damage|p2a: Zapdos|221/265|[from] item: Rocky Helmet|[of] p1a: Toxapex\n|-enditem|p1a: Toxapex|Rocky Helmet|[from] move: Knock Off|[of] p2a: Zapdos\n|move|p1a: Toxapex|Toxic|p2a: Zapdos\n|-status|p2a: Zapdos|tox\n|\n|-damage|p2a: Zapdos|205/265 tox|[from] psn\n|upkeep\n|turn|2\n|\n|t:|1781449616\n|switch|p2a: Gliscor|Gliscor, L76, M|239/239\n|move|p1a: Toxapex|Liquidation|p2a: Gliscor\n|-supereffective|p2a: Gliscor\n|-damage|p2a: Gliscor|137/239\n|\n|-status|p2a: Gliscor|tox|[from] item: Toxic Orb\n|upkeep\n|turn|3\n|\n|t:|1781449630\n|switch|p1a: Bronzong|Bronzong, L88|261/261\n|move|p2a: Gliscor|Earthquake|p1a: Bronzong\n|-immune|p1a: Bronzong|[from] ability: Levitate\n|\n|-heal|p2a: Gliscor|166/239 tox|[from] ability: Poison Heal\n|upkeep\n|turn|4\n|\n|t:|1781449633\n|switch|p2a: Banette|Banette, L93, M|270/270\n|move|p1a: Bronzong|Stealth Rock|p2a: Banette\n|-sidestart|p2: pagenfranskane|move: Stealth Rock\n|\n|upkeep\n|turn|5\n|\n|t:|1781449640\n|switch|p1a: Ambipom|Ambipom, L84, F|263/263\n|move|p2a: Banette|Thunder Wave|p1a: Ambipom\n|-status|p1a: Ambipom|par\n|\n|upkeep\n|turn|6\n|\n|t:|1781449650\n|switch|p2a: Zapdos|Zapdos-Galar, L77|205/265 tox\n|-damage|p2a: Zapdos|172/265 tox|[from] Stealth Rock\n|move|p1a: Ambipom|Knock Off|p2a: Zapdos\n|-resisted|p2a: Zapdos\n|-damage|p2a: Zapdos|114/265 tox\n|-enditem|p2a: Zapdos|Choice Scarf|[from] move: Knock Off|[of] p1a: Ambipom\n|\n|-damage|p2a: Zapdos|98/265 tox|[from] psn\n|upkeep\n|turn|7\n|\n|t:|1781449656\n|switch|p1a: Toxapex|Toxapex, L82, M|216/216\n|move|p2a: Zapdos|U-turn|p1a: Toxapex\n|-resisted|p1a: Toxapex\n|-damage|p1a: Toxapex|201/216\n|\n|t:|1781449659\n|switch|p2a: Gliscor|Gliscor, L76, M|166/239 tox|[from] U-turn\n|-damage|p2a: Gliscor|137/239 tox|[from] Stealth Rock\n|\n|-heal|p2a: Gliscor|166/239 tox|[from] ability: Poison Heal\n|upkeep\n|turn|8\n|\n|t:|1781449665\n|switch|p1a: Bronzong|Bronzong, L88|261/261\n|move|p2a: Gliscor|Earthquake|p1a: Bronzong\n|-immune|p1a: Bronzong|[from] ability: Levitate\n|\n|-heal|p2a: Gliscor|195/239 tox|[from] ability: Poison Heal\n|upkeep\n|turn|9\n|\n|t:|1781449668\n|switch|p2a: Banette|Banette, L93, M|270/270\n|-damage|p2a: Banette|237/270|[from] Stealth Rock\n|move|p1a: Bronzong|Psychic|p2a: Banette\n|-damage|p2a: Banette|137/270\n|\n|upkeep\n|turn|10\n|\n|t:|1781449673\n|switch|p1a: Ambipom|Ambipom, L84, F|263/263 par\n|move|p2a: Banette|Gunk Shot|p1a: Ambipom\n|-damage|p1a: Ambipom|56/263 par\n|-damage|p2a: Banette|110/270|[from] item: Life Orb\n|\n|upkeep\n|turn|11\n|\n|t:|1781449676\n|move|p2a: Banette|Gunk Shot|p1a: Ambipom\n|-damage|p1a: Ambipom|0 fnt\n|faint|p1a: Ambipom\n|-damage|p2a: Banette|83/270|[from] item: Life Orb\n|\n|upkeep\n|\n|t:|1781449695\n|switch|p1a: Noctowl|Noctowl, L95, M|344/344\n|turn|12\n|\n|t:|1781449702\n|move|p1a: Noctowl|Hurricane|p2a: Banette\n|-damage|p2a: Banette|0 fnt\n|faint|p2a: Banette\n|\n|upkeep\n|\n|t:|1781449705\n|switch|p2a: Zapdos|Zapdos-Galar, L77|98/265 tox\n|-damage|p2a: Zapdos|65/265 tox|[from] Stealth Rock\n|turn|13\n|\n|t:|1781449709\n|switch|p1a: Toxapex|Toxapex, L82, M|216/216\n|move|p2a: Zapdos|Close Combat|p1a: Toxapex\n|-resisted|p1a: Toxapex\n|-damage|p1a: Toxapex|171/216\n|-unboost|p2a: Zapdos|def|1\n|-unboost|p2a: Zapdos|spd|1\n|\n|-damage|p2a: Zapdos|49/265 tox|[from] psn\n|upkeep\n|turn|14\n|\n|t:|1781449713\n|move|p2a: Zapdos|U-turn|p1a: Toxapex\n|-resisted|p1a: Toxapex\n|-damage|p1a: Toxapex|153/216\n|\n|t:|1781449721\n|switch|p2a: Gliscor|Gliscor, L76, M|195/239 tox|[from] U-turn\n|-damage|p2a: Gliscor|166/239 tox|[from] Stealth Rock\n|move|p1a: Toxapex|Liquidation|p2a: Gliscor\n|-supereffective|p2a: Gliscor\n|-damage|p2a: Gliscor|56/239 tox\n|\n|-heal|p2a: Gliscor|85/239 tox|[from] ability: Poison Heal\n|upkeep\n|turn|15\n|\n|t:|1781449736\n|switch|p2a: Zapdos|Zapdos-Galar, L77|49/265 tox\n|-damage|p2a: Zapdos|16/265 tox|[from] Stealth Rock\n|switch|p1a: Bronzong|Bronzong, L88|261/261\n|\n|-damage|p2a: Zapdos|0 fnt|[from] psn\n|faint|p2a: Zapdos\n|upkeep\n|\n|t:|1781449740\n|switch|p2a: Gengar|Gengar, L81, M|230/230\n|-damage|p2a: Gengar|202/230|[from] Stealth Rock\n|turn|16\n|\n|t:|1781449750\n|switch|p1a: Noctowl|Noctowl, L95, M|344/344\n|move|p2a: Gengar|Sludge Wave|p1a: Noctowl\n|-damage|p1a: Noctowl|214/344\n|-damage|p2a: Gengar|179/230|[from] item: Life Orb\n|\n|upkeep\n|turn|17\n|\n|t:|1781449753\n|move|p2a: Gengar|Sludge Wave|p1a: Noctowl\n|-damage|p1a: Noctowl|76/344\n|-damage|p2a: Gengar|156/230|[from] item: Life Orb\n|move|p1a: Noctowl|Hurricane|p2a: Gengar\n|-damage|p2a: Gengar|9/230\n|-start|p1a: Noctowl|Disable|Hurricane|[from] ability: Cursed Body|[of] p2a: Gengar\n|\n|upkeep\n|turn|18\n|\n|t:|1781449762\n|switch|p1a: Toxapex|Toxapex, L82, M|216/216\n|move|p2a: Gengar|Sludge Wave|p1a: Toxapex\n|-resisted|p1a: Toxapex\n|-damage|p1a: Toxapex|163/216\n|-damage|p2a: Gengar|0 fnt|[from] item: Life Orb\n|faint|p2a: Gengar\n|\n|upkeep\n|\n|t:|1781449766\n|switch|p2a: Regice|Regice, L88|284/284\n|turn|19\n|\n|t:|1781449770\n|move|p2a: Regice|Thunder Wave|p1a: Toxapex|[miss]\n|-miss|p2a: Regice|p1a: Toxapex\n|move|p1a: Toxapex|Toxic|p2a: Regice\n|-status|p2a: Regice|tox\n|\n|-damage|p2a: Regice|267/284 tox|[from] psn\n|upkeep\n|turn|20\n|\n|t:|1781449780\n|move|p2a: Regice|Thunder Wave|p1a: Toxapex\n|-status|p1a: Toxapex|par\n|move|p1a: Toxapex|Liquidation|p2a: Regice\n|-damage|p2a: Regice|210/284 tox\n|\n|-damage|p2a: Regice|176/284 tox|[from] psn\n|upkeep\n|turn|21\n|\n|t:|1781449796\n|move|p2a: Regice|Thunderbolt|p1a: Toxapex\n|-supereffective|p1a: Toxapex\n|-damage|p1a: Toxapex|57/216 par\n|move|p1a: Toxapex|Liquidation|p2a: Regice\n|-damage|p2a: Regice|125/284 tox\n|\n|-damage|p2a: Regice|74/284 tox|[from] psn\n|upkeep\n|turn|22\n|\n|t:|1781449816\n|switch|p1a: Zekrom|Zekrom, L71|259/259\n|-ability|p1a: Zekrom|Teravolt\n|move|p2a: Regice|Thunderbolt|p1a: Zekrom\n|-resisted|p1a: Zekrom\n|-damage|p1a: Zekrom|239/259\n|\n|-heal|p1a: Zekrom|255/259|[from] item: Leftovers\n|-damage|p2a: Regice|6/284 tox|[from] psn\n|upkeep\n|turn|23\n|\n|t:|1781449821\n|move|p1a: Zekrom|Substitute|p1a: Zekrom\n|-start|p1a: Zekrom|Substitute\n|-damage|p1a: Zekrom|191/259\n|move|p2a: Regice|Ice Beam|p1a: Zekrom\n|-supereffective|p1a: Zekrom\n|-crit|p1a: Zekrom\n|-end|p1a: Zekrom|Substitute\n|\n|-heal|p1a: Zekrom|207/259|[from] item: Leftovers\n|-damage|p2a: Regice|0 fnt|[from] psn\n|faint|p2a: Regice\n|upkeep\n|\n|t:|1781449823\n|switch|p2a: Gliscor|Gliscor, L76, M|85/239 tox\n|-damage|p2a: Gliscor|56/239 tox|[from] Stealth Rock\n|turn|24\n|\n|t:|1781449831\n|switch|p1a: Bronzong|Bronzong, L88|261/261\n|move|p2a: Gliscor|Earthquake|p1a: Bronzong\n|-immune|p1a: Bronzong|[from] ability: Levitate\n|\n|-heal|p2a: Gliscor|85/239 tox|[from] ability: Poison Heal\n|upkeep\n|turn|25\n|\n|t:|1781449839\n|switch|p2a: Probopass|Probopass, L91, M|257/257\n|-damage|p2a: Probopass|241/257|[from] Stealth Rock\n|move|p1a: Bronzong|Psychic|p2a: Probopass\n|-resisted|p2a: Probopass\n|-damage|p2a: Probopass|216/257\n|\n|upkeep\n|turn|26\n|\n|t:|1781449846\n|move|p2a: Probopass|Iron Defense|p2a: Probopass\n|-boost|p2a: Probopass|def|2\n|move|p1a: Bronzong|Earthquake|p2a: Probopass\n|-supereffective|p2a: Probopass\n|-damage|p2a: Probopass|120/257\n|\n|upkeep\n|turn|27\n|\n|t:|1781449851\n|move|p2a: Probopass|Iron Defense|p2a: Probopass\n|-boost|p2a: Probopass|def|2\n|move|p1a: Bronzong|Earthquake|p2a: Probopass\n|-supereffective|p2a: Probopass\n|-damage|p2a: Probopass|56/257\n|\n|upkeep\n|turn|28\n|\n|t:|1781449855\n|move|p2a: Probopass|Rest|p2a: Probopass\n|-status|p2a: Probopass|slp|[from] move: Rest\n|-heal|p2a: Probopass|257/257 slp|[silent]\n|-enditem|p2a: Probopass|Chesto Berry|[eat]\n|-curestatus|p2a: Probopass|slp|[msg]\n|move|p1a: Bronzong|Earthquake|p2a: Probopass\n|-supereffective|p2a: Probopass\n|-damage|p2a: Probopass|189/257\n|\n|upkeep\n|turn|29\n|\n|t:|1781449860\n|move|p2a: Probopass|Iron Defense|p2a: Probopass\n|-boost|p2a: Probopass|def|2\n|move|p1a: Bronzong|Earthquake|p2a: Probopass\n|-supereffective|p2a: Probopass\n|-damage|p2a: Probopass|141/257\n|\n|upkeep\n|turn|30\n|\n|t:|1781449872\n|move|p2a: Probopass|Body Press|p1a: Bronzong\n|-crit|p1a: Bronzong\n|-damage|p1a: Bronzong|0 fnt\n|faint|p1a: Bronzong\n|\n|upkeep\n|\n|t:|1781449879\n|switch|p1a: Noctowl|Noctowl, L95, M|76/344\n|turn|31\n|\n|t:|1781449887\n|move|p1a: Noctowl|Hyper Voice|p2a: Probopass\n|-resisted|p2a: Probopass\n|-damage|p2a: Probopass|107/257\n|move|p2a: Probopass|Body Press|p1a: Noctowl\n|-damage|p1a: Noctowl|0 fnt\n|faint|p1a: Noctowl\n|\n|upkeep\n|\n|t:|1781449893\n|switch|p1a: Toxapex|Toxapex, L82, M|129/216 par\n|turn|32\n|\n|t:|1781449899\n|move|p2a: Probopass|Rest|p2a: Probopass\n|-status|p2a: Probopass|slp|[from] move: Rest\n|-heal|p2a: Probopass|257/257 slp|[silent]\n|move|p1a: Toxapex|Liquidation|p2a: Probopass\n|-supereffective|p2a: Probopass\n|-damage|p2a: Probopass|237/257 slp\n|\n|upkeep\n|turn|33\n|\n|t:|1781449902\n|switch|p1a: Crawdaunt|Crawdaunt, L84, M|243/243\n|cant|p2a: Probopass|slp\n|\n|upkeep\n|turn|34\n|\n|t:|1781449906\n|move|p1a: Crawdaunt|Dragon Dance|p1a: Crawdaunt\n|-boost|p1a: Crawdaunt|atk|1\n|-boost|p1a: Crawdaunt|spe|1\n|cant|p2a: Probopass|slp\n|\n|upkeep\n|turn|35\n|\n|t:|1781449913\n|-terastallize|p1a: Crawdaunt|Water\n|-terastallize|p2a: Probopass|Fighting\n|move|p1a: Crawdaunt|Crabhammer|p2a: Probopass\n|-damage|p2a: Probopass|185/257 slp\n|-damage|p1a: Crawdaunt|219/243|[from] item: Life Orb\n|-curestatus|p2a: Probopass|slp|[msg]\n|move|p2a: Probopass|Body Press|p1a: Crawdaunt\n|-damage|p1a: Crawdaunt|0 fnt\n|faint|p1a: Crawdaunt\n|\n|upkeep\n|\n|t:|1781449925\n|switch|p1a: Toxapex|Toxapex, L82, M|201/216 par\n|turn|36\n|\n|t:|1781449931\n|move|p2a: Probopass|Body Press|p1a: Toxapex\n|-resisted|p1a: Toxapex\n|-damage|p1a: Toxapex|10/216 par\n|move|p1a: Toxapex|Haze|p1a: Toxapex\n|-clearallboost\n|\n|upkeep\n|turn|37\n|\n|t:|1781449940\n|move|p2a: Probopass|Iron Defense|p2a: Probopass\n|-boost|p2a: Probopass|def|2\n|cant|p1a: Toxapex|par\n|\n|upkeep\n|turn|38\n|\n|t:|1781449943\n|move|p2a: Probopass|Body Press|p1a: Toxapex\n|-resisted|p1a: Toxapex\n|-damage|p1a: Toxapex|0 fnt\n|faint|p1a: Toxapex\n|\n|upkeep\n|\n|t:|1781449944\n|switch|p1a: Zekrom|Zekrom, L71|207/259\n|-ability|p1a: Zekrom|Teravolt\n|turn|39\n|\n|t:|1781449953\n|move|p1a: Zekrom|Outrage|p2a: Probopass\n|-damage|p2a: Probopass|146/257\n|move|p2a: Probopass|Body Press|p1a: Zekrom\n|-damage|p1a: Zekrom|0 fnt\n|faint|p1a: Zekrom\n|\n|win|pagenfranskane\n", "inputlog": ">version a8376a258c1d4662feba110a92103f3664a72141\n>start {\"formatid\":\"gen9randombattle\",\"seed\":\"sodium,c9a6afeea72ae0cde5585f2c8bb3ed72\",\"rated\":\"Rated battle\"}\n>player p1 {\"name\":\"DXL2004\",\"avatar\":\"169\",\"rating\":1958,\"seed\":\"sodium,b2728fc7aabda65dd3768ea42bf9a65c\"}\n>player p2 {\"name\":\"pagenfranskane\",\"avatar\":\"battlegirl\",\"rating\":2022,\"seed\":\"sodium,5d71b070267c212963a184a76f85e2da\"}\n>p1 move toxic\n>p2 move knockoff\n>p1 move liquidation\n>p2 switch 5\n>p1 switch 3\n>p2 move earthquake\n>p1 move stealthrock\n>p2 switch 3\n>p1 switch 4\n>p2 move thunderwave\n>p1 move knockoff\n>p2 switch 5\n>p1 switch 3\n>p2 move uturn\n>p2 switch 3\n>p1 switch 4\n>p2 move earthquake\n>p1 move psychic\n>p2 switch 5\n>p1 switch 3\n>p2 move gunkshot\n>p1 move knockoff\n>p2 move gunkshot\n>p1 switch 5\n>p1 move hurricane\n>p2 move thunderwave\n>p2 switch 3\n>p1 switch 4\n>p2 move closecombat\n>p1 move liquidation\n>p2 move uturn\n>p2 switch 5\n>p1 switch 3\n>p2 switch 5\n>p2 switch 4\n>p1 switch 4\n>p2 move sludgewave\n>p1 move hurricane\n>p2 move sludgewave\n>p1 switch 3\n>p2 move sludgewave\n>p2 switch 2\n>p1 move toxic\n>p2 move thunderwave\n>p1 move liquidation\n>p2 move thunderwave\n>p1 move liquidation\n>p2 move thunderbolt\n>p1 switch 2\n>p2 move thunderbolt\n>p1 move substitute\n>p2 move icebeam\n>p2 switch 5\n>p1 switch 4\n>p2 move earthquake\n>p1 move psychic\n>p2 switch 6\n>p1 move earthquake\n>p2 move irondefense\n>p1 move earthquake\n>p2 move irondefense\n>p1 move earthquake\n>p2 move rest\n>p1 move earthquake\n>p2 move irondefense\n>p1 move psychic\n>p2 move bodypress\n>p1 switch 3\n>p1 move hypervoice\n>p2 move bodypress\n>p1 switch 2\n>p1 move liquidation\n>p2 move rest\n>p1 switch 6\n>p2 move bodypress\n>p1 move dragondance\n>p2 move bodypress\n>p1 move crabhammer terastallize\n>p2 move bodypress terastallize\n>p1 switch 6\n>p1 move haze\n>p2 move bodypress\n>p1 move toxic\n>p2 move irondefense\n>p1 move haze\n>p2 move bodypress\n>p1 switch 4\n>p1 move outrage\n>p2 move bodypress", "uploadtime": 1781449575, "views": 5, "formatid": "gen9randombattle", "rating": null, "private": 0, "password": null, "player_dets": [{"name": "DXL2004", "avatar": "169", "rating": 1958, "seed": "sodium,b2728fc7aabda65dd3768ea42bf9a65c"}, {"name": "pagenfranskane", "avatar": "battlegirl", "rating": 2022, "seed": "sodium,5d71b070267c212963a184a76f85e2da"}], "teams_full": [{"Toxapex": {"name": "Toxapex", "species": "Toxapex", "speciesId": "toxapex", "gender": "M", "shiny": false, "level": 82, "moves": ["liquidation", "haze", "toxic", "recover"], "ability": "Regenerator", "evs": {"hp": 85, "atk": 85, "def": 85, "spa": 85, "spd": 85, "spe": 85}, "ivs": {"hp": 31, "atk": 31, "def": 31, "spa": 31, "spd": 31, "spe": 31}, "item": "Rocky Helmet", "teraType": "Flying", "role": "Bulky Support", "bvs": {"hp": 50, "atk": 63, "def": 152, "spa": 53, "spd": 142, "spe": 35}, "stats": {"hp": 216, "atk": 150, "def": 296, "spa": 134, "spd": 280, "spe": 105}}, "Zekrom": {"name": "Zekrom", "species": "Zekrom", "speciesId": "zekrom", "gender": "N", "shiny": false, "level": 71, "moves": ["boltstrike", "substitute", "dragondance", "outrage"], "ability": "Teravolt", "evs": {"hp": 85, "atk": 85, "def": 85, "spa": 85, "spd": 85, "spe": 85}, "ivs": {"hp": 31, "atk": 31, "def": 31, "spa": 31, "spd": 31, "spe": 31}, "item": "Leftovers", "teraType": "Electric", "role": "Setup Sweeper", "bvs": {"hp": 100, "atk": 150, "def": 120, "spa": 120, "spd": 100, "spe": 90}, "stats": {"hp": 259, "atk": 254, "def": 212, "spa": 212, "spd": 183, "spe": 169}}, "Bronzong": {"name": "Bronzong", "species": "Bronzong", "speciesId": "bronzong", "gender": "N", "shiny": false, "level": 88, "moves": ["stealthrock", "earthquake", "psychic", "ironhead"], "ability": "Levitate", "evs": {"hp": 85, "atk": 85, "def": 85, "spa": 85, "spd": 85, "spe": 85}, "ivs": {"hp": 31, "atk": 31, "def": 31, "spa": 31, "spd": 31, "spe": 31}, "item": "Leftovers", "teraType": "Electric", "role": "Bulky Support", "bvs": {"hp": 67, "atk": 89, "def": 116, "spa": 79, "spd": 116, "spe": 33}, "stats": {"hp": 261, "atk": 207, "def": 254, "spa": 189, "spd": 254, "spe": 108}}, "Ambipom": {"name": "Ambipom", "species": "Ambipom", "speciesId": "ambipom", "gender": "F", "shiny": false, "level": 84, "moves": ["knockoff", "doubleedge", "lowkick", "tripleaxel"], "ability": "Technician", "evs": {"hp": 85, "atk": 85, "def": 85, "spa": 85, "spd": 85, "spe": 85}, "ivs": {"hp": 31, "atk": 31, "def": 31, "spa": 31, "spd": 31, "spe": 31}, "item": "Choice Band", "teraType": "Ice", "role": "Fast Attacker", "bvs": {"hp": 75, "atk": 100, "def": 66, "spa": 60, "spd": 66, "spe": 115}, "stats": {"hp": 263, "atk": 216, "def": 159, "spa": 149, "spd": 159, "spe": 241}}, "Noctowl": {"name": "Noctowl", "species": "Noctowl", "speciesId": "noctowl", "gender": "M", "shiny": false, "level": 95, "moves": ["calmmind", "hypervoice", "roost", "hurricane"], "ability": "Tinted Lens", "evs": {"hp": 85, "atk": 0, "def": 85, "spa": 85, "spd": 85, "spe": 85}, "ivs": {"hp": 31, "atk": 0, "def": 31, "spa": 31, "spd": 31, "spe": 31}, "item": "Heavy-Duty Boots", "teraType": "Normal", "role": "Bulky Attacker", "bvs": {"hp": 100, "atk": 50, "def": 50, "spa": 86, "spd": 96, "spe": 70}, "stats": {"hp": 344, "atk": 100, "def": 149, "spa": 217, "spd": 236, "spe": 187}}, "Crawdaunt": {"name": "Crawdaunt", "species": "Crawdaunt", "speciesId": "crawdaunt", "gender": "M", "shiny": false, "level": 84, "moves": ["dragondance", "crabhammer", "aquajet", "knockoff"], "ability": "Adaptability", "evs": {"hp": 85, "atk": 85, "def": 85, "spa": 85, "spd": 85, "spe": 85}, "ivs": {"hp": 31, "atk": 31, "def": 31, "spa": 31, "spd": 31, "spe": 31}, "item": "Life Orb", "teraType": "Water", "role": "Setup Sweeper", "bvs": {"hp": 63, "atk": 120, "def": 85, "spa": 90, "spd": 55, "spe": 55}, "stats": {"hp": 243, "atk": 250, "def": 191, "spa": 199, "spd": 141, "spe": 141}}}, {"Zapdos": {"name": "Zapdos", "species": "Zapdos-Galar", "speciesId": "zapdosgalar", "gender": "N", "shiny": false, "level": 77, "moves": ["knockoff", "uturn", "closecombat", "bravebird"], "ability": "Defiant", "evs": {"hp": 85, "atk": 85, "def": 85, "spa": 85, "spd": 85, "spe": 85}, "ivs": {"hp": 31, "atk": 31, "def": 31, "spa": 31, "spd": 31, "spe": 31}, "item": "Choice Scarf", "teraType": "Steel", "role": "Fast Attacker", "bvs": {"hp": 90, "atk": 125, "def": 90, "spa": 85, "spd": 90, "spe": 100}, "stats": {"hp": 265, "atk": 237, "def": 183, "spa": 175, "spd": 183, "spe": 199}}, "Regice": {"name": "Regice", "species": "Regice", "speciesId": "regice", "gender": "N", "shiny": false, "level": 88, "moves": ["icebeam", "thunderwave", "thunderbolt", "bodypress"], "ability": "Clear Body", "evs": {"hp": 85, "atk": 0, "def": 85, "spa": 85, "spd": 85, "spe": 85}, "ivs": {"hp": 31, "atk": 0, "def": 31, "spa": 31, "spd": 31, "spe": 31}, "item": "Heavy-Duty Boots", "teraType": "Electric", "role": "Bulky Attacker", "bvs": {"hp": 80, "atk": 50, "def": 100, "spa": 100, "spd": 200, "spe": 50}, "stats": {"hp": 284, "atk": 93, "def": 226, "spa": 226, "spd": 402, "spe": 138}}, "Banette": {"name": "Banette", "species": "Banette", "speciesId": "banette", "gender": "M", "shiny": false, "level": 93, "moves": ["shadowsneak", "gunkshot", "poltergeist", "thunderwave"], "ability": "Insomnia", "evs": {"hp": 85, "atk": 85, "def": 85, "spa": 85, "spd": 85, "spe": 85}, "ivs": {"hp": 31, "atk": 31, "def": 31, "spa": 31, "spd": 31, "spe": 31}, "item": "Life Orb", "teraType": "Poison", "role": "Wallbreaker", "bvs": {"hp": 64, "atk": 115, "def": 65, "spa": 83, "spd": 63, "spe": 65}, "stats": {"hp": 270, "atk": 267, "def": 174, "spa": 207, "spd": 170, "spe": 174}}, "Gengar": {"name": "Gengar", "species": "Gengar", "speciesId": "gengar", "gender": "M", "shiny": false, "level": 81, "moves": ["sludgewave", "toxicspikes", "focusblast", "shadowball"], "ability": "Cursed Body", "evs": {"hp": 85, "atk": 0, "def": 85, "spa": 85, "spd": 85, "spe": 85}, "ivs": {"hp": 31, "atk": 0, "def": 31, "spa": 31, "spd": 31, "spe": 31}, "item": "Life Orb", "teraType": "Ghost", "role": "Fast Attacker", "bvs": {"hp": 60, "atk": 65, "def": 60, "spa": 130, "spd": 75, "spe": 110}, "stats": {"hp": 230, "atk": 110, "def": 144, "spa": 257, "spd": 168, "spe": 225}}, "Gliscor": {"name": "Gliscor", "species": "Gliscor", "speciesId": "gliscor", "gender": "M", "shiny": false, "level": 76, "moves": ["substitute", "protect", "toxic", "earthquake"], "ability": "Poison Heal", "evs": {"hp": 85, "atk": 85, "def": 85, "spa": 85, "spd": 85, "spe": 85}, "ivs": {"hp": 31, "atk": 31, "def": 31, "spa": 31, "spd": 31, "spe": 31}, "item": "Toxic Orb", "teraType": "Water", "role": "Fast Support", "bvs": {"hp": 75, "atk": 95, "def": 125, "spa": 45, "spd": 75, "spe": 95}, "stats": {"hp": 239, "atk": 188, "def": 234, "spa": 112, "spd": 158, "spe": 188}}, "Probopass": {"name": "Probopass", "species": "Probopass", "speciesId": "probopass", "gender": "M", "shiny": false, "level": 91, "moves": ["rest", "irondefense", "bodypress", "powergem"], "ability": "Magnet Pull", "evs": {"hp": 85, "atk": 0, "def": 85, "spa": 85, "spd": 85, "spe": 85}, "ivs": {"hp": 31, "atk": 0, "def": 31, "spa": 31, "spd": 31, "spe": 31}, "item": "Chesto Berry", "teraType": "Fighting", "role": "Bulky Setup", "bvs": {"hp": 60, "atk": 55, "def": 145, "spa": 75, "spd": 150, "spe": 40}, "stats": {"hp": 257, "atk": 105, "def": 316, "spa": 188, "spd": 325, "spe": 125}}}]}