{"id": "gen9randombattle-2631755469", "format": "[Gen 9] Random Battle", "players": ["spectral sapphic", "Etjx"], "log": "|j|\u2606spectral sapphic\n|j|\u2606Etjx@!\n|t:|1781434474\n|gametype|singles\n|player|p1|spectral sapphic|skyla|2051\n|player|p2|Etjx|policeman-gen4|2108\n|gen|9\n|tier|[Gen 9] Random Battle\n|rated|\n|rule|Species Clause: Limit one of each Pok\u00e9mon\n|rule|HP Percentage Mod: HP is shown in percentages\n|rule|Sleep Clause Mod: Limit one foe put to sleep\n|rule|Illusion Level Mod: Illusion disguises the Pok\u00e9mon's true level\n|\n|t:|1781434475\n|teamsize|p1|6\n|teamsize|p2|6\n|start\n|switch|p1a: Venomoth|Venomoth, L84, F|255/255\n|switch|p2a: Hariyama|Hariyama, L87, F|392/392\n|turn|1\n|inactive|Battle timer is ON: inactive players will automatically lose when time's up. (requested by Etjx)\n|c|\u2606spectral sapphic|glhf\n|inactive|Etjx has 120 seconds left.\n|\n|t:|1781434511\n|move|p1a: Venomoth|Sleep Powder|p2a: Hariyama\n|-status|p2a: Hariyama|slp|[from] move: Sleep Powder\n|cant|p2a: Hariyama|slp\n|\n|upkeep\n|turn|2\n|\n|t:|1781434520\n|switch|p2a: Terrakion|Terrakion, L79|273/273\n|move|p1a: Venomoth|Quiver Dance|p1a: Venomoth\n|-boost|p1a: Venomoth|spa|1\n|-boost|p1a: Venomoth|spd|1\n|-boost|p1a: Venomoth|spe|1\n|\n|upkeep\n|turn|3\n|\n|t:|1781434529\n|move|p1a: Venomoth|Sludge Wave|p2a: Terrakion\n|-resisted|p2a: Terrakion\n|-damage|p2a: Terrakion|131/273\n|move|p2a: Terrakion|Stone Edge|p1a: Venomoth\n|-supereffective|p1a: Venomoth\n|-damage|p1a: Venomoth|0 fnt\n|faint|p1a: Venomoth\n|-damage|p2a: Terrakion|104/273|[from] item: Life Orb\n|\n|upkeep\n|\n|t:|1781434543\n|switch|p1a: Pachirisu|Pachirisu, L96, M|271/271\n|turn|4\n|\n|t:|1781434548\n|move|p1a: Pachirisu|Thunderbolt|p2a: Terrakion\n|-damage|p2a: Terrakion|25/273\n|move|p2a: Terrakion|Earthquake|p1a: Pachirisu\n|-supereffective|p1a: Pachirisu\n|-damage|p1a: Pachirisu|60/271\n|-damage|p2a: Terrakion|0 fnt|[from] item: Life Orb\n|faint|p2a: Terrakion\n|\n|upkeep\n|\n|t:|1781434554\n|switch|p2a: Mesprit|Mesprit, L85|275/275\n|turn|5\n|\n|t:|1781434560\n|move|p1a: Pachirisu|Nuzzle|p2a: Mesprit\n|-damage|p2a: Mesprit|262/275\n|-status|p2a: Mesprit|par\n|move|p2a: Mesprit|Knock Off|p1a: Pachirisu\n|-damage|p1a: Pachirisu|0 fnt\n|-enditem|p1a: Pachirisu|Assault Vest|[from] move: Knock Off|[of] p2a: Mesprit\n|faint|p1a: Pachirisu\n|\n|-heal|p2a: Mesprit|275/275 par|[from] item: Leftovers\n|upkeep\n|\n|t:|1781434567\n|switch|p1a: Flapple|Flapple, L88, M|266/266\n|turn|6\n|\n|t:|1781434579\n|move|p1a: Flapple|U-turn|p2a: Mesprit|[miss]\n|-miss|p1a: Flapple|p2a: Mesprit\n|move|p2a: Mesprit|Thunder Wave|p1a: Flapple\n|-status|p1a: Flapple|par\n|\n|upkeep\n|turn|7\n|\n|t:|1781434583\n|move|p2a: Mesprit|U-turn|p1a: Flapple\n|-supereffective|p1a: Flapple\n|-damage|p1a: Flapple|156/266 par\n|\n|t:|1781434585\n|switch|p2a: Hariyama|Hariyama, L87, F|392/392 slp|[from] U-turn\n|move|p1a: Flapple|U-turn|p2a: Hariyama\n|-resisted|p2a: Hariyama\n|-damage|p2a: Hariyama|306/392 slp\n|\n|t:|1781434595\n|switch|p1a: Arceus|Arceus-Electric, L70|284/284|[from] U-turn\n|\n|upkeep\n|turn|8\n|\n|t:|1781434616\n|move|p1a: Arceus|Calm Mind|p1a: Arceus\n|-boost|p1a: Arceus|spa|1\n|-boost|p1a: Arceus|spd|1\n|cant|p2a: Hariyama|slp\n|\n|upkeep\n|turn|9\n|\n|t:|1781434625\n|move|p1a: Arceus|Calm Mind|p1a: Arceus\n|-boost|p1a: Arceus|spa|1\n|-boost|p1a: Arceus|spd|1\n|-curestatus|p2a: Hariyama|slp|[msg]\n|move|p2a: Hariyama|Headlong Rush|p1a: Arceus\n|-supereffective|p1a: Arceus\n|-crit|p1a: Arceus\n|-damage|p1a: Arceus|0 fnt\n|-unboost|p2a: Hariyama|def|1\n|-unboost|p2a: Hariyama|spd|1\n|faint|p1a: Arceus\n|\n|upkeep\n|\n|t:|1781434631\n|switch|p1a: Flapple|Flapple, L88, M|156/266 par\n|turn|10\n|\n|t:|1781434637\n|move|p2a: Hariyama|Knock Off|p1a: Flapple\n|-damage|p1a: Flapple|60/266 par\n|-enditem|p1a: Flapple|Choice Band|[from] move: Knock Off|[of] p2a: Hariyama\n|move|p1a: Flapple|Grav Apple|p2a: Hariyama\n|-damage|p2a: Hariyama|0 fnt\n|faint|p2a: Hariyama\n|\n|upkeep\n|\n|t:|1781434641\n|switch|p2a: Mesprit|Mesprit, L85|275/275 par\n|turn|11\n|\n|t:|1781434647\n|move|p1a: Flapple|Sucker Punch|p2a: Mesprit\n|-supereffective|p2a: Mesprit\n|-damage|p2a: Mesprit|125/275 par\n|move|p2a: Mesprit|Psychic Noise|p1a: Flapple\n|-damage|p1a: Flapple|0 fnt\n|faint|p1a: Flapple\n|\n|-heal|p2a: Mesprit|142/275 par|[from] item: Leftovers\n|upkeep\n|\n|t:|1781434660\n|switch|p1a: Ogerpon|Ogerpon-Cornerstone, L76, F|247/247\n|turn|12\n|\n|t:|1781434689\n|-terastallize|p1a: Ogerpon|Rock\n|detailschange|p1a: Ogerpon|Ogerpon-Cornerstone-Tera, L76, F, tera:Rock\n|-ability|p1a: Ogerpon|Embody Aspect (Cornerstone)|boost\n|-boost|p1a: Ogerpon|def|1\n|move|p1a: Ogerpon|Ivy Cudgel|p2a: Mesprit|[anim] Ivy Cudgel Rock\n|-damage|p2a: Mesprit|4/275 par\n|cant|p2a: Mesprit|par\n|\n|-heal|p2a: Mesprit|21/275 par|[from] item: Leftovers\n|upkeep\n|turn|13\n|\n|t:|1781434695\n|move|p1a: Ogerpon|Ivy Cudgel|p2a: Mesprit|[anim] Ivy Cudgel Rock\n|-damage|p2a: Mesprit|0 fnt\n|faint|p2a: Mesprit\n|\n|upkeep\n|\n|t:|1781434696\n|switch|p2a: Scizor|Scizor, L79, F|240/240\n|turn|14\n|\n|t:|1781434700\n|switch|p1a: Goodra|Goodra-Hisui, L82, M|265/265\n|move|p2a: Scizor|Close Combat|p1a: Goodra\n|-supereffective|p1a: Goodra\n|-damage|p1a: Goodra|93/265\n|-unboost|p2a: Scizor|def|1\n|-unboost|p2a: Scizor|spd|1\n|\n|upkeep\n|turn|15\n|\n|t:|1781434707\n|move|p2a: Scizor|Close Combat|p1a: Goodra\n|-supereffective|p1a: Goodra\n|-damage|p1a: Goodra|0 fnt\n|-unboost|p2a: Scizor|def|1\n|-unboost|p2a: Scizor|spd|1\n|faint|p1a: Goodra\n|\n|upkeep\n|\n|t:|1781434708\n|switch|p1a: Ogerpon|Ogerpon-Cornerstone-Tera, L76, F, tera:Rock|247/247\n|-ability|p1a: Ogerpon|Embody Aspect (Cornerstone)|boost\n|-boost|p1a: Ogerpon|def|1\n|turn|16\n|\n|t:|1781434712\n|switch|p2a: Rampardos|Rampardos, L90, M|321/321\n|move|p1a: Ogerpon|Ivy Cudgel|p2a: Rampardos|[anim] Ivy Cudgel Rock\n|-damage|p2a: Rampardos|133/321\n|\n|upkeep\n|turn|17\n|\n|t:|1781434716\n|-terastallize|p2a: Rampardos|Ground\n|move|p2a: Rampardos|Earthquake|p1a: Ogerpon\n|-supereffective|p1a: Ogerpon\n|-damage|p1a: Ogerpon|0 fnt\n|faint|p1a: Ogerpon\n|detailschange|p1: Ogerpon|Ogerpon-Cornerstone, L76, F|[silent]\n|\n|win|Etjx\n", "inputlog": ">version a8376a258c1d4662feba110a92103f3664a72141\n>start {\"formatid\":\"gen9randombattle\",\"seed\":\"sodium,61d9ff5dcb0fcd7fb888dcbe1a4651e7\",\"rated\":\"Rated battle\"}\n>player p1 {\"name\":\"spectral sapphic\",\"avatar\":\"skyla\",\"rating\":2051,\"seed\":\"sodium,060422979358fee231ff34a62ea18dd6\"}\n>player p2 {\"name\":\"Etjx\",\"avatar\":\"policeman-gen4\",\"rating\":2108,\"seed\":\"sodium,45ec05b67d58a053c44be3b9d05e8793\"}\n>chat \u2606spectral sapphic|glhf\n>p1 move sleeppowder\n>p2 move knockoff\n>p1 move quiverdance\n>p2 switch 5\n>p1 move sludgewave\n>p2 move stoneedge\n>p1 switch 3\n>p1 move thunderbolt\n>p2 move earthquake\n>p2 switch 6\n>p1 move nuzzle\n>p2 move knockoff\n>p1 switch 4\n>p1 move uturn\n>p2 move thunderwave\n>p1 move uturn\n>p2 move uturn\n>p2 switch 5\n>p1 switch 2\n>p1 move calmmind\n>p2 move headlongrush\n>p1 move calmmind\n>p2 move headlongrush\n>p1 switch 2\n>p1 move gravapple\n>p2 move knockoff\n>p2 switch 5\n>p1 move suckerpunch\n>p2 move psychicnoise\n>p1 switch 6\n>p1 move ivycudgel terastallize\n>p2 move uturn\n>p1 move ivycudgel\n>p2 move psychicnoise\n>p2 switch 2\n>p1 switch 5\n>p2 move closecombat\n>p1 move heavyslam\n>p2 move closecombat\n>p1 switch 5\n>p1 move ivycudgel\n>p2 switch 3\n>p1 move ivycudgel\n>p2 move earthquake terastallize", "uploadtime": 1781434476, "views": 5, "formatid": "gen9randombattle", "rating": null, "private": 0, "password": null, "player_dets": [{"name": "spectral sapphic", "avatar": "skyla", "rating": 2051, "seed": "sodium,060422979358fee231ff34a62ea18dd6"}, {"name": "Etjx", "avatar": "policeman-gen4", "rating": 2108, "seed": "sodium,45ec05b67d58a053c44be3b9d05e8793"}], "teams_full": [{"Venomoth": {"name": "Venomoth", "species": "Venomoth", "speciesId": "venomoth", "gender": "F", "shiny": false, "level": 84, "moves": ["bugbuzz", "sleeppowder", "sludgewave", "quiverdance"], "ability": "Tinted Lens", "evs": {"hp": 85, "atk": 0, "def": 85, "spa": 85, "spd": 85, "spe": 85}, "ivs": {"hp": 31, "atk": 0, "def": 31, "spa": 31, "spd": 31, "spe": 31}, "item": "Heavy-Duty Boots", "teraType": "Bug", "role": "Setup Sweeper", "bvs": {"hp": 70, "atk": 65, "def": 60, "spa": 90, "spd": 75, "spe": 90}, "stats": {"hp": 255, "atk": 114, "def": 149, "spa": 199, "spd": 174, "spe": 199}}, "Arceus": {"name": "Arceus", "species": "Arceus-Electric", "speciesId": "arceuselectric", "gender": "N", "shiny": false, "level": 70, "moves": ["icebeam", "calmmind", "recover", "judgment"], "ability": "Multitype", "evs": {"hp": 85, "atk": 0, "def": 85, "spa": 85, "spd": 85, "spe": 85}, "ivs": {"hp": 31, "atk": 0, "def": 31, "spa": 31, "spd": 31, "spe": 31}, "item": "Zap Plate", "teraType": "Electric", "role": "Bulky Setup", "bvs": {"hp": 120, "atk": 120, "def": 120, "spa": 120, "spd": 120, "spe": 120}, "stats": {"hp": 284, "atk": 173, "def": 209, "spa": 209, "spd": 209, "spe": 209}}, "Pachirisu": {"name": "Pachirisu", "species": "Pachirisu", "speciesId": "pachirisu", "gender": "M", "shiny": false, "level": 96, "moves": ["nuzzle", "thunderbolt", "uturn", "superfang"], "ability": "Volt Absorb", "evs": {"hp": 85, "atk": 85, "def": 85, "spa": 85, "spd": 85, "spe": 85}, "ivs": {"hp": 31, "atk": 31, "def": 31, "spa": 31, "spd": 31, "spe": 31}, "item": "Assault Vest", "teraType": "Flying", "role": "AV Pivot", "bvs": {"hp": 60, "atk": 45, "def": 70, "spa": 45, "spd": 90, "spe": 95}, "stats": {"hp": 271, "atk": 141, "def": 189, "spa": 141, "spd": 227, "spe": 237}}, "Flapple": {"name": "Flapple", "species": "Flapple", "speciesId": "flapple", "gender": "M", "shiny": false, "level": 88, "moves": ["outrage", "suckerpunch", "uturn", "gravapple"], "ability": "Hustle", "evs": {"hp": 85, "atk": 85, "def": 85, "spa": 85, "spd": 85, "spe": 85}, "ivs": {"hp": 31, "atk": 31, "def": 31, "spa": 31, "spd": 31, "spe": 31}, "item": "Choice Band", "teraType": "Dragon", "role": "Fast Attacker", "bvs": {"hp": 70, "atk": 110, "def": 80, "spa": 95, "spd": 60, "spe": 70}, "stats": {"hp": 266, "atk": 244, "def": 191, "spa": 217, "spd": 156, "spe": 173}}, "Goodra": {"name": "Goodra", "species": "Goodra-Hisui", "speciesId": "goodrahisui", "gender": "M", "shiny": false, "level": 82, "moves": ["heavyslam", "dracometeor", "dragontail", "earthquake"], "ability": "Sap Sipper", "evs": {"hp": 85, "atk": 85, "def": 85, "spa": 85, "spd": 85, "spe": 85}, "ivs": {"hp": 31, "atk": 31, "def": 31, "spa": 31, "spd": 31, "spe": 31}, "item": "Assault Vest", "teraType": "Ground", "role": "AV Pivot", "bvs": {"hp": 80, "atk": 100, "def": 100, "spa": 110, "spd": 150, "spe": 60}, "stats": {"hp": 265, "atk": 211, "def": 211, "spa": 228, "spd": 293, "spe": 146}}, "Ogerpon": {"name": "Ogerpon", "species": "Ogerpon-Cornerstone", "speciesId": "ogerponcornerstone", "gender": "F", "shiny": false, "level": 76, "moves": ["powerwhip", "superpower", "ivycudgel", "synthesis"], "ability": "Sturdy", "evs": {"hp": 85, "atk": 85, "def": 85, "spa": 85, "spd": 85, "spe": 85}, "ivs": {"hp": 31, "atk": 31, "def": 31, "spa": 31, "spd": 31, "spe": 31}, "item": "Cornerstone Mask", "teraType": "Rock", "role": "Bulky Attacker", "bvs": {"hp": 80, "atk": 120, "def": 84, "spa": 60, "spd": 96, "spe": 110}, "stats": {"hp": 247, "atk": 226, "def": 172, "spa": 135, "spd": 190, "spe": 211}}}, {"Hariyama": {"name": "Hariyama", "species": "Hariyama", "speciesId": "hariyama", "gender": "F", "shiny": false, "level": 87, "moves": ["heavyslam", "closecombat", "knockoff", "headlongrush"], "ability": "Thick Fat", "evs": {"hp": 85, "atk": 85, "def": 85, "spa": 85, "spd": 85, "spe": 85}, "ivs": {"hp": 31, "atk": 31, "def": 31, "spa": 31, "spd": 31, "spe": 31}, "item": "Assault Vest", "teraType": "Steel", "role": "AV Pivot", "bvs": {"hp": 144, "atk": 120, "def": 60, "spa": 40, "spd": 60, "spe": 50}, "stats": {"hp": 392, "atk": 259, "def": 154, "spa": 119, "spd": 154, "spe": 137}}, "Scizor": {"name": "Scizor", "species": "Scizor", "speciesId": "scizor", "gender": "F", "shiny": false, "level": 79, "moves": ["closecombat", "knockoff", "defog", "bulletpunch"], "ability": "Technician", "evs": {"hp": 85, "atk": 85, "def": 85, "spa": 85, "spd": 85, "spe": 85}, "ivs": {"hp": 31, "atk": 31, "def": 31, "spa": 31, "spd": 31, "spe": 31}, "item": "Leftovers", "teraType": "Dragon", "role": "Bulky Support", "bvs": {"hp": 70, "atk": 130, "def": 100, "spa": 55, "spd": 80, "spe": 65}, "stats": {"hp": 240, "atk": 251, "def": 204, "spa": 132, "spd": 172, "spe": 148}}, "Rampardos": {"name": "Rampardos", "species": "Rampardos", "speciesId": "rampardos", "gender": "M", "shiny": false, "level": 90, "moves": ["headsmash", "rockslide", "earthquake", "firepunch"], "ability": "Sheer Force", "evs": {"hp": 85, "atk": 85, "def": 85, "spa": 85, "spd": 85, "spe": 85}, "ivs": {"hp": 31, "atk": 31, "def": 31, "spa": 31, "spd": 31, "spe": 31}, "item": "Choice Scarf", "teraType": "Ground", "role": "Fast Attacker", "bvs": {"hp": 97, "atk": 165, "def": 60, "spa": 65, "spd": 50, "spe": 58}, "stats": {"hp": 321, "atk": 348, "def": 159, "spa": 168, "spd": 141, "spe": 156}}, "Bisharp": {"name": "Bisharp", "species": "Bisharp", "speciesId": "bisharp", "gender": "F", "shiny": false, "level": 79, "moves": ["ironhead", "stealthrock", "throatchop", "suckerpunch"], "ability": "Defiant", "evs": {"hp": 85, "atk": 85, "def": 85, "spa": 85, "spd": 85, "spe": 85}, "ivs": {"hp": 31, "atk": 31, "def": 31, "spa": 31, "spd": 31, "spe": 31}, "item": "Eviolite", "teraType": "Flying", "role": "Bulky Attacker", "bvs": {"hp": 65, "atk": 125, "def": 100, "spa": 60, "spd": 70, "spe": 70}, "stats": {"hp": 232, "atk": 243, "def": 204, "spa": 140, "spd": 156, "spe": 156}}, "Terrakion": {"name": "Terrakion", "species": "Terrakion", "speciesId": "terrakion", "gender": "N", "shiny": false, "level": 79, "moves": ["swordsdance", "closecombat", "earthquake", "stoneedge"], "ability": "Justified", "evs": {"hp": 85, "atk": 85, "def": 85, "spa": 85, "spd": 85, "spe": 85}, "ivs": {"hp": 31, "atk": 31, "def": 31, "spa": 31, "spd": 31, "spe": 31}, "item": "Life Orb", "teraType": "Ground", "role": "Setup Sweeper", "bvs": {"hp": 91, "atk": 129, "def": 90, "spa": 72, "spd": 90, "spe": 108}, "stats": {"hp": 273, "atk": 249, "def": 188, "spa": 159, "spd": 188, "spe": 216}}, "Mesprit": {"name": "Mesprit", "species": "Mesprit", "speciesId": "mesprit", "gender": "N", "shiny": false, "level": 85, "moves": ["thunderwave", "knockoff", "psychicnoise", "uturn"], "ability": "Levitate", "evs": {"hp": 85, "atk": 85, "def": 85, "spa": 85, "spd": 85, "spe": 85}, "ivs": {"hp": 31, "atk": 31, "def": 31, "spa": 31, "spd": 31, "spe": 31}, "item": "Leftovers", "teraType": "Dark", "role": "Bulky Support", "bvs": {"hp": 80, "atk": 105, "def": 105, "spa": 105, "spd": 105, "spe": 80}, "stats": {"hp": 275, "atk": 227, "def": 227, "spa": 227, "spd": 227, "spe": 185}}}]}