{"id": "gen9randombattle-2631890907", "format": "[Gen 9] Random Battle", "players": ["blufferfish2009", "rgrgreger"], "log": "|j|\u2606blufferfish2009\n|j|\u2606rgrgreger\n|t:|1781452574\n|gametype|singles\n|player|p1|blufferfish2009|iris-gen5bw2|1925\n|player|p2|rgrgreger|zinzolin|1969\n|gen|9\n|tier|[Gen 9] Random Battle\n|rated|\n|rule|Species Clause: Limit one of each Pok\u00e9mon\n|rule|HP Percentage Mod: HP is shown in percentages\n|rule|Sleep Clause Mod: Limit one foe put to sleep\n|rule|Illusion Level Mod: Illusion disguises the Pok\u00e9mon's true level\n|\n|t:|1781452574\n|teamsize|p1|6\n|teamsize|p2|6\n|start\n|switch|p1a: Feraligatr|Feraligatr, L79, F|264/264\n|switch|p2a: Clefable|Clefable, L83, M|293/293\n|turn|1\n|inactive|Battle timer is ON: inactive players will automatically lose when time's up. (requested by rgrgreger)\n|\n|t:|1781452581\n|switch|p2a: Arcanine|Arcanine, L84, F|288/288\n|-ability|p2a: Arcanine|Intimidate|boost\n|-unboost|p1a: Feraligatr|atk|1\n|move|p1a: Feraligatr|Liquidation|p2a: Arcanine\n|-supereffective|p2a: Arcanine\n|-damage|p2a: Arcanine|67/288\n|\n|upkeep\n|turn|2\n|\n|t:|1781452588\n|switch|p1a: Misdreavus|Misdreavus, L90, M|254/254\n|move|p2a: Arcanine|Extreme Speed|p1a: Misdreavus\n|-immune|p1a: Misdreavus\n|\n|upkeep\n|turn|3\n|\n|t:|1781452594\n|move|p2a: Arcanine|Morning Sun|p2a: Arcanine\n|-heal|p2a: Arcanine|211/288\n|move|p1a: Misdreavus|Shadow Ball|p2a: Arcanine\n|-damage|p2a: Arcanine|121/288\n|-unboost|p2a: Arcanine|spd|1\n|\n|upkeep\n|turn|4\n|\n|t:|1781452597\n|move|p2a: Arcanine|Flare Blitz|p1a: Misdreavus\n|-damage|p1a: Misdreavus|134/254\n|-damage|p2a: Arcanine|81/288|[from] Recoil\n|move|p1a: Misdreavus|Calm Mind|p1a: Misdreavus\n|-boost|p1a: Misdreavus|spa|1\n|-boost|p1a: Misdreavus|spd|1\n|\n|upkeep\n|turn|5\n|\n|t:|1781452600\n|move|p2a: Arcanine|Flare Blitz|p1a: Misdreavus\n|-damage|p1a: Misdreavus|28/254\n|-damage|p2a: Arcanine|46/288|[from] Recoil\n|move|p1a: Misdreavus|Shadow Ball|p2a: Arcanine\n|-damage|p2a: Arcanine|0 fnt\n|faint|p2a: Arcanine\n|\n|upkeep\n|\n|t:|1781452612\n|switch|p2a: Talonflame|Talonflame, L83, M|265/265\n|turn|6\n|\n|t:|1781452619\n|move|p2a: Talonflame|Overheat|p1a: Misdreavus\n|-damage|p1a: Misdreavus|0 fnt\n|-unboost|p2a: Talonflame|spa|2\n|faint|p1a: Misdreavus\n|\n|upkeep\n|\n|t:|1781452621\n|switch|p1a: Feraligatr|Feraligatr, L79, F|264/264\n|turn|7\n|\n|t:|1781452628\n|move|p2a: Talonflame|Will-O-Wisp|p1a: Feraligatr\n|-status|p1a: Feraligatr|brn\n|move|p1a: Feraligatr|Liquidation|p2a: Talonflame\n|-supereffective|p2a: Talonflame\n|-damage|p2a: Talonflame|96/265\n|\n|-damage|p1a: Feraligatr|248/264 brn|[from] brn\n|upkeep\n|turn|8\n|\n|t:|1781452632\n|move|p2a: Talonflame|Brave Bird|p1a: Feraligatr\n|-damage|p1a: Feraligatr|145/264 brn\n|-damage|p2a: Talonflame|62/265|[from] Recoil\n|move|p1a: Feraligatr|Liquidation|p2a: Talonflame\n|-supereffective|p2a: Talonflame\n|-damage|p2a: Talonflame|0 fnt\n|faint|p2a: Talonflame\n|\n|-damage|p1a: Feraligatr|129/264 brn|[from] brn\n|upkeep\n|\n|t:|1781452638\n|switch|p2a: Tinkaton|Tinkaton, L82, F|274/274\n|-ability|p2a: Tinkaton|Mold Breaker\n|turn|9\n|\n|t:|1781452643\n|move|p2a: Tinkaton|Stealth Rock|p1a: Feraligatr\n|-sidestart|p1: blufferfish2009|move: Stealth Rock\n|move|p1a: Feraligatr|Liquidation|p2a: Tinkaton\n|-damage|p2a: Tinkaton|196/274\n|\n|-heal|p2a: Tinkaton|213/274|[from] item: Leftovers\n|-damage|p1a: Feraligatr|113/264 brn|[from] brn\n|upkeep\n|turn|10\n|\n|t:|1781452648\n|move|p2a: Tinkaton|Knock Off|p1a: Feraligatr\n|-damage|p1a: Feraligatr|65/264 brn\n|-enditem|p1a: Feraligatr|Life Orb|[from] move: Knock Off|[of] p2a: Tinkaton\n|move|p1a: Feraligatr|Liquidation|p2a: Tinkaton\n|-damage|p2a: Tinkaton|153/274\n|\n|-heal|p2a: Tinkaton|170/274|[from] item: Leftovers\n|-damage|p1a: Feraligatr|49/264 brn|[from] brn\n|upkeep\n|turn|11\n|\n|t:|1781452659\n|move|p2a: Tinkaton|Play Rough|p1a: Feraligatr\n|-damage|p1a: Feraligatr|0 fnt\n|faint|p1a: Feraligatr\n|\n|-heal|p2a: Tinkaton|187/274|[from] item: Leftovers\n|upkeep\n|\n|t:|1781452662\n|switch|p1a: Tornadus|Tornadus, L82, M|263/263\n|-damage|p1a: Tornadus|198/263|[from] Stealth Rock\n|turn|12\n|\n|t:|1781452672\n|move|p1a: Tornadus|Heat Wave|p2a: Tinkaton\n|-supereffective|p2a: Tinkaton\n|-damage|p2a: Tinkaton|0 fnt\n|faint|p2a: Tinkaton\n|\n|upkeep\n|\n|t:|1781452675\n|switch|p2a: Garchomp|Garchomp, L74, F|282/282\n|turn|13\n|\n|t:|1781452679\n|switch|p1a: Cinccino|Cinccino, L83, F|260/260\n|-damage|p1a: Cinccino|228/260|[from] Stealth Rock\n|move|p2a: Garchomp|Swords Dance|p2a: Garchomp\n|-boost|p2a: Garchomp|atk|2\n|\n|upkeep\n|turn|14\n|\n|t:|1781452688\n|move|p1a: Cinccino|Triple Axel|p2a: Garchomp\n|-supereffective|p2a: Garchomp\n|-damage|p2a: Garchomp|186/282\n|-damage|p1a: Cinccino|196/260|[from] ability: Rough Skin|[of] p2a: Garchomp\n|-supereffective|p2a: Garchomp\n|-damage|p2a: Garchomp|22/282\n|-damage|p1a: Cinccino|164/260|[from] ability: Rough Skin|[of] p2a: Garchomp\n|-supereffective|p2a: Garchomp\n|-damage|p2a: Garchomp|0 fnt\n|-damage|p1a: Cinccino|132/260|[from] ability: Rough Skin|[of] p2a: Garchomp\n|faint|p2a: Garchomp\n|-hitcount|p2: Garchomp|3\n|\n|upkeep\n|-message|rgrgreger forfeited.\n|\n|win|blufferfish2009\n", "inputlog": ">version a8376a258c1d4662feba110a92103f3664a72141\n>start {\"formatid\":\"gen9randombattle\",\"seed\":\"sodium,22c144a096e3d6091e97288be2c2cd82\",\"rated\":\"Rated battle\"}\n>player p1 {\"name\":\"blufferfish2009\",\"avatar\":\"iris-gen5bw2\",\"rating\":1925,\"seed\":\"sodium,ecbc701d0cc93cf497010c7d7646bb5c\"}\n>player p2 {\"name\":\"rgrgreger\",\"avatar\":\"zinzolin\",\"rating\":1969,\"seed\":\"sodium,ce831dfe79b6097208b223afdba026f5\"}\n>p1 move liquidation\n>p2 switch 5\n>p1 switch 3\n>p2 move extremespeed\n>p1 move shadowball\n>p2 move morningsun\n>p1 move calmmind\n>p2 move flareblitz\n>p1 move shadowball\n>p2 move flareblitz\n>p2 switch 2\n>p1 move shadowball\n>p2 move overheat\n>p1 switch 3\n>p1 move liquidation\n>p2 move willowisp\n>p1 move liquidation\n>p2 move bravebird\n>p2 switch 3\n>p1 move liquidation\n>p2 move stealthrock\n>p1 move liquidation\n>p2 move knockoff\n>p1 move liquidation\n>p2 move playrough\n>p1 switch 5\n>p1 move heatwave\n>p2 move knockoff\n>p2 switch 4\n>p1 switch 6\n>p2 move swordsdance\n>p1 move tripleaxel\n>p2 move scaleshot\n>forcelose p2", "uploadtime": 1781452575, "views": 5, "formatid": "gen9randombattle", "rating": null, "private": 0, "password": null, "player_dets": [{"name": "blufferfish2009", "avatar": "iris-gen5bw2", "rating": 1925, "seed": "sodium,ecbc701d0cc93cf497010c7d7646bb5c"}, {"name": "rgrgreger", "avatar": "zinzolin", "rating": 1969, "seed": "sodium,ce831dfe79b6097208b223afdba026f5"}], "teams_full": [{"Feraligatr": {"name": "Feraligatr", "species": "Feraligatr", "speciesId": "feraligatr", "gender": "F", "shiny": false, "level": 79, "moves": ["icepunch", "crunch", "liquidation", "dragondance"], "ability": "Sheer Force", "evs": {"hp": 85, "atk": 85, "def": 85, "spa": 85, "spd": 85, "spe": 85}, "ivs": {"hp": 31, "atk": 31, "def": 31, "spa": 31, "spd": 31, "spe": 31}, "item": "Life Orb", "teraType": "Dragon", "role": "Fast Bulky Setup", "bvs": {"hp": 85, "atk": 105, "def": 100, "spa": 79, "spd": 83, "spe": 78}, "stats": {"hp": 264, "atk": 211, "def": 204, "spa": 170, "spd": 177, "spe": 169}, "types": ["Water"]}, "Raging Bolt": {"name": "Raging Bolt", "species": "Raging Bolt", "speciesId": "ragingbolt", "gender": "N", "shiny": false, "level": 78, "moves": ["thunderclap", "voltswitch", "discharge", "dracometeor"], "ability": "Protosynthesis", "evs": {"hp": 85, "atk": 0, "def": 85, "spa": 85, "spd": 85, "spe": 85}, "ivs": {"hp": 31, "atk": 0, "def": 31, "spa": 31, "spd": 31, "spe": 31}, "item": "Assault Vest", "teraType": "Electric", "role": "AV Pivot", "bvs": {"hp": 125, "atk": 73, "def": 91, "spa": 137, "spd": 89, "spe": 75}, "stats": {"hp": 323, "atk": 118, "def": 187, "spa": 259, "spd": 184, "spe": 162}, "types": ["Electric", "Dragon"]}, "Misdreavus": {"name": "Misdreavus", "species": "Misdreavus", "speciesId": "misdreavus", "gender": "M", "shiny": false, "level": 90, "moves": ["willowisp", "drainingkiss", "calmmind", "shadowball"], "ability": "Levitate", "evs": {"hp": 85, "atk": 0, "def": 85, "spa": 85, "spd": 85, "spe": 85}, "ivs": {"hp": 31, "atk": 0, "def": 31, "spa": 31, "spd": 31, "spe": 31}, "item": "Eviolite", "teraType": "Fairy", "role": "Bulky Setup", "bvs": {"hp": 60, "atk": 60, "def": 60, "spa": 85, "spd": 85, "spe": 85}, "stats": {"hp": 254, "atk": 113, "def": 159, "spa": 204, "spd": 204, "spe": 204}, "types": ["Ghost"]}, "Haxorus": {"name": "Haxorus", "species": "Haxorus", "speciesId": "haxorus", "gender": "F", "shiny": false, "level": 77, "moves": ["outrage", "dragondance", "ironhead", "earthquake"], "ability": "Mold Breaker", "evs": {"hp": 85, "atk": 85, "def": 85, "spa": 85, "spd": 85, "spe": 85}, "ivs": {"hp": 31, "atk": 31, "def": 31, "spa": 31, "spd": 31, "spe": 31}, "item": "Lum Berry", "teraType": "Steel", "role": "Setup Sweeper", "bvs": {"hp": 76, "atk": 147, "def": 90, "spa": 60, "spd": 70, "spe": 97}, "stats": {"hp": 244, "atk": 271, "def": 183, "spa": 137, "spd": 152, "spe": 194}, "types": ["Dragon"]}, "Tornadus": {"name": "Tornadus", "species": "Tornadus", "speciesId": "tornadus", "gender": "M", "shiny": false, "level": 82, "moves": ["grassknot", "bleakwindstorm", "heatwave", "focusblast"], "ability": "Prankster", "evs": {"hp": 81, "atk": 0, "def": 85, "spa": 85, "spd": 85, "spe": 85}, "ivs": {"hp": 31, "atk": 0, "def": 31, "spa": 31, "spd": 31, "spe": 31}, "item": "Choice Specs", "teraType": "Fire", "role": "Fast Attacker", "bvs": {"hp": 79, "atk": 115, "def": 70, "spa": 125, "spd": 80, "spe": 111}, "stats": {"hp": 263, "atk": 193, "def": 162, "spa": 252, "spd": 178, "spe": 229}, "types": ["Flying"]}, "Cinccino": {"name": "Cinccino", "species": "Cinccino", "speciesId": "cinccino", "gender": "F", "shiny": false, "level": 83, "moves": ["tidyup", "tailslap", "tripleaxel", "bulletseed"], "ability": "Technician", "evs": {"hp": 85, "atk": 85, "def": 85, "spa": 85, "spd": 85, "spe": 85}, "ivs": {"hp": 31, "atk": 31, "def": 31, "spa": 31, "spd": 31, "spe": 31}, "item": "Loaded Dice", "teraType": "Ice", "role": "Fast Attacker", "bvs": {"hp": 75, "atk": 95, "def": 60, "spa": 65, "spd": 60, "spe": 115}, "stats": {"hp": 260, "atk": 205, "def": 147, "spa": 156, "spd": 147, "spe": 239}, "types": ["Normal"]}}, {"Clefable": {"name": "Clefable", "species": "Clefable", "speciesId": "clefable", "gender": "M", "shiny": false, "level": 83, "moves": ["fireblast", "moonlight", "moonblast", "knockoff"], "ability": "Magic Guard", "evs": {"hp": 85, "atk": 85, "def": 85, "spa": 85, "spd": 85, "spe": 85}, "ivs": {"hp": 31, "atk": 31, "def": 31, "spa": 31, "spd": 31, "spe": 31}, "item": "Life Orb", "teraType": "Steel", "role": "Bulky Support", "bvs": {"hp": 95, "atk": 70, "def": 73, "spa": 95, "spd": 90, "spe": 60}, "stats": {"hp": 293, "atk": 164, "def": 169, "spa": 205, "spd": 197, "spe": 147}, "types": ["Fairy"]}, "Talonflame": {"name": "Talonflame", "species": "Talonflame", "speciesId": "talonflame", "gender": "M", "shiny": false, "level": 83, "moves": ["bravebird", "roost", "overheat", "willowisp"], "ability": "Flame Body", "evs": {"hp": 85, "atk": 85, "def": 85, "spa": 85, "spd": 85, "spe": 85}, "ivs": {"hp": 31, "atk": 31, "def": 31, "spa": 31, "spd": 31, "spe": 31}, "item": "Heavy-Duty Boots", "teraType": "Ground", "role": "Bulky Attacker", "bvs": {"hp": 78, "atk": 81, "def": 71, "spa": 74, "spd": 69, "spe": 126}, "stats": {"hp": 265, "atk": 182, "def": 166, "spa": 171, "spd": 162, "spe": 257}, "types": ["Fire", "Flying"]}, "Tinkaton": {"name": "Tinkaton", "species": "Tinkaton", "speciesId": "tinkaton", "gender": "F", "shiny": false, "level": 82, "moves": ["gigatonhammer", "stealthrock", "knockoff", "playrough"], "ability": "Mold Breaker", "evs": {"hp": 85, "atk": 85, "def": 85, "spa": 85, "spd": 85, "spe": 85}, "ivs": {"hp": 31, "atk": 31, "def": 31, "spa": 31, "spd": 31, "spe": 31}, "item": "Leftovers", "teraType": "Water", "role": "Bulky Attacker", "bvs": {"hp": 85, "atk": 75, "def": 77, "spa": 70, "spd": 105, "spe": 94}, "stats": {"hp": 274, "atk": 170, "def": 173, "spa": 162, "spd": 219, "spe": 201}, "types": ["Fairy", "Steel"]}, "Garchomp": {"name": "Garchomp", "species": "Garchomp", "speciesId": "garchomp", "gender": "F", "shiny": false, "level": 74, "moves": ["stoneedge", "swordsdance", "scaleshot", "earthquake"], "ability": "Rough Skin", "evs": {"hp": 85, "atk": 85, "def": 85, "spa": 85, "spd": 85, "spe": 85}, "ivs": {"hp": 31, "atk": 31, "def": 31, "spa": 31, "spd": 31, "spe": 31}, "item": "Loaded Dice", "teraType": "Ground", "role": "Setup Sweeper", "bvs": {"hp": 108, "atk": 130, "def": 95, "spa": 80, "spd": 85, "spe": 102}, "stats": {"hp": 282, "atk": 235, "def": 184, "spa": 161, "spd": 169, "spe": 194}, "types": ["Dragon", "Ground"]}, "Arcanine": {"name": "Arcanine", "species": "Arcanine", "speciesId": "arcanine", "gender": "F", "shiny": false, "level": 84, "moves": ["flareblitz", "roar", "morningsun", "extremespeed"], "ability": "Intimidate", "evs": {"hp": 85, "atk": 85, "def": 85, "spa": 85, "spd": 85, "spe": 85}, "ivs": {"hp": 31, "atk": 31, "def": 31, "spa": 31, "spd": 31, "spe": 31}, "item": "Heavy-Duty Boots", "teraType": "Normal", "role": "Bulky Attacker", "bvs": {"hp": 90, "atk": 110, "def": 80, "spa": 100, "spd": 80, "spe": 95}, "stats": {"hp": 288, "atk": 233, "def": 183, "spa": 216, "spd": 183, "spe": 208}, "types": ["Fire"]}, "Zangoose": {"name": "Zangoose", "species": "Zangoose", "speciesId": "zangoose", "gender": "M", "shiny": false, "level": 85, "moves": ["knockoff", "facade", "closecombat", "quickattack"], "ability": "Toxic Boost", "evs": {"hp": 85, "atk": 85, "def": 85, "spa": 85, "spd": 85, "spe": 85}, "ivs": {"hp": 31, "atk": 31, "def": 31, "spa": 31, "spd": 31, "spe": 31}, "item": "Toxic Orb", "teraType": "Normal", "role": "Fast Attacker", "bvs": {"hp": 73, "atk": 115, "def": 60, "spa": 60, "spd": 60, "spe": 90}, "stats": {"hp": 263, "atk": 244, "def": 151, "spa": 151, "spd": 151, "spe": 202}, "types": ["Normal"]}}]}