{"id": "gen9randombattle-2631694209", "format": "[Gen 9] Random Battle", "players": ["Arxz", "MakotoV7"], "log": "|j|\u2606Arxz\n|j|\u2606MakotoV7\n|t:|1781423226\n|gametype|singles\n|player|p1|Arxz|hoopster|1999\n|player|p2|MakotoV7|steven|2098\n|gen|9\n|tier|[Gen 9] Random Battle\n|rated|\n|rule|Species Clause: Limit one of each Pok\u00e9mon\n|rule|HP Percentage Mod: HP is shown in percentages\n|rule|Sleep Clause Mod: Limit one foe put to sleep\n|rule|Illusion Level Mod: Illusion disguises the Pok\u00e9mon's true level\n|\n|t:|1781423226\n|teamsize|p1|6\n|teamsize|p2|6\n|start\n|switch|p1a: Medicham|Medicham, L86, M|243/243\n|switch|p2a: Salamence|Salamence, L77, F|273/273\n|turn|1\n|inactive|Battle timer is ON: inactive players will automatically lose when time's up. (requested by Arxz)\n|\n|t:|1781423236\n|move|p1a: Medicham|Ice Punch|p2a: Salamence\n|-supereffective|p2a: Salamence\n|-damage|p2a: Salamence|0 fnt\n|faint|p2a: Salamence\n|\n|upkeep\n|\n|t:|1781423247\n|switch|p2a: Barraskewda|Barraskewda, L81, F|231/231\n|turn|2\n|\n|t:|1781423252\n|switch|p1a: Decidueye|Decidueye, L88, F|281/281\n|move|p2a: Barraskewda|Close Combat|p1a: Decidueye\n|-immune|p1a: Decidueye\n|\n|upkeep\n|turn|3\n|\n|t:|1781423260\n|switch|p2a: Virizion|Virizion, L82|283/283\n|move|p1a: Decidueye|Spirit Shackle|p2a: Virizion\n|-damage|p2a: Virizion|166/283\n|-activate|p2a: Virizion|trapped\n|\n|upkeep\n|turn|4\n|\n|t:|1781423268\n|move|p2a: Virizion|Leaf Blade|p1a: Decidueye\n|-resisted|p1a: Decidueye\n|-damage|p1a: Decidueye|217/281\n|-damage|p2a: Virizion|138/283|[from] item: Life Orb\n|move|p1a: Decidueye|U-turn|p2a: Virizion\n|-damage|p2a: Virizion|61/283\n|\n|t:|1781423276\n|switch|p1a: Medicham|Medicham, L86, M|243/243|[from] U-turn\n|\n|upkeep\n|turn|5\n|\n|t:|1781423283\n|move|p1a: Medicham|Close Combat|p2a: Virizion\n|-crit|p2a: Virizion\n|-damage|p2a: Virizion|0 fnt\n|-unboost|p1a: Medicham|def|1\n|-unboost|p1a: Medicham|spd|1\n|faint|p2a: Virizion\n|\n|upkeep\n|\n|t:|1781423286\n|switch|p2a: Lunala|Lunala, L70|308/308\n|turn|6\n|\n|t:|1781423293\n|switch|p1a: Furret|Furret, L94, M|312/312\n|-item|p2a: Lunala|Leftovers|[from] ability: Frisk|[of] p1a: Furret\n|move|p2a: Lunala|Calm Mind|p2a: Lunala\n|-boost|p2a: Lunala|spa|1\n|-boost|p2a: Lunala|spd|1\n|\n|upkeep\n|turn|7\n|\n|t:|1781423299\n|move|p1a: Furret|Knock Off|p2a: Lunala\n|-supereffective|p2a: Lunala\n|-damage|p2a: Lunala|95/308\n|-enditem|p2a: Lunala|Leftovers|[from] move: Knock Off|[of] p1a: Furret\n|-damage|p1a: Furret|281/312|[from] item: Life Orb\n|move|p2a: Lunala|Moonblast|p1a: Furret\n|-damage|p1a: Furret|155/312\n|-unboost|p1a: Furret|spa|1\n|\n|upkeep\n|turn|8\n|\n|t:|1781423306\n|move|p1a: Furret|Knock Off|p2a: Lunala\n|-supereffective|p2a: Lunala\n|-damage|p2a: Lunala|0 fnt\n|faint|p2a: Lunala\n|-damage|p1a: Furret|124/312|[from] item: Life Orb\n|\n|upkeep\n|\n|t:|1781423308\n|switch|p2a: Barraskewda|Barraskewda, L81, F|231/231\n|turn|9\n|\n|t:|1781423314\n|move|p2a: Barraskewda|Flip Turn|p1a: Furret\n|-damage|p1a: Furret|10/312\n|\n|t:|1781423319\n|switch|p2a: Luxray|Luxray, L88, M|284/284|[from] Flip Turn\n|-ability|p2a: Luxray|Intimidate|boost\n|-unboost|p1a: Furret|atk|1\n|move|p1a: Furret|Double-Edge|p2a: Luxray\n|-damage|p2a: Luxray|175/284\n|-damage|p1a: Furret|0 fnt|[from] Recoil\n|faint|p1a: Furret\n|\n|upkeep\n|\n|t:|1781423330\n|switch|p1a: Medicham|Medicham, L86, M|243/243\n|turn|10\n|\n|t:|1781423349\n|move|p1a: Medicham|Close Combat|p2a: Luxray\n|-damage|p2a: Luxray|0 fnt\n|-unboost|p1a: Medicham|def|1\n|-unboost|p1a: Medicham|spd|1\n|faint|p2a: Luxray\n|\n|upkeep\n|\n|t:|1781423351\n|switch|p2a: Barraskewda|Barraskewda, L81, F|231/231\n|turn|11\n|\n|t:|1781423367\n|move|p1a: Medicham|Close Combat|p2a: Barraskewda\n|-damage|p2a: Barraskewda|0 fnt\n|-unboost|p1a: Medicham|def|1\n|-unboost|p1a: Medicham|spd|1\n|faint|p2a: Barraskewda\n|\n|upkeep\n|-message|MakotoV7 forfeited.\n|\n|win|Arxz\n|raw|Arxz's rating: 1999 &rarr; <strong>2025</strong><br />(+26 for winning)\n|raw|MakotoV7's rating: 2098 &rarr; <strong>2072</strong><br />(-26 for losing)\n|l|\u2606MakotoV7\n|player|p2|\n", "inputlog": ">version a8376a258c1d4662feba110a92103f3664a72141\n>start {\"formatid\":\"gen9randombattle\",\"seed\":\"sodium,451c2720036c5a404d82c6655a2deea1\",\"rated\":\"Rated battle\"}\n>player p1 {\"name\":\"Arxz\",\"avatar\":\"hoopster\",\"rating\":1999,\"seed\":\"sodium,5a45eaa5bd82c46cc664d8def63a69f9\"}\n>player p2 {\"name\":\"MakotoV7\",\"avatar\":\"steven\",\"rating\":2098,\"seed\":\"sodium,0135eb5959b8dcc2d5ade3b7622bb04c\"}\n>p1 move icepunch\n>p2 move dualwingbeat\n>p2 switch 2\n>p1 switch 2\n>p2 move closecombat\n>p1 move spiritshackle\n>p2 switch 4\n>p1 move uturn\n>p2 move leafblade\n>p1 switch 2\n>p1 move closecombat\n>p2 move leafblade\n>p2 switch 3\n>p1 switch 5\n>p2 move calmmind\n>p1 move knockoff\n>p2 move moonblast\n>p1 move knockoff\n>p2 move moonlight\n>p2 switch 4\n>p1 move doubleedge\n>p2 move flipturn\n>p2 switch 6\n>p1 switch 5\n>p1 move closecombat\n>p2 move playrough\n>p2 switch 6\n>p1 move closecombat\n>p2 move waterfall\n>forcelose p2", "uploadtime": 1781423378, "views": 10, "formatid": "gen9randombattle", "rating": 2025, "private": 0, "password": null, "player_dets": [{"name": "Arxz", "avatar": "hoopster", "rating": 1999, "seed": "sodium,5a45eaa5bd82c46cc664d8def63a69f9"}, {"name": "MakotoV7", "avatar": "steven", "rating": 2098, "seed": "sodium,0135eb5959b8dcc2d5ade3b7622bb04c"}], "teams_full": [{"Medicham": {"name": "Medicham", "species": "Medicham", "speciesId": "medicham", "gender": "M", "shiny": false, "level": 86, "moves": ["closecombat", "icepunch", "poisonjab", "zenheadbutt"], "ability": "Pure Power", "evs": {"hp": 85, "atk": 85, "def": 85, "spa": 85, "spd": 85, "spe": 85}, "ivs": {"hp": 31, "atk": 31, "def": 31, "spa": 31, "spd": 31, "spe": 31}, "item": "Choice Scarf", "teraType": "Fighting", "role": "Fast Attacker", "bvs": {"hp": 60, "atk": 60, "def": 75, "spa": 60, "spd": 75, "spe": 80}, "stats": {"hp": 243, "atk": 152, "def": 178, "spa": 152, "spd": 178, "spe": 187}}, "Decidueye": {"name": "Decidueye", "species": "Decidueye", "speciesId": "decidueye", "gender": "F", "shiny": false, "level": 88, "moves": ["roost", "leafstorm", "spiritshackle", "uturn"], "ability": "Overgrow", "evs": {"hp": 85, "atk": 85, "def": 85, "spa": 85, "spd": 85, "spe": 85}, "ivs": {"hp": 31, "atk": 31, "def": 31, "spa": 31, "spd": 31, "spe": 31}, "item": "Heavy-Duty Boots", "teraType": "Ghost", "role": "Fast Support", "bvs": {"hp": 78, "atk": 107, "def": 75, "spa": 100, "spd": 100, "spe": 70}, "stats": {"hp": 281, "atk": 239, "def": 182, "spa": 226, "spd": 226, "spe": 173}}, "Grimmsnarl": {"name": "Grimmsnarl", "species": "Grimmsnarl", "speciesId": "grimmsnarl", "gender": "M", "shiny": false, "level": 83, "moves": ["partingshot", "reflect", "lightscreen", "spiritbreak"], "ability": "Prankster", "evs": {"hp": 85, "atk": 85, "def": 85, "spa": 85, "spd": 85, "spe": 85}, "ivs": {"hp": 31, "atk": 31, "def": 31, "spa": 31, "spd": 31, "spe": 31}, "item": "Light Clay", "teraType": "Steel", "role": "Bulky Support", "bvs": {"hp": 95, "atk": 120, "def": 65, "spa": 95, "spd": 75, "spe": 60}, "stats": {"hp": 293, "atk": 247, "def": 156, "spa": 205, "spd": 172, "spe": 147}}, "Blaziken": {"name": "Blaziken", "species": "Blaziken", "speciesId": "blaziken", "gender": "M", "shiny": false, "level": 76, "moves": ["knockoff", "closecombat", "flareblitz", "swordsdance"], "ability": "Speed Boost", "evs": {"hp": 85, "atk": 85, "def": 85, "spa": 85, "spd": 85, "spe": 85}, "ivs": {"hp": 31, "atk": 31, "def": 31, "spa": 31, "spd": 31, "spe": 31}, "item": "Life Orb", "teraType": "Dark", "role": "Setup Sweeper", "bvs": {"hp": 80, "atk": 120, "def": 70, "spa": 110, "spd": 70, "spe": 80}, "stats": {"hp": 247, "atk": 226, "def": 150, "spa": 211, "spd": 150, "spe": 166}}, "Furret": {"name": "Furret", "species": "Furret", "speciesId": "furret", "gender": "M", "shiny": false, "level": 94, "moves": ["brickbreak", "knockoff", "doubleedge", "tidyup"], "ability": "Frisk", "evs": {"hp": 85, "atk": 85, "def": 85, "spa": 85, "spd": 85, "spe": 85}, "ivs": {"hp": 31, "atk": 31, "def": 31, "spa": 31, "spd": 31, "spe": 31}, "item": "Life Orb", "teraType": "Normal", "role": "Setup Sweeper", "bvs": {"hp": 85, "atk": 76, "def": 64, "spa": 45, "spd": 55, "spe": 90}, "stats": {"hp": 312, "atk": 196, "def": 174, "spa": 138, "spd": 157, "spe": 223}}, "Comfey": {"name": "Comfey", "species": "Comfey", "speciesId": "comfey", "gender": "M", "shiny": false, "level": 85, "moves": ["drainingkiss", "calmmind", "taunt", "terablast"], "ability": "Triage", "evs": {"hp": 85, "atk": 0, "def": 85, "spa": 85, "spd": 85, "spe": 85}, "ivs": {"hp": 31, "atk": 0, "def": 31, "spa": 31, "spd": 31, "spe": 31}, "item": "Leftovers", "teraType": "Ground", "role": "Tera Blast user", "bvs": {"hp": 51, "atk": 52, "def": 90, "spa": 82, "spd": 110, "spe": 100}, "stats": {"hp": 225, "atk": 93, "def": 202, "spa": 188, "spd": 236, "spe": 219}}}, {"Salamence": {"name": "Salamence", "species": "Salamence", "speciesId": "salamence", "gender": "F", "shiny": false, "level": 77, "moves": ["outrage", "dualwingbeat", "dragondance", "earthquake"], "ability": "Moxie", "evs": {"hp": 85, "atk": 85, "def": 85, "spa": 85, "spd": 85, "spe": 85}, "ivs": {"hp": 31, "atk": 31, "def": 31, "spa": 31, "spd": 31, "spe": 31}, "item": "Heavy-Duty Boots", "teraType": "Dragon", "role": "Setup Sweeper", "bvs": {"hp": 95, "atk": 135, "def": 80, "spa": 110, "spd": 80, "spe": 100}, "stats": {"hp": 273, "atk": 252, "def": 168, "spa": 214, "spd": 168, "spe": 199}}, "Barraskewda": {"name": "Barraskewda", "species": "Barraskewda", "speciesId": "barraskewda", "gender": "F", "shiny": false, "level": 81, "moves": ["closecombat", "flipturn", "waterfall", "poisonjab"], "ability": "Swift Swim", "evs": {"hp": 85, "atk": 85, "def": 85, "spa": 85, "spd": 85, "spe": 85}, "ivs": {"hp": 31, "atk": 31, "def": 31, "spa": 31, "spd": 31, "spe": 31}, "item": "Choice Band", "teraType": "Water", "role": "Wallbreaker", "bvs": {"hp": 61, "atk": 123, "def": 60, "spa": 60, "spd": 50, "spe": 136}, "stats": {"hp": 231, "atk": 246, "def": 144, "spa": 144, "spd": 128, "spe": 267}}, "Lunala": {"name": "Lunala", "species": "Lunala", "speciesId": "lunala", "gender": "N", "shiny": false, "level": 70, "moves": ["moonlight", "moongeistbeam", "moonblast", "calmmind"], "ability": "Shadow Shield", "evs": {"hp": 85, "atk": 0, "def": 85, "spa": 85, "spd": 85, "spe": 85}, "ivs": {"hp": 31, "atk": 0, "def": 31, "spa": 31, "spd": 31, "spe": 31}, "item": "Leftovers", "teraType": "Fairy", "role": "Bulky Setup", "bvs": {"hp": 137, "atk": 113, "def": 89, "spa": 137, "spd": 107, "spe": 97}, "stats": {"hp": 308, "atk": 163, "def": 166, "spa": 233, "spd": 191, "spe": 177}}, "Virizion": {"name": "Virizion", "species": "Virizion", "speciesId": "virizion", "gender": "N", "shiny": false, "level": 82, "moves": ["swordsdance", "leafblade", "closecombat", "stoneedge"], "ability": "Justified", "evs": {"hp": 85, "atk": 85, "def": 85, "spa": 85, "spd": 85, "spe": 85}, "ivs": {"hp": 31, "atk": 31, "def": 31, "spa": 31, "spd": 31, "spe": 31}, "item": "Life Orb", "teraType": "Rock", "role": "Setup Sweeper", "bvs": {"hp": 91, "atk": 90, "def": 72, "spa": 90, "spd": 129, "spe": 108}, "stats": {"hp": 283, "atk": 195, "def": 165, "spa": 195, "spd": 259, "spe": 224}}, "Rotom": {"name": "Rotom", "species": "Rotom-Frost", "speciesId": "rotomfrost", "gender": "N", "shiny": false, "level": 87, "moves": ["thunderbolt", "nastyplot", "willowisp", "blizzard"], "ability": "Levitate", "evs": {"hp": 85, "atk": 0, "def": 85, "spa": 85, "spd": 85, "spe": 85}, "ivs": {"hp": 31, "atk": 0, "def": 31, "spa": 31, "spd": 31, "spe": 31}, "item": "Heavy-Duty Boots", "teraType": "Electric", "role": "Fast Attacker", "bvs": {"hp": 50, "atk": 65, "def": 107, "spa": 105, "spd": 107, "spe": 86}, "stats": {"hp": 229, "atk": 118, "def": 236, "spa": 232, "spd": 236, "spe": 199}}, "Luxray": {"name": "Luxray", "species": "Luxray", "speciesId": "luxray", "gender": "M", "shiny": false, "level": 88, "moves": ["voltswitch", "playrough", "icefang", "wildcharge"], "ability": "Intimidate", "evs": {"hp": 85, "atk": 85, "def": 85, "spa": 85, "spd": 85, "spe": 85}, "ivs": {"hp": 31, "atk": 31, "def": 31, "spa": 31, "spd": 31, "spe": 31}, "item": "Assault Vest", "teraType": "Fairy", "role": "AV Pivot", "bvs": {"hp": 80, "atk": 120, "def": 79, "spa": 95, "spd": 79, "spe": 70}, "stats": {"hp": 284, "atk": 261, "def": 189, "spa": 217, "spd": 189, "spe": 173}}}]}