{"id": "gen9randombattle-2631478734", "format": "[Gen 9] Random Battle", "players": ["Chicken347", "TheOldTimers"], "log": "|j|\u2606Chicken347\n|j|\u2606TheOldTimers\n|t:|1781389986\n|gametype|singles\n|player|p1|Chicken347|266|1943\n|player|p2|TheOldTimers|li|1927\n|gen|9\n|tier|[Gen 9] Random Battle\n|rated|\n|rule|Species Clause: Limit one of each Pok\u00e9mon\n|rule|HP Percentage Mod: HP is shown in percentages\n|rule|Sleep Clause Mod: Limit one foe put to sleep\n|rule|Illusion Level Mod: Illusion disguises the Pok\u00e9mon's true level\n|\n|t:|1781389986\n|teamsize|p1|6\n|teamsize|p2|6\n|start\n|switch|p1a: Hoopa|Hoopa-Unbound, L80|259/259\n|switch|p2a: Pecharunt|Pecharunt, L77|262/262\n|turn|1\n|\n|t:|1781389999\n|move|p2a: Pecharunt|Malignant Chain|p1a: Hoopa\n|-damage|p1a: Hoopa|198/259\n|-status|p1a: Hoopa|tox\n|-start|p1a: Hoopa|confusion|[from] ability: Poison Puppeteer|[of] p2a: Pecharunt\n|-activate|p1a: Hoopa|confusion\n|move|p1a: Hoopa|Hyperspace Fury|p2a: Pecharunt\n|-supereffective|p2a: Pecharunt\n|-crit|p2a: Pecharunt\n|-damage|p2a: Pecharunt|0 fnt\n|-unboost|p1a: Hoopa|def|1\n|faint|p2a: Pecharunt\n|\n|-damage|p1a: Hoopa|182/259 tox|[from] psn\n|upkeep\n|inactive|Battle timer is ON: inactive players will automatically lose when time's up. (requested by Chicken347)\n|c|\u2606TheOldTimers|Man\n|c|\u2606TheOldTimers|that stinks\n|\n|t:|1781390016\n|switch|p2a: Ambipom|Ambipom, L84, M|263/263\n|turn|2\n|\n|t:|1781390034\n|switch|p1a: Klefki|Klefki, L84, F|233/233\n|move|p2a: Ambipom|U-turn|p1a: Klefki\n|-resisted|p1a: Klefki\n|-damage|p1a: Klefki|220/233\n|\n|t:|1781390038\n|switch|p2a: Hippowdon|Hippowdon, L82, F|311/311|[from] U-turn\n|-weather|Sandstorm|[from] ability: Sand Stream|[of] p2a: Hippowdon\n|\n|-weather|Sandstorm|[upkeep]\n|-heal|p1a: Klefki|233/233|[from] item: Leftovers\n|upkeep\n|turn|3\n|\n|t:|1781390049\n|move|p1a: Klefki|Magnet Rise|p1a: Klefki\n|-start|p1a: Klefki|Magnet Rise\n|move|p2a: Hippowdon|Earthquake|p1a: Klefki\n|-immune|p1a: Klefki\n|\n|-weather|Sandstorm|[upkeep]\n|upkeep\n|turn|4\n|\n|t:|1781390053\n|switch|p2a: Gouging Fire|Gouging Fire, L74|277/277\n|move|p1a: Klefki|Spikes|p2a: Gouging Fire\n|-sidestart|p2: TheOldTimers|Spikes\n|\n|-weather|Sandstorm|[upkeep]\n|-damage|p2a: Gouging Fire|260/277|[from] Sandstorm\n|upkeep\n|turn|5\n|\n|t:|1781390061\n|switch|p1a: Krookodile|Krookodile, L79, M|280/280\n|-ability|p1a: Krookodile|Intimidate|boost\n|-unboost|p2a: Gouging Fire|atk|1\n|-terastallize|p2a: Gouging Fire|Ground\n|move|p2a: Gouging Fire|Dragon Dance|p2a: Gouging Fire\n|-boost|p2a: Gouging Fire|atk|1\n|-boost|p2a: Gouging Fire|spe|1\n|\n|-weather|Sandstorm|[upkeep]\n|upkeep\n|turn|6\n|\n|t:|1781390070\n|move|p2a: Gouging Fire|Dragon Dance|p2a: Gouging Fire\n|-boost|p2a: Gouging Fire|atk|1\n|-boost|p2a: Gouging Fire|spe|1\n|move|p1a: Krookodile|Bulk Up|p1a: Krookodile\n|-boost|p1a: Krookodile|atk|1\n|-boost|p1a: Krookodile|def|1\n|\n|-weather|none\n|upkeep\n|turn|7\n|\n|t:|1781390075\n|move|p2a: Gouging Fire|Heat Crash|p1a: Krookodile\n|-damage|p1a: Krookodile|160/280\n|move|p1a: Krookodile|Bulk Up|p1a: Krookodile\n|-boost|p1a: Krookodile|atk|1\n|-boost|p1a: Krookodile|def|1\n|\n|-heal|p1a: Krookodile|177/280|[from] item: Leftovers\n|upkeep\n|turn|8\n|\n|t:|1781390082\n|move|p2a: Gouging Fire|Heat Crash|p1a: Krookodile\n|-damage|p1a: Krookodile|77/280\n|move|p1a: Krookodile|Earthquake|p2a: Gouging Fire\n|-damage|p2a: Gouging Fire|85/277\n|\n|-heal|p1a: Krookodile|94/280|[from] item: Leftovers\n|upkeep\n|turn|9\n|\n|t:|1781390091\n|move|p2a: Gouging Fire|Heat Crash|p1a: Krookodile\n|-damage|p1a: Krookodile|0 fnt\n|faint|p1a: Krookodile\n|\n|upkeep\n|inactive|Chicken347 has 120 seconds left.\n|\n|t:|1781390121\n|switch|p1a: Lapras|Lapras, L87, M|368/368\n|turn|10\n|\n|t:|1781390127\n|move|p2a: Gouging Fire|Outrage|p1a: Lapras\n|-damage|p1a: Lapras|197/368\n|move|p1a: Lapras|Sparkling Aria|p2a: Gouging Fire\n|-supereffective|p2a: Gouging Fire\n|-damage|p2a: Gouging Fire|0 fnt\n|faint|p2a: Gouging Fire\n|-end|p2a: Gouging Fire|Protosynthesis|[silent]\n|\n|upkeep\n|\n|t:|1781390132\n|switch|p2a: Sawsbuck|Sawsbuck-Winter, L88, M|284/284\n|-damage|p2a: Sawsbuck|249/284|[from] Spikes\n|turn|11\n|\n|t:|1781390145\n|switch|p1a: Klefki|Klefki, L84, F|233/233\n|move|p2a: Sawsbuck|Horn Leech|p1a: Klefki\n|-resisted|p1a: Klefki\n|-damage|p1a: Klefki|175/233\n|-heal|p2a: Sawsbuck|278/284|[from] drain|[of] p1a: Klefki\n|-damage|p2a: Sawsbuck|250/284|[from] item: Life Orb\n|\n|-heal|p1a: Klefki|189/233|[from] item: Leftovers\n|upkeep\n|turn|12\n|\n|t:|1781390150\n|move|p1a: Klefki|Magnet Rise|p1a: Klefki\n|-start|p1a: Klefki|Magnet Rise\n|move|p2a: Sawsbuck|Swords Dance|p2a: Sawsbuck\n|-boost|p2a: Sawsbuck|atk|2\n|\n|-heal|p1a: Klefki|203/233|[from] item: Leftovers\n|upkeep\n|turn|13\n|\n|t:|1781390152\n|move|p1a: Klefki|Thunder Wave|p2a: Sawsbuck\n|-status|p2a: Sawsbuck|par\n|cant|p2a: Sawsbuck|par\n|\n|-heal|p1a: Klefki|217/233|[from] item: Leftovers\n|upkeep\n|turn|14\n|\n|t:|1781390174\n|move|p1a: Klefki|Play Rough|p2a: Sawsbuck\n|-crit|p2a: Sawsbuck\n|-damage|p2a: Sawsbuck|106/284 par\n|-unboost|p2a: Sawsbuck|atk|1\n|move|p2a: Sawsbuck|Horn Leech|p1a: Klefki\n|-resisted|p1a: Klefki\n|-damage|p1a: Klefki|139/233\n|-heal|p2a: Sawsbuck|145/284 par|[from] drain|[of] p1a: Klefki\n|-damage|p2a: Sawsbuck|117/284 par|[from] item: Life Orb\n|\n|-heal|p1a: Klefki|153/233|[from] item: Leftovers\n|upkeep\n|turn|15\n|\n|t:|1781390184\n|move|p1a: Klefki|Play Rough|p2a: Sawsbuck\n|-crit|p2a: Sawsbuck\n|-damage|p2a: Sawsbuck|0 fnt\n|faint|p2a: Sawsbuck\n|\n|-heal|p1a: Klefki|167/233|[from] item: Leftovers\n|upkeep\n|c|\u2606TheOldTimers|Dude\n|c|\u2606TheOldTimers|damn\n|\n|t:|1781390193\n|switch|p2a: Ceruledge|Ceruledge, L78, M|245/245\n|turn|16\n|c|\u2606Chicken347|Unlucky\n|\n|t:|1781390209\n|move|p1a: Klefki|Thunder Wave|p2a: Ceruledge\n|-status|p2a: Ceruledge|par\n|move|p2a: Ceruledge|Swords Dance|p2a: Ceruledge\n|-boost|p2a: Ceruledge|atk|2\n|\n|-heal|p1a: Klefki|181/233|[from] item: Leftovers\n|-end|p1a: Klefki|Magnet Rise\n|upkeep\n|turn|17\n|c|\u2606TheOldTimers|Well we\u2019ll have to rematch lol\n|\n|t:|1781390228\n|switch|p1a: Lapras|Lapras, L87, M|197/368\n|move|p2a: Ceruledge|Swords Dance|p2a: Ceruledge\n|-boost|p2a: Ceruledge|atk|2\n|\n|upkeep\n|turn|18\n|\n|t:|1781390233\n|move|p2a: Ceruledge|Shadow Sneak|p1a: Lapras\n|-damage|p1a: Lapras|64/368\n|move|p1a: Lapras|Sparkling Aria|p2a: Ceruledge\n|-supereffective|p2a: Ceruledge\n|-damage|p2a: Ceruledge|57/245 par\n|\n|upkeep\n|turn|19\n|\n|t:|1781390236\n|move|p2a: Ceruledge|Shadow Sneak|p1a: Lapras\n|-damage|p1a: Lapras|0 fnt\n|faint|p1a: Lapras\n|\n|upkeep\n|\n|t:|1781390251\n|switch|p1a: Glimmora|Glimmora, L75, F|248/248\n|turn|20\n|\n|t:|1781390257\n|cant|p2a: Ceruledge|par\n|move|p1a: Glimmora|Earth Power|p2a: Ceruledge\n|-supereffective|p2a: Ceruledge\n|-damage|p2a: Ceruledge|0 fnt\n|faint|p2a: Ceruledge\n|\n|upkeep\n|\n|t:|1781390261\n|switch|p2a: Hippowdon|Hippowdon, L82, F|311/311\n|-damage|p2a: Hippowdon|273/311|[from] Spikes\n|-weather|Sandstorm|[from] ability: Sand Stream|[of] p2a: Hippowdon\n|turn|21\n|-message|TheOldTimers forfeited.\n|\n|win|Chicken347\n", "inputlog": ">version a8376a258c1d4662feba110a92103f3664a72141\n>start {\"formatid\":\"gen9randombattle\",\"seed\":\"sodium,f48dafd279715e559501567874e3a097\",\"rated\":\"Rated battle\"}\n>player p1 {\"name\":\"Chicken347\",\"avatar\":\"266\",\"rating\":1943,\"seed\":\"sodium,bd5da2195e144381738ce924ba3312f7\"}\n>player p2 {\"name\":\"TheOldTimers\",\"avatar\":\"li\",\"rating\":1927,\"seed\":\"sodium,9e20f8fb4f9e1a8bc61c0dda16666841\"}\n>p1 move hyperspacefury\n>p2 move malignantchain\n>chat \u2606TheOldTimers|Man\n>chat \u2606TheOldTimers|that stinks\n>p2 switch 3\n>p1 switch 4\n>p2 move uturn\n>p2 switch 5\n>p1 move magnetrise\n>p2 move earthquake\n>p1 move spikes\n>p2 switch 2\n>p1 switch 3\n>p2 move dragondance terastallize\n>p1 move bulkup\n>p2 move dragondance\n>p1 move bulkup\n>p2 move heatcrash\n>p1 move earthquake\n>p2 move heatcrash\n>p1 move earthquake\n>p2 move heatcrash\n>p1 switch 5\n>p1 move sparklingaria\n>p2 move outrage\n>p2 switch 4\n>p1 switch 3\n>p2 move hornleech\n>p1 move magnetrise\n>p2 move swordsdance\n>p1 move thunderwave\n>p2 move hornleech\n>p1 move playrough\n>p2 move hornleech\n>p1 move playrough\n>p2 move doubleedge\n>chat \u2606TheOldTimers|Dude \n>chat \u2606TheOldTimers|damn\n>p2 switch 6\n>chat \u2606Chicken347|Unlucky \n>p1 move thunderwave\n>p2 move swordsdance\n>chat \u2606TheOldTimers|Well we\u2019ll have to rematch lol\n>p1 switch 3\n>p2 move swordsdance\n>p1 move sparklingaria\n>p2 move shadowsneak\n>p1 move sparklingaria\n>p2 move shadowsneak\n>p1 switch 6\n>p1 move earthpower\n>p2 move shadowsneak\n>p2 switch 2\n>forcelose p2", "uploadtime": 1781389988, "views": 6, "formatid": "gen9randombattle", "rating": null, "private": 0, "password": null, "player_dets": [{"name": "Chicken347", "avatar": "266", "rating": 1943, "seed": "sodium,bd5da2195e144381738ce924ba3312f7"}, {"name": "TheOldTimers", "avatar": "li", "rating": 1927, "seed": "sodium,9e20f8fb4f9e1a8bc61c0dda16666841"}], "teams_full": [{"Hoopa": {"name": "Hoopa", "species": "Hoopa-Unbound", "speciesId": "hoopaunbound", "gender": "N", "shiny": false, "level": 80, "moves": ["trick", "drainpunch", "gunkshot", "hyperspacefury"], "ability": "Magician", "evs": {"hp": 85, "atk": 85, "def": 85, "spa": 85, "spd": 85, "spe": 85}, "ivs": {"hp": 31, "atk": 31, "def": 31, "spa": 31, "spd": 31, "spe": 31}, "item": "Choice Band", "teraType": "Fighting", "role": "Wallbreaker", "bvs": {"hp": 80, "atk": 160, "def": 60, "spa": 170, "spd": 130, "spe": 80}, "stats": {"hp": 259, "atk": 302, "def": 142, "spa": 318, "spd": 254, "spe": 174}}, "Gallade": {"name": "Gallade", "species": "Gallade", "speciesId": "gallade", "gender": "M", "shiny": false, "level": 80, "moves": ["psychocut", "nightslash", "sacredsword", "leafblade"], "ability": "Sharpness", "evs": {"hp": 85, "atk": 85, "def": 85, "spa": 85, "spd": 85, "spe": 85}, "ivs": {"hp": 31, "atk": 31, "def": 31, "spa": 31, "spd": 31, "spe": 31}, "item": "Choice Scarf", "teraType": "Grass", "role": "Fast Attacker", "bvs": {"hp": 68, "atk": 125, "def": 65, "spa": 65, "spd": 115, "spe": 80}, "stats": {"hp": 240, "atk": 246, "def": 150, "spa": 150, "spd": 230, "spe": 174}}, "Krookodile": {"name": "Krookodile", "species": "Krookodile", "speciesId": "krookodile", "gender": "M", "shiny": false, "level": 79, "moves": ["gunkshot", "earthquake", "bulkup", "knockoff"], "ability": "Intimidate", "evs": {"hp": 85, "atk": 85, "def": 85, "spa": 85, "spd": 85, "spe": 85}, "ivs": {"hp": 31, "atk": 31, "def": 31, "spa": 31, "spd": 31, "spe": 31}, "item": "Leftovers", "teraType": "Poison", "role": "Bulky Setup", "bvs": {"hp": 95, "atk": 117, "def": 80, "spa": 65, "spd": 70, "spe": 92}, "stats": {"hp": 280, "atk": 230, "def": 172, "spa": 148, "spd": 156, "spe": 191}}, "Klefki": {"name": "Klefki", "species": "Klefki", "speciesId": "klefki", "gender": "F", "shiny": false, "level": 84, "moves": ["playrough", "thunderwave", "magnetrise", "spikes"], "ability": "Prankster", "evs": {"hp": 85, "atk": 85, "def": 85, "spa": 85, "spd": 85, "spe": 85}, "ivs": {"hp": 31, "atk": 31, "def": 31, "spa": 31, "spd": 31, "spe": 31}, "item": "Leftovers", "teraType": "Water", "role": "Bulky Support", "bvs": {"hp": 57, "atk": 80, "def": 91, "spa": 80, "spd": 87, "spe": 75}, "stats": {"hp": 233, "atk": 183, "def": 201, "spa": 183, "spd": 194, "spe": 174}}, "Lapras": {"name": "Lapras", "species": "Lapras", "speciesId": "lapras", "gender": "M", "shiny": false, "level": 87, "moves": ["rest", "sleeptalk", "freezedry", "sparklingaria"], "ability": "Water Absorb", "evs": {"hp": 85, "atk": 0, "def": 85, "spa": 85, "spd": 85, "spe": 85}, "ivs": {"hp": 31, "atk": 0, "def": 31, "spa": 31, "spd": 31, "spe": 31}, "item": "Heavy-Duty Boots", "teraType": "Dragon", "role": "Bulky Attacker", "bvs": {"hp": 130, "atk": 85, "def": 80, "spa": 85, "spd": 95, "spe": 60}, "stats": {"hp": 368, "atk": 152, "def": 189, "spa": 198, "spd": 215, "spe": 154}}, "Glimmora": {"name": "Glimmora", "species": "Glimmora", "speciesId": "glimmora", "gender": "F", "shiny": false, "level": 75, "moves": ["earthpower", "energyball", "meteorbeam", "sludgewave"], "ability": "Toxic Debris", "evs": {"hp": 85, "atk": 0, "def": 85, "spa": 85, "spd": 85, "spe": 85}, "ivs": {"hp": 31, "atk": 0, "def": 31, "spa": 31, "spd": 31, "spe": 31}, "item": "Power Herb", "teraType": "Grass", "role": "Setup Sweeper", "bvs": {"hp": 83, "atk": 55, "def": 90, "spa": 130, "spd": 81, "spe": 86}, "stats": {"hp": 248, "atk": 87, "def": 179, "spa": 239, "spd": 165, "spe": 173}}}, {"Pecharunt": {"name": "Pecharunt", "species": "Pecharunt", "speciesId": "pecharunt", "gender": "N", "shiny": false, "level": 77, "moves": ["partingshot", "malignantchain", "shadowball", "recover"], "ability": "Poison Puppeteer", "evs": {"hp": 85, "atk": 0, "def": 85, "spa": 85, "spd": 85, "spe": 85}, "ivs": {"hp": 31, "atk": 0, "def": 31, "spa": 31, "spd": 31, "spe": 31}, "item": "Leftovers", "teraType": "Dark", "role": "Bulky Attacker", "bvs": {"hp": 88, "atk": 88, "def": 160, "spa": 88, "spd": 88, "spe": 88}, "stats": {"hp": 262, "atk": 140, "def": 291, "spa": 180, "spd": 180, "spe": 180}}, "Gouging Fire": {"name": "Gouging Fire", "species": "Gouging Fire", "speciesId": "gougingfire", "gender": "N", "shiny": false, "level": 74, "moves": ["heatcrash", "outrage", "earthquake", "dragondance"], "ability": "Protosynthesis", "evs": {"hp": 85, "atk": 85, "def": 85, "spa": 85, "spd": 85, "spe": 85}, "ivs": {"hp": 31, "atk": 31, "def": 31, "spa": 31, "spd": 31, "spe": 31}, "item": "Heavy-Duty Boots", "teraType": "Ground", "role": "Setup Sweeper", "bvs": {"hp": 105, "atk": 115, "def": 121, "spa": 65, "spd": 93, "spe": 91}, "stats": {"hp": 277, "atk": 213, "def": 222, "spa": 139, "spd": 181, "spe": 178}}, "Ambipom": {"name": "Ambipom", "species": "Ambipom", "speciesId": "ambipom", "gender": "M", "shiny": false, "level": 84, "moves": ["fakeout", "uturn", "knockoff", "doubleedge"], "ability": "Technician", "evs": {"hp": 85, "atk": 85, "def": 85, "spa": 85, "spd": 85, "spe": 85}, "ivs": {"hp": 31, "atk": 31, "def": 31, "spa": 31, "spd": 31, "spe": 31}, "item": "Silk Scarf", "teraType": "Normal", "role": "Wallbreaker", "bvs": {"hp": 75, "atk": 100, "def": 66, "spa": 60, "spd": 66, "spe": 115}, "stats": {"hp": 263, "atk": 216, "def": 159, "spa": 149, "spd": 159, "spe": 241}}, "Sawsbuck": {"name": "Sawsbuck", "species": "Sawsbuck-Winter", "speciesId": "sawsbuck", "gender": "M", "shiny": false, "level": 88, "moves": ["doubleedge", "hornleech", "highhorsepower", "swordsdance"], "ability": "Sap Sipper", "evs": {"hp": 85, "atk": 85, "def": 85, "spa": 85, "spd": 85, "spe": 85}, "ivs": {"hp": 31, "atk": 31, "def": 31, "spa": 31, "spd": 31, "spe": 31}, "item": "Life Orb", "teraType": "Normal", "role": "Setup Sweeper", "bvs": {"hp": 80, "atk": 100, "def": 70, "spa": 60, "spd": 70, "spe": 95}, "stats": {"hp": 284, "atk": 226, "def": 173, "spa": 156, "spd": 173, "spe": 217}}, "Hippowdon": {"name": "Hippowdon", "species": "Hippowdon", "speciesId": "hippowdon", "gender": "F", "shiny": false, "level": 82, "moves": ["slackoff", "earthquake", "stoneedge", "stealthrock"], "ability": "Sand Stream", "evs": {"hp": 85, "atk": 85, "def": 85, "spa": 85, "spd": 85, "spe": 85}, "ivs": {"hp": 31, "atk": 31, "def": 31, "spa": 31, "spd": 31, "spe": 31}, "item": "Leftovers", "teraType": "Dragon", "role": "Bulky Support", "bvs": {"hp": 108, "atk": 112, "def": 118, "spa": 68, "spd": 72, "spe": 47}, "stats": {"hp": 311, "atk": 231, "def": 241, "spa": 159, "spd": 165, "spe": 124}}, "Ceruledge": {"name": "Ceruledge", "species": "Ceruledge", "speciesId": "ceruledge", "gender": "M", "shiny": false, "level": 78, "moves": ["poltergeist", "shadowsneak", "swordsdance", "bitterblade"], "ability": "Weak Armor", "evs": {"hp": 85, "atk": 85, "def": 85, "spa": 85, "spd": 85, "spe": 85}, "ivs": {"hp": 31, "atk": 31, "def": 31, "spa": 31, "spd": 31, "spe": 31}, "item": "Heavy-Duty Boots", "teraType": "Ghost", "role": "Setup Sweeper", "bvs": {"hp": 75, "atk": 125, "def": 80, "spa": 60, "spd": 100, "spe": 85}, "stats": {"hp": 245, "atk": 240, "def": 170, "spa": 139, "spd": 201, "spe": 178}}}]}