{"id": "gen9randombattle-2631467929", "format": "[Gen 9] Random Battle", "players": ["trevorstmcgoodbody", "Webby47_"], "log": "|j|\u2606trevorstmcgoodbody\n|j|\u203dWebby47_\n|t:|1781388413\n|gametype|singles\n|player|p1|trevorstmcgoodbody|170|2055\n|player|p2|Webby47_|266|2075\n|gen|9\n|tier|[Gen 9] Random Battle\n|rated|\n|rule|Species Clause: Limit one of each Pok\u00e9mon\n|rule|HP Percentage Mod: HP is shown in percentages\n|rule|Sleep Clause Mod: Limit one foe put to sleep\n|rule|Illusion Level Mod: Illusion disguises the Pok\u00e9mon's true level\n|\n|t:|1781388413\n|teamsize|p1|6\n|teamsize|p2|6\n|start\n|switch|p1a: Swampert|Swampert, L83, M|302/302\n|switch|p2a: Bisharp|Bisharp, L79, F|232/232\n|turn|1\n|inactive|Battle timer is ON: inactive players will automatically lose when time's up. (requested by trevorstmcgoodbody)\n|\n|t:|1781388420\n|move|p2a: Bisharp|Swords Dance|p2a: Bisharp\n|-boost|p2a: Bisharp|atk|2\n|move|p1a: Swampert|Earthquake|p2a: Bisharp\n|-supereffective|p2a: Bisharp\n|-damage|p2a: Bisharp|76/232\n|\n|upkeep\n|turn|2\n|\n|t:|1781388430\n|move|p2a: Bisharp|Throat Chop|p1a: Swampert\n|-damage|p1a: Swampert|109/302\n|-start|p1a: Swampert|Throat Chop|[silent]\n|move|p1a: Swampert|Stealth Rock|p2a: Bisharp\n|-sidestart|p2: Webby47_|move: Stealth Rock\n|\n|-heal|p1a: Swampert|127/302|[from] item: Leftovers\n|upkeep\n|turn|3\n|\n|t:|1781388441\n|move|p2a: Bisharp|Throat Chop|p1a: Swampert\n|-damage|p1a: Swampert|0 fnt\n|faint|p1a: Swampert\n|\n|upkeep\n|\n|t:|1781388444\n|switch|p1a: Fezandipiti|Fezandipiti, L82, M|278/278\n|turn|4\n|\n|t:|1781388452\n|move|p1a: Fezandipiti|Moonblast|p2a: Bisharp\n|-damage|p2a: Bisharp|16/232\n|move|p2a: Bisharp|Iron Head|p1a: Fezandipiti\n|-supereffective|p1a: Fezandipiti\n|-damage|p1a: Fezandipiti|0 fnt\n|faint|p1a: Fezandipiti\n|\n|upkeep\n|\n|t:|1781388463\n|switch|p1a: Oricorio|Oricorio-Pom-Pom, L82, F|257/257\n|turn|5\n|\n|t:|1781388469\n|move|p1a: Oricorio|Quiver Dance|p1a: Oricorio\n|-boost|p1a: Oricorio|spa|1\n|-boost|p1a: Oricorio|spd|1\n|-boost|p1a: Oricorio|spe|1\n|move|p2a: Bisharp|Throat Chop|p1a: Oricorio\n|-damage|p1a: Oricorio|35/257\n|-start|p1a: Oricorio|Throat Chop|[silent]\n|\n|upkeep\n|turn|6\n|\n|t:|1781388474\n|move|p1a: Oricorio|Revelation Dance|p2a: Bisharp\n|-damage|p2a: Bisharp|0 fnt\n|faint|p2a: Bisharp\n|\n|-end|p1a: Oricorio|Throat Chop|[silent]\n|upkeep\n|\n|t:|1781388476\n|switch|p2a: Banette|Banette, L93, M|270/270\n|-damage|p2a: Banette|237/270|[from] Stealth Rock\n|turn|7\n|\n|t:|1781388482\n|switch|p1a: Porygon2|Porygon2, L81|270/270\n|-ability|p1a: Porygon2|Download|boost\n|-boost|p1a: Porygon2|spa|1\n|move|p2a: Banette|Shadow Sneak|p1a: Porygon2\n|-immune|p1a: Porygon2\n|\n|upkeep\n|turn|8\n|inactive|trevorstmcgoodbody has 120 seconds left.\n|\n|t:|1781388514\n|switch|p2a: Scream Tail|Scream Tail, L84|330/330\n|-damage|p2a: Scream Tail|289/330|[from] Stealth Rock\n|move|p1a: Porygon2|Discharge|p2a: Scream Tail\n|-damage|p2a: Scream Tail|218/330\n|-status|p2a: Scream Tail|par\n|\n|-heal|p2a: Scream Tail|238/330 par|[from] item: Leftovers\n|upkeep\n|turn|9\n|\n|t:|1781388521\n|move|p1a: Porygon2|Tri Attack|p2a: Scream Tail\n|-damage|p2a: Scream Tail|139/330 par\n|move|p2a: Scream Tail|Thunder Wave|p1a: Porygon2|[miss]\n|-miss|p2a: Scream Tail|p1a: Porygon2\n|\n|-heal|p2a: Scream Tail|159/330 par|[from] item: Leftovers\n|upkeep\n|turn|10\n|\n|t:|1781388527\n|switch|p1a: Oricorio|Oricorio-Pom-Pom, L82, F|35/257\n|move|p2a: Scream Tail|Thunder Wave|p1a: Oricorio\n|-immune|p1a: Oricorio\n|\n|-heal|p2a: Scream Tail|179/330 par|[from] item: Leftovers\n|upkeep\n|turn|11\n|\n|t:|1781388549\n|-end|p2a: Scream Tail|Protosynthesis|[silent]\n|switch|p2a: Espeon|Espeon, L84, M|246/246\n|-damage|p2a: Espeon|216/246|[from] Stealth Rock\n|move|p1a: Oricorio|Roost|p1a: Oricorio\n|-heal|p1a: Oricorio|164/257\n|-singleturn|p1a: Oricorio|move: Roost\n|\n|upkeep\n|turn|12\n|\n|t:|1781388557\n|switch|p1a: Ting-Lu|Ting-Lu, L78|370/370\n|-ability|p1a: Ting-Lu|Vessel of Ruin\n|move|p2a: Espeon|Psychic|p1a: Ting-Lu\n|-immune|p1a: Ting-Lu\n|\n|upkeep\n|turn|13\n|\n|t:|1781388563\n|switch|p2a: Clawitzer|Clawitzer, L87, F|265/265\n|-damage|p2a: Clawitzer|232/265|[from] Stealth Rock\n|move|p1a: Ting-Lu|Throat Chop|p2a: Clawitzer\n|-damage|p2a: Clawitzer|154/265\n|-start|p2a: Clawitzer|Throat Chop|[silent]\n|\n|upkeep\n|turn|14\n|\n|t:|1781388575\n|switch|p1a: Oricorio|Oricorio-Pom-Pom, L82, F|164/257\n|move|p2a: Clawitzer|Water Pulse|p1a: Oricorio\n|-damage|p1a: Oricorio|0 fnt\n|faint|p1a: Oricorio\n|\n|-end|p2a: Clawitzer|Throat Chop|[silent]\n|upkeep\n|\n|t:|1781388580\n|switch|p1a: Porygon2|Porygon2, L81|270/270\n|-ability|p1a: Porygon2|Download|boost\n|-boost|p1a: Porygon2|atk|1\n|turn|15\n|\n|t:|1781388587\n|move|p2a: Clawitzer|Water Pulse|p1a: Porygon2\n|-damage|p1a: Porygon2|149/270\n|move|p1a: Porygon2|Discharge|p2a: Clawitzer\n|-supereffective|p2a: Clawitzer\n|-damage|p2a: Clawitzer|48/265\n|-status|p2a: Clawitzer|par\n|\n|upkeep\n|turn|16\n|\n|t:|1781388602\n|switch|p2a: Banette|Banette, L93, M|237/270\n|-damage|p2a: Banette|204/270|[from] Stealth Rock\n|move|p1a: Porygon2|Tri Attack|p2a: Banette\n|-immune|p2a: Banette\n|\n|upkeep\n|turn|17\n|\n|t:|1781388608\n|switch|p1a: Ting-Lu|Ting-Lu, L78|370/370\n|-ability|p1a: Ting-Lu|Vessel of Ruin\n|move|p2a: Banette|Swords Dance|p2a: Banette\n|-boost|p2a: Banette|atk|2\n|\n|upkeep\n|turn|18\n|\n|t:|1781388615\n|switch|p2a: Clawitzer|Clawitzer, L87, F|48/265 par\n|-damage|p2a: Clawitzer|15/265 par|[from] Stealth Rock\n|move|p1a: Ting-Lu|Throat Chop|p2a: Clawitzer\n|-damage|p2a: Clawitzer|0 fnt\n|faint|p2a: Clawitzer\n|\n|upkeep\n|\n|t:|1781388627\n|switch|p2a: Sunflora|Sunflora, M|312/312\n|-damage|p2a: Sunflora|273/312|[from] Stealth Rock\n|turn|19\n|\n|t:|1781388642\n|move|p2a: Sunflora|Leaf Storm|p1a: Ting-Lu|[miss]\n|-miss|p2a: Sunflora|p1a: Ting-Lu\n|move|p1a: Ting-Lu|Throat Chop|p2a: Sunflora\n|-damage|p2a: Sunflora|173/312\n|-start|p2a: Sunflora|Throat Chop|[silent]\n|\n|upkeep\n|turn|20\n|\n|t:|1781388647\n|switch|p1a: Porygon2|Porygon2, L81|149/270\n|-ability|p1a: Porygon2|Download|boost\n|-boost|p1a: Porygon2|atk|1\n|move|p2a: Sunflora|Leaf Storm|p1a: Porygon2|[miss]\n|-miss|p2a: Sunflora|p1a: Porygon2\n|\n|-end|p2a: Sunflora|Throat Chop|[silent]\n|upkeep\n|turn|21\n|\n|t:|1781388655\n|switch|p2a: Espeon|Espeon, L84, M|216/246\n|-damage|p2a: Espeon|186/246|[from] Stealth Rock\n|move|p1a: Porygon2|Recover|p1a: Porygon2\n|-heal|p1a: Porygon2|270/270\n|\n|upkeep\n|turn|22\n|\n|t:|1781388666\n|move|p2a: Espeon|Psychic|p1a: Porygon2\n|-damage|p1a: Porygon2|161/270\n|-unboost|p1a: Porygon2|spd|1\n|-damage|p2a: Espeon|162/246|[from] item: Life Orb\n|move|p1a: Porygon2|Discharge|p2a: Espeon\n|-damage|p2a: Espeon|108/246\n|\n|upkeep\n|turn|23\n|\n|t:|1781388677\n|switch|p1a: Ting-Lu|Ting-Lu, L78|370/370\n|-ability|p1a: Ting-Lu|Vessel of Ruin\n|move|p2a: Espeon|Alluring Voice|p1a: Ting-Lu\n|-supereffective|p1a: Ting-Lu\n|-damage|p1a: Ting-Lu|201/370\n|-damage|p2a: Espeon|84/246|[from] item: Life Orb\n|\n|-heal|p1a: Ting-Lu|224/370|[from] item: Leftovers\n|upkeep\n|turn|24\n|\n|t:|1781388683\n|switch|p2a: Scream Tail|Scream Tail, L84|179/330 par\n|-damage|p2a: Scream Tail|138/330 par|[from] Stealth Rock\n|move|p1a: Ting-Lu|Throat Chop|p2a: Scream Tail\n|-damage|p2a: Scream Tail|62/330 par\n|-start|p2a: Scream Tail|Throat Chop|[silent]\n|\n|-heal|p2a: Scream Tail|82/330 par|[from] item: Leftovers\n|-heal|p1a: Ting-Lu|247/370|[from] item: Leftovers\n|upkeep\n|turn|25\n|\n|t:|1781388700\n|move|p2a: Scream Tail|Wish|p2a: Scream Tail\n|move|p1a: Ting-Lu|Earthquake|p2a: Scream Tail\n|-crit|p2a: Scream Tail\n|-damage|p2a: Scream Tail|0 fnt\n|faint|p2a: Scream Tail\n|-end|p2a: Scream Tail|Protosynthesis|[silent]\n|\n|-heal|p1a: Ting-Lu|270/370|[from] item: Leftovers\n|upkeep\n|\n|t:|1781388703\n|switch|p2a: Sunflora|Sunflora, M|173/312\n|-damage|p2a: Sunflora|134/312|[from] Stealth Rock\n|turn|26\n|inactive|trevorstmcgoodbody has 120 seconds left.\n|\n|t:|1781388747\n|switch|p1a: Porygon2|Porygon2, L81|161/270\n|-ability|p1a: Porygon2|Download|boost\n|-boost|p1a: Porygon2|atk|1\n|move|p2a: Sunflora|Leaf Storm|p1a: Porygon2\n|-damage|p1a: Porygon2|0 fnt\n|-unboost|p2a: Sunflora|spa|2\n|faint|p1a: Porygon2\n|\n|-heal|p2a: Sunflora|299/312|[from] move: Wish|[wisher] Scream Tail\n|upkeep\n|\n|t:|1781388753\n|switch|p1a: Kyurem|Kyurem-Black, L71|295/295\n|-ability|p1a: Kyurem|Teravolt\n|turn|27\n|\n|t:|1781388759\n|switch|p2a: Espeon|Espeon, L84, M|84/246\n|-damage|p2a: Espeon|54/246|[from] Stealth Rock\n|move|p1a: Kyurem|Dragon Dance|p1a: Kyurem\n|-boost|p1a: Kyurem|atk|1\n|-boost|p1a: Kyurem|spe|1\n|\n|upkeep\n|turn|28\n|\n|t:|1781388769\n|move|p1a: Kyurem|Icicle Spear|p2a: Espeon\n|-damage|p2a: Espeon|0 fnt\n|faint|p2a: Espeon\n|-hitcount|p2: Espeon|1\n|\n|upkeep\n|\n|t:|1781388771\n|switch|p2a: Sunflora|Sunflora, M|299/312\n|-damage|p2a: Sunflora|260/312|[from] Stealth Rock\n|turn|29\n|\n|t:|1781388783\n|-terastallize|p2a: Sunflora|Poison\n|move|p1a: Kyurem|Icicle Spear|p2a: Sunflora\n|-damage|p2a: Sunflora|205/312\n|-damage|p2a: Sunflora|151/312\n|-damage|p2a: Sunflora|93/312\n|-damage|p2a: Sunflora|36/312\n|-hitcount|p2a: Sunflora|4\n|move|p2a: Sunflora|Dazzling Gleam|p1a: Kyurem\n|-supereffective|p1a: Kyurem\n|-damage|p1a: Kyurem|0 fnt\n|faint|p1a: Kyurem\n|\n|upkeep\n|\n|t:|1781388787\n|switch|p1a: Ting-Lu|Ting-Lu, L78|270/370\n|-ability|p1a: Ting-Lu|Vessel of Ruin\n|turn|30\n|inactive|Webby47_ has 120 seconds left.\n|\n|t:|1781388818\n|switch|p2a: Banette|Banette, L93, M|204/270\n|-damage|p2a: Banette|171/270|[from] Stealth Rock\n|-terastallize|p1a: Ting-Lu|Poison\n|move|p1a: Ting-Lu|Throat Chop|p2a: Banette\n|-supereffective|p2a: Banette\n|-damage|p2a: Banette|0 fnt\n|faint|p2a: Banette\n|\n|-heal|p1a: Ting-Lu|293/370|[from] item: Leftovers\n|upkeep\n|\n|t:|1781388819\n|switch|p2a: Sunflora|Sunflora, M, tera:Poison|36/312\n|-damage|p2a: Sunflora|0 fnt|[from] Stealth Rock\n|faint|p2a: Sunflora\n|\n|win|trevorstmcgoodbody\n", "inputlog": ">version a8376a258c1d4662feba110a92103f3664a72141\n>start {\"formatid\":\"gen9randombattle\",\"seed\":\"sodium,13e9e64d0739769c3354b022a82e22f3\",\"rated\":\"Rated battle\"}\n>player p1 {\"name\":\"trevorstmcgoodbody\",\"avatar\":\"170\",\"rating\":2055,\"seed\":\"sodium,c2e5e21bca1a28c9c367d2d0efaa4819\"}\n>player p2 {\"name\":\"Webby47_\",\"avatar\":\"266\",\"rating\":2075,\"seed\":\"sodium,7e08865964bdf21bf5a9f6433c7d1b9f\"}\n>p1 move earthquake\n>p2 move swordsdance\n>p1 move stealthrock\n>p2 move throatchop\n>p1 move earthquake\n>p2 move throatchop\n>p1 switch 6\n>p1 move moonblast\n>p2 move ironhead\n>p1 switch 3\n>p1 move quiverdance\n>p2 move throatchop\n>p1 move revelationdance\n>p2 move throatchop\n>p2 switch 3\n>p1 switch 2\n>p2 move shadowsneak\n>p1 move discharge\n>p2 switch 4\n>p1 move triattack\n>p2 move thunderwave\n>p1 switch 2\n>p2 move thunderwave\n>p1 move roost\n>p2 switch 5\n>p1 switch 4\n>p2 move psychic\n>p1 move throatchop\n>p2 switch 2\n>p1 switch 4\n>p2 move waterpulse\n>p1 switch 2\n>p1 move discharge\n>p2 move waterpulse\n>p1 move triattack\n>p2 switch 4\n>p1 switch 4\n>p2 move swordsdance\n>p1 move throatchop\n>p2 switch 4\n>p2 switch 6\n>p1 move throatchop\n>p2 move leafstorm\n>p1 switch 4\n>p2 move leafstorm\n>p1 move recover\n>p2 switch 2\n>p1 move discharge\n>p2 move psychic\n>p1 switch 4\n>p2 move alluringvoice\n>p1 move throatchop\n>p2 switch 5\n>p1 move earthquake\n>p2 move wish\n>p2 switch 2\n>p1 switch 4\n>p2 move leafstorm\n>p1 switch 5\n>p1 move dragondance\n>p2 switch 5\n>p1 move iciclespear\n>p2 move alluringvoice\n>p2 switch 5\n>p1 move iciclespear\n>p2 move dazzlinggleam terastallize\n>p1 switch 4\n>p1 move throatchop terastallize\n>p2 switch 4\n>p2 switch 4", "uploadtime": 1781388415, "views": 5, "formatid": "gen9randombattle", "rating": null, "private": 0, "password": null, "player_dets": [{"name": "trevorstmcgoodbody", "avatar": "170", "rating": 2055, "seed": "sodium,c2e5e21bca1a28c9c367d2d0efaa4819"}, {"name": "Webby47_", "avatar": "266", "rating": 2075, "seed": "sodium,7e08865964bdf21bf5a9f6433c7d1b9f"}], "teams_full": [{"Swampert": {"name": "Swampert", "species": "Swampert", "speciesId": "swampert", "gender": "M", "shiny": false, "level": 83, "moves": ["knockoff", "stealthrock", "roar", "earthquake"], "ability": "Damp", "evs": {"hp": 85, "atk": 85, "def": 85, "spa": 85, "spd": 85, "spe": 85}, "ivs": {"hp": 31, "atk": 31, "def": 31, "spa": 31, "spd": 31, "spe": 31}, "item": "Leftovers", "teraType": "Steel", "role": "Bulky Support", "bvs": {"hp": 100, "atk": 110, "def": 90, "spa": 85, "spd": 90, "spe": 60}, "stats": {"hp": 302, "atk": 230, "def": 197, "spa": 189, "spd": 197, "spe": 147}}, "Porygon2": {"name": "Porygon2", "species": "Porygon2", "speciesId": "porygon2", "gender": "N", "shiny": false, "level": 81, "moves": ["discharge", "icebeam", "triattack", "recover"], "ability": "Download", "evs": {"hp": 85, "atk": 0, "def": 85, "spa": 85, "spd": 85, "spe": 85}, "ivs": {"hp": 31, "atk": 0, "def": 31, "spa": 31, "spd": 31, "spe": 31}, "item": "Eviolite", "teraType": "Ghost", "role": "Bulky Support", "bvs": {"hp": 85, "atk": 80, "def": 90, "spa": 105, "spd": 95, "spe": 60}, "stats": {"hp": 270, "atk": 134, "def": 192, "spa": 217, "spd": 201, "spe": 144}}, "Oricorio": {"name": "Oricorio", "species": "Oricorio-Pom-Pom", "speciesId": "oricoriopompom", "gender": "F", "shiny": false, "level": 82, "moves": ["roost", "revelationdance", "quiverdance", "hurricane"], "ability": "Dancer", "evs": {"hp": 85, "atk": 0, "def": 85, "spa": 85, "spd": 85, "spe": 85}, "ivs": {"hp": 31, "atk": 0, "def": 31, "spa": 31, "spd": 31, "spe": 31}, "item": "Heavy-Duty Boots", "teraType": "Ground", "role": "Setup Sweeper", "bvs": {"hp": 75, "atk": 70, "def": 70, "spa": 98, "spd": 70, "spe": 93}, "stats": {"hp": 257, "atk": 119, "def": 162, "spa": 208, "spd": 162, "spe": 200}}, "Ting-Lu": {"name": "Ting-Lu", "species": "Ting-Lu", "speciesId": "tinglu", "gender": "N", "shiny": false, "level": 78, "moves": ["whirlwind", "spikes", "earthquake", "throatchop"], "ability": "Vessel of Ruin", "evs": {"hp": 85, "atk": 85, "def": 85, "spa": 85, "spd": 85, "spe": 85}, "ivs": {"hp": 31, "atk": 31, "def": 31, "spa": 31, "spd": 31, "spe": 31}, "item": "Leftovers", "teraType": "Poison", "role": "Bulky Support", "bvs": {"hp": 155, "atk": 110, "def": 125, "spa": 55, "spd": 80, "spe": 45}, "stats": {"hp": 370, "atk": 217, "def": 240, "spa": 131, "spd": 170, "spe": 115}}, "Kyurem": {"name": "Kyurem", "species": "Kyurem-Black", "speciesId": "kyuremblack", "gender": "N", "shiny": false, "level": 71, "moves": ["terablast", "scaleshot", "dragondance", "iciclespear"], "ability": "Teravolt", "evs": {"hp": 85, "atk": 85, "def": 85, "spa": 85, "spd": 85, "spe": 85}, "ivs": {"hp": 31, "atk": 31, "def": 31, "spa": 31, "spd": 31, "spe": 31}, "item": "Loaded Dice", "teraType": "Ground", "role": "Tera Blast user", "bvs": {"hp": 125, "atk": 170, "def": 100, "spa": 120, "spd": 90, "spe": 95}, "stats": {"hp": 295, "atk": 283, "def": 183, "spa": 212, "spd": 169, "spe": 176}}, "Fezandipiti": {"name": "Fezandipiti", "species": "Fezandipiti", "speciesId": "fezandipiti", "gender": "M", "shiny": false, "level": 82, "moves": ["uturn", "moonblast", "roost", "gunkshot"], "ability": "Toxic Chain", "evs": {"hp": 85, "atk": 85, "def": 85, "spa": 85, "spd": 85, "spe": 85}, "ivs": {"hp": 31, "atk": 31, "def": 31, "spa": 31, "spd": 31, "spe": 31}, "item": "Leftovers", "teraType": "Steel", "role": "Bulky Attacker", "bvs": {"hp": 88, "atk": 91, "def": 82, "spa": 70, "spd": 125, "spe": 99}, "stats": {"hp": 278, "atk": 196, "def": 182, "spa": 162, "spd": 252, "spe": 210}}}, {"Bisharp": {"name": "Bisharp", "species": "Bisharp", "speciesId": "bisharp", "gender": "F", "shiny": false, "level": 79, "moves": ["suckerpunch", "throatchop", "swordsdance", "ironhead"], "ability": "Defiant", "evs": {"hp": 85, "atk": 85, "def": 85, "spa": 85, "spd": 85, "spe": 85}, "ivs": {"hp": 31, "atk": 31, "def": 31, "spa": 31, "spd": 31, "spe": 31}, "item": "Eviolite", "teraType": "Flying", "role": "Bulky Attacker", "bvs": {"hp": 65, "atk": 125, "def": 100, "spa": 60, "spd": 70, "spe": 70}, "stats": {"hp": 232, "atk": 243, "def": 204, "spa": 140, "spd": 156, "spe": 156}}, "Clawitzer": {"name": "Clawitzer", "species": "Clawitzer", "speciesId": "clawitzer", "gender": "F", "shiny": false, "level": 87, "moves": ["darkpulse", "waterpulse", "aurasphere", "uturn"], "ability": "Mega Launcher", "evs": {"hp": 85, "atk": 85, "def": 85, "spa": 85, "spd": 85, "spe": 85}, "ivs": {"hp": 31, "atk": 31, "def": 31, "spa": 31, "spd": 31, "spe": 31}, "item": "Choice Specs", "teraType": "Fighting", "role": "Wallbreaker", "bvs": {"hp": 71, "atk": 73, "def": 88, "spa": 120, "spd": 89, "spe": 59}, "stats": {"hp": 265, "atk": 177, "def": 203, "spa": 259, "spd": 205, "spe": 152}}, "Banette": {"name": "Banette", "species": "Banette", "speciesId": "banette", "gender": "M", "shiny": false, "level": 93, "moves": ["swordsdance", "shadowsneak", "poltergeist", "gunkshot"], "ability": "Insomnia", "evs": {"hp": 85, "atk": 85, "def": 85, "spa": 85, "spd": 85, "spe": 85}, "ivs": {"hp": 31, "atk": 31, "def": 31, "spa": 31, "spd": 31, "spe": 31}, "item": "Life Orb", "teraType": "Poison", "role": "Wallbreaker", "bvs": {"hp": 64, "atk": 115, "def": 65, "spa": 83, "spd": 63, "spe": 65}, "stats": {"hp": 270, "atk": 267, "def": 174, "spa": 207, "spd": 170, "spe": 174}}, "Scream Tail": {"name": "Scream Tail", "species": "Scream Tail", "speciesId": "screamtail", "gender": "N", "shiny": false, "level": 84, "moves": ["protect", "wish", "playrough", "thunderwave"], "ability": "Protosynthesis", "evs": {"hp": 85, "atk": 85, "def": 85, "spa": 85, "spd": 85, "spe": 85}, "ivs": {"hp": 31, "atk": 31, "def": 31, "spa": 31, "spd": 31, "spe": 31}, "item": "Leftovers", "teraType": "Poison", "role": "Bulky Support", "bvs": {"hp": 115, "atk": 65, "def": 99, "spa": 65, "spd": 115, "spe": 111}, "stats": {"hp": 330, "atk": 157, "def": 215, "spa": 157, "spd": 241, "spe": 235}}, "Espeon": {"name": "Espeon", "species": "Espeon", "speciesId": "espeon", "gender": "M", "shiny": false, "level": 84, "moves": ["shadowball", "morningsun", "alluringvoice", "psychic"], "ability": "Magic Bounce", "evs": {"hp": 85, "atk": 0, "def": 85, "spa": 85, "spd": 85, "spe": 85}, "ivs": {"hp": 31, "atk": 0, "def": 31, "spa": 31, "spd": 31, "spe": 31}, "item": "Life Orb", "teraType": "Psychic", "role": "Fast Attacker", "bvs": {"hp": 65, "atk": 65, "def": 60, "spa": 130, "spd": 95, "spe": 110}, "stats": {"hp": 246, "atk": 114, "def": 149, "spa": 267, "spd": 208, "spe": 233}}, "Sunflora": {"name": "Sunflora", "species": "Sunflora", "speciesId": "sunflora", "gender": "M", "shiny": false, "level": 100, "moves": ["earthpower", "sludgebomb", "leafstorm", "dazzlinggleam"], "ability": "Chlorophyll", "evs": {"hp": 85, "atk": 0, "def": 85, "spa": 85, "spd": 85, "spe": 85}, "ivs": {"hp": 31, "atk": 0, "def": 31, "spa": 31, "spd": 31, "spe": 31}, "item": "Choice Specs", "teraType": "Poison", "role": "Wallbreaker", "bvs": {"hp": 75, "atk": 75, "def": 55, "spa": 105, "spd": 85, "spe": 30}, "stats": {"hp": 312, "atk": 155, "def": 167, "spa": 267, "spd": 227, "spe": 117}}}]}