{"id": "gen9randombattle-2631855446", "format": "[Gen 9] Random Battle", "players": ["ChanceUser", "JohnaP"], "log": "|j|\u2606ChanceUser\n|j|\u2606JohnaP\n|t:|1781448589\n|gametype|singles\n|player|p1|ChanceUser|1|1901\n|player|p2|JohnaP|acetrainerf|1911\n|gen|9\n|tier|[Gen 9] Random Battle\n|rated|\n|rule|Species Clause: Limit one of each Pok\u00e9mon\n|rule|HP Percentage Mod: HP is shown in percentages\n|rule|Sleep Clause Mod: Limit one foe put to sleep\n|rule|Illusion Level Mod: Illusion disguises the Pok\u00e9mon's true level\n|\n|t:|1781448589\n|teamsize|p1|6\n|teamsize|p2|6\n|start\n|switch|p1a: Dondozo|Dondozo, L78, M|362/362\n|switch|p2a: Sneasler|Sneasler, L74, M|240/240\n|turn|1\n|inactive|Battle timer is ON: inactive players will automatically lose when time's up. (requested by JohnaP)\n|\n|t:|1781448603\n|move|p2a: Sneasler|U-turn|p1a: Dondozo\n|-damage|p1a: Dondozo|292/362\n|\n|t:|1781448607\n|switch|p2a: Noivern|Noivern, L82, M|274/274|[from] U-turn\n|move|p1a: Dondozo|Wave Crash|p2a: Noivern\n|-resisted|p2a: Noivern\n|-damage|p2a: Noivern|214/274\n|-damage|p1a: Dondozo|272/362|[from] Recoil\n|\n|-heal|p1a: Dondozo|294/362|[from] item: Leftovers\n|upkeep\n|turn|2\n|\n|t:|1781448627\n|switch|p1a: Rhydon|Rhydon, L85, M|317/317\n|move|p2a: Noivern|Hurricane|p1a: Rhydon\n|-resisted|p1a: Rhydon\n|-damage|p1a: Rhydon|261/317\n|\n|upkeep\n|turn|3\n|inactive|JohnaP has 120 seconds left.\n|\n|t:|1781448663\n|switch|p2a: Victreebel|Victreebel, L90, M|290/290\n|move|p1a: Rhydon|Stone Edge|p2a: Victreebel\n|-damage|p2a: Victreebel|142/290\n|\n|upkeep\n|turn|4\n|\n|t:|1781448671\n|switch|p1a: Delibird|Delibird, F|252/252\n|move|p2a: Victreebel|Sleep Powder|p1a: Delibird|[miss]\n|-miss|p2a: Victreebel|p1a: Delibird\n|\n|upkeep\n|turn|5\n|inactive|JohnaP has 120 seconds left.\n|\n|t:|1781448697\n|move|p2a: Victreebel|Sucker Punch|p1a: Delibird\n|-damage|p1a: Delibird|143/252\n|-damage|p2a: Victreebel|113/290|[from] item: Life Orb\n|move|p1a: Delibird|Ice Spinner|p2a: Victreebel\n|-supereffective|p2a: Victreebel\n|-damage|p2a: Victreebel|0 fnt\n|faint|p2a: Victreebel\n|\n|upkeep\n|\n|t:|1781448705\n|switch|p2a: Scizor|Scizor, L79, F|240/240\n|turn|6\n|\n|t:|1781448713\n|switch|p1a: Dondozo|Dondozo, L78, M|294/362\n|move|p2a: Scizor|U-turn|p1a: Dondozo\n|-damage|p1a: Dondozo|194/362\n|inactive|JohnaP has 90 seconds left.\n|\n|t:|1781448742\n|switch|p2a: Noivern|Noivern, L82, M|214/274|[from] U-turn\n|\n|-heal|p1a: Dondozo|216/362|[from] item: Leftovers\n|upkeep\n|turn|7\n|inactive|JohnaP has 90 seconds left.\n|\n|t:|1781448756\n|move|p2a: Noivern|Draco Meteor|p1a: Dondozo\n|-damage|p1a: Dondozo|45/362\n|-unboost|p2a: Noivern|spa|2\n|move|p1a: Dondozo|Wave Crash|p2a: Noivern\n|-resisted|p2a: Noivern\n|-damage|p2a: Noivern|157/274\n|-damage|p1a: Dondozo|26/362|[from] Recoil\n|\n|-heal|p1a: Dondozo|48/362|[from] item: Leftovers\n|upkeep\n|turn|8\n|\n|t:|1781448763\n|switch|p1a: Rhydon|Rhydon, L85, M|261/317\n|move|p2a: Noivern|Draco Meteor|p1a: Rhydon\n|-damage|p1a: Rhydon|188/317\n|-unboost|p2a: Noivern|spa|2\n|\n|upkeep\n|turn|9\n|\n|t:|1781448774\n|switch|p2a: Scizor|Scizor, L79, F|240/240\n|move|p1a: Rhydon|Stone Edge|p2a: Scizor|[miss]\n|-miss|p1a: Rhydon|p2a: Scizor\n|\n|upkeep\n|turn|10\n|\n|t:|1781448785\n|switch|p1a: Dondozo|Dondozo, L78, M|48/362\n|move|p2a: Scizor|Bullet Punch|p1a: Dondozo\n|-resisted|p1a: Dondozo\n|-crit|p1a: Dondozo\n|-damage|p1a: Dondozo|0 fnt\n|faint|p1a: Dondozo\n|\n|upkeep\n|\n|t:|1781448788\n|switch|p1a: Slaking|Slaking, L84, M|389/389\n|turn|11\n|\n|t:|1781448801\n|move|p2a: Scizor|Bullet Punch|p1a: Slaking\n|-damage|p1a: Slaking|295/389\n|move|p1a: Slaking|Knock Off|p2a: Scizor\n|-damage|p2a: Scizor|84/240\n|-enditem|p2a: Scizor|Choice Band|[from] move: Knock Off|[of] p1a: Slaking\n|\n|upkeep\n|turn|12\n|\n|t:|1781448811\n|switch|p1a: Cacturne|Cacturne, L92, F|278/278\n|switch|p2a: Sneasler|Sneasler, L74, M|240/240\n|\n|upkeep\n|turn|13\n|inactive|JohnaP has 120 seconds left.\n|\n|t:|1781448833\n|-terastallize|p1a: Cacturne|Poison\n|move|p2a: Sneasler|U-turn|p1a: Cacturne\n|-resisted|p1a: Cacturne\n|-damage|p1a: Cacturne|235/278\n|inactive|JohnaP has 90 seconds left.\n|\n|t:|1781448860\n|switch|p2a: Camerupt|Camerupt, L91, M|275/275|[from] U-turn\n|move|p1a: Cacturne|Swords Dance|p1a: Cacturne\n|-boost|p1a: Cacturne|atk|2\n|\n|upkeep\n|turn|14\n|inactive|JohnaP has 90 seconds left.\n|\n|t:|1781448876\n|move|p1a: Cacturne|Knock Off|p2a: Camerupt\n|-damage|p2a: Camerupt|0 fnt\n|-enditem|p2a: Camerupt|Leftovers|[from] move: Knock Off|[of] p1a: Cacturne\n|faint|p2a: Camerupt\n|-damage|p1a: Cacturne|208/278|[from] item: Life Orb\n|\n|upkeep\n|inactive|JohnaP has 90 seconds left.\n|\n|t:|1781448895\n|switch|p2a: Sneasler|Sneasler, L74, M|240/240\n|turn|15\n|\n|t:|1781448918\n|move|p2a: Sneasler|U-turn|p1a: Cacturne\n|-resisted|p1a: Cacturne\n|-damage|p1a: Cacturne|163/278\n|\n|t:|1781448919\n|switch|p2a: Noivern|Noivern, L82, M|157/274|[from] U-turn\n|move|p1a: Cacturne|Knock Off|p2a: Noivern\n|-damage|p2a: Noivern|0 fnt\n|-enditem|p2a: Noivern|Heavy-Duty Boots|[from] move: Knock Off|[of] p1a: Cacturne\n|faint|p2a: Noivern\n|-damage|p1a: Cacturne|136/278|[from] item: Life Orb\n|\n|upkeep\n|\n|t:|1781448921\n|switch|p2a: Sneasler|Sneasler, L74, M|240/240\n|turn|16\n|\n|t:|1781448935\n|move|p2a: Sneasler|Throat Chop|p1a: Cacturne\n|-damage|p1a: Cacturne|39/278\n|-start|p1a: Cacturne|Throat Chop|[silent]\n|move|p1a: Cacturne|Knock Off|p2a: Sneasler\n|-resisted|p2a: Sneasler\n|-damage|p2a: Sneasler|0 fnt\n|-enditem|p2a: Sneasler|Choice Band|[from] move: Knock Off|[of] p1a: Cacturne\n|faint|p2a: Sneasler\n|-damage|p1a: Cacturne|12/278|[from] item: Life Orb\n|\n|upkeep\n|\n|t:|1781448939\n|switch|p2a: Scizor|Scizor, L79, F|84/240\n|turn|17\n|\n|t:|1781448948\n|move|p1a: Cacturne|Sucker Punch|p2a: Scizor\n|-damage|p2a: Scizor|0 fnt\n|faint|p2a: Scizor\n|-damage|p1a: Cacturne|0 fnt|[from] item: Life Orb\n|faint|p1a: Cacturne\n|\n|upkeep\n|\n|t:|1781448955\n|switch|p1a: Rhydon|Rhydon, L85, M|188/317\n|switch|p2a: Polteageist|Polteageist-Antique, L78|222/222\n|turn|18\n|\n|t:|1781448964\n|move|p2a: Polteageist|Shell Smash|p2a: Polteageist\n|-unboost|p2a: Polteageist|def|1\n|-unboost|p2a: Polteageist|spd|1\n|-boost|p2a: Polteageist|atk|2\n|-boost|p2a: Polteageist|spa|2\n|-boost|p2a: Polteageist|spe|2\n|-enditem|p2a: Polteageist|White Herb\n|-clearnegativeboost|p2a: Polteageist|[silent]\n|move|p1a: Rhydon|Stone Edge|p2a: Polteageist\n|-damage|p2a: Polteageist|30/222\n|\n|upkeep\n|turn|19\n|\n|t:|1781448973\n|move|p2a: Polteageist|Strength Sap|p1a: Rhydon\n|-unboost|p1a: Rhydon|atk|1\n|-heal|p2a: Polteageist|222/222\n|move|p1a: Rhydon|Earthquake|p2a: Polteageist\n|-damage|p2a: Polteageist|104/222\n|-start|p1a: Rhydon|Disable|Earthquake|[from] ability: Cursed Body|[of] p2a: Polteageist\n|\n|upkeep\n|turn|20\n|inactive|JohnaP has 120 seconds left.\n|\n|t:|1781448982\n|move|p2a: Polteageist|Strength Sap|p1a: Rhydon\n|-unboost|p1a: Rhydon|atk|1\n|-heal|p2a: Polteageist|222/222\n|move|p1a: Rhydon|Stone Edge|p2a: Polteageist\n|-damage|p2a: Polteageist|132/222\n|\n|upkeep\n|turn|21\n|\n|t:|1781448990\n|move|p2a: Polteageist|Shell Smash|p2a: Polteageist\n|-unboost|p2a: Polteageist|def|1\n|-unboost|p2a: Polteageist|spd|1\n|-boost|p2a: Polteageist|atk|2\n|-boost|p2a: Polteageist|spa|2\n|-boost|p2a: Polteageist|spe|2\n|move|p1a: Rhydon|Stone Edge|p2a: Polteageist\n|-damage|p2a: Polteageist|0 fnt\n|faint|p2a: Polteageist\n|\n|win|ChanceUser\n", "inputlog": ">version a8376a258c1d4662feba110a92103f3664a72141\n>start {\"formatid\":\"gen9randombattle\",\"seed\":\"sodium,b3b077d5c120887de074005a3b2389bc\",\"rated\":\"Rated battle\"}\n>player p1 {\"name\":\"ChanceUser\",\"avatar\":\"1\",\"rating\":1901,\"seed\":\"sodium,54960c313959ee58771a8228135bf014\"}\n>player p2 {\"name\":\"JohnaP\",\"avatar\":\"acetrainerf\",\"rating\":1911,\"seed\":\"sodium,67a9a3a922f6f9eae3628557dc5ca084\"}\n>p1 move wavecrash\n>p2 move uturn\n>p2 switch 2\n>p1 switch 2\n>p2 move hurricane\n>p1 move stoneedge\n>p2 switch 4\n>p1 switch 5\n>p2 move sleeppowder\n>p1 move icespinner\n>p2 move suckerpunch\n>p2 switch 5\n>p1 switch 2\n>p2 move uturn\n>p2 switch 4\n>p1 move wavecrash\n>p2 move dracometeor\n>p1 switch 5\n>p2 move dracometeor\n>p1 move stoneedge\n>p2 switch 4\n>p1 switch 5\n>p2 move bulletpunch\n>p1 switch 6\n>p1 move knockoff\n>p2 move bulletpunch\n>p1 switch 3\n>p2 switch 2\n>p1 move swordsdance terastallize\n>p2 move uturn\n>p2 switch 6\n>p1 move knockoff\n>p2 move earthquake\n>p2 switch 6\n>p1 move knockoff\n>p2 move uturn\n>p2 switch 4\n>p2 switch 4\n>p1 move knockoff\n>p2 move throatchop\n>p2 switch 2\n>p1 move suckerpunch\n>p2 move bulletpunch\n>p1 switch 5\n>p2 switch 3\n>p1 move stoneedge\n>p2 move shellsmash\n>p1 move earthquake\n>p2 move strengthsap\n>p1 move stoneedge\n>p2 move strengthsap\n>p1 move stoneedge\n>p2 move shellsmash", "uploadtime": 1781448592, "views": 5, "formatid": "gen9randombattle", "rating": null, "private": 0, "password": null, "player_dets": [{"name": "ChanceUser", "avatar": "1", "rating": 1901, "seed": "sodium,54960c313959ee58771a8228135bf014"}, {"name": "JohnaP", "avatar": "acetrainerf", "rating": 1911, "seed": "sodium,67a9a3a922f6f9eae3628557dc5ca084"}], "teams_full": [{"Dondozo": {"name": "Dondozo", "species": "Dondozo", "speciesId": "dondozo", "gender": "M", "shiny": false, "level": 78, "moves": ["wavecrash", "sleeptalk", "rest", "curse"], "ability": "Unaware", "evs": {"hp": 85, "atk": 85, "def": 85, "spa": 85, "spd": 85, "spe": 85}, "ivs": {"hp": 31, "atk": 31, "def": 31, "spa": 31, "spd": 31, "spe": 31}, "item": "Leftovers", "teraType": "Fairy", "role": "Bulky Setup", "bvs": {"hp": 150, "atk": 100, "def": 115, "spa": 65, "spd": 65, "spe": 35}, "stats": {"hp": 362, "atk": 201, "def": 224, "spa": 146, "spd": 146, "spe": 100}}, "Rhydon": {"name": "Rhydon", "species": "Rhydon", "speciesId": "rhydon", "gender": "M", "shiny": false, "level": 85, "moves": ["megahorn", "swordsdance", "earthquake", "stoneedge"], "ability": "Lightning Rod", "evs": {"hp": 85, "atk": 85, "def": 85, "spa": 85, "spd": 85, "spe": 85}, "ivs": {"hp": 31, "atk": 31, "def": 31, "spa": 31, "spd": 31, "spe": 31}, "item": "Eviolite", "teraType": "Flying", "role": "Bulky Attacker", "bvs": {"hp": 105, "atk": 130, "def": 120, "spa": 45, "spd": 45, "spe": 40}, "stats": {"hp": 317, "atk": 270, "def": 253, "spa": 125, "spd": 125, "spe": 117}}, "Cacturne": {"name": "Cacturne", "species": "Cacturne", "speciesId": "cacturne", "gender": "F", "shiny": false, "level": 92, "moves": ["knockoff", "seedbomb", "suckerpunch", "swordsdance"], "ability": "Water Absorb", "evs": {"hp": 85, "atk": 85, "def": 85, "spa": 85, "spd": 85, "spe": 85}, "ivs": {"hp": 31, "atk": 31, "def": 31, "spa": 31, "spd": 31, "spe": 31}, "item": "Life Orb", "teraType": "Poison", "role": "Setup Sweeper", "bvs": {"hp": 70, "atk": 115, "def": 60, "spa": 115, "spd": 60, "spe": 55}, "stats": {"hp": 278, "atk": 264, "def": 163, "spa": 264, "spd": 163, "spe": 154}}, "Grumpig": {"name": "Grumpig", "species": "Grumpig", "speciesId": "grumpig", "gender": "F", "shiny": false, "level": 92, "moves": ["shadowball", "trick", "psychic", "earthpower"], "ability": "Thick Fat", "evs": {"hp": 85, "atk": 0, "def": 85, "spa": 85, "spd": 85, "spe": 85}, "ivs": {"hp": 31, "atk": 0, "def": 31, "spa": 31, "spd": 31, "spe": 31}, "item": "Choice Scarf", "teraType": "Ground", "role": "Bulky Attacker", "bvs": {"hp": 80, "atk": 45, "def": 65, "spa": 90, "spd": 110, "spe": 80}, "stats": {"hp": 297, "atk": 87, "def": 172, "spa": 218, "spd": 255, "spe": 200}}, "Delibird": {"name": "Delibird", "species": "Delibird", "speciesId": "delibird", "gender": "F", "shiny": false, "level": 100, "moves": ["bravebird", "icespinner", "spikes", "drillrun"], "ability": "Hustle", "evs": {"hp": 85, "atk": 85, "def": 85, "spa": 85, "spd": 85, "spe": 85}, "ivs": {"hp": 31, "atk": 31, "def": 31, "spa": 31, "spd": 31, "spe": 31}, "item": "Heavy-Duty Boots", "teraType": "Ground", "role": "Fast Attacker", "bvs": {"hp": 45, "atk": 55, "def": 45, "spa": 65, "spd": 45, "spe": 75}, "stats": {"hp": 252, "atk": 167, "def": 147, "spa": 187, "spd": 147, "spe": 207}}, "Slaking": {"name": "Slaking", "species": "Slaking", "speciesId": "slaking", "gender": "M", "shiny": false, "level": 84, "moves": ["gigaimpact", "knockoff", "doubleedge", "earthquake"], "ability": "Truant", "evs": {"hp": 85, "atk": 85, "def": 85, "spa": 85, "spd": 85, "spe": 85}, "ivs": {"hp": 31, "atk": 31, "def": 31, "spa": 31, "spd": 31, "spe": 31}, "item": "Choice Band", "teraType": "Normal", "role": "Fast Attacker", "bvs": {"hp": 150, "atk": 160, "def": 100, "spa": 95, "spd": 65, "spe": 100}, "stats": {"hp": 389, "atk": 317, "def": 216, "spa": 208, "spd": 157, "spe": 216}}}, {"Sneasler": {"name": "Sneasler", "species": "Sneasler", "speciesId": "sneasler", "gender": "M", "shiny": false, "level": 74, "moves": ["direclaw", "closecombat", "uturn", "throatchop"], "ability": "Poison Touch", "evs": {"hp": 85, "atk": 85, "def": 85, "spa": 85, "spd": 85, "spe": 85}, "ivs": {"hp": 31, "atk": 31, "def": 31, "spa": 31, "spd": 31, "spe": 31}, "item": "Choice Band", "teraType": "Fighting", "role": "Fast Attacker", "bvs": {"hp": 80, "atk": 130, "def": 60, "spa": 40, "spd": 80, "spe": 120}, "stats": {"hp": 240, "atk": 235, "def": 132, "spa": 102, "spd": 161, "spe": 221}}, "Noivern": {"name": "Noivern", "species": "Noivern", "speciesId": "noivern", "gender": "M", "shiny": false, "level": 82, "moves": ["hurricane", "flamethrower", "dracometeor", "defog"], "ability": "Infiltrator", "evs": {"hp": 85, "atk": 0, "def": 85, "spa": 85, "spd": 85, "spe": 85}, "ivs": {"hp": 31, "atk": 0, "def": 31, "spa": 31, "spd": 31, "spe": 31}, "item": "Heavy-Duty Boots", "teraType": "Fire", "role": "Fast Support", "bvs": {"hp": 85, "atk": 70, "def": 80, "spa": 97, "spd": 80, "spe": 123}, "stats": {"hp": 274, "atk": 119, "def": 178, "spa": 206, "spd": 178, "spe": 249}}, "Polteageist": {"name": "Polteageist", "species": "Polteageist-Antique", "speciesId": "polteageist", "gender": "N", "shiny": false, "level": 78, "moves": ["strengthsap", "shadowball", "shellsmash", "storedpower"], "ability": "Cursed Body", "evs": {"hp": 85, "atk": 0, "def": 85, "spa": 85, "spd": 85, "spe": 85}, "ivs": {"hp": 31, "atk": 0, "def": 31, "spa": 31, "spd": 31, "spe": 31}, "item": "White Herb", "teraType": "Psychic", "role": "Setup Sweeper", "bvs": {"hp": 60, "atk": 65, "def": 65, "spa": 134, "spd": 114, "spe": 70}, "stats": {"hp": 222, "atk": 106, "def": 146, "spa": 254, "spd": 223, "spe": 154}}, "Victreebel": {"name": "Victreebel", "species": "Victreebel", "speciesId": "victreebel", "gender": "M", "shiny": false, "level": 90, "moves": ["powerwhip", "sleeppowder", "suckerpunch", "sludgewave"], "ability": "Chlorophyll", "evs": {"hp": 85, "atk": 85, "def": 85, "spa": 85, "spd": 85, "spe": 85}, "ivs": {"hp": 31, "atk": 31, "def": 31, "spa": 31, "spd": 31, "spe": 31}, "item": "Life Orb", "teraType": "Grass", "role": "Wallbreaker", "bvs": {"hp": 80, "atk": 105, "def": 65, "spa": 100, "spd": 70, "spe": 70}, "stats": {"hp": 290, "atk": 240, "def": 168, "spa": 231, "spd": 177, "spe": 177}}, "Scizor": {"name": "Scizor", "species": "Scizor", "speciesId": "scizor", "gender": "F", "shiny": false, "level": 79, "moves": ["knockoff", "closecombat", "uturn", "bulletpunch"], "ability": "Technician", "evs": {"hp": 85, "atk": 85, "def": 85, "spa": 85, "spd": 85, "spe": 85}, "ivs": {"hp": 31, "atk": 31, "def": 31, "spa": 31, "spd": 31, "spe": 31}, "item": "Choice Band", "teraType": "Steel", "role": "Wallbreaker", "bvs": {"hp": 70, "atk": 130, "def": 100, "spa": 55, "spd": 80, "spe": 65}, "stats": {"hp": 240, "atk": 251, "def": 204, "spa": 132, "spd": 172, "spe": 148}}, "Camerupt": {"name": "Camerupt", "species": "Camerupt", "speciesId": "camerupt", "gender": "M", "shiny": false, "level": 91, "moves": ["overheat", "earthquake", "roar", "stealthrock"], "ability": "Solid Rock", "evs": {"hp": 85, "atk": 85, "def": 85, "spa": 85, "spd": 85, "spe": 85}, "ivs": {"hp": 31, "atk": 31, "def": 31, "spa": 31, "spd": 31, "spe": 31}, "item": "Leftovers", "teraType": "Water", "role": "Bulky Support", "bvs": {"hp": 70, "atk": 100, "def": 70, "spa": 105, "spd": 75, "spe": 40}, "stats": {"hp": 275, "atk": 234, "def": 179, "spa": 243, "spd": 188, "spe": 125}}}]}