{"id": "gen9randombattle-2631478848", "format": "[Gen 9] Random Battle", "players": ["sphealinalright", "Smart Gas"], "log": "|j|\u2606sphealinalright\n|j|\u2606Smart Gas\n|t:|1781390004\n|gametype|singles\n|player|p1|sphealinalright|backers|1905\n|player|p2|Smart Gas|clavell-s|1942\n|gen|9\n|tier|[Gen 9] Random Battle\n|rated|\n|rule|Species Clause: Limit one of each Pok\u00e9mon\n|rule|HP Percentage Mod: HP is shown in percentages\n|rule|Sleep Clause Mod: Limit one foe put to sleep\n|rule|Illusion Level Mod: Illusion disguises the Pok\u00e9mon's true level\n|\n|t:|1781390004\n|teamsize|p1|6\n|teamsize|p2|6\n|start\n|switch|p1a: Bellossom|Bellossom, L84, F|263/263\n|switch|p2a: Amoonguss|Amoonguss, L82, F|321/321\n|turn|1\n|inactive|Battle timer is ON: inactive players will automatically lose when time's up. (requested by Smart Gas)\n|\n|t:|1781390015\n|switch|p1a: Iron Moth|Iron Moth, L78|253/253\n|move|p2a: Amoonguss|Toxic|p1a: Iron Moth\n|-immune|p1a: Iron Moth\n|\n|upkeep\n|turn|2\n|\n|t:|1781390026\n|switch|p2a: Mightyena|Mightyena, L96, F|290/290\n|-ability|p2a: Mightyena|Intimidate|boost\n|-unboost|p1a: Iron Moth|atk|1\n|move|p1a: Iron Moth|Fire Blast|p2a: Mightyena|[miss]\n|-miss|p1a: Iron Moth|p2a: Mightyena\n|\n|upkeep\n|turn|3\n|\n|t:|1781390033\n|-end|p1a: Iron Moth|Quark Drive|[silent]\n|switch|p1a: Abomasnow|Abomasnow, L84, M|287/287\n|-weather|Snowscape|[from] ability: Snow Warning|[of] p1a: Abomasnow\n|move|p2a: Mightyena|Crunch|p1a: Abomasnow\n|-damage|p1a: Abomasnow|212/287\n|-unboost|p1a: Abomasnow|def|1\n|\n|-weather|Snowscape|[upkeep]\n|upkeep\n|turn|4\n|\n|t:|1781390046\n|move|p2a: Mightyena|Crunch|p1a: Abomasnow\n|-damage|p1a: Abomasnow|98/287\n|move|p1a: Abomasnow|Blizzard|p2a: Mightyena\n|-damage|p2a: Mightyena|206/290\n|\n|-weather|Snowscape|[upkeep]\n|upkeep\n|turn|5\n|\n|t:|1781390055\n|move|p2a: Mightyena|Crunch|p1a: Abomasnow\n|-damage|p1a: Abomasnow|0 fnt\n|faint|p1a: Abomasnow\n|\n|-weather|Snowscape|[upkeep]\n|upkeep\n|\n|t:|1781390067\n|switch|p1a: Glastrier|Glastrier, L86|312/312\n|turn|6\n|\n|t:|1781390075\n|switch|p2a: Umbreon|Umbreon, L84, F|297/297\n|move|p1a: Glastrier|Swords Dance|p1a: Glastrier\n|-boost|p1a: Glastrier|atk|2\n|\n|-weather|Snowscape|[upkeep]\n|upkeep\n|turn|7\n|\n|t:|1781390082\n|-terastallize|p1a: Glastrier|Fighting\n|move|p2a: Umbreon|Toxic|p1a: Glastrier\n|-status|p1a: Glastrier|tox\n|move|p1a: Glastrier|Icicle Crash|p2a: Umbreon\n|-damage|p2a: Umbreon|59/297\n|\n|-weather|none\n|-heal|p2a: Umbreon|77/297|[from] item: Leftovers\n|-damage|p1a: Glastrier|293/312 tox|[from] psn\n|upkeep\n|turn|8\n|\n|t:|1781390090\n|move|p2a: Umbreon|Protect|p2a: Umbreon\n|-singleturn|p2a: Umbreon|Protect\n|move|p1a: Glastrier|Icicle Crash|p2a: Umbreon\n|-activate|p2a: Umbreon|move: Protect\n|\n|-heal|p2a: Umbreon|95/297|[from] item: Leftovers\n|-damage|p1a: Glastrier|255/312 tox|[from] psn\n|upkeep\n|turn|9\n|\n|t:|1781390102\n|switch|p2a: Mightyena|Mightyena, L96, F|206/290\n|-ability|p2a: Mightyena|Intimidate|boost\n|-unboost|p1a: Glastrier|atk|1\n|move|p1a: Glastrier|Close Combat|p2a: Mightyena\n|-supereffective|p2a: Mightyena\n|-damage|p2a: Mightyena|0 fnt\n|-unboost|p1a: Glastrier|def|1\n|-unboost|p1a: Glastrier|spd|1\n|faint|p2a: Mightyena\n|-ability|p1a: Glastrier|Chilling Neigh|boost\n|-boost|p1a: Glastrier|atk|1\n|\n|-damage|p1a: Glastrier|198/312 tox|[from] psn\n|upkeep\n|\n|t:|1781390112\n|switch|p2a: Umbreon|Umbreon, L84, F|95/297\n|turn|10\n|\n|t:|1781390117\n|move|p2a: Umbreon|Protect|p2a: Umbreon\n|-singleturn|p2a: Umbreon|Protect\n|move|p1a: Glastrier|Close Combat|p2a: Umbreon\n|-activate|p2a: Umbreon|move: Protect\n|\n|-heal|p2a: Umbreon|113/297|[from] item: Leftovers\n|-damage|p1a: Glastrier|122/312 tox|[from] psn\n|upkeep\n|turn|11\n|\n|t:|1781390125\n|move|p2a: Umbreon|Foul Play|p1a: Glastrier\n|-resisted|p1a: Glastrier\n|-damage|p1a: Glastrier|0 fnt\n|faint|p1a: Glastrier\n|\n|-heal|p2a: Umbreon|131/297|[from] item: Leftovers\n|upkeep\n|\n|t:|1781390141\n|switch|p1a: Basculegion|Basculegion, L80, M|323/323\n|turn|12\n|\n|t:|1781390149\n|switch|p2a: Amoonguss|Amoonguss, L82, F|321/321\n|move|p1a: Basculegion|Wave Crash|p2a: Amoonguss\n|-resisted|p2a: Amoonguss\n|-damage|p2a: Amoonguss|221/321\n|-damage|p1a: Basculegion|270/323|[from] item: Rocky Helmet|[of] p2a: Amoonguss\n|-damage|p1a: Basculegion|237/323|[from] Recoil\n|\n|upkeep\n|turn|13\n|\n|t:|1781390177\n|move|p1a: Basculegion|Shadow Ball|p2a: Amoonguss\n|-damage|p2a: Amoonguss|127/321\n|-unboost|p2a: Amoonguss|spd|1\n|move|p2a: Amoonguss|Spore|p1a: Basculegion\n|-status|p1a: Basculegion|slp|[from] move: Spore\n|\n|upkeep\n|turn|14\n|\n|t:|1781390186\n|switch|p1a: Iron Moth|Iron Moth, L78|253/253\n|move|p2a: Amoonguss|Giga Drain|p1a: Iron Moth\n|-resisted|p1a: Iron Moth\n|-damage|p1a: Iron Moth|238/253\n|-heal|p2a: Amoonguss|135/321|[from] drain|[of] p1a: Iron Moth\n|\n|upkeep\n|turn|15\n|\n|t:|1781390196\n|switch|p2a: Basculin|Basculin, L86, M|261/261\n|move|p1a: Iron Moth|Sludge Wave|p2a: Basculin\n|-damage|p2a: Basculin|32/261\n|\n|upkeep\n|turn|16\n|\n|t:|1781390203\n|-end|p1a: Iron Moth|Quark Drive|[silent]\n|switch|p1a: Bellossom|Bellossom, L84, F|263/263\n|move|p2a: Basculin|Flip Turn|p1a: Bellossom\n|-resisted|p1a: Bellossom\n|-damage|p1a: Bellossom|198/263\n|\n|t:|1781390211\n|switch|p2a: Umbreon|Umbreon, L84, F|131/297|[from] Flip Turn\n|\n|-heal|p2a: Umbreon|149/297|[from] item: Leftovers\n|-heal|p1a: Bellossom|214/263|[from] item: Leftovers\n|upkeep\n|turn|17\n|\n|t:|1781390216\n|move|p2a: Umbreon|Wish|p2a: Umbreon\n|move|p1a: Bellossom|Quiver Dance|p1a: Bellossom\n|-boost|p1a: Bellossom|spa|1\n|-boost|p1a: Bellossom|spd|1\n|-boost|p1a: Bellossom|spe|1\n|\n|-heal|p1a: Bellossom|230/263|[from] item: Leftovers\n|-heal|p2a: Umbreon|167/297|[from] item: Leftovers\n|upkeep\n|turn|18\n|\n|t:|1781390226\n|move|p1a: Bellossom|Moonblast|p2a: Umbreon\n|-supereffective|p2a: Umbreon\n|-damage|p2a: Umbreon|33/297\n|-unboost|p2a: Umbreon|spa|1\n|move|p2a: Umbreon|Toxic|p1a: Bellossom\n|-status|p1a: Bellossom|tox\n|\n|-heal|p2a: Umbreon|181/297|[from] move: Wish|[wisher] Umbreon\n|-heal|p1a: Bellossom|246/263 tox|[from] item: Leftovers\n|-heal|p2a: Umbreon|199/297|[from] item: Leftovers\n|-damage|p1a: Bellossom|230/263 tox|[from] psn\n|upkeep\n|turn|19\n|\n|t:|1781390234\n|switch|p1a: Iron Moth|Iron Moth, L78|238/253\n|move|p2a: Umbreon|Wish|p2a: Umbreon\n|\n|-heal|p2a: Umbreon|217/297|[from] item: Leftovers\n|upkeep\n|turn|20\n|\n|t:|1781390245\n|move|p1a: Iron Moth|Sludge Wave|p2a: Umbreon\n|-damage|p2a: Umbreon|85/297\n|move|p2a: Umbreon|Foul Play|p1a: Iron Moth\n|-damage|p1a: Iron Moth|135/253\n|\n|-heal|p2a: Umbreon|233/297|[from] move: Wish|[wisher] Umbreon\n|-heal|p2a: Umbreon|251/297|[from] item: Leftovers\n|upkeep\n|turn|21\n|\n|t:|1781390252\n|switch|p2a: Golem|Golem, L87, M|281/281\n|move|p1a: Iron Moth|Sludge Wave|p2a: Golem\n|-resisted|p2a: Golem\n|-damage|p2a: Golem|232/281\n|\n|upkeep\n|turn|22\n|\n|t:|1781390262\n|-end|p1a: Iron Moth|Quark Drive|[silent]\n|switch|p1a: Bellossom|Bellossom, L84, F|230/263 tox\n|move|p2a: Golem|Stone Edge|p1a: Bellossom\n|-crit|p1a: Bellossom\n|-damage|p1a: Bellossom|26/263 tox\n|\n|-heal|p1a: Bellossom|42/263 tox|[from] item: Leftovers\n|-damage|p1a: Bellossom|26/263 tox|[from] psn\n|upkeep\n|turn|23\n|\n|t:|1781390275\n|switch|p2a: Amoonguss|Amoonguss, L82, F|242/321\n|move|p1a: Bellossom|Moonblast|p2a: Amoonguss\n|-resisted|p2a: Amoonguss\n|-damage|p2a: Amoonguss|208/321\n|\n|-heal|p1a: Bellossom|42/263 tox|[from] item: Leftovers\n|-damage|p1a: Bellossom|10/263 tox|[from] psn\n|upkeep\n|turn|24\n|\n|t:|1781390288\n|move|p1a: Bellossom|Giga Drain|p2a: Amoonguss\n|-resisted|p2a: Amoonguss\n|-damage|p2a: Amoonguss|188/321\n|-heal|p1a: Bellossom|20/263 tox|[from] drain|[of] p2a: Amoonguss\n|move|p2a: Amoonguss|Giga Drain|p1a: Bellossom\n|-resisted|p1a: Bellossom\n|-damage|p1a: Bellossom|0 fnt\n|-heal|p2a: Amoonguss|198/321|[from] drain|[of] p1a: Bellossom\n|faint|p1a: Bellossom\n|\n|upkeep\n|\n|t:|1781390291\n|switch|p1a: Iron Moth|Iron Moth, L78|135/253\n|turn|25\n|\n|t:|1781390303\n|switch|p2a: Golem|Golem, L87, M|232/281\n|move|p1a: Iron Moth|Fire Blast|p2a: Golem\n|-resisted|p2a: Golem\n|-damage|p2a: Golem|106/281\n|-status|p2a: Golem|brn\n|\n|-damage|p2a: Golem|89/281 brn|[from] brn\n|upkeep\n|turn|26\n|\n|t:|1781390310\n|move|p1a: Iron Moth|Fire Blast|p2a: Golem\n|-resisted|p2a: Golem\n|-damage|p2a: Golem|0 fnt\n|faint|p2a: Golem\n|\n|upkeep\n|\n|t:|1781390313\n|switch|p2a: Basculin|Basculin, L86, M|32/261\n|turn|27\n|\n|t:|1781390325\n|-end|p1a: Iron Moth|Quark Drive|[silent]\n|switch|p1a: Basculegion|Basculegion, L80, M|237/323 slp\n|move|p2a: Basculin|Flip Turn|p1a: Basculegion\n|-resisted|p1a: Basculegion\n|-damage|p1a: Basculegion|154/323 slp\n|\n|t:|1781390332\n|switch|p2a: Umbreon|Umbreon, L84, F|251/297|[from] Flip Turn\n|\n|-heal|p2a: Umbreon|269/297|[from] item: Leftovers\n|upkeep\n|turn|28\n|\n|t:|1781390338\n|switch|p1a: Wugtrio|Wugtrio, L91, M|212/212\n|move|p2a: Umbreon|Foul Play|p1a: Wugtrio\n|-damage|p1a: Wugtrio|58/212\n|-ability|p1a: Wugtrio|Gooey\n|-unboost|p2a: Umbreon|spe|1\n|\n|-heal|p2a: Umbreon|287/297|[from] item: Leftovers\n|upkeep\n|turn|29\n|-message|sphealinalright forfeited.\n|\n|win|Smart Gas\n", "inputlog": ">version a8376a258c1d4662feba110a92103f3664a72141\n>start {\"formatid\":\"gen9randombattle\",\"seed\":\"sodium,cb5338395e46972283f21345d58bb77d\",\"rated\":\"Rated battle\"}\n>player p1 {\"name\":\"sphealinalright\",\"avatar\":\"backers\",\"rating\":1905,\"seed\":\"sodium,2e2e07e55ce0d8519dbc804637ddd528\"}\n>player p2 {\"name\":\"Smart Gas\",\"avatar\":\"clavell-s\",\"rating\":1942,\"seed\":\"sodium,dad78b60a8a714aee7428fbbff48af12\"}\n>p1 switch 5\n>p2 move toxic\n>p1 move fireblast\n>p2 switch 6\n>p1 switch 3\n>p2 move crunch\n>p1 move blizzard\n>p2 move crunch\n>p1 move blizzard\n>p2 move crunch\n>p1 switch 6\n>p1 move swordsdance\n>p2 switch 5\n>p1 move iciclecrash terastallize\n>p2 move toxic\n>p1 move iciclecrash\n>p2 move protect\n>p1 move closecombat\n>p2 switch 5\n>p2 switch 5\n>p1 move closecombat\n>p2 move protect\n>p1 move iciclecrash\n>p2 move foulplay\n>p1 switch 2\n>p1 move wavecrash\n>p2 switch 6\n>p1 move shadowball\n>p2 move spore\n>p1 switch 3\n>p2 move gigadrain\n>p1 move sludgewave\n>p2 switch 4\n>p1 switch 5\n>p2 move flipturn\n>p2 switch 6\n>p1 move quiverdance\n>p2 move wish\n>p1 move moonblast\n>p2 move toxic\n>p1 switch 5\n>p2 move wish\n>p1 move sludgewave\n>p2 move foulplay\n>p1 move sludgewave\n>p2 switch 2\n>p1 switch 5\n>p2 move stoneedge\n>p1 move moonblast\n>p2 switch 4\n>p1 move gigadrain\n>p2 move gigadrain\n>p1 switch 5\n>p1 move fireblast\n>p2 switch 4\n>p1 move fireblast\n>p2 move earthquake\n>p2 switch 6\n>p1 switch 3\n>p2 move flipturn\n>p2 switch 2\n>p1 switch 4\n>p2 move foulplay\n>forcelose p1", "uploadtime": 1781390006, "views": 7, "formatid": "gen9randombattle", "rating": null, "private": 0, "password": null, "player_dets": [{"name": "sphealinalright", "avatar": "backers", "rating": 1905, "seed": "sodium,2e2e07e55ce0d8519dbc804637ddd528"}, {"name": "Smart Gas", "avatar": "clavell-s", "rating": 1942, "seed": "sodium,dad78b60a8a714aee7428fbbff48af12"}], "teams_full": [{"Bellossom": {"name": "Bellossom", "species": "Bellossom", "speciesId": "bellossom", "gender": "F", "shiny": false, "level": 84, "moves": ["quiverdance", "strengthsap", "gigadrain", "moonblast"], "ability": "Chlorophyll", "evs": {"hp": 85, "atk": 0, "def": 85, "spa": 85, "spd": 85, "spe": 85}, "ivs": {"hp": 31, "atk": 0, "def": 31, "spa": 31, "spd": 31, "spe": 31}, "item": "Leftovers", "teraType": "Fairy", "role": "Bulky Setup", "bvs": {"hp": 75, "atk": 80, "def": 95, "spa": 90, "spd": 100, "spe": 50}, "stats": {"hp": 263, "atk": 139, "def": 208, "spa": 199, "spd": 216, "spe": 132}, "types": ["Grass"]}, "Basculegion": {"name": "Basculegion", "species": "Basculegion", "speciesId": "basculegion", "gender": "M", "shiny": false, "level": 80, "moves": ["aquajet", "flipturn", "shadowball", "wavecrash"], "ability": "Adaptability", "evs": {"hp": 85, "atk": 85, "def": 85, "spa": 85, "spd": 85, "spe": 85}, "ivs": {"hp": 31, "atk": 31, "def": 31, "spa": 31, "spd": 31, "spe": 31}, "item": "Assault Vest", "teraType": "Water", "role": "AV Pivot", "bvs": {"hp": 120, "atk": 112, "def": 65, "spa": 80, "spd": 75, "spe": 78}, "stats": {"hp": 323, "atk": 225, "def": 150, "spa": 174, "spd": 166, "spe": 171}, "types": ["Water", "Ghost"]}, "Abomasnow": {"name": "Abomasnow", "species": "Abomasnow", "speciesId": "abomasnow", "gender": "M", "shiny": false, "level": 84, "moves": ["iceshard", "auroraveil", "earthquake", "blizzard"], "ability": "Snow Warning", "evs": {"hp": 77, "atk": 85, "def": 85, "spa": 85, "spd": 85, "spe": 85}, "ivs": {"hp": 31, "atk": 31, "def": 31, "spa": 31, "spd": 31, "spe": 31}, "item": "Light Clay", "teraType": "Ghost", "role": "Bulky Support", "bvs": {"hp": 90, "atk": 92, "def": 75, "spa": 92, "spd": 85, "spe": 60}, "stats": {"hp": 287, "atk": 203, "def": 174, "spa": 203, "spd": 191, "spe": 149}, "types": ["Grass", "Ice"]}, "Wugtrio": {"name": "Wugtrio", "species": "Wugtrio", "speciesId": "wugtrio", "gender": "M", "shiny": false, "level": 91, "moves": ["aquajet", "stompingtantrum", "throatchop", "liquidation"], "ability": "Gooey", "evs": {"hp": 85, "atk": 85, "def": 85, "spa": 85, "spd": 85, "spe": 85}, "ivs": {"hp": 31, "atk": 31, "def": 31, "spa": 31, "spd": 31, "spe": 31}, "item": "Choice Band", "teraType": "Ground", "role": "Fast Attacker", "bvs": {"hp": 35, "atk": 100, "def": 50, "spa": 50, "spd": 70, "spe": 120}, "stats": {"hp": 212, "atk": 234, "def": 143, "spa": 143, "spd": 179, "spe": 270}, "types": ["Water"]}, "Iron Moth": {"name": "Iron Moth", "species": "Iron Moth", "speciesId": "ironmoth", "gender": "N", "shiny": false, "level": 78, "moves": ["sludgewave", "energyball", "uturn", "fireblast"], "ability": "Quark Drive", "evs": {"hp": 85, "atk": 85, "def": 85, "spa": 85, "spd": 85, "spe": 85}, "ivs": {"hp": 31, "atk": 31, "def": 31, "spa": 31, "spd": 31, "spe": 31}, "item": "Choice Specs", "teraType": "Fire", "role": "Fast Attacker", "bvs": {"hp": 80, "atk": 70, "def": 60, "spa": 140, "spd": 110, "spe": 110}, "stats": {"hp": 253, "atk": 154, "def": 139, "spa": 263, "spd": 217, "spe": 217}, "types": ["Fire", "Poison"]}, "Glastrier": {"name": "Glastrier", "species": "Glastrier", "speciesId": "glastrier", "gender": "N", "shiny": false, "level": 86, "moves": ["closecombat", "iciclecrash", "swordsdance", "highhorsepower"], "ability": "Chilling Neigh", "evs": {"hp": 85, "atk": 85, "def": 85, "spa": 85, "spd": 85, "spe": 85}, "ivs": {"hp": 31, "atk": 31, "def": 31, "spa": 31, "spd": 31, "spe": 31}, "item": "Heavy-Duty Boots", "teraType": "Fighting", "role": "Bulky Attacker", "bvs": {"hp": 100, "atk": 145, "def": 130, "spa": 65, "spd": 110, "spe": 30}, "stats": {"hp": 312, "atk": 299, "def": 273, "spa": 161, "spd": 238, "spe": 101}, "types": ["Ice"]}}, {"Amoonguss": {"name": "Amoonguss", "species": "Amoonguss", "speciesId": "amoonguss", "gender": "F", "shiny": false, "level": 82, "moves": ["sludgebomb", "spore", "gigadrain", "toxic"], "ability": "Regenerator", "evs": {"hp": 85, "atk": 0, "def": 85, "spa": 85, "spd": 85, "spe": 85}, "ivs": {"hp": 31, "atk": 0, "def": 31, "spa": 31, "spd": 31, "spe": 31}, "item": "Rocky Helmet", "teraType": "Steel", "role": "Bulky Support", "bvs": {"hp": 114, "atk": 85, "def": 70, "spa": 85, "spd": 80, "spe": 30}, "stats": {"hp": 321, "atk": 144, "def": 162, "spa": 187, "spd": 178, "spe": 96}, "types": ["Grass", "Poison"]}, "Golem": {"name": "Golem", "species": "Golem", "speciesId": "golem", "gender": "M", "shiny": false, "level": 87, "moves": ["rockpolish", "earthquake", "explosion", "stoneedge"], "ability": "Sturdy", "evs": {"hp": 85, "atk": 85, "def": 85, "spa": 85, "spd": 85, "spe": 85}, "ivs": {"hp": 31, "atk": 31, "def": 31, "spa": 31, "spd": 31, "spe": 31}, "item": "Weakness Policy", "teraType": "Grass", "role": "Bulky Attacker", "bvs": {"hp": 80, "atk": 120, "def": 130, "spa": 55, "spd": 65, "spe": 45}, "stats": {"hp": 281, "atk": 259, "def": 276, "spa": 145, "spd": 163, "spe": 128}, "types": ["Rock", "Ground"]}, "Groudon": {"name": "Groudon", "species": "Groudon", "speciesId": "groudon", "gender": "N", "shiny": false, "level": 72, "moves": ["spikes", "precipiceblades", "willowisp", "heatcrash"], "ability": "Drought", "evs": {"hp": 85, "atk": 85, "def": 85, "spa": 85, "spd": 85, "spe": 85}, "ivs": {"hp": 31, "atk": 31, "def": 31, "spa": 31, "spd": 31, "spe": 31}, "item": "Leftovers", "teraType": "Fire", "role": "Bulky Attacker", "bvs": {"hp": 100, "atk": 150, "def": 140, "spa": 100, "spd": 90, "spe": 90}, "stats": {"hp": 263, "atk": 258, "def": 244, "spa": 186, "spd": 172, "spe": 172}, "types": ["Ground"]}, "Basculin": {"name": "Basculin", "species": "Basculin", "speciesId": "basculin", "gender": "M", "shiny": false, "level": 86, "moves": ["wavecrash", "aquajet", "doubleedge", "flipturn"], "ability": "Adaptability", "evs": {"hp": 85, "atk": 85, "def": 85, "spa": 85, "spd": 85, "spe": 85}, "ivs": {"hp": 31, "atk": 31, "def": 31, "spa": 31, "spd": 31, "spe": 31}, "item": "Choice Band", "teraType": "Water", "role": "Wallbreaker", "bvs": {"hp": 70, "atk": 92, "def": 65, "spa": 80, "spd": 55, "spe": 98}, "stats": {"hp": 261, "atk": 207, "def": 161, "spa": 187, "spd": 144, "spe": 218}, "types": ["Water"]}, "Umbreon": {"name": "Umbreon", "species": "Umbreon", "speciesId": "umbreon", "gender": "F", "shiny": false, "level": 84, "moves": ["protect", "wish", "foulplay", "toxic"], "ability": "Synchronize", "evs": {"hp": 85, "atk": 0, "def": 85, "spa": 85, "spd": 85, "spe": 85}, "ivs": {"hp": 31, "atk": 0, "def": 31, "spa": 31, "spd": 31, "spe": 31}, "item": "Leftovers", "teraType": "Poison", "role": "Bulky Support", "bvs": {"hp": 95, "atk": 65, "def": 110, "spa": 60, "spd": 130, "spe": 65}, "stats": {"hp": 297, "atk": 114, "def": 233, "spa": 149, "spd": 267, "spe": 157}, "types": ["Dark"]}, "Mightyena": {"name": "Mightyena", "species": "Mightyena", "speciesId": "mightyena", "gender": "F", "shiny": false, "level": 96, "moves": ["playrough", "suckerpunch", "crunch", "poisonfang"], "ability": "Intimidate", "evs": {"hp": 85, "atk": 85, "def": 85, "spa": 85, "spd": 85, "spe": 85}, "ivs": {"hp": 31, "atk": 31, "def": 31, "spa": 31, "spd": 31, "spe": 31}, "item": "Assault Vest", "teraType": "Poison", "role": "AV Pivot", "bvs": {"hp": 70, "atk": 90, "def": 70, "spa": 60, "spd": 60, "spe": 70}, "stats": {"hp": 290, "atk": 227, "def": 189, "spa": 170, "spd": 170, "spe": 189}, "types": ["Dark"]}}]}