{"id": "gen9randombattle-2631590842", "format": "[Gen 9] Random Battle", "players": ["flaviodssts", "Pokeoke"], "log": "|j|\u2606flaviodssts\n|j|\u2606Pokeoke\n|t:|1781405574\n|gametype|singles\n|player|p1|flaviodssts|burglar|1966\n|player|p2|Pokeoke|265|2044\n|gen|9\n|tier|[Gen 9] Random Battle\n|rated|\n|rule|Species Clause: Limit one of each Pok\u00e9mon\n|rule|HP Percentage Mod: HP is shown in percentages\n|rule|Sleep Clause Mod: Limit one foe put to sleep\n|rule|Illusion Level Mod: Illusion disguises the Pok\u00e9mon's true level\n|\n|t:|1781405574\n|teamsize|p1|6\n|teamsize|p2|6\n|start\n|switch|p1a: Hydreigon|Hydreigon, L79, F|275/275\n|switch|p2a: Alomomola|Alomomola, L87, M|429/429\n|turn|1\n|inactive|Battle timer is ON: inactive players will automatically lose when time's up. (requested by flaviodssts)\n|\n|t:|1781405586\n|move|p1a: Hydreigon|U-turn|p2a: Alomomola\n|-damage|p2a: Alomomola|383/429\n|\n|t:|1781405588\n|switch|p1a: Brambleghast|Brambleghast, L88, M|240/240|[from] U-turn\n|move|p2a: Alomomola|Flip Turn|p1a: Brambleghast\n|-resisted|p1a: Brambleghast\n|-damage|p1a: Brambleghast|209/240\n|\n|t:|1781405605\n|switch|p2a: Iron Jugulis|Iron Jugulis, L77|271/271|[from] Flip Turn\n|\n|-heal|p1a: Brambleghast|224/240|[from] item: Leftovers\n|upkeep\n|turn|2\n|\n|t:|1781405624\n|switch|p1a: Hydreigon|Hydreigon, L79, F|275/275\n|move|p2a: Iron Jugulis|Dark Pulse|p1a: Hydreigon\n|-resisted|p1a: Hydreigon\n|-damage|p1a: Hydreigon|212/275\n|\n|upkeep\n|turn|3\n|\n|t:|1781405630\n|-end|p2a: Iron Jugulis|Quark Drive|[silent]\n|switch|p2a: Diancie|Diancie, L82|216/216\n|move|p1a: Hydreigon|U-turn|p2a: Diancie\n|-resisted|p2a: Diancie\n|-damage|p2a: Diancie|200/216\n|\n|t:|1781405643\n|switch|p1a: Brambleghast|Brambleghast, L88, M|224/240|[from] U-turn\n|\n|-heal|p1a: Brambleghast|239/240|[from] item: Leftovers\n|-heal|p2a: Diancie|213/216|[from] item: Leftovers\n|upkeep\n|turn|4\n|\n|t:|1781405661\n|switch|p2a: Iron Jugulis|Iron Jugulis, L77|271/271\n|move|p1a: Brambleghast|Power Whip|p2a: Iron Jugulis\n|-resisted|p2a: Iron Jugulis\n|-damage|p2a: Iron Jugulis|185/271\n|\n|-heal|p1a: Brambleghast|240/240|[from] item: Leftovers\n|upkeep\n|turn|5\n|\n|t:|1781405666\n|move|p2a: Iron Jugulis|Dark Pulse|p1a: Brambleghast\n|-supereffective|p1a: Brambleghast\n|-damage|p1a: Brambleghast|0 fnt\n|faint|p1a: Brambleghast\n|\n|upkeep\n|-message|flaviodssts forfeited.\n|\n|win|Pokeoke\n", "inputlog": ">version a8376a258c1d4662feba110a92103f3664a72141\n>start {\"formatid\":\"gen9randombattle\",\"seed\":\"sodium,2c820fa6f8687a4d6657ad67206a6312\",\"rated\":\"Rated battle\"}\n>player p1 {\"name\":\"flaviodssts\",\"avatar\":\"burglar\",\"rating\":1966,\"seed\":\"sodium,47c397665cd3081f0203a9481b74afe0\"}\n>player p2 {\"name\":\"Pokeoke\",\"avatar\":\"265\",\"rating\":2044,\"seed\":\"sodium,112372298f1d9726fdb0f93aa35549de\"}\n>p1 move uturn\n>p2 move flipturn\n>p1 switch 4\n>p2 switch 2\n>p1 switch 4\n>p2 move darkpulse\n>p1 move uturn\n>p2 switch 3\n>p1 switch 4\n>p1 move powerwhip\n>p2 switch 3\n>p1 move spikes\n>p2 move darkpulse\n>forcelose p1", "uploadtime": 1781405575, "views": 4, "formatid": "gen9randombattle", "rating": null, "private": 0, "password": null, "player_dets": [{"name": "flaviodssts", "avatar": "burglar", "rating": 1966, "seed": "sodium,47c397665cd3081f0203a9481b74afe0"}, {"name": "Pokeoke", "avatar": "265", "rating": 2044, "seed": "sodium,112372298f1d9726fdb0f93aa35549de"}], "teams_full": [{"Hydreigon": {"name": "Hydreigon", "species": "Hydreigon", "speciesId": "hydreigon", "gender": "F", "shiny": false, "level": 79, "moves": ["uturn", "darkpulse", "dracometeor", "fireblast"], "ability": "Levitate", "evs": {"hp": 85, "atk": 85, "def": 85, "spa": 85, "spd": 85, "spe": 85}, "ivs": {"hp": 31, "atk": 31, "def": 31, "spa": 31, "spd": 31, "spe": 31}, "item": "Choice Specs", "teraType": "Dark", "role": "Fast Attacker", "bvs": {"hp": 92, "atk": 105, "def": 90, "spa": 125, "spd": 90, "spe": 98}, "stats": {"hp": 275, "atk": 211, "def": 188, "spa": 243, "spd": 188, "spe": 200}, "types": ["Dark", "Dragon"]}, "Slither Wing": {"name": "Slither Wing", "species": "Slither Wing", "speciesId": "slitherwing", "gender": "N", "shiny": false, "level": 81, "moves": ["closecombat", "flareblitz", "earthquake", "uturn"], "ability": "Protosynthesis", "evs": {"hp": 85, "atk": 85, "def": 85, "spa": 85, "spd": 85, "spe": 85}, "ivs": {"hp": 31, "atk": 31, "def": 31, "spa": 31, "spd": 31, "spe": 31}, "item": "Choice Band", "teraType": "Fire", "role": "Fast Attacker", "bvs": {"hp": 85, "atk": 135, "def": 79, "spa": 85, "spd": 105, "spe": 81}, "stats": {"hp": 270, "atk": 265, "def": 175, "spa": 184, "spd": 217, "spe": 178}, "types": ["Bug", "Fighting"]}, "Quaquaval": {"name": "Quaquaval", "species": "Quaquaval", "speciesId": "quaquaval", "gender": "F", "shiny": false, "level": 79, "moves": ["closecombat", "tripleaxel", "aquastep", "knockoff"], "ability": "Moxie", "evs": {"hp": 85, "atk": 85, "def": 85, "spa": 85, "spd": 85, "spe": 85}, "ivs": {"hp": 31, "atk": 31, "def": 31, "spa": 31, "spd": 31, "spe": 31}, "item": "Choice Band", "teraType": "Water", "role": "Wallbreaker", "bvs": {"hp": 85, "atk": 120, "def": 80, "spa": 85, "spd": 75, "spe": 85}, "stats": {"hp": 264, "atk": 235, "def": 172, "spa": 180, "spd": 164, "spe": 180}, "types": ["Water", "Fighting"]}, "Brambleghast": {"name": "Brambleghast", "species": "Brambleghast", "speciesId": "brambleghast", "gender": "M", "shiny": false, "level": 88, "moves": ["spikes", "strengthsap", "poltergeist", "powerwhip"], "ability": "Wind Rider", "evs": {"hp": 85, "atk": 85, "def": 85, "spa": 85, "spd": 85, "spe": 85}, "ivs": {"hp": 31, "atk": 31, "def": 31, "spa": 31, "spd": 31, "spe": 31}, "item": "Leftovers", "teraType": "Water", "role": "Fast Support", "bvs": {"hp": 55, "atk": 115, "def": 70, "spa": 80, "spd": 70, "spe": 90}, "stats": {"hp": 240, "atk": 253, "def": 173, "spa": 191, "spd": 173, "spe": 209}, "types": ["Grass", "Ghost"]}, "Armarouge": {"name": "Armarouge", "species": "Armarouge", "speciesId": "armarouge", "gender": "M", "shiny": false, "level": 80, "moves": ["psyshock", "focusblast", "armorcannon", "energyball"], "ability": "Weak Armor", "evs": {"hp": 85, "atk": 0, "def": 85, "spa": 85, "spd": 85, "spe": 85}, "ivs": {"hp": 31, "atk": 0, "def": 31, "spa": 31, "spd": 31, "spe": 31}, "item": "Choice Specs", "teraType": "Psychic", "role": "Wallbreaker", "bvs": {"hp": 85, "atk": 60, "def": 100, "spa": 125, "spd": 80, "spe": 75}, "stats": {"hp": 267, "atk": 101, "def": 206, "spa": 246, "spd": 174, "spe": 166}, "types": ["Fire", "Psychic"]}, "Oricorio": {"name": "Oricorio", "species": "Oricorio", "speciesId": "oricorio", "gender": "F", "shiny": false, "level": 84, "moves": ["hurricane", "roost", "quiverdance", "revelationdance"], "ability": "Dancer", "evs": {"hp": 85, "atk": 0, "def": 85, "spa": 85, "spd": 85, "spe": 85}, "ivs": {"hp": 31, "atk": 0, "def": 31, "spa": 31, "spd": 31, "spe": 31}, "item": "Heavy-Duty Boots", "teraType": "Ground", "role": "Setup Sweeper", "bvs": {"hp": 75, "atk": 70, "def": 70, "spa": 98, "spd": 70, "spe": 93}, "stats": {"hp": 263, "atk": 122, "def": 166, "spa": 213, "spd": 166, "spe": 204}, "types": ["Fire", "Flying"]}}, {"Alomomola": {"name": "Alomomola", "species": "Alomomola", "speciesId": "alomomola", "gender": "M", "shiny": false, "level": 87, "moves": ["scald", "wish", "flipturn", "protect"], "ability": "Regenerator", "evs": {"hp": 85, "atk": 85, "def": 85, "spa": 85, "spd": 85, "spe": 85}, "ivs": {"hp": 31, "atk": 31, "def": 31, "spa": 31, "spd": 31, "spe": 31}, "item": "Leftovers", "teraType": "Poison", "role": "Bulky Support", "bvs": {"hp": 165, "atk": 75, "def": 80, "spa": 40, "spd": 45, "spe": 65}, "stats": {"hp": 429, "atk": 180, "def": 189, "spa": 119, "spd": 128, "spe": 163}, "types": ["Water"]}, "Iron Jugulis": {"name": "Iron Jugulis", "species": "Iron Jugulis", "speciesId": "ironjugulis", "gender": "N", "shiny": false, "level": 77, "moves": ["darkpulse", "hurricane", "hydropump", "uturn"], "ability": "Quark Drive", "evs": {"hp": 85, "atk": 85, "def": 85, "spa": 85, "spd": 85, "spe": 85}, "ivs": {"hp": 31, "atk": 31, "def": 31, "spa": 31, "spd": 31, "spe": 31}, "item": "Choice Specs", "teraType": "Dark", "role": "Wallbreaker", "bvs": {"hp": 94, "atk": 80, "def": 86, "spa": 122, "spd": 80, "spe": 108}, "stats": {"hp": 271, "atk": 168, "def": 177, "spa": 232, "spd": 168, "spe": 211}, "types": ["Dark", "Flying"]}, "Diancie": {"name": "Diancie", "species": "Diancie", "speciesId": "diancie", "gender": "N", "shiny": false, "level": 82, "moves": ["calmmind", "diamondstorm", "earthpower", "drainingkiss"], "ability": "Clear Body", "evs": {"hp": 85, "atk": 85, "def": 85, "spa": 85, "spd": 85, "spe": 85}, "ivs": {"hp": 31, "atk": 31, "def": 31, "spa": 31, "spd": 31, "spe": 31}, "item": "Leftovers", "teraType": "Fairy", "role": "Bulky Setup", "bvs": {"hp": 50, "atk": 100, "def": 150, "spa": 100, "spd": 150, "spe": 50}, "stats": {"hp": 216, "atk": 211, "def": 293, "spa": 211, "spd": 293, "spe": 129}, "types": ["Rock", "Fairy"]}, "Reshiram": {"name": "Reshiram", "species": "Reshiram", "speciesId": "reshiram", "gender": "N", "shiny": false, "level": 76, "moves": ["flareblitz", "stoneedge", "dragondance", "outrage"], "ability": "Turboblaze", "evs": {"hp": 85, "atk": 85, "def": 85, "spa": 85, "spd": 85, "spe": 85}, "ivs": {"hp": 31, "atk": 31, "def": 31, "spa": 31, "spd": 31, "spe": 31}, "item": "Heavy-Duty Boots", "teraType": "Dragon", "role": "Setup Sweeper", "bvs": {"hp": 100, "atk": 120, "def": 100, "spa": 150, "spd": 120, "spe": 90}, "stats": {"hp": 277, "atk": 226, "def": 196, "spa": 272, "spd": 226, "spe": 181}, "types": ["Dragon", "Fire"]}, "Eternatus": {"name": "Eternatus", "species": "Eternatus", "speciesId": "eternatus", "gender": "N", "shiny": false, "level": 69, "moves": ["fireblast", "sludgebomb", "dynamaxcannon", "meteorbeam"], "ability": "Pressure", "evs": {"hp": 85, "atk": 0, "def": 85, "spa": 85, "spd": 85, "spe": 85}, "ivs": {"hp": 31, "atk": 0, "def": 31, "spa": 31, "spd": 31, "spe": 31}, "item": "Power Herb", "teraType": "Fire", "role": "Setup Sweeper", "bvs": {"hp": 140, "atk": 85, "def": 95, "spa": 145, "spd": 95, "spe": 130}, "stats": {"hp": 308, "atk": 122, "def": 171, "spa": 240, "spd": 171, "spe": 220}, "types": ["Poison", "Dragon"]}, "Drifblim": {"name": "Drifblim", "species": "Drifblim", "speciesId": "drifblim", "gender": "M", "shiny": false, "level": 86, "moves": ["airslash", "calmmind", "shadowball", "strengthsap"], "ability": "Unburden", "evs": {"hp": 73, "atk": 0, "def": 85, "spa": 85, "spd": 85, "spe": 85}, "ivs": {"hp": 31, "atk": 0, "def": 31, "spa": 31, "spd": 31, "spe": 31}, "item": "Sitrus Berry", "teraType": "Steel", "role": "Bulky Attacker", "bvs": {"hp": 150, "atk": 80, "def": 44, "spa": 90, "spd": 54, "spe": 80}, "stats": {"hp": 396, "atk": 142, "def": 125, "spa": 204, "spd": 142, "spe": 187}, "types": ["Ghost", "Flying"]}}]}