{"id": "gen9randombattle-2631617422", "format": "[Gen 9] Random Battle", "players": ["Roface", "NZQ"], "log": "|j|\u2606Roface\n|j|\u2606NZQ\n|t:|1781409550\n|gametype|singles\n|player|p1|Roface|yancy|2104\n|player|p2|NZQ|2|2065\n|gen|9\n|tier|[Gen 9] Random Battle\n|rated|\n|rule|Species Clause: Limit one of each Pok\u00e9mon\n|rule|HP Percentage Mod: HP is shown in percentages\n|rule|Sleep Clause Mod: Limit one foe put to sleep\n|rule|Illusion Level Mod: Illusion disguises the Pok\u00e9mon's true level\n|\n|t:|1781409550\n|teamsize|p1|6\n|teamsize|p2|6\n|start\n|switch|p1a: Plusle|Plusle, L95, M|268/268\n|switch|p2a: Espathra|Espathra, L80, M|283/283\n|turn|1\n|inactive|Battle timer is ON: inactive players will automatically lose when time's up. (requested by Roface)\n|\n|t:|1781409581\n|switch|p2a: Magnezone|Magnezone, L85|258/258\n|move|p1a: Plusle|Thunderbolt|p2a: Magnezone\n|-resisted|p2a: Magnezone\n|-damage|p2a: Magnezone|209/258\n|-damage|p1a: Plusle|242/268|[from] item: Life Orb\n|\n|upkeep\n|turn|2\n|\n|t:|1781409599\n|move|p1a: Plusle|Nasty Plot|p1a: Plusle\n|-boost|p1a: Plusle|spa|2\n|move|p2a: Magnezone|Body Press|p1a: Plusle\n|-damage|p1a: Plusle|148/268\n|\n|upkeep\n|turn|3\n|\n|t:|1781409605\n|move|p1a: Plusle|Thunderbolt|p2a: Magnezone\n|-resisted|p2a: Magnezone\n|-damage|p2a: Magnezone|119/258\n|-damage|p1a: Plusle|122/268|[from] item: Life Orb\n|move|p2a: Magnezone|Body Press|p1a: Plusle\n|-damage|p1a: Plusle|29/268\n|\n|upkeep\n|turn|4\n|\n|t:|1781409609\n|move|p1a: Plusle|Thunderbolt|p2a: Magnezone\n|-resisted|p2a: Magnezone\n|-damage|p2a: Magnezone|33/258\n|-damage|p1a: Plusle|3/268|[from] item: Life Orb\n|move|p2a: Magnezone|Flash Cannon|p1a: Plusle\n|-resisted|p1a: Plusle\n|-damage|p1a: Plusle|0 fnt\n|faint|p1a: Plusle\n|\n|upkeep\n|\n|t:|1781409615\n|switch|p1a: Breloom|Breloom, L83, F|235/235\n|turn|5\n|\n|t:|1781409618\n|move|p1a: Breloom|Bullet Seed|p2a: Magnezone\n|-resisted|p2a: Magnezone\n|-damage|p2a: Magnezone|10/258\n|-resisted|p2a: Magnezone\n|-damage|p2a: Magnezone|0 fnt\n|faint|p2a: Magnezone\n|-hitcount|p2: Magnezone|2\n|-damage|p1a: Breloom|212/235|[from] item: Life Orb\n|\n|upkeep\n|\n|t:|1781409631\n|switch|p2a: Muk|Muk, L86, M|321/321\n|turn|6\n|\n|t:|1781409635\n|switch|p1a: Vileplume|Vileplume, L85, F|266/266\n|move|p2a: Muk|Gunk Shot|p1a: Vileplume|[miss]\n|-miss|p2a: Muk|p1a: Vileplume\n|\n|upkeep\n|turn|7\n|\n|t:|1781409640\n|move|p2a: Muk|Knock Off|p1a: Vileplume\n|-damage|p1a: Vileplume|191/266\n|-enditem|p1a: Vileplume|Leftovers|[from] move: Knock Off|[of] p2a: Muk\n|move|p1a: Vileplume|Sleep Powder|p2a: Muk\n|-status|p2a: Muk|slp|[from] move: Sleep Powder\n|\n|upkeep\n|turn|8\n|\n|t:|1781409648\n|switch|p2a: Pelipper|Pelipper, L86, M|243/243\n|-weather|RainDance|[from] ability: Drizzle|[of] p2a: Pelipper\n|switch|p1a: Samurott|Samurott-Hisui, L77, F|265/265\n|\n|-weather|RainDance|[upkeep]\n|upkeep\n|turn|9\n|\n|t:|1781409653\n|move|p1a: Samurott|Ceaseless Edge|p2a: Pelipper\n|-damage|p2a: Pelipper|110/243\n|-sidestart|p2: NZQ|Spikes\n|move|p2a: Pelipper|Hurricane|p1a: Samurott\n|-damage|p1a: Samurott|96/265\n|\n|-weather|RainDance|[upkeep]\n|upkeep\n|turn|10\n|\n|t:|1781409656\n|move|p1a: Samurott|Ceaseless Edge|p2a: Pelipper\n|-damage|p2a: Pelipper|0 fnt\n|-sidestart|p2: NZQ|Spikes\n|faint|p2a: Pelipper\n|\n|-weather|RainDance|[upkeep]\n|upkeep\n|\n|t:|1781409662\n|switch|p2a: Raikou|Raikou, L81|278/278\n|-damage|p2a: Raikou|232/278|[from] Spikes\n|-ability|p2a: Raikou|Pressure\n|turn|11\n|\n|t:|1781409676\n|switch|p1a: Vileplume|Vileplume, L85, F|191/266\n|move|p2a: Raikou|Thunderbolt|p1a: Vileplume\n|-resisted|p1a: Vileplume\n|-damage|p1a: Vileplume|143/266\n|\n|-weather|RainDance|[upkeep]\n|-heal|p2a: Raikou|249/278|[from] item: Leftovers\n|upkeep\n|turn|12\n|\n|t:|1781409681\n|move|p2a: Raikou|Calm Mind|p2a: Raikou\n|-boost|p2a: Raikou|spa|1\n|-boost|p2a: Raikou|spd|1\n|move|p1a: Vileplume|Sludge Bomb|p2a: Raikou\n|-damage|p2a: Raikou|183/278\n|\n|-weather|none\n|-heal|p2a: Raikou|200/278|[from] item: Leftovers\n|upkeep\n|turn|13\n|\n|t:|1781409691\n|switch|p1a: Sylveon|Sylveon, L85, F|300/300\n|move|p2a: Raikou|Substitute|p2a: Raikou\n|-start|p2a: Raikou|Substitute\n|-damage|p2a: Raikou|131/278\n|\n|-heal|p2a: Raikou|148/278|[from] item: Leftovers\n|upkeep\n|turn|14\n|\n|t:|1781409695\n|move|p2a: Raikou|Thunderbolt|p1a: Sylveon\n|-damage|p1a: Sylveon|182/300\n|move|p1a: Sylveon|Calm Mind|p1a: Sylveon\n|-boost|p1a: Sylveon|spa|1\n|-boost|p1a: Sylveon|spd|1\n|\n|-heal|p2a: Raikou|165/278|[from] item: Leftovers\n|-heal|p1a: Sylveon|200/300|[from] item: Leftovers\n|upkeep\n|turn|15\n|\n|t:|1781409704\n|move|p2a: Raikou|Thunderbolt|p1a: Sylveon\n|-damage|p1a: Sylveon|131/300\n|move|p1a: Sylveon|Hyper Voice|p2a: Raikou\n|-damage|p2a: Raikou|42/278\n|\n|-heal|p2a: Raikou|59/278|[from] item: Leftovers\n|-heal|p1a: Sylveon|149/300|[from] item: Leftovers\n|upkeep\n|turn|16\n|\n|t:|1781409707\n|move|p2a: Raikou|Thunderbolt|p1a: Sylveon\n|-damage|p1a: Sylveon|73/300\n|move|p1a: Sylveon|Wish|p1a: Sylveon\n|\n|-heal|p2a: Raikou|76/278|[from] item: Leftovers\n|-heal|p1a: Sylveon|91/300|[from] item: Leftovers\n|upkeep\n|turn|17\n|\n|t:|1781409711\n|move|p2a: Raikou|Thunderbolt|p1a: Sylveon\n|-damage|p1a: Sylveon|19/300\n|move|p1a: Sylveon|Hyper Voice|p2a: Raikou\n|-damage|p2a: Raikou|0 fnt\n|faint|p2a: Raikou\n|\n|-heal|p1a: Sylveon|169/300|[from] move: Wish|[wisher] Sylveon\n|-heal|p1a: Sylveon|187/300|[from] item: Leftovers\n|upkeep\n|\n|t:|1781409714\n|switch|p2a: Espathra|Espathra, L80, M|283/283\n|-damage|p2a: Espathra|236/283|[from] Spikes\n|turn|18\n|\n|t:|1781409721\n|move|p2a: Espathra|Calm Mind|p2a: Espathra\n|-boost|p2a: Espathra|spa|1\n|-boost|p2a: Espathra|spd|1\n|move|p1a: Sylveon|Hyper Voice|p2a: Espathra\n|-damage|p2a: Espathra|56/283\n|\n|-heal|p2a: Espathra|73/283|[from] item: Leftovers\n|-heal|p1a: Sylveon|205/300|[from] item: Leftovers\n|-ability|p2a: Espathra|Speed Boost|boost\n|-boost|p2a: Espathra|spe|1\n|upkeep\n|turn|19\n|\n|t:|1781409726\n|move|p2a: Espathra|Stored Power|p1a: Sylveon\n|-damage|p1a: Sylveon|141/300\n|move|p1a: Sylveon|Hyper Voice|p2a: Espathra\n|-damage|p2a: Espathra|0 fnt\n|faint|p2a: Espathra\n|\n|-heal|p1a: Sylveon|159/300|[from] item: Leftovers\n|upkeep\n|-message|NZQ forfeited.\n|\n|win|Roface\n", "inputlog": ">version a8376a258c1d4662feba110a92103f3664a72141\n>start {\"formatid\":\"gen9randombattle\",\"seed\":\"sodium,a1271c4b75af7c77b4a898a5e044a97f\",\"rated\":\"Rated battle\"}\n>player p1 {\"name\":\"Roface\",\"avatar\":\"yancy\",\"rating\":2104,\"seed\":\"sodium,12146fe07368606b1e037e7ae0f4eae2\"}\n>player p2 {\"name\":\"NZQ\",\"avatar\":\"2\",\"rating\":2065,\"seed\":\"sodium,fc5fec49aa6dcef581c1b2f861e03c54\"}\n>p1 move thunderbolt\n>p2 switch 3\n>p1 move nastyplot\n>p2 move bodypress\n>p1 move thunderbolt\n>p2 move bodypress\n>p1 move thunderbolt\n>p2 move flashcannon\n>p1 switch 6\n>p1 move bulletseed\n>p2 move discharge\n>p2 switch 2\n>p1 switch 2\n>p2 move gunkshot\n>p1 move sleeppowder\n>p2 move knockoff\n>p1 switch 5\n>p2 switch 4\n>p1 move ceaselessedge\n>p2 move hurricane\n>p1 move ceaselessedge\n>p2 move hurricane\n>p2 switch 6\n>p1 switch 5\n>p2 move thunderbolt\n>p1 move sludgebomb\n>p2 move calmmind\n>p1 switch 4\n>p2 move substitute\n>p1 move calmmind\n>p2 move thunderbolt\n>p1 move hypervoice\n>p2 move thunderbolt\n>p1 move wish\n>p2 move thunderbolt\n>p1 move hypervoice\n>p2 move thunderbolt\n>p2 switch 3\n>p1 move hypervoice\n>p2 move calmmind\n>p1 move hypervoice\n>p2 move storedpower\n>forcelose p2", "uploadtime": 1781409552, "views": 5, "formatid": "gen9randombattle", "rating": null, "private": 0, "password": null, "player_dets": [{"name": "Roface", "avatar": "yancy", "rating": 2104, "seed": "sodium,12146fe07368606b1e037e7ae0f4eae2"}, {"name": "NZQ", "avatar": "2", "rating": 2065, "seed": "sodium,fc5fec49aa6dcef581c1b2f861e03c54"}], "teams_full": [{"Plusle": {"name": "Plusle", "species": "Plusle", "speciesId": "plusle", "gender": "M", "shiny": false, "level": 95, "moves": ["alluringvoice", "encore", "thunderbolt", "nastyplot"], "ability": "Lightning Rod", "evs": {"hp": 85, "atk": 0, "def": 85, "spa": 85, "spd": 85, "spe": 85}, "ivs": {"hp": 31, "atk": 0, "def": 31, "spa": 31, "spd": 31, "spe": 31}, "item": "Life Orb", "teraType": "Electric", "role": "Setup Sweeper", "bvs": {"hp": 60, "atk": 50, "def": 40, "spa": 85, "spd": 75, "spe": 95}, "stats": {"hp": 268, "atk": 100, "def": 130, "spa": 215, "spd": 196, "spe": 234}}, "Vileplume": {"name": "Vileplume", "species": "Vileplume", "speciesId": "vileplume", "gender": "F", "shiny": false, "level": 85, "moves": ["gigadrain", "strengthsap", "sludgebomb", "sleeppowder"], "ability": "Effect Spore", "evs": {"hp": 85, "atk": 0, "def": 85, "spa": 85, "spd": 85, "spe": 85}, "ivs": {"hp": 31, "atk": 0, "def": 31, "spa": 31, "spd": 31, "spe": 31}, "item": "Leftovers", "teraType": "Water", "role": "Bulky Attacker", "bvs": {"hp": 75, "atk": 80, "def": 85, "spa": 110, "spd": 90, "spe": 50}, "stats": {"hp": 266, "atk": 141, "def": 193, "spa": 236, "spd": 202, "spe": 134}}, "Zoroark": {"name": "Zoroark", "species": "Zoroark", "speciesId": "zoroark", "gender": "M", "shiny": false, "level": 83, "moves": ["darkpulse", "nastyplot", "sludgebomb", "focusblast"], "ability": "Illusion", "evs": {"hp": 85, "atk": 0, "def": 85, "spa": 85, "spd": 85, "spe": 85}, "ivs": {"hp": 31, "atk": 0, "def": 31, "spa": 31, "spd": 31, "spe": 31}, "item": "Life Orb", "teraType": "Poison", "role": "Setup Sweeper", "bvs": {"hp": 60, "atk": 105, "def": 60, "spa": 120, "spd": 60, "spe": 105}, "stats": {"hp": 235, "atk": 179, "def": 147, "spa": 247, "spd": 147, "spe": 222}}, "Sylveon": {"name": "Sylveon", "species": "Sylveon", "speciesId": "sylveon", "gender": "F", "shiny": false, "level": 85, "moves": ["hypervoice", "calmmind", "wish", "protect"], "ability": "Pixilate", "evs": {"hp": 85, "atk": 0, "def": 85, "spa": 85, "spd": 85, "spe": 85}, "ivs": {"hp": 31, "atk": 0, "def": 31, "spa": 31, "spd": 31, "spe": 31}, "item": "Leftovers", "teraType": "Steel", "role": "Bulky Setup", "bvs": {"hp": 95, "atk": 65, "def": 65, "spa": 110, "spd": 130, "spe": 60}, "stats": {"hp": 300, "atk": 115, "def": 159, "spa": 236, "spd": 270, "spe": 151}}, "Samurott": {"name": "Samurott", "species": "Samurott-Hisui", "speciesId": "samurotthisui", "gender": "F", "shiny": false, "level": 77, "moves": ["flipturn", "ceaselessedge", "razorshell", "suckerpunch"], "ability": "Sharpness", "evs": {"hp": 85, "atk": 85, "def": 85, "spa": 85, "spd": 85, "spe": 85}, "ivs": {"hp": 31, "atk": 31, "def": 31, "spa": 31, "spd": 31, "spe": 31}, "item": "Choice Band", "teraType": "Poison", "role": "Fast Attacker", "bvs": {"hp": 90, "atk": 108, "def": 80, "spa": 100, "spd": 65, "spe": 85}, "stats": {"hp": 265, "atk": 211, "def": 168, "spa": 199, "spd": 145, "spe": 175}}, "Breloom": {"name": "Breloom", "species": "Breloom", "speciesId": "breloom", "gender": "F", "shiny": false, "level": 83, "moves": ["swordsdance", "machpunch", "rocktomb", "bulletseed"], "ability": "Technician", "evs": {"hp": 85, "atk": 85, "def": 85, "spa": 85, "spd": 85, "spe": 85}, "ivs": {"hp": 31, "atk": 31, "def": 31, "spa": 31, "spd": 31, "spe": 31}, "item": "Life Orb", "teraType": "Fighting", "role": "Fast Attacker", "bvs": {"hp": 60, "atk": 130, "def": 80, "spa": 60, "spd": 60, "spe": 70}, "stats": {"hp": 235, "atk": 263, "def": 180, "spa": 147, "spd": 147, "spe": 164}}}, {"Espathra": {"name": "Espathra", "species": "Espathra", "speciesId": "espathra", "gender": "M", "shiny": false, "level": 80, "moves": ["storedpower", "calmmind", "dazzlinggleam", "substitute"], "ability": "Speed Boost", "evs": {"hp": 85, "atk": 0, "def": 85, "spa": 85, "spd": 85, "spe": 85}, "ivs": {"hp": 31, "atk": 0, "def": 31, "spa": 31, "spd": 31, "spe": 31}, "item": "Leftovers", "teraType": "Fairy", "role": "Fast Bulky Setup", "bvs": {"hp": 95, "atk": 60, "def": 60, "spa": 101, "spd": 60, "spe": 105}, "stats": {"hp": 283, "atk": 101, "def": 142, "spa": 208, "spd": 142, "spe": 214}}, "Muk": {"name": "Muk", "species": "Muk", "speciesId": "muk", "gender": "M", "shiny": false, "level": 86, "moves": ["drainpunch", "gunkshot", "icepunch", "knockoff"], "ability": "Poison Touch", "evs": {"hp": 85, "atk": 85, "def": 85, "spa": 85, "spd": 85, "spe": 85}, "ivs": {"hp": 31, "atk": 31, "def": 31, "spa": 31, "spd": 31, "spe": 31}, "item": "Assault Vest", "teraType": "Dark", "role": "AV Pivot", "bvs": {"hp": 105, "atk": 105, "def": 75, "spa": 65, "spd": 100, "spe": 50}, "stats": {"hp": 321, "atk": 230, "def": 178, "spa": 161, "spd": 221, "spe": 135}}, "Magnezone": {"name": "Magnezone", "species": "Magnezone", "speciesId": "magnezone", "gender": "N", "shiny": false, "level": 85, "moves": ["voltswitch", "discharge", "bodypress", "flashcannon"], "ability": "Magnet Pull", "evs": {"hp": 85, "atk": 0, "def": 85, "spa": 85, "spd": 85, "spe": 85}, "ivs": {"hp": 31, "atk": 0, "def": 31, "spa": 31, "spd": 31, "spe": 31}, "item": "Assault Vest", "teraType": "Flying", "role": "AV Pivot", "bvs": {"hp": 70, "atk": 70, "def": 115, "spa": 130, "spd": 90, "spe": 60}, "stats": {"hp": 258, "atk": 124, "def": 244, "spa": 270, "spd": 202, "spe": 151}}, "Pelipper": {"name": "Pelipper", "species": "Pelipper", "speciesId": "pelipper", "gender": "M", "shiny": false, "level": 86, "moves": ["uturn", "surf", "roost", "hurricane"], "ability": "Drizzle", "evs": {"hp": 85, "atk": 85, "def": 85, "spa": 85, "spd": 85, "spe": 85}, "ivs": {"hp": 31, "atk": 31, "def": 31, "spa": 31, "spd": 31, "spe": 31}, "item": "Heavy-Duty Boots", "teraType": "Ground", "role": "Bulky Attacker", "bvs": {"hp": 60, "atk": 50, "def": 100, "spa": 95, "spd": 70, "spe": 65}, "stats": {"hp": 243, "atk": 135, "def": 221, "spa": 213, "spd": 170, "spe": 161}}, "Lunala": {"name": "Lunala", "species": "Lunala", "speciesId": "lunala", "gender": "N", "shiny": false, "level": 70, "moves": ["moonlight", "moonblast", "calmmind", "moongeistbeam"], "ability": "Shadow Shield", "evs": {"hp": 85, "atk": 0, "def": 85, "spa": 85, "spd": 85, "spe": 85}, "ivs": {"hp": 31, "atk": 0, "def": 31, "spa": 31, "spd": 31, "spe": 31}, "item": "Leftovers", "teraType": "Fairy", "role": "Bulky Setup", "bvs": {"hp": 137, "atk": 113, "def": 89, "spa": 137, "spd": 107, "spe": 97}, "stats": {"hp": 308, "atk": 163, "def": 166, "spa": 233, "spd": 191, "spe": 177}}, "Raikou": {"name": "Raikou", "species": "Raikou", "speciesId": "raikou", "gender": "N", "shiny": false, "level": 81, "moves": ["substitute", "thunderbolt", "calmmind", "scald"], "ability": "Pressure", "evs": {"hp": 85, "atk": 0, "def": 85, "spa": 85, "spd": 85, "spe": 85}, "ivs": {"hp": 31, "atk": 0, "def": 31, "spa": 31, "spd": 31, "spe": 31}, "item": "Leftovers", "teraType": "Water", "role": "Bulky Setup", "bvs": {"hp": 90, "atk": 85, "def": 75, "spa": 115, "spd": 100, "spe": 115}, "stats": {"hp": 278, "atk": 142, "def": 168, "spa": 233, "spd": 209, "spe": 233}}}]}