{"id": "gen9randombattle-2631617940", "format": "[Gen 9] Random Battle", "players": ["bulrug", "WezTheNub"], "log": "|j|\u203dbulrug\n|j|\u2606WezTheNub\n|t:|1781409629\n|gametype|singles\n|player|p1|bulrug|burglar|2029\n|player|p2|WezTheNub|norman|2050\n|gen|9\n|tier|[Gen 9] Random Battle\n|rated|\n|rule|Species Clause: Limit one of each Pok\u00e9mon\n|rule|HP Percentage Mod: HP is shown in percentages\n|rule|Sleep Clause Mod: Limit one foe put to sleep\n|rule|Illusion Level Mod: Illusion disguises the Pok\u00e9mon's true level\n|\n|t:|1781409629\n|teamsize|p1|6\n|teamsize|p2|6\n|start\n|switch|p1a: Cyclizar|Cyclizar, L83, M|252/252\n|switch|p2a: Rhyperior|Rhyperior, L82, F|323/323\n|turn|1\n|\n|t:|1781409651\n|switch|p2a: Hariyama|Hariyama, L87, M|392/392\n|move|p1a: Cyclizar|Shed Tail|p1a: Cyclizar\n|-start|p1a: Cyclizar|Substitute|[from] move: Shed Tail\n|-damage|p1a: Cyclizar|126/252\n|\n|t:|1781409654\n|switch|p1a: Uxie|Uxie, L83|260/260|[from] Shed Tail\n|\n|upkeep\n|turn|2\n|\n|t:|1781409688\n|move|p1a: Uxie|Psychic Noise|p2a: Hariyama\n|-supereffective|p2a: Hariyama\n|-damage|p2a: Hariyama|288/392\n|-start|p2a: Hariyama|move: Heal Block\n|move|p2a: Hariyama|Knock Off|p1a: Uxie\n|-supereffective|p1a: Uxie\n|-end|p1a: Uxie|Substitute\n|\n|upkeep\n|turn|3\n|\n|t:|1781409717\n|move|p1a: Uxie|Psychic Noise|p2a: Hariyama\n|-supereffective|p2a: Hariyama\n|-damage|p2a: Hariyama|172/392\n|move|p2a: Hariyama|Knock Off|p1a: Uxie\n|-supereffective|p1a: Uxie\n|-damage|p1a: Uxie|134/260\n|-enditem|p1a: Uxie|Leftovers|[from] move: Knock Off|[of] p2a: Hariyama\n|\n|-end|p2a: Hariyama|move: Heal Block\n|upkeep\n|turn|4\n|\n|t:|1781409731\n|switch|p2a: Tornadus|Tornadus-Therian, L79, M|254/254\n|move|p1a: Uxie|Psychic Noise|p2a: Tornadus\n|-damage|p2a: Tornadus|188/254\n|-start|p2a: Tornadus|move: Heal Block\n|\n|upkeep\n|turn|5\n|\n|t:|1781409743\n|move|p2a: Tornadus|Bleakwind Storm|p1a: Uxie|[miss]\n|-miss|p2a: Tornadus|p1a: Uxie\n|move|p1a: Uxie|U-turn|p2a: Tornadus\n|-resisted|p2a: Tornadus\n|-damage|p2a: Tornadus|166/254\n|\n|t:|1781409753\n|switch|p1a: Munkidori|Munkidori, L79, M|269/269|[from] U-turn\n|\n|-end|p2a: Tornadus|move: Heal Block\n|upkeep\n|turn|6\n|\n|t:|1781409763\n|switch|p2a: Necrozma|Necrozma-Dusk-Mane, L69|248/248\n|move|p1a: Munkidori|Sludge Wave|p2a: Necrozma\n|-immune|p2a: Necrozma\n|\n|upkeep\n|turn|7\n|\n|t:|1781409774\n|switch|p1a: Swampert|Swampert, L83, F|302/302\n|move|p2a: Necrozma|Sunsteel Strike|p1a: Swampert\n|-resisted|p1a: Swampert\n|-damage|p1a: Swampert|253/302\n|\n|-heal|p1a: Swampert|271/302|[from] item: Leftovers\n|upkeep\n|turn|8\n|\n|t:|1781409783\n|switch|p2a: Tornadus|Tornadus-Therian, L79, M|250/254\n|move|p1a: Swampert|Roar|p2a: Tornadus\n|drag|p2a: Necrozma|Necrozma-Dusk-Mane, L69|248/248\n|\n|-heal|p1a: Swampert|289/302|[from] item: Leftovers\n|upkeep\n|turn|9\n|\n|t:|1781409788\n|switch|p2a: Tornadus|Tornadus-Therian, L79, M|254/254\n|move|p1a: Swampert|Knock Off|p2a: Tornadus\n|-damage|p2a: Tornadus|176/254\n|-enditem|p2a: Tornadus|Choice Specs|[from] move: Knock Off|[of] p1a: Swampert\n|\n|-heal|p1a: Swampert|302/302|[from] item: Leftovers\n|upkeep\n|turn|10\n|\n|t:|1781409794\n|switch|p1a: Munkidori|Munkidori, L79, M|269/269\n|move|p2a: Tornadus|Bleakwind Storm|p1a: Munkidori\n|-damage|p1a: Munkidori|158/269\n|\n|upkeep\n|turn|11\n|\n|t:|1781409799\n|move|p2a: Tornadus|U-turn|p1a: Munkidori\n|-damage|p1a: Munkidori|100/269\n|\n|t:|1781409801\n|switch|p2a: Necrozma|Necrozma-Dusk-Mane, L69|248/248|[from] U-turn\n|move|p1a: Munkidori|U-turn|p2a: Necrozma\n|-damage|p2a: Necrozma|214/248\n|\n|t:|1781409809\n|switch|p1a: Swampert|Swampert, L83, F|302/302|[from] U-turn\n|\n|upkeep\n|turn|12\n|\n|t:|1781409816\n|switch|p2a: Tornadus|Tornadus-Therian, L79, M|254/254\n|move|p1a: Swampert|Earthquake|p2a: Tornadus\n|-immune|p2a: Tornadus\n|\n|upkeep\n|turn|13\n|\n|t:|1781409821\n|move|p2a: Tornadus|Bleakwind Storm|p1a: Swampert\n|-damage|p1a: Swampert|203/302\n|move|p1a: Swampert|Flip Turn|p2a: Tornadus\n|-damage|p2a: Tornadus|170/254\n|\n|t:|1781409828\n|switch|p1a: Cyclizar|Cyclizar, L83, M|210/252|[from] Flip Turn\n|\n|upkeep\n|turn|14\n|\n|t:|1781409836\n|move|p1a: Cyclizar|Draco Meteor|p2a: Tornadus\n|-damage|p2a: Tornadus|52/254\n|-unboost|p1a: Cyclizar|spa|2\n|move|p2a: Tornadus|Bleakwind Storm|p1a: Cyclizar\n|-damage|p1a: Cyclizar|78/252\n|\n|upkeep\n|turn|15\n|\n|t:|1781409843\n|move|p1a: Cyclizar|Draco Meteor|p2a: Tornadus\n|-damage|p2a: Tornadus|0 fnt\n|-unboost|p1a: Cyclizar|spa|2\n|faint|p2a: Tornadus\n|\n|upkeep\n|\n|t:|1781409857\n|switch|p2a: Zapdos|Zapdos-Galar, L77|265/265\n|turn|16\n|\n|t:|1781409862\n|switch|p1a: Munkidori|Munkidori, L79, M|100/269\n|move|p2a: Zapdos|Bulk Up|p2a: Zapdos\n|-boost|p2a: Zapdos|atk|1\n|-boost|p2a: Zapdos|def|1\n|\n|upkeep\n|turn|17\n|\n|t:|1781409894\n|-terastallize|p2a: Zapdos|Dark\n|move|p1a: Munkidori|Psyshock|p2a: Zapdos\n|-immune|p2a: Zapdos\n|move|p2a: Zapdos|Knock Off|p1a: Munkidori\n|-supereffective|p1a: Munkidori\n|-damage|p1a: Munkidori|0 fnt\n|-enditem|p1a: Munkidori|Choice Specs|[from] move: Knock Off|[of] p2a: Zapdos\n|faint|p1a: Munkidori\n|-damage|p2a: Zapdos|239/265|[from] item: Life Orb\n|\n|upkeep\n|\n|t:|1781409900\n|switch|p1a: Illumise|Illumise, L91, F|266/266\n|turn|18\n|\n|t:|1781409903\n|move|p1a: Illumise|Bug Buzz|p2a: Zapdos\n|-supereffective|p2a: Zapdos\n|-damage|p2a: Zapdos|57/265\n|move|p2a: Zapdos|Brave Bird|p1a: Illumise\n|-supereffective|p1a: Illumise\n|-damage|p1a: Illumise|0 fnt\n|faint|p1a: Illumise\n|-damage|p2a: Zapdos|0 fnt|[from] Recoil\n|faint|p2a: Zapdos\n|\n|upkeep\n|\n|t:|1781409915\n|switch|p1a: Swampert|Swampert, L83, F|203/302\n|switch|p2a: Hariyama|Hariyama, L87, M|172/392\n|turn|19\n|\n|t:|1781409922\n|switch|p2a: Alomomola|Alomomola, L87, F|429/429\n|move|p1a: Swampert|Earthquake|p2a: Alomomola\n|-damage|p2a: Alomomola|318/429\n|\n|-heal|p2a: Alomomola|344/429|[from] item: Leftovers\n|-heal|p1a: Swampert|221/302|[from] item: Leftovers\n|upkeep\n|turn|20\n|\n|t:|1781409927\n|move|p2a: Alomomola|Wish|p2a: Alomomola\n|move|p1a: Swampert|Knock Off|p2a: Alomomola\n|-damage|p2a: Alomomola|265/429\n|-enditem|p2a: Alomomola|Leftovers|[from] move: Knock Off|[of] p1a: Swampert\n|\n|-heal|p1a: Swampert|239/302|[from] item: Leftovers\n|upkeep\n|turn|21\n|\n|t:|1781409931\n|move|p2a: Alomomola|Flip Turn|p1a: Swampert\n|-damage|p1a: Swampert|184/302\n|\n|t:|1781409932\n|switch|p2a: Hariyama|Hariyama, L87, M|172/392|[from] Flip Turn\n|move|p1a: Swampert|Flip Turn|p2a: Hariyama\n|-damage|p2a: Hariyama|90/392\n|\n|t:|1781409936\n|switch|p1a: Uxie|Uxie, L83|134/260|[from] Flip Turn\n|\n|-heal|p2a: Hariyama|304/392|[from] move: Wish|[wisher] Alomomola\n|upkeep\n|turn|22\n|\n|t:|1781409939\n|move|p1a: Uxie|Psychic Noise|p2a: Hariyama\n|-supereffective|p2a: Hariyama\n|-damage|p2a: Hariyama|200/392\n|-start|p2a: Hariyama|move: Heal Block\n|move|p2a: Hariyama|Knock Off|p1a: Uxie\n|-supereffective|p1a: Uxie\n|-damage|p1a: Uxie|48/260\n|\n|upkeep\n|turn|23\n|\n|t:|1781409947\n|move|p1a: Uxie|Psychic Noise|p2a: Hariyama\n|-supereffective|p2a: Hariyama\n|-damage|p2a: Hariyama|84/392\n|move|p2a: Hariyama|Knock Off|p1a: Uxie\n|-supereffective|p1a: Uxie\n|-crit|p1a: Uxie\n|-damage|p1a: Uxie|0 fnt\n|faint|p1a: Uxie\n|\n|-end|p2a: Hariyama|move: Heal Block\n|upkeep\n|\n|t:|1781409954\n|switch|p1a: Swampert|Swampert, L83, F|184/302\n|turn|24\n|\n|t:|1781409957\n|switch|p2a: Alomomola|Alomomola, L87, F|408/429\n|move|p1a: Swampert|Earthquake|p2a: Alomomola\n|-damage|p2a: Alomomola|299/429\n|\n|-heal|p1a: Swampert|202/302|[from] item: Leftovers\n|upkeep\n|turn|25\n|\n|t:|1781409962\n|move|p2a: Alomomola|Scald|p1a: Swampert\n|-damage|p1a: Swampert|150/302\n|-status|p1a: Swampert|brn\n|move|p1a: Swampert|Roar|p2a: Alomomola\n|drag|p2a: Hariyama|Hariyama, L87, M|84/392\n|\n|-heal|p1a: Swampert|168/302 brn|[from] item: Leftovers\n|-damage|p1a: Swampert|150/302 brn|[from] brn\n|upkeep\n|turn|26\n|\n|t:|1781409968\n|switch|p2a: Alomomola|Alomomola, L87, F|429/429\n|move|p1a: Swampert|Earthquake|p2a: Alomomola\n|-damage|p2a: Alomomola|374/429\n|\n|-heal|p1a: Swampert|168/302 brn|[from] item: Leftovers\n|-damage|p1a: Swampert|150/302 brn|[from] brn\n|upkeep\n|turn|27\n|\n|t:|1781409978\n|move|p2a: Alomomola|Scald|p1a: Swampert\n|-damage|p1a: Swampert|98/302 brn\n|move|p1a: Swampert|Flip Turn|p2a: Alomomola\n|-resisted|p2a: Alomomola\n|-damage|p2a: Alomomola|347/429\n|\n|t:|1781409980\n|switch|p1a: Bellossom|Bellossom, L84, F|263/263|[from] Flip Turn\n|\n|upkeep\n|turn|28\n|\n|t:|1781410010\n|move|p2a: Alomomola|Flip Turn|p1a: Bellossom\n|-resisted|p1a: Bellossom\n|-damage|p1a: Bellossom|235/263\n|\n|t:|1781410011\n|switch|p2a: Necrozma|Necrozma-Dusk-Mane, L69|214/248|[from] Flip Turn\n|move|p1a: Bellossom|Quiver Dance|p1a: Bellossom\n|-boost|p1a: Bellossom|spa|1\n|-boost|p1a: Bellossom|spd|1\n|-boost|p1a: Bellossom|spe|1\n|\n|-heal|p1a: Bellossom|251/263|[from] item: Leftovers\n|upkeep\n|turn|29\n|\n|t:|1781410019\n|move|p1a: Bellossom|Quiver Dance|p1a: Bellossom\n|-boost|p1a: Bellossom|spa|1\n|-boost|p1a: Bellossom|spd|1\n|-boost|p1a: Bellossom|spe|1\n|move|p2a: Necrozma|Dragon Dance|p2a: Necrozma\n|-boost|p2a: Necrozma|atk|1\n|-boost|p2a: Necrozma|spe|1\n|\n|-heal|p1a: Bellossom|263/263|[from] item: Leftovers\n|upkeep\n|turn|30\n|\n|t:|1781410033\n|move|p1a: Bellossom|Giga Drain|p2a: Necrozma\n|-resisted|p2a: Necrozma\n|-damage|p2a: Necrozma|142/248\n|move|p2a: Necrozma|Photon Geyser|p1a: Bellossom\n|-crit|p1a: Bellossom\n|-damage|p1a: Bellossom|46/263\n|\n|-heal|p1a: Bellossom|62/263|[from] item: Leftovers\n|upkeep\n|turn|31\n|\n|t:|1781410039\n|move|p1a: Bellossom|Strength Sap|p2a: Necrozma\n|-unboost|p2a: Necrozma|atk|1\n|-heal|p1a: Bellossom|263/263\n|move|p2a: Necrozma|Dragon Dance|p2a: Necrozma\n|-boost|p2a: Necrozma|atk|1\n|-boost|p2a: Necrozma|spe|1\n|\n|upkeep\n|turn|32\n|\n|t:|1781410044\n|move|p2a: Necrozma|Photon Geyser|p1a: Bellossom\n|-damage|p1a: Bellossom|100/263\n|move|p1a: Bellossom|Quiver Dance|p1a: Bellossom\n|-boost|p1a: Bellossom|spa|1\n|-boost|p1a: Bellossom|spd|1\n|-boost|p1a: Bellossom|spe|1\n|\n|-heal|p1a: Bellossom|116/263|[from] item: Leftovers\n|upkeep\n|turn|33\n|\n|t:|1781410047\n|move|p1a: Bellossom|Strength Sap|p2a: Necrozma\n|-unboost|p2a: Necrozma|atk|1\n|-heal|p1a: Bellossom|263/263\n|move|p2a: Necrozma|Dragon Dance|p2a: Necrozma\n|-boost|p2a: Necrozma|atk|1\n|-boost|p2a: Necrozma|spe|1\n|\n|upkeep\n|turn|34\n|\n|t:|1781410050\n|move|p2a: Necrozma|Dragon Dance|p2a: Necrozma\n|-boost|p2a: Necrozma|atk|1\n|-boost|p2a: Necrozma|spe|1\n|move|p1a: Bellossom|Giga Drain|p2a: Necrozma\n|-resisted|p2a: Necrozma\n|-crit|p2a: Necrozma\n|-damage|p2a: Necrozma|0 fnt\n|faint|p2a: Necrozma\n|\n|upkeep\n|-message|WezTheNub forfeited.\n|\n|win|bulrug\n", "inputlog": ">version a8376a258c1d4662feba110a92103f3664a72141\n>start {\"formatid\":\"gen9randombattle\",\"seed\":\"sodium,7317cdb82b7f2742b2e6f0dd5c1bcfc4\",\"rated\":\"Rated battle\"}\n>player p1 {\"name\":\"bulrug\",\"avatar\":\"burglar\",\"rating\":2029,\"seed\":\"sodium,c194f29b158de1643c67e40c32ae3c95\"}\n>player p2 {\"name\":\"WezTheNub\",\"avatar\":\"norman\",\"rating\":2050,\"seed\":\"sodium,ff3feb4b065d0c877cc58aa28c696a72\"}\n>p1 move shedtail\n>p2 switch 6\n>p1 switch 2\n>p1 move psychicnoise\n>p2 move knockoff\n>p1 move psychicnoise\n>p2 move knockoff\n>p1 move psychicnoise\n>p2 switch 3\n>p1 move uturn\n>p2 move bleakwindstorm\n>p1 switch 6\n>p1 move sludgewave\n>p2 switch 2\n>p1 switch 3\n>p2 move sunsteelstrike\n>p1 move roar\n>p2 switch 2\n>p1 move knockoff\n>p2 switch 2\n>p1 switch 3\n>p2 move bleakwindstorm\n>p1 move uturn\n>p2 move uturn\n>p2 switch 2\n>p1 switch 3\n>p1 move earthquake\n>p2 switch 2\n>p1 move flipturn\n>p2 move bleakwindstorm\n>p1 switch 2\n>p1 move dracometeor\n>p2 move bleakwindstorm\n>p1 move dracometeor\n>p2 move uturn\n>p2 switch 4\n>p1 switch 3\n>p2 move bulkup\n>p1 move psyshock\n>p2 move knockoff terastallize\n>p1 switch 4\n>p1 move bugbuzz\n>p2 move bravebird\n>p1 switch 2\n>p2 switch 3\n>p1 move earthquake\n>p2 switch 5\n>p1 move knockoff\n>p2 move wish\n>p1 move flipturn\n>p2 move flipturn\n>p2 switch 5\n>p1 switch 6\n>p1 move psychicnoise\n>p2 move knockoff\n>p1 move psychicnoise\n>p2 move knockoff\n>p1 switch 6\n>p1 move earthquake\n>p2 switch 5\n>p1 move roar\n>p2 move scald\n>p1 move earthquake\n>p2 switch 5\n>p1 move flipturn\n>p2 move scald\n>p1 switch 5\n>p1 move quiverdance\n>p2 move flipturn\n>p2 switch 2\n>p1 move quiverdance\n>p2 move dragondance\n>p1 move gigadrain\n>p2 move photongeyser\n>p1 move strengthsap\n>p2 move dragondance\n>p1 move quiverdance\n>p2 move photongeyser\n>p1 move strengthsap\n>p2 move dragondance\n>p1 move gigadrain\n>p2 move dragondance\n>forcelose p2", "uploadtime": 1781409631, "views": 5, "formatid": "gen9randombattle", "rating": null, "private": 0, "password": null, "player_dets": [{"name": "bulrug", "avatar": "burglar", "rating": 2029, "seed": "sodium,c194f29b158de1643c67e40c32ae3c95"}, {"name": "WezTheNub", "avatar": "norman", "rating": 2050, "seed": "sodium,ff3feb4b065d0c877cc58aa28c696a72"}], "teams_full": [{"Cyclizar": {"name": "Cyclizar", "species": "Cyclizar", "speciesId": "cyclizar", "gender": "M", "shiny": false, "level": 83, "moves": ["dracometeor", "knockoff", "shedtail", "rapidspin"], "ability": "Regenerator", "evs": {"hp": 85, "atk": 85, "def": 85, "spa": 85, "spd": 85, "spe": 85}, "ivs": {"hp": 31, "atk": 31, "def": 31, "spa": 31, "spd": 31, "spe": 31}, "item": "Heavy-Duty Boots", "teraType": "Fairy", "role": "Fast Support", "bvs": {"hp": 70, "atk": 95, "def": 65, "spa": 85, "spd": 65, "spe": 121}, "stats": {"hp": 252, "atk": 205, "def": 156, "spa": 189, "spd": 156, "spe": 249}, "types": ["Dragon", "Normal"]}, "Uxie": {"name": "Uxie", "species": "Uxie", "speciesId": "uxie", "gender": "N", "shiny": false, "level": 83, "moves": ["encore", "yawn", "psychicnoise", "uturn"], "ability": "Levitate", "evs": {"hp": 85, "atk": 85, "def": 85, "spa": 85, "spd": 85, "spe": 85}, "ivs": {"hp": 31, "atk": 31, "def": 31, "spa": 31, "spd": 31, "spe": 31}, "item": "Leftovers", "teraType": "Electric", "role": "Bulky Support", "bvs": {"hp": 75, "atk": 75, "def": 130, "spa": 75, "spd": 130, "spe": 95}, "stats": {"hp": 260, "atk": 172, "def": 263, "spa": 172, "spd": 263, "spe": 205}, "types": ["Psychic"]}, "Swampert": {"name": "Swampert", "species": "Swampert", "speciesId": "swampert", "gender": "F", "shiny": false, "level": 83, "moves": ["roar", "knockoff", "earthquake", "flipturn"], "ability": "Torrent", "evs": {"hp": 85, "atk": 85, "def": 85, "spa": 85, "spd": 85, "spe": 85}, "ivs": {"hp": 31, "atk": 31, "def": 31, "spa": 31, "spd": 31, "spe": 31}, "item": "Leftovers", "teraType": "Steel", "role": "Bulky Support", "bvs": {"hp": 100, "atk": 110, "def": 90, "spa": 85, "spd": 90, "spe": 60}, "stats": {"hp": 302, "atk": 230, "def": 197, "spa": 189, "spd": 197, "spe": 147}, "types": ["Water", "Ground"]}, "Illumise": {"name": "Illumise", "species": "Illumise", "speciesId": "illumise", "gender": "F", "shiny": false, "level": 91, "moves": ["thunderwave", "bugbuzz", "roost", "encore"], "ability": "Prankster", "evs": {"hp": 85, "atk": 0, "def": 85, "spa": 85, "spd": 85, "spe": 85}, "ivs": {"hp": 31, "atk": 0, "def": 31, "spa": 31, "spd": 31, "spe": 31}, "item": "Heavy-Duty Boots", "teraType": "Water", "role": "Bulky Support", "bvs": {"hp": 65, "atk": 47, "def": 75, "spa": 73, "spd": 85, "spe": 85}, "stats": {"hp": 266, "atk": 90, "def": 188, "spa": 185, "spd": 207, "spe": 207}, "types": ["Bug"]}, "Bellossom": {"name": "Bellossom", "species": "Bellossom", "speciesId": "bellossom", "gender": "F", "shiny": false, "level": 84, "moves": ["strengthsap", "quiverdance", "terablast", "gigadrain"], "ability": "Chlorophyll", "evs": {"hp": 85, "atk": 0, "def": 85, "spa": 85, "spd": 85, "spe": 85}, "ivs": {"hp": 31, "atk": 0, "def": 31, "spa": 31, "spd": 31, "spe": 31}, "item": "Leftovers", "teraType": "Rock", "role": "Tera Blast user", "bvs": {"hp": 75, "atk": 80, "def": 95, "spa": 90, "spd": 100, "spe": 50}, "stats": {"hp": 263, "atk": 139, "def": 208, "spa": 199, "spd": 216, "spe": 132}, "types": ["Grass"]}, "Munkidori": {"name": "Munkidori", "species": "Munkidori", "speciesId": "munkidori", "gender": "M", "shiny": false, "level": 79, "moves": ["focusblast", "psyshock", "uturn", "sludgewave"], "ability": "Toxic Chain", "evs": {"hp": 85, "atk": 85, "def": 85, "spa": 85, "spd": 85, "spe": 85}, "ivs": {"hp": 31, "atk": 31, "def": 31, "spa": 31, "spd": 31, "spe": 31}, "item": "Choice Specs", "teraType": "Fighting", "role": "Fast Attacker", "bvs": {"hp": 88, "atk": 75, "def": 66, "spa": 130, "spd": 90, "spe": 106}, "stats": {"hp": 269, "atk": 164, "def": 150, "spa": 251, "spd": 188, "spe": 213}, "types": ["Poison", "Psychic"]}}, {"Rhyperior": {"name": "Rhyperior", "species": "Rhyperior", "speciesId": "rhyperior", "gender": "F", "shiny": false, "level": 82, "moves": ["earthquake", "stoneedge", "rockpolish", "megahorn"], "ability": "Solid Rock", "evs": {"hp": 85, "atk": 85, "def": 85, "spa": 85, "spd": 85, "spe": 85}, "ivs": {"hp": 31, "atk": 31, "def": 31, "spa": 31, "spd": 31, "spe": 31}, "item": "Weakness Policy", "teraType": "Rock", "role": "Bulky Setup", "bvs": {"hp": 115, "atk": 140, "def": 130, "spa": 55, "spd": 55, "spe": 40}, "stats": {"hp": 323, "atk": 277, "def": 260, "spa": 137, "spd": 137, "spe": 113}, "types": ["Ground", "Rock"]}, "Necrozma": {"name": "Necrozma", "species": "Necrozma-Dusk-Mane", "speciesId": "necrozmaduskmane", "gender": "N", "shiny": false, "level": 69, "moves": ["dragondance", "photongeyser", "sunsteelstrike", "earthquake"], "ability": "Prism Armor", "evs": {"hp": 85, "atk": 85, "def": 85, "spa": 85, "spd": 85, "spe": 85}, "ivs": {"hp": 31, "atk": 31, "def": 31, "spa": 31, "spd": 31, "spe": 31}, "item": "Weakness Policy", "teraType": "Ground", "role": "Bulky Setup", "bvs": {"hp": 97, "atk": 157, "def": 127, "spa": 113, "spd": 109, "spe": 77}, "stats": {"hp": 248, "atk": 257, "def": 216, "spa": 196, "spd": 191, "spe": 147}, "types": ["Psychic", "Steel"]}, "Tornadus": {"name": "Tornadus", "species": "Tornadus-Therian", "speciesId": "tornadustherian", "gender": "M", "shiny": false, "level": 79, "moves": ["focusblast", "uturn", "heatwave", "bleakwindstorm"], "ability": "Regenerator", "evs": {"hp": 85, "atk": 85, "def": 85, "spa": 85, "spd": 85, "spe": 85}, "ivs": {"hp": 31, "atk": 31, "def": 31, "spa": 31, "spd": 31, "spe": 31}, "item": "Choice Specs", "teraType": "Fire", "role": "Fast Attacker", "bvs": {"hp": 79, "atk": 100, "def": 80, "spa": 110, "spd": 90, "spe": 121}, "stats": {"hp": 254, "atk": 204, "def": 172, "spa": 219, "spd": 188, "spe": 237}, "types": ["Flying"]}, "Zapdos": {"name": "Zapdos", "species": "Zapdos-Galar", "speciesId": "zapdosgalar", "gender": "N", "shiny": false, "level": 77, "moves": ["bulkup", "closecombat", "bravebird", "knockoff"], "ability": "Defiant", "evs": {"hp": 85, "atk": 85, "def": 85, "spa": 85, "spd": 85, "spe": 85}, "ivs": {"hp": 31, "atk": 31, "def": 31, "spa": 31, "spd": 31, "spe": 31}, "item": "Life Orb", "teraType": "Dark", "role": "Fast Attacker", "bvs": {"hp": 90, "atk": 125, "def": 90, "spa": 85, "spd": 90, "spe": 100}, "stats": {"hp": 265, "atk": 237, "def": 183, "spa": 175, "spd": 183, "spe": 199}, "types": ["Fighting", "Flying"]}, "Alomomola": {"name": "Alomomola", "species": "Alomomola", "speciesId": "alomomola", "gender": "F", "shiny": false, "level": 87, "moves": ["flipturn", "wish", "scald", "protect"], "ability": "Regenerator", "evs": {"hp": 85, "atk": 85, "def": 85, "spa": 85, "spd": 85, "spe": 85}, "ivs": {"hp": 31, "atk": 31, "def": 31, "spa": 31, "spd": 31, "spe": 31}, "item": "Leftovers", "teraType": "Poison", "role": "Bulky Support", "bvs": {"hp": 165, "atk": 75, "def": 80, "spa": 40, "spd": 45, "spe": 65}, "stats": {"hp": 429, "atk": 180, "def": 189, "spa": 119, "spd": 128, "spe": 163}, "types": ["Water"]}, "Hariyama": {"name": "Hariyama", "species": "Hariyama", "speciesId": "hariyama", "gender": "M", "shiny": false, "level": 87, "moves": ["bulletpunch", "closecombat", "heavyslam", "knockoff"], "ability": "Thick Fat", "evs": {"hp": 85, "atk": 85, "def": 85, "spa": 85, "spd": 85, "spe": 85}, "ivs": {"hp": 31, "atk": 31, "def": 31, "spa": 31, "spd": 31, "spe": 31}, "item": "Assault Vest", "teraType": "Steel", "role": "AV Pivot", "bvs": {"hp": 144, "atk": 120, "def": 60, "spa": 40, "spd": 60, "spe": 50}, "stats": {"hp": 392, "atk": 259, "def": 154, "spa": 119, "spd": 154, "spe": 137}, "types": ["Fighting"]}}]}