{"id": "gen9randombattle-2631912284", "format": "[Gen 9] Random Battle", "players": ["leptod_303", "TheShowdownGoat"], "log": "|j|\u2606leptod_303\n|j|\u2606TheShowdownGoat\n|t:|1781454872\n|gametype|singles\n|player|p1|leptod_303|wallace|1419\n|player|p2|TheShowdownGoat|265|1419\n|gen|9\n|tier|[Gen 9] Random Battle\n|rated|\n|rule|Species Clause: Limit one of each Pok\u00e9mon\n|rule|HP Percentage Mod: HP is shown in percentages\n|rule|Sleep Clause Mod: Limit one foe put to sleep\n|rule|Illusion Level Mod: Illusion disguises the Pok\u00e9mon's true level\n|\n|t:|1781454872\n|teamsize|p1|6\n|teamsize|p2|6\n|start\n|switch|p1a: Gliscor|Gliscor, L76, M|239/239\n|switch|p2a: Kommo-o|Kommo-o, L78, F|245/245\n|turn|1\n|inactive|Battle timer is ON: inactive players will automatically lose when time's up. (requested by leptod_303)\n|c|\u2606leptod_303|Nah id win\n|-message|TheShowdownGoat forfeited.\n|\n|win|leptod_303\n|raw|leptod_303's rating: 1419 &rarr; <strong>1439</strong><br />(+20 for winning)\n|raw|TheShowdownGoat's rating: 1419 &rarr; <strong>1399</strong><br />(-20 for losing)\n|l|\u2606TheShowdownGoat\n|player|p2|\n", "inputlog": ">version a8376a258c1d4662feba110a92103f3664a72141\n>start {\"formatid\":\"gen9randombattle\",\"seed\":\"sodium,efcfe8d270937b2ff99435ffc2328376\",\"rated\":\"Rated battle\"}\n>player p1 {\"name\":\"leptod_303\",\"avatar\":\"wallace\",\"rating\":1419,\"seed\":\"sodium,049cac9f267c02736ef4b961fcbfb441\"}\n>player p2 {\"name\":\"TheShowdownGoat\",\"avatar\":\"265\",\"rating\":1419,\"seed\":\"sodium,a959eaa20454a123ad07bdd990dec307\"}\n>chat \u2606leptod_303|Nah id win\n>forcelose p2", "uploadtime": 1781454912, "views": 15, "formatid": "gen9randombattle", "rating": 1399, "private": 0, "password": null}