{"id": "gen9randombattle-2631384552", "format": "[Gen 9] Random Battle", "players": ["drowyna", "dariorossocampione"], "log": "|j|\u2606drowyna\n|j|\u2606dariorossocampione\n|t:|1781378317\n|gametype|singles\n|player|p1|drowyna|lucas|1622\n|player|p2|dariorossocampione|red|1595\n|gen|9\n|tier|[Gen 9] Random Battle\n|rated|\n|rule|Species Clause: Limit one of each Pok\u00e9mon\n|rule|HP Percentage Mod: HP is shown in percentages\n|rule|Sleep Clause Mod: Limit one foe put to sleep\n|rule|Illusion Level Mod: Illusion disguises the Pok\u00e9mon's true level\n|\n|t:|1781378317\n|teamsize|p1|6\n|teamsize|p2|6\n|start\n|switch|p1a: Veluza|Veluza, L85, M|292/292\n|switch|p2a: Weavile|Weavile, L79, M|240/240\n|turn|1\n|inactive|Battle timer is ON: inactive players will automatically lose when time's up. (requested by drowyna)\n|\n|t:|1781378338\n|switch|p1a: Drednaw|Drednaw, L81, M|278/278\n|move|p2a: Weavile|Swords Dance|p2a: Weavile\n|-boost|p2a: Weavile|atk|2\n|\n|upkeep\n|turn|2\n|\n|t:|1781378344\n|-terastallize|p1a: Drednaw|Dark\n|move|p2a: Weavile|Low Kick|p1a: Drednaw\n|-supereffective|p1a: Drednaw\n|-damage|p1a: Drednaw|2/278\n|move|p1a: Drednaw|Shell Smash|p1a: Drednaw\n|-unboost|p1a: Drednaw|def|1\n|-unboost|p1a: Drednaw|spd|1\n|-boost|p1a: Drednaw|atk|2\n|-boost|p1a: Drednaw|spa|2\n|-boost|p1a: Drednaw|spe|2\n|-enditem|p1a: Drednaw|White Herb\n|-clearnegativeboost|p1a: Drednaw|[silent]\n|\n|upkeep\n|turn|3\n|\n|t:|1781378359\n|switch|p2a: Tinkaton|Tinkaton, L82, F|274/274\n|-ability|p2a: Tinkaton|Mold Breaker\n|move|p1a: Drednaw|Liquidation|p2a: Tinkaton\n|-damage|p2a: Tinkaton|63/274\n|-unboost|p2a: Tinkaton|def|1\n|\n|-heal|p2a: Tinkaton|80/274|[from] item: Leftovers\n|upkeep\n|turn|4\n|\n|t:|1781378368\n|move|p1a: Drednaw|Liquidation|p2a: Tinkaton\n|-damage|p2a: Tinkaton|0 fnt\n|faint|p2a: Tinkaton\n|\n|upkeep\n|\n|t:|1781378391\n|switch|p2a: Reuniclus|Reuniclus, L88, M|337/337\n|turn|5\n|\n|t:|1781378399\n|move|p1a: Drednaw|Liquidation|p2a: Reuniclus\n|-damage|p2a: Reuniclus|127/337\n|move|p2a: Reuniclus|Focus Blast|p1a: Drednaw\n|-supereffective|p1a: Drednaw\n|-damage|p1a: Drednaw|0 fnt\n|faint|p1a: Drednaw\n|\n|upkeep\n|\n|t:|1781378406\n|switch|p1a: Spectrier|Spectrier, L75|274/274\n|turn|6\n|\n|t:|1781378412\n|switch|p2a: Indeedee|Indeedee, L84, M|238/238\n|-fieldstart|move: Psychic Terrain|[from] ability: Psychic Surge|[of] p2a: Indeedee\n|move|p1a: Spectrier|Nasty Plot|p1a: Spectrier\n|-boost|p1a: Spectrier|spa|2\n|\n|upkeep\n|turn|7\n|\n|t:|1781378420\n|move|p1a: Spectrier|Tera Blast|p2a: Indeedee\n|-damage|p2a: Indeedee|90/238\n|-damage|p1a: Spectrier|247/274|[from] item: Life Orb\n|move|p2a: Indeedee|Shadow Ball|p1a: Spectrier\n|-supereffective|p1a: Spectrier\n|-damage|p1a: Spectrier|52/274\n|-damage|p2a: Indeedee|67/238|[from] item: Life Orb\n|\n|upkeep\n|turn|8\n|\n|t:|1781378433\n|move|p1a: Spectrier|Tera Blast|p2a: Indeedee\n|-damage|p2a: Indeedee|0 fnt\n|faint|p2a: Indeedee\n|-ability|p1a: Spectrier|Grim Neigh|boost\n|-boost|p1a: Spectrier|spa|1\n|-damage|p1a: Spectrier|25/274|[from] item: Life Orb\n|\n|upkeep\n|\n|t:|1781378444\n|switch|p2a: Weavile|Weavile, L79, M|240/240\n|turn|9\n|\n|t:|1781378453\n|switch|p1a: Arceus|Arceus-Dark, L71|288/288\n|move|p2a: Weavile|Knock Off|p1a: Arceus\n|-resisted|p1a: Arceus\n|-damage|p1a: Arceus|255/288\n|\n|upkeep\n|turn|10\n|\n|t:|1781378464\n|move|p2a: Weavile|Swords Dance|p2a: Weavile\n|-boost|p2a: Weavile|atk|2\n|move|p1a: Arceus|Sludge Bomb|p2a: Weavile\n|-damage|p2a: Weavile|183/240\n|\n|-fieldend|move: Psychic Terrain\n|upkeep\n|turn|11\n|\n|t:|1781378470\n|move|p2a: Weavile|Low Kick|p1a: Arceus\n|-supereffective|p1a: Arceus\n|-damage|p1a: Arceus|0 fnt\n|faint|p1a: Arceus\n|\n|upkeep\n|\n|t:|1781378478\n|switch|p1a: Amoonguss|Amoonguss, L82, M|321/321\n|turn|12\n|inactive|drowyna has 120 seconds left.\n|c|\u2606drowyna|My entire team is weak to weavile ornits moves and slower lol\n|c|\u2606drowyna|Or its*\n|\n|t:|1781378522\n|move|p2a: Weavile|Triple Axel|p1a: Amoonguss\n|-supereffective|p1a: Amoonguss\n|-damage|p1a: Amoonguss|211/321\n|-damage|p2a: Weavile|143/240|[from] item: Rocky Helmet|[of] p1a: Amoonguss\n|-hitcount|p1a: Amoonguss|1\n|move|p1a: Amoonguss|Spore|p2a: Weavile\n|-status|p2a: Weavile|slp|[from] move: Spore\n|\n|upkeep\n|turn|13\n|c|\u2606drowyna|Oh that happened, lets see if it stays asleep\n|inactive|dariorossocampione has 120 seconds left.\n|inactive|dariorossocampione has 90 seconds left.\n|c|\u2606dariorossocampione|Yeah weavile with fight coverage Is a really tough match up for your team\n|\n|t:|1781378595\n|cant|p2a: Weavile|slp\n|move|p1a: Amoonguss|Sludge Bomb|p2a: Weavile\n|-damage|p2a: Weavile|49/240 slp\n|\n|upkeep\n|turn|14\n|\n|t:|1781378601\n|cant|p2a: Weavile|slp\n|move|p1a: Amoonguss|Sludge Bomb|p2a: Weavile\n|-damage|p2a: Weavile|0 fnt\n|faint|p2a: Weavile\n|\n|upkeep\n|c|\u2606dariorossocampione|Unlucky miss:(\n|\n|t:|1781378626\n|switch|p2a: Reuniclus|Reuniclus, L88, M|127/337\n|turn|15\n|\n|t:|1781378634\n|switch|p1a: Veluza|Veluza, L85, M|292/292\n|move|p2a: Reuniclus|Recover|p2a: Reuniclus\n|-heal|p2a: Reuniclus|296/337\n|\n|upkeep\n|turn|16\n|\n|t:|1781378652\n|switch|p2a: Raikou|Raikou, L81|278/278\n|-ability|p2a: Raikou|Pressure\n|move|p1a: Veluza|Night Slash|p2a: Raikou\n|-damage|p2a: Raikou|150/278\n|\n|-heal|p2a: Raikou|167/278|[from] item: Leftovers\n|upkeep\n|turn|17\n|\n|t:|1781378664\n|switch|p1a: Golurk|Golurk, L87|297/297\n|move|p2a: Raikou|Substitute|p2a: Raikou\n|-start|p2a: Raikou|Substitute\n|-damage|p2a: Raikou|98/278\n|\n|-heal|p2a: Raikou|115/278|[from] item: Leftovers\n|upkeep\n|turn|18\n|\n|t:|1781378674\n|-terastallize|p2a: Raikou|Grass\n|move|p2a: Raikou|Calm Mind|p2a: Raikou\n|-boost|p2a: Raikou|spa|1\n|-boost|p2a: Raikou|spd|1\n|move|p1a: Golurk|Poltergeist|p2a: Raikou\n|-activate|p2a: Raikou|move: Poltergeist|Leftovers\n|-end|p2a: Raikou|Substitute\n|\n|-heal|p2a: Raikou|132/278|[from] item: Leftovers\n|upkeep\n|turn|19\n|\n|t:|1781378683\n|switch|p1a: Amoonguss|Amoonguss, L82, M|318/321\n|move|p2a: Raikou|Scald|p1a: Amoonguss\n|-resisted|p1a: Amoonguss\n|-damage|p1a: Amoonguss|272/321\n|\n|-heal|p2a: Raikou|149/278|[from] item: Leftovers\n|upkeep\n|turn|20\n|\n|t:|1781378687\n|move|p2a: Raikou|Substitute|p2a: Raikou\n|-start|p2a: Raikou|Substitute\n|-damage|p2a: Raikou|80/278\n|move|p1a: Amoonguss|Sludge Bomb|p2a: Raikou\n|-supereffective|p2a: Raikou\n|-end|p2a: Raikou|Substitute\n|\n|-heal|p2a: Raikou|97/278|[from] item: Leftovers\n|upkeep\n|turn|21\n|\n|t:|1781378696\n|switch|p2a: Gholdengo|Gholdengo, L77|261/261\n|move|p1a: Amoonguss|Sludge Bomb|p2a: Gholdengo\n|-immune|p2a: Gholdengo\n|\n|upkeep\n|turn|22\n|\n|t:|1781378707\n|move|p2a: Gholdengo|Make It Rain|p1a: Amoonguss\n|-damage|p1a: Amoonguss|109/321\n|-unboost|p2a: Gholdengo|spa|1\n|move|p1a: Amoonguss|Stomping Tantrum|p2a: Gholdengo\n|-supereffective|p2a: Gholdengo\n|-damage|p2a: Gholdengo|67/261\n|\n|upkeep\n|turn|23\n|\n|t:|1781378718\n|switch|p1a: Golurk|Golurk, L87|297/297\n|move|p2a: Gholdengo|Make It Rain|p1a: Golurk\n|-damage|p1a: Golurk|206/297\n|-unboost|p2a: Gholdengo|spa|1\n|\n|upkeep\n|turn|24\n|\n|t:|1781378723\n|switch|p2a: Raikou|Raikou, L81, tera:Grass|97/278\n|-ability|p2a: Raikou|Pressure\n|move|p1a: Golurk|Poltergeist|p2a: Raikou\n|-activate|p2a: Raikou|move: Poltergeist|Leftovers\n|-damage|p2a: Raikou|0 fnt\n|faint|p2a: Raikou\n|\n|upkeep\n|\n|t:|1781378730\n|switch|p2a: Gholdengo|Gholdengo, L77|67/261\n|turn|25\n|\n|t:|1781378736\n|switch|p1a: Amoonguss|Amoonguss, L82, M|216/321\n|move|p2a: Gholdengo|Shadow Ball|p1a: Amoonguss\n|-damage|p1a: Amoonguss|111/321\n|\n|upkeep\n|turn|26\n|\n|t:|1781378743\n|move|p2a: Gholdengo|Shadow Ball|p1a: Amoonguss\n|-damage|p1a: Amoonguss|9/321\n|move|p1a: Amoonguss|Stomping Tantrum|p2a: Gholdengo\n|-supereffective|p2a: Gholdengo\n|-damage|p2a: Gholdengo|0 fnt\n|faint|p2a: Gholdengo\n|\n|upkeep\n|\n|t:|1781378748\n|switch|p2a: Reuniclus|Reuniclus, L88, M|296/337\n|turn|27\n|\n|t:|1781378752\n|move|p2a: Reuniclus|Psyshock|p1a: Amoonguss\n|-supereffective|p1a: Amoonguss\n|-damage|p1a: Amoonguss|0 fnt\n|faint|p1a: Amoonguss\n|\n|upkeep\n|\n|t:|1781378757\n|switch|p1a: Veluza|Veluza, L85, M|292/292\n|turn|28\n|\n|t:|1781378763\n|move|p1a: Veluza|Night Slash|p2a: Reuniclus\n|-supereffective|p2a: Reuniclus\n|-damage|p2a: Reuniclus|36/337\n|move|p2a: Reuniclus|Psyshock|p1a: Veluza\n|-resisted|p1a: Veluza\n|-damage|p1a: Veluza|206/292\n|\n|upkeep\n|turn|29\n|\n|t:|1781378769\n|move|p1a: Veluza|Night Slash|p2a: Reuniclus\n|-supereffective|p2a: Reuniclus\n|-damage|p2a: Reuniclus|0 fnt\n|faint|p2a: Reuniclus\n|\n|win|drowyna\n|raw|drowyna's rating: 1622 &rarr; <strong>1640</strong><br />(+18 for winning)\n|raw|dariorossocampione's rating: 1595 &rarr; <strong>1577</strong><br />(-18 for losing)\n|c|\u2606drowyna|Gg\n|c|\u2606dariorossocampione|GG\n|c|\u2606drowyna|That miss made the difference\n|c|\u2606drowyna|Would have swept me lol\n|c|\u2606dariorossocampione|Ahahah yes XD\n|l|\u2606dariorossocampione\n|player|p2|\n", "inputlog": ">version a8376a258c1d4662feba110a92103f3664a72141\n>start {\"formatid\":\"gen9randombattle\",\"seed\":\"sodium,6ec5ec2a6371536dc1eadc09827f92d4\",\"rated\":\"Rated battle\"}\n>player p1 {\"name\":\"drowyna\",\"avatar\":\"lucas\",\"rating\":1622,\"seed\":\"sodium,32e73f630f9df0835768298e99ac7598\"}\n>player p2 {\"name\":\"dariorossocampione\",\"avatar\":\"red\",\"rating\":1595,\"seed\":\"sodium,8554d4d43769226329bc690f391f7224\"}\n>p1 switch 5\n>p2 move swordsdance\n>p1 move shellsmash terastallize\n>p2 move lowkick\n>p1 move liquidation\n>p2 switch 5\n>p1 move liquidation\n>p2 move knockoff\n>p2 switch 2\n>p1 move liquidation\n>p2 move focusblast\n>p1 switch 6\n>p1 move nastyplot\n>p2 switch 4\n>p1 move terablast\n>p2 move shadowball\n>p1 move terablast\n>p2 move shadowball\n>p2 switch 5\n>p1 switch 3\n>p2 move knockoff\n>p1 move sludgebomb\n>p2 move swordsdance\n>p1 move sludgebomb\n>p2 move lowkick\n>p1 switch 4\n>chat \u2606drowyna|My entire team is weak to weavile ornits moves and slower lol\n>chat \u2606drowyna|Or its*\n>p1 move spore\n>p2 move tripleaxel\n>chat \u2606drowyna|Oh that happened, lets see if it stays asleep\n>chat \u2606dariorossocampione|Yeah weavile with fight coverage Is a really tough match up for your team\n>p1 move sludgebomb\n>p2 move tripleaxel\n>p1 move sludgebomb\n>p2 move tripleaxel\n>chat \u2606dariorossocampione|Unlucky miss:(\n>p2 switch 4\n>p1 switch 5\n>p2 move recover\n>p1 move nightslash\n>p2 switch 6\n>p1 switch 2\n>p2 move substitute\n>p1 move poltergeist\n>p2 move calmmind terastallize\n>p1 switch 5\n>p2 move scald\n>p1 move sludgebomb\n>p2 move substitute\n>p1 move sludgebomb\n>p2 switch 3\n>p1 move stompingtantrum\n>p2 move makeitrain\n>p1 switch 5\n>p2 move makeitrain\n>p1 move poltergeist\n>p2 switch 3\n>p2 switch 3\n>p1 switch 5\n>p2 move shadowball\n>p1 move stompingtantrum\n>p2 move shadowball\n>p2 switch 6\n>p1 move spore\n>p2 move psyshock\n>p1 switch 2\n>p1 move nightslash\n>p2 move psyshock\n>p1 move nightslash\n>p2 move psyshock", "uploadtime": 1781378799, "views": 6, "formatid": "gen9randombattle", "rating": 1577, "private": 0, "password": null, "player_dets": [{"name": "drowyna", "avatar": "lucas", "rating": 1622, "seed": "sodium,32e73f630f9df0835768298e99ac7598"}, {"name": "dariorossocampione", "avatar": "red", "rating": 1595, "seed": "sodium,8554d4d43769226329bc690f391f7224"}], "teams_full": [{"Veluza": {"name": "Veluza", "species": "Veluza", "speciesId": "veluza", "gender": "M", "shiny": false, "level": 85, "moves": ["aquacutter", "psychocut", "nightslash", "aquajet"], "ability": "Sharpness", "evs": {"hp": 85, "atk": 85, "def": 85, "spa": 85, "spd": 85, "spe": 85}, "ivs": {"hp": 31, "atk": 31, "def": 31, "spa": 31, "spd": 31, "spe": 31}, "item": "Choice Band", "teraType": "Water", "role": "Fast Attacker", "bvs": {"hp": 90, "atk": 102, "def": 73, "spa": 78, "spd": 65, "spe": 70}, "stats": {"hp": 292, "atk": 222, "def": 173, "spa": 181, "spd": 159, "spe": 168}, "types": ["Water", "Psychic"]}, "Golurk": {"name": "Golurk", "species": "Golurk", "speciesId": "golurk", "gender": "N", "shiny": false, "level": 87, "moves": ["stoneedge", "dynamicpunch", "earthquake", "poltergeist"], "ability": "No Guard", "evs": {"hp": 85, "atk": 85, "def": 85, "spa": 85, "spd": 85, "spe": 85}, "ivs": {"hp": 31, "atk": 31, "def": 31, "spa": 31, "spd": 31, "spe": 31}, "item": "Choice Band", "teraType": "Ghost", "role": "Wallbreaker", "bvs": {"hp": 89, "atk": 124, "def": 80, "spa": 55, "spd": 80, "spe": 55}, "stats": {"hp": 297, "atk": 266, "def": 189, "spa": 145, "spd": 189, "spe": 145}, "types": ["Ground", "Ghost"]}, "Arceus": {"name": "Arceus", "species": "Arceus-Dark", "speciesId": "arceusdark", "gender": "N", "shiny": false, "level": 71, "moves": ["judgment", "calmmind", "sludgebomb", "recover"], "ability": "Multitype", "evs": {"hp": 85, "atk": 0, "def": 85, "spa": 85, "spd": 85, "spe": 85}, "ivs": {"hp": 31, "atk": 0, "def": 31, "spa": 31, "spd": 31, "spe": 31}, "item": "Dread Plate", "teraType": "Poison", "role": "Bulky Setup", "bvs": {"hp": 120, "atk": 120, "def": 120, "spa": 120, "spd": 120, "spe": 120}, "stats": {"hp": 288, "atk": 175, "def": 212, "spa": 212, "spd": 212, "spe": 212}, "types": ["Dark"]}, "Amoonguss": {"name": "Amoonguss", "species": "Amoonguss", "speciesId": "amoonguss", "gender": "M", "shiny": false, "level": 82, "moves": ["gigadrain", "spore", "sludgebomb", "stompingtantrum"], "ability": "Regenerator", "evs": {"hp": 85, "atk": 85, "def": 85, "spa": 85, "spd": 85, "spe": 85}, "ivs": {"hp": 31, "atk": 31, "def": 31, "spa": 31, "spd": 31, "spe": 31}, "item": "Rocky Helmet", "teraType": "Steel", "role": "Bulky Attacker", "bvs": {"hp": 114, "atk": 85, "def": 70, "spa": 85, "spd": 80, "spe": 30}, "stats": {"hp": 321, "atk": 187, "def": 162, "spa": 187, "spd": 178, "spe": 96}, "types": ["Grass", "Poison"]}, "Drednaw": {"name": "Drednaw", "species": "Drednaw", "speciesId": "drednaw", "gender": "M", "shiny": false, "level": 81, "moves": ["shellsmash", "crunch", "liquidation", "stoneedge"], "ability": "Strong Jaw", "evs": {"hp": 85, "atk": 85, "def": 85, "spa": 85, "spd": 85, "spe": 85}, "ivs": {"hp": 31, "atk": 31, "def": 31, "spa": 31, "spd": 31, "spe": 31}, "item": "White Herb", "teraType": "Dark", "role": "Setup Sweeper", "bvs": {"hp": 90, "atk": 115, "def": 90, "spa": 48, "spd": 68, "spe": 74}, "stats": {"hp": 278, "atk": 233, "def": 192, "spa": 124, "spd": 157, "spe": 167}, "types": ["Water", "Rock"]}, "Spectrier": {"name": "Spectrier", "species": "Spectrier", "speciesId": "spectrier", "gender": "N", "shiny": false, "level": 75, "moves": ["terablast", "shadowball", "nastyplot", "willowisp"], "ability": "Grim Neigh", "evs": {"hp": 85, "atk": 0, "def": 85, "spa": 85, "spd": 85, "spe": 85}, "ivs": {"hp": 31, "atk": 0, "def": 31, "spa": 31, "spd": 31, "spe": 31}, "item": "Life Orb", "teraType": "Fighting", "role": "Tera Blast user", "bvs": {"hp": 100, "atk": 65, "def": 60, "spa": 145, "spd": 80, "spe": 130}, "stats": {"hp": 274, "atk": 102, "def": 134, "spa": 261, "spd": 164, "spe": 239}, "types": ["Ghost"]}}, {"Weavile": {"name": "Weavile", "species": "Weavile", "speciesId": "weavile", "gender": "M", "shiny": false, "level": 79, "moves": ["lowkick", "swordsdance", "knockoff", "tripleaxel"], "ability": "Pickpocket", "evs": {"hp": 85, "atk": 85, "def": 85, "spa": 85, "spd": 85, "spe": 85}, "ivs": {"hp": 31, "atk": 31, "def": 31, "spa": 31, "spd": 31, "spe": 31}, "item": "Heavy-Duty Boots", "teraType": "Fighting", "role": "Fast Attacker", "bvs": {"hp": 70, "atk": 120, "def": 65, "spa": 45, "spd": 85, "spe": 125}, "stats": {"hp": 240, "atk": 235, "def": 148, "spa": 117, "spd": 180, "spe": 243}, "types": ["Dark", "Ice"]}, "Reuniclus": {"name": "Reuniclus", "species": "Reuniclus", "speciesId": "reuniclus", "gender": "M", "shiny": false, "level": 88, "moves": ["recover", "focusblast", "psyshock", "calmmind"], "ability": "Magic Guard", "evs": {"hp": 85, "atk": 0, "def": 85, "spa": 85, "spd": 85, "spe": 85}, "ivs": {"hp": 31, "atk": 0, "def": 31, "spa": 31, "spd": 31, "spe": 31}, "item": "Life Orb", "teraType": "Steel", "role": "Bulky Setup", "bvs": {"hp": 110, "atk": 65, "def": 75, "spa": 125, "spd": 85, "spe": 30}, "stats": {"hp": 337, "atk": 119, "def": 182, "spa": 270, "spd": 200, "spe": 103}, "types": ["Psychic"]}, "Gholdengo": {"name": "Gholdengo", "species": "Gholdengo", "speciesId": "gholdengo", "gender": "N", "shiny": false, "level": 77, "moves": ["makeitrain", "trick", "focusblast", "shadowball"], "ability": "Good as Gold", "evs": {"hp": 85, "atk": 0, "def": 85, "spa": 85, "spd": 85, "spe": 85}, "ivs": {"hp": 31, "atk": 0, "def": 31, "spa": 31, "spd": 31, "spe": 31}, "item": "Choice Scarf", "teraType": "Fighting", "role": "Bulky Attacker", "bvs": {"hp": 87, "atk": 60, "def": 95, "spa": 133, "spd": 91, "spe": 84}, "stats": {"hp": 261, "atk": 97, "def": 191, "spa": 249, "spd": 185, "spe": 174}, "types": ["Steel", "Ghost"]}, "Indeedee": {"name": "Indeedee", "species": "Indeedee", "speciesId": "indeedee", "gender": "M", "shiny": false, "level": 84, "moves": ["shadowball", "calmmind", "expandingforce", "hypervoice"], "ability": "Psychic Surge", "evs": {"hp": 85, "atk": 0, "def": 85, "spa": 85, "spd": 85, "spe": 85}, "ivs": {"hp": 31, "atk": 0, "def": 31, "spa": 31, "spd": 31, "spe": 31}, "item": "Life Orb", "teraType": "Psychic", "role": "Fast Attacker", "bvs": {"hp": 60, "atk": 65, "def": 55, "spa": 105, "spd": 95, "spe": 95}, "stats": {"hp": 238, "atk": 114, "def": 141, "spa": 225, "spd": 208, "spe": 208}, "types": ["Psychic", "Normal"]}, "Tinkaton": {"name": "Tinkaton", "species": "Tinkaton", "speciesId": "tinkaton", "gender": "F", "shiny": false, "level": 82, "moves": ["playrough", "gigatonhammer", "knockoff", "stealthrock"], "ability": "Mold Breaker", "evs": {"hp": 85, "atk": 85, "def": 85, "spa": 85, "spd": 85, "spe": 85}, "ivs": {"hp": 31, "atk": 31, "def": 31, "spa": 31, "spd": 31, "spe": 31}, "item": "Leftovers", "teraType": "Water", "role": "Bulky Attacker", "bvs": {"hp": 85, "atk": 75, "def": 77, "spa": 70, "spd": 105, "spe": 94}, "stats": {"hp": 274, "atk": 170, "def": 173, "spa": 162, "spd": 219, "spe": 201}, "types": ["Fairy", "Steel"]}, "Raikou": {"name": "Raikou", "species": "Raikou", "speciesId": "raikou", "gender": "N", "shiny": false, "level": 81, "moves": ["scald", "thunderbolt", "substitute", "calmmind"], "ability": "Pressure", "evs": {"hp": 85, "atk": 0, "def": 85, "spa": 85, "spd": 85, "spe": 85}, "ivs": {"hp": 31, "atk": 0, "def": 31, "spa": 31, "spd": 31, "spe": 31}, "item": "Leftovers", "teraType": "Grass", "role": "Bulky Setup", "bvs": {"hp": 90, "atk": 85, "def": 75, "spa": 115, "spd": 100, "spe": 115}, "stats": {"hp": 278, "atk": 142, "def": 168, "spa": 233, "spd": 209, "spe": 233}, "types": ["Electric"]}}]}