{"id": "gen9randombattle-2631397057", "format": "[Gen 9] Random Battle", "players": ["Crowbuddy", "Harvester"], "log": "|j|\u2606Crowbuddy\n|j|\u2606Harvester\n|t:|1781379746\n|gametype|singles\n|player|p1|Crowbuddy|giovanni|1947\n|player|p2|Harvester|1|2038\n|gen|9\n|tier|[Gen 9] Random Battle\n|rated|\n|rule|Species Clause: Limit one of each Pok\u00e9mon\n|rule|HP Percentage Mod: HP is shown in percentages\n|rule|Sleep Clause Mod: Limit one foe put to sleep\n|rule|Illusion Level Mod: Illusion disguises the Pok\u00e9mon's true level\n|\n|t:|1781379746\n|teamsize|p1|6\n|teamsize|p2|6\n|start\n|switch|p1a: Alomomola|Alomomola, L87, M|429/429\n|switch|p2a: Sableye|Sableye, L88, M|231/231\n|turn|1\n|inactive|Battle timer is ON: inactive players will automatically lose when time's up. (requested by Crowbuddy)\n|\n|t:|1781379770\n|move|p2a: Sableye|Thunder Wave|p1a: Alomomola\n|-status|p1a: Alomomola|par\n|cant|p1a: Alomomola|par\n|\n|upkeep\n|turn|2\n|\n|t:|1781379779\n|switch|p2a: Rotom|Rotom-Frost, L87|229/229\n|move|p1a: Alomomola|Scald|p2a: Rotom\n|-damage|p2a: Rotom|186/229\n|\n|upkeep\n|turn|3\n|\n|t:|1781379790\n|switch|p1a: Armarouge|Armarouge, L80, M|267/267\n|move|p2a: Rotom|Thunderbolt|p1a: Armarouge\n|-damage|p1a: Armarouge|152/267\n|\n|upkeep\n|turn|4\n|\n|t:|1781379811\n|move|p2a: Rotom|Volt Switch|p1a: Armarouge\n|-damage|p1a: Armarouge|56/267\n|\n|t:|1781379815\n|switch|p2a: Bruxish|Bruxish, L85, F|254/254|[from] Volt Switch\n|move|p1a: Armarouge|Meteor Beam||[still]\n|-prepare|p1a: Armarouge|Meteor Beam\n|-boost|p1a: Armarouge|spa|1\n|-enditem|p1a: Armarouge|Power Herb\n|-anim|p1a: Armarouge|Meteor Beam|p2a: Bruxish\n|-damage|p2a: Bruxish|84/254\n|\n|upkeep\n|turn|5\n|\n|t:|1781379829\n|move|p2a: Bruxish|Wave Crash|p1a: Armarouge\n|-supereffective|p1a: Armarouge\n|-damage|p1a: Armarouge|0 fnt\n|faint|p1a: Armarouge\n|-damage|p2a: Bruxish|66/254|[from] Recoil\n|-damage|p2a: Bruxish|41/254|[from] item: Life Orb\n|\n|upkeep\n|\n|t:|1781379834\n|switch|p1a: Sawsbuck|Sawsbuck, L88, F|284/284\n|turn|6\n|\n|t:|1781379841\n|move|p1a: Sawsbuck|Horn Leech|p2a: Bruxish\n|-supereffective|p2a: Bruxish\n|-damage|p2a: Bruxish|0 fnt\n|faint|p2a: Bruxish\n|-damage|p1a: Sawsbuck|256/284|[from] item: Life Orb\n|\n|upkeep\n|inactive|Harvester has 120 seconds left.\n|\n|t:|1781379882\n|switch|p2a: Ninetales|Ninetales-Alola, L78, M|242/242\n|-weather|Snowscape|[from] ability: Snow Warning|[of] p2a: Ninetales\n|turn|7\n|\n|t:|1781379899\n|move|p1a: Sawsbuck|Double-Edge|p2a: Ninetales\n|-damage|p2a: Ninetales|100/242\n|-damage|p1a: Sawsbuck|209/284|[from] Recoil\n|-damage|p1a: Sawsbuck|181/284|[from] item: Life Orb\n|move|p2a: Ninetales|Aurora Veil|p2a: Ninetales\n|-sidestart|p2: Harvester|move: Aurora Veil\n|\n|-weather|Snowscape|[upkeep]\n|upkeep\n|turn|8\n|\n|t:|1781379908\n|switch|p1a: Ho-Oh|Ho-Oh, L71|268/268\n|move|p2a: Ninetales|Moonblast|p1a: Ho-Oh\n|-resisted|p1a: Ho-Oh\n|-damage|p1a: Ho-Oh|238/268\n|-unboost|p1a: Ho-Oh|spa|1\n|\n|-weather|Snowscape|[upkeep]\n|upkeep\n|turn|9\n|inactive|Harvester has 120 seconds left.\n|\n|t:|1781379919\n|move|p2a: Ninetales|Blizzard|p1a: Ho-Oh\n|-damage|p1a: Ho-Oh|169/268\n|move|p1a: Ho-Oh|Sacred Fire|p2a: Ninetales\n|-supereffective|p2a: Ninetales\n|-damage|p2a: Ninetales|24/242\n|-status|p2a: Ninetales|brn\n|\n|-weather|Snowscape|[upkeep]\n|-damage|p2a: Ninetales|9/242 brn|[from] brn\n|upkeep\n|turn|10\n|inactive|Harvester has 120 seconds left.\n|\n|t:|1781379942\n|switch|p2a: Mewtwo|Mewtwo, L72|272/272\n|-ability|p2a: Mewtwo|Unnerve\n|move|p1a: Ho-Oh|Recover|p1a: Ho-Oh\n|-heal|p1a: Ho-Oh|268/268\n|\n|-weather|Snowscape|[upkeep]\n|upkeep\n|turn|11\n|\n|t:|1781379956\n|move|p2a: Mewtwo|Nasty Plot|p2a: Mewtwo\n|-boost|p2a: Mewtwo|spa|2\n|move|p1a: Ho-Oh|Sacred Fire|p2a: Mewtwo\n|-damage|p2a: Mewtwo|215/272\n|-status|p2a: Mewtwo|brn\n|\n|-weather|none\n|-damage|p2a: Mewtwo|198/272 brn|[from] brn\n|upkeep\n|turn|12\n|\n|t:|1781379966\n|switch|p1a: Samurott|Samurott-Hisui, L77, M|265/265\n|move|p2a: Mewtwo|Psystrike|p1a: Samurott\n|-immune|p1a: Samurott\n|\n|-damage|p2a: Mewtwo|181/272 brn|[from] brn\n|upkeep\n|turn|13\n|\n|t:|1781379975\n|move|p1a: Samurott|Sucker Punch|p2a: Mewtwo\n|-supereffective|p2a: Mewtwo\n|-damage|p2a: Mewtwo|61/272 brn\n|move|p2a: Mewtwo|Aura Sphere|p1a: Samurott\n|-supereffective|p1a: Samurott\n|-damage|p1a: Samurott|0 fnt\n|faint|p1a: Samurott\n|-damage|p2a: Mewtwo|34/272 brn|[from] item: Life Orb\n|\n|-damage|p2a: Mewtwo|17/272 brn|[from] brn\n|upkeep\n|\n|t:|1781379994\n|switch|p1a: Trevenant|Trevenant, L89, M|296/296\n|turn|14\n|\n|t:|1781380001\n|move|p2a: Mewtwo|Dark Pulse|p1a: Trevenant\n|-supereffective|p1a: Trevenant\n|-damage|p1a: Trevenant|0 fnt\n|faint|p1a: Trevenant\n|-damage|p2a: Mewtwo|0 fnt|[from] item: Life Orb\n|faint|p2a: Mewtwo\n|\n|-sideend|p2: Harvester|move: Aurora Veil\n|upkeep\n|inactive|Harvester has 120 seconds left.\n|\n|t:|1781380012\n|switch|p2a: Rotom|Rotom-Frost, L87|186/229\n|switch|p1a: Ho-Oh|Ho-Oh, L71|268/268\n|turn|15\n|inactive|Harvester has 120 seconds left.\n|\n|t:|1781380024\n|move|p2a: Rotom|Thunderbolt|p1a: Ho-Oh\n|-supereffective|p1a: Ho-Oh\n|-damage|p1a: Ho-Oh|116/268\n|move|p1a: Ho-Oh|Sacred Fire|p2a: Rotom\n|-supereffective|p2a: Rotom\n|-damage|p2a: Rotom|28/229\n|-status|p2a: Rotom|brn\n|\n|-damage|p2a: Rotom|14/229 brn|[from] brn\n|upkeep\n|turn|16\n|inactive|Harvester has 120 seconds left.\n|\n|t:|1781380035\n|-terastallize|p1a: Ho-Oh|Ground\n|move|p2a: Rotom|Thunderbolt|p1a: Ho-Oh\n|-immune|p1a: Ho-Oh\n|move|p1a: Ho-Oh|Recover|p1a: Ho-Oh\n|-heal|p1a: Ho-Oh|250/268\n|\n|-damage|p2a: Rotom|0 fnt|[from] brn\n|faint|p2a: Rotom\n|upkeep\n|inactive|Harvester has 120 seconds left.\n|inactive|Harvester has 90 seconds left.\n|\n|t:|1781380071\n|switch|p2a: Ninetales|Ninetales-Alola, L78, M|9/242 brn\n|-weather|Snowscape|[from] ability: Snow Warning|[of] p2a: Ninetales\n|turn|17\n|\n|t:|1781380081\n|switch|p1a: Alomomola|Alomomola, L87, M|429/429 par\n|move|p2a: Ninetales|Aurora Veil|p2a: Ninetales\n|-sidestart|p2: Harvester|move: Aurora Veil\n|\n|-weather|Snowscape|[upkeep]\n|-damage|p2a: Ninetales|0 fnt|[from] brn\n|faint|p2a: Ninetales\n|upkeep\n|\n|t:|1781380089\n|switch|p2a: Shiftry|Shiftry, L89, F|305/305\n|turn|18\n|\n|t:|1781380096\n|switch|p1a: Sawsbuck|Sawsbuck, L88, F|181/284\n|move|p2a: Shiftry|Swords Dance|p2a: Shiftry\n|-boost|p2a: Shiftry|atk|2\n|\n|-weather|Snowscape|[upkeep]\n|upkeep\n|turn|19\n|\n|t:|1781380105\n|move|p1a: Sawsbuck|Double-Edge|p2a: Shiftry\n|-damage|p2a: Shiftry|185/305\n|-damage|p1a: Sawsbuck|141/284|[from] Recoil\n|-damage|p1a: Sawsbuck|113/284|[from] item: Life Orb\n|move|p2a: Shiftry|Knock Off|p1a: Sawsbuck\n|-damage|p1a: Sawsbuck|0 fnt\n|-enditem|p1a: Sawsbuck|Life Orb|[from] move: Knock Off|[of] p2a: Shiftry\n|faint|p1a: Sawsbuck\n|-damage|p2a: Shiftry|155/305|[from] item: Life Orb\n|\n|-weather|Snowscape|[upkeep]\n|upkeep\n|\n|t:|1781380108\n|switch|p1a: Alomomola|Alomomola, L87, M|429/429 par\n|turn|20\n|inactive|Harvester has 120 seconds left.\n|\n|t:|1781380119\n|move|p2a: Shiftry|Leaf Blade|p1a: Alomomola\n|-supereffective|p1a: Alomomola\n|-damage|p1a: Alomomola|0 fnt\n|faint|p1a: Alomomola\n|-damage|p2a: Shiftry|125/305|[from] item: Life Orb\n|\n|-weather|Snowscape|[upkeep]\n|upkeep\n|\n|t:|1781380122\n|switch|p1a: Ho-Oh|Ho-Oh, L71, tera:Ground|268/268\n|turn|21\n|\n|t:|1781380129\n|move|p2a: Shiftry|Leaf Blade|p1a: Ho-Oh\n|-supereffective|p1a: Ho-Oh\n|-damage|p1a: Ho-Oh|0 fnt\n|faint|p1a: Ho-Oh\n|-damage|p2a: Shiftry|95/305|[from] item: Life Orb\n|\n|win|Harvester\n|raw|Crowbuddy's rating: 1947 &rarr; <strong>1932</strong><br />(-15 for losing)\n|raw|Harvester's rating: 2038 &rarr; <strong>2053</strong><br />(+15 for winning)\n", "inputlog": ">version a8376a258c1d4662feba110a92103f3664a72141\n>start {\"formatid\":\"gen9randombattle\",\"seed\":\"sodium,f6025446d026a56e49756b5715f20432\",\"rated\":\"Rated battle\"}\n>player p1 {\"name\":\"Crowbuddy\",\"avatar\":\"giovanni\",\"rating\":1947,\"seed\":\"sodium,98bb483f96450a7dae91d41e8cf9aab7\"}\n>player p2 {\"name\":\"Harvester\",\"avatar\":\"1\",\"rating\":2038,\"seed\":\"sodium,b4f4b33b9ef96e7340bbf0b0ef6eae07\"}\n>p1 move scald\n>p2 move thunderwave\n>p1 move scald\n>p2 switch 4\n>p1 switch 6\n>p2 move thunderbolt\n>p1 move meteorbeam\n>p2 move voltswitch\n>p2 switch 3\n>p1 move energyball\n>p2 move wavecrash\n>p1 switch 5\n>p1 move hornleech\n>p2 move icefang\n>p2 switch 5\n>p1 move doubleedge\n>p2 move auroraveil\n>p1 switch 4\n>p2 move moonblast\n>p1 move sacredfire\n>p2 move blizzard\n>p1 move recover\n>p2 switch 6\n>p1 move sacredfire\n>p2 move nastyplot\n>p1 switch 2\n>p2 move psystrike\n>p1 move suckerpunch\n>p2 move aurasphere\n>p1 switch 3\n>p1 move hornleech\n>p2 move darkpulse\n>p1 switch 2\n>p2 switch 3\n>p1 move sacredfire\n>p2 move thunderbolt\n>p1 move recover terastallize\n>p2 move thunderbolt\n>p2 switch 6\n>p1 switch 6\n>p2 move auroraveil\n>p2 switch 2\n>p1 switch 4\n>p2 move swordsdance\n>p1 move doubleedge\n>p2 move knockoff\n>p1 switch 4\n>p1 move scald\n>p2 move leafblade\n>p1 switch 6\n>p1 move sacredfire\n>p2 move leafblade", "uploadtime": 1781379748, "views": 8, "formatid": "gen9randombattle", "rating": 1932, "private": 0, "password": null, "player_dets": [{"name": "Crowbuddy", "avatar": "giovanni", "rating": 1947, "seed": "sodium,98bb483f96450a7dae91d41e8cf9aab7"}, {"name": "Harvester", "avatar": "1", "rating": 2038, "seed": "sodium,b4f4b33b9ef96e7340bbf0b0ef6eae07"}], "teams_full": [{"Alomomola": {"name": "Alomomola", "species": "Alomomola", "speciesId": "alomomola", "gender": "M", "shiny": false, "level": 87, "moves": ["scald", "protect", "flipturn", "wish"], "ability": "Regenerator", "evs": {"hp": 85, "atk": 85, "def": 85, "spa": 85, "spd": 85, "spe": 85}, "ivs": {"hp": 31, "atk": 31, "def": 31, "spa": 31, "spd": 31, "spe": 31}, "item": "Heavy-Duty Boots", "teraType": "Steel", "role": "Fast Support", "bvs": {"hp": 165, "atk": 75, "def": 80, "spa": 40, "spd": 45, "spe": 65}, "stats": {"hp": 429, "atk": 180, "def": 189, "spa": 119, "spd": 128, "spe": 163}, "types": ["Water"]}, "Samurott": {"name": "Samurott", "species": "Samurott-Hisui", "speciesId": "samurotthisui", "gender": "M", "shiny": false, "level": 77, "moves": ["sacredsword", "ceaselessedge", "razorshell", "suckerpunch"], "ability": "Sharpness", "evs": {"hp": 85, "atk": 85, "def": 85, "spa": 85, "spd": 85, "spe": 85}, "ivs": {"hp": 31, "atk": 31, "def": 31, "spa": 31, "spd": 31, "spe": 31}, "item": "Choice Band", "teraType": "Poison", "role": "Fast Attacker", "bvs": {"hp": 90, "atk": 108, "def": 80, "spa": 100, "spd": 65, "spe": 85}, "stats": {"hp": 265, "atk": 211, "def": 168, "spa": 199, "spd": 145, "spe": 175}, "types": ["Water", "Dark"]}, "Trevenant": {"name": "Trevenant", "species": "Trevenant", "speciesId": "trevenant", "gender": "M", "shiny": false, "level": 89, "moves": ["woodhammer", "hornleech", "drainpunch", "poltergeist"], "ability": "Natural Cure", "evs": {"hp": 85, "atk": 85, "def": 85, "spa": 85, "spd": 85, "spe": 85}, "ivs": {"hp": 31, "atk": 31, "def": 31, "spa": 31, "spd": 31, "spe": 31}, "item": "Choice Band", "teraType": "Fighting", "role": "Wallbreaker", "bvs": {"hp": 85, "atk": 110, "def": 76, "spa": 65, "spd": 82, "spe": 56}, "stats": {"hp": 296, "atk": 247, "def": 186, "spa": 166, "spd": 197, "spe": 150}, "types": ["Ghost", "Grass"]}, "Ho-Oh": {"name": "Ho-Oh", "species": "Ho-Oh", "speciesId": "hooh", "gender": "N", "shiny": false, "level": 71, "moves": ["recover", "bravebird", "sacredfire", "earthquake"], "ability": "Regenerator", "evs": {"hp": 85, "atk": 85, "def": 85, "spa": 85, "spd": 85, "spe": 85}, "ivs": {"hp": 31, "atk": 31, "def": 31, "spa": 31, "spd": 31, "spe": 31}, "item": "Heavy-Duty Boots", "teraType": "Ground", "role": "Bulky Attacker", "bvs": {"hp": 106, "atk": 130, "def": 90, "spa": 110, "spd": 154, "spe": 90}, "stats": {"hp": 268, "atk": 226, "def": 169, "spa": 198, "spd": 260, "spe": 169}, "types": ["Fire", "Flying"]}, "Sawsbuck": {"name": "Sawsbuck", "species": "Sawsbuck", "speciesId": "sawsbuck", "gender": "F", "shiny": false, "level": 88, "moves": ["highhorsepower", "doubleedge", "hornleech", "swordsdance"], "ability": "Sap Sipper", "evs": {"hp": 85, "atk": 85, "def": 85, "spa": 85, "spd": 85, "spe": 85}, "ivs": {"hp": 31, "atk": 31, "def": 31, "spa": 31, "spd": 31, "spe": 31}, "item": "Life Orb", "teraType": "Normal", "role": "Setup Sweeper", "bvs": {"hp": 80, "atk": 100, "def": 70, "spa": 60, "spd": 70, "spe": 95}, "stats": {"hp": 284, "atk": 226, "def": 173, "spa": 156, "spd": 173, "spe": 217}, "types": ["Normal", "Grass"]}, "Armarouge": {"name": "Armarouge", "species": "Armarouge", "speciesId": "armarouge", "gender": "M", "shiny": false, "level": 80, "moves": ["psyshock", "meteorbeam", "armorcannon", "energyball"], "ability": "Weak Armor", "evs": {"hp": 85, "atk": 0, "def": 85, "spa": 85, "spd": 85, "spe": 85}, "ivs": {"hp": 31, "atk": 0, "def": 31, "spa": 31, "spd": 31, "spe": 31}, "item": "Power Herb", "teraType": "Grass", "role": "Setup Sweeper", "bvs": {"hp": 85, "atk": 60, "def": 100, "spa": 125, "spd": 80, "spe": 75}, "stats": {"hp": 267, "atk": 101, "def": 206, "spa": 246, "spd": 174, "spe": 166}, "types": ["Fire", "Psychic"]}}, {"Sableye": {"name": "Sableye", "species": "Sableye", "speciesId": "sableye", "gender": "M", "shiny": false, "level": 88, "moves": ["recover", "encore", "thunderwave", "knockoff"], "ability": "Prankster", "evs": {"hp": 85, "atk": 85, "def": 85, "spa": 85, "spd": 85, "spe": 85}, "ivs": {"hp": 31, "atk": 31, "def": 31, "spa": 31, "spd": 31, "spe": 31}, "item": "Leftovers", "teraType": "Steel", "role": "Bulky Support", "bvs": {"hp": 50, "atk": 75, "def": 75, "spa": 65, "spd": 65, "spe": 50}, "stats": {"hp": 231, "atk": 182, "def": 182, "spa": 165, "spd": 165, "spe": 138}, "types": ["Dark", "Ghost"]}, "Shiftry": {"name": "Shiftry", "species": "Shiftry", "speciesId": "shiftry", "gender": "F", "shiny": false, "level": 89, "moves": ["leafblade", "suckerpunch", "swordsdance", "knockoff"], "ability": "Wind Rider", "evs": {"hp": 85, "atk": 85, "def": 85, "spa": 85, "spd": 85, "spe": 85}, "ivs": {"hp": 31, "atk": 31, "def": 31, "spa": 31, "spd": 31, "spe": 31}, "item": "Life Orb", "teraType": "Poison", "role": "Fast Bulky Setup", "bvs": {"hp": 90, "atk": 100, "def": 60, "spa": 90, "spd": 60, "spe": 80}, "stats": {"hp": 305, "atk": 229, "def": 158, "spa": 211, "spd": 158, "spe": 193}, "types": ["Grass", "Dark"]}, "Bruxish": {"name": "Bruxish", "species": "Bruxish", "speciesId": "bruxish", "gender": "F", "shiny": false, "level": 85, "moves": ["psychicfangs", "swordsdance", "icefang", "wavecrash"], "ability": "Strong Jaw", "evs": {"hp": 85, "atk": 85, "def": 85, "spa": 85, "spd": 85, "spe": 85}, "ivs": {"hp": 31, "atk": 31, "def": 31, "spa": 31, "spd": 31, "spe": 31}, "item": "Life Orb", "teraType": "Psychic", "role": "Fast Attacker", "bvs": {"hp": 68, "atk": 105, "def": 70, "spa": 70, "spd": 70, "spe": 92}, "stats": {"hp": 254, "atk": 227, "def": 168, "spa": 168, "spd": 168, "spe": 205}, "types": ["Water", "Psychic"]}, "Rotom": {"name": "Rotom", "species": "Rotom-Frost", "speciesId": "rotomfrost", "gender": "N", "shiny": false, "level": 87, "moves": ["thunderbolt", "blizzard", "voltswitch", "willowisp"], "ability": "Levitate", "evs": {"hp": 85, "atk": 0, "def": 85, "spa": 85, "spd": 85, "spe": 85}, "ivs": {"hp": 31, "atk": 0, "def": 31, "spa": 31, "spd": 31, "spe": 31}, "item": "Heavy-Duty Boots", "teraType": "Electric", "role": "Fast Attacker", "bvs": {"hp": 50, "atk": 65, "def": 107, "spa": 105, "spd": 107, "spe": 86}, "stats": {"hp": 229, "atk": 118, "def": 236, "spa": 232, "spd": 236, "spe": 199}, "types": ["Electric", "Ice"]}, "Ninetales": {"name": "Ninetales", "species": "Ninetales-Alola", "speciesId": "ninetalesalola", "gender": "M", "shiny": false, "level": 78, "moves": ["blizzard", "moonblast", "encore", "auroraveil"], "ability": "Snow Warning", "evs": {"hp": 85, "atk": 0, "def": 85, "spa": 85, "spd": 85, "spe": 85}, "ivs": {"hp": 31, "atk": 0, "def": 31, "spa": 31, "spd": 31, "spe": 31}, "item": "Light Clay", "teraType": "Water", "role": "Fast Support", "bvs": {"hp": 73, "atk": 67, "def": 75, "spa": 81, "spd": 100, "spe": 109}, "stats": {"hp": 242, "atk": 109, "def": 162, "spa": 171, "spd": 201, "spe": 215}, "types": ["Ice", "Fairy"]}, "Mewtwo": {"name": "Mewtwo", "species": "Mewtwo", "speciesId": "mewtwo", "gender": "N", "shiny": false, "level": 72, "moves": ["nastyplot", "aurasphere", "psystrike", "darkpulse"], "ability": "Unnerve", "evs": {"hp": 85, "atk": 0, "def": 85, "spa": 85, "spd": 85, "spe": 85}, "ivs": {"hp": 31, "atk": 0, "def": 31, "spa": 31, "spd": 31, "spe": 31}, "item": "Life Orb", "teraType": "Fighting", "role": "Setup Sweeper", "bvs": {"hp": 106, "atk": 110, "def": 90, "spa": 154, "spd": 90, "spe": 130}, "stats": {"hp": 272, "atk": 163, "def": 172, "spa": 264, "spd": 172, "spe": 229}, "types": ["Psychic"]}}]}