{"id": "gen9randombattle-2631675001", "format": "[Gen 9] Random Battle", "players": ["iamdashuaibi", "Fettyw0p"], "log": "|j|\u2606iamdashuaibi\n|j|\u2606Fettyw0p\n|t:|1781419466\n|gametype|singles\n|player|p1|iamdashuaibi|101|1302\n|player|p2|Fettyw0p|101|1307\n|gen|9\n|tier|[Gen 9] Random Battle\n|rated|\n|rule|Species Clause: Limit one of each Pok\u00e9mon\n|rule|HP Percentage Mod: HP is shown in percentages\n|rule|Sleep Clause Mod: Limit one foe put to sleep\n|rule|Illusion Level Mod: Illusion disguises the Pok\u00e9mon's true level\n|\n|t:|1781419466\n|teamsize|p1|6\n|teamsize|p2|6\n|start\n|switch|p1a: Ditto|Ditto, L87|225/225\n|switch|p2a: Iron Moth|Iron Moth, L78|253/253\n|-transform|p1a: Ditto|p2a: Iron Moth|[from] ability: Imposter\n|turn|1\n|\n|t:|1781419514\n|-end|p1a: Ditto|Quark Drive|[silent]\n|switch|p1a: Empoleon|Empoleon, L84, F|278/278\n|-end|p2a: Iron Moth|Quark Drive|[silent]\n|switch|p2a: Noivern|Noivern, L82, M|274/274\n|\n|upkeep\n|turn|2\n|\n|t:|1781419531\n|switch|p2a: Pincurchin|Pincurchin, M|258/258\n|-fieldstart|move: Electric Terrain|[from] ability: Electric Surge|[of] p2a: Pincurchin\n|move|p1a: Empoleon|Yawn|p2a: Pincurchin\n|-activate|p2a: Pincurchin|move: Electric Terrain\n|\n|upkeep\n|turn|3\n|inactive|Battle timer is ON: inactive players will automatically lose when time's up. (requested by Fettyw0p)\n|\n|t:|1781419561\n|move|p1a: Empoleon|Flip Turn|p2a: Pincurchin\n|-damage|p2a: Pincurchin|210/258\n|\n|t:|1781419564\n|switch|p1a: Sandaconda|Sandaconda, L84, M|258/258|[from] Flip Turn\n|move|p2a: Pincurchin|Spikes|p1a: Sandaconda\n|-sidestart|p1: iamdashuaibi|Spikes\n|\n|-heal|p2a: Pincurchin|226/258|[from] item: Leftovers\n|upkeep\n|turn|4\n|\n|t:|1781419584\n|switch|p2a: Noivern|Noivern, L82, M|274/274\n|move|p1a: Sandaconda|Earthquake|p2a: Noivern\n|-immune|p2a: Noivern\n|\n|upkeep\n|turn|5\n|inactive|iamdashuaibi has 120 seconds left.\n|\n|t:|1781419627\n|switch|p1a: Empoleon|Empoleon, L84, F|278/278\n|-damage|p1a: Empoleon|244/278|[from] Spikes\n|move|p2a: Noivern|Boomburst|p1a: Empoleon\n|-resisted|p1a: Empoleon\n|-damage|p1a: Empoleon|184/278\n|\n|-heal|p1a: Empoleon|201/278|[from] item: Leftovers\n|upkeep\n|turn|6\n|\n|t:|1781419645\n|switch|p2a: Pincurchin|Pincurchin, M|226/258\n|move|p1a: Empoleon|Flip Turn|p2a: Pincurchin\n|-damage|p2a: Pincurchin|178/258\n|\n|t:|1781419652\n|switch|p1a: Sandaconda|Sandaconda, L84, M|258/258|[from] Flip Turn\n|-damage|p1a: Sandaconda|226/258|[from] Spikes\n|\n|-heal|p2a: Pincurchin|194/258|[from] item: Leftovers\n|-fieldend|move: Electric Terrain\n|upkeep\n|turn|7\n|\n|t:|1781419665\n|move|p1a: Sandaconda|Rock Blast|p2a: Pincurchin\n|-damage|p2a: Pincurchin|178/258\n|-damage|p2a: Pincurchin|162/258\n|-damage|p2a: Pincurchin|146/258\n|-damage|p2a: Pincurchin|130/258\n|-damage|p2a: Pincurchin|115/258\n|-hitcount|p2a: Pincurchin|5\n|move|p2a: Pincurchin|Scald|p1a: Sandaconda\n|-supereffective|p1a: Sandaconda\n|-damage|p1a: Sandaconda|56/258\n|\n|-heal|p2a: Pincurchin|131/258|[from] item: Leftovers\n|upkeep\n|turn|8\n|inactive|Fettyw0p has 120 seconds left.\n|inactive|iamdashuaibi has 90 seconds left.\n|\n|t:|1781419698\n|switch|p2a: Noivern|Noivern, L82, M|274/274\n|move|p1a: Sandaconda|Earthquake|p2a: Noivern\n|-immune|p2a: Noivern\n|\n|upkeep\n|turn|9\n|\n|t:|1781419706\n|move|p2a: Noivern|Hurricane|p1a: Sandaconda|[miss]\n|-miss|p2a: Noivern|p1a: Sandaconda\n|move|p1a: Sandaconda|Rock Blast|p2a: Noivern|[miss]\n|-miss|p1a: Sandaconda|p2a: Noivern\n|\n|upkeep\n|turn|10\n|inactive|iamdashuaibi has 90 seconds left.\n|\n|t:|1781419724\n|switch|p1a: Empoleon|Empoleon, L84, F|201/278\n|-damage|p1a: Empoleon|167/278|[from] Spikes\n|move|p2a: Noivern|Hurricane|p1a: Empoleon\n|-resisted|p1a: Empoleon\n|-damage|p1a: Empoleon|89/278\n|\n|-heal|p1a: Empoleon|106/278|[from] item: Leftovers\n|upkeep\n|turn|11\n|\n|t:|1781419743\n|switch|p2a: Whimsicott|Whimsicott, L84, M|238/238\n|move|p1a: Empoleon|Yawn|p2a: Whimsicott\n|-start|p2a: Whimsicott|move: Yawn|[of] p1a: Empoleon\n|\n|-heal|p1a: Empoleon|123/278|[from] item: Leftovers\n|upkeep\n|turn|12\n|\n|t:|1781419755\n|move|p2a: Whimsicott|Stun Spore|p1a: Empoleon\n|-status|p1a: Empoleon|par\n|move|p1a: Empoleon|Roost|p1a: Empoleon\n|-heal|p1a: Empoleon|262/278 par\n|-singleturn|p1a: Empoleon|move: Roost\n|\n|-heal|p1a: Empoleon|278/278 par|[from] item: Leftovers\n|-end|p2a: Whimsicott|move: Yawn|[silent]\n|-status|p2a: Whimsicott|slp\n|upkeep\n|turn|13\n|\n|t:|1781419766\n|cant|p2a: Whimsicott|slp\n|move|p1a: Empoleon|Flip Turn|p2a: Whimsicott\n|-resisted|p2a: Whimsicott\n|-damage|p2a: Whimsicott|208/238 slp\n|\n|t:|1781419768\n|switch|p1a: Salamence|Salamence, L77, F|273/273|[from] Flip Turn\n|\n|upkeep\n|turn|14\n|\n|t:|1781419784\n|switch|p2a: Noivern|Noivern, L82, M|274/274\n|move|p1a: Salamence|Dragon Dance|p1a: Salamence\n|-boost|p1a: Salamence|atk|1\n|-boost|p1a: Salamence|spe|1\n|\n|upkeep\n|turn|15\n|\n|t:|1781419804\n|switch|p2a: Whimsicott|Whimsicott, L84, M|208/238 slp\n|-terastallize|p1a: Salamence|Steel\n|move|p1a: Salamence|Dual Wingbeat|p2a: Whimsicott\n|-supereffective|p2a: Whimsicott\n|-damage|p2a: Whimsicott|70/238 slp\n|-supereffective|p2a: Whimsicott\n|-damage|p2a: Whimsicott|0 fnt\n|faint|p2a: Whimsicott\n|-ability|p1a: Salamence|Moxie|boost\n|-boost|p1a: Salamence|atk|1\n|-hitcount|p2: Whimsicott|2\n|\n|upkeep\n|\n|t:|1781419815\n|switch|p2a: Iron Moth|Iron Moth, L78|253/253\n|turn|16\n|inactive|iamdashuaibi has 90 seconds left.\n|\n|t:|1781419848\n|move|p1a: Salamence|Outrage|p2a: Iron Moth\n|-damage|p2a: Iron Moth|0 fnt\n|faint|p2a: Iron Moth\n|-end|p2a: Iron Moth|Quark Drive|[silent]\n|-ability|p1a: Salamence|Moxie|boost\n|-boost|p1a: Salamence|atk|1\n|\n|upkeep\n|\n|t:|1781419858\n|switch|p2a: Noivern|Noivern, L82, M|274/274\n|turn|17\n|inactive|iamdashuaibi has 90 seconds left.\n|\n|t:|1781419886\n|-terastallize|p2a: Noivern|Normal\n|move|p1a: Salamence|Outrage|p2a: Noivern|[from] lockedmove\n|-damage|p2a: Noivern|0 fnt\n|faint|p2a: Noivern\n|-ability|p1a: Salamence|Moxie|boost\n|-boost|p1a: Salamence|atk|1\n|-start|p1a: Salamence|confusion|[fatigue]\n|\n|upkeep\n|\n|t:|1781419900\n|switch|p2a: Braviary|Braviary, L85, M|309/309\n|turn|18\n|inactive|iamdashuaibi has 60 seconds left.\n|\n|t:|1781419930\n|-activate|p1a: Salamence|confusion\n|move|p1a: Salamence|Outrage|p2a: Braviary\n|-damage|p2a: Braviary|0 fnt\n|faint|p2a: Braviary\n|-ability|p1a: Salamence|Moxie|boost\n|-boost|p1a: Salamence|atk|1\n|\n|upkeep\n|\n|t:|1781419937\n|switch|p2a: Pincurchin|Pincurchin, M|131/258\n|-fieldstart|move: Electric Terrain|[from] ability: Electric Surge|[of] p2a: Pincurchin\n|turn|19\n|inactive|iamdashuaibi has 60 seconds left.\n|\n|t:|1781419949\n|-end|p1a: Salamence|confusion\n|move|p1a: Salamence|Outrage|p2a: Pincurchin|[from] lockedmove\n|-damage|p2a: Pincurchin|0 fnt\n|faint|p2a: Pincurchin\n|-ability|p1a: Salamence|Moxie|boost\n|-boost|p1a: Salamence|atk|1\n|-start|p1a: Salamence|confusion|[fatigue]\n|\n|upkeep\n|\n|t:|1781419954\n|switch|p2a: Grafaiai|Grafaiai, L86, F|249/249\n|turn|20\n|\n|t:|1781419960\n|-activate|p1a: Salamence|confusion\n|-damage|p1a: Salamence|128/273|[from] confusion\n|move|p2a: Grafaiai|Low Kick|p1a: Salamence\n|-supereffective|p1a: Salamence\n|-crit|p1a: Salamence\n|-damage|p1a: Salamence|0 fnt\n|faint|p1a: Salamence\n|-damage|p2a: Grafaiai|225/249|[from] item: Life Orb\n|\n|upkeep\n|\n|t:|1781419966\n|switch|p1a: Sandaconda|Sandaconda, L84, M|56/258\n|-damage|p1a: Sandaconda|24/258|[from] Spikes\n|turn|21\n|\n|t:|1781419976\n|move|p2a: Grafaiai|Low Kick|p1a: Sandaconda\n|-damage|p1a: Sandaconda|0 fnt\n|faint|p1a: Sandaconda\n|-damage|p2a: Grafaiai|201/249|[from] item: Life Orb\n|\n|upkeep\n|\n|t:|1781419984\n|switch|p1a: Empoleon|Empoleon, L84, F|278/278 par\n|-damage|p1a: Empoleon|244/278 par|[from] Spikes\n|turn|22\n|\n|t:|1781419993\n|move|p2a: Grafaiai|Swords Dance|p2a: Grafaiai\n|-boost|p2a: Grafaiai|atk|2\n|move|p1a: Empoleon|Flip Turn|p2a: Grafaiai\n|-damage|p2a: Grafaiai|128/249\n|\n|t:|1781419999\n|switch|p1a: Ditto|Ditto, L87|225/225|[from] Flip Turn\n|-damage|p1a: Ditto|197/225|[from] Spikes\n|-transform|p1a: Ditto|p2a: Grafaiai|[from] ability: Imposter\n|\n|upkeep\n|turn|23\n|inactive|iamdashuaibi has 90 seconds left.\n|\n|t:|1781420013\n|move|p1a: Ditto|Knock Off|p2a: Grafaiai\n|-damage|p2a: Grafaiai|0 fnt\n|-enditem|p2a: Grafaiai|Life Orb|[from] move: Knock Off|[of] p1a: Ditto\n|faint|p2a: Grafaiai\n|\n|win|iamdashuaibi\n|raw|iamdashuaibi's rating: 1302 &rarr; <strong>1322</strong><br />(+20 for winning)\n|raw|Fettyw0p's rating: 1307 &rarr; <strong>1287</strong><br />(-20 for losing)\n", "inputlog": ">version a8376a258c1d4662feba110a92103f3664a72141\n>start {\"formatid\":\"gen9randombattle\",\"seed\":\"sodium,aace105edbd203992f5a5de582197634\",\"rated\":\"Rated battle\"}\n>player p1 {\"name\":\"iamdashuaibi\",\"avatar\":\"101\",\"rating\":1302,\"seed\":\"sodium,1f62d80c2edd56ae8d22432754941853\"}\n>player p2 {\"name\":\"Fettyw0p\",\"avatar\":\"101\",\"rating\":1307,\"seed\":\"sodium,c88b03620ec63aa62b3ea6b3abafd6b5\"}\n>p1 switch 4\n>p2 switch 4\n>p1 move yawn\n>p2 switch 6\n>p1 move flipturn\n>p2 move spikes\n>p1 switch 6\n>p1 move earthquake\n>p2 switch 6\n>p1 switch 6\n>p2 move boomburst\n>p1 move flipturn\n>p2 switch 6\n>p1 switch 6\n>p1 move rockblast\n>p2 move scald\n>p1 move earthquake\n>p2 switch 6\n>p1 move rockblast\n>p2 move hurricane\n>p1 switch 6\n>p2 move hurricane\n>p1 move yawn\n>p2 switch 2\n>p1 move roost\n>p2 move stunspore\n>p1 move flipturn\n>p2 move encore\n>p1 switch 5\n>p1 move dragondance\n>p2 switch 2\n>p1 move dualwingbeat terastallize\n>p2 switch 2\n>p2 switch 4\n>p1 move outrage\n>p2 move fireblast\n>p2 switch 2\n>p1 move outrage\n>p2 move dracometeor terastallize\n>p2 switch 5\n>p1 move outrage\n>p2 move closecombat\n>p2 switch 6\n>p1 move outrage\n>p2 move discharge\n>p2 switch 3\n>p1 move outrage\n>p2 move lowkick\n>p1 switch 6\n>p1 move earthquake\n>p2 move lowkick\n>p1 switch 5\n>p1 move flipturn\n>p2 move swordsdance\n>p1 switch 4\n>p1 move knockoff\n>p2 move knockoff", "uploadtime": 1781420021, "views": 5, "formatid": "gen9randombattle", "rating": 1287, "private": 0, "password": null, "player_dets": [{"name": "iamdashuaibi", "avatar": "101", "rating": 1302, "seed": "sodium,1f62d80c2edd56ae8d22432754941853"}, {"name": "Fettyw0p", "avatar": "101", "rating": 1307, "seed": "sodium,c88b03620ec63aa62b3ea6b3abafd6b5"}], "teams_full": [{"Ditto": {"name": "Ditto", "species": "Ditto", "speciesId": "ditto", "gender": "N", "shiny": false, "level": 87, "moves": ["transform"], "ability": "Imposter", "evs": {"hp": 85, "atk": 85, "def": 85, "spa": 85, "spd": 85, "spe": 85}, "ivs": {"hp": 31, "atk": 31, "def": 31, "spa": 31, "spd": 31, "spe": 31}, "item": "Choice Scarf", "teraType": "Ghost", "role": "Fast Support", "bvs": {"hp": 48, "atk": 48, "def": 48, "spa": 48, "spd": 48, "spe": 48}, "stats": {"hp": 225, "atk": 133, "def": 133, "spa": 133, "spd": 133, "spe": 133}, "types": ["Normal"]}, "Mandibuzz": {"name": "Mandibuzz", "species": "Mandibuzz", "speciesId": "mandibuzz", "gender": "F", "shiny": false, "level": 85, "moves": ["foulplay", "roost", "toxic", "defog"], "ability": "Overcoat", "evs": {"hp": 85, "atk": 0, "def": 85, "spa": 85, "spd": 85, "spe": 85}, "ivs": {"hp": 31, "atk": 0, "def": 31, "spa": 31, "spd": 31, "spe": 31}, "item": "Heavy-Duty Boots", "teraType": "Steel", "role": "Bulky Support", "bvs": {"hp": 110, "atk": 65, "def": 105, "spa": 55, "spd": 95, "spe": 80}, "stats": {"hp": 326, "atk": 115, "def": 227, "spa": 142, "spd": 210, "spe": 185}, "types": ["Dark", "Flying"]}, "Bisharp": {"name": "Bisharp", "species": "Bisharp", "speciesId": "bisharp", "gender": "F", "shiny": false, "level": 79, "moves": ["suckerpunch", "swordsdance", "throatchop", "ironhead"], "ability": "Defiant", "evs": {"hp": 85, "atk": 85, "def": 85, "spa": 85, "spd": 85, "spe": 85}, "ivs": {"hp": 31, "atk": 31, "def": 31, "spa": 31, "spd": 31, "spe": 31}, "item": "Eviolite", "teraType": "Flying", "role": "Bulky Attacker", "bvs": {"hp": 65, "atk": 125, "def": 100, "spa": 60, "spd": 70, "spe": 70}, "stats": {"hp": 232, "atk": 243, "def": 204, "spa": 140, "spd": 156, "spe": 156}, "types": ["Dark", "Steel"]}, "Empoleon": {"name": "Empoleon", "species": "Empoleon", "speciesId": "empoleon", "gender": "F", "shiny": false, "level": 84, "moves": ["roost", "flipturn", "yawn", "surf"], "ability": "Competitive", "evs": {"hp": 85, "atk": 85, "def": 85, "spa": 85, "spd": 85, "spe": 85}, "ivs": {"hp": 31, "atk": 31, "def": 31, "spa": 31, "spd": 31, "spe": 31}, "item": "Leftovers", "teraType": "Flying", "role": "Bulky Support", "bvs": {"hp": 84, "atk": 86, "def": 88, "spa": 111, "spd": 101, "spe": 60}, "stats": {"hp": 278, "atk": 193, "def": 196, "spa": 235, "spd": 218, "spe": 149}, "types": ["Water", "Steel"]}, "Salamence": {"name": "Salamence", "species": "Salamence", "speciesId": "salamence", "gender": "F", "shiny": false, "level": 77, "moves": ["dragondance", "roost", "dualwingbeat", "outrage"], "ability": "Moxie", "evs": {"hp": 85, "atk": 85, "def": 85, "spa": 85, "spd": 85, "spe": 85}, "ivs": {"hp": 31, "atk": 31, "def": 31, "spa": 31, "spd": 31, "spe": 31}, "item": "Heavy-Duty Boots", "teraType": "Steel", "role": "Setup Sweeper", "bvs": {"hp": 95, "atk": 135, "def": 80, "spa": 110, "spd": 80, "spe": 100}, "stats": {"hp": 273, "atk": 252, "def": 168, "spa": 214, "spd": 168, "spe": 199}, "types": ["Dragon", "Flying"]}, "Sandaconda": {"name": "Sandaconda", "species": "Sandaconda", "speciesId": "sandaconda", "gender": "M", "shiny": false, "level": 84, "moves": ["rockblast", "scaleshot", "earthquake", "coil"], "ability": "Shed Skin", "evs": {"hp": 85, "atk": 85, "def": 85, "spa": 85, "spd": 85, "spe": 85}, "ivs": {"hp": 31, "atk": 31, "def": 31, "spa": 31, "spd": 31, "spe": 31}, "item": "Loaded Dice", "teraType": "Dragon", "role": "Fast Bulky Setup", "bvs": {"hp": 72, "atk": 107, "def": 125, "spa": 65, "spd": 70, "spe": 71}, "stats": {"hp": 258, "atk": 228, "def": 258, "spa": 157, "spd": 166, "spe": 167}, "types": ["Ground"]}}, {"Iron Moth": {"name": "Iron Moth", "species": "Iron Moth", "speciesId": "ironmoth", "gender": "N", "shiny": false, "level": 78, "moves": ["fireblast", "morningsun", "energyball", "sludgewave"], "ability": "Quark Drive", "evs": {"hp": 85, "atk": 0, "def": 85, "spa": 85, "spd": 85, "spe": 85}, "ivs": {"hp": 31, "atk": 0, "def": 31, "spa": 31, "spd": 31, "spe": 31}, "item": "Heavy-Duty Boots", "teraType": "Grass", "role": "Fast Attacker", "bvs": {"hp": 80, "atk": 70, "def": 60, "spa": 140, "spd": 110, "spe": 110}, "stats": {"hp": 253, "atk": 114, "def": 139, "spa": 263, "spd": 217, "spe": 217}, "types": ["Fire", "Poison"]}, "Whimsicott": {"name": "Whimsicott", "species": "Whimsicott", "speciesId": "whimsicott", "gender": "M", "shiny": false, "level": 84, "moves": ["moonblast", "stunspore", "encore", "uturn"], "ability": "Prankster", "evs": {"hp": 85, "atk": 85, "def": 85, "spa": 85, "spd": 85, "spe": 85}, "ivs": {"hp": 31, "atk": 31, "def": 31, "spa": 31, "spd": 31, "spe": 31}, "item": "Heavy-Duty Boots", "teraType": "Poison", "role": "Fast Support", "bvs": {"hp": 60, "atk": 67, "def": 85, "spa": 77, "spd": 75, "spe": 116}, "stats": {"hp": 238, "atk": 161, "def": 191, "spa": 178, "spd": 174, "spe": 243}, "types": ["Grass", "Fairy"]}, "Grafaiai": {"name": "Grafaiai", "species": "Grafaiai", "speciesId": "grafaiai", "gender": "F", "shiny": false, "level": 86, "moves": ["gunkshot", "swordsdance", "lowkick", "knockoff"], "ability": "Poison Touch", "evs": {"hp": 85, "atk": 85, "def": 85, "spa": 85, "spd": 85, "spe": 85}, "ivs": {"hp": 31, "atk": 31, "def": 31, "spa": 31, "spd": 31, "spe": 31}, "item": "Life Orb", "teraType": "Dark", "role": "Setup Sweeper", "bvs": {"hp": 63, "atk": 95, "def": 65, "spa": 80, "spd": 72, "spe": 110}, "stats": {"hp": 249, "atk": 213, "def": 161, "spa": 187, "spd": 173, "spe": 238}, "types": ["Poison", "Normal"]}, "Noivern": {"name": "Noivern", "species": "Noivern", "speciesId": "noivern", "gender": "M", "shiny": false, "level": 82, "moves": ["boomburst", "flamethrower", "dracometeor", "hurricane"], "ability": "Infiltrator", "evs": {"hp": 85, "atk": 0, "def": 85, "spa": 85, "spd": 85, "spe": 85}, "ivs": {"hp": 31, "atk": 0, "def": 31, "spa": 31, "spd": 31, "spe": 31}, "item": "Choice Specs", "teraType": "Normal", "role": "Fast Attacker", "bvs": {"hp": 85, "atk": 70, "def": 80, "spa": 97, "spd": 80, "spe": 123}, "stats": {"hp": 274, "atk": 119, "def": 178, "spa": 206, "spd": 178, "spe": 249}, "types": ["Flying", "Dragon"]}, "Braviary": {"name": "Braviary", "species": "Braviary", "speciesId": "braviary", "gender": "M", "shiny": false, "level": 85, "moves": ["bravebird", "closecombat", "roost", "bulkup"], "ability": "Defiant", "evs": {"hp": 85, "atk": 85, "def": 85, "spa": 85, "spd": 85, "spe": 85}, "ivs": {"hp": 31, "atk": 31, "def": 31, "spa": 31, "spd": 31, "spe": 31}, "item": "Heavy-Duty Boots", "teraType": "Steel", "role": "Fast Bulky Setup", "bvs": {"hp": 100, "atk": 123, "def": 75, "spa": 57, "spd": 75, "spe": 80}, "stats": {"hp": 309, "atk": 258, "def": 176, "spa": 146, "spd": 176, "spe": 185}, "types": ["Normal", "Flying"]}, "Pincurchin": {"name": "Pincurchin", "species": "Pincurchin", "speciesId": "pincurchin", "gender": "M", "shiny": false, "level": 100, "moves": ["recover", "scald", "discharge", "spikes"], "ability": "Electric Surge", "evs": {"hp": 85, "atk": 0, "def": 85, "spa": 85, "spd": 85, "spe": 85}, "ivs": {"hp": 31, "atk": 0, "def": 31, "spa": 31, "spd": 31, "spe": 31}, "item": "Leftovers", "teraType": "Water", "role": "Bulky Attacker", "bvs": {"hp": 48, "atk": 101, "def": 95, "spa": 91, "spd": 85, "spe": 15}, "stats": {"hp": 258, "atk": 207, "def": 247, "spa": 239, "spd": 227, "spe": 87}, "types": ["Electric"]}}]}