{"id": "gen9randombattle-2631930437", "format": "[Gen 9] Random Battle", "players": ["swmj7", "catlib"], "log": "|j|\u2606swmj7\n|j|\u2606catlib\n|t:|1781456850\n|gametype|singles\n|player|p1|swmj7|265|1943\n|player|p2|catlib|birdkeeper|1950\n|gen|9\n|tier|[Gen 9] Random Battle\n|rated|\n|rule|Species Clause: Limit one of each Pok\u00e9mon\n|rule|HP Percentage Mod: HP is shown in percentages\n|rule|Sleep Clause Mod: Limit one foe put to sleep\n|rule|Illusion Level Mod: Illusion disguises the Pok\u00e9mon's true level\n|\n|t:|1781456850\n|teamsize|p1|6\n|teamsize|p2|6\n|start\n|switch|p1a: Magearna|Magearna-Original, L77|250/250\n|switch|p2a: Heracross|Heracross, L80, M|259/259\n|turn|1\n|inactive|Battle timer is ON: inactive players will automatically lose when time's up. (requested by catlib)\n|\n|t:|1781456879\n|switch|p2a: Ampharos|Ampharos, L88, F|302/302\n|move|p1a: Magearna|Shift Gear|p1a: Magearna\n|-boost|p1a: Magearna|spe|2\n|-boost|p1a: Magearna|atk|1\n|\n|upkeep\n|turn|2\n|\n|t:|1781456888\n|-terastallize|p1a: Magearna|Ground\n|move|p1a: Magearna|Tera Blast|p2a: Ampharos|[anim] Tera Blast Ground\n|-supereffective|p2a: Ampharos\n|-damage|p2a: Ampharos|98/302\n|move|p2a: Ampharos|Thunderbolt|p1a: Magearna\n|-immune|p1a: Magearna\n|\n|upkeep\n|turn|3\n|\n|t:|1781456898\n|switch|p2a: Sceptile|Sceptile, L87, F|264/264\n|move|p1a: Magearna|Tera Blast|p2a: Sceptile|[anim] Tera Blast Ground\n|-resisted|p2a: Sceptile\n|-damage|p2a: Sceptile|205/264\n|\n|upkeep\n|turn|4\n|\n|t:|1781456907\n|move|p1a: Magearna|Iron Head|p2a: Sceptile\n|-damage|p2a: Sceptile|85/264\n|cant|p2a: Sceptile|flinch\n|\n|upkeep\n|turn|5\n|\n|t:|1781456915\n|switch|p2a: Heracross|Heracross, L80, M|259/259\n|move|p1a: Magearna|Iron Head|p2a: Heracross\n|-damage|p2a: Heracross|132/259\n|\n|upkeep\n|turn|6\n|\n|t:|1781456929\n|move|p1a: Magearna|Fleur Cannon|p2a: Heracross\n|-supereffective|p2a: Heracross\n|-crit|p2a: Heracross\n|-damage|p2a: Heracross|0 fnt\n|-unboost|p1a: Magearna|spa|2\n|faint|p2a: Heracross\n|-ability|p1a: Magearna|Soul-Heart|boost\n|-boost|p1a: Magearna|spa|1\n|\n|upkeep\n|\n|t:|1781456941\n|switch|p2a: Sinistcha|Sinistcha-Masterpiece, L83|254/254\n|turn|7\n|\n|t:|1781456949\n|move|p1a: Magearna|Iron Head|p2a: Sinistcha\n|-damage|p2a: Sinistcha|170/254\n|move|p2a: Sinistcha|Matcha Gotcha|p1a: Magearna\n|-supereffective|p1a: Magearna\n|-damage|p1a: Magearna|64/250\n|-heal|p2a: Sinistcha|254/254|[from] drain|[of] p1a: Magearna\n|-enditem|p1a: Magearna|Weakness Policy\n|-boost|p1a: Magearna|atk|2|[from] item: Weakness Policy\n|-boost|p1a: Magearna|spa|2|[from] item: Weakness Policy\n|\n|upkeep\n|turn|8\n|\n|t:|1781456956\n|move|p1a: Magearna|Iron Head|p2a: Sinistcha\n|-damage|p2a: Sinistcha|113/254\n|move|p2a: Sinistcha|Matcha Gotcha|p1a: Magearna\n|-supereffective|p1a: Magearna\n|-damage|p1a: Magearna|0 fnt\n|-heal|p2a: Sinistcha|145/254|[from] drain|[of] p1a: Magearna\n|faint|p1a: Magearna\n|\n|-heal|p2a: Sinistcha|160/254|[from] item: Leftovers\n|upkeep\n|\n|t:|1781456961\n|switch|p1a: Magmortar|Magmortar, L88, F|275/275\n|turn|9\n|\n|t:|1781456972\n|switch|p2a: Ampharos|Ampharos, L88, F|98/302\n|move|p1a: Magmortar|Knock Off|p2a: Ampharos\n|-damage|p2a: Ampharos|26/302\n|-enditem|p2a: Ampharos|Life Orb|[from] move: Knock Off|[of] p1a: Magmortar\n|\n|upkeep\n|turn|10\n|\n|t:|1781456982\n|move|p1a: Magmortar|Thunderbolt|p2a: Ampharos\n|-resisted|p2a: Ampharos\n|-damage|p2a: Ampharos|0 fnt\n|faint|p2a: Ampharos\n|\n|upkeep\n|\n|t:|1781456996\n|switch|p2a: Smeargle|Smeargle, L95, F|258/258\n|turn|11\n|\n|t:|1781457010\n|move|p2a: Smeargle|Spore|p1a: Magmortar\n|-status|p1a: Magmortar|slp|[from] move: Spore\n|cant|p1a: Magmortar|slp\n|\n|upkeep\n|turn|12\n|\n|t:|1781457026\n|move|p2a: Smeargle|Sticky Web|p1a: Magmortar\n|-sidestart|p1: swmj7|move: Sticky Web\n|cant|p1a: Magmortar|slp\n|\n|upkeep\n|turn|13\n|\n|t:|1781457030\n|switch|p2a: Blastoise|Blastoise, L80, M|258/258\n|cant|p1a: Magmortar|slp\n|\n|upkeep\n|turn|14\n|\n|t:|1781457036\n|-curestatus|p1a: Magmortar|slp|[msg]\n|move|p1a: Magmortar|Thunderbolt|p2a: Blastoise\n|-supereffective|p2a: Blastoise\n|-damage|p2a: Blastoise|86/258\n|move|p2a: Blastoise|Shell Smash|p2a: Blastoise\n|-unboost|p2a: Blastoise|def|1\n|-unboost|p2a: Blastoise|spd|1\n|-boost|p2a: Blastoise|atk|2\n|-boost|p2a: Blastoise|spa|2\n|-boost|p2a: Blastoise|spe|2\n|-enditem|p2a: Blastoise|White Herb\n|-clearnegativeboost|p2a: Blastoise|[silent]\n|\n|upkeep\n|turn|15\n|\n|t:|1781457043\n|move|p2a: Blastoise|Hydro Pump|p1a: Magmortar\n|-supereffective|p1a: Magmortar\n|-damage|p1a: Magmortar|0 fnt\n|faint|p1a: Magmortar\n|\n|upkeep\n|\n|t:|1781457046\n|switch|p1a: Enamorus|Enamorus-Therian, L83, F|259/259\n|turn|16\n|\n|t:|1781457050\n|move|p2a: Blastoise|Hydro Pump|p1a: Enamorus|[miss]\n|-miss|p2a: Blastoise|p1a: Enamorus\n|move|p1a: Enamorus|Moonblast|p2a: Blastoise\n|-damage|p2a: Blastoise|0 fnt\n|faint|p2a: Blastoise\n|\n|upkeep\n|\n|t:|1781457053\n|switch|p2a: Smeargle|Smeargle, L95, F|258/258\n|turn|17\n|\n|t:|1781457062\n|move|p2a: Smeargle|Spore|p1a: Enamorus\n|-immune|p1a: Enamorus|[from] ability: Overcoat\n|move|p1a: Enamorus|Moonblast|p2a: Smeargle\n|-damage|p2a: Smeargle|77/258\n|-unboost|p2a: Smeargle|spa|1\n|\n|upkeep\n|turn|18\n|\n|t:|1781457066\n|move|p2a: Smeargle|Ceaseless Edge|p1a: Enamorus\n|-resisted|p1a: Enamorus\n|-damage|p1a: Enamorus|249/259\n|-sidestart|p1: swmj7|Spikes\n|move|p1a: Enamorus|Moonblast|p2a: Smeargle\n|-damage|p2a: Smeargle|0 fnt\n|faint|p2a: Smeargle\n|\n|upkeep\n|\n|t:|1781457073\n|switch|p2a: Sinistcha|Sinistcha-Masterpiece, L83|160/254\n|turn|19\n|\n|t:|1781457078\n|move|p2a: Sinistcha|Calm Mind|p2a: Sinistcha\n|-boost|p2a: Sinistcha|spa|1\n|-boost|p2a: Sinistcha|spd|1\n|move|p1a: Enamorus|Mystical Fire|p2a: Sinistcha\n|-supereffective|p2a: Sinistcha\n|-damage|p2a: Sinistcha|114/254\n|-unboost|p2a: Sinistcha|spa|1\n|\n|-heal|p2a: Sinistcha|129/254|[from] item: Leftovers\n|upkeep\n|turn|20\n|\n|t:|1781457086\n|move|p2a: Sinistcha|Shadow Ball|p1a: Enamorus\n|-damage|p1a: Enamorus|189/259\n|move|p1a: Enamorus|Mystical Fire|p2a: Sinistcha\n|-supereffective|p2a: Sinistcha\n|-damage|p2a: Sinistcha|77/254\n|-unboost|p2a: Sinistcha|spa|1\n|\n|-heal|p2a: Sinistcha|92/254|[from] item: Leftovers\n|upkeep\n|turn|21\n|\n|t:|1781457092\n|move|p2a: Sinistcha|Strength Sap|p1a: Enamorus\n|-unboost|p1a: Enamorus|atk|1\n|-heal|p2a: Sinistcha|254/254\n|move|p1a: Enamorus|Mystical Fire|p2a: Sinistcha\n|-supereffective|p2a: Sinistcha\n|-damage|p2a: Sinistcha|204/254\n|-unboost|p2a: Sinistcha|spa|1\n|\n|-heal|p2a: Sinistcha|219/254|[from] item: Leftovers\n|upkeep\n|turn|22\n|\n|t:|1781457104\n|move|p2a: Sinistcha|Shadow Ball|p1a: Enamorus\n|-damage|p1a: Enamorus|156/259\n|move|p1a: Enamorus|Mystical Fire|p2a: Sinistcha\n|-supereffective|p2a: Sinistcha\n|-damage|p2a: Sinistcha|167/254\n|-unboost|p2a: Sinistcha|spa|1\n|\n|-heal|p2a: Sinistcha|182/254|[from] item: Leftovers\n|upkeep\n|turn|23\n|\n|t:|1781457112\n|move|p2a: Sinistcha|Shadow Ball|p1a: Enamorus\n|-damage|p1a: Enamorus|131/259\n|move|p1a: Enamorus|Mystical Fire|p2a: Sinistcha\n|-supereffective|p2a: Sinistcha\n|-damage|p2a: Sinistcha|134/254\n|-unboost|p2a: Sinistcha|spa|1\n|\n|-heal|p2a: Sinistcha|149/254|[from] item: Leftovers\n|upkeep\n|turn|24\n|\n|t:|1781457119\n|move|p2a: Sinistcha|Shadow Ball|p1a: Enamorus\n|-damage|p1a: Enamorus|112/259\n|move|p1a: Enamorus|Mystical Fire|p2a: Sinistcha\n|-supereffective|p2a: Sinistcha\n|-damage|p2a: Sinistcha|101/254\n|-unboost|p2a: Sinistcha|spa|1\n|\n|-heal|p2a: Sinistcha|116/254|[from] item: Leftovers\n|upkeep\n|turn|25\n|\n|t:|1781457123\n|move|p2a: Sinistcha|Shadow Ball|p1a: Enamorus\n|-damage|p1a: Enamorus|91/259\n|move|p1a: Enamorus|Mystical Fire|p2a: Sinistcha\n|-supereffective|p2a: Sinistcha\n|-damage|p2a: Sinistcha|64/254\n|-unboost|p2a: Sinistcha|spa|1\n|\n|-heal|p2a: Sinistcha|79/254|[from] item: Leftovers\n|upkeep\n|turn|26\n|\n|t:|1781457132\n|move|p2a: Sinistcha|Strength Sap|p1a: Enamorus\n|-unboost|p1a: Enamorus|atk|1\n|-heal|p2a: Sinistcha|238/254\n|move|p1a: Enamorus|Mystical Fire|p2a: Sinistcha\n|-supereffective|p2a: Sinistcha\n|-damage|p2a: Sinistcha|190/254\n|\n|-heal|p2a: Sinistcha|205/254|[from] item: Leftovers\n|upkeep\n|turn|27\n|\n|t:|1781457137\n|move|p2a: Sinistcha|Shadow Ball|p1a: Enamorus\n|-damage|p1a: Enamorus|76/259\n|-unboost|p1a: Enamorus|spd|1\n|move|p1a: Enamorus|Mystical Fire|p2a: Sinistcha\n|-supereffective|p2a: Sinistcha\n|-damage|p2a: Sinistcha|157/254\n|\n|-heal|p2a: Sinistcha|172/254|[from] item: Leftovers\n|upkeep\n|turn|28\n|\n|t:|1781457141\n|move|p2a: Sinistcha|Shadow Ball|p1a: Enamorus\n|-damage|p1a: Enamorus|54/259\n|move|p1a: Enamorus|Mystical Fire|p2a: Sinistcha\n|-supereffective|p2a: Sinistcha\n|-damage|p2a: Sinistcha|122/254\n|\n|-heal|p2a: Sinistcha|137/254|[from] item: Leftovers\n|upkeep\n|turn|29\n|\n|t:|1781457144\n|move|p2a: Sinistcha|Shadow Ball|p1a: Enamorus\n|-crit|p1a: Enamorus\n|-damage|p1a: Enamorus|0 fnt\n|faint|p1a: Enamorus\n|\n|-heal|p2a: Sinistcha|152/254|[from] item: Leftovers\n|upkeep\n|\n|t:|1781457146\n|switch|p1a: Mew|Mew, L82|298/298\n|-activate|p1a: Mew|move: Sticky Web\n|-unboost|p1a: Mew|spe|1\n|-damage|p1a: Mew|261/298|[from] Spikes\n|turn|30\n|\n|t:|1781457149\n|switch|p2a: Sceptile|Sceptile, L87, F|85/264\n|move|p1a: Mew|Knock Off|p2a: Sceptile\n|-damage|p2a: Sceptile|8/264\n|-enditem|p2a: Sceptile|Life Orb|[from] move: Knock Off|[of] p1a: Mew\n|\n|-heal|p1a: Mew|279/298|[from] item: Leftovers\n|upkeep\n|turn|31\n|\n|t:|1781457157\n|move|p2a: Sceptile|Leaf Blade|p1a: Mew\n|-damage|p1a: Mew|161/298\n|move|p1a: Mew|Knock Off|p2a: Sceptile\n|-damage|p2a: Sceptile|0 fnt\n|faint|p2a: Sceptile\n|\n|-heal|p1a: Mew|179/298|[from] item: Leftovers\n|upkeep\n|\n|t:|1781457159\n|switch|p2a: Sinistcha|Sinistcha-Masterpiece, L83|152/254\n|turn|32\n|\n|t:|1781457172\n|-terastallize|p2a: Sinistcha|Steel\n|move|p2a: Sinistcha|Strength Sap|p1a: Mew\n|-unboost|p1a: Mew|atk|1\n|-heal|p2a: Sinistcha|254/254\n|move|p1a: Mew|Knock Off|p2a: Sinistcha\n|-damage|p2a: Sinistcha|212/254\n|-enditem|p2a: Sinistcha|Leftovers|[from] move: Knock Off|[of] p1a: Mew\n|\n|-heal|p1a: Mew|197/298|[from] item: Leftovers\n|upkeep\n|turn|33\n|\n|t:|1781457177\n|switch|p1a: Ursaluna|Ursaluna-Bloodmoon, L79, M|308/308\n|-activate|p1a: Ursaluna|move: Sticky Web\n|-unboost|p1a: Ursaluna|spe|1\n|-damage|p1a: Ursaluna|270/308|[from] Spikes\n|move|p2a: Sinistcha|Calm Mind|p2a: Sinistcha\n|-boost|p2a: Sinistcha|spa|1\n|-boost|p2a: Sinistcha|spd|1\n|\n|-heal|p1a: Ursaluna|289/308|[from] item: Leftovers\n|upkeep\n|turn|34\n|-message|swmj7 forfeited.\n|\n|win|catlib\n", "inputlog": ">version a8376a258c1d4662feba110a92103f3664a72141\n>start {\"formatid\":\"gen9randombattle\",\"seed\":\"sodium,9b78b751e6687006a79653cdfb43b39f\",\"rated\":\"Rated battle\"}\n>player p1 {\"name\":\"swmj7\",\"avatar\":\"265\",\"rating\":1943,\"seed\":\"sodium,65d5b049a6db1be99ca33f1d3a59a942\"}\n>player p2 {\"name\":\"catlib\",\"avatar\":\"birdkeeper\",\"rating\":1950,\"seed\":\"sodium,3a28948a190e18516b1f4926004965d5\"}\n>p1 move shiftgear\n>p2 switch 6\n>p1 move terablast terastallize\n>p2 move thunderbolt\n>p1 move terablast\n>p2 switch 2\n>p1 move ironhead\n>p2 move leafblade\n>p1 move ironhead\n>p2 switch 6\n>p1 move fleurcannon\n>p2 move knockoff\n>p2 switch 4\n>p1 move ironhead\n>p2 move matchagotcha\n>p1 move ironhead\n>p2 move matchagotcha\n>p1 switch 5\n>p1 move knockoff\n>p2 switch 2\n>p1 move thunderbolt\n>p2 move thunderbolt\n>p2 switch 3\n>p1 move fireblast\n>p2 move spore\n>p1 move fireblast\n>p2 move stickyweb\n>p1 move fireblast\n>p2 switch 5\n>p1 move thunderbolt\n>p2 move shellsmash\n>p1 move thunderbolt\n>p2 move hydropump\n>p1 switch 2\n>p1 move moonblast\n>p2 move hydropump\n>p2 switch 5\n>p1 move moonblast\n>p2 move spore\n>p1 move moonblast\n>p2 move ceaselessedge\n>p2 switch 2\n>p1 move mysticalfire\n>p2 move calmmind\n>p1 move mysticalfire\n>p2 move shadowball\n>p1 move mysticalfire\n>p2 move strengthsap\n>p1 move mysticalfire\n>p2 move shadowball\n>p1 move mysticalfire\n>p2 move shadowball\n>p1 move mysticalfire\n>p2 move shadowball\n>p1 move mysticalfire\n>p2 move shadowball\n>p1 move mysticalfire\n>p2 move strengthsap\n>p1 move mysticalfire\n>p2 move shadowball\n>p1 move mysticalfire\n>p2 move shadowball\n>p1 move mysticalfire\n>p2 move shadowball\n>p1 switch 4\n>p1 move knockoff\n>p2 switch 6\n>p1 move knockoff\n>p2 move leafblade\n>p2 switch 6\n>p1 move knockoff\n>p2 move strengthsap terastallize\n>p1 switch 3\n>p2 move calmmind\n>forcelose p1", "uploadtime": 1781456852, "views": 5, "formatid": "gen9randombattle", "rating": null, "private": 0, "password": null, "player_dets": [{"name": "swmj7", "avatar": "265", "rating": 1943, "seed": "sodium,65d5b049a6db1be99ca33f1d3a59a942"}, {"name": "catlib", "avatar": "birdkeeper", "rating": 1950, "seed": "sodium,3a28948a190e18516b1f4926004965d5"}], "teams_full": [{"Magearna": {"name": "Magearna", "species": "Magearna-Original", "speciesId": "magearna", "gender": "N", "shiny": false, "level": 77, "moves": ["terablast", "shiftgear", "fleurcannon", "ironhead"], "ability": "Soul-Heart", "evs": {"hp": 85, "atk": 85, "def": 85, "spa": 85, "spd": 85, "spe": 85}, "ivs": {"hp": 31, "atk": 31, "def": 31, "spa": 31, "spd": 31, "spe": 31}, "item": "Weakness Policy", "teraType": "Ground", "role": "Tera Blast user", "bvs": {"hp": 80, "atk": 95, "def": 115, "spa": 130, "spd": 115, "spe": 65}, "stats": {"hp": 250, "atk": 191, "def": 222, "spa": 245, "spd": 222, "spe": 145}, "types": ["Steel", "Fairy"]}, "Enamorus": {"name": "Enamorus", "species": "Enamorus-Therian", "speciesId": "enamorustherian", "gender": "F", "shiny": false, "level": 83, "moves": ["mysticalfire", "earthpower", "superpower", "moonblast"], "ability": "Overcoat", "evs": {"hp": 85, "atk": 85, "def": 85, "spa": 85, "spd": 85, "spe": 85}, "ivs": {"hp": 31, "atk": 31, "def": 31, "spa": 31, "spd": 31, "spe": 31}, "item": "Assault Vest", "teraType": "Ground", "role": "Bulky Attacker", "bvs": {"hp": 74, "atk": 115, "def": 110, "spa": 135, "spd": 100, "spe": 46}, "stats": {"hp": 259, "atk": 239, "def": 230, "spa": 272, "spd": 214, "spe": 124}, "types": ["Fairy", "Flying"]}, "Ursaluna": {"name": "Ursaluna", "species": "Ursaluna-Bloodmoon", "speciesId": "ursalunabloodmoon", "gender": "M", "shiny": false, "level": 79, "moves": ["vacuumwave", "moonlight", "calmmind", "bloodmoon"], "ability": "Mind's Eye", "evs": {"hp": 85, "atk": 0, "def": 85, "spa": 85, "spd": 85, "spe": 85}, "ivs": {"hp": 31, "atk": 0, "def": 31, "spa": 31, "spd": 31, "spe": 31}, "item": "Leftovers", "teraType": "Ghost", "role": "Bulky Setup", "bvs": {"hp": 113, "atk": 70, "def": 120, "spa": 135, "spd": 65, "spe": 52}, "stats": {"hp": 308, "atk": 115, "def": 235, "spa": 259, "spd": 148, "spe": 128}, "types": ["Ground", "Normal"]}, "Mew": {"name": "Mew", "species": "Mew", "speciesId": "mew", "gender": "N", "shiny": false, "level": 82, "moves": ["psychic", "knockoff", "stealthrock", "toxicspikes"], "ability": "Synchronize", "evs": {"hp": 85, "atk": 85, "def": 85, "spa": 85, "spd": 85, "spe": 85}, "ivs": {"hp": 31, "atk": 31, "def": 31, "spa": 31, "spd": 31, "spe": 31}, "item": "Leftovers", "teraType": "Fairy", "role": "Bulky Support", "bvs": {"hp": 100, "atk": 100, "def": 100, "spa": 100, "spd": 100, "spe": 100}, "stats": {"hp": 298, "atk": 211, "def": 211, "spa": 211, "spd": 211, "spe": 211}, "types": ["Psychic"]}, "Magmortar": {"name": "Magmortar", "species": "Magmortar", "speciesId": "magmortar", "gender": "F", "shiny": false, "level": 88, "moves": ["thunderbolt", "knockoff", "fireblast", "focusblast"], "ability": "Flame Body", "evs": {"hp": 85, "atk": 85, "def": 85, "spa": 85, "spd": 85, "spe": 85}, "ivs": {"hp": 31, "atk": 31, "def": 31, "spa": 31, "spd": 31, "spe": 31}, "item": "Heavy-Duty Boots", "teraType": "Water", "role": "Fast Attacker", "bvs": {"hp": 75, "atk": 95, "def": 67, "spa": 125, "spd": 95, "spe": 83}, "stats": {"hp": 275, "atk": 217, "def": 168, "spa": 270, "spd": 217, "spe": 196}, "types": ["Fire"]}, "Spectrier": {"name": "Spectrier", "species": "Spectrier", "speciesId": "spectrier", "gender": "N", "shiny": false, "level": 75, "moves": ["darkpulse", "substitute", "shadowball", "nastyplot"], "ability": "Grim Neigh", "evs": {"hp": 85, "atk": 0, "def": 85, "spa": 85, "spd": 85, "spe": 85}, "ivs": {"hp": 31, "atk": 0, "def": 31, "spa": 31, "spd": 31, "spe": 31}, "item": "Leftovers", "teraType": "Dark", "role": "Setup Sweeper", "bvs": {"hp": 100, "atk": 65, "def": 60, "spa": 145, "spd": 80, "spe": 130}, "stats": {"hp": 274, "atk": 102, "def": 134, "spa": 261, "spd": 164, "spe": 239}, "types": ["Ghost"]}}, {"Heracross": {"name": "Heracross", "species": "Heracross", "speciesId": "heracross", "gender": "M", "shiny": false, "level": 80, "moves": ["knockoff", "closecombat", "earthquake", "megahorn"], "ability": "Moxie", "evs": {"hp": 85, "atk": 85, "def": 85, "spa": 85, "spd": 85, "spe": 85}, "ivs": {"hp": 31, "atk": 31, "def": 31, "spa": 31, "spd": 31, "spe": 31}, "item": "Choice Scarf", "teraType": "Fighting", "role": "Fast Attacker", "bvs": {"hp": 80, "atk": 125, "def": 75, "spa": 40, "spd": 95, "spe": 85}, "stats": {"hp": 259, "atk": 246, "def": 166, "spa": 110, "spd": 198, "spe": 182}, "types": ["Bug", "Fighting"]}, "Sceptile": {"name": "Sceptile", "species": "Sceptile", "speciesId": "sceptile", "gender": "F", "shiny": false, "level": 87, "moves": ["earthquake", "leafblade", "rockslide", "swordsdance"], "ability": "Overgrow", "evs": {"hp": 85, "atk": 85, "def": 85, "spa": 85, "spd": 85, "spe": 85}, "ivs": {"hp": 31, "atk": 31, "def": 31, "spa": 31, "spd": 31, "spe": 31}, "item": "Life Orb", "teraType": "Rock", "role": "Setup Sweeper", "bvs": {"hp": 70, "atk": 85, "def": 65, "spa": 105, "spd": 85, "spe": 120}, "stats": {"hp": 264, "atk": 198, "def": 163, "spa": 232, "spd": 198, "spe": 259}, "types": ["Grass"]}, "Smeargle": {"name": "Smeargle", "species": "Smeargle", "speciesId": "smeargle", "gender": "F", "shiny": false, "level": 95, "moves": ["stickyweb", "ceaselessedge", "whirlwind", "spore"], "ability": "Own Tempo", "evs": {"hp": 85, "atk": 85, "def": 85, "spa": 85, "spd": 85, "spe": 85}, "ivs": {"hp": 31, "atk": 31, "def": 31, "spa": 31, "spd": 31, "spe": 31}, "item": "Focus Sash", "teraType": "Ghost", "role": "Fast Support", "bvs": {"hp": 55, "atk": 20, "def": 35, "spa": 20, "spd": 45, "spe": 75}, "stats": {"hp": 258, "atk": 92, "def": 120, "spa": 92, "spd": 139, "spe": 196}, "types": ["Normal"]}, "Sinistcha": {"name": "Sinistcha", "species": "Sinistcha-Masterpiece", "speciesId": "sinistcha", "gender": "N", "shiny": false, "level": 83, "moves": ["strengthsap", "shadowball", "matchagotcha", "calmmind"], "ability": "Heatproof", "evs": {"hp": 85, "atk": 0, "def": 85, "spa": 85, "spd": 85, "spe": 85}, "ivs": {"hp": 31, "atk": 0, "def": 31, "spa": 31, "spd": 31, "spe": 31}, "item": "Leftovers", "teraType": "Steel", "role": "Bulky Setup", "bvs": {"hp": 71, "atk": 60, "def": 106, "spa": 121, "spd": 80, "spe": 70}, "stats": {"hp": 254, "atk": 104, "def": 224, "spa": 249, "spd": 180, "spe": 164}, "types": ["Grass", "Ghost"]}, "Blastoise": {"name": "Blastoise", "species": "Blastoise", "speciesId": "blastoise", "gender": "M", "shiny": false, "level": 80, "moves": ["shellsmash", "icebeam", "earthquake", "hydropump"], "ability": "Torrent", "evs": {"hp": 85, "atk": 85, "def": 85, "spa": 85, "spd": 85, "spe": 85}, "ivs": {"hp": 31, "atk": 31, "def": 31, "spa": 31, "spd": 31, "spe": 31}, "item": "White Herb", "teraType": "Water", "role": "Setup Sweeper", "bvs": {"hp": 79, "atk": 83, "def": 100, "spa": 85, "spd": 105, "spe": 78}, "stats": {"hp": 258, "atk": 179, "def": 206, "spa": 182, "spd": 214, "spe": 171}, "types": ["Water"]}, "Ampharos": {"name": "Ampharos", "species": "Ampharos", "speciesId": "ampharos", "gender": "F", "shiny": false, "level": 88, "moves": ["agility", "focusblast", "thunderbolt", "dazzlinggleam"], "ability": "Static", "evs": {"hp": 85, "atk": 0, "def": 85, "spa": 85, "spd": 85, "spe": 85}, "ivs": {"hp": 31, "atk": 0, "def": 31, "spa": 31, "spd": 31, "spe": 31}, "item": "Life Orb", "teraType": "Fairy", "role": "Wallbreaker", "bvs": {"hp": 90, "atk": 75, "def": 85, "spa": 115, "spd": 90, "spe": 55}, "stats": {"hp": 302, "atk": 137, "def": 200, "spa": 253, "spd": 209, "spe": 147}, "types": ["Electric"]}}]}