{"id": "gen9randombattle-2631886528", "format": "[Gen 9] Random Battle", "players": ["imuseless123", "kormorano"], "log": "|j|\u2606imuseless123\n|j|\u2606kormorano\n|t:|1781452097\n|gametype|singles\n|player|p1|imuseless123|flannery|2061\n|player|p2|kormorano|102|2017\n|gen|9\n|tier|[Gen 9] Random Battle\n|rated|\n|rule|Species Clause: Limit one of each Pok\u00e9mon\n|rule|HP Percentage Mod: HP is shown in percentages\n|rule|Sleep Clause Mod: Limit one foe put to sleep\n|rule|Illusion Level Mod: Illusion disguises the Pok\u00e9mon's true level\n|\n|t:|1781452097\n|teamsize|p1|6\n|teamsize|p2|6\n|start\n|switch|p1a: Iron Thorns|Iron Thorns, L83|302/302\n|switch|p2a: Meganium|Meganium, L90, F|290/290\n|-item|p1a: Iron Thorns|Air Balloon\n|turn|1\n|inactive|Battle timer is ON: inactive players will automatically lose when time's up. (requested by kormorano)\n|inactive|imuseless123 also wants the timer to be on.\n|\n|t:|1781452105\n|move|p2a: Meganium|Petal Blizzard|p1a: Iron Thorns\n|-supereffective|p1a: Iron Thorns\n|-damage|p1a: Iron Thorns|140/302\n|-enditem|p1a: Iron Thorns|Air Balloon\n|move|p1a: Iron Thorns|Stealth Rock|p2a: Meganium\n|-sidestart|p2: kormorano|move: Stealth Rock\n|\n|upkeep\n|turn|2\n|\n|t:|1781452116\n|-end|p1a: Iron Thorns|Quark Drive|[silent]\n|switch|p1a: Scream Tail|Scream Tail, L84|330/330\n|move|p2a: Meganium|Swords Dance|p2a: Meganium\n|-boost|p2a: Meganium|atk|2\n|\n|upkeep\n|turn|3\n|\n|t:|1781452120\n|switch|p2a: Copperajah|Copperajah, L86, F|350/350\n|-damage|p2a: Copperajah|329/350|[from] Stealth Rock\n|move|p1a: Scream Tail|Thunder Wave|p2a: Copperajah|[miss]\n|-miss|p1a: Scream Tail|p2a: Copperajah\n|\n|upkeep\n|turn|4\n|\n|t:|1781452124\n|-end|p1a: Scream Tail|Protosynthesis|[silent]\n|switch|p1a: Iron Thorns|Iron Thorns, L83|140/302\n|move|p2a: Copperajah|Heavy Slam|p1a: Iron Thorns\n|-damage|p1a: Iron Thorns|0 fnt\n|faint|p1a: Iron Thorns\n|-end|p1a: Iron Thorns|Quark Drive|[silent]\n|\n|upkeep\n|\n|t:|1781452128\n|switch|p1a: Gumshoos|Gumshoos, L95, M|321/321\n|turn|5\n|\n|t:|1781452133\n|switch|p2a: Bombirdier|Bombirdier, L85, F|258/258\n|move|p1a: Gumshoos|Earthquake|p2a: Bombirdier\n|-immune|p2a: Bombirdier\n|\n|upkeep\n|turn|6\n|\n|t:|1781452139\n|switch|p1a: Scream Tail|Scream Tail, L84|330/330\n|move|p2a: Bombirdier|U-turn|p1a: Scream Tail\n|-damage|p1a: Scream Tail|278/330\n|\n|t:|1781452140\n|switch|p2a: Copperajah|Copperajah, L86, F|329/350|[from] U-turn\n|-damage|p2a: Copperajah|308/350|[from] Stealth Rock\n|\n|-heal|p1a: Scream Tail|298/330|[from] item: Leftovers\n|upkeep\n|turn|7\n|\n|t:|1781452143\n|move|p1a: Scream Tail|Protect|p1a: Scream Tail\n|-singleturn|p1a: Scream Tail|Protect\n|move|p2a: Copperajah|Heavy Slam|p1a: Scream Tail\n|-activate|p1a: Scream Tail|move: Protect\n|\n|-heal|p1a: Scream Tail|318/330|[from] item: Leftovers\n|upkeep\n|turn|8\n|\n|t:|1781452146\n|-end|p1a: Scream Tail|Protosynthesis|[silent]\n|switch|p1a: Gumshoos|Gumshoos, L95, M|321/321\n|move|p2a: Copperajah|Heavy Slam|p1a: Gumshoos\n|-damage|p1a: Gumshoos|39/321\n|\n|upkeep\n|turn|9\n|\n|t:|1781452149\n|move|p1a: Gumshoos|Knock Off|p2a: Copperajah\n|-damage|p2a: Copperajah|146/350\n|-enditem|p2a: Copperajah|Choice Band|[from] move: Knock Off|[of] p1a: Gumshoos\n|move|p2a: Copperajah|Heavy Slam|p1a: Gumshoos\n|-damage|p1a: Gumshoos|0 fnt\n|faint|p1a: Gumshoos\n|\n|upkeep\n|\n|t:|1781452155\n|switch|p1a: Dudunsparce|Dudunsparce, L83, F|343/343\n|turn|10\n|\n|t:|1781452158\n|move|p1a: Dudunsparce|Glare|p2a: Copperajah\n|-status|p2a: Copperajah|par\n|move|p2a: Copperajah|Knock Off|p1a: Dudunsparce\n|-damage|p1a: Dudunsparce|241/343\n|-enditem|p1a: Dudunsparce|Leftovers|[from] move: Knock Off|[of] p2a: Copperajah\n|\n|upkeep\n|turn|11\n|\n|t:|1781452162\n|move|p1a: Dudunsparce|Earthquake|p2a: Copperajah\n|-supereffective|p2a: Copperajah\n|-damage|p2a: Copperajah|0 fnt\n|faint|p2a: Copperajah\n|\n|upkeep\n|\n|t:|1781452173\n|switch|p2a: Falinks|Falinks, L84|246/246\n|-damage|p2a: Falinks|231/246|[from] Stealth Rock\n|turn|12\n|\n|t:|1781452177\n|move|p2a: Falinks|Close Combat|p1a: Dudunsparce\n|-supereffective|p1a: Dudunsparce\n|-damage|p1a: Dudunsparce|0 fnt\n|-unboost|p2a: Falinks|def|1\n|-unboost|p2a: Falinks|spd|1\n|faint|p1a: Dudunsparce\n|-damage|p2a: Falinks|207/246|[from] item: Life Orb\n|\n|upkeep\n|\n|t:|1781452178\n|switch|p1a: Whimsicott|Whimsicott, L84, F|238/238\n|turn|13\n|\n|t:|1781452185\n|switch|p2a: Meganium|Meganium, L90, F|290/290\n|-damage|p2a: Meganium|254/290|[from] Stealth Rock\n|move|p1a: Whimsicott|Moonblast|p2a: Meganium\n|-damage|p2a: Meganium|178/290\n|\n|-heal|p2a: Meganium|196/290|[from] item: Leftovers\n|upkeep\n|turn|14\n|\n|t:|1781452190\n|move|p1a: Whimsicott|Substitute|p1a: Whimsicott\n|-start|p1a: Whimsicott|Substitute\n|-damage|p1a: Whimsicott|179/238\n|move|p2a: Meganium|Knock Off|p1a: Whimsicott\n|-resisted|p1a: Whimsicott\n|-activate|p1a: Whimsicott|move: Substitute|[damage]\n|\n|-heal|p1a: Whimsicott|193/238|[from] item: Leftovers\n|-heal|p2a: Meganium|214/290|[from] item: Leftovers\n|upkeep\n|turn|15\n|\n|t:|1781452195\n|move|p1a: Whimsicott|Moonblast|p2a: Meganium\n|-damage|p2a: Meganium|141/290\n|move|p2a: Meganium|Petal Blizzard|p1a: Whimsicott\n|-resisted|p1a: Whimsicott\n|-end|p1a: Whimsicott|Substitute\n|\n|-heal|p1a: Whimsicott|207/238|[from] item: Leftovers\n|-heal|p2a: Meganium|159/290|[from] item: Leftovers\n|upkeep\n|turn|16\n|\n|t:|1781452200\n|move|p1a: Whimsicott|Substitute|p1a: Whimsicott\n|-start|p1a: Whimsicott|Substitute\n|-damage|p1a: Whimsicott|148/238\n|move|p2a: Meganium|Petal Blizzard|p1a: Whimsicott\n|-resisted|p1a: Whimsicott\n|-activate|p1a: Whimsicott|move: Substitute|[damage]\n|\n|-heal|p1a: Whimsicott|162/238|[from] item: Leftovers\n|-heal|p2a: Meganium|177/290|[from] item: Leftovers\n|upkeep\n|turn|17\n|\n|t:|1781452206\n|move|p1a: Whimsicott|Moonblast|p2a: Meganium\n|-damage|p2a: Meganium|98/290\n|move|p2a: Meganium|Petal Blizzard|p1a: Whimsicott\n|-resisted|p1a: Whimsicott\n|-end|p1a: Whimsicott|Substitute\n|\n|-heal|p1a: Whimsicott|176/238|[from] item: Leftovers\n|-heal|p2a: Meganium|116/290|[from] item: Leftovers\n|upkeep\n|turn|18\n|\n|t:|1781452211\n|switch|p2a: Espeon|Espeon, L84, M|246/246\n|-damage|p2a: Espeon|216/246|[from] Stealth Rock\n|move|p1a: Whimsicott|Substitute|p1a: Whimsicott\n|-start|p1a: Whimsicott|Substitute\n|-damage|p1a: Whimsicott|117/238\n|\n|-heal|p1a: Whimsicott|131/238|[from] item: Leftovers\n|upkeep\n|turn|19\n|\n|t:|1781452214\n|move|p1a: Whimsicott|Moonblast|p2a: Espeon\n|-damage|p2a: Espeon|131/246\n|-unboost|p2a: Espeon|spa|1\n|move|p2a: Espeon|Alluring Voice|p1a: Whimsicott\n|-damage|p1a: Whimsicott|60/238\n|-damage|p2a: Espeon|107/246|[from] item: Life Orb\n|\n|-heal|p1a: Whimsicott|74/238|[from] item: Leftovers\n|upkeep\n|turn|20\n|\n|t:|1781452220\n|move|p1a: Whimsicott|Moonblast|p2a: Espeon\n|-damage|p2a: Espeon|29/246\n|move|p2a: Espeon|Morning Sun|p2a: Espeon\n|-heal|p2a: Espeon|152/246\n|\n|-heal|p1a: Whimsicott|88/238|[from] item: Leftovers\n|upkeep\n|turn|21\n|\n|t:|1781452223\n|move|p1a: Whimsicott|Moonblast|p2a: Espeon\n|-damage|p2a: Espeon|68/246\n|move|p2a: Espeon|Alluring Voice|p1a: Whimsicott\n|-damage|p1a: Whimsicott|23/238\n|-damage|p2a: Espeon|44/246|[from] item: Life Orb\n|\n|-heal|p1a: Whimsicott|37/238|[from] item: Leftovers\n|upkeep\n|turn|22\n|\n|t:|1781452226\n|move|p1a: Whimsicott|Moonblast|p2a: Espeon\n|-damage|p2a: Espeon|0 fnt\n|faint|p2a: Espeon\n|\n|-heal|p1a: Whimsicott|51/238|[from] item: Leftovers\n|upkeep\n|\n|t:|1781452237\n|switch|p2a: Pikachu|Pikachu-Alola, L93, M|216/216\n|-damage|p2a: Pikachu|189/216|[from] Stealth Rock\n|turn|23\n|\n|t:|1781452241\n|move|p1a: Whimsicott|Moonblast|p2a: Pikachu\n|-damage|p2a: Pikachu|68/216\n|move|p2a: Pikachu|Play Rough|p1a: Whimsicott\n|-end|p1a: Whimsicott|Substitute\n|\n|-heal|p1a: Whimsicott|65/238|[from] item: Leftovers\n|upkeep\n|turn|24\n|\n|t:|1781452247\n|move|p1a: Whimsicott|Moonblast|p2a: Pikachu\n|-crit|p2a: Pikachu\n|-damage|p2a: Pikachu|0 fnt\n|faint|p2a: Pikachu\n|\n|-heal|p1a: Whimsicott|79/238|[from] item: Leftovers\n|upkeep\n|\n|t:|1781452249\n|switch|p2a: Falinks|Falinks, L84|207/246\n|-damage|p2a: Falinks|192/246|[from] Stealth Rock\n|turn|25\n|\n|t:|1781452251\n|-terastallize|p2a: Falinks|Steel\n|move|p1a: Whimsicott|Substitute|p1a: Whimsicott\n|-start|p1a: Whimsicott|Substitute\n|-damage|p1a: Whimsicott|20/238\n|move|p2a: Falinks|Iron Head|p1a: Whimsicott\n|-supereffective|p1a: Whimsicott\n|-end|p1a: Whimsicott|Substitute\n|-damage|p2a: Falinks|168/246|[from] item: Life Orb\n|\n|-heal|p1a: Whimsicott|34/238|[from] item: Leftovers\n|upkeep\n|turn|26\n|\n|t:|1781452257\n|move|p1a: Whimsicott|Leech Seed|p2a: Falinks\n|-start|p2a: Falinks|move: Leech Seed\n|move|p2a: Falinks|Iron Head|p1a: Whimsicott\n|-supereffective|p1a: Whimsicott\n|-damage|p1a: Whimsicott|0 fnt\n|faint|p1a: Whimsicott\n|-damage|p2a: Falinks|144/246|[from] item: Life Orb\n|\n|upkeep\n|\n|t:|1781452261\n|switch|p1a: Kingdra|Kingdra, L84, F|263/263\n|turn|27\n|\n|t:|1781452268\n|move|p1a: Kingdra|Rain Dance|p1a: Kingdra\n|-weather|RainDance\n|move|p2a: Falinks|Close Combat|p1a: Kingdra\n|-damage|p1a: Kingdra|90/263\n|-unboost|p2a: Falinks|def|1\n|-unboost|p2a: Falinks|spd|1\n|-damage|p2a: Falinks|120/246|[from] item: Life Orb\n|\n|-weather|RainDance|[upkeep]\n|-damage|p2a: Falinks|90/246|[from] Leech Seed|[of] p1a: Kingdra\n|-heal|p1a: Kingdra|120/263|[silent]\n|upkeep\n|turn|28\n|\n|t:|1781452273\n|switch|p2a: Meganium|Meganium, L90, F|116/290\n|-damage|p2a: Meganium|80/290|[from] Stealth Rock\n|move|p1a: Kingdra|Wave Crash|p2a: Meganium\n|-resisted|p2a: Meganium\n|-damage|p2a: Meganium|0 fnt\n|faint|p2a: Meganium\n|-damage|p1a: Kingdra|94/263|[from] Recoil\n|-damage|p1a: Kingdra|68/263|[from] item: Life Orb\n|\n|-weather|RainDance|[upkeep]\n|upkeep\n|\n|t:|1781452275\n|switch|p2a: Bombirdier|Bombirdier, L85, F|258/258\n|turn|29\n|\n|t:|1781452283\n|switch|p1a: Scream Tail|Scream Tail, L84|318/330\n|move|p2a: Bombirdier|Knock Off|p1a: Scream Tail\n|-damage|p1a: Scream Tail|210/330\n|-enditem|p1a: Scream Tail|Leftovers|[from] move: Knock Off|[of] p2a: Bombirdier\n|\n|-weather|RainDance|[upkeep]\n|upkeep\n|turn|30\n|\n|t:|1781452292\n|move|p1a: Scream Tail|Dazzling Gleam|p2a: Bombirdier\n|-supereffective|p2a: Bombirdier\n|-damage|p2a: Bombirdier|120/258\n|move|p2a: Bombirdier|Brave Bird|p1a: Scream Tail\n|-damage|p1a: Scream Tail|84/330\n|-damage|p2a: Bombirdier|78/258|[from] Recoil\n|\n|-weather|RainDance|[upkeep]\n|upkeep\n|turn|31\n|\n|t:|1781452297\n|move|p1a: Scream Tail|Dazzling Gleam|p2a: Bombirdier\n|-supereffective|p2a: Bombirdier\n|-damage|p2a: Bombirdier|0 fnt\n|faint|p2a: Bombirdier\n|\n|-weather|none\n|upkeep\n|\n|t:|1781452298\n|switch|p2a: Falinks|Falinks, L84, tera:Steel|90/246\n|-damage|p2a: Falinks|75/246|[from] Stealth Rock\n|turn|32\n|\n|t:|1781452301\n|move|p1a: Scream Tail|Thunder Wave|p2a: Falinks|[miss]\n|-miss|p1a: Scream Tail|p2a: Falinks\n|move|p2a: Falinks|Iron Head|p1a: Scream Tail\n|-supereffective|p1a: Scream Tail\n|-damage|p1a: Scream Tail|0 fnt\n|faint|p1a: Scream Tail\n|-end|p1a: Scream Tail|Protosynthesis|[silent]\n|-damage|p2a: Falinks|51/246|[from] item: Life Orb\n|\n|upkeep\n|\n|t:|1781452304\n|switch|p1a: Kingdra|Kingdra, L84, F|68/263\n|turn|33\n|\n|t:|1781452306\n|-terastallize|p1a: Kingdra|Water\n|move|p1a: Kingdra|Wave Crash|p2a: Falinks\n|-damage|p2a: Falinks|0 fnt\n|faint|p2a: Falinks\n|-damage|p1a: Kingdra|51/263|[from] Recoil\n|-damage|p1a: Kingdra|25/263|[from] item: Life Orb\n|\n|win|imuseless123\n", "inputlog": ">version a8376a258c1d4662feba110a92103f3664a72141\n>start {\"formatid\":\"gen9randombattle\",\"seed\":\"sodium,dd3a1f398c3c623ad55f0aed369290b1\",\"rated\":\"Rated battle\"}\n>player p1 {\"name\":\"imuseless123\",\"avatar\":\"flannery\",\"rating\":2061,\"seed\":\"sodium,3f9b9c7afa26b52fd652e928936afb06\"}\n>player p2 {\"name\":\"kormorano\",\"avatar\":\"102\",\"rating\":2017,\"seed\":\"sodium,d8fc63f314c92d50c179ec17e12cf457\"}\n>p1 move stealthrock\n>p2 move petalblizzard\n>p1 switch 2\n>p2 move swordsdance\n>p1 move thunderwave\n>p2 switch 4\n>p1 switch 2\n>p2 move heavyslam\n>p1 switch 3\n>p1 move earthquake\n>p2 switch 3\n>p1 switch 2\n>p2 move uturn\n>p2 switch 3\n>p1 move protect\n>p2 move heavyslam\n>p1 switch 2\n>p2 move heavyslam\n>p1 move knockoff\n>p2 move heavyslam\n>p1 switch 4\n>p1 move glare\n>p2 move knockoff\n>p1 move earthquake\n>p2 move superpower\n>p2 switch 2\n>p1 move glare\n>p2 move closecombat\n>p1 switch 6\n>p1 move moonblast\n>p2 switch 4\n>p1 move substitute\n>p2 move knockoff\n>p1 move moonblast\n>p2 move petalblizzard\n>p1 move substitute\n>p2 move petalblizzard\n>p1 move moonblast\n>p2 move petalblizzard\n>p1 move substitute\n>p2 switch 5\n>p1 move moonblast\n>p2 move alluringvoice\n>p1 move moonblast\n>p2 move morningsun\n>p1 move moonblast\n>p2 move alluringvoice\n>p1 move moonblast\n>p2 move alluringvoice\n>p2 switch 6\n>p1 move moonblast\n>p2 move playrough\n>p1 move moonblast\n>p2 move volttackle\n>p2 switch 4\n>p1 move substitute\n>p2 move ironhead terastallize\n>p1 move leechseed\n>p2 move ironhead\n>p1 switch 5\n>p1 move raindance\n>p2 move closecombat\n>p1 move wavecrash\n>p2 switch 5\n>p2 switch 3\n>p1 switch 2\n>p2 move knockoff\n>p1 move dazzlinggleam\n>p2 move bravebird\n>p1 move dazzlinggleam\n>p2 move bravebird\n>p2 switch 5\n>p1 move thunderwave\n>p2 move ironhead\n>p1 switch 2\n>p1 move wavecrash terastallize\n>p2 move closecombat", "uploadtime": 1781452098, "views": 6, "formatid": "gen9randombattle", "rating": null, "private": 0, "password": null, "player_dets": [{"name": "imuseless123", "avatar": "flannery", "rating": 2061, "seed": "sodium,3f9b9c7afa26b52fd652e928936afb06"}, {"name": "kormorano", "avatar": "102", "rating": 2017, "seed": "sodium,d8fc63f314c92d50c179ec17e12cf457"}], "teams_full": [{"Iron Thorns": {"name": "Iron Thorns", "species": "Iron Thorns", "speciesId": "ironthorns", "gender": "N", "shiny": false, "level": 83, "moves": ["stealthrock", "wildcharge", "stoneedge", "earthquake"], "ability": "Quark Drive", "evs": {"hp": 85, "atk": 85, "def": 85, "spa": 85, "spd": 85, "spe": 85}, "ivs": {"hp": 31, "atk": 31, "def": 31, "spa": 31, "spd": 31, "spe": 31}, "item": "Air Balloon", "teraType": "Water", "role": "Fast Support", "bvs": {"hp": 100, "atk": 134, "def": 110, "spa": 70, "spd": 84, "spe": 72}, "stats": {"hp": 302, "atk": 270, "def": 230, "spa": 164, "spd": 187, "spe": 167}, "types": ["Rock", "Electric"]}, "Scream Tail": {"name": "Scream Tail", "species": "Scream Tail", "speciesId": "screamtail", "gender": "N", "shiny": false, "level": 84, "moves": ["protect", "wish", "dazzlinggleam", "thunderwave"], "ability": "Protosynthesis", "evs": {"hp": 85, "atk": 0, "def": 85, "spa": 85, "spd": 85, "spe": 85}, "ivs": {"hp": 31, "atk": 0, "def": 31, "spa": 31, "spd": 31, "spe": 31}, "item": "Leftovers", "teraType": "Poison", "role": "Bulky Attacker", "bvs": {"hp": 115, "atk": 65, "def": 99, "spa": 65, "spd": 115, "spe": 111}, "stats": {"hp": 330, "atk": 114, "def": 215, "spa": 157, "spd": 241, "spe": 235}, "types": ["Fairy", "Psychic"]}, "Gumshoos": {"name": "Gumshoos", "species": "Gumshoos", "speciesId": "gumshoos", "gender": "M", "shiny": false, "level": 95, "moves": ["earthquake", "doubleedge", "uturn", "knockoff"], "ability": "Stakeout", "evs": {"hp": 85, "atk": 85, "def": 85, "spa": 85, "spd": 85, "spe": 85}, "ivs": {"hp": 31, "atk": 31, "def": 31, "spa": 31, "spd": 31, "spe": 31}, "item": "Choice Band", "teraType": "Normal", "role": "Wallbreaker", "bvs": {"hp": 88, "atk": 110, "def": 60, "spa": 55, "spd": 60, "spe": 45}, "stats": {"hp": 321, "atk": 263, "def": 168, "spa": 158, "spd": 168, "spe": 139}, "types": ["Normal"]}, "Dudunsparce": {"name": "Dudunsparce", "species": "Dudunsparce", "speciesId": "dudunsparce", "gender": "F", "shiny": false, "level": 83, "moves": ["headbutt", "glare", "earthquake", "roost"], "ability": "Serene Grace", "evs": {"hp": 85, "atk": 85, "def": 85, "spa": 85, "spd": 85, "spe": 85}, "ivs": {"hp": 31, "atk": 31, "def": 31, "spa": 31, "spd": 31, "spe": 31}, "item": "Leftovers", "teraType": "Ghost", "role": "Bulky Support", "bvs": {"hp": 125, "atk": 100, "def": 80, "spa": 85, "spd": 75, "spe": 55}, "stats": {"hp": 343, "atk": 214, "def": 180, "spa": 189, "spd": 172, "spe": 139}, "types": ["Normal"]}, "Kingdra": {"name": "Kingdra", "species": "Kingdra", "speciesId": "kingdra", "gender": "F", "shiny": false, "level": 84, "moves": ["dracometeor", "wavecrash", "raindance", "hurricane"], "ability": "Swift Swim", "evs": {"hp": 85, "atk": 85, "def": 85, "spa": 85, "spd": 85, "spe": 85}, "ivs": {"hp": 31, "atk": 31, "def": 31, "spa": 31, "spd": 31, "spe": 31}, "item": "Life Orb", "teraType": "Water", "role": "Fast Attacker", "bvs": {"hp": 75, "atk": 95, "def": 95, "spa": 95, "spd": 95, "spe": 85}, "stats": {"hp": 263, "atk": 208, "def": 208, "spa": 208, "spd": 208, "spe": 191}, "types": ["Water", "Dragon"]}, "Whimsicott": {"name": "Whimsicott", "species": "Whimsicott", "speciesId": "whimsicott", "gender": "F", "shiny": false, "level": 84, "moves": ["encore", "leechseed", "substitute", "moonblast"], "ability": "Prankster", "evs": {"hp": 85, "atk": 0, "def": 85, "spa": 85, "spd": 85, "spe": 85}, "ivs": {"hp": 31, "atk": 0, "def": 31, "spa": 31, "spd": 31, "spe": 31}, "item": "Leftovers", "teraType": "Steel", "role": "Bulky Support", "bvs": {"hp": 60, "atk": 67, "def": 85, "spa": 77, "spd": 75, "spe": 116}, "stats": {"hp": 238, "atk": 117, "def": 191, "spa": 178, "spd": 174, "spe": 243}, "types": ["Grass", "Fairy"]}}, {"Meganium": {"name": "Meganium", "species": "Meganium", "speciesId": "meganium", "gender": "F", "shiny": false, "level": 90, "moves": ["earthquake", "knockoff", "petalblizzard", "swordsdance"], "ability": "Overgrow", "evs": {"hp": 85, "atk": 85, "def": 85, "spa": 85, "spd": 85, "spe": 85}, "ivs": {"hp": 31, "atk": 31, "def": 31, "spa": 31, "spd": 31, "spe": 31}, "item": "Leftovers", "teraType": "Water", "role": "Bulky Setup", "bvs": {"hp": 80, "atk": 82, "def": 100, "spa": 83, "spd": 100, "spe": 80}, "stats": {"hp": 290, "atk": 199, "def": 231, "spa": 201, "spd": 231, "spe": 195}, "types": ["Grass"]}, "Falinks": {"name": "Falinks", "species": "Falinks", "speciesId": "falinks", "gender": "N", "shiny": false, "level": 84, "moves": ["closecombat", "noretreat", "ironhead", "knockoff"], "ability": "Defiant", "evs": {"hp": 85, "atk": 85, "def": 85, "spa": 85, "spd": 85, "spe": 85}, "ivs": {"hp": 31, "atk": 31, "def": 31, "spa": 31, "spd": 31, "spe": 31}, "item": "Life Orb", "teraType": "Steel", "role": "Setup Sweeper", "bvs": {"hp": 65, "atk": 100, "def": 100, "spa": 70, "spd": 60, "spe": 75}, "stats": {"hp": 246, "atk": 216, "def": 216, "spa": 166, "spd": 149, "spe": 174}, "types": ["Fighting"]}, "Bombirdier": {"name": "Bombirdier", "species": "Bombirdier", "speciesId": "bombirdier", "gender": "F", "shiny": false, "level": 85, "moves": ["bravebird", "roost", "uturn", "knockoff"], "ability": "Big Pecks", "evs": {"hp": 85, "atk": 85, "def": 85, "spa": 85, "spd": 85, "spe": 85}, "ivs": {"hp": 31, "atk": 31, "def": 31, "spa": 31, "spd": 31, "spe": 31}, "item": "Heavy-Duty Boots", "teraType": "Dark", "role": "Bulky Support", "bvs": {"hp": 70, "atk": 103, "def": 85, "spa": 60, "spd": 85, "spe": 82}, "stats": {"hp": 258, "atk": 224, "def": 193, "spa": 151, "spd": 193, "spe": 188}, "types": ["Flying", "Dark"]}, "Copperajah": {"name": "Copperajah", "species": "Copperajah", "speciesId": "copperajah", "gender": "F", "shiny": false, "level": 86, "moves": ["stoneedge", "superpower", "heavyslam", "knockoff"], "ability": "Heavy Metal", "evs": {"hp": 85, "atk": 85, "def": 85, "spa": 85, "spd": 85, "spe": 85}, "ivs": {"hp": 31, "atk": 31, "def": 31, "spa": 31, "spd": 31, "spe": 31}, "item": "Choice Band", "teraType": "Flying", "role": "Bulky Attacker", "bvs": {"hp": 122, "atk": 130, "def": 69, "spa": 80, "spd": 69, "spe": 30}, "stats": {"hp": 350, "atk": 273, "def": 168, "spa": 187, "spd": 168, "spe": 101}, "types": ["Steel"]}, "Espeon": {"name": "Espeon", "species": "Espeon", "speciesId": "espeon", "gender": "M", "shiny": false, "level": 84, "moves": ["shadowball", "psychic", "morningsun", "alluringvoice"], "ability": "Magic Bounce", "evs": {"hp": 85, "atk": 0, "def": 85, "spa": 85, "spd": 85, "spe": 85}, "ivs": {"hp": 31, "atk": 0, "def": 31, "spa": 31, "spd": 31, "spe": 31}, "item": "Life Orb", "teraType": "Psychic", "role": "Fast Attacker", "bvs": {"hp": 65, "atk": 65, "def": 60, "spa": 130, "spd": 95, "spe": 110}, "stats": {"hp": 246, "atk": 114, "def": 149, "spa": 267, "spd": 208, "spe": 233}, "types": ["Psychic"]}, "Pikachu": {"name": "Pikachu", "species": "Pikachu-Alola", "speciesId": "pikachu", "gender": "M", "shiny": false, "level": 93, "moves": ["surf", "volttackle", "playrough", "voltswitch"], "ability": "Lightning Rod", "evs": {"hp": 85, "atk": 85, "def": 85, "spa": 85, "spd": 85, "spe": 85}, "ivs": {"hp": 31, "atk": 31, "def": 31, "spa": 31, "spd": 31, "spe": 31}, "item": "Light Ball", "teraType": "Water", "role": "Fast Attacker", "bvs": {"hp": 35, "atk": 55, "def": 40, "spa": 50, "spd": 50, "spe": 90}, "stats": {"hp": 216, "atk": 155, "def": 127, "spa": 146, "spd": 146, "spe": 220}, "types": ["Electric"]}}]}