{"id": "gen9randombattle-2631860142", "format": "[Gen 9] Random Battle", "players": ["bimiuchiratnhieu", "NewBabyBlue"], "log": "|j|\u2606bimiuchiratnhieu\n|j|\u2606NewBabyBlue\n|t:|1781449146\n|gametype|singles\n|player|p1|bimiuchiratnhieu|hilda|2010\n|player|p2|NewBabyBlue|tuber|1984\n|gen|9\n|tier|[Gen 9] Random Battle\n|rated|\n|rule|Species Clause: Limit one of each Pok\u00e9mon\n|rule|HP Percentage Mod: HP is shown in percentages\n|rule|Sleep Clause Mod: Limit one foe put to sleep\n|rule|Illusion Level Mod: Illusion disguises the Pok\u00e9mon's true level\n|\n|t:|1781449146\n|teamsize|p1|6\n|teamsize|p2|6\n|start\n|switch|p1a: Cyclizar|Cyclizar, L83, F|252/252\n|switch|p2a: Wugtrio|Wugtrio, L91, M|212/212\n|turn|1\n|inactive|Battle timer is ON: inactive players will automatically lose when time's up. (requested by bimiuchiratnhieu)\n|\n|t:|1781449160\n|move|p2a: Wugtrio|Throat Chop|p1a: Cyclizar\n|-damage|p1a: Cyclizar|124/252\n|-start|p1a: Cyclizar|Throat Chop|[silent]\n|move|p1a: Cyclizar|Knock Off|p2a: Wugtrio\n|-damage|p2a: Wugtrio|128/212\n|-ability|p2a: Wugtrio|Gooey\n|-unboost|p1a: Cyclizar|spe|1\n|-enditem|p2a: Wugtrio|Choice Band|[from] move: Knock Off|[of] p1a: Cyclizar\n|\n|upkeep\n|turn|2\n|\n|t:|1781449186\n|switch|p1a: Perrserker|Perrserker, L89, M|269/269\n|move|p2a: Wugtrio|Throat Chop|p1a: Perrserker\n|-damage|p1a: Perrserker|207/269\n|-start|p1a: Perrserker|Throat Chop|[silent]\n|\n|upkeep\n|turn|3\n|\n|t:|1781449200\n|move|p2a: Wugtrio|Stomping Tantrum|p1a: Perrserker\n|-supereffective|p1a: Perrserker\n|-damage|p1a: Perrserker|105/269\n|move|p1a: Perrserker|Iron Head|p2a: Wugtrio\n|-resisted|p2a: Wugtrio\n|-damage|p2a: Wugtrio|0 fnt\n|-ability|p2a: Wugtrio|Gooey\n|-unboost|p1a: Perrserker|spe|1\n|faint|p2a: Wugtrio\n|-damage|p1a: Perrserker|79/269|[from] item: Life Orb\n|\n|-end|p1a: Perrserker|Throat Chop|[silent]\n|upkeep\n|\n|t:|1781449213\n|switch|p2a: Hitmontop|Hitmontop, L88, M|231/231\n|-ability|p2a: Hitmontop|Intimidate|boost\n|-unboost|p1a: Perrserker|atk|1\n|turn|4\n|inactive|bimiuchiratnhieu has 120 seconds left.\n|\n|t:|1781449241\n|move|p2a: Hitmontop|Earthquake|p1a: Perrserker\n|-supereffective|p1a: Perrserker\n|-damage|p1a: Perrserker|0 fnt\n|faint|p1a: Perrserker\n|\n|upkeep\n|inactive|bimiuchiratnhieu has 120 seconds left.\n|\n|t:|1781449248\n|switch|p1a: Palossand|Palossand, L89, M|296/296\n|turn|5\n|\n|t:|1781449256\n|switch|p2a: Darkrai|Darkrai, L77|234/234\n|move|p1a: Palossand|Earth Power|p2a: Darkrai\n|-damage|p2a: Darkrai|125/234\n|-unboost|p2a: Darkrai|spd|1\n|\n|upkeep\n|turn|6\n|inactive|bimiuchiratnhieu has 120 seconds left.\n|\n|t:|1781449293\n|switch|p1a: Frosmoth|Frosmoth, L82, M|249/249\n|move|p2a: Darkrai|Dark Pulse|p1a: Frosmoth\n|-damage|p1a: Frosmoth|183/249\n|-damage|p2a: Darkrai|102/234|[from] item: Life Orb\n|\n|upkeep\n|turn|7\n|\n|t:|1781449299\n|move|p2a: Darkrai|Hypnosis|p1a: Frosmoth|[miss]\n|-miss|p2a: Darkrai|p1a: Frosmoth\n|move|p1a: Frosmoth|Ice Beam|p2a: Darkrai\n|-damage|p2a: Darkrai|0 fnt\n|faint|p2a: Darkrai\n|\n|upkeep\n|\n|t:|1781449308\n|switch|p2a: Hitmontop|Hitmontop, L88, M|231/231\n|-ability|p2a: Hitmontop|Intimidate|boost\n|-unboost|p1a: Frosmoth|atk|1\n|turn|8\n|inactive|bimiuchiratnhieu has 120 seconds left.\n|\n|t:|1781449317\n|switch|p1a: Palossand|Palossand, L89, M|296/296\n|move|p2a: Hitmontop|Close Combat|p1a: Palossand\n|-immune|p1a: Palossand\n|\n|upkeep\n|turn|9\n|\n|t:|1781449321\n|switch|p2a: Porygon-Z|Porygon-Z, L83|277/277\n|move|p1a: Palossand|Earth Power|p2a: Porygon-Z\n|-damage|p2a: Porygon-Z|148/277\n|\n|upkeep\n|turn|10\n|inactive|bimiuchiratnhieu has 120 seconds left.\n|\n|t:|1781449343\n|switch|p1a: Cyclizar|Cyclizar, L83, F|208/252\n|move|p2a: Porygon-Z|Shadow Ball|p1a: Cyclizar\n|-immune|p1a: Cyclizar\n|\n|upkeep\n|turn|11\n|\n|t:|1781449348\n|move|p1a: Cyclizar|Knock Off|p2a: Porygon-Z\n|-damage|p2a: Porygon-Z|70/277\n|-enditem|p2a: Porygon-Z|Life Orb|[from] move: Knock Off|[of] p1a: Cyclizar\n|move|p2a: Porygon-Z|Agility|p2a: Porygon-Z\n|-boost|p2a: Porygon-Z|spe|2\n|\n|upkeep\n|turn|12\n|\n|t:|1781449355\n|move|p2a: Porygon-Z|Tera Blast|p1a: Cyclizar\n|-damage|p1a: Cyclizar|38/252\n|move|p1a: Cyclizar|Draco Meteor|p2a: Porygon-Z\n|-damage|p2a: Porygon-Z|0 fnt\n|-unboost|p1a: Cyclizar|spa|2\n|faint|p2a: Porygon-Z\n|\n|upkeep\n|\n|t:|1781449359\n|switch|p2a: Deoxys|Deoxys-Defense, L84|221/221\n|-ability|p2a: Deoxys|Pressure\n|turn|13\n|\n|t:|1781449368\n|switch|p1a: Palossand|Palossand, L89, M|296/296\n|move|p2a: Deoxys|Cosmic Power|p2a: Deoxys\n|-boost|p2a: Deoxys|def|1\n|-boost|p2a: Deoxys|spd|1\n|\n|upkeep\n|turn|14\n|\n|t:|1781449375\n|move|p2a: Deoxys|Cosmic Power|p2a: Deoxys\n|-boost|p2a: Deoxys|def|1\n|-boost|p2a: Deoxys|spd|1\n|move|p1a: Palossand|Shadow Ball|p2a: Deoxys\n|-supereffective|p2a: Deoxys\n|-damage|p2a: Deoxys|161/221\n|\n|-heal|p2a: Deoxys|174/221|[from] item: Leftovers\n|upkeep\n|turn|15\n|\n|t:|1781449385\n|move|p2a: Deoxys|Cosmic Power|p2a: Deoxys\n|-boost|p2a: Deoxys|def|1\n|-boost|p2a: Deoxys|spd|1\n|move|p1a: Palossand|Shadow Ball|p2a: Deoxys\n|-supereffective|p2a: Deoxys\n|-damage|p2a: Deoxys|126/221\n|\n|-heal|p2a: Deoxys|139/221|[from] item: Leftovers\n|upkeep\n|turn|16\n|\n|t:|1781449388\n|switch|p1a: Dedenne|Dedenne, L88, M|261/261\n|move|p2a: Deoxys|Cosmic Power|p2a: Deoxys\n|-boost|p2a: Deoxys|def|1\n|-boost|p2a: Deoxys|spd|1\n|\n|-heal|p2a: Deoxys|152/221|[from] item: Leftovers\n|upkeep\n|turn|17\n|\n|t:|1781449391\n|move|p1a: Dedenne|Nuzzle|p2a: Deoxys\n|-damage|p2a: Deoxys|148/221\n|-status|p2a: Deoxys|par\n|move|p2a: Deoxys|Stored Power|p1a: Dedenne\n|-damage|p1a: Dedenne|75/261\n|-enditem|p1a: Dedenne|Sitrus Berry|[eat]\n|-heal|p1a: Dedenne|140/261|[from] item: Sitrus Berry\n|-heal|p1a: Dedenne|227/261|[from] ability: Cheek Pouch\n|\n|-heal|p2a: Deoxys|161/221 par|[from] item: Leftovers\n|upkeep\n|turn|18\n|\n|t:|1781449414\n|move|p1a: Dedenne|U-turn|p2a: Deoxys\n|-supereffective|p2a: Deoxys\n|-damage|p2a: Deoxys|145/221 par\n|\n|t:|1781449416\n|switch|p1a: Palossand|Palossand, L89, M|296/296|[from] U-turn\n|cant|p2a: Deoxys|par\n|\n|-heal|p2a: Deoxys|158/221 par|[from] item: Leftovers\n|upkeep\n|turn|19\n|\n|t:|1781449421\n|move|p1a: Palossand|Shadow Ball|p2a: Deoxys\n|-supereffective|p2a: Deoxys\n|-damage|p2a: Deoxys|116/221 par\n|move|p2a: Deoxys|Recover|p2a: Deoxys\n|-heal|p2a: Deoxys|221/221 par\n|\n|upkeep\n|turn|20\n|\n|t:|1781449442\n|switch|p1a: Cyclizar|Cyclizar, L83, F|122/252\n|move|p2a: Deoxys|Stored Power|p1a: Cyclizar\n|-damage|p1a: Cyclizar|0 fnt\n|faint|p1a: Cyclizar\n|\n|upkeep\n|\n|t:|1781449449\n|switch|p1a: Roaring Moon|Roaring Moon, L72|270/270\n|turn|21\n|\n|t:|1781449456\n|-terastallize|p2a: Deoxys|Steel\n|move|p1a: Roaring Moon|Knock Off|p2a: Deoxys\n|-damage|p2a: Deoxys|190/221 par\n|-enditem|p2a: Deoxys|Leftovers|[from] move: Knock Off|[of] p1a: Roaring Moon\n|cant|p2a: Deoxys|par\n|\n|upkeep\n|turn|22\n|\n|t:|1781449479\n|-end|p1a: Roaring Moon|Protosynthesis|[silent]\n|switch|p1a: Palossand|Palossand, L89, M|296/296\n|move|p2a: Deoxys|Night Shade|p1a: Palossand\n|-damage|p1a: Palossand|212/296\n|\n|-heal|p1a: Palossand|230/296|[from] item: Leftovers\n|upkeep\n|turn|23\n|\n|t:|1781449484\n|move|p1a: Palossand|Earth Power|p2a: Deoxys\n|-supereffective|p2a: Deoxys\n|-damage|p2a: Deoxys|140/221 par\n|move|p2a: Deoxys|Stored Power|p1a: Palossand\n|-damage|p1a: Palossand|67/296\n|\n|-heal|p1a: Palossand|85/296|[from] item: Leftovers\n|upkeep\n|turn|24\n|\n|t:|1781449496\n|move|p1a: Palossand|Earth Power|p2a: Deoxys\n|-supereffective|p2a: Deoxys\n|-damage|p2a: Deoxys|92/221 par\n|move|p2a: Deoxys|Stored Power|p1a: Palossand\n|-damage|p1a: Palossand|0 fnt\n|faint|p1a: Palossand\n|\n|upkeep\n|-message|bimiuchiratnhieu forfeited.\n|\n|win|NewBabyBlue\n", "inputlog": ">version a8376a258c1d4662feba110a92103f3664a72141\n>start {\"formatid\":\"gen9randombattle\",\"seed\":\"sodium,ddf0230099c2fc05d7c5280a44d37484\",\"rated\":\"Rated battle\"}\n>player p1 {\"name\":\"bimiuchiratnhieu\",\"avatar\":\"hilda\",\"rating\":2010,\"seed\":\"sodium,70dec74a1d057f4d49882c02363f7a85\"}\n>player p2 {\"name\":\"NewBabyBlue\",\"avatar\":\"tuber\",\"rating\":1984,\"seed\":\"sodium,1f758b4fd138bca4618107c809ab36b6\"}\n>p1 move knockoff\n>p2 move throatchop\n>p1 switch 2\n>p2 move throatchop\n>p1 move ironhead\n>p2 move stompingtantrum\n>p2 switch 6\n>p1 move ironhead\n>p2 move earthquake\n>p1 switch 4\n>p1 move earthpower\n>p2 switch 2\n>p1 switch 5\n>p2 move darkpulse\n>p1 move icebeam\n>p2 move hypnosis\n>p2 switch 2\n>p1 switch 5\n>p2 move closecombat\n>p1 move earthpower\n>p2 switch 3\n>p1 switch 2\n>p2 move shadowball\n>p1 move knockoff\n>p2 move agility\n>p1 move dracometeor\n>p2 move terablast\n>p2 switch 4\n>p1 switch 2\n>p2 move cosmicpower\n>p1 move shadowball\n>p2 move cosmicpower\n>p1 move shadowball\n>p2 move cosmicpower\n>p1 switch 6\n>p2 move cosmicpower\n>p1 move nuzzle\n>p2 move storedpower\n>p1 move uturn\n>p2 move storedpower\n>p1 switch 6\n>p1 move shadowball\n>p2 move recover\n>p1 switch 2\n>p2 move storedpower\n>p1 switch 3\n>p1 move knockoff\n>p2 move nightshade terastallize\n>p1 switch 2\n>p2 move nightshade\n>p1 move earthpower\n>p2 move storedpower\n>p1 move earthpower\n>p2 move storedpower\n>forcelose p1", "uploadtime": 1781449148, "views": 8, "formatid": "gen9randombattle", "rating": null, "private": 0, "password": null, "player_dets": [{"name": "bimiuchiratnhieu", "avatar": "hilda", "rating": 2010, "seed": "sodium,70dec74a1d057f4d49882c02363f7a85"}, {"name": "NewBabyBlue", "avatar": "tuber", "rating": 1984, "seed": "sodium,1f758b4fd138bca4618107c809ab36b6"}], "teams_full": [{"Cyclizar": {"name": "Cyclizar", "species": "Cyclizar", "speciesId": "cyclizar", "gender": "F", "shiny": false, "level": 83, "moves": ["shedtail", "rapidspin", "dracometeor", "knockoff"], "ability": "Regenerator", "evs": {"hp": 85, "atk": 85, "def": 85, "spa": 85, "spd": 85, "spe": 85}, "ivs": {"hp": 31, "atk": 31, "def": 31, "spa": 31, "spd": 31, "spe": 31}, "item": "Heavy-Duty Boots", "teraType": "Ghost", "role": "Fast Support", "bvs": {"hp": 70, "atk": 95, "def": 65, "spa": 85, "spd": 65, "spe": 121}, "stats": {"hp": 252, "atk": 205, "def": 156, "spa": 189, "spd": 156, "spe": 249}, "types": ["Dragon", "Normal"]}, "Perrserker": {"name": "Perrserker", "species": "Perrserker", "speciesId": "perrserker", "gender": "M", "shiny": false, "level": 89, "moves": ["knockoff", "stealthrock", "ironhead", "closecombat"], "ability": "Tough Claws", "evs": {"hp": 85, "atk": 85, "def": 85, "spa": 85, "spd": 85, "spe": 85}, "ivs": {"hp": 31, "atk": 31, "def": 31, "spa": 31, "spd": 31, "spe": 31}, "item": "Life Orb", "teraType": "Fighting", "role": "Fast Attacker", "bvs": {"hp": 70, "atk": 110, "def": 100, "spa": 50, "spd": 60, "spe": 50}, "stats": {"hp": 269, "atk": 247, "def": 229, "spa": 140, "spd": 158, "spe": 140}, "types": ["Steel"]}, "Roaring Moon": {"name": "Roaring Moon", "species": "Roaring Moon", "speciesId": "roaringmoon", "gender": "N", "shiny": false, "level": 72, "moves": ["outrage", "knockoff", "uturn", "ironhead"], "ability": "Protosynthesis", "evs": {"hp": 85, "atk": 85, "def": 85, "spa": 85, "spd": 85, "spe": 85}, "ivs": {"hp": 31, "atk": 31, "def": 31, "spa": 31, "spd": 31, "spe": 31}, "item": "Choice Band", "teraType": "Dragon", "role": "Bulky Attacker", "bvs": {"hp": 105, "atk": 139, "def": 71, "spa": 55, "spd": 101, "spe": 119}, "stats": {"hp": 270, "atk": 242, "def": 144, "spa": 121, "spd": 187, "spe": 213}, "types": ["Dragon", "Dark"]}, "Palossand": {"name": "Palossand", "species": "Palossand", "speciesId": "palossand", "gender": "M", "shiny": false, "level": 89, "moves": ["shadowball", "earthpower", "shoreup", "sludgebomb"], "ability": "Water Compaction", "evs": {"hp": 85, "atk": 0, "def": 85, "spa": 85, "spd": 85, "spe": 85}, "ivs": {"hp": 31, "atk": 0, "def": 31, "spa": 31, "spd": 31, "spe": 31}, "item": "Leftovers", "teraType": "Poison", "role": "Bulky Support", "bvs": {"hp": 85, "atk": 75, "def": 110, "spa": 100, "spd": 75, "spe": 35}, "stats": {"hp": 296, "atk": 138, "def": 247, "spa": 229, "spd": 184, "spe": 113}, "types": ["Ghost", "Ground"]}, "Frosmoth": {"name": "Frosmoth", "species": "Frosmoth", "speciesId": "frosmoth", "gender": "M", "shiny": false, "level": 82, "moves": ["icebeam", "quiverdance", "bugbuzz", "terablast"], "ability": "Ice Scales", "evs": {"hp": 85, "atk": 0, "def": 85, "spa": 85, "spd": 85, "spe": 85}, "ivs": {"hp": 31, "atk": 0, "def": 31, "spa": 31, "spd": 31, "spe": 31}, "item": "Heavy-Duty Boots", "teraType": "Ground", "role": "Tera Blast user", "bvs": {"hp": 70, "atk": 65, "def": 60, "spa": 125, "spd": 90, "spe": 65}, "stats": {"hp": 249, "atk": 111, "def": 146, "spa": 252, "spd": 195, "spe": 154}, "types": ["Ice", "Bug"]}, "Dedenne": {"name": "Dedenne", "species": "Dedenne", "speciesId": "dedenne", "gender": "M", "shiny": false, "level": 88, "moves": ["dazzlinggleam", "thunderbolt", "nuzzle", "uturn"], "ability": "Cheek Pouch", "evs": {"hp": 85, "atk": 85, "def": 85, "spa": 85, "spd": 85, "spe": 85}, "ivs": {"hp": 31, "atk": 31, "def": 31, "spa": 31, "spd": 31, "spe": 31}, "item": "Sitrus Berry", "teraType": "Flying", "role": "Fast Support", "bvs": {"hp": 67, "atk": 58, "def": 57, "spa": 81, "spd": 67, "spe": 101}, "stats": {"hp": 261, "atk": 152, "def": 151, "spa": 193, "spd": 168, "spe": 228}, "types": ["Electric", "Fairy"]}}, {"Wugtrio": {"name": "Wugtrio", "species": "Wugtrio", "speciesId": "wugtrio", "gender": "M", "shiny": false, "level": 91, "moves": ["liquidation", "stompingtantrum", "aquajet", "throatchop"], "ability": "Gooey", "evs": {"hp": 85, "atk": 85, "def": 85, "spa": 85, "spd": 85, "spe": 85}, "ivs": {"hp": 31, "atk": 31, "def": 31, "spa": 31, "spd": 31, "spe": 31}, "item": "Choice Band", "teraType": "Dark", "role": "Fast Attacker", "bvs": {"hp": 35, "atk": 100, "def": 50, "spa": 50, "spd": 70, "spe": 120}, "stats": {"hp": 212, "atk": 234, "def": 143, "spa": 143, "spd": 179, "spe": 270}, "types": ["Water"]}, "Darkrai": {"name": "Darkrai", "species": "Darkrai", "speciesId": "darkrai", "gender": "N", "shiny": false, "level": 77, "moves": ["nastyplot", "sludgebomb", "darkpulse", "hypnosis"], "ability": "Bad Dreams", "evs": {"hp": 85, "atk": 0, "def": 85, "spa": 85, "spd": 85, "spe": 85}, "ivs": {"hp": 31, "atk": 0, "def": 31, "spa": 31, "spd": 31, "spe": 31}, "item": "Life Orb", "teraType": "Poison", "role": "Setup Sweeper", "bvs": {"hp": 70, "atk": 90, "def": 90, "spa": 135, "spd": 90, "spe": 125}, "stats": {"hp": 234, "atk": 143, "def": 183, "spa": 252, "spd": 183, "spe": 237}, "types": ["Dark"]}, "Porygon-Z": {"name": "Porygon-Z", "species": "Porygon-Z", "speciesId": "porygonz", "gender": "N", "shiny": false, "level": 83, "moves": ["terablast", "nastyplot", "agility", "shadowball"], "ability": "Adaptability", "evs": {"hp": 85, "atk": 0, "def": 85, "spa": 85, "spd": 85, "spe": 85}, "ivs": {"hp": 31, "atk": 0, "def": 31, "spa": 31, "spd": 31, "spe": 31}, "item": "Life Orb", "teraType": "Fighting", "role": "Tera Blast user", "bvs": {"hp": 85, "atk": 80, "def": 70, "spa": 135, "spd": 75, "spe": 90}, "stats": {"hp": 277, "atk": 137, "def": 164, "spa": 272, "spd": 172, "spe": 197}, "types": ["Normal"]}, "Deoxys": {"name": "Deoxys", "species": "Deoxys-Defense", "speciesId": "deoxysdefense", "gender": "N", "shiny": false, "level": 84, "moves": ["storedpower", "recover", "cosmicpower", "nightshade"], "ability": "Pressure", "evs": {"hp": 85, "atk": 0, "def": 85, "spa": 85, "spd": 85, "spe": 85}, "ivs": {"hp": 31, "atk": 0, "def": 31, "spa": 31, "spd": 31, "spe": 31}, "item": "Leftovers", "teraType": "Steel", "role": "Bulky Setup", "bvs": {"hp": 50, "atk": 70, "def": 160, "spa": 70, "spd": 160, "spe": 90}, "stats": {"hp": 221, "atk": 122, "def": 317, "spa": 166, "spd": 317, "spe": 199}, "types": ["Psychic"]}, "Torkoal": {"name": "Torkoal", "species": "Torkoal", "speciesId": "torkoal", "gender": "F", "shiny": false, "level": 88, "moves": ["solarbeam", "lavaplume", "rapidspin", "yawn"], "ability": "Drought", "evs": {"hp": 85, "atk": 85, "def": 85, "spa": 85, "spd": 85, "spe": 85}, "ivs": {"hp": 31, "atk": 31, "def": 31, "spa": 31, "spd": 31, "spe": 31}, "item": "Heavy-Duty Boots", "teraType": "Dragon", "role": "Bulky Support", "bvs": {"hp": 70, "atk": 85, "def": 140, "spa": 85, "spd": 70, "spe": 20}, "stats": {"hp": 266, "atk": 200, "def": 297, "spa": 200, "spd": 173, "spe": 85}, "types": ["Fire"]}, "Hitmontop": {"name": "Hitmontop", "species": "Hitmontop", "speciesId": "hitmontop", "gender": "M", "shiny": false, "level": 88, "moves": ["stoneedge", "suckerpunch", "earthquake", "closecombat"], "ability": "Intimidate", "evs": {"hp": 85, "atk": 85, "def": 85, "spa": 85, "spd": 85, "spe": 85}, "ivs": {"hp": 31, "atk": 31, "def": 31, "spa": 31, "spd": 31, "spe": 31}, "item": "Choice Band", "teraType": "Steel", "role": "Bulky Support", "bvs": {"hp": 50, "atk": 95, "def": 95, "spa": 35, "spd": 110, "spe": 70}, "stats": {"hp": 231, "atk": 217, "def": 217, "spa": 112, "spd": 244, "spe": 173}, "types": ["Fighting"]}}]}