{"id": "gen9randombattle-2631901159", "format": "[Gen 9] Random Battle", "players": ["eliasmo", "BBUTTER"], "log": "|j|\u2606eliasmo\n|j|\u2606BBUTTER\n|t:|1781453674\n|gametype|singles\n|player|p1|eliasmo|2|1989\n|player|p2|BBUTTER|blue|2042\n|gen|9\n|tier|[Gen 9] Random Battle\n|rated|\n|rule|Species Clause: Limit one of each Pok\u00e9mon\n|rule|HP Percentage Mod: HP is shown in percentages\n|rule|Sleep Clause Mod: Limit one foe put to sleep\n|rule|Illusion Level Mod: Illusion disguises the Pok\u00e9mon's true level\n|\n|t:|1781453674\n|teamsize|p1|6\n|teamsize|p2|6\n|start\n|switch|p1a: Regirock|Regirock, L83|268/268\n|switch|p2a: Espeon|Espeon, L84, F, shiny|246/246\n|turn|1\n|inactive|Battle timer is ON: inactive players will automatically lose when time's up. (requested by BBUTTER)\n|\n|t:|1781453712\n|move|p2a: Espeon|Psychic|p1a: Regirock\n|-damage|p1a: Regirock|105/268\n|move|p1a: Regirock|Stone Edge|p2a: Espeon\n|-damage|p2a: Espeon|116/246\n|\n|upkeep\n|turn|2\n|\n|t:|1781453725\n|move|p2a: Espeon|Psychic|p1a: Regirock\n|-damage|p1a: Regirock|0 fnt\n|faint|p1a: Regirock\n|\n|upkeep\n|\n|t:|1781453731\n|switch|p1a: Dusknoir|Dusknoir, L89, M|225/225\n|-item|p2a: Espeon|Choice Specs|[from] ability: Frisk|[of] p1a: Dusknoir\n|turn|3\n|\n|t:|1781453748\n|switch|p2a: Arceus|Arceus-Fairy, L69|280/280\n|move|p1a: Dusknoir|Shadow Sneak|p2a: Arceus\n|-damage|p2a: Arceus|205/280\n|\n|upkeep\n|turn|4\n|\n|t:|1781453762\n|switch|p1a: Perrserker|Perrserker, L89, F|269/269\n|move|p2a: Arceus|Recover|p2a: Arceus\n|-heal|p2a: Arceus|280/280\n|\n|upkeep\n|turn|5\n|\n|t:|1781453777\n|switch|p2a: Tatsugiri|Tatsugiri, L87, F|260/260\n|move|p1a: Perrserker|Iron Head|p2a: Tatsugiri\n|-resisted|p2a: Tatsugiri\n|-damage|p2a: Tatsugiri|121/260\n|\n|upkeep\n|turn|6\n|\n|t:|1781453781\n|move|p2a: Tatsugiri|Hydro Pump|p1a: Perrserker\n|-damage|p1a: Perrserker|89/269\n|move|p1a: Perrserker|Iron Head|p2a: Tatsugiri\n|-resisted|p2a: Tatsugiri\n|-damage|p2a: Tatsugiri|0 fnt\n|faint|p2a: Tatsugiri\n|\n|upkeep\n|\n|t:|1781453804\n|switch|p2a: Giratina|Giratina-Origin, L72|335/335\n|turn|7\n|\n|t:|1781453807\n|move|p2a: Giratina|Poltergeist|p1a: Perrserker\n|-activate|p1a: Perrserker|move: Poltergeist|Choice Band\n|-damage|p1a: Perrserker|0 fnt\n|faint|p1a: Perrserker\n|\n|upkeep\n|\n|t:|1781453811\n|switch|p1a: Tinkaton|Tinkaton, L82, F|274/274\n|-ability|p1a: Tinkaton|Mold Breaker\n|turn|8\n|\n|t:|1781453829\n|move|p1a: Tinkaton|Knock Off|p2a: Giratina\n|-supereffective|p2a: Giratina\n|-damage|p2a: Giratina|259/335\n|move|p2a: Giratina|Poltergeist|p1a: Tinkaton|[miss]\n|-miss|p2a: Giratina|p1a: Tinkaton\n|\n|upkeep\n|turn|9\n|\n|t:|1781453838\n|move|p1a: Tinkaton|Stealth Rock|p2a: Giratina\n|-sidestart|p2: BBUTTER|move: Stealth Rock\n|move|p2a: Giratina|Poltergeist|p1a: Tinkaton|[miss]\n|-miss|p2a: Giratina|p1a: Tinkaton\n|\n|upkeep\n|turn|10\n|\n|t:|1781453843\n|move|p1a: Tinkaton|Play Rough|p2a: Giratina\n|-supereffective|p2a: Giratina\n|-damage|p2a: Giratina|109/335\n|move|p2a: Giratina|Poltergeist|p1a: Tinkaton\n|-activate|p1a: Tinkaton|move: Poltergeist|Leftovers\n|-damage|p1a: Tinkaton|129/274\n|\n|-heal|p1a: Tinkaton|146/274|[from] item: Leftovers\n|upkeep\n|turn|11\n|\n|t:|1781453851\n|move|p1a: Tinkaton|Play Rough|p2a: Giratina\n|-supereffective|p2a: Giratina\n|-damage|p2a: Giratina|0 fnt\n|faint|p2a: Giratina\n|\n|-heal|p1a: Tinkaton|163/274|[from] item: Leftovers\n|upkeep\n|\n|t:|1781453853\n|switch|p2a: Drednaw|Drednaw, L81, M|278/278\n|-damage|p2a: Drednaw|244/278|[from] Stealth Rock\n|turn|12\n|\n|t:|1781453861\n|move|p1a: Tinkaton|Knock Off|p2a: Drednaw\n|-damage|p2a: Drednaw|193/278\n|-enditem|p2a: Drednaw|White Herb|[from] move: Knock Off|[of] p1a: Tinkaton\n|move|p2a: Drednaw|Shell Smash|p2a: Drednaw\n|-unboost|p2a: Drednaw|def|1\n|-unboost|p2a: Drednaw|spd|1\n|-boost|p2a: Drednaw|atk|2\n|-boost|p2a: Drednaw|spa|2\n|-boost|p2a: Drednaw|spe|2\n|\n|-heal|p1a: Tinkaton|180/274|[from] item: Leftovers\n|upkeep\n|turn|13\n|\n|t:|1781453873\n|move|p2a: Drednaw|Earthquake|p1a: Tinkaton\n|-supereffective|p1a: Tinkaton\n|-damage|p1a: Tinkaton|0 fnt\n|faint|p1a: Tinkaton\n|\n|upkeep\n|\n|t:|1781453875\n|switch|p1a: Keldeo|Keldeo-Resolute, L79|273/273\n|turn|14\n|\n|t:|1781453878\n|move|p1a: Keldeo|Vacuum Wave|p2a: Drednaw\n|-supereffective|p2a: Drednaw\n|-damage|p2a: Drednaw|0 fnt\n|faint|p2a: Drednaw\n|\n|upkeep\n|\n|t:|1781453883\n|switch|p2a: Arceus|Arceus-Fairy, L69|280/280\n|-damage|p2a: Arceus|245/280|[from] Stealth Rock\n|turn|15\n|\n|t:|1781453889\n|switch|p1a: Dusknoir|Dusknoir, L89, M|225/225\n|-item|p2a: Arceus|Pixie Plate|[from] ability: Frisk|[of] p1a: Dusknoir\n|move|p2a: Arceus|Calm Mind|p2a: Arceus\n|-boost|p2a: Arceus|spa|1\n|-boost|p2a: Arceus|spd|1\n|\n|upkeep\n|turn|16\n|\n|t:|1781453895\n|move|p2a: Arceus|Judgment|p1a: Dusknoir\n|-damage|p1a: Dusknoir|114/225\n|move|p1a: Dusknoir|Poltergeist|p2a: Arceus\n|-activate|p2a: Arceus|move: Poltergeist|Pixie Plate\n|-damage|p2a: Arceus|53/280\n|\n|upkeep\n|turn|17\n|\n|t:|1781453902\n|move|p2a: Arceus|Judgment|p1a: Dusknoir\n|-damage|p1a: Dusknoir|2/225\n|move|p1a: Dusknoir|Poltergeist|p2a: Arceus\n|-activate|p2a: Arceus|move: Poltergeist|Pixie Plate\n|-damage|p2a: Arceus|0 fnt\n|faint|p2a: Arceus\n|\n|upkeep\n|\n|t:|1781453909\n|switch|p2a: Espeon|Espeon, L84, F, shiny|116/246\n|-damage|p2a: Espeon|86/246|[from] Stealth Rock\n|turn|18\n|\n|t:|1781453911\n|move|p2a: Espeon|Psychic|p1a: Dusknoir\n|-damage|p1a: Dusknoir|0 fnt\n|faint|p1a: Dusknoir\n|\n|upkeep\n|\n|t:|1781453913\n|switch|p1a: Bruxish|Bruxish, L85, M|254/254\n|turn|19\n|\n|t:|1781453922\n|-terastallize|p1a: Bruxish|Dark\n|move|p2a: Espeon|Psychic|p1a: Bruxish\n|-immune|p1a: Bruxish\n|move|p1a: Bruxish|Crunch|p2a: Espeon\n|-supereffective|p2a: Espeon\n|-damage|p2a: Espeon|0 fnt\n|faint|p2a: Espeon\n|\n|upkeep\n|\n|t:|1781453924\n|switch|p2a: Comfey|Comfey, L85, F|225/225\n|-damage|p2a: Comfey|197/225|[from] Stealth Rock\n|turn|20\n|\n|t:|1781453930\n|move|p2a: Comfey|Calm Mind|p2a: Comfey\n|-boost|p2a: Comfey|spa|1\n|-boost|p2a: Comfey|spd|1\n|move|p1a: Bruxish|Crunch|p2a: Comfey\n|-resisted|p2a: Comfey\n|-damage|p2a: Comfey|89/225\n|\n|-heal|p2a: Comfey|103/225|[from] item: Leftovers\n|upkeep\n|turn|21\n|\n|t:|1781453935\n|switch|p1a: Keldeo|Keldeo-Resolute, L79|273/273\n|move|p2a: Comfey|Draining Kiss|p1a: Keldeo\n|-supereffective|p1a: Keldeo\n|-damage|p1a: Keldeo|105/273\n|-heal|p2a: Comfey|225/225|[from] drain|[of] p1a: Keldeo\n|\n|upkeep\n|turn|22\n|\n|t:|1781453942\n|move|p2a: Comfey|Draining Kiss|p1a: Keldeo\n|-supereffective|p1a: Keldeo\n|-damage|p1a: Keldeo|0 fnt\n|faint|p1a: Keldeo\n|\n|upkeep\n|\n|t:|1781453944\n|switch|p1a: Bruxish|Bruxish, L85, M, tera:Dark|254/254\n|turn|23\n|\n|t:|1781453947\n|move|p2a: Comfey|Draining Kiss|p1a: Bruxish\n|-supereffective|p1a: Bruxish\n|-damage|p1a: Bruxish|86/254\n|move|p1a: Bruxish|Wave Crash|p2a: Comfey\n|-damage|p2a: Comfey|21/225\n|-damage|p1a: Bruxish|19/254|[from] Recoil\n|\n|-heal|p2a: Comfey|35/225|[from] item: Leftovers\n|upkeep\n|turn|24\n|\n|t:|1781453952\n|move|p2a: Comfey|Draining Kiss|p1a: Bruxish\n|-supereffective|p1a: Bruxish\n|-damage|p1a: Bruxish|0 fnt\n|-heal|p2a: Comfey|49/225|[from] drain|[of] p1a: Bruxish\n|faint|p1a: Bruxish\n|\n|win|BBUTTER\n", "inputlog": ">version a8376a258c1d4662feba110a92103f3664a72141\n>start {\"formatid\":\"gen9randombattle\",\"seed\":\"sodium,808e630510c863bc99ecd002d96d4770\",\"rated\":\"Rated battle\"}\n>player p1 {\"name\":\"eliasmo\",\"avatar\":\"2\",\"rating\":1989,\"seed\":\"sodium,26e9de858b27ab1af65181fd00893dd9\"}\n>player p2 {\"name\":\"BBUTTER\",\"avatar\":\"blue\",\"rating\":2042,\"seed\":\"sodium,3084f25a2431c545f40acf37674b3a29\"}\n>p1 move stoneedge\n>p2 move psychic\n>p1 move rest\n>p2 move psychic\n>p1 switch 6\n>p1 move shadowsneak\n>p2 switch 3\n>p1 switch 4\n>p2 move recover\n>p1 move ironhead\n>p2 switch 6\n>p1 move ironhead\n>p2 move hydropump\n>p2 switch 2\n>p1 move ironhead\n>p2 move poltergeist\n>p1 switch 2\n>p1 move knockoff\n>p2 move poltergeist\n>p1 move stealthrock\n>p2 move poltergeist\n>p1 move playrough\n>p2 move poltergeist\n>p1 move playrough\n>p2 move poltergeist\n>p2 switch 4\n>p1 move knockoff\n>p2 move shellsmash\n>p1 move gigatonhammer\n>p2 move earthquake\n>p1 switch 3\n>p1 move vacuumwave\n>p2 move earthquake\n>p2 switch 6\n>p1 switch 4\n>p2 move calmmind\n>p1 move poltergeist\n>p2 move judgment\n>p1 move poltergeist\n>p2 move judgment\n>p2 switch 3\n>p1 move poltergeist\n>p2 move psychic\n>p1 switch 5\n>p1 move crunch terastallize\n>p2 move psychic\n>p2 switch 5\n>p1 move crunch\n>p2 move calmmind\n>p1 switch 4\n>p2 move drainingkiss\n>p1 move hydropump\n>p2 move drainingkiss\n>p1 switch 4\n>p1 move wavecrash\n>p2 move drainingkiss\n>p1 move wavecrash\n>p2 move drainingkiss", "uploadtime": 1781453676, "views": 4, "formatid": "gen9randombattle", "rating": null, "private": 0, "password": null, "player_dets": [{"name": "eliasmo", "avatar": "2", "rating": 1989, "seed": "sodium,26e9de858b27ab1af65181fd00893dd9"}, {"name": "BBUTTER", "avatar": "blue", "rating": 2042, "seed": "sodium,3084f25a2431c545f40acf37674b3a29"}], "teams_full": [{"Regirock": {"name": "Regirock", "species": "Regirock", "speciesId": "regirock", "gender": "N", "shiny": false, "level": 83, "moves": ["rest", "irondefense", "stoneedge", "bodypress"], "ability": "Clear Body", "evs": {"hp": 85, "atk": 85, "def": 85, "spa": 85, "spd": 85, "spe": 85}, "ivs": {"hp": 31, "atk": 31, "def": 31, "spa": 31, "spd": 31, "spe": 31}, "item": "Chesto Berry", "teraType": "Fighting", "role": "Bulky Setup", "bvs": {"hp": 80, "atk": 100, "def": 200, "spa": 50, "spd": 100, "spe": 50}, "stats": {"hp": 268, "atk": 214, "def": 380, "spa": 131, "spd": 214, "spe": 131}}, "Tinkaton": {"name": "Tinkaton", "species": "Tinkaton", "speciesId": "tinkaton", "gender": "F", "shiny": false, "level": 82, "moves": ["knockoff", "gigatonhammer", "stealthrock", "playrough"], "ability": "Mold Breaker", "evs": {"hp": 85, "atk": 85, "def": 85, "spa": 85, "spd": 85, "spe": 85}, "ivs": {"hp": 31, "atk": 31, "def": 31, "spa": 31, "spd": 31, "spe": 31}, "item": "Leftovers", "teraType": "Water", "role": "Bulky Attacker", "bvs": {"hp": 85, "atk": 75, "def": 77, "spa": 70, "spd": 105, "spe": 94}, "stats": {"hp": 274, "atk": 170, "def": 173, "spa": 162, "spd": 219, "spe": 201}}, "Keldeo": {"name": "Keldeo", "species": "Keldeo-Resolute", "speciesId": "keldeoresolute", "gender": "N", "shiny": false, "level": 79, "moves": ["vacuumwave", "hydropump", "flipturn", "secretsword"], "ability": "Justified", "evs": {"hp": 85, "atk": 85, "def": 85, "spa": 85, "spd": 85, "spe": 85}, "ivs": {"hp": 31, "atk": 31, "def": 31, "spa": 31, "spd": 31, "spe": 31}, "item": "Choice Specs", "teraType": "Fighting", "role": "Fast Attacker", "bvs": {"hp": 91, "atk": 72, "def": 90, "spa": 129, "spd": 90, "spe": 108}, "stats": {"hp": 273, "atk": 159, "def": 188, "spa": 249, "spd": 188, "spe": 216}}, "Perrserker": {"name": "Perrserker", "species": "Perrserker", "speciesId": "perrserker", "gender": "F", "shiny": false, "level": 89, "moves": ["knockoff", "ironhead", "closecombat", "uturn"], "ability": "Tough Claws", "evs": {"hp": 85, "atk": 85, "def": 85, "spa": 85, "spd": 85, "spe": 85}, "ivs": {"hp": 31, "atk": 31, "def": 31, "spa": 31, "spd": 31, "spe": 31}, "item": "Choice Band", "teraType": "Fighting", "role": "Fast Attacker", "bvs": {"hp": 70, "atk": 110, "def": 100, "spa": 50, "spd": 60, "spe": 50}, "stats": {"hp": 269, "atk": 247, "def": 229, "spa": 140, "spd": 158, "spe": 140}}, "Bruxish": {"name": "Bruxish", "species": "Bruxish", "speciesId": "bruxish", "gender": "M", "shiny": false, "level": 85, "moves": ["psychicfangs", "aquajet", "crunch", "wavecrash"], "ability": "Strong Jaw", "evs": {"hp": 85, "atk": 85, "def": 85, "spa": 85, "spd": 85, "spe": 85}, "ivs": {"hp": 31, "atk": 31, "def": 31, "spa": 31, "spd": 31, "spe": 31}, "item": "Choice Band", "teraType": "Dark", "role": "Fast Attacker", "bvs": {"hp": 68, "atk": 105, "def": 70, "spa": 70, "spd": 70, "spe": 92}, "stats": {"hp": 254, "atk": 227, "def": 168, "spa": 168, "spd": 168, "spe": 205}}, "Dusknoir": {"name": "Dusknoir", "species": "Dusknoir", "speciesId": "dusknoir", "gender": "M", "shiny": false, "level": 89, "moves": ["poltergeist", "leechlife", "shadowsneak", "trick"], "ability": "Frisk", "evs": {"hp": 85, "atk": 85, "def": 85, "spa": 85, "spd": 85, "spe": 85}, "ivs": {"hp": 31, "atk": 31, "def": 31, "spa": 31, "spd": 31, "spe": 31}, "item": "Choice Band", "teraType": "Ghost", "role": "Wallbreaker", "bvs": {"hp": 45, "atk": 100, "def": 135, "spa": 65, "spd": 135, "spe": 45}, "stats": {"hp": 225, "atk": 229, "def": 291, "spa": 166, "spd": 291, "spe": 131}}}, {"Espeon": {"name": "Espeon", "species": "Espeon", "speciesId": "espeon", "gender": "F", "shiny": true, "level": 84, "moves": ["alluringvoice", "psychic", "shadowball", "trick"], "ability": "Magic Bounce", "evs": {"hp": 85, "atk": 0, "def": 85, "spa": 85, "spd": 85, "spe": 85}, "ivs": {"hp": 31, "atk": 0, "def": 31, "spa": 31, "spd": 31, "spe": 31}, "item": "Choice Specs", "teraType": "Fairy", "role": "Fast Attacker", "bvs": {"hp": 65, "atk": 65, "def": 60, "spa": 130, "spd": 95, "spe": 110}, "stats": {"hp": 246, "atk": 114, "def": 149, "spa": 267, "spd": 208, "spe": 233}}, "Giratina": {"name": "Giratina", "species": "Giratina-Origin", "speciesId": "giratinaorigin", "gender": "N", "shiny": false, "level": 72, "moves": ["dragontail", "dracometeor", "poltergeist", "shadowsneak"], "ability": "Levitate", "evs": {"hp": 85, "atk": 85, "def": 85, "spa": 85, "spd": 85, "spe": 85}, "ivs": {"hp": 31, "atk": 31, "def": 31, "spa": 31, "spd": 31, "spe": 31}, "item": "Griseous Core", "teraType": "Dragon", "role": "Fast Attacker", "bvs": {"hp": 150, "atk": 120, "def": 100, "spa": 120, "spd": 100, "spe": 90}, "stats": {"hp": 335, "atk": 215, "def": 186, "spa": 215, "spd": 186, "spe": 172}}, "Arceus": {"name": "Arceus", "species": "Arceus-Fairy", "speciesId": "arceusfairy", "gender": "N", "shiny": false, "level": 69, "moves": ["judgment", "calmmind", "recover", "earthpower"], "ability": "Multitype", "evs": {"hp": 85, "atk": 0, "def": 85, "spa": 85, "spd": 85, "spe": 85}, "ivs": {"hp": 31, "atk": 0, "def": 31, "spa": 31, "spd": 31, "spe": 31}, "item": "Pixie Plate", "teraType": "Ground", "role": "Bulky Setup", "bvs": {"hp": 120, "atk": 120, "def": 120, "spa": 120, "spd": 120, "spe": 120}, "stats": {"hp": 280, "atk": 170, "def": 206, "spa": 206, "spd": 206, "spe": 206}}, "Drednaw": {"name": "Drednaw", "species": "Drednaw", "speciesId": "drednaw", "gender": "M", "shiny": false, "level": 81, "moves": ["liquidation", "shellsmash", "stoneedge", "earthquake"], "ability": "Shell Armor", "evs": {"hp": 85, "atk": 85, "def": 85, "spa": 85, "spd": 85, "spe": 85}, "ivs": {"hp": 31, "atk": 31, "def": 31, "spa": 31, "spd": 31, "spe": 31}, "item": "White Herb", "teraType": "Water", "role": "Fast Bulky Setup", "bvs": {"hp": 90, "atk": 115, "def": 90, "spa": 48, "spd": 68, "spe": 74}, "stats": {"hp": 278, "atk": 233, "def": 192, "spa": 124, "spd": 157, "spe": 167}}, "Comfey": {"name": "Comfey", "species": "Comfey", "speciesId": "comfey", "gender": "F", "shiny": false, "level": 85, "moves": ["drainingkiss", "storedpower", "calmmind", "gigadrain"], "ability": "Triage", "evs": {"hp": 85, "atk": 0, "def": 85, "spa": 85, "spd": 85, "spe": 85}, "ivs": {"hp": 31, "atk": 0, "def": 31, "spa": 31, "spd": 31, "spe": 31}, "item": "Leftovers", "teraType": "Poison", "role": "Bulky Setup", "bvs": {"hp": 51, "atk": 52, "def": 90, "spa": 82, "spd": 110, "spe": 100}, "stats": {"hp": 225, "atk": 93, "def": 202, "spa": 188, "spd": 236, "spe": 219}}, "Tatsugiri": {"name": "Tatsugiri", "species": "Tatsugiri", "speciesId": "tatsugiri", "gender": "F", "shiny": false, "level": 87, "moves": ["rapidspin", "hydropump", "nastyplot", "dracometeor"], "ability": "Storm Drain", "evs": {"hp": 85, "atk": 85, "def": 85, "spa": 85, "spd": 85, "spe": 85}, "ivs": {"hp": 31, "atk": 31, "def": 31, "spa": 31, "spd": 31, "spe": 31}, "item": "Heavy-Duty Boots", "teraType": "Steel", "role": "Fast Support", "bvs": {"hp": 68, "atk": 50, "def": 60, "spa": 120, "spd": 95, "spe": 82}, "stats": {"hp": 260, "atk": 137, "def": 154, "spa": 259, "spd": 215, "spe": 192}}}]}