{"id": "gen9randombattle-2631423879", "format": "[Gen 9] Random Battle", "players": ["Undertaker67", "Lachrymose"], "log": "|j|\u2606Undertaker67\n|j|\u203dLachrymose\n|t:|1781382918\n|gametype|singles\n|player|p1|Undertaker67|n|1993\n|player|p2|Lachrymose|266|2055\n|gen|9\n|tier|[Gen 9] Random Battle\n|rated|\n|rule|Species Clause: Limit one of each Pok\u00e9mon\n|rule|HP Percentage Mod: HP is shown in percentages\n|rule|Sleep Clause Mod: Limit one foe put to sleep\n|rule|Illusion Level Mod: Illusion disguises the Pok\u00e9mon's true level\n|\n|t:|1781382918\n|teamsize|p1|6\n|teamsize|p2|6\n|start\n|switch|p1a: Morpeko|Morpeko, L88, M|245/245\n|switch|p2a: Hatterene|Hatterene, L85, F|236/236\n|turn|1\n|\n|t:|1781382935\n|move|p1a: Morpeko|Protect|p1a: Morpeko\n|-singleturn|p1a: Morpeko|Protect\n|move|p2a: Hatterene|Draining Kiss|p1a: Morpeko\n|-activate|p1a: Morpeko|move: Protect\n|\n|-formechange|p1a: Morpeko|Morpeko-Hangry||[from] ability: Hunger Switch\n|upkeep\n|turn|2\n|inactive|Battle timer is ON: inactive players will automatically lose when time's up. (requested by Undertaker67)\n|\n|t:|1781382960\n|switch|p1a: Staraptor|Staraptor, L79, F|263/263\n|move|p2a: Hatterene|Draining Kiss|p1a: Staraptor\n|-damage|p1a: Staraptor|158/263\n|\n|upkeep\n|turn|3\n|\n|t:|1781382984\n|switch|p2a: Weezing|Weezing-Galar, L86, F|252/252\n|move|p1a: Staraptor|U-turn|p2a: Weezing\n|-resisted|p2a: Weezing\n|-damage|p2a: Weezing|237/252\n|\n|t:|1781382993\n|switch|p1a: Hoopa|Hoopa-Unbound, L80|259/259|[from] U-turn\n|\n|-heal|p2a: Weezing|252/252|[from] item: Leftovers\n|upkeep\n|turn|4\n|inactive|Lachrymose has 120 seconds left.\n|\n|t:|1781383037\n|switch|p2a: Chien-Pao|Chien-Pao, L72|234/234\n|-ability|p2a: Chien-Pao|Sword of Ruin\n|move|p1a: Hoopa|Gunk Shot|p2a: Chien-Pao\n|-damage|p2a: Chien-Pao|0 fnt\n|faint|p2a: Chien-Pao\n|\n|upkeep\n|\n|t:|1781383050\n|switch|p2a: Drednaw|Drednaw, L81, M|278/278\n|turn|5\n|inactive|Undertaker67 has 120 seconds left.\n|\n|t:|1781383086\n|switch|p1a: Annihilape|Annihilape, L76, M|292/292\n|move|p2a: Drednaw|Shell Smash|p2a: Drednaw\n|-unboost|p2a: Drednaw|def|1\n|-unboost|p2a: Drednaw|spd|1\n|-boost|p2a: Drednaw|atk|2\n|-boost|p2a: Drednaw|spa|2\n|-boost|p2a: Drednaw|spe|2\n|-enditem|p2a: Drednaw|White Herb\n|-clearnegativeboost|p2a: Drednaw|[silent]\n|\n|upkeep\n|turn|6\n|inactive|Undertaker67 has 120 seconds left.\n|\n|t:|1781383114\n|-terastallize|p2a: Drednaw|Water\n|move|p2a: Drednaw|Liquidation|p1a: Annihilape\n|-damage|p1a: Annihilape|0 fnt\n|faint|p1a: Annihilape\n|\n|upkeep\n|inactive|Undertaker67 has 90 seconds left.\n|\n|t:|1781383140\n|switch|p1a: Smeargle|Smeargle, L95, M|258/258\n|turn|7\n|\n|t:|1781383144\n|move|p2a: Drednaw|Liquidation|p1a: Smeargle\n|-enditem|p1a: Smeargle|Focus Sash\n|-damage|p1a: Smeargle|1/258\n|-unboost|p1a: Smeargle|def|1\n|move|p1a: Smeargle|Spore|p2a: Drednaw\n|-status|p2a: Drednaw|slp|[from] move: Spore\n|\n|upkeep\n|turn|8\n|\n|t:|1781383156\n|switch|p1a: Morpeko|Morpeko, L88, M|245/245\n|cant|p2a: Drednaw|slp\n|\n|-formechange|p1a: Morpeko|Morpeko-Hangry||[from] ability: Hunger Switch\n|upkeep\n|turn|9\n|\n|t:|1781383165\n|cant|p2a: Drednaw|slp\n|move|p1a: Morpeko|Rapid Spin|p2a: Drednaw\n|-damage|p2a: Drednaw|239/278 slp\n|-boost|p1a: Morpeko|spe|1\n|\n|-formechange|p1a: Morpeko|Morpeko||[from] ability: Hunger Switch\n|upkeep\n|turn|10\n|\n|t:|1781383169\n|cant|p2a: Drednaw|slp\n|move|p1a: Morpeko|Aura Wheel|p2a: Drednaw\n|-supereffective|p2a: Drednaw\n|-damage|p2a: Drednaw|0 fnt\n|-boost|p1a: Morpeko|spe|1\n|faint|p2a: Drednaw\n|\n|-formechange|p1a: Morpeko|Morpeko-Hangry||[from] ability: Hunger Switch\n|upkeep\n|inactive|Lachrymose has 120 seconds left.\n|\n|t:|1781383197\n|switch|p2a: Weezing|Weezing-Galar, L86, F|252/252\n|turn|11\n|inactive|Undertaker67 has 120 seconds left.\n|inactive|Undertaker67 has 90 seconds left.\n|\n|t:|1781383236\n|switch|p1a: Smeargle|Smeargle, L95, M|1/258\n|move|p2a: Weezing|Will-O-Wisp|p1a: Smeargle\n|-status|p1a: Smeargle|brn\n|\n|-damage|p1a: Smeargle|0 fnt|[from] brn\n|faint|p1a: Smeargle\n|upkeep\n|\n|t:|1781383238\n|switch|p1a: Veluza|Veluza, L85, F|292/292\n|turn|12\n|inactive|Undertaker67 has 90 seconds left.\n|inactive|Lachrymose has 120 seconds left.\n|\n|t:|1781383265\n|switch|p2a: Hatterene|Hatterene, L85, F|236/236\n|move|p1a: Veluza|Fillet Away|p1a: Veluza\n|-boost|p1a: Veluza|atk|2\n|-boost|p1a: Veluza|spa|2\n|-boost|p1a: Veluza|spe|2\n|-damage|p1a: Veluza|146/292\n|-enditem|p1a: Veluza|Sitrus Berry|[eat]\n|-heal|p1a: Veluza|219/292|[from] item: Sitrus Berry\n|\n|upkeep\n|turn|13\n|inactive|Undertaker67 has 90 seconds left.\n|\n|t:|1781383282\n|move|p1a: Veluza|Aqua Cutter|p2a: Hatterene\n|-crit|p2a: Hatterene\n|-damage|p2a: Hatterene|0 fnt\n|faint|p2a: Hatterene\n|\n|upkeep\n|\n|t:|1781383289\n|switch|p2a: Grumpig|Grumpig, L92, F|297/297\n|turn|14\n|\n|t:|1781383294\n|-terastallize|p1a: Veluza|Dark\n|move|p1a: Veluza|Night Slash|p2a: Grumpig\n|-supereffective|p2a: Grumpig\n|-damage|p2a: Grumpig|0 fnt\n|faint|p2a: Grumpig\n|\n|upkeep\n|-message|Lachrymose forfeited.\n|\n|win|Undertaker67\n", "inputlog": ">version a8376a258c1d4662feba110a92103f3664a72141\n>start {\"formatid\":\"gen9randombattle\",\"seed\":\"sodium,f359ce1fa7300ed7cfd7e5285670c736\",\"rated\":\"Rated battle\"}\n>player p1 {\"name\":\"Undertaker67\",\"avatar\":\"n\",\"rating\":1993,\"seed\":\"sodium,d4b7637851995fa880350b6698b13cd3\"}\n>player p2 {\"name\":\"Lachrymose\",\"avatar\":\"266\",\"rating\":2055,\"seed\":\"sodium,6df634e3409b2b36ba15973fe5b55649\"}\n>p1 move protect\n>p2 move drainingkiss\n>p1 switch 5\n>p2 move drainingkiss\n>p1 move uturn\n>p2 switch 3\n>p1 switch 6\n>p1 move gunkshot\n>p2 switch 2\n>p2 switch 6\n>p1 switch 2\n>p2 move shellsmash\n>p1 move drainpunch\n>p2 move liquidation terastallize\n>p1 switch 4\n>p1 move spore\n>p2 move liquidation\n>p1 switch 5\n>p2 move liquidation\n>p1 move rapidspin\n>p2 move liquidation\n>p1 move aurawheel\n>p2 move liquidation\n>p2 switch 2\n>p1 switch 5\n>p2 move willowisp\n>p1 switch 3\n>p1 move filletaway\n>p2 switch 3\n>p1 move aquacutter\n>p2 move nuzzle\n>p2 switch 4\n>p1 move nightslash terastallize\n>p2 move shadowball\n>forcelose p2", "uploadtime": 1781382920, "views": 8, "formatid": "gen9randombattle", "rating": null, "private": 0, "password": null}