{"id": "gen9randombattle-2631746392", "format": "[Gen 9] Random Battle", "players": ["floofzykitten", "reela"], "log": "|j|\u2606floofzykitten\n|j|\u2606reela\n|t:|1781432914\n|gametype|singles\n|player|p1|floofzykitten|265|2101\n|player|p2|reela|101|2076\n|gen|9\n|tier|[Gen 9] Random Battle\n|rated|\n|rule|Species Clause: Limit one of each Pok\u00e9mon\n|rule|HP Percentage Mod: HP is shown in percentages\n|rule|Sleep Clause Mod: Limit one foe put to sleep\n|rule|Illusion Level Mod: Illusion disguises the Pok\u00e9mon's true level\n|\n|t:|1781432914\n|teamsize|p1|6\n|teamsize|p2|6\n|start\n|switch|p1a: Venusaur|Venusaur, L84, F|272/272\n|switch|p2a: Jumpluff|Jumpluff, L87, F|271/271\n|turn|1\n|inactive|Battle timer is ON: inactive players will automatically lose when time's up. (requested by floofzykitten)\n|\n|t:|1781432958\n|switch|p1a: Scyther|Scyther, L82, M|249/249\n|move|p2a: Jumpluff|Acrobatics|p1a: Scyther\n|-supereffective|p1a: Scyther\n|-damage|p1a: Scyther|69/249\n|\n|upkeep\n|turn|2\n|\n|t:|1781432963\n|switch|p1a: Pikachu|Pikachu-Kalos, L93, F|216/216\n|move|p2a: Jumpluff|Acrobatics|p1a: Pikachu\n|-resisted|p1a: Pikachu\n|-damage|p1a: Pikachu|150/216\n|\n|upkeep\n|turn|3\n|inactive|reela has 120 seconds left.\n|\n|t:|1781432997\n|move|p1a: Pikachu|Fake Out|p2a: Jumpluff\n|-damage|p2a: Jumpluff|220/271\n|cant|p2a: Jumpluff|flinch\n|\n|upkeep\n|turn|4\n|\n|t:|1781433013\n|move|p2a: Jumpluff|Strength Sap|p1a: Pikachu\n|-unboost|p1a: Pikachu|atk|1\n|-heal|p2a: Jumpluff|271/271\n|move|p1a: Pikachu|Volt Tackle|p2a: Jumpluff\n|-damage|p2a: Jumpluff|118/271\n|-damage|p1a: Pikachu|100/216|[from] Recoil\n|\n|upkeep\n|turn|5\n|-message|floofzykitten forfeited.\n|\n|win|reela\n", "inputlog": ">version a8376a258c1d4662feba110a92103f3664a72141\n>start {\"formatid\":\"gen9randombattle\",\"seed\":\"sodium,1798e62b74d9daf6a7e361bd49df9c8e\",\"rated\":\"Rated battle\"}\n>player p1 {\"name\":\"floofzykitten\",\"avatar\":\"265\",\"rating\":2101,\"seed\":\"sodium,427612e164324324c427ce7b8e31b086\"}\n>player p2 {\"name\":\"reela\",\"avatar\":\"101\",\"rating\":2076,\"seed\":\"sodium,f55478adc937a07d7f33aa2a6c59a75e\"}\n>p1 switch 3\n>p2 move acrobatics\n>p1 switch 2\n>p2 move acrobatics\n>p1 move fakeout\n>p2 move uturn\n>p1 move volttackle\n>p2 move strengthsap\n>forcelose p1", "uploadtime": 1781432916, "views": 4, "formatid": "gen9randombattle", "rating": null, "private": 0, "password": null, "player_dets": [{"name": "floofzykitten", "avatar": "265", "rating": 2101, "seed": "sodium,427612e164324324c427ce7b8e31b086"}, {"name": "reela", "avatar": "101", "rating": 2076, "seed": "sodium,f55478adc937a07d7f33aa2a6c59a75e"}], "teams_full": [{"Venusaur": {"name": "Venusaur", "species": "Venusaur", "speciesId": "venusaur", "gender": "F", "shiny": false, "level": 84, "moves": ["energyball", "synthesis", "sludgebomb", "toxic"], "ability": "Overgrow", "evs": {"hp": 85, "atk": 0, "def": 85, "spa": 85, "spd": 85, "spe": 85}, "ivs": {"hp": 31, "atk": 0, "def": 31, "spa": 31, "spd": 31, "spe": 31}, "item": "Leftovers", "teraType": "Water", "role": "Bulky Attacker", "bvs": {"hp": 80, "atk": 82, "def": 83, "spa": 100, "spd": 100, "spe": 80}, "stats": {"hp": 272, "atk": 142, "def": 188, "spa": 216, "spd": 216, "spe": 183}, "types": ["Grass", "Poison"]}, "Pikachu": {"name": "Pikachu", "species": "Pikachu-Kalos", "speciesId": "pikachu", "gender": "F", "shiny": false, "level": 93, "moves": ["volttackle", "surf", "fakeout", "knockoff"], "ability": "Lightning Rod", "evs": {"hp": 85, "atk": 85, "def": 85, "spa": 85, "spd": 85, "spe": 85}, "ivs": {"hp": 31, "atk": 31, "def": 31, "spa": 31, "spd": 31, "spe": 31}, "item": "Light Ball", "teraType": "Water", "role": "Fast Attacker", "bvs": {"hp": 35, "atk": 55, "def": 40, "spa": 50, "spd": 50, "spe": 90}, "stats": {"hp": 216, "atk": 155, "def": 127, "spa": 146, "spd": 146, "spe": 220}, "types": ["Electric"]}, "Scyther": {"name": "Scyther", "species": "Scyther", "speciesId": "scyther", "gender": "M", "shiny": false, "level": 82, "moves": ["defog", "uturn", "closecombat", "dualwingbeat"], "ability": "Technician", "evs": {"hp": 85, "atk": 85, "def": 85, "spa": 85, "spd": 85, "spe": 85}, "ivs": {"hp": 31, "atk": 31, "def": 31, "spa": 31, "spd": 31, "spe": 31}, "item": "Heavy-Duty Boots", "teraType": "Fighting", "role": "Fast Support", "bvs": {"hp": 70, "atk": 110, "def": 80, "spa": 55, "spd": 80, "spe": 105}, "stats": {"hp": 249, "atk": 228, "def": 178, "spa": 137, "spd": 178, "spe": 219}, "types": ["Bug", "Flying"]}, "Ogerpon": {"name": "Ogerpon", "species": "Ogerpon-Hearthflame", "speciesId": "ogerponhearthflame", "gender": "F", "shiny": false, "level": 74, "moves": ["hornleech", "ivycudgel", "swordsdance", "stompingtantrum"], "ability": "Mold Breaker", "evs": {"hp": 77, "atk": 85, "def": 85, "spa": 85, "spd": 85, "spe": 85}, "ivs": {"hp": 31, "atk": 31, "def": 31, "spa": 31, "spd": 31, "spe": 31}, "item": "Hearthflame Mask", "teraType": "Fire", "role": "Setup Sweeper", "bvs": {"hp": 80, "atk": 120, "def": 84, "spa": 60, "spd": 96, "spe": 110}, "stats": {"hp": 239, "atk": 221, "def": 167, "spa": 132, "spd": 185, "spe": 206}, "types": ["Grass", "Fire"]}, "Gengar": {"name": "Gengar", "species": "Gengar", "speciesId": "gengar", "gender": "F", "shiny": false, "level": 81, "moves": ["shadowball", "sludgewave", "nastyplot", "focusblast"], "ability": "Cursed Body", "evs": {"hp": 85, "atk": 0, "def": 85, "spa": 85, "spd": 85, "spe": 85}, "ivs": {"hp": 31, "atk": 0, "def": 31, "spa": 31, "spd": 31, "spe": 31}, "item": "Life Orb", "teraType": "Dark", "role": "Wallbreaker", "bvs": {"hp": 60, "atk": 65, "def": 60, "spa": 130, "spd": 75, "spe": 110}, "stats": {"hp": 230, "atk": 110, "def": 144, "spa": 257, "spd": 168, "spe": 225}, "types": ["Ghost", "Poison"]}, "Grumpig": {"name": "Grumpig", "species": "Grumpig", "speciesId": "grumpig", "gender": "F", "shiny": false, "level": 92, "moves": ["earthpower", "dazzlinggleam", "nastyplot", "psychic"], "ability": "Thick Fat", "evs": {"hp": 85, "atk": 0, "def": 85, "spa": 85, "spd": 85, "spe": 85}, "ivs": {"hp": 31, "atk": 0, "def": 31, "spa": 31, "spd": 31, "spe": 31}, "item": "Leftovers", "teraType": "Fairy", "role": "Bulky Setup", "bvs": {"hp": 80, "atk": 45, "def": 65, "spa": 90, "spd": 110, "spe": 80}, "stats": {"hp": 297, "atk": 87, "def": 172, "spa": 218, "spd": 255, "spe": 200}, "types": ["Psychic"]}}, {"Jumpluff": {"name": "Jumpluff", "species": "Jumpluff", "speciesId": "jumpluff", "gender": "F", "shiny": false, "level": 87, "moves": ["uturn", "acrobatics", "encore", "strengthsap"], "ability": "Infiltrator", "evs": {"hp": 81, "atk": 85, "def": 85, "spa": 85, "spd": 85, "spe": 85}, "ivs": {"hp": 31, "atk": 31, "def": 31, "spa": 31, "spd": 31, "spe": 31}, "item": "", "teraType": "Steel", "role": "Bulky Attacker", "bvs": {"hp": 75, "atk": 55, "def": 70, "spa": 55, "spd": 95, "spe": 110}, "stats": {"hp": 271, "atk": 145, "def": 172, "spa": 145, "spd": 215, "spe": 241}, "types": ["Grass", "Flying"]}, "Iron Boulder": {"name": "Iron Boulder", "species": "Iron Boulder", "speciesId": "ironboulder", "gender": "N", "shiny": false, "level": 77, "moves": ["closecombat", "mightycleave", "swordsdance", "zenheadbutt"], "ability": "Quark Drive", "evs": {"hp": 85, "atk": 85, "def": 85, "spa": 85, "spd": 85, "spe": 85}, "ivs": {"hp": 31, "atk": 31, "def": 31, "spa": 31, "spd": 31, "spe": 31}, "item": "Life Orb", "teraType": "Fighting", "role": "Setup Sweeper", "bvs": {"hp": 90, "atk": 120, "def": 80, "spa": 68, "spd": 108, "spe": 124}, "stats": {"hp": 265, "atk": 229, "def": 168, "spa": 149, "spd": 211, "spe": 236}, "types": ["Rock", "Psychic"]}, "Sandslash": {"name": "Sandslash", "species": "Sandslash-Alola", "speciesId": "sandslashalola", "gender": "M", "shiny": false, "level": 88, "moves": ["rapidspin", "spikes", "tripleaxel", "ironhead"], "ability": "Slush Rush", "evs": {"hp": 85, "atk": 85, "def": 85, "spa": 85, "spd": 85, "spe": 85}, "ivs": {"hp": 31, "atk": 31, "def": 31, "spa": 31, "spd": 31, "spe": 31}, "item": "Leftovers", "teraType": "Water", "role": "Bulky Support", "bvs": {"hp": 75, "atk": 100, "def": 120, "spa": 25, "spd": 65, "spe": 65}, "stats": {"hp": 275, "atk": 226, "def": 261, "spa": 94, "spd": 165, "spe": 165}, "types": ["Ice", "Steel"]}, "Chi-Yu": {"name": "Chi-Yu", "species": "Chi-Yu", "speciesId": "chiyu", "gender": "N", "shiny": false, "level": 77, "moves": ["darkpulse", "psychic", "flamethrower", "overheat"], "ability": "Beads of Ruin", "evs": {"hp": 85, "atk": 0, "def": 85, "spa": 85, "spd": 85, "spe": 85}, "ivs": {"hp": 31, "atk": 0, "def": 31, "spa": 31, "spd": 31, "spe": 31}, "item": "Choice Scarf", "teraType": "Dark", "role": "Fast Attacker", "bvs": {"hp": 55, "atk": 80, "def": 80, "spa": 135, "spd": 120, "spe": 100}, "stats": {"hp": 211, "atk": 128, "def": 168, "spa": 252, "spd": 229, "spe": 199}, "types": ["Dark", "Fire"]}, "Indeedee": {"name": "Indeedee", "species": "Indeedee", "speciesId": "indeedee", "gender": "M", "shiny": false, "level": 84, "moves": ["expandingforce", "dazzlinggleam", "shadowball", "hypervoice"], "ability": "Psychic Surge", "evs": {"hp": 85, "atk": 0, "def": 85, "spa": 85, "spd": 85, "spe": 85}, "ivs": {"hp": 31, "atk": 0, "def": 31, "spa": 31, "spd": 31, "spe": 31}, "item": "Choice Scarf", "teraType": "Psychic", "role": "Fast Attacker", "bvs": {"hp": 60, "atk": 65, "def": 55, "spa": 105, "spd": 95, "spe": 95}, "stats": {"hp": 238, "atk": 114, "def": 141, "spa": 225, "spd": 208, "spe": 208}, "types": ["Psychic", "Normal"]}, "Zapdos": {"name": "Zapdos", "species": "Zapdos-Galar", "speciesId": "zapdosgalar", "gender": "N", "shiny": false, "level": 77, "moves": ["knockoff", "closecombat", "bravebird", "bulkup"], "ability": "Defiant", "evs": {"hp": 85, "atk": 85, "def": 85, "spa": 85, "spd": 85, "spe": 85}, "ivs": {"hp": 31, "atk": 31, "def": 31, "spa": 31, "spd": 31, "spe": 31}, "item": "Life Orb", "teraType": "Dark", "role": "Fast Attacker", "bvs": {"hp": 90, "atk": 125, "def": 90, "spa": 85, "spd": 90, "spe": 100}, "stats": {"hp": 265, "atk": 237, "def": 183, "spa": 175, "spd": 183, "spe": 199}, "types": ["Fighting", "Flying"]}}]}