{"id": "gen9randombattle-2631803112", "format": "[Gen 9] Random Battle", "players": ["noocha", "Jefejenaro"], "log": "|j|\u2606noocha\n|j|\u2606Jefejenaro\n|t:|1781441932\n|gametype|singles\n|player|p1|noocha|hanbei-conquest|1923\n|player|p2|Jefejenaro|wallace|1945\n|gen|9\n|tier|[Gen 9] Random Battle\n|rated|\n|rule|Species Clause: Limit one of each Pok\u00e9mon\n|rule|HP Percentage Mod: HP is shown in percentages\n|rule|Sleep Clause Mod: Limit one foe put to sleep\n|rule|Illusion Level Mod: Illusion disguises the Pok\u00e9mon's true level\n|\n|t:|1781441933\n|teamsize|p1|6\n|teamsize|p2|6\n|start\n|switch|p1a: Giratina|Giratina-Origin, L72|335/335\n|switch|p2a: Sandaconda|Sandaconda, L84, M|258/258\n|turn|1\n|inactive|Battle timer is ON: inactive players will automatically lose when time's up. (requested by noocha)\n|\n|t:|1781442007\n|move|p1a: Giratina|Draco Meteor|p2a: Sandaconda\n|-damage|p2a: Sandaconda|78/258\n|-unboost|p1a: Giratina|spa|2\n|move|p2a: Sandaconda|Scale Shot|p1a: Giratina\n|-supereffective|p1a: Giratina\n|-damage|p1a: Giratina|295/335\n|-supereffective|p1a: Giratina\n|-damage|p1a: Giratina|255/335\n|-supereffective|p1a: Giratina\n|-damage|p1a: Giratina|213/335\n|-supereffective|p1a: Giratina\n|-damage|p1a: Giratina|169/335\n|-hitcount|p1a: Giratina|4\n|-unboost|p2a: Sandaconda|def|1\n|-boost|p2a: Sandaconda|spe|1\n|\n|upkeep\n|turn|2\n|\n|t:|1781442022\n|switch|p1a: Dachsbun|Dachsbun, L92, F|254/254\n|move|p2a: Sandaconda|Scale Shot|p1a: Dachsbun\n|-immune|p1a: Dachsbun\n|\n|upkeep\n|turn|3\n|\n|t:|1781442040\n|switch|p2a: Arbok|Arbok, L87, M|246/246\n|-ability|p2a: Arbok|Intimidate|boost\n|-unboost|p1a: Dachsbun|atk|1\n|move|p1a: Dachsbun|Play Rough|p2a: Arbok\n|-resisted|p2a: Arbok\n|-damage|p2a: Arbok|206/246\n|\n|upkeep\n|turn|4\n|\n|t:|1781442062\n|switch|p1a: Iron Treads|Iron Treads, L77|265/265\n|move|p2a: Arbok|Gunk Shot|p1a: Iron Treads\n|-immune|p1a: Iron Treads\n|\n|upkeep\n|turn|5\n|\n|t:|1781442071\n|switch|p2a: Gurdurr|Gurdurr, L85, M|283/283\n|move|p1a: Iron Treads|Stealth Rock|p2a: Gurdurr\n|-sidestart|p2: Jefejenaro|move: Stealth Rock\n|\n|upkeep\n|turn|6\n|inactive|Jefejenaro has 120 seconds left.\n|inactive|noocha has 120 seconds left.\n|\n|t:|1781442108\n|-end|p1a: Iron Treads|Quark Drive|[silent]\n|switch|p1a: Venusaur|Venusaur, L84, F|272/272\n|move|p2a: Gurdurr|Knock Off|p1a: Venusaur\n|-damage|p1a: Venusaur|195/272\n|-enditem|p1a: Venusaur|Leftovers|[from] move: Knock Off|[of] p2a: Gurdurr\n|\n|upkeep\n|turn|7\n|\n|t:|1781442117\n|switch|p2a: Arbok|Arbok, L87, M|206/246\n|-damage|p2a: Arbok|176/246|[from] Stealth Rock\n|-ability|p2a: Arbok|Intimidate|boost\n|-unboost|p1a: Venusaur|atk|1\n|move|p1a: Venusaur|Leech Seed|p2a: Arbok\n|-start|p2a: Arbok|move: Leech Seed\n|\n|-damage|p2a: Arbok|146/246|[from] Leech Seed|[of] p1a: Venusaur\n|-heal|p1a: Venusaur|225/272|[silent]\n|upkeep\n|turn|8\n|\n|t:|1781442125\n|move|p2a: Arbok|Glare|p1a: Venusaur\n|-status|p1a: Venusaur|par\n|move|p1a: Venusaur|Substitute|p1a: Venusaur\n|-start|p1a: Venusaur|Substitute\n|-damage|p1a: Venusaur|157/272 par\n|\n|-damage|p2a: Arbok|116/246|[from] Leech Seed|[of] p1a: Venusaur\n|-heal|p1a: Venusaur|187/272 par|[silent]\n|upkeep\n|turn|9\n|inactive|Jefejenaro has 120 seconds left.\n|\n|t:|1781442137\n|switch|p2a: Hitmontop|Hitmontop, L88, M|231/231\n|-damage|p2a: Hitmontop|217/231|[from] Stealth Rock\n|move|p1a: Venusaur|Sludge Bomb|p2a: Hitmontop\n|-damage|p2a: Hitmontop|145/231\n|\n|-heal|p2a: Hitmontop|159/231|[from] item: Leftovers\n|upkeep\n|turn|10\n|\n|t:|1781442144\n|move|p2a: Hitmontop|Triple Axel|p1a: Venusaur\n|-supereffective|p1a: Venusaur\n|-activate|p1a: Venusaur|move: Substitute|[damage]\n|-supereffective|p1a: Venusaur\n|-end|p1a: Venusaur|Substitute\n|-supereffective|p1a: Venusaur\n|-damage|p1a: Venusaur|55/272 par\n|-hitcount|p1a: Venusaur|3\n|cant|p1a: Venusaur|par\n|\n|-heal|p2a: Hitmontop|173/231|[from] item: Leftovers\n|upkeep\n|turn|11\n|\n|t:|1781442152\n|move|p2a: Hitmontop|Rapid Spin|p1a: Venusaur\n|-damage|p1a: Venusaur|0 fnt\n|-boost|p2a: Hitmontop|spe|1\n|-sideend|p2: Jefejenaro|Stealth Rock|[from] move: Rapid Spin|[of] p2a: Hitmontop\n|faint|p1a: Venusaur\n|\n|-heal|p2a: Hitmontop|187/231|[from] item: Leftovers\n|upkeep\n|\n|t:|1781442155\n|switch|p1a: Dachsbun|Dachsbun, L92, F|254/254\n|turn|12\n|\n|t:|1781442167\n|switch|p2a: Arbok|Arbok, L87, M|116/246\n|-ability|p2a: Arbok|Intimidate|boost\n|-unboost|p1a: Dachsbun|atk|1\n|move|p1a: Dachsbun|Wish|p1a: Dachsbun\n|\n|upkeep\n|turn|13\n|\n|t:|1781442177\n|switch|p1a: Iron Treads|Iron Treads, L77|265/265\n|move|p2a: Arbok|Glare|p1a: Iron Treads\n|-status|p1a: Iron Treads|par\n|\n|upkeep\n|turn|14\n|\n|t:|1781442200\n|switch|p2a: Gurdurr|Gurdurr, L85, M|283/283\n|cant|p1a: Iron Treads|par\n|\n|upkeep\n|turn|15\n|\n|t:|1781442206\n|-end|p1a: Iron Treads|Quark Drive|[silent]\n|switch|p1a: Giratina|Giratina-Origin, L72|169/335\n|move|p2a: Gurdurr|Knock Off|p1a: Giratina\n|-supereffective|p1a: Giratina\n|-damage|p1a: Giratina|59/335\n|\n|upkeep\n|turn|16\n|\n|t:|1781442211\n|move|p1a: Giratina|Draco Meteor|p2a: Gurdurr\n|-damage|p2a: Gurdurr|147/283\n|-unboost|p1a: Giratina|spa|2\n|move|p2a: Gurdurr|Knock Off|p1a: Giratina\n|-supereffective|p1a: Giratina\n|-damage|p1a: Giratina|0 fnt\n|faint|p1a: Giratina\n|\n|upkeep\n|\n|t:|1781442213\n|switch|p1a: Enamorus|Enamorus, L79, F|247/247\n|turn|17\n|\n|t:|1781442241\n|switch|p2a: Sandaconda|Sandaconda, L84, M|78/258\n|move|p1a: Enamorus|Substitute|p1a: Enamorus\n|-start|p1a: Enamorus|Substitute\n|-damage|p1a: Enamorus|186/247\n|\n|-heal|p1a: Enamorus|201/247|[from] item: Leftovers\n|upkeep\n|turn|18\n|\n|t:|1781442251\n|-terastallize|p1a: Enamorus|Fighting\n|move|p1a: Enamorus|Superpower|p2a: Sandaconda\n|-damage|p2a: Sandaconda|0 fnt\n|-boost|p1a: Enamorus|atk|1\n|-boost|p1a: Enamorus|def|1\n|faint|p2a: Sandaconda\n|\n|-heal|p1a: Enamorus|216/247|[from] item: Leftovers\n|upkeep\n|inactive|Jefejenaro has 120 seconds left.\n|\n|t:|1781442277\n|switch|p2a: Dragonite|Dragonite, L74, F|257/257\n|turn|19\n|\n|t:|1781442282\n|-terastallize|p2a: Dragonite|Flying\n|move|p1a: Enamorus|Superpower|p2a: Dragonite\n|-resisted|p2a: Dragonite\n|-damage|p2a: Dragonite|204/257\n|-boost|p1a: Enamorus|atk|1\n|-boost|p1a: Enamorus|def|1\n|move|p2a: Dragonite|Dragon Dance|p2a: Dragonite\n|-boost|p2a: Dragonite|atk|1\n|-boost|p2a: Dragonite|spe|1\n|\n|-heal|p1a: Enamorus|231/247|[from] item: Leftovers\n|upkeep\n|turn|20\n|\n|t:|1781442293\n|move|p2a: Dragonite|Tera Blast|p1a: Enamorus|[anim] Tera Blast Flying\n|-supereffective|p1a: Enamorus\n|-end|p1a: Enamorus|Substitute\n|move|p1a: Enamorus|Superpower|p2a: Dragonite\n|-resisted|p2a: Dragonite\n|-damage|p2a: Dragonite|66/257\n|-boost|p1a: Enamorus|atk|1\n|-boost|p1a: Enamorus|def|1\n|\n|-heal|p1a: Enamorus|246/247|[from] item: Leftovers\n|upkeep\n|turn|21\n|\n|t:|1781442298\n|move|p2a: Dragonite|Tera Blast|p1a: Enamorus|[anim] Tera Blast Flying\n|-supereffective|p1a: Enamorus\n|-damage|p1a: Enamorus|74/247\n|move|p1a: Enamorus|Superpower|p2a: Dragonite\n|-resisted|p2a: Dragonite\n|-damage|p2a: Dragonite|0 fnt\n|-boost|p1a: Enamorus|atk|1\n|-boost|p1a: Enamorus|def|1\n|faint|p2a: Dragonite\n|\n|-heal|p1a: Enamorus|89/247|[from] item: Leftovers\n|upkeep\n|\n|t:|1781442303\n|switch|p2a: Zacian|Zacian, L69|241/241\n|-ability|p2a: Zacian|Intrepid Sword|boost\n|-boost|p2a: Zacian|atk|1\n|turn|22\n|\n|t:|1781442307\n|move|p2a: Zacian|Play Rough|p1a: Enamorus\n|-supereffective|p1a: Enamorus\n|-damage|p1a: Enamorus|0 fnt\n|faint|p1a: Enamorus\n|-damage|p2a: Zacian|217/241|[from] item: Life Orb\n|\n|upkeep\n|\n|t:|1781442317\n|switch|p1a: Volcanion|Volcanion, L79|256/256\n|turn|23\n|\n|t:|1781442323\n|move|p2a: Zacian|Swords Dance|p2a: Zacian\n|-boost|p2a: Zacian|atk|2\n|move|p1a: Volcanion|Steam Eruption|p2a: Zacian\n|-damage|p2a: Zacian|81/241\n|\n|upkeep\n|turn|24\n|\n|t:|1781442329\n|move|p2a: Zacian|Close Combat|p1a: Volcanion\n|-damage|p1a: Volcanion|83/256\n|-unboost|p2a: Zacian|def|1\n|-unboost|p2a: Zacian|spd|1\n|-damage|p2a: Zacian|57/241|[from] item: Life Orb\n|move|p1a: Volcanion|Steam Eruption|p2a: Zacian\n|-damage|p2a: Zacian|0 fnt\n|faint|p2a: Zacian\n|\n|upkeep\n|inactive|Jefejenaro has 120 seconds left.\n|\n|t:|1781442369\n|switch|p2a: Hitmontop|Hitmontop, L88, M|187/231\n|turn|25\n|\n|t:|1781442375\n|move|p2a: Hitmontop|Close Combat|p1a: Volcanion\n|-damage|p1a: Volcanion|0 fnt\n|-unboost|p2a: Hitmontop|def|1\n|-unboost|p2a: Hitmontop|spd|1\n|faint|p1a: Volcanion\n|\n|-heal|p2a: Hitmontop|201/231|[from] item: Leftovers\n|upkeep\n|\n|t:|1781442377\n|switch|p1a: Dachsbun|Dachsbun, L92, F|254/254\n|turn|26\n|\n|t:|1781442390\n|switch|p2a: Gurdurr|Gurdurr, L85, M|147/283\n|move|p1a: Dachsbun|Body Press|p2a: Gurdurr\n|-damage|p2a: Gurdurr|91/283\n|\n|upkeep\n|turn|27\n|\n|t:|1781442396\n|move|p1a: Dachsbun|Body Press|p2a: Gurdurr\n|-damage|p2a: Gurdurr|43/283\n|move|p2a: Gurdurr|Knock Off|p1a: Dachsbun\n|-resisted|p1a: Dachsbun\n|-crit|p1a: Dachsbun\n|-damage|p1a: Dachsbun|211/254\n|-enditem|p1a: Dachsbun|Leftovers|[from] move: Knock Off|[of] p2a: Gurdurr\n|\n|upkeep\n|turn|28\n|\n|t:|1781442404\n|move|p1a: Dachsbun|Body Press|p2a: Gurdurr\n|-damage|p2a: Gurdurr|0 fnt\n|faint|p2a: Gurdurr\n|\n|upkeep\n|\n|t:|1781442407\n|switch|p2a: Arbok|Arbok, L87, M|116/246\n|-ability|p2a: Arbok|Intimidate|boost\n|-unboost|p1a: Dachsbun|atk|1\n|turn|29\n|\n|t:|1781442420\n|switch|p2a: Hitmontop|Hitmontop, L88, M|201/231\n|move|p1a: Dachsbun|Body Press|p2a: Hitmontop\n|-damage|p2a: Hitmontop|133/231\n|\n|-heal|p2a: Hitmontop|147/231|[from] item: Leftovers\n|upkeep\n|turn|30\n|\n|t:|1781442424\n|switch|p2a: Arbok|Arbok, L87, M|116/246\n|-ability|p2a: Arbok|Intimidate|boost\n|-unboost|p1a: Dachsbun|atk|1\n|move|p1a: Dachsbun|Body Press|p2a: Arbok\n|-resisted|p2a: Arbok\n|-damage|p2a: Arbok|71/246\n|\n|upkeep\n|turn|31\n|\n|t:|1781442426\n|switch|p1a: Iron Treads|Iron Treads, L77|265/265 par\n|move|p2a: Arbok|Gunk Shot|p1a: Iron Treads\n|-immune|p1a: Iron Treads\n|\n|upkeep\n|turn|32\n|\n|t:|1781442436\n|move|p2a: Arbok|Knock Off|p1a: Iron Treads\n|-damage|p1a: Iron Treads|192/265 par\n|-enditem|p1a: Iron Treads|Leftovers|[from] move: Knock Off|[of] p2a: Arbok\n|-damage|p2a: Arbok|47/246|[from] item: Life Orb\n|move|p1a: Iron Treads|Earthquake|p2a: Arbok\n|-supereffective|p2a: Arbok\n|-damage|p2a: Arbok|0 fnt\n|faint|p2a: Arbok\n|\n|upkeep\n|\n|t:|1781442440\n|switch|p2a: Hitmontop|Hitmontop, L88, M|147/231\n|turn|33\n|\n|t:|1781442447\n|-end|p1a: Iron Treads|Quark Drive|[silent]\n|switch|p1a: Dachsbun|Dachsbun, L92, F|211/254\n|move|p2a: Hitmontop|Bulk Up|p2a: Hitmontop\n|-boost|p2a: Hitmontop|atk|1\n|-boost|p2a: Hitmontop|def|1\n|\n|-heal|p2a: Hitmontop|161/231|[from] item: Leftovers\n|upkeep\n|turn|34\n|\n|t:|1781442450\n|move|p1a: Dachsbun|Play Rough|p2a: Hitmontop|[miss]\n|-miss|p1a: Dachsbun|p2a: Hitmontop\n|move|p2a: Hitmontop|Rapid Spin|p1a: Dachsbun\n|-damage|p1a: Dachsbun|147/254\n|-boost|p2a: Hitmontop|spe|1\n|\n|-heal|p2a: Hitmontop|175/231|[from] item: Leftovers\n|upkeep\n|turn|35\n|\n|t:|1781442454\n|move|p2a: Hitmontop|Triple Axel|p1a: Dachsbun\n|-damage|p1a: Dachsbun|123/254\n|-damage|p1a: Dachsbun|71/254\n|-damage|p1a: Dachsbun|0 fnt\n|faint|p1a: Dachsbun\n|-hitcount|p1: Dachsbun|3\n|\n|-heal|p2a: Hitmontop|189/231|[from] item: Leftovers\n|upkeep\n|-message|noocha forfeited.\n|\n|win|Jefejenaro\n", "inputlog": ">version a8376a258c1d4662feba110a92103f3664a72141\n>start {\"formatid\":\"gen9randombattle\",\"seed\":\"sodium,9d0eb1e502918df2b5f513797fd498b9\",\"rated\":\"Rated battle\"}\n>player p1 {\"name\":\"noocha\",\"avatar\":\"hanbei-conquest\",\"rating\":1923,\"seed\":\"sodium,cd915fd3a57084f312660ec819779f8b\"}\n>player p2 {\"name\":\"Jefejenaro\",\"avatar\":\"wallace\",\"rating\":1945,\"seed\":\"sodium,6659cd763363ee225302224850189679\"}\n>p1 move dracometeor\n>p2 move scaleshot\n>p1 switch 6\n>p2 move scaleshot\n>p1 move playrough\n>p2 switch 2\n>p1 switch 5\n>p2 move gunkshot\n>p1 move stealthrock\n>p2 switch 3\n>p1 switch 4\n>p2 move knockoff\n>p1 move leechseed\n>p2 switch 3\n>p1 move substitute\n>p2 move glare\n>p1 move sludgebomb\n>p2 switch 5\n>p1 move sleeppowder\n>p2 move tripleaxel\n>p1 move leechseed\n>p2 move rapidspin\n>p1 switch 5\n>p1 move wish\n>p2 switch 5\n>p1 switch 4\n>p2 move glare\n>p1 move stealthrock\n>p2 switch 3\n>p1 switch 6\n>p2 move knockoff\n>p1 move dracometeor\n>p2 move knockoff\n>p1 switch 3\n>p1 move substitute\n>p2 switch 2\n>p1 move superpower terastallize\n>p2 move rockblast\n>p2 switch 4\n>p1 move superpower\n>p2 move dragondance terastallize\n>p1 move superpower\n>p2 move terablast\n>p1 move superpower\n>p2 move terablast\n>p2 switch 6\n>p1 move playrough\n>p2 move playrough\n>p1 switch 2\n>p1 move steameruption\n>p2 move swordsdance\n>p1 move steameruption\n>p2 move closecombat\n>p2 switch 5\n>p1 move steameruption\n>p2 move closecombat\n>p1 switch 4\n>p1 move bodypress\n>p2 switch 2\n>p1 move bodypress\n>p2 move knockoff\n>p1 move bodypress\n>p2 move drainpunch\n>p2 switch 3\n>p1 move bodypress\n>p2 switch 2\n>p1 move bodypress\n>p2 switch 2\n>p1 switch 6\n>p2 move gunkshot\n>p1 move earthquake\n>p2 move knockoff\n>p2 switch 2\n>p1 switch 6\n>p2 move bulkup\n>p1 move playrough\n>p2 move rapidspin\n>p1 move playrough\n>p2 move tripleaxel\n>forcelose p1", "uploadtime": 1781441935, "views": 4, "formatid": "gen9randombattle", "rating": null, "private": 0, "password": null, "player_dets": [{"name": "noocha", "avatar": "hanbei-conquest", "rating": 1923, "seed": "sodium,cd915fd3a57084f312660ec819779f8b"}, {"name": "Jefejenaro", "avatar": "wallace", "rating": 1945, "seed": "sodium,6659cd763363ee225302224850189679"}], "teams_full": [{"Giratina": {"name": "Giratina", "species": "Giratina-Origin", "speciesId": "giratinaorigin", "gender": "N", "shiny": false, "level": 72, "moves": ["defog", "poltergeist", "dracometeor", "shadowsneak"], "ability": "Levitate", "evs": {"hp": 85, "atk": 85, "def": 85, "spa": 85, "spd": 85, "spe": 85}, "ivs": {"hp": 31, "atk": 31, "def": 31, "spa": 31, "spd": 31, "spe": 31}, "item": "Griseous Core", "teraType": "Ghost", "role": "Fast Attacker", "bvs": {"hp": 150, "atk": 120, "def": 100, "spa": 120, "spd": 100, "spe": 90}, "stats": {"hp": 335, "atk": 215, "def": 186, "spa": 215, "spd": 186, "spe": 172}, "types": ["Ghost", "Dragon"]}, "Volcanion": {"name": "Volcanion", "species": "Volcanion", "speciesId": "volcanion", "gender": "N", "shiny": false, "level": 79, "moves": ["flamethrower", "haze", "earthpower", "steameruption"], "ability": "Water Absorb", "evs": {"hp": 85, "atk": 0, "def": 85, "spa": 85, "spd": 85, "spe": 85}, "ivs": {"hp": 31, "atk": 0, "def": 31, "spa": 31, "spd": 31, "spe": 31}, "item": "Heavy-Duty Boots", "teraType": "Water", "role": "Bulky Attacker", "bvs": {"hp": 80, "atk": 110, "def": 120, "spa": 130, "spd": 90, "spe": 70}, "stats": {"hp": 256, "atk": 178, "def": 235, "spa": 251, "spd": 188, "spe": 156}, "types": ["Fire", "Water"]}, "Enamorus": {"name": "Enamorus", "species": "Enamorus", "speciesId": "enamorus", "gender": "F", "shiny": false, "level": 79, "moves": ["zenheadbutt", "playrough", "substitute", "superpower"], "ability": "Contrary", "evs": {"hp": 85, "atk": 85, "def": 85, "spa": 85, "spd": 85, "spe": 85}, "ivs": {"hp": 31, "atk": 31, "def": 31, "spa": 31, "spd": 31, "spe": 31}, "item": "Leftovers", "teraType": "Fighting", "role": "Setup Sweeper", "bvs": {"hp": 74, "atk": 115, "def": 70, "spa": 135, "spd": 80, "spe": 106}, "stats": {"hp": 247, "atk": 227, "def": 156, "spa": 259, "spd": 172, "spe": 213}, "types": ["Fairy", "Flying"]}, "Venusaur": {"name": "Venusaur", "species": "Venusaur", "speciesId": "venusaur", "gender": "F", "shiny": false, "level": 84, "moves": ["substitute", "sleeppowder", "sludgebomb", "leechseed"], "ability": "Chlorophyll", "evs": {"hp": 85, "atk": 0, "def": 85, "spa": 85, "spd": 85, "spe": 85}, "ivs": {"hp": 31, "atk": 0, "def": 31, "spa": 31, "spd": 31, "spe": 31}, "item": "Leftovers", "teraType": "Water", "role": "Bulky Support", "bvs": {"hp": 80, "atk": 82, "def": 83, "spa": 100, "spd": 100, "spe": 80}, "stats": {"hp": 272, "atk": 142, "def": 188, "spa": 216, "spd": 216, "spe": 183}, "types": ["Grass", "Poison"]}, "Iron Treads": {"name": "Iron Treads", "species": "Iron Treads", "speciesId": "irontreads", "gender": "N", "shiny": false, "level": 77, "moves": ["ironhead", "earthquake", "stealthrock", "knockoff"], "ability": "Quark Drive", "evs": {"hp": 85, "atk": 85, "def": 85, "spa": 85, "spd": 85, "spe": 85}, "ivs": {"hp": 31, "atk": 31, "def": 31, "spa": 31, "spd": 31, "spe": 31}, "item": "Leftovers", "teraType": "Dragon", "role": "Bulky Support", "bvs": {"hp": 90, "atk": 112, "def": 120, "spa": 72, "spd": 70, "spe": 106}, "stats": {"hp": 265, "atk": 217, "def": 229, "spa": 155, "spd": 152, "spe": 208}, "types": ["Ground", "Steel"]}, "Dachsbun": {"name": "Dachsbun", "species": "Dachsbun", "speciesId": "dachsbun", "gender": "F", "shiny": false, "level": 92, "moves": ["wish", "bodypress", "playrough", "protect"], "ability": "Well-Baked Body", "evs": {"hp": 85, "atk": 85, "def": 85, "spa": 85, "spd": 85, "spe": 85}, "ivs": {"hp": 31, "atk": 31, "def": 31, "spa": 31, "spd": 31, "spe": 31}, "item": "Leftovers", "teraType": "Steel", "role": "Bulky Support", "bvs": {"hp": 57, "atk": 80, "def": 115, "spa": 50, "spd": 80, "spe": 95}, "stats": {"hp": 254, "atk": 200, "def": 264, "spa": 144, "spd": 200, "spe": 227}, "types": ["Fairy"]}}, {"Sandaconda": {"name": "Sandaconda", "species": "Sandaconda", "speciesId": "sandaconda", "gender": "M", "shiny": false, "level": 84, "moves": ["earthquake", "scaleshot", "coil", "rockblast"], "ability": "Shed Skin", "evs": {"hp": 85, "atk": 85, "def": 85, "spa": 85, "spd": 85, "spe": 85}, "ivs": {"hp": 31, "atk": 31, "def": 31, "spa": 31, "spd": 31, "spe": 31}, "item": "Loaded Dice", "teraType": "Dragon", "role": "Fast Bulky Setup", "bvs": {"hp": 72, "atk": 107, "def": 125, "spa": 65, "spd": 70, "spe": 71}, "stats": {"hp": 258, "atk": 228, "def": 258, "spa": 157, "spd": 166, "spe": 167}, "types": ["Ground"]}, "Arbok": {"name": "Arbok", "species": "Arbok", "speciesId": "arbok", "gender": "M", "shiny": false, "level": 87, "moves": ["glare", "knockoff", "gunkshot", "suckerpunch"], "ability": "Intimidate", "evs": {"hp": 85, "atk": 85, "def": 85, "spa": 85, "spd": 85, "spe": 85}, "ivs": {"hp": 31, "atk": 31, "def": 31, "spa": 31, "spd": 31, "spe": 31}, "item": "Life Orb", "teraType": "Dark", "role": "Fast Support", "bvs": {"hp": 60, "atk": 95, "def": 69, "spa": 65, "spd": 79, "spe": 80}, "stats": {"hp": 246, "atk": 215, "def": 170, "spa": 163, "spd": 187, "spe": 189}, "types": ["Poison"]}, "Gurdurr": {"name": "Gurdurr", "species": "Gurdurr", "speciesId": "gurdurr", "gender": "M", "shiny": false, "level": 85, "moves": ["bulkup", "knockoff", "drainpunch", "machpunch"], "ability": "Guts", "evs": {"hp": 85, "atk": 85, "def": 85, "spa": 85, "spd": 85, "spe": 85}, "ivs": {"hp": 31, "atk": 31, "def": 31, "spa": 31, "spd": 31, "spe": 31}, "item": "Eviolite", "teraType": "Steel", "role": "Bulky Attacker", "bvs": {"hp": 85, "atk": 105, "def": 85, "spa": 40, "spd": 50, "spe": 40}, "stats": {"hp": 283, "atk": 227, "def": 193, "spa": 117, "spd": 134, "spe": 117}, "types": ["Fighting"]}, "Dragonite": {"name": "Dragonite", "species": "Dragonite", "speciesId": "dragonite", "gender": "F", "shiny": false, "level": 74, "moves": ["outrage", "earthquake", "terablast", "dragondance"], "ability": "Multiscale", "evs": {"hp": 85, "atk": 85, "def": 85, "spa": 85, "spd": 85, "spe": 85}, "ivs": {"hp": 31, "atk": 31, "def": 31, "spa": 31, "spd": 31, "spe": 31}, "item": "Heavy-Duty Boots", "teraType": "Flying", "role": "Tera Blast user", "bvs": {"hp": 91, "atk": 134, "def": 95, "spa": 100, "spd": 100, "spe": 80}, "stats": {"hp": 257, "atk": 241, "def": 184, "spa": 191, "spd": 191, "spe": 161}, "types": ["Dragon", "Flying"]}, "Hitmontop": {"name": "Hitmontop", "species": "Hitmontop", "speciesId": "hitmontop", "gender": "M", "shiny": false, "level": 88, "moves": ["tripleaxel", "bulkup", "rapidspin", "closecombat"], "ability": "Technician", "evs": {"hp": 85, "atk": 85, "def": 85, "spa": 85, "spd": 85, "spe": 85}, "ivs": {"hp": 31, "atk": 31, "def": 31, "spa": 31, "spd": 31, "spe": 31}, "item": "Leftovers", "teraType": "Ice", "role": "Bulky Setup", "bvs": {"hp": 50, "atk": 95, "def": 95, "spa": 35, "spd": 110, "spe": 70}, "stats": {"hp": 231, "atk": 217, "def": 217, "spa": 112, "spd": 244, "spe": 173}, "types": ["Fighting"]}, "Zacian": {"name": "Zacian", "species": "Zacian", "speciesId": "zacian", "gender": "N", "shiny": false, "level": 69, "moves": ["playrough", "closecombat", "swordsdance", "psychicfangs"], "ability": "Intrepid Sword", "evs": {"hp": 85, "atk": 85, "def": 85, "spa": 85, "spd": 85, "spe": 85}, "ivs": {"hp": 31, "atk": 31, "def": 31, "spa": 31, "spd": 31, "spe": 31}, "item": "Life Orb", "teraType": "Fighting", "role": "Fast Attacker", "bvs": {"hp": 92, "atk": 120, "def": 115, "spa": 80, "spd": 115, "spe": 138}, "stats": {"hp": 241, "atk": 206, "def": 199, "spa": 151, "spd": 199, "spe": 231}, "types": ["Fairy"]}}]}