{"id": "gen9randombattle-2631944906", "format": "[Gen 9] Random Battle", "players": ["Kids_ghost13", "YouShallNotPas"], "log": "|j|\u2606Kids_ghost13\n|j|\u2606YouShallNotPas\n|t:|1781458463\n|gametype|singles\n|player|p1|Kids_ghost13|169|1928\n|player|p2|YouShallNotPas|101|1918\n|gen|9\n|tier|[Gen 9] Random Battle\n|rated|\n|rule|Species Clause: Limit one of each Pok\u00e9mon\n|rule|HP Percentage Mod: HP is shown in percentages\n|rule|Sleep Clause Mod: Limit one foe put to sleep\n|rule|Illusion Level Mod: Illusion disguises the Pok\u00e9mon's true level\n|\n|t:|1781458463\n|teamsize|p1|6\n|teamsize|p2|6\n|start\n|switch|p1a: Talonflame|Talonflame, L83, M|265/265\n|switch|p2a: Wyrdeer|Wyrdeer, L87, M|321/321\n|-ability|p2a: Wyrdeer|Intimidate|boost\n|-unboost|p1a: Talonflame|atk|1\n|turn|1\n|\n|t:|1781458477\n|switch|p1a: Abomasnow|Abomasnow, L84, M|287/287\n|-weather|Snowscape|[from] ability: Snow Warning|[of] p1a: Abomasnow\n|move|p2a: Wyrdeer|Earthquake|p1a: Abomasnow\n|-resisted|p1a: Abomasnow\n|-crit|p1a: Abomasnow\n|-damage|p1a: Abomasnow|239/287\n|\n|-weather|Snowscape|[upkeep]\n|upkeep\n|turn|2\n|\n|t:|1781458485\n|move|p2a: Wyrdeer|Thunder Wave|p1a: Abomasnow\n|-status|p1a: Abomasnow|par\n|move|p1a: Abomasnow|Aurora Veil|p1a: Abomasnow\n|-sidestart|p1: Kids_ghost13|move: Aurora Veil\n|\n|-weather|Snowscape|[upkeep]\n|upkeep\n|turn|3\n|\n|t:|1781458495\n|move|p2a: Wyrdeer|Thunder Wave|p1a: Abomasnow\n|-fail|p1a: Abomasnow|par\n|move|p1a: Abomasnow|Blizzard|p2a: Wyrdeer\n|-damage|p2a: Wyrdeer|209/321\n|\n|-weather|Snowscape|[upkeep]\n|-heal|p2a: Wyrdeer|229/321|[from] item: Leftovers\n|upkeep\n|turn|4\n|\n|t:|1781458504\n|switch|p2a: Regice|Regice, L88|284/284\n|cant|p1a: Abomasnow|par\n|\n|-weather|Snowscape|[upkeep]\n|upkeep\n|turn|5\n|\n|t:|1781458520\n|switch|p1a: Glaceon|Glaceon, L94, M|275/275\n|move|p2a: Regice|Thunderbolt|p1a: Glaceon\n|-damage|p1a: Glaceon|244/275\n|\n|-weather|none\n|upkeep\n|turn|6\n|\n|t:|1781458529\n|move|p1a: Glaceon|Freeze-Dry|p2a: Regice\n|-resisted|p2a: Regice\n|-damage|p2a: Regice|257/284\n|move|p2a: Regice|Thunderbolt|p1a: Glaceon\n|-damage|p1a: Glaceon|213/275\n|\n|upkeep\n|turn|7\n|\n|t:|1781458538\n|move|p1a: Glaceon|Wish|p1a: Glaceon\n|move|p2a: Regice|Thunderbolt|p1a: Glaceon\n|-damage|p1a: Glaceon|184/275\n|\n|upkeep\n|turn|8\n|\n|t:|1781458543\n|switch|p1a: Abomasnow|Abomasnow, L84, M|239/287 par\n|-weather|Snowscape|[from] ability: Snow Warning|[of] p1a: Abomasnow\n|move|p2a: Regice|Thunderbolt|p1a: Abomasnow\n|-resisted|p1a: Abomasnow\n|-damage|p1a: Abomasnow|222/287 par\n|\n|-weather|Snowscape|[upkeep]\n|-heal|p1a: Abomasnow|287/287 par|[from] move: Wish|[wisher] Glaceon\n|upkeep\n|turn|9\n|\n|t:|1781458571\n|switch|p2a: Cinderace|Cinderace, L77, F|249/249\n|move|p1a: Abomasnow|Earthquake|p2a: Cinderace\n|-supereffective|p2a: Cinderace\n|-damage|p2a: Cinderace|87/249\n|\n|-weather|Snowscape|[upkeep]\n|-sideend|p1: Kids_ghost13|move: Aurora Veil\n|upkeep\n|turn|10\n|\n|t:|1781458584\n|switch|p1a: Talonflame|Talonflame, L83, M|265/265\n|move|p2a: Cinderace|Pyro Ball|p1a: Talonflame\n|-resisted|p1a: Talonflame\n|-damage|p1a: Talonflame|154/265\n|\n|-weather|Snowscape|[upkeep]\n|upkeep\n|turn|11\n|\n|t:|1781458595\n|switch|p2a: Wyrdeer|Wyrdeer, L87, M|229/321\n|-ability|p2a: Wyrdeer|Intimidate|boost\n|-unboost|p1a: Talonflame|atk|1\n|move|p1a: Talonflame|Brave Bird|p2a: Wyrdeer\n|-damage|p2a: Wyrdeer|139/321\n|-damage|p1a: Talonflame|124/265|[from] Recoil\n|\n|-weather|Snowscape|[upkeep]\n|-heal|p2a: Wyrdeer|159/321|[from] item: Leftovers\n|upkeep\n|turn|12\n|\n|t:|1781458609\n|switch|p1a: Abomasnow|Abomasnow, L84, M|287/287 par\n|move|p2a: Wyrdeer|Megahorn|p1a: Abomasnow\n|-supereffective|p1a: Abomasnow\n|-damage|p1a: Abomasnow|131/287 par\n|\n|-weather|none\n|-heal|p2a: Wyrdeer|179/321|[from] item: Leftovers\n|upkeep\n|turn|13\n|\n|t:|1781458617\n|switch|p1a: Talonflame|Talonflame, L83, M|124/265\n|move|p2a: Wyrdeer|Megahorn|p1a: Talonflame\n|-resisted|p1a: Talonflame\n|-damage|p1a: Talonflame|96/265\n|-status|p2a: Wyrdeer|brn|[from] ability: Flame Body|[of] p1a: Talonflame\n|\n|-heal|p2a: Wyrdeer|199/321 brn|[from] item: Leftovers\n|-damage|p2a: Wyrdeer|179/321 brn|[from] brn\n|upkeep\n|turn|14\n|\n|t:|1781458630\n|move|p1a: Talonflame|Flare Blitz|p2a: Wyrdeer\n|-damage|p2a: Wyrdeer|62/321 brn\n|-damage|p1a: Talonflame|57/265|[from] Recoil\n|move|p2a: Wyrdeer|Thunder Wave|p1a: Talonflame\n|-status|p1a: Talonflame|par\n|\n|-heal|p2a: Wyrdeer|82/321 brn|[from] item: Leftovers\n|-damage|p2a: Wyrdeer|62/321 brn|[from] brn\n|upkeep\n|turn|15\n|\n|t:|1781458639\n|move|p2a: Wyrdeer|Psychic Noise|p1a: Talonflame\n|-damage|p1a: Talonflame|0 fnt\n|faint|p1a: Talonflame\n|\n|-heal|p2a: Wyrdeer|82/321 brn|[from] item: Leftovers\n|-damage|p2a: Wyrdeer|62/321 brn|[from] brn\n|upkeep\n|\n|t:|1781458649\n|switch|p1a: Glaceon|Glaceon, L94, M|184/275\n|turn|16\n|\n|t:|1781458656\n|switch|p2a: Regice|Regice, L88|257/284\n|move|p1a: Glaceon|Protect||[still]\n|-fail|p1a: Glaceon\n|\n|upkeep\n|turn|17\n|\n|t:|1781458662\n|move|p1a: Glaceon|Wish|p1a: Glaceon\n|move|p2a: Regice|Thunderbolt|p1a: Glaceon\n|-damage|p1a: Glaceon|126/275\n|\n|upkeep\n|turn|18\n|\n|t:|1781458683\n|switch|p2a: Drifblim|Drifblim, L86, F|396/396\n|move|p1a: Glaceon|Freeze-Dry|p2a: Drifblim\n|-supereffective|p2a: Drifblim\n|-damage|p2a: Drifblim|100/396\n|-enditem|p2a: Drifblim|Sitrus Berry|[eat]\n|-heal|p2a: Drifblim|199/396|[from] item: Sitrus Berry\n|\n|-heal|p1a: Glaceon|263/275|[from] move: Wish|[wisher] Glaceon\n|upkeep\n|turn|19\n|\n|t:|1781458700\n|-terastallize|p2a: Drifblim|Steel\n|move|p2a: Drifblim|Calm Mind|p2a: Drifblim\n|-boost|p2a: Drifblim|spa|1\n|-boost|p2a: Drifblim|spd|1\n|move|p1a: Glaceon|Freeze-Dry|p2a: Drifblim\n|-resisted|p2a: Drifblim\n|-damage|p2a: Drifblim|141/396\n|\n|upkeep\n|turn|20\n|\n|t:|1781458712\n|switch|p1a: Keldeo|Keldeo-Resolute, L79|273/273\n|move|p2a: Drifblim|Strength Sap|p1a: Keldeo\n|-unboost|p1a: Keldeo|atk|1\n|-heal|p2a: Drifblim|300/396\n|\n|upkeep\n|turn|21\n|\n|t:|1781458731\n|-terastallize|p1a: Keldeo|Fighting\n|move|p2a: Drifblim|Calm Mind|p2a: Drifblim\n|-boost|p2a: Drifblim|spa|1\n|-boost|p2a: Drifblim|spd|1\n|move|p1a: Keldeo|Secret Sword|p2a: Drifblim\n|-supereffective|p2a: Drifblim\n|-damage|p2a: Drifblim|0 fnt\n|faint|p2a: Drifblim\n|\n|upkeep\n|\n|t:|1781458745\n|switch|p2a: Cinderace|Cinderace, L77, F|87/249\n|turn|22\n|\n|t:|1781458766\n|move|p1a: Keldeo|Secret Sword|p2a: Cinderace\n|-damage|p2a: Cinderace|0 fnt\n|faint|p2a: Cinderace\n|\n|upkeep\n|\n|t:|1781458776\n|switch|p2a: Komala|Komala, L88, M|258/258\n|-ability|p2a: Komala|Comatose\n|turn|23\n|-message|YouShallNotPas forfeited.\n|\n|win|Kids_ghost13\n", "inputlog": ">version a8376a258c1d4662feba110a92103f3664a72141\n>start {\"formatid\":\"gen9randombattle\",\"seed\":\"sodium,5e7569bae9ecc186f4301b372e248418\",\"rated\":\"Rated battle\"}\n>player p1 {\"name\":\"Kids_ghost13\",\"avatar\":\"169\",\"rating\":1928,\"seed\":\"sodium,85c1d0ce9418f098356bec5459968712\"}\n>player p2 {\"name\":\"YouShallNotPas\",\"avatar\":\"101\",\"rating\":1918,\"seed\":\"sodium,243a173d391ff8c621dcde4a9ce5c70d\"}\n>p1 switch 6\n>p2 move earthquake\n>p1 move auroraveil\n>p2 move thunderwave\n>p1 move blizzard\n>p2 move thunderwave\n>p1 move earthquake\n>p2 switch 2\n>p1 switch 3\n>p2 move thunderbolt\n>p1 move freezedry\n>p2 move thunderbolt\n>p1 move wish\n>p2 move thunderbolt\n>p1 switch 3\n>p2 move thunderbolt\n>p1 move earthquake\n>p2 switch 6\n>p1 switch 6\n>p2 move pyroball\n>p1 move bravebird\n>p2 switch 2\n>p1 switch 6\n>p2 move megahorn\n>p1 switch 6\n>p2 move megahorn\n>p1 move flareblitz\n>p2 move thunderwave\n>p1 move bravebird\n>p2 move psychicnoise\n>p1 switch 3\n>p1 move protect\n>p2 switch 6\n>p1 move wish\n>p2 move thunderbolt\n>p1 move freezedry\n>p2 switch 5\n>p1 move freezedry\n>p2 move calmmind terastallize\n>p1 switch 4\n>p2 move strengthsap\n>p1 move secretsword terastallize\n>p2 move calmmind\n>p2 switch 2\n>p1 move secretsword\n>p2 move gunkshot\n>p2 switch 3\n>forcelose p2", "uploadtime": 1781458465, "views": 5, "formatid": "gen9randombattle", "rating": null, "private": 0, "password": null, "player_dets": [{"name": "Kids_ghost13", "avatar": "169", "rating": 1928, "seed": "sodium,85c1d0ce9418f098356bec5459968712"}, {"name": "YouShallNotPas", "avatar": "101", "rating": 1918, "seed": "sodium,243a173d391ff8c621dcde4a9ce5c70d"}], "teams_full": [{"Talonflame": {"name": "Talonflame", "species": "Talonflame", "speciesId": "talonflame", "gender": "M", "shiny": false, "level": 83, "moves": ["swordsdance", "flareblitz", "bravebird", "terablast"], "ability": "Flame Body", "evs": {"hp": 85, "atk": 85, "def": 85, "spa": 85, "spd": 85, "spe": 85}, "ivs": {"hp": 31, "atk": 31, "def": 31, "spa": 31, "spd": 31, "spe": 31}, "item": "Heavy-Duty Boots", "teraType": "Ground", "role": "Tera Blast user", "bvs": {"hp": 78, "atk": 81, "def": 71, "spa": 74, "spd": 69, "spe": 126}, "stats": {"hp": 265, "atk": 182, "def": 166, "spa": 171, "spd": 162, "spe": 257}}, "Ditto": {"name": "Ditto", "species": "Ditto", "speciesId": "ditto", "gender": "N", "shiny": false, "level": 87, "moves": ["transform"], "ability": "Imposter", "evs": {"hp": 85, "atk": 85, "def": 85, "spa": 85, "spd": 85, "spe": 85}, "ivs": {"hp": 31, "atk": 31, "def": 31, "spa": 31, "spd": 31, "spe": 31}, "item": "Choice Scarf", "teraType": "Steel", "role": "Fast Support", "bvs": {"hp": 48, "atk": 48, "def": 48, "spa": 48, "spd": 48, "spe": 48}, "stats": {"hp": 225, "atk": 133, "def": 133, "spa": 133, "spd": 133, "spe": 133}}, "Glaceon": {"name": "Glaceon", "species": "Glaceon", "speciesId": "glaceon", "gender": "M", "shiny": false, "level": 94, "moves": ["wish", "freezedry", "calmmind", "protect"], "ability": "Ice Body", "evs": {"hp": 85, "atk": 0, "def": 85, "spa": 85, "spd": 85, "spe": 85}, "ivs": {"hp": 31, "atk": 0, "def": 31, "spa": 31, "spd": 31, "spe": 31}, "item": "Heavy-Duty Boots", "teraType": "Water", "role": "Bulky Setup", "bvs": {"hp": 65, "atk": 60, "def": 110, "spa": 130, "spd": 95, "spe": 65}, "stats": {"hp": 275, "atk": 117, "def": 260, "spa": 298, "spd": 232, "spe": 176}}, "Keldeo": {"name": "Keldeo", "species": "Keldeo-Resolute", "speciesId": "keldeoresolute", "gender": "N", "shiny": false, "level": 79, "moves": ["flipturn", "hydropump", "secretsword", "airslash"], "ability": "Justified", "evs": {"hp": 85, "atk": 85, "def": 85, "spa": 85, "spd": 85, "spe": 85}, "ivs": {"hp": 31, "atk": 31, "def": 31, "spa": 31, "spd": 31, "spe": 31}, "item": "Choice Scarf", "teraType": "Fighting", "role": "Fast Attacker", "bvs": {"hp": 91, "atk": 72, "def": 90, "spa": 129, "spd": 90, "spe": 108}, "stats": {"hp": 273, "atk": 159, "def": 188, "spa": 249, "spd": 188, "spe": 216}}, "Shaymin": {"name": "Shaymin", "species": "Shaymin", "speciesId": "shaymin", "gender": "N", "shiny": false, "level": 82, "moves": ["substitute", "leechseed", "seedflare", "airslash"], "ability": "Natural Cure", "evs": {"hp": 85, "atk": 0, "def": 85, "spa": 85, "spd": 85, "spe": 85}, "ivs": {"hp": 31, "atk": 0, "def": 31, "spa": 31, "spd": 31, "spe": 31}, "item": "Leftovers", "teraType": "Steel", "role": "Bulky Support", "bvs": {"hp": 100, "atk": 100, "def": 100, "spa": 100, "spd": 100, "spe": 100}, "stats": {"hp": 298, "atk": 169, "def": 211, "spa": 211, "spd": 211, "spe": 211}}, "Abomasnow": {"name": "Abomasnow", "species": "Abomasnow", "speciesId": "abomasnow", "gender": "M", "shiny": false, "level": 84, "moves": ["blizzard", "auroraveil", "woodhammer", "earthquake"], "ability": "Snow Warning", "evs": {"hp": 77, "atk": 85, "def": 85, "spa": 85, "spd": 85, "spe": 85}, "ivs": {"hp": 31, "atk": 31, "def": 31, "spa": 31, "spd": 31, "spe": 31}, "item": "Light Clay", "teraType": "Water", "role": "Bulky Support", "bvs": {"hp": 90, "atk": 92, "def": 75, "spa": 92, "spd": 85, "spe": 60}, "stats": {"hp": 287, "atk": 203, "def": 174, "spa": 203, "spd": 191, "spe": 149}}}, {"Wyrdeer": {"name": "Wyrdeer", "species": "Wyrdeer", "speciesId": "wyrdeer", "gender": "M", "shiny": false, "level": 87, "moves": ["earthquake", "megahorn", "psychicnoise", "thunderwave"], "ability": "Intimidate", "evs": {"hp": 85, "atk": 85, "def": 85, "spa": 85, "spd": 85, "spe": 85}, "ivs": {"hp": 31, "atk": 31, "def": 31, "spa": 31, "spd": 31, "spe": 31}, "item": "Leftovers", "teraType": "Ground", "role": "Bulky Attacker", "bvs": {"hp": 103, "atk": 105, "def": 72, "spa": 105, "spd": 75, "spe": 65}, "stats": {"hp": 321, "atk": 232, "def": 175, "spa": 232, "spd": 180, "spe": 163}}, "Regice": {"name": "Regice", "species": "Regice", "speciesId": "regice", "gender": "N", "shiny": false, "level": 88, "moves": ["icebeam", "rest", "sleeptalk", "thunderbolt"], "ability": "Clear Body", "evs": {"hp": 85, "atk": 0, "def": 85, "spa": 85, "spd": 85, "spe": 85}, "ivs": {"hp": 31, "atk": 0, "def": 31, "spa": 31, "spd": 31, "spe": 31}, "item": "Heavy-Duty Boots", "teraType": "Electric", "role": "Bulky Attacker", "bvs": {"hp": 80, "atk": 50, "def": 100, "spa": 100, "spd": 200, "spe": 50}, "stats": {"hp": 284, "atk": 93, "def": 226, "spa": 226, "spd": 402, "spe": 138}}, "Komala": {"name": "Komala", "species": "Komala", "speciesId": "komala", "gender": "M", "shiny": false, "level": 88, "moves": ["uturn", "knockoff", "rapidspin", "bodyslam"], "ability": "Comatose", "evs": {"hp": 85, "atk": 85, "def": 85, "spa": 85, "spd": 85, "spe": 85}, "ivs": {"hp": 31, "atk": 31, "def": 31, "spa": 31, "spd": 31, "spe": 31}, "item": "Assault Vest", "teraType": "Ghost", "role": "Bulky Support", "bvs": {"hp": 65, "atk": 115, "def": 65, "spa": 75, "spd": 95, "spe": 65}, "stats": {"hp": 258, "atk": 253, "def": 165, "spa": 182, "spd": 217, "spe": 165}}, "Samurott": {"name": "Samurott", "species": "Samurott", "speciesId": "samurott", "gender": "M", "shiny": false, "level": 88, "moves": ["swordsdance", "knockoff", "liquidation", "megahorn"], "ability": "Torrent", "evs": {"hp": 85, "atk": 85, "def": 85, "spa": 85, "spd": 85, "spe": 85}, "ivs": {"hp": 31, "atk": 31, "def": 31, "spa": 31, "spd": 31, "spe": 31}, "item": "Life Orb", "teraType": "Dark", "role": "Setup Sweeper", "bvs": {"hp": 95, "atk": 100, "def": 85, "spa": 108, "spd": 70, "spe": 70}, "stats": {"hp": 310, "atk": 226, "def": 200, "spa": 240, "spd": 173, "spe": 173}}, "Drifblim": {"name": "Drifblim", "species": "Drifblim", "speciesId": "drifblim", "gender": "F", "shiny": false, "level": 86, "moves": ["calmmind", "shadowball", "strengthsap", "airslash"], "ability": "Unburden", "evs": {"hp": 73, "atk": 0, "def": 85, "spa": 85, "spd": 85, "spe": 85}, "ivs": {"hp": 31, "atk": 0, "def": 31, "spa": 31, "spd": 31, "spe": 31}, "item": "Sitrus Berry", "teraType": "Steel", "role": "Bulky Attacker", "bvs": {"hp": 150, "atk": 80, "def": 44, "spa": 90, "spd": 54, "spe": 80}, "stats": {"hp": 396, "atk": 142, "def": 125, "spa": 204, "spd": 142, "spe": 187}}, "Cinderace": {"name": "Cinderace", "species": "Cinderace", "speciesId": "cinderace", "gender": "F", "shiny": false, "level": 77, "moves": ["gunkshot", "highjumpkick", "pyroball", "uturn"], "ability": "Libero", "evs": {"hp": 81, "atk": 85, "def": 85, "spa": 85, "spd": 85, "spe": 85}, "ivs": {"hp": 31, "atk": 31, "def": 31, "spa": 31, "spd": 31, "spe": 31}, "item": "Choice Band", "teraType": "Fire", "role": "Wallbreaker", "bvs": {"hp": 80, "atk": 116, "def": 75, "spa": 65, "spd": 75, "spe": 119}, "stats": {"hp": 249, "atk": 223, "def": 160, "spa": 145, "spd": 160, "spe": 228}}}]}