{"id": "gen9randombattle-2631858851", "format": "[Gen 9] Random Battle", "players": ["KnightsOfNi", "iseeY0shi"], "log": "|j|\u2606KnightsOfNi\n|j|\u2606iseeY0shi\n|t:|1781448996\n|gametype|singles\n|player|p1|KnightsOfNi|plasmagrunt-gen5bw|2237\n|player|p2|iseeY0shi|2|2267\n|gen|9\n|tier|[Gen 9] Random Battle\n|rated|\n|rule|Species Clause: Limit one of each Pok\u00e9mon\n|rule|HP Percentage Mod: HP is shown in percentages\n|rule|Sleep Clause Mod: Limit one foe put to sleep\n|rule|Illusion Level Mod: Illusion disguises the Pok\u00e9mon's true level\n|\n|t:|1781448996\n|teamsize|p1|6\n|teamsize|p2|6\n|start\n|switch|p1a: Flutter Mane|Flutter Mane, L74|203/203\n|switch|p2a: Meganium|Meganium, L90, M|290/290\n|turn|1\n|inactive|Battle timer is ON: inactive players will automatically lose when time's up. (requested by KnightsOfNi)\n|\n|t:|1781449023\n|-end|p1a: Flutter Mane|Protosynthesis|[silent]\n|switch|p1a: Ninetales|Ninetales, L85, F|263/263\n|-weather|SunnyDay|[from] ability: Drought|[of] p1a: Ninetales\n|move|p2a: Meganium|Leech Seed|p1a: Ninetales\n|-start|p1a: Ninetales|move: Leech Seed\n|\n|-weather|SunnyDay|[upkeep]\n|-damage|p1a: Ninetales|231/263|[from] Leech Seed|[of] p2a: Meganium\n|upkeep\n|turn|2\n|\n|t:|1781449035\n|switch|p2a: Eelektross|Eelektross, L87, M|290/290\n|move|p1a: Ninetales|Nasty Plot|p1a: Ninetales\n|-boost|p1a: Ninetales|spa|2\n|\n|-weather|SunnyDay|[upkeep]\n|-damage|p1a: Ninetales|199/263|[from] Leech Seed|[of] p2a: Eelektross\n|upkeep\n|turn|3\n|\n|t:|1781449049\n|switch|p2a: Dragalge|Dragalge, L88, F|258/258\n|move|p1a: Ninetales|Fire Blast|p2a: Dragalge\n|-resisted|p2a: Dragalge\n|-damage|p2a: Dragalge|132/258\n|\n|-weather|SunnyDay|[upkeep]\n|-damage|p1a: Ninetales|167/263|[from] Leech Seed|[of] p2a: Dragalge\n|-heal|p2a: Dragalge|164/258|[silent]\n|upkeep\n|turn|4\n|\n|t:|1781449062\n|move|p1a: Ninetales|Fire Blast|p2a: Dragalge\n|-resisted|p2a: Dragalge\n|-damage|p2a: Dragalge|38/258\n|move|p2a: Dragalge|Sludge Wave|p1a: Ninetales\n|-damage|p1a: Ninetales|0 fnt\n|faint|p1a: Ninetales\n|\n|-weather|SunnyDay|[upkeep]\n|upkeep\n|inactive|KnightsOfNi has 120 seconds left.\n|\n|t:|1781449099\n|switch|p1a: Electivire|Electivire, L84, F|263/263\n|turn|5\n|\n|t:|1781449120\n|move|p1a: Electivire|Ice Punch|p2a: Dragalge\n|-supereffective|p2a: Dragalge\n|-damage|p2a: Dragalge|0 fnt\n|faint|p2a: Dragalge\n|-damage|p1a: Electivire|237/263|[from] item: Life Orb\n|\n|-weather|none\n|upkeep\n|\n|t:|1781449129\n|switch|p2a: Eelektross|Eelektross, L87, M|290/290\n|turn|6\n|\n|t:|1781449145\n|switch|p1a: Flutter Mane|Flutter Mane, L74|203/203\n|move|p2a: Eelektross|Coil|p2a: Eelektross\n|-boost|p2a: Eelektross|atk|1\n|-boost|p2a: Eelektross|def|1\n|-boost|p2a: Eelektross|accuracy|1\n|\n|upkeep\n|turn|7\n|\n|t:|1781449165\n|move|p1a: Flutter Mane|Moonblast|p2a: Eelektross\n|-damage|p2a: Eelektross|160/290\n|-unboost|p2a: Eelektross|spa|1\n|-damage|p1a: Flutter Mane|183/203|[from] item: Life Orb\n|move|p2a: Eelektross|Knock Off|p1a: Flutter Mane\n|-damage|p1a: Flutter Mane|0 fnt\n|-enditem|p1a: Flutter Mane|Life Orb|[from] move: Knock Off|[of] p2a: Eelektross\n|faint|p1a: Flutter Mane\n|-end|p1a: Flutter Mane|Protosynthesis|[silent]\n|\n|-heal|p2a: Eelektross|178/290|[from] item: Leftovers\n|upkeep\n|inactive|KnightsOfNi has 120 seconds left.\n|\n|t:|1781449183\n|switch|p1a: Regigigas|Regigigas, L84|219/219\n|turn|8\n|\n|t:|1781449191\n|move|p1a: Regigigas|Hyper Voice|p2a: Eelektross\n|-damage|p2a: Eelektross|18/290\n|move|p2a: Eelektross|Drain Punch|p1a: Regigigas\n|-immune|p1a: Regigigas\n|\n|-heal|p2a: Eelektross|36/290|[from] item: Leftovers\n|upkeep\n|turn|9\n|\n|t:|1781449201\n|move|p1a: Regigigas|Hyper Voice|p2a: Eelektross\n|-damage|p2a: Eelektross|0 fnt\n|faint|p2a: Eelektross\n|\n|upkeep\n|\n|t:|1781449202\n|switch|p2a: Ariados|Ariados, L95, M|287/287\n|turn|10\n|\n|t:|1781449207\n|move|p1a: Regigigas|Hyper Voice|p2a: Ariados\n|-damage|p2a: Ariados|109/287\n|move|p2a: Ariados|Sticky Web|p1a: Regigigas\n|-sidestart|p1: KnightsOfNi|move: Sticky Web\n|\n|upkeep\n|turn|11\n|\n|t:|1781449220\n|-terastallize|p2a: Ariados|Ghost\n|move|p1a: Regigigas|Hyper Voice|p2a: Ariados\n|-immune|p2a: Ariados\n|move|p2a: Ariados|Knock Off|p1a: Regigigas\n|-supereffective|p1a: Regigigas\n|-damage|p1a: Regigigas|7/219\n|replace|p1a: Zoroark|Zoroark-Hisui, L80, F\n|-end|p1a: Zoroark|Illusion\n|-hint|Illusion Level Mod is active, so this Pok\u00e9mon's true level was hidden.\n|-enditem|p1a: Zoroark|Choice Specs|[from] move: Knock Off|[of] p2a: Ariados\n|\n|upkeep\n|turn|12\n|\n|t:|1781449226\n|move|p1a: Zoroark|Bitter Malice|p2a: Ariados\n|-supereffective|p2a: Ariados\n|-damage|p2a: Ariados|0 fnt\n|faint|p2a: Ariados\n|\n|upkeep\n|\n|t:|1781449233\n|switch|p2a: Cinccino|Cinccino, L83, M|260/260\n|turn|13\n|\n|t:|1781449240\n|move|p2a: Cinccino|Bullet Seed|p1a: Zoroark\n|-damage|p1a: Zoroark|0 fnt\n|faint|p1a: Zoroark\n|-hitcount|p1: Zoroark|1\n|\n|upkeep\n|\n|t:|1781449244\n|switch|p1a: Regigigas|Regigigas, L84|322/322\n|-activate|p1a: Regigigas|move: Sticky Web\n|-unboost|p1a: Regigigas|spe|1\n|-start|p1a: Regigigas|ability: Slow Start\n|turn|14\n|\n|t:|1781449247\n|switch|p2a: Meganium|Meganium, L90, M|290/290\n|move|p1a: Regigigas|Body Slam|p2a: Meganium\n|-damage|p2a: Meganium|232/290\n|\n|-heal|p2a: Meganium|250/290|[from] item: Leftovers\n|upkeep\n|turn|15\n|\n|t:|1781449254\n|switch|p1a: Vikavolt|Vikavolt, L83, M|263/263\n|move|p2a: Meganium|Knock Off|p1a: Vikavolt\n|-damage|p1a: Vikavolt|191/263\n|-enditem|p1a: Vikavolt|Heavy-Duty Boots|[from] move: Knock Off|[of] p2a: Meganium\n|\n|-heal|p2a: Meganium|268/290|[from] item: Leftovers\n|upkeep\n|turn|16\n|\n|t:|1781449260\n|switch|p2a: Cinccino|Cinccino, L83, M|260/260\n|move|p1a: Vikavolt|Bug Buzz|p2a: Cinccino\n|-damage|p2a: Cinccino|85/260\n|-unboost|p2a: Cinccino|spd|1\n|\n|upkeep\n|turn|17\n|\n|t:|1781449268\n|move|p2a: Cinccino|Tail Slap|p1a: Vikavolt\n|-damage|p1a: Vikavolt|152/263\n|-damage|p1a: Vikavolt|113/263\n|-damage|p1a: Vikavolt|73/263\n|-damage|p1a: Vikavolt|39/263\n|-hitcount|p1a: Vikavolt|4\n|move|p1a: Vikavolt|Bug Buzz|p2a: Cinccino\n|-damage|p2a: Cinccino|0 fnt\n|faint|p2a: Cinccino\n|\n|upkeep\n|\n|t:|1781449277\n|switch|p2a: Meganium|Meganium, L90, M|268/290\n|turn|18\n|\n|t:|1781449286\n|move|p2a: Meganium|Knock Off|p1a: Vikavolt\n|-damage|p1a: Vikavolt|0 fnt\n|faint|p1a: Vikavolt\n|\n|-heal|p2a: Meganium|286/290|[from] item: Leftovers\n|upkeep\n|\n|t:|1781449288\n|switch|p1a: Electivire|Electivire, L84, F|237/263\n|-activate|p1a: Electivire|move: Sticky Web\n|-unboost|p1a: Electivire|spe|1\n|turn|19\n|\n|t:|1781449300\n|move|p2a: Meganium|Knock Off|p1a: Electivire\n|-damage|p1a: Electivire|157/263\n|-enditem|p1a: Electivire|Life Orb|[from] move: Knock Off|[of] p2a: Meganium\n|move|p1a: Electivire|Bulk Up|p1a: Electivire\n|-boost|p1a: Electivire|atk|1\n|-boost|p1a: Electivire|def|1\n|\n|-heal|p2a: Meganium|290/290|[from] item: Leftovers\n|upkeep\n|turn|20\n|\n|t:|1781449306\n|move|p2a: Meganium|Energy Ball|p1a: Electivire\n|-damage|p1a: Electivire|52/263\n|move|p1a: Electivire|Ice Punch|p2a: Meganium\n|-supereffective|p2a: Meganium\n|-damage|p2a: Meganium|130/290\n|\n|-heal|p2a: Meganium|148/290|[from] item: Leftovers\n|upkeep\n|turn|21\n|\n|t:|1781449313\n|move|p2a: Meganium|Energy Ball|p1a: Electivire\n|-damage|p1a: Electivire|0 fnt\n|faint|p1a: Electivire\n|\n|-heal|p2a: Meganium|166/290|[from] item: Leftovers\n|upkeep\n|\n|t:|1781449315\n|switch|p1a: Regigigas|Regigigas, L84|322/322\n|-activate|p1a: Regigigas|move: Sticky Web\n|-unboost|p1a: Regigigas|spe|1\n|-start|p1a: Regigigas|ability: Slow Start\n|turn|22\n|\n|t:|1781449322\n|move|p2a: Meganium|Leech Seed|p1a: Regigigas\n|-start|p1a: Regigigas|move: Leech Seed\n|move|p1a: Regigigas|Body Slam|p2a: Meganium\n|-crit|p2a: Meganium\n|-damage|p2a: Meganium|81/290\n|\n|-heal|p2a: Meganium|99/290|[from] item: Leftovers\n|-damage|p1a: Regigigas|282/322|[from] Leech Seed|[of] p2a: Meganium\n|-heal|p2a: Meganium|139/290|[silent]\n|upkeep\n|turn|23\n|\n|t:|1781449328\n|move|p2a: Meganium|Knock Off|p1a: Regigigas\n|-damage|p1a: Regigigas|226/322\n|-enditem|p1a: Regigigas|Leftovers|[from] move: Knock Off|[of] p2a: Meganium\n|move|p1a: Regigigas|Body Slam|p2a: Meganium\n|-damage|p2a: Meganium|78/290\n|\n|-heal|p2a: Meganium|96/290|[from] item: Leftovers\n|-damage|p1a: Regigigas|186/322|[from] Leech Seed|[of] p2a: Meganium\n|-heal|p2a: Meganium|136/290|[silent]\n|upkeep\n|turn|24\n|\n|t:|1781449335\n|move|p2a: Meganium|Synthesis|p2a: Meganium\n|-heal|p2a: Meganium|281/290\n|move|p1a: Regigigas|Body Slam|p2a: Meganium\n|-damage|p2a: Meganium|218/290\n|\n|-heal|p2a: Meganium|236/290|[from] item: Leftovers\n|-damage|p1a: Regigigas|146/322|[from] Leech Seed|[of] p2a: Meganium\n|-heal|p2a: Meganium|276/290|[silent]\n|upkeep\n|turn|25\n|\n|t:|1781449337\n|move|p2a: Meganium|Energy Ball|p1a: Regigigas\n|-damage|p1a: Regigigas|56/322\n|move|p1a: Regigigas|Rest|p1a: Regigigas\n|-status|p1a: Regigigas|slp|[from] move: Rest\n|-heal|p1a: Regigigas|322/322 slp|[silent]\n|\n|-heal|p2a: Meganium|290/290|[from] item: Leftovers\n|-damage|p1a: Regigigas|282/322 slp|[from] Leech Seed|[of] p2a: Meganium\n|upkeep\n|turn|26\n|\n|t:|1781449341\n|move|p2a: Meganium|Energy Ball|p1a: Regigigas\n|-damage|p1a: Regigigas|197/322 slp\n|cant|p1a: Regigigas|slp\n|move|p1a: Regigigas|Sleep Talk|p1a: Regigigas\n|move|p1a: Regigigas|Rest||[from] move: Sleep Talk|[still]\n|-fail|p1a: Regigigas\n|\n|-damage|p1a: Regigigas|157/322 slp|[from] Leech Seed|[of] p2a: Meganium\n|-end|p1a: Regigigas|Slow Start\n|upkeep\n|turn|27\n|\n|t:|1781449347\n|move|p2a: Meganium|Energy Ball|p1a: Regigigas\n|-damage|p1a: Regigigas|73/322 slp\n|cant|p1a: Regigigas|slp\n|\n|-damage|p1a: Regigigas|33/322 slp|[from] Leech Seed|[of] p2a: Meganium\n|upkeep\n|turn|28\n|\n|t:|1781449351\n|move|p2a: Meganium|Energy Ball|p1a: Regigigas\n|-damage|p1a: Regigigas|0 fnt\n|faint|p1a: Regigigas\n|-end|p1a: Regigigas|Slow Start|[silent]\n|\n|win|iseeY0shi\n", "inputlog": ">version a8376a258c1d4662feba110a92103f3664a72141\n>start {\"formatid\":\"gen9randombattle\",\"seed\":\"sodium,cc739731f66f19fc2e2ee6fa9d1e0e85\",\"rated\":\"Rated battle\"}\n>player p1 {\"name\":\"KnightsOfNi\",\"avatar\":\"plasmagrunt-gen5bw\",\"rating\":2237,\"seed\":\"sodium,409fe747eef01213c5c89648567cf353\"}\n>player p2 {\"name\":\"iseeY0shi\",\"avatar\":\"2\",\"rating\":2267,\"seed\":\"sodium,c26f3463d2d5dcef057da83d8368edad\"}\n>p1 switch 4\n>p2 move leechseed\n>p1 move nastyplot\n>p2 switch 3\n>p1 move fireblast\n>p2 switch 4\n>p1 move fireblast\n>p2 move sludgewave\n>p1 switch 2\n>p1 move icepunch\n>p2 move sludgewave\n>p2 switch 4\n>p1 switch 4\n>p2 move coil\n>p1 move moonblast\n>p2 move knockoff\n>p1 switch 5\n>p1 move hypervoice\n>p2 move drainpunch\n>p1 move hypervoice\n>p2 move knockoff\n>p2 switch 5\n>p1 move hypervoice\n>p2 move stickyweb\n>p1 move hypervoice\n>p2 move knockoff terastallize\n>p1 move bittermalice\n>p2 move poisonjab\n>p2 switch 6\n>p1 move hypervoice\n>p2 move bulletseed\n>p1 switch 6\n>p1 move bodyslam\n>p2 switch 3\n>p1 switch 3\n>p2 move knockoff\n>p1 move bugbuzz\n>p2 switch 3\n>p1 move bugbuzz\n>p2 move tailslap\n>p2 switch 3\n>p1 move bugbuzz\n>p2 move knockoff\n>p1 switch 4\n>p1 move bulkup\n>p2 move knockoff\n>p1 move icepunch\n>p2 move energyball\n>p1 move icepunch\n>p2 move energyball\n>p1 switch 3\n>p1 move bodyslam\n>p2 move leechseed\n>p1 move bodyslam\n>p2 move knockoff\n>p1 move bodyslam\n>p2 move synthesis\n>p1 move rest\n>p2 move energyball\n>p1 move sleeptalk\n>p2 move energyball\n>p1 move bodyslam\n>p2 move energyball\n>p1 move rest\n>p2 move energyball", "uploadtime": 1781448999, "views": 5, "formatid": "gen9randombattle", "rating": null, "private": 0, "password": null, "player_dets": [{"name": "KnightsOfNi", "avatar": "plasmagrunt-gen5bw", "rating": 2237, "seed": "sodium,409fe747eef01213c5c89648567cf353"}, {"name": "iseeY0shi", "avatar": "2", "rating": 2267, "seed": "sodium,c26f3463d2d5dcef057da83d8368edad"}], "teams_full": [{"Flutter Mane": {"name": "Flutter Mane", "species": "Flutter Mane", "speciesId": "fluttermane", "gender": "N", "shiny": false, "level": 74, "moves": ["thunderbolt", "moonblast", "calmmind", "shadowball"], "ability": "Protosynthesis", "evs": {"hp": 85, "atk": 0, "def": 85, "spa": 85, "spd": 85, "spe": 85}, "ivs": {"hp": 31, "atk": 0, "def": 31, "spa": 31, "spd": 31, "spe": 31}, "item": "Life Orb", "teraType": "Electric", "role": "Setup Sweeper", "bvs": {"hp": 55, "atk": 55, "def": 55, "spa": 135, "spd": 135, "spe": 135}, "stats": {"hp": 203, "atk": 86, "def": 124, "spa": 243, "spd": 243, "spe": 243}, "types": ["Ghost", "Fairy"]}, "Electivire": {"name": "Electivire", "species": "Electivire", "speciesId": "electivire", "gender": "F", "shiny": false, "level": 84, "moves": ["bulkup", "supercellslam", "icepunch", "earthquake"], "ability": "Motor Drive", "evs": {"hp": 85, "atk": 85, "def": 85, "spa": 85, "spd": 85, "spe": 85}, "ivs": {"hp": 31, "atk": 31, "def": 31, "spa": 31, "spd": 31, "spe": 31}, "item": "Life Orb", "teraType": "Ground", "role": "Setup Sweeper", "bvs": {"hp": 75, "atk": 123, "def": 67, "spa": 95, "spd": 85, "spe": 95}, "stats": {"hp": 263, "atk": 255, "def": 161, "spa": 208, "spd": 191, "spe": 208}, "types": ["Electric"]}, "Vikavolt": {"name": "Vikavolt", "species": "Vikavolt", "speciesId": "vikavolt", "gender": "M", "shiny": false, "level": 83, "moves": ["thunderbolt", "energyball", "stickyweb", "bugbuzz"], "ability": "Levitate", "evs": {"hp": 85, "atk": 0, "def": 85, "spa": 85, "spd": 85, "spe": 85}, "ivs": {"hp": 31, "atk": 0, "def": 31, "spa": 31, "spd": 31, "spe": 31}, "item": "Heavy-Duty Boots", "teraType": "Electric", "role": "Bulky Support", "bvs": {"hp": 77, "atk": 70, "def": 90, "spa": 145, "spd": 75, "spe": 43}, "stats": {"hp": 263, "atk": 121, "def": 197, "spa": 288, "spd": 172, "spe": 119}, "types": ["Bug", "Electric"]}, "Ninetales": {"name": "Ninetales", "species": "Ninetales", "speciesId": "ninetales", "gender": "F", "shiny": false, "level": 85, "moves": ["fireblast", "nastyplot", "solarbeam", "scorchingsands"], "ability": "Drought", "evs": {"hp": 85, "atk": 0, "def": 85, "spa": 85, "spd": 85, "spe": 85}, "ivs": {"hp": 31, "atk": 0, "def": 31, "spa": 31, "spd": 31, "spe": 31}, "item": "Heavy-Duty Boots", "teraType": "Grass", "role": "Setup Sweeper", "bvs": {"hp": 73, "atk": 76, "def": 75, "spa": 81, "spd": 100, "spe": 100}, "stats": {"hp": 263, "atk": 134, "def": 176, "spa": 186, "spd": 219, "spe": 219}, "types": ["Fire"]}, "Zoroark": {"name": "Zoroark", "species": "Zoroark-Hisui", "speciesId": "zoroarkhisui", "gender": "F", "shiny": false, "level": 80, "moves": ["hypervoice", "flamethrower", "focusblast", "bittermalice"], "ability": "Illusion", "evs": {"hp": 85, "atk": 0, "def": 85, "spa": 85, "spd": 85, "spe": 85}, "ivs": {"hp": 31, "atk": 0, "def": 31, "spa": 31, "spd": 31, "spe": 31}, "item": "Choice Specs", "teraType": "Normal", "role": "Wallbreaker", "bvs": {"hp": 55, "atk": 100, "def": 60, "spa": 125, "spd": 60, "spe": 110}, "stats": {"hp": 219, "atk": 165, "def": 142, "spa": 246, "spd": 142, "spe": 222}, "types": ["Normal", "Ghost"]}, "Regigigas": {"name": "Regigigas", "species": "Regigigas", "speciesId": "regigigas", "gender": "N", "shiny": false, "level": 84, "moves": ["bodyslam", "rest", "sleeptalk", "knockoff"], "ability": "Slow Start", "evs": {"hp": 85, "atk": 85, "def": 85, "spa": 85, "spd": 85, "spe": 85}, "ivs": {"hp": 31, "atk": 31, "def": 31, "spa": 31, "spd": 31, "spe": 31}, "item": "Leftovers", "teraType": "Ghost", "role": "Bulky Support", "bvs": {"hp": 110, "atk": 160, "def": 110, "spa": 80, "spd": 110, "spe": 100}, "stats": {"hp": 322, "atk": 317, "def": 233, "spa": 183, "spd": 233, "spe": 216}, "types": ["Normal"]}}, {"Meganium": {"name": "Meganium", "species": "Meganium", "speciesId": "meganium", "gender": "M", "shiny": false, "level": 90, "moves": ["knockoff", "synthesis", "energyball", "leechseed"], "ability": "Overgrow", "evs": {"hp": 85, "atk": 85, "def": 85, "spa": 85, "spd": 85, "spe": 85}, "ivs": {"hp": 31, "atk": 31, "def": 31, "spa": 31, "spd": 31, "spe": 31}, "item": "Leftovers", "teraType": "Poison", "role": "Bulky Attacker", "bvs": {"hp": 80, "atk": 82, "def": 100, "spa": 83, "spd": 100, "spe": 80}, "stats": {"hp": 290, "atk": 199, "def": 231, "spa": 201, "spd": 231, "spe": 195}, "types": ["Grass"]}, "Zamazenta": {"name": "Zamazenta", "species": "Zamazenta", "speciesId": "zamazentacrowned", "gender": "N", "shiny": false, "level": 68, "moves": ["irondefense", "bodypress", "stoneedge", "heavyslam"], "ability": "Dauntless Shield", "evs": {"hp": 85, "atk": 85, "def": 85, "spa": 85, "spd": 85, "spe": 85}, "ivs": {"hp": 31, "atk": 31, "def": 31, "spa": 31, "spd": 31, "spe": 31}, "item": "Rusted Shield", "teraType": "Ghost", "role": "Bulky Setup", "bvs": {"hp": 92, "atk": 120, "def": 115, "spa": 80, "spd": 115, "spe": 138}, "stats": {"hp": 238, "atk": 203, "def": 196, "spa": 149, "spd": 196, "spe": 228}, "types": ["Fighting"]}, "Eelektross": {"name": "Eelektross", "species": "Eelektross", "speciesId": "eelektross", "gender": "M", "shiny": false, "level": 87, "moves": ["drainpunch", "supercellslam", "coil", "knockoff"], "ability": "Levitate", "evs": {"hp": 85, "atk": 85, "def": 85, "spa": 85, "spd": 85, "spe": 85}, "ivs": {"hp": 31, "atk": 31, "def": 31, "spa": 31, "spd": 31, "spe": 31}, "item": "Leftovers", "teraType": "Fighting", "role": "Bulky Setup", "bvs": {"hp": 85, "atk": 115, "def": 80, "spa": 105, "spd": 80, "spe": 50}, "stats": {"hp": 290, "atk": 250, "def": 189, "spa": 232, "spd": 189, "spe": 137}, "types": ["Electric"]}, "Dragalge": {"name": "Dragalge", "species": "Dragalge", "speciesId": "dragalge", "gender": "F", "shiny": false, "level": 88, "moves": ["sludgewave", "flipturn", "dracometeor", "focusblast"], "ability": "Adaptability", "evs": {"hp": 85, "atk": 85, "def": 85, "spa": 85, "spd": 85, "spe": 85}, "ivs": {"hp": 31, "atk": 31, "def": 31, "spa": 31, "spd": 31, "spe": 31}, "item": "Choice Specs", "teraType": "Fighting", "role": "Bulky Attacker", "bvs": {"hp": 65, "atk": 75, "def": 90, "spa": 97, "spd": 123, "spe": 44}, "stats": {"hp": 258, "atk": 182, "def": 209, "spa": 221, "spd": 267, "spe": 128}, "types": ["Poison", "Dragon"]}, "Ariados": {"name": "Ariados", "species": "Ariados", "speciesId": "ariados", "gender": "M", "shiny": false, "level": 95, "moves": ["megahorn", "poisonjab", "knockoff", "stickyweb"], "ability": "Swarm", "evs": {"hp": 85, "atk": 85, "def": 85, "spa": 85, "spd": 85, "spe": 85}, "ivs": {"hp": 31, "atk": 31, "def": 31, "spa": 31, "spd": 31, "spe": 31}, "item": "Heavy-Duty Boots", "teraType": "Ghost", "role": "Fast Support", "bvs": {"hp": 70, "atk": 90, "def": 70, "spa": 60, "spd": 70, "spe": 40}, "stats": {"hp": 287, "atk": 225, "def": 187, "spa": 168, "spd": 187, "spe": 130}, "types": ["Bug", "Poison"]}, "Cinccino": {"name": "Cinccino", "species": "Cinccino", "speciesId": "cinccino", "gender": "M", "shiny": false, "level": 83, "moves": ["tripleaxel", "tailslap", "tidyup", "bulletseed"], "ability": "Technician", "evs": {"hp": 85, "atk": 85, "def": 85, "spa": 85, "spd": 85, "spe": 85}, "ivs": {"hp": 31, "atk": 31, "def": 31, "spa": 31, "spd": 31, "spe": 31}, "item": "Loaded Dice", "teraType": "Normal", "role": "Fast Attacker", "bvs": {"hp": 75, "atk": 95, "def": 60, "spa": 65, "spd": 60, "spe": 115}, "stats": {"hp": 260, "atk": 205, "def": 147, "spa": 156, "spd": 147, "spe": 239}, "types": ["Normal"]}}]}