{"id": "gen9randombattle-2631992444", "format": "[Gen 9] Random Battle", "players": ["WhatEver2102", "Strokefish"], "log": "|j|\u2606WhatEver2102\n|j|\u2606Strokefish\n|t:|1781463654\n|gametype|singles\n|player|p1|WhatEver2102|juan|1954\n|player|p2|Strokefish|102|1999\n|gen|9\n|tier|[Gen 9] Random Battle\n|rated|\n|rule|Species Clause: Limit one of each Pok\u00e9mon\n|rule|HP Percentage Mod: HP is shown in percentages\n|rule|Sleep Clause Mod: Limit one foe put to sleep\n|rule|Illusion Level Mod: Illusion disguises the Pok\u00e9mon's true level\n|\n|t:|1781463654\n|teamsize|p1|6\n|teamsize|p2|6\n|start\n|switch|p1a: Toucannon|Toucannon, L88, F|284/284\n|switch|p2a: Bellossom|Bellossom, L84, F|263/263\n|turn|1\n|inactive|Battle timer is ON: inactive players will automatically lose when time's up. (requested by WhatEver2102)\n|\n|t:|1781463669\n|switch|p2a: Duraludon|Duraludon, L82, F|249/249\n|-singleturn|p1a: Toucannon|move: Beak Blast\n|move|p1a: Toucannon|Beak Blast|p2a: Duraludon\n|-resisted|p2a: Duraludon\n|-crit|p2a: Duraludon\n|-damage|p2a: Duraludon|194/249\n|\n|upkeep\n|turn|2\n|inactive|WhatEver2102 has 120 seconds left.\n|inactive|WhatEver2102 has 90 seconds left.\n|\n|t:|1781463751\n|switch|p1a: Palossand|Palossand, L89, F|296/296\n|move|p2a: Duraludon|Stealth Rock|p1a: Palossand\n|-sidestart|p1: WhatEver2102|move: Stealth Rock\n|\n|upkeep\n|turn|3\n|\n|t:|1781463772\n|switch|p2a: Venusaur|Venusaur, L84, F|272/272\n|move|p1a: Palossand|Stealth Rock|p2a: Venusaur\n|-sidestart|p2: Strokefish|move: Stealth Rock\n|\n|upkeep\n|turn|4\n|\n|t:|1781463787\n|move|p2a: Venusaur|Leech Seed|p1a: Palossand\n|-start|p1a: Palossand|move: Leech Seed\n|move|p1a: Palossand|Earth Power|p2a: Venusaur\n|-damage|p2a: Venusaur|170/272\n|-unboost|p2a: Venusaur|spd|1\n|\n|-heal|p2a: Venusaur|187/272|[from] item: Leftovers\n|-damage|p1a: Palossand|259/296|[from] Leech Seed|[of] p2a: Venusaur\n|-heal|p2a: Venusaur|224/272|[silent]\n|upkeep\n|turn|5\n|\n|t:|1781463793\n|switch|p1a: Toucannon|Toucannon, L88, F|284/284\n|move|p2a: Venusaur|Giga Drain|p1a: Toucannon\n|-resisted|p1a: Toucannon\n|-damage|p1a: Toucannon|237/284\n|-heal|p2a: Venusaur|248/272|[from] drain|[of] p1a: Toucannon\n|\n|-heal|p2a: Venusaur|265/272|[from] item: Leftovers\n|upkeep\n|turn|6\n|inactive|WhatEver2102 has 90 seconds left.\n|\n|t:|1781463804\n|switch|p2a: Duraludon|Duraludon, L82, F|194/249\n|-damage|p2a: Duraludon|179/249|[from] Stealth Rock\n|move|p1a: Toucannon|Boomburst|p2a: Duraludon\n|-resisted|p2a: Duraludon\n|-damage|p2a: Duraludon|110/249\n|\n|upkeep\n|turn|7\n|inactive|WhatEver2102 has 90 seconds left.\n|\n|t:|1781463811\n|switch|p1a: Palossand|Palossand, L89, F|259/296\n|-damage|p1a: Palossand|241/296|[from] Stealth Rock\n|move|p2a: Duraludon|Draco Meteor|p1a: Palossand\n|-damage|p1a: Palossand|85/296\n|-unboost|p2a: Duraludon|spa|2\n|\n|-heal|p1a: Palossand|103/296|[from] item: Leftovers\n|upkeep\n|turn|8\n|\n|t:|1781463831\n|switch|p2a: Venusaur|Venusaur, L84, F|265/272\n|-damage|p2a: Venusaur|231/272|[from] Stealth Rock\n|move|p1a: Palossand|Shore Up|p1a: Palossand\n|-heal|p1a: Palossand|251/296\n|\n|-heal|p2a: Venusaur|248/272|[from] item: Leftovers\n|-heal|p1a: Palossand|269/296|[from] item: Leftovers\n|upkeep\n|turn|9\n|\n|t:|1781463846\n|switch|p1a: Delibird|Delibird, F|252/252\n|move|p2a: Venusaur|Giga Drain|p1a: Delibird\n|-resisted|p1a: Delibird\n|-damage|p1a: Delibird|198/252\n|-heal|p2a: Venusaur|272/272|[from] drain|[of] p1a: Delibird\n|\n|upkeep\n|turn|10\n|\n|t:|1781463859\n|switch|p2a: Dunsparce|Dunsparce, L86, M|312/312\n|-damage|p2a: Dunsparce|273/312|[from] Stealth Rock\n|move|p1a: Delibird|Rapid Spin|p2a: Dunsparce\n|-damage|p2a: Dunsparce|246/312\n|-boost|p1a: Delibird|spe|1\n|-sideend|p1: WhatEver2102|Stealth Rock|[from] move: Rapid Spin|[of] p1a: Delibird\n|\n|upkeep\n|turn|11\n|\n|t:|1781463870\n|switch|p1a: Palossand|Palossand, L89, F|269/296\n|switch|p2a: Venusaur|Venusaur, L84, F|272/272\n|-damage|p2a: Venusaur|238/272|[from] Stealth Rock\n|\n|-heal|p2a: Venusaur|255/272|[from] item: Leftovers\n|-heal|p1a: Palossand|287/296|[from] item: Leftovers\n|upkeep\n|turn|12\n|\n|t:|1781463881\n|switch|p1a: Delibird|Delibird, F|198/252\n|move|p2a: Venusaur|Sludge Bomb|p1a: Delibird\n|-damage|p1a: Delibird|66/252\n|-status|p1a: Delibird|psn\n|\n|-heal|p2a: Venusaur|272/272|[from] item: Leftovers\n|-damage|p1a: Delibird|35/252 psn|[from] psn\n|upkeep\n|turn|13\n|\n|t:|1781463890\n|switch|p2a: Dunsparce|Dunsparce, L86, M|246/312\n|-damage|p2a: Dunsparce|207/312|[from] Stealth Rock\n|move|p1a: Delibird|Spikes|p2a: Dunsparce\n|-sidestart|p2: Strokefish|Spikes\n|\n|-damage|p1a: Delibird|4/252 psn|[from] psn\n|upkeep\n|turn|14\n|\n|t:|1781463897\n|move|p1a: Delibird|Spikes|p2a: Dunsparce\n|-sidestart|p2: Strokefish|Spikes\n|move|p2a: Dunsparce|Roost|p2a: Dunsparce\n|-heal|p2a: Dunsparce|312/312\n|-singleturn|p2a: Dunsparce|move: Roost\n|\n|-damage|p1a: Delibird|0 fnt|[from] psn\n|faint|p1a: Delibird\n|upkeep\n|inactive|WhatEver2102 has 120 seconds left.\n|\n|t:|1781463911\n|switch|p1a: Palossand|Palossand, L89, F|287/296\n|turn|15\n|\n|t:|1781463915\n|switch|p2a: Venusaur|Venusaur, L84, F|272/272\n|-damage|p2a: Venusaur|238/272|[from] Stealth Rock\n|-damage|p2a: Venusaur|193/272|[from] Spikes\n|move|p1a: Palossand|Earth Power|p2a: Venusaur\n|-damage|p2a: Venusaur|85/272\n|\n|-heal|p2a: Venusaur|102/272|[from] item: Leftovers\n|-heal|p1a: Palossand|296/296|[from] item: Leftovers\n|upkeep\n|turn|16\n|\n|t:|1781463922\n|switch|p1a: Toucannon|Toucannon, L88, F|237/284\n|move|p2a: Venusaur|Giga Drain|p1a: Toucannon\n|-resisted|p1a: Toucannon\n|-damage|p1a: Toucannon|191/284\n|-heal|p2a: Venusaur|125/272|[from] drain|[of] p1a: Toucannon\n|\n|-heal|p2a: Venusaur|142/272|[from] item: Leftovers\n|upkeep\n|turn|17\n|\n|t:|1781463941\n|-singleturn|p1a: Toucannon|move: Beak Blast\n|move|p2a: Venusaur|Sludge Bomb|p1a: Toucannon\n|-damage|p1a: Toucannon|83/284\n|move|p1a: Toucannon|Beak Blast|p2a: Venusaur\n|-supereffective|p2a: Venusaur\n|-crit|p2a: Venusaur\n|-damage|p2a: Venusaur|0 fnt\n|faint|p2a: Venusaur\n|\n|upkeep\n|\n|t:|1781463952\n|switch|p2a: Duraludon|Duraludon, L82, F|110/249\n|-damage|p2a: Duraludon|95/249|[from] Stealth Rock\n|-damage|p2a: Duraludon|54/249|[from] Spikes\n|turn|18\n|\n|t:|1781463980\n|switch|p1a: Palossand|Palossand, L89, F|296/296\n|move|p2a: Duraludon|Flash Cannon|p1a: Palossand\n|-damage|p1a: Palossand|185/296\n|\n|-heal|p1a: Palossand|203/296|[from] item: Leftovers\n|upkeep\n|turn|19\n|\n|t:|1781463986\n|move|p2a: Duraludon|Draco Meteor|p1a: Palossand\n|-damage|p1a: Palossand|40/296\n|-unboost|p2a: Duraludon|spa|2\n|move|p1a: Palossand|Shore Up|p1a: Palossand\n|-heal|p1a: Palossand|188/296\n|\n|-heal|p1a: Palossand|206/296|[from] item: Leftovers\n|upkeep\n|turn|20\n|\n|t:|1781463994\n|switch|p1a: Toucannon|Toucannon, L88, F|83/284\n|move|p2a: Duraludon|Draco Meteor|p1a: Toucannon\n|-damage|p1a: Toucannon|0 fnt\n|-unboost|p2a: Duraludon|spa|2\n|faint|p1a: Toucannon\n|\n|upkeep\n|\n|t:|1781464001\n|switch|p1a: Florges|Florges, L85, F|271/271\n|turn|21\n|\n|t:|1781464006\n|switch|p2a: Dunsparce|Dunsparce, L86, M|312/312\n|-damage|p2a: Dunsparce|273/312|[from] Stealth Rock\n|-damage|p2a: Dunsparce|221/312|[from] Spikes\n|move|p1a: Florges|Calm Mind|p1a: Florges\n|-boost|p1a: Florges|spa|1\n|-boost|p1a: Florges|spd|1\n|\n|upkeep\n|turn|22\n|\n|t:|1781464012\n|move|p1a: Florges|Moonblast|p2a: Dunsparce\n|-damage|p2a: Dunsparce|88/312\n|move|p2a: Dunsparce|Body Slam|p1a: Florges\n|-damage|p1a: Florges|186/271\n|\n|-heal|p1a: Florges|202/271|[from] item: Leftovers\n|upkeep\n|turn|23\n|\n|t:|1781464019\n|move|p1a: Florges|Moonblast|p2a: Dunsparce\n|-damage|p2a: Dunsparce|0 fnt\n|faint|p2a: Dunsparce\n|\n|-heal|p1a: Florges|218/271|[from] item: Leftovers\n|upkeep\n|\n|t:|1781464032\n|switch|p2a: Bellossom|Bellossom, L84, F|263/263\n|-damage|p2a: Bellossom|231/263|[from] Stealth Rock\n|-damage|p2a: Bellossom|188/263|[from] Spikes\n|turn|24\n|\n|t:|1781464037\n|move|p1a: Florges|Calm Mind|p1a: Florges\n|-boost|p1a: Florges|spa|1\n|-boost|p1a: Florges|spd|1\n|move|p2a: Bellossom|Quiver Dance|p2a: Bellossom\n|-boost|p2a: Bellossom|spa|1\n|-boost|p2a: Bellossom|spd|1\n|-boost|p2a: Bellossom|spe|1\n|\n|-heal|p2a: Bellossom|204/263|[from] item: Leftovers\n|-heal|p1a: Florges|234/271|[from] item: Leftovers\n|upkeep\n|turn|25\n|\n|t:|1781464040\n|move|p2a: Bellossom|Quiver Dance|p2a: Bellossom\n|-boost|p2a: Bellossom|spa|1\n|-boost|p2a: Bellossom|spd|1\n|-boost|p2a: Bellossom|spe|1\n|move|p1a: Florges|Calm Mind|p1a: Florges\n|-boost|p1a: Florges|spa|1\n|-boost|p1a: Florges|spd|1\n|\n|-heal|p2a: Bellossom|220/263|[from] item: Leftovers\n|-heal|p1a: Florges|250/271|[from] item: Leftovers\n|upkeep\n|turn|26\n|\n|t:|1781464042\n|move|p2a: Bellossom|Quiver Dance|p2a: Bellossom\n|-boost|p2a: Bellossom|spa|1\n|-boost|p2a: Bellossom|spd|1\n|-boost|p2a: Bellossom|spe|1\n|move|p1a: Florges|Calm Mind|p1a: Florges\n|-boost|p1a: Florges|spa|1\n|-boost|p1a: Florges|spd|1\n|\n|-heal|p2a: Bellossom|236/263|[from] item: Leftovers\n|-heal|p1a: Florges|266/271|[from] item: Leftovers\n|upkeep\n|turn|27\n|\n|t:|1781464044\n|move|p2a: Bellossom|Quiver Dance|p2a: Bellossom\n|-boost|p2a: Bellossom|spa|1\n|-boost|p2a: Bellossom|spd|1\n|-boost|p2a: Bellossom|spe|1\n|move|p1a: Florges|Calm Mind|p1a: Florges\n|-boost|p1a: Florges|spa|1\n|-boost|p1a: Florges|spd|1\n|\n|-heal|p2a: Bellossom|252/263|[from] item: Leftovers\n|-heal|p1a: Florges|271/271|[from] item: Leftovers\n|upkeep\n|turn|28\n|\n|t:|1781464046\n|move|p2a: Bellossom|Quiver Dance|p2a: Bellossom\n|-boost|p2a: Bellossom|spa|1\n|-boost|p2a: Bellossom|spd|1\n|-boost|p2a: Bellossom|spe|1\n|move|p1a: Florges|Calm Mind|p1a: Florges\n|-boost|p1a: Florges|spa|1\n|-boost|p1a: Florges|spd|1\n|\n|-heal|p2a: Bellossom|263/263|[from] item: Leftovers\n|upkeep\n|turn|29\n|\n|t:|1781464047\n|move|p2a: Bellossom|Quiver Dance|p2a: Bellossom\n|-boost|p2a: Bellossom|spa|1\n|-boost|p2a: Bellossom|spd|1\n|-boost|p2a: Bellossom|spe|1\n|move|p1a: Florges|Moonblast|p2a: Bellossom\n|-damage|p2a: Bellossom|154/263\n|\n|-heal|p2a: Bellossom|170/263|[from] item: Leftovers\n|upkeep\n|turn|30\n|\n|t:|1781464052\n|move|p2a: Bellossom|Giga Drain|p1a: Florges\n|-damage|p1a: Florges|225/271\n|-heal|p2a: Bellossom|193/263|[from] drain|[of] p1a: Florges\n|move|p1a: Florges|Moonblast|p2a: Bellossom\n|-damage|p2a: Bellossom|93/263\n|\n|-heal|p2a: Bellossom|109/263|[from] item: Leftovers\n|-heal|p1a: Florges|241/271|[from] item: Leftovers\n|upkeep\n|turn|31\n|\n|t:|1781464055\n|move|p2a: Bellossom|Strength Sap|p1a: Florges\n|-unboost|p1a: Florges|atk|1\n|-heal|p2a: Bellossom|224/263\n|move|p1a: Florges|Moonblast|p2a: Bellossom\n|-damage|p2a: Bellossom|118/263\n|\n|-heal|p2a: Bellossom|134/263|[from] item: Leftovers\n|-heal|p1a: Florges|257/271|[from] item: Leftovers\n|upkeep\n|turn|32\n|\n|t:|1781464062\n|move|p2a: Bellossom|Giga Drain|p1a: Florges\n|-damage|p1a: Florges|208/271\n|-heal|p2a: Bellossom|159/263|[from] drain|[of] p1a: Florges\n|move|p1a: Florges|Moonblast|p2a: Bellossom\n|-damage|p2a: Bellossom|47/263\n|\n|-heal|p2a: Bellossom|63/263|[from] item: Leftovers\n|-heal|p1a: Florges|224/271|[from] item: Leftovers\n|upkeep\n|turn|33\n|\n|t:|1781464071\n|move|p2a: Bellossom|Giga Drain|p1a: Florges\n|-damage|p1a: Florges|179/271\n|-heal|p2a: Bellossom|86/263|[from] drain|[of] p1a: Florges\n|move|p1a: Florges|Moonblast|p2a: Bellossom\n|-damage|p2a: Bellossom|0 fnt\n|faint|p2a: Bellossom\n|\n|-heal|p1a: Florges|195/271|[from] item: Leftovers\n|upkeep\n|\n|t:|1781464075\n|switch|p2a: Lokix|Lokix, L82, M|251/251\n|-damage|p2a: Lokix|189/251|[from] Stealth Rock\n|-damage|p2a: Lokix|148/251|[from] Spikes\n|turn|34\n|\n|t:|1781464081\n|-terastallize|p2a: Lokix|Dark\n|move|p2a: Lokix|Knock Off|p1a: Florges\n|-resisted|p1a: Florges\n|-damage|p1a: Florges|0 fnt\n|-enditem|p1a: Florges|Leftovers|[from] move: Knock Off|[of] p2a: Lokix\n|faint|p1a: Florges\n|-damage|p2a: Lokix|123/251|[from] item: Life Orb\n|\n|upkeep\n|\n|t:|1781464087\n|switch|p1a: Wugtrio|Wugtrio, L91, F|212/212\n|turn|35\n|\n|t:|1781464089\n|move|p2a: Lokix|Sucker Punch|p1a: Wugtrio\n|-damage|p1a: Wugtrio|38/212\n|-ability|p1a: Wugtrio|Gooey\n|-unboost|p2a: Lokix|spe|1\n|-damage|p2a: Lokix|98/251|[from] item: Life Orb\n|move|p1a: Wugtrio|Liquidation|p2a: Lokix\n|-damage|p2a: Lokix|0 fnt\n|faint|p2a: Lokix\n|\n|upkeep\n|\n|t:|1781464095\n|switch|p2a: Lugia|Lugia, L73|275/275\n|turn|36\n|\n|t:|1781464099\n|move|p1a: Wugtrio|Liquidation|p2a: Lugia\n|-damage|p2a: Lugia|209/275\n|move|p2a: Lugia|Earth Power|p1a: Wugtrio\n|-damage|p1a: Wugtrio|0 fnt\n|faint|p1a: Wugtrio\n|\n|upkeep\n|\n|t:|1781464104\n|switch|p1a: Magcargo|Magcargo, L95, M|268/268\n|turn|37\n|\n|t:|1781464107\n|-terastallize|p1a: Magcargo|Dragon\n|move|p2a: Lugia|Earth Power|p1a: Magcargo\n|-damage|p1a: Magcargo|225/268\n|move|p1a: Magcargo|Shell Smash|p1a: Magcargo\n|-unboost|p1a: Magcargo|def|1\n|-unboost|p1a: Magcargo|spd|1\n|-boost|p1a: Magcargo|atk|2\n|-boost|p1a: Magcargo|spa|2\n|-boost|p1a: Magcargo|spe|2\n|\n|upkeep\n|turn|38\n|-message|Strokefish forfeited.\n|\n|win|WhatEver2102\n", "inputlog": ">version a8376a258c1d4662feba110a92103f3664a72141\n>start {\"formatid\":\"gen9randombattle\",\"seed\":\"sodium,87d8e86d9a78643db96b32ad321aeab8\",\"rated\":\"Rated battle\"}\n>player p1 {\"name\":\"WhatEver2102\",\"avatar\":\"juan\",\"rating\":1954,\"seed\":\"sodium,3a94a4f42251cba6ecd4791435c219db\"}\n>player p2 {\"name\":\"Strokefish\",\"avatar\":\"102\",\"rating\":1999,\"seed\":\"sodium,8486bb4906c51da231f4a3a00027beb0\"}\n>p1 move beakblast\n>p2 switch 4\n>p1 switch 2\n>p2 move stealthrock\n>p1 move stealthrock\n>p2 switch 6\n>p1 move earthpower\n>p2 move leechseed\n>p1 switch 2\n>p2 move gigadrain\n>p1 move boomburst\n>p2 switch 6\n>p1 switch 2\n>p2 move dracometeor\n>p1 move shoreup\n>p2 switch 6\n>p1 switch 4\n>p2 move gigadrain\n>p1 move rapidspin\n>p2 switch 5\n>p1 switch 4\n>p2 switch 5\n>p1 switch 4\n>p2 move sludgebomb\n>p1 move spikes\n>p2 switch 5\n>p1 move spikes\n>p2 move roost\n>p1 switch 4\n>p1 move earthpower\n>p2 switch 5\n>p1 switch 2\n>p2 move gigadrain\n>p1 move beakblast\n>p2 move sludgebomb\n>p2 switch 6\n>p1 switch 2\n>p2 move flashcannon\n>p1 move shoreup\n>p2 move dracometeor\n>p1 switch 2\n>p2 move dracometeor\n>p1 switch 6\n>p1 move calmmind\n>p2 switch 5\n>p1 move moonblast\n>p2 move bodyslam\n>p1 move moonblast\n>p2 move bodyslam\n>p2 switch 4\n>p1 move calmmind\n>p2 move quiverdance\n>p1 move calmmind\n>p2 move quiverdance\n>p1 move calmmind\n>p2 move quiverdance\n>p1 move calmmind\n>p2 move quiverdance\n>p1 move calmmind\n>p2 move quiverdance\n>p1 move moonblast\n>p2 move quiverdance\n>p1 move moonblast\n>p2 move gigadrain\n>p1 move moonblast\n>p2 move strengthsap\n>p1 move moonblast\n>p2 move gigadrain\n>p1 move moonblast\n>p2 move gigadrain\n>p2 switch 3\n>p1 move moonblast\n>p2 move knockoff terastallize\n>p1 switch 5\n>p1 move liquidation\n>p2 move suckerpunch\n>p2 switch 2\n>p1 move liquidation\n>p2 move earthpower\n>p1 switch 3\n>p1 move shellsmash terastallize\n>p2 move earthpower\n>forcelose p2", "uploadtime": 1781463655, "views": 7, "formatid": "gen9randombattle", "rating": null, "private": 0, "password": null, "player_dets": [{"name": "WhatEver2102", "avatar": "juan", "rating": 1954, "seed": "sodium,3a94a4f42251cba6ecd4791435c219db"}, {"name": "Strokefish", "avatar": "102", "rating": 1999, "seed": "sodium,8486bb4906c51da231f4a3a00027beb0"}], "teams_full": [{"Toucannon": {"name": "Toucannon", "species": "Toucannon", "speciesId": "toucannon", "gender": "F", "shiny": false, "level": 88, "moves": ["uturn", "beakblast", "roost", "boomburst"], "ability": "Keen Eye", "evs": {"hp": 85, "atk": 85, "def": 85, "spa": 85, "spd": 85, "spe": 85}, "ivs": {"hp": 31, "atk": 31, "def": 31, "spa": 31, "spd": 31, "spe": 31}, "item": "Heavy-Duty Boots", "teraType": "Steel", "role": "Bulky Support", "bvs": {"hp": 80, "atk": 120, "def": 75, "spa": 75, "spd": 75, "spe": 60}, "stats": {"hp": 284, "atk": 261, "def": 182, "spa": 182, "spd": 182, "spe": 156}}, "Palossand": {"name": "Palossand", "species": "Palossand", "speciesId": "palossand", "gender": "F", "shiny": false, "level": 89, "moves": ["shadowball", "stealthrock", "earthpower", "shoreup"], "ability": "Water Compaction", "evs": {"hp": 85, "atk": 0, "def": 85, "spa": 85, "spd": 85, "spe": 85}, "ivs": {"hp": 31, "atk": 0, "def": 31, "spa": 31, "spd": 31, "spe": 31}, "item": "Leftovers", "teraType": "Water", "role": "Bulky Support", "bvs": {"hp": 85, "atk": 75, "def": 110, "spa": 100, "spd": 75, "spe": 35}, "stats": {"hp": 296, "atk": 138, "def": 247, "spa": 229, "spd": 184, "spe": 113}}, "Magcargo": {"name": "Magcargo", "species": "Magcargo", "speciesId": "magcargo", "gender": "M", "shiny": false, "level": 95, "moves": ["powergem", "shellsmash", "earthpower", "fireblast"], "ability": "Weak Armor", "evs": {"hp": 85, "atk": 0, "def": 85, "spa": 85, "spd": 85, "spe": 85}, "ivs": {"hp": 31, "atk": 0, "def": 31, "spa": 31, "spd": 31, "spe": 31}, "item": "Heavy-Duty Boots", "teraType": "Dragon", "role": "Setup Sweeper", "bvs": {"hp": 60, "atk": 50, "def": 120, "spa": 90, "spd": 80, "spe": 30}, "stats": {"hp": 268, "atk": 100, "def": 282, "spa": 225, "spd": 206, "spe": 111}}, "Delibird": {"name": "Delibird", "species": "Delibird", "speciesId": "delibird", "gender": "F", "shiny": false, "level": 100, "moves": ["freezedry", "rapidspin", "spikes", "bravebird"], "ability": "Vital Spirit", "evs": {"hp": 85, "atk": 85, "def": 85, "spa": 85, "spd": 85, "spe": 85}, "ivs": {"hp": 31, "atk": 31, "def": 31, "spa": 31, "spd": 31, "spe": 31}, "item": "Heavy-Duty Boots", "teraType": "Ghost", "role": "Fast Support", "bvs": {"hp": 45, "atk": 55, "def": 45, "spa": 65, "spd": 45, "spe": 75}, "stats": {"hp": 252, "atk": 167, "def": 147, "spa": 187, "spd": 147, "spe": 207}}, "Wugtrio": {"name": "Wugtrio", "species": "Wugtrio", "speciesId": "wugtrio", "gender": "F", "shiny": false, "level": 91, "moves": ["aquajet", "stompingtantrum", "throatchop", "liquidation"], "ability": "Gooey", "evs": {"hp": 85, "atk": 85, "def": 85, "spa": 85, "spd": 85, "spe": 85}, "ivs": {"hp": 31, "atk": 31, "def": 31, "spa": 31, "spd": 31, "spe": 31}, "item": "Choice Band", "teraType": "Ground", "role": "Fast Attacker", "bvs": {"hp": 35, "atk": 100, "def": 50, "spa": 50, "spd": 70, "spe": 120}, "stats": {"hp": 212, "atk": 234, "def": 143, "spa": 143, "spd": 179, "spe": 270}}, "Florges": {"name": "Florges", "species": "Florges", "speciesId": "florges", "gender": "F", "shiny": false, "level": 85, "moves": ["moonblast", "calmmind", "terablast", "synthesis"], "ability": "Flower Veil", "evs": {"hp": 85, "atk": 0, "def": 85, "spa": 85, "spd": 85, "spe": 85}, "ivs": {"hp": 31, "atk": 0, "def": 31, "spa": 31, "spd": 31, "spe": 31}, "item": "Leftovers", "teraType": "Ground", "role": "Tera Blast user", "bvs": {"hp": 78, "atk": 65, "def": 68, "spa": 112, "spd": 154, "spe": 75}, "stats": {"hp": 271, "atk": 115, "def": 164, "spa": 239, "spd": 311, "spe": 176}}}, {"Bellossom": {"name": "Bellossom", "species": "Bellossom", "speciesId": "bellossom", "gender": "F", "shiny": false, "level": 84, "moves": ["quiverdance", "gigadrain", "strengthsap", "terablast"], "ability": "Chlorophyll", "evs": {"hp": 85, "atk": 0, "def": 85, "spa": 85, "spd": 85, "spe": 85}, "ivs": {"hp": 31, "atk": 0, "def": 31, "spa": 31, "spd": 31, "spe": 31}, "item": "Leftovers", "teraType": "Rock", "role": "Tera Blast user", "bvs": {"hp": 75, "atk": 80, "def": 95, "spa": 90, "spd": 100, "spe": 50}, "stats": {"hp": 263, "atk": 139, "def": 208, "spa": 199, "spd": 216, "spe": 132}}, "Lugia": {"name": "Lugia", "species": "Lugia", "speciesId": "lugia", "gender": "N", "shiny": false, "level": 73, "moves": ["calmmind", "aeroblast", "recover", "earthpower"], "ability": "Multiscale", "evs": {"hp": 85, "atk": 0, "def": 85, "spa": 85, "spd": 85, "spe": 85}, "ivs": {"hp": 31, "atk": 0, "def": 31, "spa": 31, "spd": 31, "spe": 31}, "item": "Heavy-Duty Boots", "teraType": "Ground", "role": "Bulky Setup", "bvs": {"hp": 106, "atk": 90, "def": 130, "spa": 90, "spd": 154, "spe": 110}, "stats": {"hp": 275, "atk": 136, "def": 232, "spa": 174, "spd": 267, "spe": 203}}, "Lokix": {"name": "Lokix", "species": "Lokix", "speciesId": "lokix", "gender": "M", "shiny": false, "level": 82, "moves": ["leechlife", "suckerpunch", "knockoff", "swordsdance"], "ability": "Tinted Lens", "evs": {"hp": 85, "atk": 85, "def": 85, "spa": 85, "spd": 85, "spe": 85}, "ivs": {"hp": 31, "atk": 31, "def": 31, "spa": 31, "spd": 31, "spe": 31}, "item": "Life Orb", "teraType": "Dark", "role": "Setup Sweeper", "bvs": {"hp": 71, "atk": 102, "def": 78, "spa": 52, "spd": 55, "spe": 92}, "stats": {"hp": 251, "atk": 214, "def": 175, "spa": 132, "spd": 137, "spe": 198}}, "Duraludon": {"name": "Duraludon", "species": "Duraludon", "speciesId": "duraludon", "gender": "F", "shiny": false, "level": 82, "moves": ["dracometeor", "bodypress", "flashcannon", "stealthrock"], "ability": "Light Metal", "evs": {"hp": 85, "atk": 0, "def": 85, "spa": 85, "spd": 85, "spe": 85}, "ivs": {"hp": 31, "atk": 0, "def": 31, "spa": 31, "spd": 31, "spe": 31}, "item": "Eviolite", "teraType": "Fighting", "role": "Bulky Attacker", "bvs": {"hp": 70, "atk": 95, "def": 115, "spa": 120, "spd": 50, "spe": 85}, "stats": {"hp": 249, "atk": 160, "def": 236, "spa": 244, "spd": 129, "spe": 187}}, "Dunsparce": {"name": "Dunsparce", "species": "Dunsparce", "speciesId": "dunsparce", "gender": "M", "shiny": false, "level": 86, "moves": ["coil", "roost", "earthquake", "bodyslam"], "ability": "Serene Grace", "evs": {"hp": 85, "atk": 85, "def": 85, "spa": 85, "spd": 85, "spe": 85}, "ivs": {"hp": 31, "atk": 31, "def": 31, "spa": 31, "spd": 31, "spe": 31}, "item": "Eviolite", "teraType": "Ghost", "role": "Bulky Setup", "bvs": {"hp": 100, "atk": 70, "def": 70, "spa": 65, "spd": 65, "spe": 45}, "stats": {"hp": 312, "atk": 170, "def": 170, "spa": 161, "spd": 161, "spe": 127}}, "Venusaur": {"name": "Venusaur", "species": "Venusaur", "speciesId": "venusaur", "gender": "F", "shiny": false, "level": 84, "moves": ["gigadrain", "leechseed", "sludgebomb", "substitute"], "ability": "Overgrow", "evs": {"hp": 85, "atk": 0, "def": 85, "spa": 85, "spd": 85, "spe": 85}, "ivs": {"hp": 31, "atk": 0, "def": 31, "spa": 31, "spd": 31, "spe": 31}, "item": "Leftovers", "teraType": "Water", "role": "Bulky Support", "bvs": {"hp": 80, "atk": 82, "def": 83, "spa": 100, "spd": 100, "spe": 80}, "stats": {"hp": 272, "atk": 142, "def": 188, "spa": 216, "spd": 216, "spe": 183}}}]}