{"id": "gen9randombattle-2632007265", "format": "[Gen 9] Random Battle", "players": ["RedstoneHackerWD", "matavicents"], "log": "|j|\u2606RedstoneHackerWD\n|j|\u2606matavicents\n|t:|1781465283\n|gametype|singles\n|player|p1|RedstoneHackerWD|265|1158\n|player|p2|matavicents|n|1205\n|gen|9\n|tier|[Gen 9] Random Battle\n|rated|\n|rule|Species Clause: Limit one of each Pok\u00e9mon\n|rule|HP Percentage Mod: HP is shown in percentages\n|rule|Sleep Clause Mod: Limit one foe put to sleep\n|rule|Illusion Level Mod: Illusion disguises the Pok\u00e9mon's true level\n|\n|t:|1781465283\n|teamsize|p1|6\n|teamsize|p2|6\n|start\n|switch|p1a: Vileplume|Vileplume, L85, F|266/266\n|switch|p2a: Dodrio|Dodrio, L85, F|241/241\n|turn|1\n|inactive|Battle timer is ON: inactive players will automatically lose when time's up. (requested by RedstoneHackerWD)\n|\n|t:|1781465304\n|-terastallize|p1a: Vileplume|Water\n|move|p2a: Dodrio|Brave Bird|p1a: Vileplume\n|-damage|p1a: Vileplume|29/266\n|-damage|p2a: Dodrio|163/241|[from] Recoil\n|move|p1a: Vileplume|Leech Seed|p2a: Dodrio\n|-start|p2a: Dodrio|move: Leech Seed\n|\n|-heal|p1a: Vileplume|45/266|[from] item: Leftovers\n|-damage|p2a: Dodrio|133/241|[from] Leech Seed|[of] p1a: Vileplume\n|-heal|p1a: Vileplume|75/266|[silent]\n|upkeep\n|turn|2\n|\n|t:|1781465321\n|switch|p1a: Lugia|Lugia, L73|275/275\n|move|p2a: Dodrio|Brave Bird|p1a: Lugia\n|-damage|p1a: Lugia|191/275\n|-damage|p2a: Dodrio|105/241|[from] Recoil\n|\n|-damage|p2a: Dodrio|75/241|[from] Leech Seed|[of] p1a: Lugia\n|-heal|p1a: Lugia|221/275|[silent]\n|upkeep\n|turn|3\n|inactive|matavicents has 120 seconds left.\n|inactive|matavicents has 90 seconds left.\n|inactive|matavicents has 60 seconds left.\n|\n|t:|1781465414\n|switch|p2a: Beartic|Beartic, L91, F|321/321\n|move|p1a: Lugia|Calm Mind|p1a: Lugia\n|-boost|p1a: Lugia|spa|1\n|-boost|p1a: Lugia|spd|1\n|\n|upkeep\n|turn|4\n|\n|t:|1781465427\n|move|p1a: Lugia|Aeroblast|p2a: Beartic|[miss]\n|-miss|p1a: Lugia|p2a: Beartic\n|move|p2a: Beartic|Icicle Crash|p1a: Lugia\n|-supereffective|p1a: Lugia\n|-damage|p1a: Lugia|9/275\n|\n|upkeep\n|turn|5\n|inactive|matavicents has 60 seconds left.\n|inactive|matavicents has 30 seconds left.\n|inactive|matavicents has 20 seconds left.\n|inactive|matavicents has 15 seconds left.\n|\n|t:|1781465496\n|move|p1a: Lugia|Aeroblast|p2a: Beartic\n|-damage|p2a: Beartic|204/321\n|move|p2a: Beartic|Icicle Crash|p1a: Lugia|[miss]\n|-miss|p2a: Beartic|p1a: Lugia\n|\n|upkeep\n|turn|6\n|inactive|matavicents has 25 seconds left this turn.\n|inactive|matavicents has 20 seconds left.\n|inactive|matavicents has 15 seconds left.\n|inactive|matavicents has 10 seconds left.\n|\n|t:|1781465513\n|move|p1a: Lugia|Aeroblast|p2a: Beartic\n|-damage|p2a: Beartic|87/321\n|move|p2a: Beartic|Icicle Crash|p1a: Lugia\n|-supereffective|p1a: Lugia\n|-damage|p1a: Lugia|0 fnt\n|faint|p1a: Lugia\n|\n|upkeep\n|\n|t:|1781465524\n|switch|p1a: Vileplume|Vileplume, L85, F, tera:Water|75/266\n|turn|7\n|inactive|matavicents has 25 seconds left this turn.\n|inactive|matavicents has 20 seconds left.\n|inactive|matavicents has 15 seconds left.\n|inactive|matavicents has 10 seconds left.\n|inactive|matavicents has 5 seconds left.\n|-message|matavicents lost due to inactivity.\n|\n|win|RedstoneHackerWD\n|raw|RedstoneHackerWD's rating: 1158 &rarr; <strong>1186</strong><br />(+28 for winning)\n|raw|matavicents's rating: 1205 &rarr; <strong>1177</strong><br />(-28 for losing)\n", "inputlog": ">version a8376a258c1d4662feba110a92103f3664a72141\n>start {\"formatid\":\"gen9randombattle\",\"seed\":\"sodium,474f5d13b3e0ac9db2c9d6856f3b8eea\",\"rated\":\"Rated battle\"}\n>player p1 {\"name\":\"RedstoneHackerWD\",\"avatar\":\"265\",\"rating\":1158,\"seed\":\"sodium,35f5d50aa5125ca6b5185d4adb1621f6\"}\n>player p2 {\"name\":\"matavicents\",\"avatar\":\"n\",\"rating\":1205,\"seed\":\"sodium,a77475b6684a1576b09729409de642e1\"}\n>p1 move leechseed terastallize\n>p2 move bravebird\n>p1 switch 5\n>p2 move bravebird\n>p1 move calmmind\n>p2 switch 5\n>p1 move aeroblast\n>p2 move iciclecrash\n>p1 move aeroblast\n>p2 move iciclecrash\n>p1 move aeroblast\n>p2 move iciclecrash\n>p1 switch 5\n>forcelose p2", "uploadtime": 1781465551, "views": 6, "formatid": "gen9randombattle", "rating": 1177, "private": 0, "password": null, "player_dets": [{"name": "RedstoneHackerWD", "avatar": "265", "rating": 1158, "seed": "sodium,35f5d50aa5125ca6b5185d4adb1621f6"}, {"name": "matavicents", "avatar": "n", "rating": 1205, "seed": "sodium,a77475b6684a1576b09729409de642e1"}], "teams_full": [{"Vileplume": {"name": "Vileplume", "species": "Vileplume", "speciesId": "vileplume", "gender": "F", "shiny": false, "level": 85, "moves": ["sludgebomb", "leechseed", "gigadrain", "strengthsap"], "ability": "Effect Spore", "evs": {"hp": 85, "atk": 0, "def": 85, "spa": 85, "spd": 85, "spe": 85}, "ivs": {"hp": 31, "atk": 0, "def": 31, "spa": 31, "spd": 31, "spe": 31}, "item": "Leftovers", "teraType": "Water", "role": "Bulky Attacker", "bvs": {"hp": 75, "atk": 80, "def": 85, "spa": 110, "spd": 90, "spe": 50}, "stats": {"hp": 266, "atk": 141, "def": 193, "spa": 236, "spd": 202, "spe": 134}}, "Kricketune": {"name": "Kricketune", "species": "Kricketune", "speciesId": "kricketune", "gender": "F", "shiny": false, "level": 99, "moves": ["stickyweb", "knockoff", "taunt", "pounce"], "ability": "Technician", "evs": {"hp": 85, "atk": 85, "def": 85, "spa": 85, "spd": 85, "spe": 85}, "ivs": {"hp": 31, "atk": 31, "def": 31, "spa": 31, "spd": 31, "spe": 31}, "item": "Heavy-Duty Boots", "teraType": "Ghost", "role": "Fast Support", "bvs": {"hp": 77, "atk": 85, "def": 51, "spa": 55, "spd": 51, "spe": 65}, "stats": {"hp": 312, "atk": 224, "def": 157, "spa": 165, "spd": 157, "spe": 185}}, "Empoleon": {"name": "Empoleon", "species": "Empoleon", "speciesId": "empoleon", "gender": "F", "shiny": false, "level": 84, "moves": ["stealthrock", "yawn", "surf", "roost"], "ability": "Competitive", "evs": {"hp": 85, "atk": 0, "def": 85, "spa": 85, "spd": 85, "spe": 85}, "ivs": {"hp": 31, "atk": 0, "def": 31, "spa": 31, "spd": 31, "spe": 31}, "item": "Leftovers", "teraType": "Grass", "role": "Bulky Support", "bvs": {"hp": 84, "atk": 86, "def": 88, "spa": 111, "spd": 101, "spe": 60}, "stats": {"hp": 278, "atk": 149, "def": 196, "spa": 235, "spd": 218, "spe": 149}}, "Rabsca": {"name": "Rabsca", "species": "Rabsca", "speciesId": "rabsca", "gender": "M", "shiny": false, "level": 91, "moves": ["psychic", "revivalblessing", "bugbuzz", "trickroom"], "ability": "Synchronize", "evs": {"hp": 85, "atk": 0, "def": 85, "spa": 85, "spd": 85, "spe": 0}, "ivs": {"hp": 31, "atk": 0, "def": 31, "spa": 31, "spd": 31, "spe": 0}, "item": "Heavy-Duty Boots", "teraType": "Steel", "role": "Wallbreaker", "bvs": {"hp": 75, "atk": 50, "def": 85, "spa": 115, "spd": 100, "spe": 45}, "stats": {"hp": 284, "atk": 96, "def": 207, "spa": 261, "spd": 234, "spe": 86}}, "Lugia": {"name": "Lugia", "species": "Lugia", "speciesId": "lugia", "gender": "N", "shiny": false, "level": 73, "moves": ["calmmind", "aeroblast", "earthpower", "recover"], "ability": "Multiscale", "evs": {"hp": 85, "atk": 0, "def": 85, "spa": 85, "spd": 85, "spe": 85}, "ivs": {"hp": 31, "atk": 0, "def": 31, "spa": 31, "spd": 31, "spe": 31}, "item": "Heavy-Duty Boots", "teraType": "Ground", "role": "Bulky Setup", "bvs": {"hp": 106, "atk": 90, "def": 130, "spa": 90, "spd": 154, "spe": 110}, "stats": {"hp": 275, "atk": 136, "def": 232, "spa": 174, "spd": 267, "spe": 203}}, "Alcremie": {"name": "Alcremie", "species": "Alcremie-Matcha-Cream", "speciesId": "alcremie", "gender": "F", "shiny": false, "level": 90, "moves": ["calmmind", "alluringvoice", "recover", "terablast"], "ability": "Aroma Veil", "evs": {"hp": 85, "atk": 0, "def": 85, "spa": 85, "spd": 85, "spe": 85}, "ivs": {"hp": 31, "atk": 0, "def": 31, "spa": 31, "spd": 31, "spe": 31}, "item": "Leftovers", "teraType": "Ground", "role": "Tera Blast user", "bvs": {"hp": 65, "atk": 60, "def": 75, "spa": 110, "spd": 121, "spe": 64}, "stats": {"hp": 263, "atk": 113, "def": 186, "spa": 249, "spd": 269, "spe": 167}}}, {"Dodrio": {"name": "Dodrio", "species": "Dodrio", "speciesId": "dodrio", "gender": "F", "shiny": false, "level": 85, "moves": ["knockoff", "bravebird", "quickattack", "drillrun"], "ability": "Early Bird", "evs": {"hp": 85, "atk": 85, "def": 85, "spa": 85, "spd": 85, "spe": 85}, "ivs": {"hp": 31, "atk": 31, "def": 31, "spa": 31, "spd": 31, "spe": 31}, "item": "Choice Band", "teraType": "Ground", "role": "Fast Attacker", "bvs": {"hp": 60, "atk": 110, "def": 70, "spa": 60, "spd": 60, "spe": 110}, "stats": {"hp": 241, "atk": 236, "def": 168, "spa": 151, "spd": 151, "spe": 236}}, "Ampharos": {"name": "Ampharos", "species": "Ampharos", "speciesId": "ampharos", "gender": "M", "shiny": false, "level": 88, "moves": ["dazzlinggleam", "focusblast", "voltswitch", "thunderbolt"], "ability": "Static", "evs": {"hp": 85, "atk": 0, "def": 85, "spa": 85, "spd": 85, "spe": 85}, "ivs": {"hp": 31, "atk": 0, "def": 31, "spa": 31, "spd": 31, "spe": 31}, "item": "Assault Vest", "teraType": "Fairy", "role": "AV Pivot", "bvs": {"hp": 90, "atk": 75, "def": 85, "spa": 115, "spd": 90, "spe": 55}, "stats": {"hp": 302, "atk": 137, "def": 200, "spa": 253, "spd": 209, "spe": 147}}, "Toxtricity": {"name": "Toxtricity", "species": "Toxtricity", "speciesId": "toxtricity", "gender": "F", "shiny": false, "level": 82, "moves": ["shiftgear", "boomburst", "overdrive", "gunkshot"], "ability": "Punk Rock", "evs": {"hp": 85, "atk": 85, "def": 85, "spa": 85, "spd": 85, "spe": 85}, "ivs": {"hp": 31, "atk": 31, "def": 31, "spa": 31, "spd": 31, "spe": 31}, "item": "Throat Spray", "teraType": "Normal", "role": "Setup Sweeper", "bvs": {"hp": 75, "atk": 98, "def": 70, "spa": 114, "spd": 70, "spe": 75}, "stats": {"hp": 257, "atk": 208, "def": 162, "spa": 234, "spd": 162, "spe": 170}}, "Tropius": {"name": "Tropius", "species": "Tropius", "speciesId": "tropius", "gender": "M", "shiny": false, "level": 91, "moves": ["dragondance", "earthquake", "dualwingbeat", "leafblade"], "ability": "Harvest", "evs": {"hp": 85, "atk": 85, "def": 85, "spa": 85, "spd": 85, "spe": 85}, "ivs": {"hp": 31, "atk": 31, "def": 31, "spa": 31, "spd": 31, "spe": 31}, "item": "Sitrus Berry", "teraType": "Ground", "role": "Setup Sweeper", "bvs": {"hp": 99, "atk": 68, "def": 83, "spa": 72, "spd": 87, "spe": 51}, "stats": {"hp": 328, "atk": 176, "def": 203, "spa": 183, "spd": 210, "spe": 145}}, "Beartic": {"name": "Beartic", "species": "Beartic", "speciesId": "beartic", "gender": "F", "shiny": false, "level": 91, "moves": ["snowscape", "closecombat", "iciclecrash", "swordsdance"], "ability": "Slush Rush", "evs": {"hp": 85, "atk": 85, "def": 85, "spa": 85, "spd": 85, "spe": 85}, "ivs": {"hp": 31, "atk": 31, "def": 31, "spa": 31, "spd": 31, "spe": 31}, "item": "Heavy-Duty Boots", "teraType": "Fighting", "role": "Wallbreaker", "bvs": {"hp": 95, "atk": 130, "def": 80, "spa": 70, "spd": 80, "spe": 50}, "stats": {"hp": 321, "atk": 288, "def": 197, "spa": 179, "spd": 197, "spe": 143}}, "Dachsbun": {"name": "Dachsbun", "species": "Dachsbun", "speciesId": "dachsbun", "gender": "M", "shiny": false, "level": 92, "moves": ["wish", "yawn", "playrough", "protect"], "ability": "Well-Baked Body", "evs": {"hp": 85, "atk": 85, "def": 85, "spa": 85, "spd": 85, "spe": 85}, "ivs": {"hp": 31, "atk": 31, "def": 31, "spa": 31, "spd": 31, "spe": 31}, "item": "Leftovers", "teraType": "Steel", "role": "Bulky Support", "bvs": {"hp": 57, "atk": 80, "def": 115, "spa": 50, "spd": 80, "spe": 95}, "stats": {"hp": 254, "atk": 200, "def": 264, "spa": 144, "spd": 200, "spe": 227}}}]}