{"id": "gen9randombattle-2631698649", "format": "[Gen 9] Random Battle", "players": ["tim-gnt", "rootofx"], "log": "|j|\u2606tim-gnt\n|j|\u2606rootofx\n|t:|1781424107\n|gametype|singles\n|player|p1|tim-gnt|grimsley|1339\n|player|p2|rootofx|red|1282\n|gen|9\n|tier|[Gen 9] Random Battle\n|rated|\n|rule|Species Clause: Limit one of each Pok\u00e9mon\n|rule|HP Percentage Mod: HP is shown in percentages\n|rule|Sleep Clause Mod: Limit one foe put to sleep\n|rule|Illusion Level Mod: Illusion disguises the Pok\u00e9mon's true level\n|\n|t:|1781424107\n|teamsize|p1|6\n|teamsize|p2|6\n|start\n|switch|p1a: Chandelure|Chandelure, L83, F|235/235\n|switch|p2a: Slowking|Slowking-Galar, L85, F|300/300\n|turn|1\n|inactive|Battle timer is ON: inactive players will automatically lose when time's up. (requested by rootofx)\n|\n|t:|1781424122\n|move|p1a: Chandelure|Shadow Ball|p2a: Slowking\n|-supereffective|p2a: Slowking\n|-damage|p2a: Slowking|180/300\n|move|p2a: Slowking|Surf|p1a: Chandelure\n|-supereffective|p1a: Chandelure\n|-damage|p1a: Chandelure|97/235\n|\n|upkeep\n|turn|2\n|\n|t:|1781424145\n|switch|p1a: Barraskewda|Barraskewda, L81, F|231/231\n|move|p2a: Slowking|Surf|p1a: Barraskewda\n|-resisted|p1a: Barraskewda\n|-damage|p1a: Barraskewda|180/231\n|\n|upkeep\n|turn|3\n|\n|t:|1781424156\n|switch|p2a: Venomoth|Venomoth, L84, F|255/255\n|move|p1a: Barraskewda|Flip Turn|p2a: Venomoth\n|-damage|p2a: Venomoth|122/255\n|inactive|tim-gnt has 120 seconds left.\n|\n|t:|1781424174\n|switch|p1a: Seviper|Seviper, L93, M|287/287|[from] Flip Turn\n|\n|upkeep\n|turn|4\n|inactive|tim-gnt has 120 seconds left.\n|\n|t:|1781424187\n|move|p1a: Seviper|Earthquake|p2a: Venomoth\n|-damage|p2a: Venomoth|0 fnt\n|faint|p2a: Venomoth\n|\n|upkeep\n|\n|t:|1781424202\n|switch|p2a: Eiscue|Eiscue, L88, M|274/274\n|turn|5\n|\n|t:|1781424215\n|move|p1a: Seviper|Earthquake|p2a: Eiscue\n|-activate|p2a: Eiscue|ability: Ice Face\n|-damage|p2a: Eiscue|274/274\n|detailschange|p2a: Eiscue|Eiscue-Noice, L88, M\n|move|p2a: Eiscue|Belly Drum|p2a: Eiscue\n|-damage|p2a: Eiscue|137/274\n|-setboost|p2a: Eiscue|atk|6|[from] move: Belly Drum\n|-enditem|p2a: Eiscue|Sitrus Berry|[eat]\n|-heal|p2a: Eiscue|205/274|[from] item: Sitrus Berry\n|\n|upkeep\n|turn|6\n|\n|t:|1781424230\n|-terastallize|p2a: Eiscue|Water\n|move|p2a: Eiscue|Liquidation|p1a: Seviper\n|-damage|p1a: Seviper|0 fnt\n|faint|p1a: Seviper\n|\n|upkeep\n|inactive|tim-gnt has 120 seconds left.\n|\n|t:|1781424254\n|switch|p1a: Farigiraf|Farigiraf, L90, M|362/362\n|turn|7\n|\n|t:|1781424266\n|move|p2a: Eiscue|Liquidation|p1a: Farigiraf\n|-damage|p1a: Farigiraf|7/362\n|move|p1a: Farigiraf|Wish|p1a: Farigiraf\n|\n|-heal|p1a: Farigiraf|29/362|[from] item: Leftovers\n|upkeep\n|turn|8\n|\n|t:|1781424279\n|move|p2a: Eiscue|Liquidation|p1a: Farigiraf\n|-crit|p1a: Farigiraf\n|-damage|p1a: Farigiraf|0 fnt\n|faint|p1a: Farigiraf\n|\n|upkeep\n|\n|t:|1781424285\n|switch|p1a: Torkoal|Torkoal, L88, F|266/266\n|-weather|SunnyDay|[from] ability: Drought|[of] p1a: Torkoal\n|turn|9\n|\n|t:|1781424290\n|-terastallize|p1a: Torkoal|Grass\n|move|p2a: Eiscue|Liquidation|p1a: Torkoal\n|-resisted|p1a: Torkoal\n|-damage|p1a: Torkoal|209/266\n|move|p1a: Torkoal|Solar Beam||[still]\n|-prepare|p1a: Torkoal|Solar Beam\n|-anim|p1a: Torkoal|Solar Beam|p2a: Eiscue\n|-supereffective|p2a: Eiscue\n|-damage|p2a: Eiscue|0 fnt\n|faint|p2a: Eiscue\n|\n|-weather|SunnyDay|[upkeep]\n|upkeep\n|\n|t:|1781424301\n|switch|p2a: Infernape|Infernape, L82, M|259/259\n|turn|10\n|\n|t:|1781424310\n|switch|p1a: Barraskewda|Barraskewda, L81, F|180/231\n|move|p2a: Infernape|Knock Off|p1a: Barraskewda\n|-damage|p1a: Barraskewda|54/231\n|-enditem|p1a: Barraskewda|Choice Band|[from] move: Knock Off|[of] p2a: Infernape\n|-damage|p2a: Infernape|234/259|[from] item: Life Orb\n|\n|-weather|SunnyDay|[upkeep]\n|upkeep\n|turn|11\n|\n|t:|1781424320\n|move|p2a: Infernape|Mach Punch|p1a: Barraskewda\n|-damage|p1a: Barraskewda|0 fnt\n|faint|p1a: Barraskewda\n|-damage|p2a: Infernape|209/259|[from] item: Life Orb\n|\n|-weather|SunnyDay|[upkeep]\n|upkeep\n|\n|t:|1781424326\n|switch|p1a: Enamorus|Enamorus-Therian, L83, F|259/259\n|turn|12\n|\n|t:|1781424334\n|switch|p2a: Slowking|Slowking-Galar, L85, F|280/300\n|move|p1a: Enamorus|Agility|p1a: Enamorus\n|-boost|p1a: Enamorus|spe|2\n|\n|-weather|SunnyDay|[upkeep]\n|upkeep\n|turn|13\n|\n|t:|1781424345\n|move|p1a: Enamorus|Earth Power|p2a: Slowking\n|-supereffective|p2a: Slowking\n|-damage|p2a: Slowking|190/300\n|move|p2a: Slowking|Sludge Bomb|p1a: Enamorus\n|-supereffective|p1a: Enamorus\n|-crit|p1a: Enamorus\n|-damage|p1a: Enamorus|0 fnt\n|faint|p1a: Enamorus\n|\n|-weather|none\n|upkeep\n|\n|t:|1781424355\n|switch|p1a: Torkoal|Torkoal, L88, F, tera:Grass|209/266\n|-weather|SunnyDay|[from] ability: Drought|[of] p1a: Torkoal\n|turn|14\n|\n|t:|1781424362\n|move|p2a: Slowking|Sludge Bomb|p1a: Torkoal\n|-supereffective|p1a: Torkoal\n|-damage|p1a: Torkoal|0 fnt\n|faint|p1a: Torkoal\n|\n|-weather|SunnyDay|[upkeep]\n|upkeep\n|\n|t:|1781424367\n|switch|p1a: Chandelure|Chandelure, L83, F|97/235\n|turn|15\n|\n|t:|1781424373\n|move|p1a: Chandelure|Shadow Ball|p2a: Slowking\n|-supereffective|p2a: Slowking\n|-damage|p2a: Slowking|64/300\n|move|p2a: Slowking|Surf|p1a: Chandelure\n|-supereffective|p1a: Chandelure\n|-damage|p1a: Chandelure|27/235\n|\n|-weather|SunnyDay|[upkeep]\n|upkeep\n|turn|16\n|\n|t:|1781424380\n|switch|p2a: Sableye|Sableye, L88, M|231/231\n|move|p1a: Chandelure|Shadow Ball|p2a: Sableye\n|-damage|p2a: Sableye|98/231\n|\n|-weather|SunnyDay|[upkeep]\n|-heal|p2a: Sableye|112/231|[from] item: Leftovers\n|upkeep\n|turn|17\n|\n|t:|1781424387\n|move|p2a: Sableye|Encore|p1a: Chandelure\n|-start|p1a: Chandelure|Encore\n|move|p1a: Chandelure|Shadow Ball|p2a: Sableye\n|-damage|p2a: Sableye|0 fnt\n|faint|p2a: Sableye\n|\n|-weather|SunnyDay|[upkeep]\n|upkeep\n|\n|t:|1781424392\n|switch|p2a: Slowking|Slowking-Galar, L85, F|164/300\n|turn|18\n|\n|t:|1781424395\n|move|p1a: Chandelure|Shadow Ball|p2a: Slowking\n|-supereffective|p2a: Slowking\n|-damage|p2a: Slowking|26/300\n|move|p2a: Slowking|Surf|p1a: Chandelure\n|-supereffective|p1a: Chandelure\n|-damage|p1a: Chandelure|0 fnt\n|faint|p1a: Chandelure\n|\n|win|rootofx\n|raw|tim-gnt's rating: 1339 &rarr; <strong>1316</strong><br />(-23 for losing)\n|raw|rootofx's rating: 1282 &rarr; <strong>1311</strong><br />(+29 for winning)\n", "inputlog": ">version a8376a258c1d4662feba110a92103f3664a72141\n>start {\"formatid\":\"gen9randombattle\",\"seed\":\"sodium,a44ecc21a7445e50e393a63dd7fcbaa6\",\"rated\":\"Rated battle\"}\n>player p1 {\"name\":\"tim-gnt\",\"avatar\":\"grimsley\",\"rating\":1339,\"seed\":\"sodium,59f656fc872b08e31f76db9d7b5c8a34\"}\n>player p2 {\"name\":\"rootofx\",\"avatar\":\"red\",\"rating\":1282,\"seed\":\"sodium,63de109a52e03a36352f126c4c6b0c6e\"}\n>p1 move shadowball\n>p2 move surf\n>p1 switch 5\n>p2 move surf\n>p1 move flipturn\n>p2 switch 5\n>p1 switch 2\n>p1 move earthquake\n>p2 move sleeppowder\n>p2 switch 3\n>p1 move earthquake\n>p2 move bellydrum\n>p1 move earthquake\n>p2 move liquidation terastallize\n>p1 switch 6\n>p1 move wish\n>p2 move liquidation\n>p1 move bodyslam\n>p2 move liquidation\n>p1 switch 3\n>p1 move solarbeam terastallize\n>p2 move liquidation\n>p2 switch 4\n>p1 switch 2\n>p2 move knockoff\n>p1 move flipturn\n>p2 move machpunch\n>p1 switch 4\n>p1 move agility\n>p2 switch 5\n>p1 move earthpower\n>p2 move sludgebomb\n>p1 switch 2\n>p1 move earthquake\n>p2 move sludgebomb\n>p1 switch 5\n>p1 move shadowball\n>p2 move surf\n>p1 move shadowball\n>p2 switch 6\n>p1 move shadowball\n>p2 move encore\n>p2 switch 6\n>p1 move shadowball\n>p2 move surf", "uploadtime": 1781424398, "views": 10, "formatid": "gen9randombattle", "rating": 1311, "private": 0, "password": null, "player_dets": [{"name": "tim-gnt", "avatar": "grimsley", "rating": 1339, "seed": "sodium,59f656fc872b08e31f76db9d7b5c8a34"}, {"name": "rootofx", "avatar": "red", "rating": 1282, "seed": "sodium,63de109a52e03a36352f126c4c6b0c6e"}], "teams_full": [{"Chandelure": {"name": "Chandelure", "species": "Chandelure", "speciesId": "chandelure", "gender": "F", "shiny": false, "level": 83, "moves": ["trick", "fireblast", "shadowball", "energyball"], "ability": "Flash Fire", "evs": {"hp": 85, "atk": 0, "def": 85, "spa": 85, "spd": 85, "spe": 85}, "ivs": {"hp": 31, "atk": 0, "def": 31, "spa": 31, "spd": 31, "spe": 31}, "item": "Choice Scarf", "teraType": "Fire", "role": "Fast Attacker", "bvs": {"hp": 60, "atk": 55, "def": 90, "spa": 145, "spd": 90, "spe": 80}, "stats": {"hp": 235, "atk": 96, "def": 197, "spa": 288, "spd": 197, "spe": 180}, "types": ["Ghost", "Fire"]}, "Seviper": {"name": "Seviper", "species": "Seviper", "speciesId": "seviper", "gender": "M", "shiny": false, "level": 93, "moves": ["switcheroo", "earthquake", "knockoff", "gunkshot"], "ability": "Infiltrator", "evs": {"hp": 85, "atk": 85, "def": 85, "spa": 85, "spd": 85, "spe": 85}, "ivs": {"hp": 31, "atk": 31, "def": 31, "spa": 31, "spd": 31, "spe": 31}, "item": "Choice Scarf", "teraType": "Ground", "role": "Fast Attacker", "bvs": {"hp": 73, "atk": 100, "def": 60, "spa": 100, "spd": 60, "spe": 65}, "stats": {"hp": 287, "atk": 239, "def": 164, "spa": 239, "spd": 164, "spe": 174}, "types": ["Poison"]}, "Torkoal": {"name": "Torkoal", "species": "Torkoal", "speciesId": "torkoal", "gender": "F", "shiny": false, "level": 88, "moves": ["earthquake", "solarbeam", "lavaplume", "stealthrock"], "ability": "Drought", "evs": {"hp": 85, "atk": 85, "def": 85, "spa": 85, "spd": 85, "spe": 85}, "ivs": {"hp": 31, "atk": 31, "def": 31, "spa": 31, "spd": 31, "spe": 31}, "item": "Heavy-Duty Boots", "teraType": "Grass", "role": "Wallbreaker", "bvs": {"hp": 70, "atk": 85, "def": 140, "spa": 85, "spd": 70, "spe": 20}, "stats": {"hp": 266, "atk": 200, "def": 297, "spa": 200, "spd": 173, "spe": 85}, "types": ["Fire"]}, "Enamorus": {"name": "Enamorus", "species": "Enamorus-Therian", "speciesId": "enamorustherian", "gender": "F", "shiny": false, "level": 83, "moves": ["moonblast", "earthpower", "agility", "mysticalfire"], "ability": "Overcoat", "evs": {"hp": 85, "atk": 0, "def": 85, "spa": 85, "spd": 85, "spe": 85}, "ivs": {"hp": 31, "atk": 0, "def": 31, "spa": 31, "spd": 31, "spe": 31}, "item": "Weakness Policy", "teraType": "Ground", "role": "Bulky Setup", "bvs": {"hp": 74, "atk": 115, "def": 110, "spa": 135, "spd": 100, "spe": 46}, "stats": {"hp": 259, "atk": 195, "def": 230, "spa": 272, "spd": 214, "spe": 124}, "types": ["Fairy", "Flying"]}, "Barraskewda": {"name": "Barraskewda", "species": "Barraskewda", "speciesId": "barraskewda", "gender": "F", "shiny": false, "level": 81, "moves": ["closecombat", "waterfall", "psychicfangs", "flipturn"], "ability": "Swift Swim", "evs": {"hp": 85, "atk": 85, "def": 85, "spa": 85, "spd": 85, "spe": 85}, "ivs": {"hp": 31, "atk": 31, "def": 31, "spa": 31, "spd": 31, "spe": 31}, "item": "Choice Band", "teraType": "Water", "role": "Wallbreaker", "bvs": {"hp": 61, "atk": 123, "def": 60, "spa": 60, "spd": 50, "spe": 136}, "stats": {"hp": 231, "atk": 246, "def": 144, "spa": 144, "spd": 128, "spe": 267}, "types": ["Water"]}, "Farigiraf": {"name": "Farigiraf", "species": "Farigiraf", "speciesId": "farigiraf", "gender": "M", "shiny": false, "level": 90, "moves": ["psychicnoise", "wish", "bodyslam", "protect"], "ability": "Sap Sipper", "evs": {"hp": 85, "atk": 85, "def": 85, "spa": 85, "spd": 85, "spe": 85}, "ivs": {"hp": 31, "atk": 31, "def": 31, "spa": 31, "spd": 31, "spe": 31}, "item": "Leftovers", "teraType": "Fairy", "role": "Bulky Support", "bvs": {"hp": 120, "atk": 90, "def": 70, "spa": 110, "spd": 70, "spe": 60}, "stats": {"hp": 362, "atk": 213, "def": 177, "spa": 249, "spd": 177, "spe": 159}, "types": ["Normal", "Psychic"]}}, {"Slowking": {"name": "Slowking", "species": "Slowking-Galar", "speciesId": "slowkinggalar", "gender": "F", "shiny": false, "level": 85, "moves": ["sludgebomb", "fireblast", "surf", "psychicnoise"], "ability": "Regenerator", "evs": {"hp": 85, "atk": 0, "def": 85, "spa": 85, "spd": 85, "spe": 85}, "ivs": {"hp": 31, "atk": 0, "def": 31, "spa": 31, "spd": 31, "spe": 31}, "item": "Assault Vest", "teraType": "Dark", "role": "AV Pivot", "bvs": {"hp": 95, "atk": 65, "def": 80, "spa": 110, "spd": 110, "spe": 30}, "stats": {"hp": 300, "atk": 115, "def": 185, "spa": 236, "spd": 236, "spe": 100}, "types": ["Poison", "Psychic"]}, "Skarmory": {"name": "Skarmory", "species": "Skarmory", "speciesId": "skarmory", "gender": "F", "shiny": false, "level": 80, "moves": ["bodypress", "stealthrock", "bravebird", "roost"], "ability": "Sturdy", "evs": {"hp": 85, "atk": 85, "def": 85, "spa": 85, "spd": 85, "spe": 85}, "ivs": {"hp": 31, "atk": 31, "def": 31, "spa": 31, "spd": 31, "spe": 31}, "item": "Leftovers", "teraType": "Fighting", "role": "Bulky Attacker", "bvs": {"hp": 65, "atk": 80, "def": 140, "spa": 40, "spd": 70, "spe": 70}, "stats": {"hp": 235, "atk": 174, "def": 270, "spa": 110, "spd": 158, "spe": 158}, "types": ["Steel", "Flying"]}, "Eiscue": {"name": "Eiscue", "species": "Eiscue", "speciesId": "eiscue", "gender": "M", "shiny": false, "level": 88, "moves": ["icespinner", "liquidation", "bellydrum", "zenheadbutt"], "ability": "Ice Face", "evs": {"hp": 81, "atk": 85, "def": 85, "spa": 85, "spd": 85, "spe": 85}, "ivs": {"hp": 31, "atk": 31, "def": 31, "spa": 31, "spd": 31, "spe": 31}, "item": "Sitrus Berry", "teraType": "Water", "role": "Setup Sweeper", "bvs": {"hp": 75, "atk": 80, "def": 110, "spa": 65, "spd": 90, "spe": 50}, "stats": {"hp": 274, "atk": 191, "def": 244, "spa": 165, "spd": 209, "spe": 138}, "types": ["Ice"]}, "Infernape": {"name": "Infernape", "species": "Infernape", "speciesId": "infernape", "gender": "M", "shiny": false, "level": 82, "moves": ["closecombat", "overheat", "knockoff", "machpunch"], "ability": "Iron Fist", "evs": {"hp": 85, "atk": 85, "def": 85, "spa": 85, "spd": 85, "spe": 85}, "ivs": {"hp": 31, "atk": 31, "def": 31, "spa": 31, "spd": 31, "spe": 31}, "item": "Life Orb", "teraType": "Dark", "role": "Fast Attacker", "bvs": {"hp": 76, "atk": 104, "def": 71, "spa": 104, "spd": 71, "spe": 108}, "stats": {"hp": 259, "atk": 218, "def": 164, "spa": 218, "spd": 164, "spe": 224}, "types": ["Fire", "Fighting"]}, "Venomoth": {"name": "Venomoth", "species": "Venomoth", "speciesId": "venomoth", "gender": "F", "shiny": false, "level": 84, "moves": ["sludgewave", "sleeppowder", "bugbuzz", "quiverdance"], "ability": "Tinted Lens", "evs": {"hp": 85, "atk": 0, "def": 85, "spa": 85, "spd": 85, "spe": 85}, "ivs": {"hp": 31, "atk": 0, "def": 31, "spa": 31, "spd": 31, "spe": 31}, "item": "Heavy-Duty Boots", "teraType": "Poison", "role": "Setup Sweeper", "bvs": {"hp": 70, "atk": 65, "def": 60, "spa": 90, "spd": 75, "spe": 90}, "stats": {"hp": 255, "atk": 114, "def": 149, "spa": 199, "spd": 174, "spe": 199}, "types": ["Bug", "Poison"]}, "Sableye": {"name": "Sableye", "species": "Sableye", "speciesId": "sableye", "gender": "M", "shiny": false, "level": 88, "moves": ["recover", "encore", "thunderwave", "knockoff"], "ability": "Prankster", "evs": {"hp": 85, "atk": 85, "def": 85, "spa": 85, "spd": 85, "spe": 85}, "ivs": {"hp": 31, "atk": 31, "def": 31, "spa": 31, "spd": 31, "spe": 31}, "item": "Leftovers", "teraType": "Poison", "role": "Bulky Support", "bvs": {"hp": 50, "atk": 75, "def": 75, "spa": 65, "spd": 65, "spe": 50}, "stats": {"hp": 231, "atk": 182, "def": 182, "spa": 165, "spd": 165, "spe": 138}, "types": ["Dark", "Ghost"]}}]}