{"id": "gen9randombattle-2631565594", "format": "[Gen 9] Random Battle", "players": ["buzbee2000", "RoLi404"], "log": "|j|\u2606buzbee2000\n|j|\u2606RoLi404\n|t:|1781402125\n|gametype|singles\n|player|p1|buzbee2000|266|2000\n|player|p2|RoLi404|jacinthe|2003\n|gen|9\n|tier|[Gen 9] Random Battle\n|rated|\n|rule|Species Clause: Limit one of each Pok\u00e9mon\n|rule|HP Percentage Mod: HP is shown in percentages\n|rule|Sleep Clause Mod: Limit one foe put to sleep\n|rule|Illusion Level Mod: Illusion disguises the Pok\u00e9mon's true level\n|\n|t:|1781402125\n|teamsize|p1|6\n|teamsize|p2|6\n|start\n|switch|p1a: Ursaring|Ursaring, L84, M|288/288\n|switch|p2a: Regice|Regice, L88|284/284\n|turn|1\n|inactive|Battle timer is ON: inactive players will automatically lose when time's up. (requested by RoLi404)\n|inactive|RoLi404 has 120 seconds left.\n|\n|t:|1781402162\n|switch|p2a: Mesprit|Mesprit, L85|275/275\n|move|p1a: Ursaring|Swords Dance|p1a: Ursaring\n|-boost|p1a: Ursaring|atk|2\n|\n|-status|p1a: Ursaring|tox|[from] item: Toxic Orb\n|upkeep\n|turn|2\n|\n|t:|1781402172\n|switch|p2a: Dusknoir|Dusknoir, L89, F|225/225\n|-item|p1a: Ursaring|Toxic Orb|[from] ability: Frisk|[of] p2a: Dusknoir\n|move|p1a: Ursaring|Facade|p2a: Dusknoir\n|-immune|p2a: Dusknoir\n|\n|-damage|p1a: Ursaring|270/288 tox|[from] psn\n|upkeep\n|turn|3\n|\n|t:|1781402182\n|move|p1a: Ursaring|Crunch|p2a: Dusknoir\n|-supereffective|p2a: Dusknoir\n|-damage|p2a: Dusknoir|37/225\n|move|p2a: Dusknoir|Earthquake|p1a: Ursaring\n|-damage|p1a: Ursaring|172/288 tox\n|\n|-heal|p2a: Dusknoir|51/225|[from] item: Leftovers\n|-damage|p1a: Ursaring|136/288 tox|[from] psn\n|upkeep\n|turn|4\n|\n|t:|1781402188\n|move|p1a: Ursaring|Crunch|p2a: Dusknoir\n|-supereffective|p2a: Dusknoir\n|-damage|p2a: Dusknoir|0 fnt\n|faint|p2a: Dusknoir\n|\n|-damage|p1a: Ursaring|82/288 tox|[from] psn\n|upkeep\n|\n|t:|1781402192\n|switch|p2a: Gliscor|Gliscor, L76, F|239/239\n|turn|5\n|\n|t:|1781402197\n|move|p2a: Gliscor|Protect|p2a: Gliscor\n|-singleturn|p2a: Gliscor|Protect\n|move|p1a: Ursaring|Facade|p2a: Gliscor\n|-activate|p2a: Gliscor|move: Protect\n|\n|-damage|p1a: Ursaring|10/288 tox|[from] psn\n|-status|p2a: Gliscor|tox|[from] item: Toxic Orb\n|upkeep\n|turn|6\n|\n|t:|1781402207\n|switch|p2a: Regice|Regice, L88|284/284\n|move|p1a: Ursaring|Facade|p2a: Regice\n|-damage|p2a: Regice|0 fnt\n|faint|p2a: Regice\n|\n|-damage|p1a: Ursaring|0 fnt|[from] psn\n|faint|p1a: Ursaring\n|upkeep\n|\n|t:|1781402212\n|switch|p1a: Wyrdeer|Wyrdeer, L87, F|321/321\n|switch|p2a: Mesprit|Mesprit, L85|275/275\n|-ability|p1a: Wyrdeer|Intimidate|boost\n|-unboost|p2a: Mesprit|atk|1\n|turn|7\n|\n|t:|1781402229\n|move|p2a: Mesprit|U-turn|p1a: Wyrdeer\n|-supereffective|p1a: Wyrdeer\n|-damage|p1a: Wyrdeer|243/321\n|\n|t:|1781402231\n|switch|p2a: Urshifu|Urshifu, L74, M|270/270|[from] U-turn\n|move|p1a: Wyrdeer|Thunder Wave|p2a: Urshifu\n|-status|p2a: Urshifu|par\n|\n|-heal|p1a: Wyrdeer|263/321|[from] item: Leftovers\n|upkeep\n|turn|8\n|\n|t:|1781402235\n|switch|p1a: Klefki|Klefki, L84, M|233/233\n|move|p2a: Urshifu|Wicked Blow|p1a: Klefki\n|-resisted|p1a: Klefki\n|-crit|p1a: Klefki\n|-damage|p1a: Klefki|151/233\n|-damage|p2a: Urshifu|243/270 par|[from] item: Life Orb\n|\n|-heal|p1a: Klefki|165/233|[from] item: Leftovers\n|upkeep\n|turn|9\n|\n|t:|1781402244\n|switch|p2a: Gliscor|Gliscor, L76, F|239/239 tox\n|move|p1a: Klefki|Play Rough|p2a: Gliscor\n|-damage|p2a: Gliscor|166/239 tox\n|\n|-heal|p1a: Klefki|179/233|[from] item: Leftovers\n|-heal|p2a: Gliscor|195/239 tox|[from] ability: Poison Heal\n|upkeep\n|turn|10\n|\n|t:|1781402249\n|move|p1a: Klefki|Magnet Rise|p1a: Klefki\n|-start|p1a: Klefki|Magnet Rise\n|move|p2a: Gliscor|Toxic Spikes|p1a: Klefki\n|-sidestart|p1: buzbee2000|move: Toxic Spikes\n|\n|-heal|p1a: Klefki|193/233|[from] item: Leftovers\n|-heal|p2a: Gliscor|224/239 tox|[from] ability: Poison Heal\n|upkeep\n|turn|11\n|\n|t:|1781402255\n|move|p1a: Klefki|Spikes|p2a: Gliscor\n|-sidestart|p2: RoLi404|Spikes\n|move|p2a: Gliscor|Knock Off|p1a: Klefki\n|-resisted|p1a: Klefki\n|-damage|p1a: Klefki|166/233\n|-enditem|p1a: Klefki|Leftovers|[from] move: Knock Off|[of] p2a: Gliscor\n|\n|-heal|p2a: Gliscor|239/239 tox|[from] ability: Poison Heal\n|upkeep\n|turn|12\n|\n|t:|1781402261\n|move|p1a: Klefki|Spikes|p2a: Gliscor\n|-sidestart|p2: RoLi404|Spikes\n|move|p2a: Gliscor|Toxic Spikes|p1a: Klefki\n|-sidestart|p1: buzbee2000|move: Toxic Spikes\n|\n|upkeep\n|turn|13\n|\n|t:|1781402264\n|switch|p2a: Iron Thorns|Iron Thorns, L83|302/302\n|-item|p2a: Iron Thorns|Air Balloon\n|move|p1a: Klefki|Spikes|p2a: Iron Thorns\n|-sidestart|p2: RoLi404|Spikes\n|\n|upkeep\n|turn|14\n|\n|t:|1781402270\n|switch|p1a: Venomoth|Venomoth, L84, F|255/255\n|-sideend|p1: buzbee2000|move: Toxic Spikes|[of] p1a: Venomoth\n|move|p2a: Iron Thorns|Stealth Rock|p1a: Venomoth\n|-sidestart|p1: buzbee2000|move: Stealth Rock\n|\n|upkeep\n|turn|15\n|\n|t:|1781402285\n|move|p1a: Venomoth|Sleep Powder|p2a: Iron Thorns\n|-status|p2a: Iron Thorns|slp|[from] move: Sleep Powder\n|cant|p2a: Iron Thorns|slp\n|\n|upkeep\n|turn|16\n|\n|t:|1781402298\n|switch|p1a: Wyrdeer|Wyrdeer, L87, F|263/321\n|-damage|p1a: Wyrdeer|223/321|[from] Stealth Rock\n|-ability|p1a: Wyrdeer|Intimidate|boost\n|-unboost|p2a: Iron Thorns|atk|1\n|-end|p2a: Iron Thorns|Quark Drive|[silent]\n|switch|p2a: Mesprit|Mesprit, L85|275/275\n|\n|-heal|p1a: Wyrdeer|243/321|[from] item: Leftovers\n|upkeep\n|turn|17\n|\n|t:|1781402302\n|move|p2a: Mesprit|U-turn|p1a: Wyrdeer\n|-supereffective|p1a: Wyrdeer\n|-damage|p1a: Wyrdeer|111/321\n|\n|t:|1781402304\n|switch|p2a: Urshifu|Urshifu, L74, M|243/270 par|[from] U-turn\n|-damage|p2a: Urshifu|176/270 par|[from] Spikes\n|move|p1a: Wyrdeer|Megahorn|p2a: Urshifu\n|-damage|p2a: Urshifu|72/270 par\n|\n|-heal|p1a: Wyrdeer|131/321|[from] item: Leftovers\n|upkeep\n|turn|18\n|\n|t:|1781402307\n|move|p1a: Wyrdeer|Earthquake|p2a: Urshifu\n|-damage|p2a: Urshifu|0 fnt\n|faint|p2a: Urshifu\n|\n|-heal|p1a: Wyrdeer|151/321|[from] item: Leftovers\n|upkeep\n|\n|t:|1781402316\n|switch|p2a: Mesprit|Mesprit, L85|275/275\n|turn|19\n|\n|t:|1781402320\n|move|p2a: Mesprit|U-turn|p1a: Wyrdeer\n|-supereffective|p1a: Wyrdeer\n|-damage|p1a: Wyrdeer|27/321\n|\n|t:|1781402321\n|switch|p2a: Gliscor|Gliscor, L76, F|239/239 tox|[from] U-turn\n|move|p1a: Wyrdeer|Psychic Noise|p2a: Gliscor\n|-damage|p2a: Gliscor|133/239 tox\n|-start|p2a: Gliscor|move: Heal Block\n|\n|-heal|p1a: Wyrdeer|47/321|[from] item: Leftovers\n|upkeep\n|turn|20\n|\n|t:|1781402326\n|move|p2a: Gliscor|Knock Off|p1a: Wyrdeer\n|-supereffective|p1a: Wyrdeer\n|-damage|p1a: Wyrdeer|0 fnt\n|-enditem|p1a: Wyrdeer|Leftovers|[from] move: Knock Off|[of] p2a: Gliscor\n|faint|p1a: Wyrdeer\n|\n|-end|p2a: Gliscor|move: Heal Block\n|upkeep\n|\n|t:|1781402337\n|switch|p1a: Kyurem|Kyurem, L77|319/319\n|-damage|p1a: Kyurem|240/319|[from] Stealth Rock\n|-ability|p1a: Kyurem|Pressure\n|turn|21\n|\n|t:|1781402343\n|move|p2a: Gliscor|Protect|p2a: Gliscor\n|-singleturn|p2a: Gliscor|Protect\n|move|p1a: Kyurem|Draco Meteor|p2a: Gliscor\n|-activate|p2a: Gliscor|move: Protect\n|\n|-heal|p2a: Gliscor|162/239 tox|[from] ability: Poison Heal\n|upkeep\n|turn|22\n|\n|t:|1781402349\n|switch|p2a: Mesprit|Mesprit, L85|275/275\n|move|p1a: Kyurem|Draco Meteor|p2a: Mesprit\n|-damage|p2a: Mesprit|82/275\n|-unboost|p1a: Kyurem|spa|2\n|\n|upkeep\n|turn|23\n|\n|t:|1781402356\n|move|p1a: Kyurem|Draco Meteor|p2a: Mesprit\n|-damage|p2a: Mesprit|0 fnt\n|-unboost|p1a: Kyurem|spa|2\n|faint|p2a: Mesprit\n|\n|upkeep\n|\n|t:|1781402359\n|switch|p2a: Gliscor|Gliscor, L76, F|162/239 tox\n|turn|24\n|\n|t:|1781402363\n|switch|p1a: Drifblim|Drifblim, L86, F|398/398\n|move|p2a: Gliscor|Earthquake|p1a: Drifblim\n|-immune|p1a: Drifblim\n|\n|-heal|p2a: Gliscor|191/239 tox|[from] ability: Poison Heal\n|upkeep\n|turn|25\n|-message|RoLi404 forfeited.\n|\n|win|buzbee2000\n", "inputlog": ">version a8376a258c1d4662feba110a92103f3664a72141\n>start {\"formatid\":\"gen9randombattle\",\"seed\":\"sodium,a3dba43ba9b6108763b09eab62549195\",\"rated\":\"Rated battle\"}\n>player p1 {\"name\":\"buzbee2000\",\"avatar\":\"266\",\"rating\":2000,\"seed\":\"sodium,993cb0cead0278789bab9a87e739ce04\"}\n>player p2 {\"name\":\"RoLi404\",\"avatar\":\"jacinthe\",\"rating\":2003,\"seed\":\"sodium,9f11c4c632dde269496b64da64b47e5e\"}\n>p1 move swordsdance\n>p2 switch 5\n>p1 move facade\n>p2 switch 6\n>p1 move crunch\n>p2 move earthquake\n>p1 move crunch\n>p2 move earthquake\n>p2 switch 2\n>p1 move facade\n>p2 move protect\n>p1 move facade\n>p2 switch 5\n>p1 switch 4\n>p2 switch 6\n>p1 move thunderwave\n>p2 move uturn\n>p2 switch 4\n>p1 switch 2\n>p2 move wickedblow\n>p1 move playrough\n>p2 switch 5\n>p1 move magnetrise\n>p2 move toxicspikes\n>p1 move spikes\n>p2 move knockoff\n>p1 move spikes\n>p2 move toxicspikes\n>p1 move spikes\n>p2 switch 3\n>p1 switch 3\n>p2 move stealthrock\n>p1 move sleeppowder\n>p2 move stoneedge\n>p1 switch 2\n>p2 switch 4\n>p1 move megahorn\n>p2 move uturn\n>p2 switch 5\n>p1 move earthquake\n>p2 move wickedblow\n>p2 switch 5\n>p1 move psychicnoise\n>p2 move uturn\n>p2 switch 3\n>p1 move psychicnoise\n>p2 move knockoff\n>p1 switch 6\n>p1 move dracometeor\n>p2 move protect\n>p1 move dracometeor\n>p2 switch 3\n>p1 move dracometeor\n>p2 move dazzlinggleam\n>p2 switch 3\n>p1 switch 5\n>p2 move earthquake\n>forcelose p2", "uploadtime": 1781402126, "views": 6, "formatid": "gen9randombattle", "rating": null, "private": 0, "password": null, "player_dets": [{"name": "buzbee2000", "avatar": "266", "rating": 2000, "seed": "sodium,993cb0cead0278789bab9a87e739ce04"}, {"name": "RoLi404", "avatar": "jacinthe", "rating": 2003, "seed": "sodium,9f11c4c632dde269496b64da64b47e5e"}], "teams_full": [{"Ursaring": {"name": "Ursaring", "species": "Ursaring", "speciesId": "ursaring", "gender": "M", "shiny": false, "level": 84, "moves": ["swordsdance", "closecombat", "crunch", "facade"], "ability": "Quick Feet", "evs": {"hp": 85, "atk": 85, "def": 85, "spa": 85, "spd": 85, "spe": 85}, "ivs": {"hp": 31, "atk": 31, "def": 31, "spa": 31, "spd": 31, "spe": 31}, "item": "Toxic Orb", "teraType": "Normal", "role": "Setup Sweeper", "bvs": {"hp": 90, "atk": 130, "def": 75, "spa": 75, "spd": 75, "spe": 55}, "stats": {"hp": 288, "atk": 267, "def": 174, "spa": 174, "spd": 174, "spe": 141}, "types": ["Normal"]}, "Klefki": {"name": "Klefki", "species": "Klefki", "speciesId": "klefki", "gender": "M", "shiny": false, "level": 84, "moves": ["magnetrise", "playrough", "thunderwave", "spikes"], "ability": "Prankster", "evs": {"hp": 85, "atk": 85, "def": 85, "spa": 85, "spd": 85, "spe": 85}, "ivs": {"hp": 31, "atk": 31, "def": 31, "spa": 31, "spd": 31, "spe": 31}, "item": "Leftovers", "teraType": "Water", "role": "Bulky Support", "bvs": {"hp": 57, "atk": 80, "def": 91, "spa": 80, "spd": 87, "spe": 75}, "stats": {"hp": 233, "atk": 183, "def": 201, "spa": 183, "spd": 194, "spe": 174}, "types": ["Steel", "Fairy"]}, "Venomoth": {"name": "Venomoth", "species": "Venomoth", "speciesId": "venomoth", "gender": "F", "shiny": false, "level": 84, "moves": ["sludgewave", "quiverdance", "sleeppowder", "bugbuzz"], "ability": "Tinted Lens", "evs": {"hp": 85, "atk": 0, "def": 85, "spa": 85, "spd": 85, "spe": 85}, "ivs": {"hp": 31, "atk": 0, "def": 31, "spa": 31, "spd": 31, "spe": 31}, "item": "Heavy-Duty Boots", "teraType": "Steel", "role": "Setup Sweeper", "bvs": {"hp": 70, "atk": 65, "def": 60, "spa": 90, "spd": 75, "spe": 90}, "stats": {"hp": 255, "atk": 114, "def": 149, "spa": 199, "spd": 174, "spe": 199}, "types": ["Bug", "Poison"]}, "Wyrdeer": {"name": "Wyrdeer", "species": "Wyrdeer", "speciesId": "wyrdeer", "gender": "F", "shiny": false, "level": 87, "moves": ["earthquake", "thunderwave", "psychicnoise", "megahorn"], "ability": "Intimidate", "evs": {"hp": 85, "atk": 85, "def": 85, "spa": 85, "spd": 85, "spe": 85}, "ivs": {"hp": 31, "atk": 31, "def": 31, "spa": 31, "spd": 31, "spe": 31}, "item": "Leftovers", "teraType": "Ground", "role": "Bulky Attacker", "bvs": {"hp": 103, "atk": 105, "def": 72, "spa": 105, "spd": 75, "spe": 65}, "stats": {"hp": 321, "atk": 232, "def": 175, "spa": 232, "spd": 180, "spe": 163}, "types": ["Normal", "Psychic"]}, "Drifblim": {"name": "Drifblim", "species": "Drifblim", "speciesId": "drifblim", "gender": "F", "shiny": false, "level": 86, "moves": ["strengthsap", "shadowball", "airslash", "defog"], "ability": "Aftermath", "evs": {"hp": 85, "atk": 0, "def": 85, "spa": 85, "spd": 85, "spe": 85}, "ivs": {"hp": 31, "atk": 0, "def": 31, "spa": 31, "spd": 31, "spe": 31}, "item": "Heavy-Duty Boots", "teraType": "Fairy", "role": "Bulky Attacker", "bvs": {"hp": 150, "atk": 80, "def": 44, "spa": 90, "spd": 54, "spe": 80}, "stats": {"hp": 398, "atk": 142, "def": 125, "spa": 204, "spd": 142, "spe": 187}, "types": ["Ghost", "Flying"]}, "Kyurem": {"name": "Kyurem", "species": "Kyurem", "speciesId": "kyurem", "gender": "N", "shiny": false, "level": 77, "moves": ["freezedry", "earthpower", "dracometeor", "icebeam"], "ability": "Pressure", "evs": {"hp": 85, "atk": 0, "def": 85, "spa": 85, "spd": 85, "spe": 85}, "ivs": {"hp": 31, "atk": 0, "def": 31, "spa": 31, "spd": 31, "spe": 31}, "item": "Choice Specs", "teraType": "Ground", "role": "Wallbreaker", "bvs": {"hp": 125, "atk": 130, "def": 90, "spa": 130, "spd": 90, "spe": 95}, "stats": {"hp": 319, "atk": 205, "def": 183, "spa": 245, "spd": 183, "spe": 191}, "types": ["Dragon", "Ice"]}}, {"Regice": {"name": "Regice", "species": "Regice", "speciesId": "regice", "gender": "N", "shiny": false, "level": 88, "moves": ["rest", "thunderbolt", "icebeam", "sleeptalk"], "ability": "Clear Body", "evs": {"hp": 85, "atk": 0, "def": 85, "spa": 85, "spd": 85, "spe": 85}, "ivs": {"hp": 31, "atk": 0, "def": 31, "spa": 31, "spd": 31, "spe": 31}, "item": "Heavy-Duty Boots", "teraType": "Electric", "role": "Bulky Attacker", "bvs": {"hp": 80, "atk": 50, "def": 100, "spa": 100, "spd": 200, "spe": 50}, "stats": {"hp": 284, "atk": 93, "def": 226, "spa": 226, "spd": 402, "spe": 138}, "types": ["Ice"]}, "Gliscor": {"name": "Gliscor", "species": "Gliscor", "speciesId": "gliscor", "gender": "F", "shiny": false, "level": 76, "moves": ["protect", "knockoff", "toxicspikes", "earthquake"], "ability": "Poison Heal", "evs": {"hp": 85, "atk": 85, "def": 85, "spa": 85, "spd": 85, "spe": 85}, "ivs": {"hp": 31, "atk": 31, "def": 31, "spa": 31, "spd": 31, "spe": 31}, "item": "Toxic Orb", "teraType": "Water", "role": "Bulky Support", "bvs": {"hp": 75, "atk": 95, "def": 125, "spa": 45, "spd": 75, "spe": 95}, "stats": {"hp": 239, "atk": 188, "def": 234, "spa": 112, "spd": 158, "spe": 188}, "types": ["Ground", "Flying"]}, "Iron Thorns": {"name": "Iron Thorns", "species": "Iron Thorns", "speciesId": "ironthorns", "gender": "N", "shiny": false, "level": 83, "moves": ["stoneedge", "wildcharge", "stealthrock", "spikes"], "ability": "Quark Drive", "evs": {"hp": 85, "atk": 85, "def": 85, "spa": 85, "spd": 85, "spe": 85}, "ivs": {"hp": 31, "atk": 31, "def": 31, "spa": 31, "spd": 31, "spe": 31}, "item": "Air Balloon", "teraType": "Flying", "role": "Fast Support", "bvs": {"hp": 100, "atk": 134, "def": 110, "spa": 70, "spd": 84, "spe": 72}, "stats": {"hp": 302, "atk": 270, "def": 230, "spa": 164, "spd": 187, "spe": 167}, "types": ["Rock", "Electric"]}, "Urshifu": {"name": "Urshifu", "species": "Urshifu", "speciesId": "urshifu", "gender": "M", "shiny": false, "level": 74, "moves": ["closecombat", "poisonjab", "wickedblow", "swordsdance"], "ability": "Unseen Fist", "evs": {"hp": 85, "atk": 85, "def": 85, "spa": 85, "spd": 85, "spe": 85}, "ivs": {"hp": 31, "atk": 31, "def": 31, "spa": 31, "spd": 31, "spe": 31}, "item": "Life Orb", "teraType": "Fighting", "role": "Fast Attacker", "bvs": {"hp": 100, "atk": 130, "def": 100, "spa": 63, "spd": 60, "spe": 97}, "stats": {"hp": 270, "atk": 235, "def": 191, "spa": 136, "spd": 132, "spe": 187}, "types": ["Fighting", "Dark"]}, "Mesprit": {"name": "Mesprit", "species": "Mesprit", "speciesId": "mesprit", "gender": "N", "shiny": false, "level": 85, "moves": ["psychic", "uturn", "icebeam", "dazzlinggleam"], "ability": "Levitate", "evs": {"hp": 85, "atk": 85, "def": 85, "spa": 85, "spd": 85, "spe": 85}, "ivs": {"hp": 31, "atk": 31, "def": 31, "spa": 31, "spd": 31, "spe": 31}, "item": "Choice Specs", "teraType": "Fairy", "role": "Fast Attacker", "bvs": {"hp": 80, "atk": 105, "def": 105, "spa": 105, "spd": 105, "spe": 80}, "stats": {"hp": 275, "atk": 227, "def": 227, "spa": 227, "spd": 227, "spe": 185}, "types": ["Psychic"]}, "Dusknoir": {"name": "Dusknoir", "species": "Dusknoir", "speciesId": "dusknoir", "gender": "F", "shiny": false, "level": 89, "moves": ["poltergeist", "shadowsneak", "willowisp", "earthquake"], "ability": "Frisk", "evs": {"hp": 85, "atk": 85, "def": 85, "spa": 85, "spd": 85, "spe": 85}, "ivs": {"hp": 31, "atk": 31, "def": 31, "spa": 31, "spd": 31, "spe": 31}, "item": "Leftovers", "teraType": "Fairy", "role": "Bulky Support", "bvs": {"hp": 45, "atk": 100, "def": 135, "spa": 65, "spd": 135, "spe": 45}, "stats": {"hp": 225, "atk": 229, "def": 291, "spa": 166, "spd": 291, "spe": 131}, "types": ["Ghost"]}}]}