{"id": "gen9randombattle-2631506302", "format": "[Gen 9] Random Battle", "players": ["rei51", "yhkbl"], "log": "|j|\u2606rei51\n|j|\u2606yhkbl\n|t:|1781393833\n|gametype|singles\n|player|p1|rei51|cyclist|1429\n|player|p2|yhkbl|ghetsis|1427\n|gen|9\n|tier|[Gen 9] Random Battle\n|rated|\n|rule|Species Clause: Limit one of each Pok\u00e9mon\n|rule|HP Percentage Mod: HP is shown in percentages\n|rule|Sleep Clause Mod: Limit one foe put to sleep\n|rule|Illusion Level Mod: Illusion disguises the Pok\u00e9mon's true level\n|\n|t:|1781393833\n|teamsize|p1|6\n|teamsize|p2|6\n|start\n|switch|p1a: Spidops|Spidops, L96, M|271/271\n|switch|p2a: Spiritomb|Spiritomb, L89, F|234/234\n|turn|1\n|\n|t:|1781393844\n|switch|p2a: Quaquaval|Quaquaval, L79, M|264/264\n|move|p1a: Spidops|Sticky Web|p2a: Quaquaval\n|-sidestart|p2: yhkbl|move: Sticky Web\n|\n|upkeep\n|turn|2\n|inactive|Battle timer is ON: inactive players will automatically lose when time's up. (requested by yhkbl)\n|\n|t:|1781393855\n|move|p2a: Quaquaval|Encore|p1a: Spidops\n|-start|p1a: Spidops|Encore\n|move|p1a: Spidops|Sticky Web||[still]\n|-fail|p1a: Spidops\n|\n|upkeep\n|turn|3\n|\n|t:|1781393862\n|move|p2a: Quaquaval|Swords Dance|p2a: Quaquaval\n|-boost|p2a: Quaquaval|atk|2\n|move|p1a: Spidops|Sticky Web||[still]\n|-fail|p1a: Spidops\n|\n|upkeep\n|turn|4\n|\n|t:|1781393870\n|switch|p1a: Phione|Phione, L91|293/293\n|move|p2a: Quaquaval|Aqua Step|p1a: Phione\n|-resisted|p1a: Phione\n|-damage|p1a: Phione|172/293\n|-boost|p2a: Quaquaval|spe|1\n|-damage|p2a: Quaquaval|238/264|[from] item: Life Orb\n|\n|-heal|p1a: Phione|190/293|[from] item: Leftovers\n|upkeep\n|turn|5\n|\n|t:|1781393892\n|switch|p1a: Spidops|Spidops, L96, M|271/271\n|move|p2a: Quaquaval|Close Combat|p1a: Spidops\n|-resisted|p1a: Spidops\n|-damage|p1a: Spidops|135/271\n|-unboost|p2a: Quaquaval|def|1\n|-unboost|p2a: Quaquaval|spd|1\n|-damage|p2a: Quaquaval|212/264|[from] item: Life Orb\n|\n|upkeep\n|turn|6\n|\n|t:|1781393904\n|-terastallize|p2a: Quaquaval|Fighting\n|move|p2a: Quaquaval|Close Combat|p1a: Spidops\n|-resisted|p1a: Spidops\n|-damage|p1a: Spidops|0 fnt\n|-unboost|p2a: Quaquaval|def|1\n|-unboost|p2a: Quaquaval|spd|1\n|faint|p1a: Spidops\n|-ability|p2a: Quaquaval|Moxie|boost\n|-boost|p2a: Quaquaval|atk|1\n|-damage|p2a: Quaquaval|186/264|[from] item: Life Orb\n|\n|upkeep\n|inactive|rei51 has 120 seconds left.\n|\n|t:|1781393922\n|switch|p1a: Ceruledge|Ceruledge, L78, F|245/245\n|turn|7\n|inactive|rei51 has 120 seconds left.\n|\n|t:|1781393935\n|-terastallize|p1a: Ceruledge|Ghost\n|move|p2a: Quaquaval|Aqua Step|p1a: Ceruledge\n|-damage|p1a: Ceruledge|0 fnt\n|-boost|p2a: Quaquaval|spe|1\n|faint|p1a: Ceruledge\n|-ability|p2a: Quaquaval|Moxie|boost\n|-boost|p2a: Quaquaval|atk|1\n|-damage|p2a: Quaquaval|160/264|[from] item: Life Orb\n|\n|upkeep\n|inactive|rei51 has 120 seconds left.\n|\n|t:|1781393948\n|switch|p1a: Ursaring|Ursaring, L84, F|288/288\n|turn|8\n|inactive|rei51 has 120 seconds left.\n|\n|t:|1781393954\n|move|p2a: Quaquaval|Close Combat|p1a: Ursaring\n|-supereffective|p1a: Ursaring\n|-damage|p1a: Ursaring|0 fnt\n|-unboost|p2a: Quaquaval|def|1\n|-unboost|p2a: Quaquaval|spd|1\n|faint|p1a: Ursaring\n|-ability|p2a: Quaquaval|Moxie|boost\n|-boost|p2a: Quaquaval|atk|1\n|-damage|p2a: Quaquaval|134/264|[from] item: Life Orb\n|\n|upkeep\n|inactive|rei51 has 120 seconds left.\n|\n|t:|1781393962\n|switch|p1a: Phione|Phione, L91|190/293\n|turn|9\n|\n|t:|1781393969\n|move|p2a: Quaquaval|Close Combat|p1a: Phione\n|-damage|p1a: Phione|0 fnt\n|-unboost|p2a: Quaquaval|def|1\n|-unboost|p2a: Quaquaval|spd|1\n|faint|p1a: Phione\n|-ability|p2a: Quaquaval|Moxie|boost\n|-boost|p2a: Quaquaval|atk|1\n|-damage|p2a: Quaquaval|108/264|[from] item: Life Orb\n|\n|upkeep\n|\n|t:|1781393974\n|switch|p1a: Sandy Shocks|Sandy Shocks, L80|267/267\n|turn|10\n|\n|t:|1781393980\n|move|p2a: Quaquaval|Aqua Step|p1a: Sandy Shocks\n|-supereffective|p1a: Sandy Shocks\n|-damage|p1a: Sandy Shocks|0 fnt\n|-boost|p2a: Quaquaval|spe|1\n|faint|p1a: Sandy Shocks\n|-end|p1a: Sandy Shocks|Protosynthesis|[silent]\n|-damage|p2a: Quaquaval|82/264|[from] item: Life Orb\n|\n|upkeep\n|\n|t:|1781393982\n|switch|p1a: Volcarona|Volcarona, L77, M|257/257\n|turn|11\n|\n|t:|1781393988\n|move|p2a: Quaquaval|Aqua Step|p1a: Volcarona\n|-supereffective|p1a: Volcarona\n|-damage|p1a: Volcarona|0 fnt\n|-boost|p2a: Quaquaval|spe|1\n|faint|p1a: Volcarona\n|-damage|p2a: Quaquaval|56/264|[from] item: Life Orb\n|\n|win|yhkbl\n|raw|rei51's rating: 1429 &rarr; <strong>1409</strong><br />(-20 for losing)\n|raw|yhkbl's rating: 1427 &rarr; <strong>1447</strong><br />(+20 for winning)\n", "inputlog": ">version a8376a258c1d4662feba110a92103f3664a72141\n>start {\"formatid\":\"gen9randombattle\",\"seed\":\"sodium,94c1a7e96900e0b28ab705d51eead21b\",\"rated\":\"Rated battle\"}\n>player p1 {\"name\":\"rei51\",\"avatar\":\"cyclist\",\"rating\":1429,\"seed\":\"sodium,6abb4e518dbf92117a08e62ddbfb1b75\"}\n>player p2 {\"name\":\"yhkbl\",\"avatar\":\"ghetsis\",\"rating\":1427,\"seed\":\"sodium,7a609cedeb7c96302810280a005772f9\"}\n>p1 move stickyweb\n>p2 switch 4\n>p1 move toxicspikes\n>p2 move encore\n>p1 move stickyweb\n>p2 move swordsdance\n>p1 switch 2\n>p2 move aquastep\n>p1 switch 2\n>p2 move closecombat\n>p1 move circlethrow\n>p2 move closecombat terastallize\n>p1 switch 4\n>p1 move poltergeist terastallize\n>p2 move aquastep\n>p1 switch 3\n>p1 move closecombat\n>p2 move closecombat\n>p1 switch 2\n>p1 move takeheart\n>p2 move closecombat\n>p1 switch 5\n>p1 move thunderwave\n>p2 move aquastep\n>p1 switch 6\n>p1 move bugbuzz\n>p2 move aquastep", "uploadtime": 1781393990, "views": 4, "formatid": "gen9randombattle", "rating": 1409, "private": 0, "password": null, "player_dets": [{"name": "rei51", "avatar": "cyclist", "rating": 1429, "seed": "sodium,6abb4e518dbf92117a08e62ddbfb1b75"}, {"name": "yhkbl", "avatar": "ghetsis", "rating": 1427, "seed": "sodium,7a609cedeb7c96302810280a005772f9"}], "teams_full": [{"Spidops": {"name": "Spidops", "species": "Spidops", "speciesId": "spidops", "gender": "M", "shiny": false, "level": 96, "moves": ["circlethrow", "toxicspikes", "stickyweb", "knockoff"], "ability": "Stakeout", "evs": {"hp": 85, "atk": 85, "def": 85, "spa": 85, "spd": 85, "spe": 85}, "ivs": {"hp": 31, "atk": 31, "def": 31, "spa": 31, "spd": 31, "spe": 31}, "item": "Heavy-Duty Boots", "teraType": "Ghost", "role": "Bulky Support", "bvs": {"hp": 60, "atk": 79, "def": 92, "spa": 52, "spd": 86, "spe": 35}, "stats": {"hp": 271, "atk": 206, "def": 231, "spa": 154, "spd": 220, "spe": 122}}, "Phione": {"name": "Phione", "species": "Phione", "speciesId": "phione", "gender": "N", "shiny": false, "level": 91, "moves": ["scald", "sleeptalk", "takeheart", "rest"], "ability": "Hydration", "evs": {"hp": 85, "atk": 0, "def": 85, "spa": 85, "spd": 85, "spe": 85}, "ivs": {"hp": 31, "atk": 0, "def": 31, "spa": 31, "spd": 31, "spe": 31}, "item": "Leftovers", "teraType": "Dragon", "role": "Bulky Setup", "bvs": {"hp": 80, "atk": 80, "def": 80, "spa": 80, "spd": 80, "spe": 80}, "stats": {"hp": 293, "atk": 150, "def": 197, "spa": 197, "spd": 197, "spe": 197}}, "Ursaring": {"name": "Ursaring", "species": "Ursaring", "speciesId": "ursaring", "gender": "F", "shiny": false, "level": 84, "moves": ["facade", "throatchop", "closecombat", "swordsdance"], "ability": "Quick Feet", "evs": {"hp": 85, "atk": 85, "def": 85, "spa": 85, "spd": 85, "spe": 85}, "ivs": {"hp": 31, "atk": 31, "def": 31, "spa": 31, "spd": 31, "spe": 31}, "item": "Toxic Orb", "teraType": "Normal", "role": "Setup Sweeper", "bvs": {"hp": 90, "atk": 130, "def": 75, "spa": 75, "spd": 75, "spe": 55}, "stats": {"hp": 288, "atk": 267, "def": 174, "spa": 174, "spd": 174, "spe": 141}}, "Ceruledge": {"name": "Ceruledge", "species": "Ceruledge", "speciesId": "ceruledge", "gender": "F", "shiny": false, "level": 78, "moves": ["poltergeist", "bitterblade", "shadowsneak", "swordsdance"], "ability": "Weak Armor", "evs": {"hp": 85, "atk": 85, "def": 85, "spa": 85, "spd": 85, "spe": 85}, "ivs": {"hp": 31, "atk": 31, "def": 31, "spa": 31, "spd": 31, "spe": 31}, "item": "Heavy-Duty Boots", "teraType": "Ghost", "role": "Setup Sweeper", "bvs": {"hp": 75, "atk": 125, "def": 80, "spa": 60, "spd": 100, "spe": 85}, "stats": {"hp": 245, "atk": 240, "def": 170, "spa": 139, "spd": 201, "spe": 178}}, "Sandy Shocks": {"name": "Sandy Shocks", "species": "Sandy Shocks", "speciesId": "sandyshocks", "gender": "N", "shiny": false, "level": 80, "moves": ["spikes", "thunderbolt", "thunderwave", "earthpower"], "ability": "Protosynthesis", "evs": {"hp": 85, "atk": 0, "def": 85, "spa": 85, "spd": 85, "spe": 85}, "ivs": {"hp": 31, "atk": 0, "def": 31, "spa": 31, "spd": 31, "spe": 31}, "item": "Leftovers", "teraType": "Electric", "role": "Fast Support", "bvs": {"hp": 85, "atk": 81, "def": 97, "spa": 121, "spd": 85, "spe": 101}, "stats": {"hp": 267, "atk": 134, "def": 201, "spa": 240, "spd": 182, "spe": 208}}, "Volcarona": {"name": "Volcarona", "species": "Volcarona", "speciesId": "volcarona", "gender": "M", "shiny": false, "level": 77, "moves": ["quiverdance", "bugbuzz", "fireblast", "terablast"], "ability": "Swarm", "evs": {"hp": 85, "atk": 0, "def": 85, "spa": 85, "spd": 85, "spe": 85}, "ivs": {"hp": 31, "atk": 0, "def": 31, "spa": 31, "spd": 31, "spe": 31}, "item": "Heavy-Duty Boots", "teraType": "Water", "role": "Tera Blast user", "bvs": {"hp": 85, "atk": 60, "def": 65, "spa": 135, "spd": 105, "spe": 100}, "stats": {"hp": 257, "atk": 97, "def": 145, "spa": 252, "spd": 206, "spe": 199}}}, {"Spiritomb": {"name": "Spiritomb", "species": "Spiritomb", "speciesId": "spiritomb", "gender": "F", "shiny": false, "level": 89, "moves": ["toxic", "foulplay", "shadowsneak", "poltergeist"], "ability": "Infiltrator", "evs": {"hp": 85, "atk": 85, "def": 85, "spa": 85, "spd": 85, "spe": 85}, "ivs": {"hp": 31, "atk": 31, "def": 31, "spa": 31, "spd": 31, "spe": 31}, "item": "Leftovers", "teraType": "Steel", "role": "Bulky Support", "bvs": {"hp": 50, "atk": 92, "def": 108, "spa": 92, "spd": 108, "spe": 35}, "stats": {"hp": 234, "atk": 215, "def": 243, "spa": 215, "spd": 243, "spe": 113}}, "Chansey": {"name": "Chansey", "species": "Chansey", "speciesId": "chansey", "gender": "F", "shiny": false, "level": 85, "moves": ["softboiled", "healbell", "seismictoss", "thunderwave"], "ability": "Natural Cure", "evs": {"hp": 85, "atk": 0, "def": 85, "spa": 85, "spd": 85, "spe": 85}, "ivs": {"hp": 31, "atk": 0, "def": 31, "spa": 31, "spd": 31, "spe": 31}, "item": "Eviolite", "teraType": "Ghost", "role": "Bulky Support", "bvs": {"hp": 250, "atk": 5, "def": 5, "spa": 35, "spd": 105, "spe": 50}, "stats": {"hp": 564, "atk": 13, "def": 57, "spa": 108, "spd": 227, "spe": 134}}, "Charizard": {"name": "Charizard", "species": "Charizard", "speciesId": "charizard", "gender": "F", "shiny": false, "level": 85, "moves": ["earthquake", "outrage", "dragondance", "flareblitz"], "ability": "Blaze", "evs": {"hp": 85, "atk": 85, "def": 85, "spa": 85, "spd": 85, "spe": 85}, "ivs": {"hp": 31, "atk": 31, "def": 31, "spa": 31, "spd": 31, "spe": 31}, "item": "Heavy-Duty Boots", "teraType": "Ground", "role": "Setup Sweeper", "bvs": {"hp": 78, "atk": 84, "def": 78, "spa": 109, "spd": 85, "spe": 100}, "stats": {"hp": 271, "atk": 192, "def": 181, "spa": 234, "spd": 193, "spe": 219}}, "Quaquaval": {"name": "Quaquaval", "species": "Quaquaval", "speciesId": "quaquaval", "gender": "M", "shiny": false, "level": 79, "moves": ["aquastep", "closecombat", "swordsdance", "encore"], "ability": "Moxie", "evs": {"hp": 85, "atk": 85, "def": 85, "spa": 85, "spd": 85, "spe": 85}, "ivs": {"hp": 31, "atk": 31, "def": 31, "spa": 31, "spd": 31, "spe": 31}, "item": "Life Orb", "teraType": "Fighting", "role": "Setup Sweeper", "bvs": {"hp": 85, "atk": 120, "def": 80, "spa": 85, "spd": 75, "spe": 85}, "stats": {"hp": 264, "atk": 235, "def": 172, "spa": 180, "spd": 164, "spe": 180}}, "Greninja": {"name": "Greninja", "species": "Greninja", "speciesId": "greninja", "gender": "M", "shiny": false, "level": 80, "moves": ["gunkshot", "icebeam", "darkpulse", "hydropump"], "ability": "Protean", "evs": {"hp": 85, "atk": 85, "def": 85, "spa": 85, "spd": 85, "spe": 85}, "ivs": {"hp": 31, "atk": 31, "def": 31, "spa": 31, "spd": 31, "spe": 31}, "item": "Life Orb", "teraType": "Poison", "role": "Fast Attacker", "bvs": {"hp": 72, "atk": 95, "def": 67, "spa": 103, "spd": 71, "spe": 122}, "stats": {"hp": 246, "atk": 198, "def": 153, "spa": 211, "spd": 160, "spe": 241}}, "Sceptile": {"name": "Sceptile", "species": "Sceptile", "speciesId": "sceptile", "gender": "M", "shiny": false, "level": 87, "moves": ["earthquake", "leafblade", "rockslide", "swordsdance"], "ability": "Overgrow", "evs": {"hp": 85, "atk": 85, "def": 85, "spa": 85, "spd": 85, "spe": 85}, "ivs": {"hp": 31, "atk": 31, "def": 31, "spa": 31, "spd": 31, "spe": 31}, "item": "Life Orb", "teraType": "Rock", "role": "Setup Sweeper", "bvs": {"hp": 70, "atk": 85, "def": 65, "spa": 105, "spd": 85, "spe": 120}, "stats": {"hp": 264, "atk": 198, "def": 163, "spa": 232, "spd": 198, "spe": 259}}}]}