{"id": "gen9randombattle-2631715712", "format": "[Gen 9] Random Battle", "players": ["pagenfranskane", "KoffeeArchive"], "log": "|j|\u2606pagenfranskane\n|j|\u2606KoffeeArchive\n|t:|1781427351\n|gametype|singles\n|player|p1|pagenfranskane|battlegirl|1954\n|player|p2|KoffeeArchive|clair|1986\n|gen|9\n|tier|[Gen 9] Random Battle\n|rated|\n|rule|Species Clause: Limit one of each Pok\u00e9mon\n|rule|HP Percentage Mod: HP is shown in percentages\n|rule|Sleep Clause Mod: Limit one foe put to sleep\n|rule|Illusion Level Mod: Illusion disguises the Pok\u00e9mon's true level\n|\n|t:|1781427351\n|teamsize|p1|6\n|teamsize|p2|6\n|start\n|switch|p1a: Mewtwo|Mewtwo, L72|272/272\n|switch|p2a: Sudowoodo|Sudowoodo, L94, F|284/284\n|-ability|p1a: Mewtwo|Pressure\n|turn|1\n|inactive|Battle timer is ON: inactive players will automatically lose when time's up. (requested by KoffeeArchive)\n|\n|t:|1781427357\n|switch|p1a: Scrafty|Scrafty, L83, F|244/244\n|-ability|p1a: Scrafty|Intimidate|boost\n|-unboost|p2a: Sudowoodo|atk|1\n|move|p2a: Sudowoodo|Head Smash|p1a: Scrafty\n|-resisted|p1a: Scrafty\n|-crit|p1a: Scrafty\n|-damage|p1a: Scrafty|121/244\n|\n|-heal|p1a: Scrafty|136/244|[from] item: Leftovers\n|upkeep\n|turn|2\n|\n|t:|1781427367\n|move|p1a: Scrafty|Knock Off|p2a: Sudowoodo\n|-damage|p2a: Sudowoodo|211/284\n|-enditem|p2a: Sudowoodo|Leftovers|[from] move: Knock Off|[of] p1a: Scrafty\n|move|p2a: Sudowoodo|Stealth Rock|p1a: Scrafty\n|-sidestart|p1: pagenfranskane|move: Stealth Rock\n|\n|-heal|p1a: Scrafty|151/244|[from] item: Leftovers\n|upkeep\n|turn|3\n|\n|t:|1781427372\n|switch|p2a: Florges|Florges, L85, F|271/271\n|move|p1a: Scrafty|Dragon Dance|p1a: Scrafty\n|-boost|p1a: Scrafty|atk|1\n|-boost|p1a: Scrafty|spe|1\n|\n|-heal|p1a: Scrafty|166/244|[from] item: Leftovers\n|upkeep\n|turn|4\n|\n|t:|1781427376\n|move|p1a: Scrafty|Poison Jab|p2a: Florges\n|-supereffective|p2a: Florges\n|-damage|p2a: Florges|97/271\n|move|p2a: Florges|Moonblast|p1a: Scrafty\n|-supereffective|p1a: Scrafty\n|-damage|p1a: Scrafty|0 fnt\n|faint|p1a: Scrafty\n|\n|-heal|p2a: Florges|113/271|[from] item: Leftovers\n|upkeep\n|\n|t:|1781427380\n|switch|p1a: Goodra|Goodra-Hisui, L82, F|265/265\n|-damage|p1a: Goodra|249/265|[from] Stealth Rock\n|turn|5\n|\n|t:|1781427386\n|switch|p2a: Cinderace|Cinderace, L77, M|250/250\n|move|p1a: Goodra|Heavy Slam|p2a: Cinderace\n|-resisted|p2a: Cinderace\n|-damage|p2a: Cinderace|170/250\n|\n|upkeep\n|turn|6\n|inactive|pagenfranskane has 120 seconds left.\n|\n|t:|1781427440\n|switch|p1a: Mewtwo|Mewtwo, L72|272/272\n|-damage|p1a: Mewtwo|238/272|[from] Stealth Rock\n|-ability|p1a: Mewtwo|Pressure\n|move|p2a: Cinderace|Will-O-Wisp|p1a: Mewtwo|[miss]\n|-miss|p2a: Cinderace|p1a: Mewtwo\n|\n|upkeep\n|turn|7\n|\n|t:|1781427447\n|move|p1a: Mewtwo|Nasty Plot|p1a: Mewtwo\n|-boost|p1a: Mewtwo|spa|2\n|move|p2a: Cinderace|U-turn|p1a: Mewtwo\n|-start|p2a: Cinderace|typechange|Bug|[from] ability: Libero\n|-supereffective|p1a: Mewtwo\n|-damage|p1a: Mewtwo|64/272\n|\n|t:|1781427458\n|switch|p2a: Iron Bundle|Iron Bundle, L78|215/215|[from] U-turn\n|\n|upkeep\n|turn|8\n|\n|t:|1781427462\n|move|p2a: Iron Bundle|Ice Beam|p1a: Mewtwo\n|-damage|p1a: Mewtwo|0 fnt\n|faint|p1a: Mewtwo\n|\n|upkeep\n|\n|t:|1781427465\n|switch|p1a: Goodra|Goodra-Hisui, L82, F|249/265\n|-damage|p1a: Goodra|233/265|[from] Stealth Rock\n|turn|9\n|\n|t:|1781427477\n|-end|p2a: Iron Bundle|Quark Drive|[silent]\n|switch|p2a: Cinderace|Cinderace, L77, M|170/250\n|move|p1a: Goodra|Heavy Slam|p2a: Cinderace\n|-resisted|p2a: Cinderace\n|-damage|p2a: Cinderace|97/250\n|\n|upkeep\n|turn|10\n|\n|t:|1781427482\n|move|p2a: Cinderace|Will-O-Wisp|p1a: Goodra|[miss]\n|-miss|p2a: Cinderace|p1a: Goodra\n|move|p1a: Goodra|Earthquake|p2a: Cinderace\n|-supereffective|p2a: Cinderace\n|-damage|p2a: Cinderace|0 fnt\n|faint|p2a: Cinderace\n|\n|upkeep\n|\n|t:|1781427486\n|switch|p2a: Sudowoodo|Sudowoodo, L94, F|211/284\n|turn|11\n|\n|t:|1781427497\n|move|p1a: Goodra|Draco Meteor|p2a: Sudowoodo|[miss]\n|-miss|p1a: Goodra|p2a: Sudowoodo\n|move|p2a: Sudowoodo|Earthquake|p1a: Goodra\n|-supereffective|p1a: Goodra\n|-damage|p1a: Goodra|69/265\n|\n|upkeep\n|turn|12\n|\n|t:|1781427500\n|move|p2a: Sudowoodo|Sucker Punch|p1a: Goodra\n|-damage|p1a: Goodra|9/265\n|move|p1a: Goodra|Draco Meteor|p2a: Sudowoodo\n|-damage|p2a: Sudowoodo|64/284\n|-unboost|p1a: Goodra|spa|2\n|\n|upkeep\n|turn|13\n|\n|t:|1781427506\n|move|p2a: Sudowoodo|Sucker Punch|p1a: Goodra\n|-damage|p1a: Goodra|0 fnt\n|faint|p1a: Goodra\n|\n|upkeep\n|\n|t:|1781427514\n|switch|p1a: Wigglytuff|Wigglytuff, L96, M|424/424\n|-damage|p1a: Wigglytuff|371/424|[from] Stealth Rock\n|turn|14\n|\n|t:|1781427519\n|move|p1a: Wigglytuff|Alluring Voice|p2a: Sudowoodo\n|-damage|p2a: Sudowoodo|0 fnt\n|faint|p2a: Sudowoodo\n|\n|-heal|p1a: Wigglytuff|397/424|[from] item: Leftovers\n|upkeep\n|\n|t:|1781427527\n|switch|p2a: Florges|Florges, L85, F|113/271\n|turn|15\n|\n|t:|1781427542\n|move|p2a: Florges|Wish|p2a: Florges\n|move|p1a: Wigglytuff|Thunder Wave|p2a: Florges\n|-status|p2a: Florges|par\n|\n|-heal|p1a: Wigglytuff|423/424|[from] item: Leftovers\n|-heal|p2a: Florges|129/271 par|[from] item: Leftovers\n|upkeep\n|turn|16\n|\n|t:|1781427550\n|switch|p1a: Hatterene|Hatterene, L85, F|236/236\n|-damage|p1a: Hatterene|207/236|[from] Stealth Rock\n|move|p2a: Florges|Calm Mind|p2a: Florges\n|-boost|p2a: Florges|spa|1\n|-boost|p2a: Florges|spd|1\n|\n|-heal|p2a: Florges|264/271 par|[from] move: Wish|[wisher] Florges\n|-heal|p1a: Hatterene|221/236|[from] item: Leftovers\n|-heal|p2a: Florges|271/271 par|[from] item: Leftovers\n|upkeep\n|turn|17\n|\n|t:|1781427555\n|move|p1a: Hatterene|Calm Mind|p1a: Hatterene\n|-boost|p1a: Hatterene|spa|1\n|-boost|p1a: Hatterene|spd|1\n|move|p2a: Florges|Moonblast|p1a: Hatterene\n|-damage|p1a: Hatterene|127/236\n|\n|-heal|p1a: Hatterene|141/236|[from] item: Leftovers\n|upkeep\n|turn|18\n|\n|t:|1781427562\n|switch|p2a: Iron Bundle|Iron Bundle, L78|215/215\n|move|p1a: Hatterene|Calm Mind|p1a: Hatterene\n|-boost|p1a: Hatterene|spa|1\n|-boost|p1a: Hatterene|spd|1\n|\n|-heal|p1a: Hatterene|155/236|[from] item: Leftovers\n|upkeep\n|turn|19\n|\n|t:|1781427566\n|move|p2a: Iron Bundle|Encore|p1a: Hatterene\n|move|p1a: Hatterene|Encore||[from] ability: Magic Bounce|[still]\n|-fail|p1a: Hatterene\n|move|p1a: Hatterene|Draining Kiss|p2a: Iron Bundle\n|-damage|p2a: Iron Bundle|4/215\n|-heal|p1a: Hatterene|236/236|[from] drain|[of] p2a: Iron Bundle\n|\n|upkeep\n|turn|20\n|\n|t:|1781427572\n|move|p2a: Iron Bundle|Ice Beam|p1a: Hatterene\n|-damage|p1a: Hatterene|193/236\n|-status|p1a: Hatterene|frz\n|-curestatus|p1a: Hatterene|frz|[msg]\n|move|p1a: Hatterene|Draining Kiss|p2a: Iron Bundle\n|-damage|p2a: Iron Bundle|0 fnt\n|-heal|p1a: Hatterene|196/236|[from] drain|[of] p2a: Iron Bundle\n|faint|p2a: Iron Bundle\n|-end|p2a: Iron Bundle|Quark Drive|[silent]\n|\n|-heal|p1a: Hatterene|210/236|[from] item: Leftovers\n|upkeep\n|\n|t:|1781427573\n|switch|p2a: Florges|Florges, L85, F|235/235\n|turn|21\n|c|\u2606pagenfranskane|zoroark?\n|c|\u2606KoffeeArchive|Yes\n|inactive|pagenfranskane has 120 seconds left.\n|\n|t:|1781427610\n|-terastallize|p2a: Florges|Poison\n|move|p2a: Florges|Nasty Plot|p2a: Florges\n|-boost|p2a: Florges|spa|2\n|move|p1a: Hatterene|Draining Kiss|p2a: Florges\n|-resisted|p2a: Florges\n|-damage|p2a: Florges|138/235\n|-heal|p1a: Hatterene|236/236|[from] drain|[of] p2a: Florges\n|replace|p2a: Zoroark|Zoroark, L83, M\n|-end|p2a: Zoroark|Illusion\n|-hint|Illusion Level Mod is active, so this Pok\u00e9mon's true level was hidden.\n|\n|upkeep\n|turn|22\n|inactive|pagenfranskane has 120 seconds left.\n|\n|t:|1781427622\n|move|p2a: Zoroark|Sludge Bomb|p1a: Hatterene\n|-supereffective|p1a: Hatterene\n|-damage|p1a: Hatterene|0 fnt\n|faint|p1a: Hatterene\n|-damage|p2a: Zoroark|115/235|[from] item: Life Orb\n|\n|upkeep\n|\n|t:|1781427630\n|switch|p1a: Wigglytuff|Wigglytuff, L96, M|423/424\n|-damage|p1a: Wigglytuff|370/424|[from] Stealth Rock\n|turn|23\n|inactive|pagenfranskane has 120 seconds left.\n|\n|t:|1781427639\n|move|p2a: Zoroark|Sludge Bomb|p1a: Wigglytuff\n|-supereffective|p1a: Wigglytuff\n|-damage|p1a: Wigglytuff|0 fnt\n|faint|p1a: Wigglytuff\n|-damage|p2a: Zoroark|92/235|[from] item: Life Orb\n|\n|upkeep\n|\n|t:|1781427642\n|switch|p1a: Zangoose|Zangoose, L85, F|263/263\n|-damage|p1a: Zangoose|231/263|[from] Stealth Rock\n|turn|24\n|\n|t:|1781427646\n|-terastallize|p1a: Zangoose|Normal\n|move|p1a: Zangoose|Quick Attack|p2a: Zoroark\n|-damage|p2a: Zoroark|0 fnt\n|faint|p2a: Zoroark\n|\n|-status|p1a: Zangoose|tox|[from] item: Toxic Orb\n|upkeep\n|\n|t:|1781427649\n|switch|p2a: Dondozo|Dondozo, L78, M|362/362\n|turn|25\n|\n|t:|1781427654\n|move|p1a: Zangoose|Facade|p2a: Dondozo\n|-damage|p2a: Dondozo|30/362\n|move|p2a: Dondozo|Wave Crash|p1a: Zangoose\n|-damage|p1a: Zangoose|86/263 tox\n|-damage|p2a: Dondozo|0 fnt|[from] Recoil\n|faint|p2a: Dondozo\n|\n|-damage|p1a: Zangoose|70/263 tox|[from] psn\n|upkeep\n|\n|t:|1781427658\n|switch|p2a: Florges|Florges, L85, F|271/271 par\n|turn|26\n|\n|t:|1781427660\n|move|p2a: Florges|Protect|p2a: Florges\n|-singleturn|p2a: Florges|Protect\n|move|p1a: Zangoose|Facade|p2a: Florges\n|-activate|p2a: Florges|move: Protect\n|\n|-damage|p1a: Zangoose|38/263 tox|[from] psn\n|upkeep\n|turn|27\n|\n|t:|1781427663\n|move|p2a: Florges|Protect|p2a: Florges\n|-singleturn|p2a: Florges|Protect\n|move|p1a: Zangoose|Facade|p2a: Florges\n|-activate|p2a: Florges|move: Protect\n|\n|-damage|p1a: Zangoose|0 fnt|[from] psn\n|faint|p1a: Zangoose\n|\n|win|KoffeeArchive\n", "inputlog": ">version a8376a258c1d4662feba110a92103f3664a72141\n>start {\"formatid\":\"gen9randombattle\",\"seed\":\"sodium,464687481e158a034f5db492d525b51c\",\"rated\":\"Rated battle\"}\n>player p1 {\"name\":\"pagenfranskane\",\"avatar\":\"battlegirl\",\"rating\":1954,\"seed\":\"sodium,0bde1b8fd1fbfb0630d16616e4fa58ff\"}\n>player p2 {\"name\":\"KoffeeArchive\",\"avatar\":\"clair\",\"rating\":1986,\"seed\":\"sodium,0730a5f5cd967201b57f42909d6dff77\"}\n>p1 switch 2\n>p2 move headsmash\n>p1 move knockoff\n>p2 move stealthrock\n>p1 move dragondance\n>p2 switch 3\n>p1 move poisonjab\n>p2 move moonblast\n>p1 switch 6\n>p1 move heavyslam\n>p2 switch 5\n>p1 switch 2\n>p2 move willowisp\n>p1 move nastyplot\n>p2 move uturn\n>p2 switch 6\n>p1 move psystrike\n>p2 move icebeam\n>p1 switch 2\n>p1 move heavyslam\n>p2 switch 6\n>p1 move earthquake\n>p2 move willowisp\n>p2 switch 3\n>p1 move dracometeor\n>p2 move earthquake\n>p1 move dracometeor\n>p2 move suckerpunch\n>p1 move earthquake\n>p2 move suckerpunch\n>p1 switch 3\n>p1 move alluringvoice\n>p2 move headsmash\n>p2 switch 5\n>p1 move thunderwave\n>p2 move wish\n>p1 switch 4\n>p2 move calmmind\n>p1 move calmmind\n>p2 move moonblast\n>p1 move calmmind\n>p2 switch 6\n>p1 move drainingkiss\n>p2 move encore\n>p1 move drainingkiss\n>p2 move icebeam\n>p2 switch 4\n>chat \u2606pagenfranskane|zoroark?\n>chat \u2606KoffeeArchive|Yes\n>p1 move drainingkiss\n>p2 move nastyplot terastallize\n>p1 move psyshock\n>p2 move sludgebomb\n>p1 switch 4\n>p1 move knockoff\n>p2 move sludgebomb\n>p1 switch 5\n>p1 move quickattack terastallize\n>p2 move darkpulse\n>p2 switch 2\n>p1 move facade\n>p2 move wavecrash\n>p2 switch 6\n>p1 move facade\n>p2 move protect\n>p1 move facade\n>p2 move protect", "uploadtime": 1781427358, "views": 4, "formatid": "gen9randombattle", "rating": null, "private": 0, "password": null, "player_dets": [{"name": "pagenfranskane", "avatar": "battlegirl", "rating": 1954, "seed": "sodium,0bde1b8fd1fbfb0630d16616e4fa58ff"}, {"name": "KoffeeArchive", "avatar": "clair", "rating": 1986, "seed": "sodium,0730a5f5cd967201b57f42909d6dff77"}], "teams_full": [{"Mewtwo": {"name": "Mewtwo", "species": "Mewtwo", "speciesId": "mewtwo", "gender": "N", "shiny": false, "level": 72, "moves": ["fireblast", "darkpulse", "nastyplot", "psystrike"], "ability": "Pressure", "evs": {"hp": 85, "atk": 0, "def": 85, "spa": 85, "spd": 85, "spe": 85}, "ivs": {"hp": 31, "atk": 0, "def": 31, "spa": 31, "spd": 31, "spe": 31}, "item": "Life Orb", "teraType": "Dark", "role": "Setup Sweeper", "bvs": {"hp": 106, "atk": 110, "def": 90, "spa": 154, "spd": 90, "spe": 130}, "stats": {"hp": 272, "atk": 163, "def": 172, "spa": 264, "spd": 172, "spe": 229}, "types": ["Psychic"]}, "Scrafty": {"name": "Scrafty", "species": "Scrafty", "speciesId": "scrafty", "gender": "F", "shiny": false, "level": 83, "moves": ["drainpunch", "dragondance", "poisonjab", "knockoff"], "ability": "Intimidate", "evs": {"hp": 85, "atk": 85, "def": 85, "spa": 85, "spd": 85, "spe": 85}, "ivs": {"hp": 31, "atk": 31, "def": 31, "spa": 31, "spd": 31, "spe": 31}, "item": "Leftovers", "teraType": "Poison", "role": "Bulky Attacker", "bvs": {"hp": 65, "atk": 90, "def": 115, "spa": 45, "spd": 115, "spe": 58}, "stats": {"hp": 244, "atk": 197, "def": 239, "spa": 122, "spd": 239, "spe": 144}, "types": ["Dark", "Fighting"]}, "Wigglytuff": {"name": "Wigglytuff", "species": "Wigglytuff", "speciesId": "wigglytuff", "gender": "M", "shiny": false, "level": 96, "moves": ["alluringvoice", "thunderwave", "fireblast", "knockoff"], "ability": "Competitive", "evs": {"hp": 85, "atk": 85, "def": 85, "spa": 85, "spd": 85, "spe": 85}, "ivs": {"hp": 31, "atk": 31, "def": 31, "spa": 31, "spd": 31, "spe": 31}, "item": "Leftovers", "teraType": "Poison", "role": "Bulky Support", "bvs": {"hp": 140, "atk": 70, "def": 45, "spa": 85, "spd": 50, "spe": 45}, "stats": {"hp": 424, "atk": 189, "def": 141, "spa": 218, "spd": 150, "spe": 141}, "types": ["Normal", "Fairy"]}, "Hatterene": {"name": "Hatterene", "species": "Hatterene", "speciesId": "hatterene", "gender": "F", "shiny": false, "level": 85, "moves": ["drainingkiss", "calmmind", "mysticalfire", "psyshock"], "ability": "Magic Bounce", "evs": {"hp": 85, "atk": 0, "def": 85, "spa": 85, "spd": 85, "spe": 85}, "ivs": {"hp": 31, "atk": 0, "def": 31, "spa": 31, "spd": 31, "spe": 31}, "item": "Leftovers", "teraType": "Steel", "role": "Bulky Setup", "bvs": {"hp": 57, "atk": 90, "def": 95, "spa": 136, "spd": 103, "spe": 29}, "stats": {"hp": 236, "atk": 158, "def": 210, "spa": 280, "spd": 224, "spe": 98}, "types": ["Psychic", "Fairy"]}, "Zangoose": {"name": "Zangoose", "species": "Zangoose", "speciesId": "zangoose", "gender": "F", "shiny": false, "level": 85, "moves": ["knockoff", "facade", "quickattack", "closecombat"], "ability": "Toxic Boost", "evs": {"hp": 85, "atk": 85, "def": 85, "spa": 85, "spd": 85, "spe": 85}, "ivs": {"hp": 31, "atk": 31, "def": 31, "spa": 31, "spd": 31, "spe": 31}, "item": "Toxic Orb", "teraType": "Normal", "role": "Fast Attacker", "bvs": {"hp": 73, "atk": 115, "def": 60, "spa": 60, "spd": 60, "spe": 90}, "stats": {"hp": 263, "atk": 244, "def": 151, "spa": 151, "spd": 151, "spe": 202}, "types": ["Normal"]}, "Goodra": {"name": "Goodra", "species": "Goodra-Hisui", "speciesId": "goodrahisui", "gender": "F", "shiny": false, "level": 82, "moves": ["heavyslam", "fireblast", "earthquake", "dracometeor"], "ability": "Sap Sipper", "evs": {"hp": 85, "atk": 85, "def": 85, "spa": 85, "spd": 85, "spe": 85}, "ivs": {"hp": 31, "atk": 31, "def": 31, "spa": 31, "spd": 31, "spe": 31}, "item": "Assault Vest", "teraType": "Dragon", "role": "AV Pivot", "bvs": {"hp": 80, "atk": 100, "def": 100, "spa": 110, "spd": 150, "spe": 60}, "stats": {"hp": 265, "atk": 211, "def": 211, "spa": 228, "spd": 293, "spe": 146}, "types": ["Steel", "Dragon"]}}, {"Sudowoodo": {"name": "Sudowoodo", "species": "Sudowoodo", "speciesId": "sudowoodo", "gender": "F", "shiny": false, "level": 94, "moves": ["earthquake", "headsmash", "suckerpunch", "stealthrock"], "ability": "Rock Head", "evs": {"hp": 85, "atk": 85, "def": 85, "spa": 85, "spd": 85, "spe": 85}, "ivs": {"hp": 31, "atk": 31, "def": 31, "spa": 31, "spd": 31, "spe": 31}, "item": "Leftovers", "teraType": "Rock", "role": "Bulky Attacker", "bvs": {"hp": 70, "atk": 100, "def": 115, "spa": 30, "spd": 65, "spe": 30}, "stats": {"hp": 284, "atk": 241, "def": 270, "spa": 110, "spd": 176, "spe": 110}, "types": ["Rock"]}, "Dondozo": {"name": "Dondozo", "species": "Dondozo", "speciesId": "dondozo", "gender": "M", "shiny": false, "level": 78, "moves": ["wavecrash", "curse", "sleeptalk", "rest"], "ability": "Unaware", "evs": {"hp": 85, "atk": 85, "def": 85, "spa": 85, "spd": 85, "spe": 85}, "ivs": {"hp": 31, "atk": 31, "def": 31, "spa": 31, "spd": 31, "spe": 31}, "item": "Leftovers", "teraType": "Fairy", "role": "Bulky Setup", "bvs": {"hp": 150, "atk": 100, "def": 115, "spa": 65, "spd": 65, "spe": 35}, "stats": {"hp": 362, "atk": 201, "def": 224, "spa": 146, "spd": 146, "spe": 100}, "types": ["Water"]}, "Florges": {"name": "Florges", "species": "Florges", "speciesId": "florges", "gender": "F", "shiny": false, "level": 85, "moves": ["moonblast", "protect", "calmmind", "wish"], "ability": "Flower Veil", "evs": {"hp": 85, "atk": 0, "def": 85, "spa": 85, "spd": 85, "spe": 85}, "ivs": {"hp": 31, "atk": 0, "def": 31, "spa": 31, "spd": 31, "spe": 31}, "item": "Leftovers", "teraType": "Steel", "role": "Bulky Setup", "bvs": {"hp": 78, "atk": 65, "def": 68, "spa": 112, "spd": 154, "spe": 75}, "stats": {"hp": 271, "atk": 115, "def": 164, "spa": 239, "spd": 311, "spe": 176}, "types": ["Fairy"]}, "Zoroark": {"name": "Zoroark", "species": "Zoroark", "speciesId": "zoroark", "gender": "M", "shiny": false, "level": 83, "moves": ["psychic", "sludgebomb", "darkpulse", "nastyplot"], "ability": "Illusion", "evs": {"hp": 85, "atk": 0, "def": 85, "spa": 85, "spd": 85, "spe": 85}, "ivs": {"hp": 31, "atk": 0, "def": 31, "spa": 31, "spd": 31, "spe": 31}, "item": "Life Orb", "teraType": "Poison", "role": "Setup Sweeper", "bvs": {"hp": 60, "atk": 105, "def": 60, "spa": 120, "spd": 60, "spe": 105}, "stats": {"hp": 235, "atk": 179, "def": 147, "spa": 247, "spd": 147, "spe": 222}, "types": ["Dark"]}, "Cinderace": {"name": "Cinderace", "species": "Cinderace", "speciesId": "cinderace", "gender": "M", "shiny": false, "level": 77, "moves": ["pyroball", "courtchange", "uturn", "willowisp"], "ability": "Libero", "evs": {"hp": 85, "atk": 85, "def": 85, "spa": 85, "spd": 85, "spe": 85}, "ivs": {"hp": 31, "atk": 31, "def": 31, "spa": 31, "spd": 31, "spe": 31}, "item": "Heavy-Duty Boots", "teraType": "Grass", "role": "Fast Support", "bvs": {"hp": 80, "atk": 116, "def": 75, "spa": 65, "spd": 75, "spe": 119}, "stats": {"hp": 250, "atk": 223, "def": 160, "spa": 145, "spd": 160, "spe": 228}, "types": ["Fire"]}, "Iron Bundle": {"name": "Iron Bundle", "species": "Iron Bundle", "speciesId": "ironbundle", "gender": "N", "shiny": false, "level": 78, "moves": ["hydropump", "icebeam", "encore", "freezedry"], "ability": "Quark Drive", "evs": {"hp": 85, "atk": 0, "def": 85, "spa": 85, "spd": 85, "spe": 85}, "ivs": {"hp": 31, "atk": 0, "def": 31, "spa": 31, "spd": 31, "spe": 31}, "item": "Heavy-Duty Boots", "teraType": "Water", "role": "Fast Attacker", "bvs": {"hp": 56, "atk": 80, "def": 114, "spa": 124, "spd": 60, "spe": 136}, "stats": {"hp": 215, "atk": 129, "def": 223, "spa": 239, "spd": 139, "spe": 257}, "types": ["Ice", "Water"]}}]}