{"id": "gen9randombattle-2631891178", "format": "[Gen 9] Random Battle", "players": ["scampy789", "BBUTTER"], "log": "|j|\u2606scampy789\n|j|\u2606BBUTTER\n|t:|1781452601\n|gametype|singles\n|player|p1|scampy789|170|2111\n|player|p2|BBUTTER|blue|2063\n|gen|9\n|tier|[Gen 9] Random Battle\n|rated|\n|rule|Species Clause: Limit one of each Pok\u00e9mon\n|rule|HP Percentage Mod: HP is shown in percentages\n|rule|Sleep Clause Mod: Limit one foe put to sleep\n|rule|Illusion Level Mod: Illusion disguises the Pok\u00e9mon's true level\n|\n|t:|1781452601\n|teamsize|p1|6\n|teamsize|p2|6\n|start\n|switch|p1a: Masquerain|Masquerain, L87, M|264/264\n|switch|p2a: Flapple|Flapple, L88, M|266/266\n|-ability|p1a: Masquerain|Intimidate|boost\n|-unboost|p2a: Flapple|atk|1\n|turn|1\n|inactive|Battle timer is ON: inactive players will automatically lose when time's up. (requested by scampy789)\n|\n|t:|1781452615\n|switch|p2a: Dragalge|Dragalge, L88, F|258/258\n|move|p1a: Masquerain|Quiver Dance|p1a: Masquerain\n|-boost|p1a: Masquerain|spa|1\n|-boost|p1a: Masquerain|spd|1\n|-boost|p1a: Masquerain|spe|1\n|\n|upkeep\n|turn|2\n|\n|t:|1781452622\n|move|p1a: Masquerain|Hurricane|p2a: Dragalge\n|-damage|p2a: Dragalge|116/258\n|move|p2a: Dragalge|Sludge Wave|p1a: Masquerain\n|-damage|p1a: Masquerain|158/264\n|\n|-heal|p2a: Dragalge|132/258|[from] item: Leftovers\n|upkeep\n|turn|3\n|\n|t:|1781452632\n|move|p1a: Masquerain|Hurricane|p2a: Dragalge\n|-damage|p2a: Dragalge|0 fnt\n|faint|p2a: Dragalge\n|\n|upkeep\n|\n|t:|1781452638\n|switch|p2a: Zebstrika|Zebstrika, L87, F|272/272\n|turn|4\n|\n|t:|1781452649\n|switch|p1a: Toedscruel|Toedscruel, L87, F|281/281\n|move|p2a: Zebstrika|Supercell Slam|p1a: Toedscruel\n|-immune|p1a: Toedscruel\n|-damage|p2a: Zebstrika|136/272|[from] supercellslam\n|\n|upkeep\n|turn|5\n|\n|t:|1781452666\n|switch|p2a: Ursaring|Ursaring, L84, M|288/288\n|move|p1a: Toedscruel|Knock Off|p2a: Ursaring\n|-damage|p2a: Ursaring|242/288\n|-enditem|p2a: Ursaring|Eviolite|[from] move: Knock Off|[of] p1a: Toedscruel\n|\n|upkeep\n|turn|6\n|inactive|scampy789 has 120 seconds left.\n|\n|t:|1781452698\n|switch|p1a: Masquerain|Masquerain, L87, M|158/264\n|-ability|p1a: Masquerain|Intimidate|boost\n|-unboost|p2a: Ursaring|atk|1\n|move|p2a: Ursaring|Body Slam|p1a: Masquerain\n|-damage|p1a: Masquerain|59/264\n|\n|upkeep\n|turn|7\n|inactive|scampy789 has 120 seconds left.\n|\n|t:|1781452712\n|switch|p1a: Stonjourner|Stonjourner, L91, F|330/330\n|move|p2a: Ursaring|Body Slam|p1a: Stonjourner\n|-resisted|p1a: Stonjourner\n|-damage|p1a: Stonjourner|306/330\n|-status|p1a: Stonjourner|par\n|\n|upkeep\n|turn|8\n|inactive|scampy789 has 120 seconds left.\n|-message|BBUTTER forfeited.\n|\n|win|scampy789\n", "inputlog": ">version a8376a258c1d4662feba110a92103f3664a72141\n>start {\"formatid\":\"gen9randombattle\",\"seed\":\"sodium,8caf2751fcba0c535a8693443c59416e\",\"rated\":\"Rated battle\"}\n>player p1 {\"name\":\"scampy789\",\"avatar\":\"170\",\"rating\":2111,\"seed\":\"sodium,4d8d077e0c57402e7062aaab4a1ace80\"}\n>player p2 {\"name\":\"BBUTTER\",\"avatar\":\"blue\",\"rating\":2063,\"seed\":\"sodium,8ed97939f7e79fd546a36c04bea96d1f\"}\n>p1 move quiverdance\n>p2 switch 2\n>p1 move hurricane\n>p2 move sludgewave\n>p1 move hurricane\n>p2 move dracometeor\n>p2 switch 6\n>p1 switch 3\n>p2 move supercellslam\n>p1 move knockoff\n>p2 switch 5\n>p1 switch 3\n>p2 move bodyslam\n>p1 switch 5\n>p2 move bodyslam\n>forcelose p2", "uploadtime": 1781452602, "views": 6, "formatid": "gen9randombattle", "rating": null, "private": 0, "password": null}