{"id": "gen9randombattle-2631603728", "format": "[Gen 9] Random Battle", "players": ["TSM-Virgil", "aarvark2pt0"], "log": "|j|\u2606TSM-Virgil\n|j|\u2606aarvark2pt0\n|t:|1781407462\n|gametype|singles\n|player|p1|TSM-Virgil|acetrainer|2113\n|player|p2|aarvark2pt0|fisherman-gen4|2168\n|gen|9\n|tier|[Gen 9] Random Battle\n|rated|\n|rule|Species Clause: Limit one of each Pok\u00e9mon\n|rule|HP Percentage Mod: HP is shown in percentages\n|rule|Sleep Clause Mod: Limit one foe put to sleep\n|rule|Illusion Level Mod: Illusion disguises the Pok\u00e9mon's true level\n|\n|t:|1781407462\n|teamsize|p1|6\n|teamsize|p2|6\n|start\n|switch|p1a: Vivillon|Vivillon-Polar, L83, M|268/268\n|switch|p2a: Iron Boulder|Iron Boulder, L77|265/265\n|turn|1\n|inactive|Battle timer is ON: inactive players will automatically lose when time's up. (requested by TSM-Virgil)\n|\n|t:|1781407466\n|switch|p1a: Houndstone|Houndstone, L86, M|264/264\n|move|p2a: Iron Boulder|Mighty Cleave|p1a: Houndstone\n|-damage|p1a: Houndstone|205/264\n|-damage|p2a: Iron Boulder|239/265|[from] item: Life Orb\n|\n|upkeep\n|turn|2\n|\n|t:|1781407474\n|-end|p2a: Iron Boulder|Quark Drive|[silent]\n|switch|p2a: Klawf|Klawf, L90, F|272/272\n|move|p1a: Houndstone|Poltergeist|p2a: Klawf\n|-activate|p2a: Klawf|move: Poltergeist|Expert Belt\n|-damage|p2a: Klawf|182/272\n|\n|upkeep\n|turn|3\n|\n|t:|1781407487\n|move|p2a: Klawf|Knock Off|p1a: Houndstone\n|-supereffective|p1a: Houndstone\n|-damage|p1a: Houndstone|121/264\n|-enditem|p1a: Houndstone|Assault Vest|[from] move: Knock Off|[of] p2a: Klawf\n|move|p1a: Houndstone|Body Press|p2a: Klawf\n|-supereffective|p2a: Klawf\n|-damage|p2a: Klawf|92/272\n|-ability|p2a: Klawf|Anger Shell|boost\n|-boost|p2a: Klawf|atk|1\n|-boost|p2a: Klawf|spa|1\n|-boost|p2a: Klawf|spe|1\n|-unboost|p2a: Klawf|def|1\n|-unboost|p2a: Klawf|spd|1\n|\n|upkeep\n|turn|4\n|\n|t:|1781407514\n|move|p2a: Klawf|Stone Edge|p1a: Houndstone\n|-damage|p1a: Houndstone|0 fnt\n|faint|p1a: Houndstone\n|\n|upkeep\n|\n|t:|1781407517\n|switch|p1a: Krookodile|Krookodile, L79, M|280/280\n|-ability|p1a: Krookodile|Intimidate|boost\n|-unboost|p2a: Klawf|atk|1\n|turn|5\n|\n|t:|1781407522\n|move|p2a: Klawf|Crabhammer|p1a: Krookodile\n|-supereffective|p1a: Krookodile\n|-damage|p1a: Krookodile|66/280\n|move|p1a: Krookodile|Earthquake|p2a: Klawf\n|-supereffective|p2a: Klawf\n|-damage|p2a: Klawf|0 fnt\n|faint|p2a: Klawf\n|\n|-heal|p1a: Krookodile|83/280|[from] item: Leftovers\n|upkeep\n|\n|t:|1781407530\n|switch|p2a: Iron Boulder|Iron Boulder, L77|239/265\n|turn|6\n|\n|t:|1781407544\n|move|p2a: Iron Boulder|Close Combat|p1a: Krookodile\n|-supereffective|p1a: Krookodile\n|-damage|p1a: Krookodile|0 fnt\n|-unboost|p2a: Iron Boulder|def|1\n|-unboost|p2a: Iron Boulder|spd|1\n|faint|p1a: Krookodile\n|-damage|p2a: Iron Boulder|213/265|[from] item: Life Orb\n|\n|upkeep\n|\n|t:|1781407548\n|switch|p1a: Sudowoodo|Sudowoodo, L94, M|284/284\n|turn|7\n|\n|t:|1781407559\n|-end|p2a: Iron Boulder|Quark Drive|[silent]\n|switch|p2a: Hariyama|Hariyama, L87, F|392/392\n|move|p1a: Sudowoodo|Head Smash|p2a: Hariyama\n|-resisted|p2a: Hariyama\n|-crit|p2a: Hariyama\n|-damage|p2a: Hariyama|107/392\n|\n|upkeep\n|turn|8\n|\n|t:|1781407573\n|move|p2a: Hariyama|Heavy Slam|p1a: Sudowoodo\n|-supereffective|p1a: Sudowoodo\n|-damage|p1a: Sudowoodo|116/284\n|move|p1a: Sudowoodo|Head Smash|p2a: Hariyama\n|-resisted|p2a: Hariyama\n|-damage|p2a: Hariyama|0 fnt\n|faint|p2a: Hariyama\n|\n|upkeep\n|\n|t:|1781407592\n|switch|p2a: Miraidon|Miraidon, L65|238/238\n|-fieldstart|move: Electric Terrain|[from] ability: Hadron Engine|[of] p2a: Miraidon\n|turn|9\n|\n|t:|1781407596\n|move|p2a: Miraidon|Dragon Pulse|p1a: Sudowoodo\n|-damage|p1a: Sudowoodo|0 fnt\n|faint|p1a: Sudowoodo\n|-damage|p2a: Miraidon|215/238|[from] item: Life Orb\n|\n|upkeep\n|inactive|TSM-Virgil has 120 seconds left.\n|\n|t:|1781407637\n|switch|p1a: Reshiram|Reshiram, L76|277/277\n|-ability|p1a: Reshiram|Turboblaze\n|turn|10\n|\n|t:|1781407643\n|move|p2a: Miraidon|Draco Meteor|p1a: Reshiram\n|-supereffective|p1a: Reshiram\n|-damage|p1a: Reshiram|0 fnt\n|-unboost|p2a: Miraidon|spa|2\n|faint|p1a: Reshiram\n|-damage|p2a: Miraidon|192/238|[from] item: Life Orb\n|\n|upkeep\n|\n|t:|1781407646\n|switch|p1a: Cyclizar|Cyclizar, L83, M|252/252\n|turn|11\n|\n|t:|1781407650\n|switch|p2a: Iron Boulder|Iron Boulder, L77|213/265\n|-activate|p2a: Iron Boulder|ability: Quark Drive\n|-start|p2a: Iron Boulder|quarkdrivespe\n|move|p1a: Cyclizar|Shed Tail|p1a: Cyclizar\n|-start|p1a: Cyclizar|Substitute|[from] move: Shed Tail\n|-damage|p1a: Cyclizar|126/252\n|\n|t:|1781407652\n|switch|p1a: Vivillon|Vivillon-Polar, L83, M|268/268|[from] Shed Tail\n|\n|upkeep\n|turn|12\n|\n|t:|1781407655\n|move|p2a: Iron Boulder|Mighty Cleave|p1a: Vivillon\n|-supereffective|p1a: Vivillon\n|-end|p1a: Vivillon|Substitute\n|-damage|p2a: Iron Boulder|187/265|[from] item: Life Orb\n|move|p1a: Vivillon|Quiver Dance|p1a: Vivillon\n|-boost|p1a: Vivillon|spa|1\n|-boost|p1a: Vivillon|spd|1\n|-boost|p1a: Vivillon|spe|1\n|\n|upkeep\n|turn|13\n|\n|t:|1781407662\n|-terastallize|p2a: Iron Boulder|Fighting\n|-terastallize|p1a: Vivillon|Steel\n|move|p2a: Iron Boulder|Close Combat|p1a: Vivillon\n|-supereffective|p1a: Vivillon\n|-damage|p1a: Vivillon|0 fnt\n|-unboost|p2a: Iron Boulder|def|1\n|-unboost|p2a: Iron Boulder|spd|1\n|faint|p1a: Vivillon\n|-damage|p2a: Iron Boulder|161/265|[from] item: Life Orb\n|\n|-fieldend|move: Electric Terrain\n|-end|p2a: Iron Boulder|Quark Drive\n|upkeep\n|c|\u2606TSM-Virgil|Fuck\n|c|\u2606TSM-Virgil|gg wp\n|c|\u2606aarvark2pt0|i was expecting ground but that's ok\n|\n|t:|1781407674\n|switch|p1a: Cyclizar|Cyclizar, L83, M|210/252\n|turn|14\n|\n|t:|1781407680\n|-end|p2a: Iron Boulder|Quark Drive|[silent]\n|switch|p2a: Miraidon|Miraidon, L65|192/238\n|-fieldstart|move: Electric Terrain|[from] ability: Hadron Engine|[of] p2a: Miraidon\n|move|p1a: Cyclizar|Draco Meteor|p2a: Miraidon|[miss]\n|-miss|p1a: Cyclizar|p2a: Miraidon\n|\n|upkeep\n|turn|15\n|\n|t:|1781407695\n|move|p1a: Cyclizar|Draco Meteor|p2a: Miraidon\n|-supereffective|p2a: Miraidon\n|-damage|p2a: Miraidon|0 fnt\n|-unboost|p1a: Cyclizar|spa|2\n|faint|p2a: Miraidon\n|\n|upkeep\n|\n|t:|1781407698\n|switch|p2a: Golurk|Golurk, L87|297/297\n|turn|16\n|\n|t:|1781407701\n|move|p1a: Cyclizar|Knock Off|p2a: Golurk\n|-supereffective|p2a: Golurk\n|-damage|p2a: Golurk|159/297\n|-enditem|p2a: Golurk|Choice Band|[from] move: Knock Off|[of] p1a: Cyclizar\n|move|p2a: Golurk|Dynamic Punch|p1a: Cyclizar\n|-supereffective|p1a: Cyclizar\n|-damage|p1a: Cyclizar|0 fnt\n|faint|p1a: Cyclizar\n|\n|win|aarvark2pt0\n|raw|TSM-Virgil's rating: 2113 &rarr; <strong>2096</strong><br />(-17 for losing)\n|raw|aarvark2pt0's rating: 2168 &rarr; <strong>2185</strong><br />(+17 for winning)\n", "inputlog": ">version a8376a258c1d4662feba110a92103f3664a72141\n>start {\"formatid\":\"gen9randombattle\",\"seed\":\"sodium,b5cc7ef3f1eba7d0aaad61a1afc64544\",\"rated\":\"Rated battle\"}\n>player p1 {\"name\":\"TSM-Virgil\",\"avatar\":\"acetrainer\",\"rating\":2113,\"seed\":\"sodium,770a4ce2c5ae644752a7d5fd3a726a5c\"}\n>player p2 {\"name\":\"aarvark2pt0\",\"avatar\":\"fisherman-gen4\",\"rating\":2168,\"seed\":\"sodium,78a23e678d872bfa16765570415e5a9a\"}\n>p1 switch 3\n>p2 move mightycleave\n>p1 move poltergeist\n>p2 switch 3\n>p1 move bodypress\n>p2 move knockoff\n>p1 move bodypress\n>p2 move stoneedge\n>p1 switch 2\n>p1 move earthquake\n>p2 move crabhammer\n>p2 switch 3\n>p1 move earthquake\n>p2 move closecombat\n>p1 switch 6\n>p1 move headsmash\n>p2 switch 2\n>p1 move headsmash\n>p2 move heavyslam\n>p2 switch 4\n>p1 move headsmash\n>p2 move dragonpulse\n>p1 switch 5\n>p1 move dragondance\n>p2 move dracometeor\n>p1 switch 4\n>p1 move shedtail\n>p2 switch 2\n>p1 switch 3\n>p1 move quiverdance\n>p2 move mightycleave\n>p1 move quiverdance terastallize\n>p2 move closecombat terastallize\n>chat \u2606TSM-Virgil|Fuck\n>chat \u2606TSM-Virgil|gg wp\n>chat \u2606aarvark2pt0|i was expecting ground but that's ok\n>p1 switch 3\n>p1 move dracometeor\n>p2 switch 2\n>p1 move dracometeor\n>p2 move dragonpulse\n>p2 switch 6\n>p1 move knockoff\n>p2 move dynamicpunch", "uploadtime": 1781407463, "views": 9, "formatid": "gen9randombattle", "rating": 2096, "private": 0, "password": null, "player_dets": [{"name": "TSM-Virgil", "avatar": "acetrainer", "rating": 2113, "seed": "sodium,770a4ce2c5ae644752a7d5fd3a726a5c"}, {"name": "aarvark2pt0", "avatar": "fisherman-gen4", "rating": 2168, "seed": "sodium,78a23e678d872bfa16765570415e5a9a"}], "teams_full": [{"Vivillon": {"name": "Vivillon", "species": "Vivillon-Polar", "speciesId": "vivillon", "gender": "M", "shiny": false, "level": 83, "moves": ["sleeppowder", "bugbuzz", "quiverdance", "hurricane"], "ability": "Compound Eyes", "evs": {"hp": 85, "atk": 0, "def": 85, "spa": 85, "spd": 85, "spe": 85}, "ivs": {"hp": 31, "atk": 0, "def": 31, "spa": 31, "spd": 31, "spe": 31}, "item": "Heavy-Duty Boots", "teraType": "Steel", "role": "Fast Bulky Setup", "bvs": {"hp": 80, "atk": 52, "def": 50, "spa": 90, "spd": 50, "spe": 89}, "stats": {"hp": 268, "atk": 91, "def": 131, "spa": 197, "spd": 131, "spe": 195}, "types": ["Bug", "Flying"]}, "Krookodile": {"name": "Krookodile", "species": "Krookodile", "speciesId": "krookodile", "gender": "M", "shiny": false, "level": 79, "moves": ["knockoff", "bulkup", "gunkshot", "earthquake"], "ability": "Intimidate", "evs": {"hp": 85, "atk": 85, "def": 85, "spa": 85, "spd": 85, "spe": 85}, "ivs": {"hp": 31, "atk": 31, "def": 31, "spa": 31, "spd": 31, "spe": 31}, "item": "Leftovers", "teraType": "Poison", "role": "Bulky Setup", "bvs": {"hp": 95, "atk": 117, "def": 80, "spa": 65, "spd": 70, "spe": 92}, "stats": {"hp": 280, "atk": 230, "def": 172, "spa": 148, "spd": 156, "spe": 191}, "types": ["Ground", "Dark"]}, "Houndstone": {"name": "Houndstone", "species": "Houndstone", "speciesId": "houndstone", "gender": "M", "shiny": false, "level": 86, "moves": ["poltergeist", "bodypress", "shadowsneak", "playrough"], "ability": "Fluffy", "evs": {"hp": 85, "atk": 85, "def": 85, "spa": 85, "spd": 85, "spe": 85}, "ivs": {"hp": 31, "atk": 31, "def": 31, "spa": 31, "spd": 31, "spe": 31}, "item": "Assault Vest", "teraType": "Fighting", "role": "AV Pivot", "bvs": {"hp": 72, "atk": 101, "def": 100, "spa": 50, "spd": 97, "spe": 68}, "stats": {"hp": 264, "atk": 223, "def": 221, "spa": 135, "spd": 216, "spe": 166}, "types": ["Ghost"]}, "Cyclizar": {"name": "Cyclizar", "species": "Cyclizar", "speciesId": "cyclizar", "gender": "M", "shiny": false, "level": 83, "moves": ["rapidspin", "knockoff", "shedtail", "dracometeor"], "ability": "Regenerator", "evs": {"hp": 85, "atk": 85, "def": 85, "spa": 85, "spd": 85, "spe": 85}, "ivs": {"hp": 31, "atk": 31, "def": 31, "spa": 31, "spd": 31, "spe": 31}, "item": "Heavy-Duty Boots", "teraType": "Steel", "role": "Fast Support", "bvs": {"hp": 70, "atk": 95, "def": 65, "spa": 85, "spd": 65, "spe": 121}, "stats": {"hp": 252, "atk": 205, "def": 156, "spa": 189, "spd": 156, "spe": 249}, "types": ["Dragon", "Normal"]}, "Reshiram": {"name": "Reshiram", "species": "Reshiram", "speciesId": "reshiram", "gender": "N", "shiny": false, "level": 76, "moves": ["stoneedge", "dragondance", "flareblitz", "outrage"], "ability": "Turboblaze", "evs": {"hp": 85, "atk": 85, "def": 85, "spa": 85, "spd": 85, "spe": 85}, "ivs": {"hp": 31, "atk": 31, "def": 31, "spa": 31, "spd": 31, "spe": 31}, "item": "Heavy-Duty Boots", "teraType": "Dragon", "role": "Setup Sweeper", "bvs": {"hp": 100, "atk": 120, "def": 100, "spa": 150, "spd": 120, "spe": 90}, "stats": {"hp": 277, "atk": 226, "def": 196, "spa": 272, "spd": 226, "spe": 181}, "types": ["Dragon", "Fire"]}, "Sudowoodo": {"name": "Sudowoodo", "species": "Sudowoodo", "speciesId": "sudowoodo", "gender": "M", "shiny": false, "level": 94, "moves": ["earthquake", "suckerpunch", "headsmash", "woodhammer"], "ability": "Rock Head", "evs": {"hp": 85, "atk": 85, "def": 85, "spa": 85, "spd": 85, "spe": 85}, "ivs": {"hp": 31, "atk": 31, "def": 31, "spa": 31, "spd": 31, "spe": 31}, "item": "Choice Band", "teraType": "Rock", "role": "Bulky Attacker", "bvs": {"hp": 70, "atk": 100, "def": 115, "spa": 30, "spd": 65, "spe": 30}, "stats": {"hp": 284, "atk": 241, "def": 270, "spa": 110, "spd": 176, "spe": 110}, "types": ["Rock"]}}, {"Iron Boulder": {"name": "Iron Boulder", "species": "Iron Boulder", "speciesId": "ironboulder", "gender": "N", "shiny": false, "level": 77, "moves": ["closecombat", "swordsdance", "mightycleave", "zenheadbutt"], "ability": "Quark Drive", "evs": {"hp": 85, "atk": 85, "def": 85, "spa": 85, "spd": 85, "spe": 85}, "ivs": {"hp": 31, "atk": 31, "def": 31, "spa": 31, "spd": 31, "spe": 31}, "item": "Life Orb", "teraType": "Fighting", "role": "Setup Sweeper", "bvs": {"hp": 90, "atk": 120, "def": 80, "spa": 68, "spd": 108, "spe": 124}, "stats": {"hp": 265, "atk": 229, "def": 168, "spa": 149, "spd": 211, "spe": 236}, "types": ["Rock", "Psychic"]}, "Hariyama": {"name": "Hariyama", "species": "Hariyama", "speciesId": "hariyama", "gender": "F", "shiny": false, "level": 87, "moves": ["heavyslam", "headlongrush", "closecombat", "knockoff"], "ability": "Thick Fat", "evs": {"hp": 85, "atk": 85, "def": 85, "spa": 85, "spd": 85, "spe": 85}, "ivs": {"hp": 31, "atk": 31, "def": 31, "spa": 31, "spd": 31, "spe": 31}, "item": "Assault Vest", "teraType": "Steel", "role": "AV Pivot", "bvs": {"hp": 144, "atk": 120, "def": 60, "spa": 40, "spd": 60, "spe": 50}, "stats": {"hp": 392, "atk": 259, "def": 154, "spa": 119, "spd": 154, "spe": 137}, "types": ["Fighting"]}, "Klawf": {"name": "Klawf", "species": "Klawf", "speciesId": "klawf", "gender": "F", "shiny": false, "level": 90, "moves": ["swordsdance", "crabhammer", "knockoff", "stoneedge"], "ability": "Anger Shell", "evs": {"hp": 85, "atk": 85, "def": 85, "spa": 85, "spd": 85, "spe": 85}, "ivs": {"hp": 31, "atk": 31, "def": 31, "spa": 31, "spd": 31, "spe": 31}, "item": "Expert Belt", "teraType": "Dark", "role": "Setup Sweeper", "bvs": {"hp": 70, "atk": 100, "def": 115, "spa": 35, "spd": 55, "spe": 75}, "stats": {"hp": 272, "atk": 231, "def": 258, "spa": 114, "spd": 150, "spe": 186}, "types": ["Rock"]}, "Miraidon": {"name": "Miraidon", "species": "Miraidon", "speciesId": "miraidon", "gender": "N", "shiny": false, "level": 65, "moves": ["dragonpulse", "dracometeor", "electrodrift", "calmmind"], "ability": "Hadron Engine", "evs": {"hp": 85, "atk": 0, "def": 85, "spa": 85, "spd": 85, "spe": 85}, "ivs": {"hp": 31, "atk": 0, "def": 31, "spa": 31, "spd": 31, "spe": 31}, "item": "Life Orb", "teraType": "Electric", "role": "Setup Sweeper", "bvs": {"hp": 100, "atk": 85, "def": 100, "spa": 135, "spd": 115, "spe": 135}, "stats": {"hp": 238, "atk": 115, "def": 168, "spa": 214, "spd": 188, "spe": 214}, "types": ["Electric", "Dragon"]}, "Necrozma": {"name": "Necrozma", "species": "Necrozma", "speciesId": "necrozma", "gender": "N", "shiny": false, "level": 80, "moves": ["earthquake", "photongeyser", "dragondance", "knockoff"], "ability": "Prism Armor", "evs": {"hp": 85, "atk": 85, "def": 85, "spa": 85, "spd": 85, "spe": 85}, "ivs": {"hp": 31, "atk": 31, "def": 31, "spa": 31, "spd": 31, "spe": 31}, "item": "Weakness Policy", "teraType": "Ground", "role": "Bulky Setup", "bvs": {"hp": 97, "atk": 107, "def": 101, "spa": 127, "spd": 89, "spe": 79}, "stats": {"hp": 286, "atk": 217, "def": 208, "spa": 249, "spd": 189, "spe": 173}, "types": ["Psychic"]}, "Golurk": {"name": "Golurk", "species": "Golurk", "speciesId": "golurk", "gender": "N", "shiny": false, "level": 87, "moves": ["earthquake", "poltergeist", "dynamicpunch", "stoneedge"], "ability": "No Guard", "evs": {"hp": 85, "atk": 85, "def": 85, "spa": 85, "spd": 85, "spe": 85}, "ivs": {"hp": 31, "atk": 31, "def": 31, "spa": 31, "spd": 31, "spe": 31}, "item": "Choice Band", "teraType": "Ground", "role": "Wallbreaker", "bvs": {"hp": 89, "atk": 124, "def": 80, "spa": 55, "spd": 80, "spe": 55}, "stats": {"hp": 297, "atk": 266, "def": 189, "spa": 145, "spd": 189, "spe": 145}, "types": ["Ground", "Ghost"]}}]}