{"id": "gen9randombattle-2631494046", "format": "[Gen 9] Random Battle", "players": ["whatisnexthuh", "Sekkari-"], "log": "|j|\u2606whatisnexthuh\n|j|\u2606Sekkari-\n|t:|1781392118\n|gametype|singles\n|player|p1|whatisnexthuh|aromalady|2170\n|player|p2|Sekkari-|170|2233\n|gen|9\n|tier|[Gen 9] Random Battle\n|rated|\n|rule|Species Clause: Limit one of each Pok\u00e9mon\n|rule|HP Percentage Mod: HP is shown in percentages\n|rule|Sleep Clause Mod: Limit one foe put to sleep\n|rule|Illusion Level Mod: Illusion disguises the Pok\u00e9mon's true level\n|\n|t:|1781392118\n|teamsize|p1|6\n|teamsize|p2|6\n|start\n|switch|p1a: Kilowattrel|Kilowattrel, L83, M|252/252\n|switch|p2a: Diancie|Diancie, L82|216/216\n|turn|1\n|\n|t:|1781392229\n|move|p1a: Kilowattrel|U-turn|p2a: Diancie\n|-resisted|p2a: Diancie\n|-damage|p2a: Diancie|202/216\n|\n|t:|1781392235\n|switch|p1a: Sandy Shocks|Sandy Shocks, L80|267/267|[from] U-turn\n|move|p2a: Diancie|Diamond Storm|p1a: Sandy Shocks\n|-resisted|p1a: Sandy Shocks\n|-damage|p1a: Sandy Shocks|214/267\n|-boost|p2a: Diancie|def|2\n|\n|-heal|p1a: Sandy Shocks|230/267|[from] item: Leftovers\n|-heal|p2a: Diancie|215/216|[from] item: Leftovers\n|upkeep\n|turn|2\n|\n|t:|1781392249\n|switch|p2a: Spidops|Spidops, L96, M|271/271\n|move|p1a: Sandy Shocks|Stealth Rock|p2a: Spidops\n|-sidestart|p2: Sekkari-|move: Stealth Rock\n|\n|-heal|p1a: Sandy Shocks|246/267|[from] item: Leftovers\n|upkeep\n|turn|3\n|\n|t:|1781392306\n|-end|p1a: Sandy Shocks|Protosynthesis|[silent]\n|switch|p1a: Kilowattrel|Kilowattrel, L83, M|252/252\n|move|p2a: Spidops|Sticky Web|p1a: Kilowattrel\n|-sidestart|p1: whatisnexthuh|move: Sticky Web\n|\n|upkeep\n|turn|4\n|\n|t:|1781392313\n|switch|p2a: Diancie|Diancie, L82|215/216\n|-damage|p2a: Diancie|188/216|[from] Stealth Rock\n|move|p1a: Kilowattrel|Discharge|p2a: Diancie\n|-damage|p2a: Diancie|124/216\n|\n|-heal|p2a: Diancie|137/216|[from] item: Leftovers\n|upkeep\n|turn|5\n|\n|t:|1781392321\n|move|p1a: Kilowattrel|U-turn|p2a: Diancie\n|-resisted|p2a: Diancie\n|-damage|p2a: Diancie|123/216\n|\n|t:|1781392335\n|switch|p1a: Gogoat|Gogoat, L88, F|360/360|[from] U-turn\n|-activate|p1a: Gogoat|move: Sticky Web\n|-unboost|p1a: Gogoat|spe|1\n|move|p2a: Diancie|Diamond Storm|p1a: Gogoat\n|-damage|p1a: Gogoat|237/360\n|\n|-heal|p2a: Diancie|136/216|[from] item: Leftovers\n|-heal|p1a: Gogoat|259/360|[from] item: Leftovers\n|upkeep\n|turn|6\n|\n|t:|1781392344\n|switch|p2a: Spidops|Spidops, L96, M|271/271\n|move|p1a: Gogoat|Horn Leech|p2a: Spidops\n|-resisted|p2a: Spidops\n|-damage|p2a: Spidops|232/271\n|-heal|p1a: Gogoat|279/360|[from] drain|[of] p2a: Spidops\n|\n|-heal|p1a: Gogoat|301/360|[from] item: Leftovers\n|upkeep\n|turn|7\n|\n|t:|1781392349\n|switch|p1a: Kilowattrel|Kilowattrel, L83, M|252/252\n|move|p2a: Spidops|Toxic Spikes|p1a: Kilowattrel\n|-sidestart|p1: whatisnexthuh|move: Toxic Spikes\n|\n|upkeep\n|turn|8\n|\n|t:|1781392365\n|switch|p2a: Slaking|Slaking, L84, F|389/389\n|-damage|p2a: Slaking|341/389|[from] Stealth Rock\n|move|p1a: Kilowattrel|Discharge|p2a: Slaking\n|-damage|p2a: Slaking|236/389\n|\n|upkeep\n|turn|9\n|\n|t:|1781392444\n|switch|p1a: Articuno|Articuno, L86|295/295\n|-ability|p1a: Articuno|Pressure\n|move|p2a: Slaking|Double-Edge|p1a: Articuno\n|-damage|p1a: Articuno|37/295\n|-damage|p2a: Slaking|151/389|[from] Recoil\n|\n|upkeep\n|turn|10\n|\n|t:|1781392459\n|switch|p1a: Kilowattrel|Kilowattrel, L83, M|252/252\n|cant|p2a: Slaking|ability: Truant\n|\n|upkeep\n|turn|11\n|\n|t:|1781392464\n|move|p1a: Kilowattrel|U-turn|p2a: Slaking\n|-damage|p2a: Slaking|115/389\n|\n|t:|1781392477\n|switch|p1a: Gogoat|Gogoat, L88, F|301/360|[from] U-turn\n|-activate|p1a: Gogoat|move: Sticky Web\n|-unboost|p1a: Gogoat|spe|1\n|-status|p1a: Gogoat|psn\n|move|p2a: Slaking|Double-Edge|p1a: Gogoat\n|-damage|p1a: Gogoat|0 fnt\n|faint|p1a: Gogoat\n|-damage|p2a: Slaking|16/389|[from] Recoil\n|\n|upkeep\n|\n|t:|1781392478\n|switch|p1a: Espathra|Espathra, L80, F|283/283\n|-activate|p1a: Espathra|move: Sticky Web\n|-unboost|p1a: Espathra|spe|1\n|-status|p1a: Espathra|psn\n|turn|12\n|\n|t:|1781392485\n|switch|p2a: Spidops|Spidops, L96, M|232/271\n|move|p1a: Espathra|Calm Mind|p1a: Espathra\n|-boost|p1a: Espathra|spa|1\n|-boost|p1a: Espathra|spd|1\n|\n|-damage|p1a: Espathra|248/283 psn|[from] psn\n|-ability|p1a: Espathra|Speed Boost|boost\n|-boost|p1a: Espathra|spe|1\n|upkeep\n|turn|13\n|\n|t:|1781392495\n|move|p1a: Espathra|Protect|p1a: Espathra\n|-singleturn|p1a: Espathra|Protect\n|move|p2a: Spidops|U-turn|p1a: Espathra\n|-activate|p1a: Espathra|move: Protect\n|\n|-heal|p1a: Espathra|265/283 psn|[from] item: Leftovers\n|-damage|p1a: Espathra|230/283 psn|[from] psn\n|-ability|p1a: Espathra|Speed Boost|boost\n|-boost|p1a: Espathra|spe|1\n|upkeep\n|turn|14\n|\n|t:|1781392497\n|-terastallize|p1a: Espathra|Fairy\n|move|p1a: Espathra|Calm Mind|p1a: Espathra\n|-boost|p1a: Espathra|spa|1\n|-boost|p1a: Espathra|spd|1\n|move|p2a: Spidops|U-turn|p1a: Espathra\n|-resisted|p1a: Espathra\n|-damage|p1a: Espathra|172/283 psn\n|\n|t:|1781392506\n|switch|p2a: Slaking|Slaking, L84, F|16/389|[from] U-turn\n|-damage|p2a: Slaking|0 fnt|[from] Stealth Rock\n|faint|p2a: Slaking\n|\n|-heal|p1a: Espathra|189/283 psn|[from] item: Leftovers\n|-damage|p1a: Espathra|154/283 psn|[from] psn\n|-ability|p1a: Espathra|Speed Boost|boost\n|-boost|p1a: Espathra|spe|1\n|upkeep\n|\n|t:|1781392511\n|switch|p2a: Spidops|Spidops, L96, M|232/271\n|turn|15\n|\n|t:|1781392525\n|move|p1a: Espathra|Protect|p1a: Espathra\n|-singleturn|p1a: Espathra|Protect\n|move|p2a: Spidops|Knock Off|p1a: Espathra\n|-activate|p1a: Espathra|move: Protect\n|\n|-heal|p1a: Espathra|171/283 psn|[from] item: Leftovers\n|-damage|p1a: Espathra|136/283 psn|[from] psn\n|-ability|p1a: Espathra|Speed Boost|boost\n|-boost|p1a: Espathra|spe|1\n|upkeep\n|turn|16\n|\n|t:|1781392527\n|move|p1a: Espathra|Stored Power|p2a: Spidops\n|-damage|p2a: Spidops|0 fnt\n|faint|p2a: Spidops\n|\n|-heal|p1a: Espathra|153/283 psn|[from] item: Leftovers\n|-damage|p1a: Espathra|118/283 psn|[from] psn\n|-ability|p1a: Espathra|Speed Boost|boost\n|-boost|p1a: Espathra|spe|1\n|upkeep\n|\n|t:|1781392537\n|switch|p2a: Hitmonlee|Hitmonlee, L85, M|223/223\n|-damage|p2a: Hitmonlee|210/223|[from] Stealth Rock\n|turn|17\n|\n|t:|1781392555\n|switch|p2a: Sandy Shocks|Sandy Shocks, L80|267/267\n|move|p1a: Espathra|Dazzling Gleam|p2a: Sandy Shocks\n|-damage|p2a: Sandy Shocks|84/267\n|\n|-heal|p1a: Espathra|135/283 psn|[from] item: Leftovers\n|-damage|p1a: Espathra|100/283 psn|[from] psn\n|-ability|p1a: Espathra|Speed Boost|boost\n|-boost|p1a: Espathra|spe|1\n|upkeep\n|turn|18\n|\n|t:|1781392561\n|move|p1a: Espathra|Stored Power|p2a: Sandy Shocks\n|-damage|p2a: Sandy Shocks|0 fnt\n|faint|p2a: Sandy Shocks\n|-end|p2a: Sandy Shocks|Protosynthesis|[silent]\n|\n|-heal|p1a: Espathra|117/283 psn|[from] item: Leftovers\n|-damage|p1a: Espathra|82/283 psn|[from] psn\n|-ability|p1a: Espathra|Speed Boost|boost\n|-boost|p1a: Espathra|spe|1\n|upkeep\n|\n|t:|1781392563\n|switch|p2a: Hitmonlee|Hitmonlee, L85, M|210/223\n|-damage|p2a: Hitmonlee|197/223|[from] Stealth Rock\n|turn|19\n|\n|t:|1781392594\n|-terastallize|p2a: Hitmonlee|Fighting\n|move|p2a: Hitmonlee|Mach Punch|p1a: Espathra\n|-resisted|p1a: Espathra\n|-damage|p1a: Espathra|15/283 psn\n|move|p1a: Espathra|Stored Power|p2a: Hitmonlee\n|-supereffective|p2a: Hitmonlee\n|-damage|p2a: Hitmonlee|0 fnt\n|faint|p2a: Hitmonlee\n|\n|-heal|p1a: Espathra|32/283 psn|[from] item: Leftovers\n|-damage|p1a: Espathra|0 fnt|[from] psn\n|faint|p1a: Espathra\n|upkeep\n|\n|t:|1781392626\n|switch|p1a: Sandy Shocks|Sandy Shocks, L80|246/267\n|switch|p2a: Diancie|Diancie, L82|136/216\n|-activate|p1a: Sandy Shocks|move: Sticky Web\n|-unboost|p1a: Sandy Shocks|spe|1\n|-status|p1a: Sandy Shocks|psn\n|-damage|p2a: Diancie|109/216|[from] Stealth Rock\n|turn|20\n|\n|t:|1781392634\n|move|p1a: Sandy Shocks|Earth Power|p2a: Diancie\n|-supereffective|p2a: Diancie\n|-damage|p2a: Diancie|0 fnt\n|faint|p2a: Diancie\n|\n|-heal|p1a: Sandy Shocks|262/267 psn|[from] item: Leftovers\n|-damage|p1a: Sandy Shocks|229/267 psn|[from] psn\n|upkeep\n|\n|t:|1781392636\n|switch|p2a: Raikou|Raikou, L81|278/278\n|-damage|p2a: Raikou|244/278|[from] Stealth Rock\n|-ability|p2a: Raikou|Pressure\n|turn|21\n|\n|t:|1781392650\n|move|p2a: Raikou|Calm Mind|p2a: Raikou\n|-boost|p2a: Raikou|spa|1\n|-boost|p2a: Raikou|spd|1\n|move|p1a: Sandy Shocks|Earth Power|p2a: Raikou\n|-supereffective|p2a: Raikou\n|-damage|p2a: Raikou|118/278\n|\n|-heal|p2a: Raikou|135/278|[from] item: Leftovers\n|-heal|p1a: Sandy Shocks|245/267 psn|[from] item: Leftovers\n|-damage|p1a: Sandy Shocks|212/267 psn|[from] psn\n|upkeep\n|turn|22\n|\n|t:|1781392654\n|move|p2a: Raikou|Scald|p1a: Sandy Shocks\n|-supereffective|p1a: Sandy Shocks\n|-damage|p1a: Sandy Shocks|20/267 psn\n|move|p1a: Sandy Shocks|Earth Power|p2a: Raikou\n|-supereffective|p2a: Raikou\n|-damage|p2a: Raikou|9/278\n|\n|-heal|p2a: Raikou|26/278|[from] item: Leftovers\n|-heal|p1a: Sandy Shocks|36/267 psn|[from] item: Leftovers\n|-damage|p1a: Sandy Shocks|3/267 psn|[from] psn\n|upkeep\n|turn|23\n|\n|t:|1781392662\n|move|p2a: Raikou|Scald|p1a: Sandy Shocks\n|-supereffective|p1a: Sandy Shocks\n|-damage|p1a: Sandy Shocks|0 fnt\n|faint|p1a: Sandy Shocks\n|-end|p1a: Sandy Shocks|Protosynthesis|[silent]\n|\n|-heal|p2a: Raikou|43/278|[from] item: Leftovers\n|upkeep\n|\n|t:|1781392675\n|switch|p1a: Kilowattrel|Kilowattrel, L83, M|252/252\n|turn|24\n|\n|t:|1781392677\n|move|p1a: Kilowattrel|U-turn|p2a: Raikou\n|-damage|p2a: Raikou|0 fnt\n|faint|p2a: Raikou\n|\n|win|whatisnexthuh\n", "inputlog": ">version a8376a258c1d4662feba110a92103f3664a72141\n>start {\"formatid\":\"gen9randombattle\",\"seed\":\"sodium,5a8d74dca96caad44655cff0bc5459ac\",\"rated\":\"Rated battle\"}\n>player p1 {\"name\":\"whatisnexthuh\",\"avatar\":\"aromalady\",\"rating\":2170,\"seed\":\"sodium,852e3ed9f88aff9aeeab52ed660c4a8e\"}\n>player p2 {\"name\":\"Sekkari-\",\"avatar\":\"170\",\"rating\":2233,\"seed\":\"sodium,049f31cd95fcbb06c2f1d4ace70fd113\"}\n>p1 move uturn\n>p2 move diamondstorm\n>p1 switch 4\n>p1 move stealthrock\n>p2 switch 6\n>p1 switch 4\n>p2 move stickyweb\n>p1 move discharge\n>p2 switch 6\n>p1 move uturn\n>p2 move diamondstorm\n>p1 switch 3\n>p1 move hornleech\n>p2 switch 6\n>p1 switch 3\n>p2 move toxicspikes\n>p1 move discharge\n>p2 switch 4\n>p1 switch 2\n>p2 move doubleedge\n>p1 switch 2\n>p2 move doubleedge\n>p1 move uturn\n>p2 move doubleedge\n>p1 switch 3\n>p1 switch 5\n>p1 move calmmind\n>p2 switch 4\n>p1 move protect\n>p2 move uturn\n>p1 move calmmind terastallize\n>p2 move uturn\n>p2 switch 4\n>p2 switch 4\n>p1 move protect\n>p2 move knockoff\n>p1 move storedpower\n>p2 move knockoff\n>p2 switch 3\n>p1 move dazzlinggleam\n>p2 switch 2\n>p1 move storedpower\n>p2 move voltswitch\n>p2 switch 2\n>p1 move storedpower\n>p2 move machpunch terastallize\n>p1 switch 4\n>p2 switch 6\n>p1 move earthpower\n>p2 move moonblast\n>p2 switch 5\n>p1 move earthpower\n>p2 move calmmind\n>p1 move earthpower\n>p2 move scald\n>p1 move earthpower\n>p2 move scald\n>p1 switch 3\n>p1 move uturn\n>p2 move scald", "uploadtime": 1781392120, "views": 4, "formatid": "gen9randombattle", "rating": null, "private": 0, "password": null, "player_dets": [{"name": "whatisnexthuh", "avatar": "aromalady", "rating": 2170, "seed": "sodium,852e3ed9f88aff9aeeab52ed660c4a8e"}, {"name": "Sekkari-", "avatar": "170", "rating": 2233, "seed": "sodium,049f31cd95fcbb06c2f1d4ace70fd113"}], "teams_full": [{"Kilowattrel": {"name": "Kilowattrel", "species": "Kilowattrel", "speciesId": "kilowattrel", "gender": "M", "shiny": false, "level": 83, "moves": ["roost", "uturn", "hurricane", "discharge"], "ability": "Volt Absorb", "evs": {"hp": 85, "atk": 85, "def": 85, "spa": 85, "spd": 85, "spe": 85}, "ivs": {"hp": 31, "atk": 31, "def": 31, "spa": 31, "spd": 31, "spe": 31}, "item": "Heavy-Duty Boots", "teraType": "Water", "role": "Bulky Attacker", "bvs": {"hp": 70, "atk": 70, "def": 60, "spa": 105, "spd": 60, "spe": 125}, "stats": {"hp": 252, "atk": 164, "def": 147, "spa": 222, "spd": 147, "spe": 255}}, "Articuno": {"name": "Articuno", "species": "Articuno", "speciesId": "articuno", "gender": "N", "shiny": false, "level": 86, "moves": ["freezedry", "haze", "bravebird", "roost"], "ability": "Pressure", "evs": {"hp": 85, "atk": 85, "def": 85, "spa": 85, "spd": 85, "spe": 85}, "ivs": {"hp": 31, "atk": 31, "def": 31, "spa": 31, "spd": 31, "spe": 31}, "item": "Heavy-Duty Boots", "teraType": "Steel", "role": "Bulky Support", "bvs": {"hp": 90, "atk": 85, "def": 100, "spa": 95, "spd": 125, "spe": 85}, "stats": {"hp": 295, "atk": 195, "def": 221, "spa": 213, "spd": 264, "spe": 195}}, "Gogoat": {"name": "Gogoat", "species": "Gogoat", "speciesId": "gogoat", "gender": "F", "shiny": false, "level": 88, "moves": ["bulkup", "earthquake", "milkdrink", "hornleech"], "ability": "Sap Sipper", "evs": {"hp": 85, "atk": 85, "def": 85, "spa": 85, "spd": 85, "spe": 85}, "ivs": {"hp": 31, "atk": 31, "def": 31, "spa": 31, "spd": 31, "spe": 31}, "item": "Leftovers", "teraType": "Ground", "role": "Bulky Setup", "bvs": {"hp": 123, "atk": 100, "def": 62, "spa": 97, "spd": 81, "spe": 68}, "stats": {"hp": 360, "atk": 226, "def": 159, "spa": 221, "spd": 193, "spe": 170}}, "Sandy Shocks": {"name": "Sandy Shocks", "species": "Sandy Shocks", "speciesId": "sandyshocks", "gender": "N", "shiny": false, "level": 80, "moves": ["thunderbolt", "earthpower", "thunderwave", "stealthrock"], "ability": "Protosynthesis", "evs": {"hp": 85, "atk": 0, "def": 85, "spa": 85, "spd": 85, "spe": 85}, "ivs": {"hp": 31, "atk": 0, "def": 31, "spa": 31, "spd": 31, "spe": 31}, "item": "Leftovers", "teraType": "Grass", "role": "Fast Support", "bvs": {"hp": 85, "atk": 81, "def": 97, "spa": 121, "spd": 85, "spe": 101}, "stats": {"hp": 267, "atk": 134, "def": 201, "spa": 240, "spd": 182, "spe": 208}}, "Espathra": {"name": "Espathra", "species": "Espathra", "speciesId": "espathra", "gender": "F", "shiny": false, "level": 80, "moves": ["protect", "calmmind", "dazzlinggleam", "storedpower"], "ability": "Speed Boost", "evs": {"hp": 85, "atk": 0, "def": 85, "spa": 85, "spd": 85, "spe": 85}, "ivs": {"hp": 31, "atk": 0, "def": 31, "spa": 31, "spd": 31, "spe": 31}, "item": "Leftovers", "teraType": "Fairy", "role": "Fast Bulky Setup", "bvs": {"hp": 95, "atk": 60, "def": 60, "spa": 101, "spd": 60, "spe": 105}, "stats": {"hp": 283, "atk": 101, "def": 142, "spa": 208, "spd": 142, "spe": 214}}, "Blastoise": {"name": "Blastoise", "species": "Blastoise", "speciesId": "blastoise", "gender": "M", "shiny": false, "level": 80, "moves": ["terablast", "shellsmash", "icebeam", "hydropump"], "ability": "Torrent", "evs": {"hp": 85, "atk": 0, "def": 85, "spa": 85, "spd": 85, "spe": 85}, "ivs": {"hp": 31, "atk": 0, "def": 31, "spa": 31, "spd": 31, "spe": 31}, "item": "White Herb", "teraType": "Electric", "role": "Tera Blast user", "bvs": {"hp": 79, "atk": 83, "def": 100, "spa": 85, "spd": 105, "spe": 78}, "stats": {"hp": 258, "atk": 137, "def": 206, "spa": 182, "spd": 214, "spe": 171}}}, {"Diancie": {"name": "Diancie", "species": "Diancie", "speciesId": "diancie", "gender": "N", "shiny": false, "level": 82, "moves": ["moonblast", "rockpolish", "diamondstorm", "bodypress"], "ability": "Clear Body", "evs": {"hp": 85, "atk": 85, "def": 85, "spa": 85, "spd": 85, "spe": 85}, "ivs": {"hp": 31, "atk": 31, "def": 31, "spa": 31, "spd": 31, "spe": 31}, "item": "Leftovers", "teraType": "Fighting", "role": "Bulky Attacker", "bvs": {"hp": 50, "atk": 100, "def": 150, "spa": 100, "spd": 150, "spe": 50}, "stats": {"hp": 216, "atk": 211, "def": 293, "spa": 211, "spd": 293, "spe": 129}}, "Sandy Shocks": {"name": "Sandy Shocks", "species": "Sandy Shocks", "speciesId": "sandyshocks", "gender": "N", "shiny": false, "level": 80, "moves": ["thunderbolt", "earthpower", "voltswitch", "thunderwave"], "ability": "Protosynthesis", "evs": {"hp": 85, "atk": 0, "def": 85, "spa": 85, "spd": 85, "spe": 85}, "ivs": {"hp": 31, "atk": 0, "def": 31, "spa": 31, "spd": 31, "spe": 31}, "item": "Heavy-Duty Boots", "teraType": "Electric", "role": "Fast Support", "bvs": {"hp": 85, "atk": 81, "def": 97, "spa": 121, "spd": 85, "spe": 101}, "stats": {"hp": 267, "atk": 134, "def": 201, "spa": 240, "spd": 182, "spe": 208}}, "Hitmonlee": {"name": "Hitmonlee", "species": "Hitmonlee", "speciesId": "hitmonlee", "gender": "M", "shiny": false, "level": 85, "moves": ["poisonjab", "highjumpkick", "knockoff", "machpunch"], "ability": "Reckless", "evs": {"hp": 81, "atk": 85, "def": 85, "spa": 85, "spd": 85, "spe": 85}, "ivs": {"hp": 31, "atk": 31, "def": 31, "spa": 31, "spd": 31, "spe": 31}, "item": "Choice Band", "teraType": "Fighting", "role": "Fast Attacker", "bvs": {"hp": 50, "atk": 120, "def": 53, "spa": 35, "spd": 110, "spe": 87}, "stats": {"hp": 223, "atk": 253, "def": 139, "spa": 108, "spd": 236, "spe": 197}}, "Slaking": {"name": "Slaking", "species": "Slaking", "speciesId": "slaking", "gender": "F", "shiny": false, "level": 84, "moves": ["doubleedge", "knockoff", "gigaimpact", "earthquake"], "ability": "Truant", "evs": {"hp": 85, "atk": 85, "def": 85, "spa": 85, "spd": 85, "spe": 85}, "ivs": {"hp": 31, "atk": 31, "def": 31, "spa": 31, "spd": 31, "spe": 31}, "item": "Choice Band", "teraType": "Ground", "role": "Wallbreaker", "bvs": {"hp": 150, "atk": 160, "def": 100, "spa": 95, "spd": 65, "spe": 100}, "stats": {"hp": 389, "atk": 317, "def": 216, "spa": 208, "spd": 157, "spe": 216}}, "Raikou": {"name": "Raikou", "species": "Raikou", "speciesId": "raikou", "gender": "N", "shiny": false, "level": 81, "moves": ["calmmind", "scald", "thunderbolt", "substitute"], "ability": "Pressure", "evs": {"hp": 85, "atk": 0, "def": 85, "spa": 85, "spd": 85, "spe": 85}, "ivs": {"hp": 31, "atk": 0, "def": 31, "spa": 31, "spd": 31, "spe": 31}, "item": "Leftovers", "teraType": "Water", "role": "Bulky Setup", "bvs": {"hp": 90, "atk": 85, "def": 75, "spa": 115, "spd": 100, "spe": 115}, "stats": {"hp": 278, "atk": 142, "def": 168, "spa": 233, "spd": 209, "spe": 233}}, "Spidops": {"name": "Spidops", "species": "Spidops", "speciesId": "spidops", "gender": "M", "shiny": false, "level": 96, "moves": ["stickyweb", "toxicspikes", "uturn", "knockoff"], "ability": "Stakeout", "evs": {"hp": 85, "atk": 85, "def": 85, "spa": 85, "spd": 85, "spe": 85}, "ivs": {"hp": 31, "atk": 31, "def": 31, "spa": 31, "spd": 31, "spe": 31}, "item": "Heavy-Duty Boots", "teraType": "Ghost", "role": "Bulky Support", "bvs": {"hp": 60, "atk": 79, "def": 92, "spa": 52, "spd": 86, "spe": 35}, "stats": {"hp": 271, "atk": 206, "def": 231, "spa": 154, "spd": 220, "spe": 122}}}]}