{"id": "gen9randombattle-2631722542", "format": "[Gen 9] Random Battle", "players": ["Harvester", "demoivrestheorem"], "log": "|j|\u2606Harvester\n|j|\u2606demoivrestheorem\n|t:|1781428639\n|gametype|singles\n|player|p1|Harvester|1|1976\n|player|p2|demoivrestheorem|richboy|1962\n|gen|9\n|tier|[Gen 9] Random Battle\n|rated|\n|rule|Species Clause: Limit one of each Pok\u00e9mon\n|rule|HP Percentage Mod: HP is shown in percentages\n|rule|Sleep Clause Mod: Limit one foe put to sleep\n|rule|Illusion Level Mod: Illusion disguises the Pok\u00e9mon's true level\n|\n|t:|1781428639\n|teamsize|p1|6\n|teamsize|p2|6\n|start\n|switch|p1a: Emboar|Emboar, L84, F|322/322\n|switch|p2a: Piloswine|Piloswine, L85, M|309/309\n|turn|1\n|inactive|Battle timer is ON: inactive players will automatically lose when time's up. (requested by demoivrestheorem)\n|\n|t:|1781428662\n|switch|p1a: Quagsire|Quagsire, L84, M|297/297\n|switch|p2a: Ampharos|Ampharos, L88, M|302/302\n|\n|upkeep\n|turn|2\n|\n|t:|1781428677\n|switch|p2a: Cacturne|Cacturne, L92, F|278/278\n|move|p1a: Quagsire|Toxic|p2a: Cacturne\n|-status|p2a: Cacturne|tox\n|\n|-damage|p2a: Cacturne|261/278 tox|[from] psn\n|upkeep\n|turn|3\n|\n|t:|1781428685\n|switch|p1a: Emboar|Emboar, L84, F|322/322\n|move|p2a: Cacturne|Knock Off|p1a: Emboar\n|-resisted|p1a: Emboar\n|-crit|p1a: Emboar\n|-damage|p1a: Emboar|150/322\n|-enditem|p1a: Emboar|Choice Scarf|[from] move: Knock Off|[of] p2a: Cacturne\n|-damage|p2a: Cacturne|234/278 tox|[from] item: Life Orb\n|\n|-damage|p2a: Cacturne|200/278 tox|[from] psn\n|upkeep\n|turn|4\n|\n|t:|1781428703\n|switch|p2a: Ampharos|Ampharos, L88, M|302/302\n|move|p1a: Emboar|Close Combat|p2a: Ampharos\n|-crit|p2a: Ampharos\n|-damage|p2a: Ampharos|85/302\n|-unboost|p1a: Emboar|def|1\n|-unboost|p1a: Emboar|spd|1\n|\n|upkeep\n|turn|5\n|\n|t:|1781428711\n|move|p1a: Emboar|Close Combat|p2a: Ampharos\n|-damage|p2a: Ampharos|0 fnt\n|-unboost|p1a: Emboar|def|1\n|-unboost|p1a: Emboar|spd|1\n|-status|p1a: Emboar|par|[from] ability: Static|[of] p2a: Ampharos\n|faint|p2a: Ampharos\n|\n|upkeep\n|\n|t:|1781428716\n|switch|p2a: Quaquaval|Quaquaval, L79, F|264/264\n|turn|6\n|\n|t:|1781428723\n|switch|p1a: Toxicroak|Toxicroak, L84, F|277/277\n|move|p2a: Quaquaval|Aqua Step|p1a: Toxicroak\n|-immune|p1a: Toxicroak|[from] ability: Dry Skin\n|\n|upkeep\n|turn|7\n|\n|t:|1781428733\n|switch|p2a: Victreebel|Victreebel, L90, F|290/290\n|move|p1a: Toxicroak|Swords Dance|p1a: Toxicroak\n|-boost|p1a: Toxicroak|atk|2\n|\n|upkeep\n|turn|8\n|\n|t:|1781428740\n|move|p1a: Toxicroak|Gunk Shot|p2a: Victreebel|[miss]\n|-miss|p1a: Toxicroak|p2a: Victreebel\n|move|p2a: Victreebel|Power Whip|p1a: Toxicroak\n|-resisted|p1a: Toxicroak\n|-damage|p1a: Toxicroak|152/277\n|-damage|p2a: Victreebel|261/290|[from] item: Life Orb\n|\n|upkeep\n|turn|9\n|\n|t:|1781428748\n|move|p2a: Victreebel|Sucker Punch|p1a: Toxicroak\n|-resisted|p1a: Toxicroak\n|-damage|p1a: Toxicroak|101/277\n|-damage|p2a: Victreebel|232/290|[from] item: Life Orb\n|move|p1a: Toxicroak|Gunk Shot|p2a: Victreebel|[miss]\n|-miss|p1a: Toxicroak|p2a: Victreebel\n|\n|upkeep\n|turn|10\n|\n|t:|1781428756\n|move|p1a: Toxicroak|Gunk Shot|p2a: Victreebel\n|-damage|p2a: Victreebel|0 fnt\n|faint|p2a: Victreebel\n|-damage|p1a: Toxicroak|74/277|[from] item: Life Orb\n|\n|upkeep\n|\n|t:|1781428761\n|switch|p2a: Cacturne|Cacturne, L92, F|200/278 tox\n|turn|11\n|\n|t:|1781428768\n|move|p2a: Cacturne|Sucker Punch|p1a: Toxicroak\n|-resisted|p1a: Toxicroak\n|-damage|p1a: Toxicroak|0 fnt\n|faint|p1a: Toxicroak\n|-damage|p2a: Cacturne|173/278 tox|[from] item: Life Orb\n|\n|-damage|p2a: Cacturne|156/278 tox|[from] psn\n|upkeep\n|\n|t:|1781428782\n|switch|p1a: Honchkrow|Honchkrow, L86, F|312/312\n|turn|12\n|\n|t:|1781428793\n|switch|p2a: Piloswine|Piloswine, L85, M|309/309\n|move|p1a: Honchkrow|Heat Wave|p2a: Piloswine\n|-supereffective|p2a: Piloswine\n|-damage|p2a: Piloswine|243/309\n|\n|upkeep\n|turn|13\n|\n|t:|1781428801\n|move|p1a: Honchkrow|U-turn|p2a: Piloswine\n|-damage|p2a: Piloswine|197/309\n|\n|t:|1781428804\n|switch|p1a: Emboar|Emboar, L84, F|150/322 par|[from] U-turn\n|move|p2a: Piloswine|Stealth Rock|p1a: Emboar\n|-sidestart|p1: Harvester|move: Stealth Rock\n|\n|upkeep\n|turn|14\n|\n|t:|1781428812\n|move|p2a: Piloswine|Earthquake|p1a: Emboar\n|-supereffective|p1a: Emboar\n|-damage|p1a: Emboar|0 fnt\n|faint|p1a: Emboar\n|\n|upkeep\n|\n|t:|1781428823\n|switch|p1a: Venusaur|Venusaur, L84, F|272/272\n|-damage|p1a: Venusaur|238/272|[from] Stealth Rock\n|turn|15\n|\n|t:|1781428829\n|switch|p2a: Cacturne|Cacturne, L92, F|156/278 tox\n|move|p1a: Venusaur|Sleep Powder|p2a: Cacturne\n|-immune|p2a: Cacturne\n|\n|-heal|p1a: Venusaur|255/272|[from] item: Leftovers\n|-damage|p2a: Cacturne|139/278 tox|[from] psn\n|upkeep\n|turn|16\n|\n|t:|1781428839\n|move|p2a: Cacturne|Sucker Punch|p1a: Venusaur\n|-damage|p1a: Venusaur|126/272\n|-damage|p2a: Cacturne|112/278 tox|[from] item: Life Orb\n|move|p1a: Venusaur|Sludge Bomb|p2a: Cacturne\n|-supereffective|p2a: Cacturne\n|-damage|p2a: Cacturne|0 fnt\n|faint|p2a: Cacturne\n|\n|-heal|p1a: Venusaur|143/272|[from] item: Leftovers\n|upkeep\n|\n|t:|1781428850\n|switch|p2a: Chansey|Chansey, L85, F|564/564\n|turn|17\n|\n|t:|1781428854\n|move|p1a: Venusaur|Knock Off|p2a: Chansey\n|-damage|p2a: Chansey|425/564\n|-enditem|p2a: Chansey|Eviolite|[from] move: Knock Off|[of] p1a: Venusaur\n|move|p2a: Chansey|Seismic Toss|p1a: Venusaur\n|-damage|p1a: Venusaur|58/272\n|\n|-heal|p1a: Venusaur|75/272|[from] item: Leftovers\n|upkeep\n|turn|18\n|\n|t:|1781428879\n|move|p1a: Venusaur|Synthesis|p1a: Venusaur\n|-heal|p1a: Venusaur|211/272\n|move|p2a: Chansey|Seismic Toss|p1a: Venusaur\n|-damage|p1a: Venusaur|126/272\n|\n|-heal|p1a: Venusaur|143/272|[from] item: Leftovers\n|upkeep\n|turn|19\n|\n|t:|1781428887\n|move|p1a: Venusaur|Sleep Powder|p2a: Chansey\n|-status|p2a: Chansey|slp|[from] move: Sleep Powder\n|cant|p2a: Chansey|slp\n|\n|-heal|p1a: Venusaur|160/272|[from] item: Leftovers\n|upkeep\n|turn|20\n|\n|t:|1781428896\n|-curestatus|p2a: Chansey|slp|[from] ability: Natural Cure|[silent]\n|switch|p2a: Piloswine|Piloswine, L85, M|197/309\n|move|p1a: Venusaur|Synthesis|p1a: Venusaur\n|-heal|p1a: Venusaur|272/272\n|\n|upkeep\n|turn|21\n|\n|t:|1781428905\n|move|p1a: Venusaur|Sleep Powder|p2a: Piloswine\n|-status|p2a: Piloswine|slp|[from] move: Sleep Powder\n|cant|p2a: Piloswine|slp\n|\n|upkeep\n|turn|22\n|\n|t:|1781428911\n|switch|p2a: Chansey|Chansey, L85, F|425/564\n|move|p1a: Venusaur|Knock Off|p2a: Chansey\n|-damage|p2a: Chansey|284/564\n|\n|upkeep\n|turn|23\n|\n|t:|1781428918\n|move|p1a: Venusaur|Sleep Powder|p2a: Chansey\n|-message|Sleep Clause Mod activated.\n|-hint|Sleep Clause Mod prevents players from putting more than one of their opponent's Pok\u00e9mon to sleep at a time\n|move|p2a: Chansey|Thunder Wave|p1a: Venusaur\n|-status|p1a: Venusaur|par\n|\n|upkeep\n|turn|24\n|\n|t:|1781428935\n|switch|p1a: Quagsire|Quagsire, L84, M|297/297\n|-damage|p1a: Quagsire|279/297|[from] Stealth Rock\n|move|p2a: Chansey|Soft-Boiled|p2a: Chansey\n|-heal|p2a: Chansey|564/564\n|\n|-heal|p1a: Quagsire|297/297|[from] item: Leftovers\n|upkeep\n|turn|25\n|\n|t:|1781428963\n|move|p2a: Chansey|Seismic Toss|p1a: Quagsire\n|-damage|p1a: Quagsire|212/297\n|move|p1a: Quagsire|Earthquake|p2a: Chansey\n|-damage|p2a: Chansey|215/564\n|\n|-heal|p1a: Quagsire|230/297|[from] item: Leftovers\n|upkeep\n|turn|26\n|\n|t:|1781428975\n|move|p2a: Chansey|Seismic Toss|p1a: Quagsire\n|-damage|p1a: Quagsire|145/297\n|move|p1a: Quagsire|Recover|p1a: Quagsire\n|-heal|p1a: Quagsire|294/297\n|\n|-heal|p1a: Quagsire|297/297|[from] item: Leftovers\n|upkeep\n|turn|27\n|\n|t:|1781428984\n|switch|p2a: Piloswine|Piloswine, L85, M|197/309 slp\n|move|p1a: Quagsire|Earthquake|p2a: Piloswine\n|-damage|p2a: Piloswine|127/309 slp\n|\n|upkeep\n|turn|28\n|\n|t:|1781429013\n|switch|p1a: Honchkrow|Honchkrow, L86, F|312/312\n|cant|p2a: Piloswine|slp\n|\n|upkeep\n|turn|29\n|\n|t:|1781429020\n|move|p1a: Honchkrow|Brave Bird|p2a: Piloswine\n|-damage|p2a: Piloswine|21/309 slp\n|-damage|p1a: Honchkrow|277/312|[from] Recoil\n|cant|p2a: Piloswine|slp\n|\n|upkeep\n|turn|30\n|\n|t:|1781429028\n|move|p1a: Honchkrow|Brave Bird|p2a: Piloswine\n|-damage|p2a: Piloswine|0 fnt\n|faint|p2a: Piloswine\n|-ability|p1a: Honchkrow|Moxie|boost\n|-boost|p1a: Honchkrow|atk|1\n|-damage|p1a: Honchkrow|270/312|[from] Recoil\n|\n|upkeep\n|\n|t:|1781429031\n|switch|p2a: Quaquaval|Quaquaval, L79, F|264/264\n|turn|31\n|\n|t:|1781429045\n|-terastallize|p1a: Honchkrow|Flying\n|move|p2a: Quaquaval|Triple Axel|p1a: Honchkrow\n|-supereffective|p1a: Honchkrow\n|-damage|p1a: Honchkrow|206/312\n|-supereffective|p1a: Honchkrow\n|-damage|p1a: Honchkrow|92/312\n|-supereffective|p1a: Honchkrow\n|-damage|p1a: Honchkrow|0 fnt\n|faint|p1a: Honchkrow\n|-ability|p2a: Quaquaval|Moxie|boost\n|-boost|p2a: Quaquaval|atk|1\n|-hitcount|p1: Honchkrow|3\n|\n|upkeep\n|\n|t:|1781429061\n|switch|p1a: Articuno|Articuno, L86|295/295\n|-ability|p1a: Articuno|Pressure\n|turn|32\n|\n|t:|1781429066\n|move|p1a: Articuno|Brave Bird|p2a: Quaquaval\n|-supereffective|p2a: Quaquaval\n|-damage|p2a: Quaquaval|0 fnt\n|faint|p2a: Quaquaval\n|-damage|p1a: Articuno|208/295|[from] Recoil\n|\n|upkeep\n|\n|t:|1781429069\n|switch|p2a: Chansey|Chansey, L85, F|215/564\n|turn|33\n|\n|t:|1781429075\n|move|p1a: Articuno|Brave Bird|p2a: Chansey\n|-damage|p2a: Chansey|0 fnt\n|faint|p2a: Chansey\n|-damage|p1a: Articuno|137/295|[from] Recoil\n|\n|win|Harvester\n", "inputlog": ">version a8376a258c1d4662feba110a92103f3664a72141\n>start {\"formatid\":\"gen9randombattle\",\"seed\":\"sodium,f8236754b97b11acb3de0e70b213a9ad\",\"rated\":\"Rated battle\"}\n>player p1 {\"name\":\"Harvester\",\"avatar\":\"1\",\"rating\":1976,\"seed\":\"sodium,50fdcbfdcadb2f6706951c0a7af3d7f1\"}\n>player p2 {\"name\":\"demoivrestheorem\",\"avatar\":\"richboy\",\"rating\":1962,\"seed\":\"sodium,a4bb7b3cad7b8ff152950d4ab8691093\"}\n>p1 switch 5\n>p2 switch 3\n>p1 move toxic\n>p2 switch 2\n>p1 switch 5\n>p2 move knockoff\n>p1 move closecombat\n>p2 switch 2\n>p1 move closecombat\n>p2 move dazzlinggleam\n>p2 switch 6\n>p1 switch 3\n>p2 move aquastep\n>p1 move swordsdance\n>p2 switch 5\n>p1 move gunkshot\n>p2 move powerwhip\n>p1 move gunkshot\n>p2 move suckerpunch\n>p1 move gunkshot\n>p2 move powerwhip\n>p2 switch 2\n>p1 move closecombat\n>p2 move suckerpunch\n>p1 switch 4\n>p1 move heatwave\n>p2 switch 3\n>p1 move uturn\n>p2 move stealthrock\n>p1 switch 3\n>p1 move closecombat\n>p2 move earthquake\n>p1 switch 6\n>p1 move sleeppowder\n>p2 switch 3\n>p1 move sludgebomb\n>p2 move suckerpunch\n>p2 switch 4\n>p1 move knockoff\n>p2 move seismictoss\n>p1 move synthesis\n>p2 move seismictoss\n>p1 move sleeppowder\n>p2 move thunderwave\n>p1 move synthesis\n>p2 switch 3\n>p1 move sleeppowder\n>p2 move iciclecrash\n>p1 move knockoff\n>p2 switch 3\n>p1 move sleeppowder\n>p2 move thunderwave\n>p1 switch 5\n>p2 move softboiled\n>p1 move earthquake\n>p2 move seismictoss\n>p1 move recover\n>p2 move seismictoss\n>p1 move earthquake\n>p2 switch 3\n>p1 switch 3\n>p2 move iciclecrash\n>p1 move bravebird\n>p2 move iciclecrash\n>p1 move bravebird\n>p2 move iciclecrash\n>p2 switch 5\n>p1 move bravebird terastallize\n>p2 move tripleaxel\n>p1 switch 2\n>p1 move bravebird\n>p2 move tripleaxel\n>p2 switch 3\n>p1 move bravebird\n>p2 move softboiled", "uploadtime": 1781428641, "views": 5, "formatid": "gen9randombattle", "rating": null, "private": 0, "password": null, "player_dets": [{"name": "Harvester", "avatar": "1", "rating": 1976, "seed": "sodium,50fdcbfdcadb2f6706951c0a7af3d7f1"}, {"name": "demoivrestheorem", "avatar": "richboy", "rating": 1962, "seed": "sodium,a4bb7b3cad7b8ff152950d4ab8691093"}], "teams_full": [{"Emboar": {"name": "Emboar", "species": "Emboar", "speciesId": "emboar", "gender": "F", "shiny": false, "level": 84, "moves": ["wildcharge", "flareblitz", "closecombat", "headsmash"], "ability": "Reckless", "evs": {"hp": 85, "atk": 85, "def": 85, "spa": 85, "spd": 85, "spe": 85}, "ivs": {"hp": 31, "atk": 31, "def": 31, "spa": 31, "spd": 31, "spe": 31}, "item": "Choice Scarf", "teraType": "Fire", "role": "Fast Attacker", "bvs": {"hp": 110, "atk": 123, "def": 65, "spa": 100, "spd": 65, "spe": 65}, "stats": {"hp": 322, "atk": 255, "def": 157, "spa": 216, "spd": 157, "spe": 157}, "types": ["Fire", "Fighting"]}, "Articuno": {"name": "Articuno", "species": "Articuno", "speciesId": "articuno", "gender": "N", "shiny": false, "level": 86, "moves": ["freezedry", "haze", "bravebird", "roost"], "ability": "Pressure", "evs": {"hp": 85, "atk": 85, "def": 85, "spa": 85, "spd": 85, "spe": 85}, "ivs": {"hp": 31, "atk": 31, "def": 31, "spa": 31, "spd": 31, "spe": 31}, "item": "Heavy-Duty Boots", "teraType": "Steel", "role": "Bulky Support", "bvs": {"hp": 90, "atk": 85, "def": 100, "spa": 95, "spd": 125, "spe": 85}, "stats": {"hp": 295, "atk": 195, "def": 221, "spa": 213, "spd": 264, "spe": 195}, "types": ["Ice", "Flying"]}, "Toxicroak": {"name": "Toxicroak", "species": "Toxicroak", "speciesId": "toxicroak", "gender": "F", "shiny": false, "level": 84, "moves": ["earthquake", "closecombat", "gunkshot", "swordsdance"], "ability": "Dry Skin", "evs": {"hp": 85, "atk": 85, "def": 85, "spa": 85, "spd": 85, "spe": 85}, "ivs": {"hp": 31, "atk": 31, "def": 31, "spa": 31, "spd": 31, "spe": 31}, "item": "Life Orb", "teraType": "Dark", "role": "Setup Sweeper", "bvs": {"hp": 83, "atk": 106, "def": 65, "spa": 86, "spd": 65, "spe": 85}, "stats": {"hp": 277, "atk": 226, "def": 157, "spa": 193, "spd": 157, "spe": 191}, "types": ["Poison", "Fighting"]}, "Honchkrow": {"name": "Honchkrow", "species": "Honchkrow", "speciesId": "honchkrow", "gender": "F", "shiny": false, "level": 86, "moves": ["uturn", "suckerpunch", "heatwave", "bravebird"], "ability": "Moxie", "evs": {"hp": 85, "atk": 85, "def": 85, "spa": 85, "spd": 85, "spe": 85}, "ivs": {"hp": 31, "atk": 31, "def": 31, "spa": 31, "spd": 31, "spe": 31}, "item": "Heavy-Duty Boots", "teraType": "Flying", "role": "Fast Attacker", "bvs": {"hp": 100, "atk": 125, "def": 52, "spa": 105, "spd": 52, "spe": 71}, "stats": {"hp": 312, "atk": 264, "def": 139, "spa": 230, "spd": 139, "spe": 171}, "types": ["Dark", "Flying"]}, "Quagsire": {"name": "Quagsire", "species": "Quagsire", "speciesId": "quagsire", "gender": "M", "shiny": false, "level": 84, "moves": ["icebeam", "toxic", "recover", "earthquake"], "ability": "Unaware", "evs": {"hp": 85, "atk": 85, "def": 85, "spa": 85, "spd": 85, "spe": 85}, "ivs": {"hp": 31, "atk": 31, "def": 31, "spa": 31, "spd": 31, "spe": 31}, "item": "Leftovers", "teraType": "Poison", "role": "Bulky Support", "bvs": {"hp": 95, "atk": 85, "def": 85, "spa": 65, "spd": 65, "spe": 35}, "stats": {"hp": 297, "atk": 191, "def": 191, "spa": 157, "spd": 157, "spe": 107}, "types": ["Water", "Ground"]}, "Venusaur": {"name": "Venusaur", "species": "Venusaur", "speciesId": "venusaur", "gender": "F", "shiny": false, "level": 84, "moves": ["sludgebomb", "synthesis", "sleeppowder", "knockoff"], "ability": "Chlorophyll", "evs": {"hp": 85, "atk": 85, "def": 85, "spa": 85, "spd": 85, "spe": 85}, "ivs": {"hp": 31, "atk": 31, "def": 31, "spa": 31, "spd": 31, "spe": 31}, "item": "Leftovers", "teraType": "Dark", "role": "Bulky Attacker", "bvs": {"hp": 80, "atk": 82, "def": 83, "spa": 100, "spd": 100, "spe": 80}, "stats": {"hp": 272, "atk": 186, "def": 188, "spa": 216, "spd": 216, "spe": 183}, "types": ["Grass", "Poison"]}}, {"Piloswine": {"name": "Piloswine", "species": "Piloswine", "speciesId": "piloswine", "gender": "M", "shiny": false, "level": 85, "moves": ["roar", "iciclecrash", "stealthrock", "earthquake"], "ability": "Thick Fat", "evs": {"hp": 85, "atk": 85, "def": 85, "spa": 85, "spd": 85, "spe": 85}, "ivs": {"hp": 31, "atk": 31, "def": 31, "spa": 31, "spd": 31, "spe": 31}, "item": "Eviolite", "teraType": "Poison", "role": "Bulky Support", "bvs": {"hp": 100, "atk": 100, "def": 80, "spa": 60, "spd": 60, "spe": 50}, "stats": {"hp": 309, "atk": 219, "def": 185, "spa": 151, "spd": 151, "spe": 134}, "types": ["Ice", "Ground"]}, "Cacturne": {"name": "Cacturne", "species": "Cacturne", "speciesId": "cacturne", "gender": "F", "shiny": false, "level": 92, "moves": ["suckerpunch", "focusblast", "knockoff", "leafstorm"], "ability": "Water Absorb", "evs": {"hp": 85, "atk": 85, "def": 85, "spa": 85, "spd": 85, "spe": 85}, "ivs": {"hp": 31, "atk": 31, "def": 31, "spa": 31, "spd": 31, "spe": 31}, "item": "Life Orb", "teraType": "Dark", "role": "Wallbreaker", "bvs": {"hp": 70, "atk": 115, "def": 60, "spa": 115, "spd": 60, "spe": 55}, "stats": {"hp": 278, "atk": 264, "def": 163, "spa": 264, "spd": 163, "spe": 154}, "types": ["Grass", "Dark"]}, "Ampharos": {"name": "Ampharos", "species": "Ampharos", "speciesId": "ampharos", "gender": "M", "shiny": false, "level": 88, "moves": ["thunderbolt", "dazzlinggleam", "voltswitch", "focusblast"], "ability": "Static", "evs": {"hp": 85, "atk": 0, "def": 85, "spa": 85, "spd": 85, "spe": 85}, "ivs": {"hp": 31, "atk": 0, "def": 31, "spa": 31, "spd": 31, "spe": 31}, "item": "Choice Specs", "teraType": "Fairy", "role": "Wallbreaker", "bvs": {"hp": 90, "atk": 75, "def": 85, "spa": 115, "spd": 90, "spe": 55}, "stats": {"hp": 302, "atk": 137, "def": 200, "spa": 253, "spd": 209, "spe": 147}, "types": ["Electric"]}, "Chansey": {"name": "Chansey", "species": "Chansey", "speciesId": "chansey", "gender": "F", "shiny": false, "level": 85, "moves": ["softboiled", "healbell", "seismictoss", "thunderwave"], "ability": "Natural Cure", "evs": {"hp": 85, "atk": 0, "def": 85, "spa": 85, "spd": 85, "spe": 85}, "ivs": {"hp": 31, "atk": 0, "def": 31, "spa": 31, "spd": 31, "spe": 31}, "item": "Eviolite", "teraType": "Ghost", "role": "Bulky Support", "bvs": {"hp": 250, "atk": 5, "def": 5, "spa": 35, "spd": 105, "spe": 50}, "stats": {"hp": 564, "atk": 13, "def": 57, "spa": 108, "spd": 227, "spe": 134}, "types": ["Normal"]}, "Victreebel": {"name": "Victreebel", "species": "Victreebel", "speciesId": "victreebel", "gender": "F", "shiny": false, "level": 90, "moves": ["suckerpunch", "powerwhip", "swordsdance", "poisonjab"], "ability": "Chlorophyll", "evs": {"hp": 85, "atk": 85, "def": 85, "spa": 85, "spd": 85, "spe": 85}, "ivs": {"hp": 31, "atk": 31, "def": 31, "spa": 31, "spd": 31, "spe": 31}, "item": "Life Orb", "teraType": "Dark", "role": "Setup Sweeper", "bvs": {"hp": 80, "atk": 105, "def": 65, "spa": 100, "spd": 70, "spe": 70}, "stats": {"hp": 290, "atk": 240, "def": 168, "spa": 231, "spd": 177, "spe": 177}, "types": ["Grass", "Poison"]}, "Quaquaval": {"name": "Quaquaval", "species": "Quaquaval", "speciesId": "quaquaval", "gender": "F", "shiny": false, "level": 79, "moves": ["closecombat", "aquastep", "tripleaxel", "knockoff"], "ability": "Moxie", "evs": {"hp": 85, "atk": 85, "def": 85, "spa": 85, "spd": 85, "spe": 85}, "ivs": {"hp": 31, "atk": 31, "def": 31, "spa": 31, "spd": 31, "spe": 31}, "item": "Choice Band", "teraType": "Fighting", "role": "Wallbreaker", "bvs": {"hp": 85, "atk": 120, "def": 80, "spa": 85, "spd": 75, "spe": 85}, "stats": {"hp": 264, "atk": 235, "def": 172, "spa": 180, "spd": 164, "spe": 180}, "types": ["Water", "Fighting"]}}]}