{"id": "gen9randombattle-2631387084", "format": "[Gen 9] Random Battle", "players": ["cococem", "fashionstar510"], "log": "|j|\u2606cococem\n|j|\u203dfashionstar510\n|t:|1781378612\n|gametype|singles\n|player|p1|cococem|baker|2111\n|player|p2|fashionstar510|169|2205\n|gen|9\n|tier|[Gen 9] Random Battle\n|rated|\n|rule|Species Clause: Limit one of each Pok\u00e9mon\n|rule|HP Percentage Mod: HP is shown in percentages\n|rule|Sleep Clause Mod: Limit one foe put to sleep\n|rule|Illusion Level Mod: Illusion disguises the Pok\u00e9mon's true level\n|\n|t:|1781378612\n|teamsize|p1|6\n|teamsize|p2|6\n|start\n|switch|p1a: Sneasler|Sneasler, L74, F|240/240\n|switch|p2a: Ho-Oh|Ho-Oh, L71|268/268\n|turn|1\n|\n|t:|1781378620\n|switch|p1a: Excadrill|Excadrill, L79, M|303/303\n|-ability|p1a: Excadrill|Mold Breaker\n|move|p2a: Ho-Oh|Brave Bird|p1a: Excadrill\n|-resisted|p1a: Excadrill\n|-damage|p1a: Excadrill|228/303\n|-damage|p2a: Ho-Oh|243/268|[from] Recoil\n|\n|upkeep\n|turn|2\n|\n|t:|1781378624\n|switch|p2a: Dipplin|Dipplin, L88, M|284/284\n|move|p1a: Excadrill|Rock Slide|p2a: Dipplin\n|-damage|p2a: Dipplin|249/284\n|\n|upkeep\n|turn|3\n|inactive|Battle timer is ON: inactive players will automatically lose when time's up. (requested by fashionstar510)\n|\n|t:|1781378633\n|switch|p1a: Froslass|Froslass, L87, F|263/263\n|move|p2a: Dipplin|Dragon Tail|p1a: Froslass\n|-damage|p1a: Froslass|193/263\n|drag|p1a: Iron Valiant|Iron Valiant, L78|244/244\n|\n|upkeep\n|turn|4\n|\n|t:|1781378642\n|switch|p2a: Munkidori|Munkidori, L79, M|269/269\n|move|p1a: Iron Valiant|Knock Off|p2a: Munkidori\n|-supereffective|p2a: Munkidori\n|-damage|p2a: Munkidori|14/269\n|-enditem|p2a: Munkidori|Choice Specs|[from] move: Knock Off|[of] p1a: Iron Valiant\n|-damage|p1a: Iron Valiant|220/244|[from] item: Life Orb\n|\n|upkeep\n|turn|5\n|\n|t:|1781378648\n|move|p1a: Iron Valiant|Knock Off|p2a: Munkidori\n|-supereffective|p2a: Munkidori\n|-damage|p2a: Munkidori|0 fnt\n|faint|p2a: Munkidori\n|-damage|p1a: Iron Valiant|196/244|[from] item: Life Orb\n|\n|upkeep\n|\n|t:|1781378651\n|switch|p2a: Ho-Oh|Ho-Oh, L71|268/268\n|turn|6\n|\n|t:|1781378654\n|move|p1a: Iron Valiant|Knock Off|p2a: Ho-Oh\n|-damage|p2a: Ho-Oh|158/268\n|-enditem|p2a: Ho-Oh|Heavy-Duty Boots|[from] move: Knock Off|[of] p1a: Iron Valiant\n|-damage|p1a: Iron Valiant|172/244|[from] item: Life Orb\n|move|p2a: Ho-Oh|Sacred Fire|p1a: Iron Valiant|[miss]\n|-miss|p2a: Ho-Oh|p1a: Iron Valiant\n|\n|upkeep\n|turn|7\n|\n|t:|1781378658\n|move|p1a: Iron Valiant|Close Combat|p2a: Ho-Oh\n|-resisted|p2a: Ho-Oh\n|-crit|p2a: Ho-Oh\n|-damage|p2a: Ho-Oh|3/268\n|-unboost|p1a: Iron Valiant|def|1\n|-unboost|p1a: Iron Valiant|spd|1\n|-damage|p1a: Iron Valiant|148/244|[from] item: Life Orb\n|move|p2a: Ho-Oh|Sacred Fire|p1a: Iron Valiant\n|-damage|p1a: Iron Valiant|0 fnt\n|faint|p1a: Iron Valiant\n|-end|p1a: Iron Valiant|Quark Drive|[silent]\n|\n|upkeep\n|\n|t:|1781378659\n|switch|p1a: Froslass|Froslass, L87, F|193/263\n|turn|8\n|\n|t:|1781378665\n|switch|p2a: Primarina|Primarina, L83, F|268/268\n|move|p1a: Froslass|Triple Axel|p2a: Primarina\n|-resisted|p2a: Primarina\n|-damage|p2a: Primarina|256/268\n|-resisted|p2a: Primarina\n|-damage|p2a: Primarina|235/268\n|-resisted|p2a: Primarina\n|-crit|p2a: Primarina\n|-damage|p2a: Primarina|188/268\n|-hitcount|p2a: Primarina|3\n|\n|-heal|p2a: Primarina|204/268|[from] item: Leftovers\n|upkeep\n|turn|9\n|\n|t:|1781378670\n|move|p1a: Froslass|Poltergeist|p2a: Primarina\n|-activate|p2a: Primarina|move: Poltergeist|Leftovers\n|-damage|p2a: Primarina|92/268\n|move|p2a: Primarina|Sparkling Aria|p1a: Froslass\n|-crit|p1a: Froslass\n|-damage|p1a: Froslass|9/263\n|\n|-heal|p2a: Primarina|108/268|[from] item: Leftovers\n|upkeep\n|turn|10\n|\n|t:|1781378675\n|move|p1a: Froslass|Triple Axel|p2a: Primarina\n|-resisted|p2a: Primarina\n|-damage|p2a: Primarina|97/268\n|-resisted|p2a: Primarina\n|-damage|p2a: Primarina|73/268\n|-resisted|p2a: Primarina\n|-damage|p2a: Primarina|41/268\n|-hitcount|p2a: Primarina|3\n|move|p2a: Primarina|Draining Kiss|p1a: Froslass\n|-damage|p1a: Froslass|0 fnt\n|-heal|p2a: Primarina|48/268|[from] drain|[of] p1a: Froslass\n|faint|p1a: Froslass\n|\n|-heal|p2a: Primarina|64/268|[from] item: Leftovers\n|upkeep\n|\n|t:|1781378678\n|switch|p1a: Sneasler|Sneasler, L74, F|240/240\n|turn|11\n|\n|t:|1781378687\n|switch|p2a: Dipplin|Dipplin, L88, M|249/284\n|move|p1a: Sneasler|Swords Dance|p1a: Sneasler\n|-boost|p1a: Sneasler|atk|2\n|\n|upkeep\n|turn|12\n|\n|t:|1781378693\n|-terastallize|p2a: Dipplin|Steel\n|move|p1a: Sneasler|Gunk Shot|p2a: Dipplin\n|-immune|p2a: Dipplin\n|move|p2a: Dipplin|Dragon Tail|p1a: Sneasler\n|-damage|p1a: Sneasler|144/240\n|drag|p1a: Pikachu|Pikachu-Original, L93, M|216/216\n|\n|upkeep\n|turn|13\n|\n|t:|1781378704\n|switch|p1a: Dipplin|Dipplin, L88, M|284/284\n|move|p2a: Dipplin|Dragon Tail|p1a: Dipplin\n|-supereffective|p1a: Dipplin\n|-damage|p1a: Dipplin|216/284\n|drag|p1a: Sneasler|Sneasler, L74, F|144/240\n|\n|upkeep\n|turn|14\n|\n|t:|1781378711\n|move|p1a: Sneasler|Close Combat|p2a: Dipplin\n|-supereffective|p2a: Dipplin\n|-damage|p2a: Dipplin|115/284\n|-unboost|p1a: Sneasler|def|1\n|-unboost|p1a: Sneasler|spd|1\n|-enditem|p1a: Sneasler|White Herb\n|-clearnegativeboost|p1a: Sneasler|[silent]\n|move|p2a: Dipplin|Dragon Tail|p1a: Sneasler\n|-damage|p1a: Sneasler|50/240\n|drag|p1a: Excadrill|Excadrill, L79, M|228/303\n|-ability|p1a: Excadrill|Mold Breaker\n|\n|upkeep\n|turn|15\n|\n|t:|1781378716\n|switch|p2a: Primarina|Primarina, L83, F|64/268\n|move|p1a: Excadrill|Earthquake|p2a: Primarina\n|-damage|p2a: Primarina|0 fnt\n|faint|p2a: Primarina\n|\n|upkeep\n|\n|t:|1781378722\n|switch|p2a: Arceus|Arceus-Bug, L73|295/295\n|turn|16\n|\n|t:|1781378727\n|move|p2a: Arceus|Earth Power|p1a: Excadrill\n|-supereffective|p1a: Excadrill\n|-damage|p1a: Excadrill|132/303\n|-unboost|p1a: Excadrill|spd|1\n|move|p1a: Excadrill|Rock Slide|p2a: Arceus\n|-supereffective|p2a: Arceus\n|-damage|p2a: Arceus|191/295\n|\n|upkeep\n|turn|17\n|\n|t:|1781378735\n|switch|p1a: Dipplin|Dipplin, L88, M|216/284\n|move|p2a: Arceus|Judgment|p1a: Dipplin\n|-supereffective|p1a: Dipplin\n|-damage|p1a: Dipplin|58/284\n|\n|upkeep\n|turn|18\n|\n|t:|1781378737\n|move|p2a: Arceus|Judgment|p1a: Dipplin\n|-supereffective|p1a: Dipplin\n|-damage|p1a: Dipplin|0 fnt\n|faint|p1a: Dipplin\n|\n|upkeep\n|\n|t:|1781378739\n|switch|p1a: Pikachu|Pikachu-Original, L93, M|216/216\n|turn|19\n|\n|t:|1781378746\n|switch|p2a: Ho-Oh|Ho-Oh, L71|92/268\n|move|p1a: Pikachu|Volt Tackle|p2a: Ho-Oh\n|-supereffective|p2a: Ho-Oh\n|-damage|p2a: Ho-Oh|0 fnt\n|faint|p2a: Ho-Oh\n|-damage|p1a: Pikachu|186/216|[from] Recoil\n|\n|upkeep\n|\n|t:|1781378749\n|switch|p2a: Dipplin|Dipplin, L88, M, tera:Steel|115/284\n|turn|20\n|\n|t:|1781378752\n|switch|p1a: Excadrill|Excadrill, L79, M|132/303\n|-ability|p1a: Excadrill|Mold Breaker\n|move|p2a: Dipplin|Recover|p2a: Dipplin\n|-heal|p2a: Dipplin|257/284\n|\n|upkeep\n|turn|21\n|\n|t:|1781378756\n|switch|p2a: Arceus|Arceus-Bug, L73|191/295\n|move|p1a: Excadrill|Rapid Spin|p2a: Arceus\n|-damage|p2a: Arceus|155/295\n|-boost|p1a: Excadrill|spe|1\n|\n|upkeep\n|turn|22\n|\n|t:|1781378758\n|-terastallize|p1a: Excadrill|Grass\n|move|p1a: Excadrill|Rock Slide|p2a: Arceus\n|-supereffective|p2a: Arceus\n|-damage|p2a: Arceus|39/295\n|move|p2a: Arceus|Earth Power|p1a: Excadrill\n|-resisted|p1a: Excadrill\n|-damage|p1a: Excadrill|106/303\n|\n|upkeep\n|turn|23\n|\n|t:|1781378762\n|move|p1a: Excadrill|Earthquake|p2a: Arceus\n|-resisted|p2a: Arceus\n|-crit|p2a: Arceus\n|-damage|p2a: Arceus|0 fnt\n|faint|p2a: Arceus\n|\n|upkeep\n|\n|t:|1781378769\n|switch|p2a: Ariados|Ariados, L95, M|287/287\n|turn|24\n|\n|t:|1781378775\n|move|p1a: Excadrill|Rock Slide|p2a: Ariados\n|-supereffective|p2a: Ariados\n|-damage|p2a: Ariados|159/287\n|move|p2a: Ariados|Poison Jab|p1a: Excadrill\n|-supereffective|p1a: Excadrill\n|-damage|p1a: Excadrill|0 fnt\n|faint|p1a: Excadrill\n|\n|upkeep\n|\n|t:|1781378781\n|switch|p1a: Sneasler|Sneasler, L74, F|50/240\n|turn|25\n|\n|t:|1781378787\n|move|p1a: Sneasler|Acrobatics|p2a: Ariados\n|-supereffective|p2a: Ariados\n|-damage|p2a: Ariados|9/287\n|move|p2a: Ariados|Megahorn|p1a: Sneasler\n|-resisted|p1a: Sneasler\n|-damage|p1a: Sneasler|0 fnt\n|faint|p1a: Sneasler\n|\n|upkeep\n|\n|t:|1781378790\n|switch|p1a: Pikachu|Pikachu-Original, L93, M|186/216\n|turn|26\n|-message|cococem forfeited.\n|\n|win|fashionstar510\n", "inputlog": ">version a8376a258c1d4662feba110a92103f3664a72141\n>start {\"formatid\":\"gen9randombattle\",\"seed\":\"sodium,f7070bf6f2f6479fe7e9a5d0f837f9cc\",\"rated\":\"Rated battle\"}\n>player p1 {\"name\":\"cococem\",\"avatar\":\"baker\",\"rating\":2111,\"seed\":\"sodium,27f1886bb4aeb4aa12cf1d6f06588e52\"}\n>player p2 {\"name\":\"fashionstar510\",\"avatar\":\"169\",\"rating\":2205,\"seed\":\"sodium,a6cb6c5b47f8fccda4c2e0969733461e\"}\n>p1 switch 4\n>p2 move bravebird\n>p1 move rockslide\n>p2 switch 5\n>p1 switch 6\n>p2 move dragontail\n>p1 move knockoff\n>p2 switch 3\n>p1 move knockoff\n>p2 move sludgewave\n>p2 switch 5\n>p1 move knockoff\n>p2 move sacredfire\n>p1 move closecombat\n>p2 move sacredfire\n>p1 switch 3\n>p1 move tripleaxel\n>p2 switch 6\n>p1 move poltergeist\n>p2 move sparklingaria\n>p1 move tripleaxel\n>p2 move drainingkiss\n>p1 switch 4\n>p1 move swordsdance\n>p2 switch 3\n>p1 move gunkshot\n>p2 move dragontail terastallize\n>p1 switch 2\n>p2 move dragontail\n>p1 move closecombat\n>p2 move dragontail\n>p1 move earthquake\n>p2 switch 3\n>p2 switch 2\n>p1 move rockslide\n>p2 move earthpower\n>p1 switch 5\n>p2 move judgment\n>p1 move dragontail\n>p2 move judgment\n>p1 switch 2\n>p1 move volttackle\n>p2 switch 6\n>p2 switch 3\n>p1 switch 5\n>p2 move recover\n>p1 move rapidspin\n>p2 switch 6\n>p1 move rockslide terastallize\n>p2 move earthpower\n>p1 move earthquake\n>p2 move judgment\n>p2 switch 4\n>p1 move rockslide\n>p2 move poisonjab\n>p1 switch 6\n>p1 move acrobatics\n>p2 move megahorn\n>p1 switch 5\n>forcelose p1", "uploadtime": 1781378614, "views": 7, "formatid": "gen9randombattle", "rating": null, "private": 0, "password": null, "player_dets": [{"name": "cococem", "avatar": "baker", "rating": 2111, "seed": "sodium,27f1886bb4aeb4aa12cf1d6f06588e52"}, {"name": "fashionstar510", "avatar": "169", "rating": 2205, "seed": "sodium,a6cb6c5b47f8fccda4c2e0969733461e"}], "teams_full": [{"Sneasler": {"name": "Sneasler", "species": "Sneasler", "speciesId": "sneasler", "gender": "F", "shiny": false, "level": 74, "moves": ["closecombat", "acrobatics", "swordsdance", "gunkshot"], "ability": "Unburden", "evs": {"hp": 85, "atk": 85, "def": 85, "spa": 85, "spd": 85, "spe": 85}, "ivs": {"hp": 31, "atk": 31, "def": 31, "spa": 31, "spd": 31, "spe": 31}, "item": "White Herb", "teraType": "Flying", "role": "Setup Sweeper", "bvs": {"hp": 80, "atk": 130, "def": 60, "spa": 40, "spd": 80, "spe": 120}, "stats": {"hp": 240, "atk": 235, "def": 132, "spa": 102, "spd": 161, "spe": 221}}, "Dipplin": {"name": "Dipplin", "species": "Dipplin", "speciesId": "dipplin", "gender": "M", "shiny": false, "level": 88, "moves": ["dragonpulse", "gigadrain", "recover", "dragontail"], "ability": "Sticky Hold", "evs": {"hp": 85, "atk": 85, "def": 85, "spa": 85, "spd": 85, "spe": 85}, "ivs": {"hp": 31, "atk": 31, "def": 31, "spa": 31, "spd": 31, "spe": 31}, "item": "Eviolite", "teraType": "Steel", "role": "Bulky Attacker", "bvs": {"hp": 80, "atk": 80, "def": 110, "spa": 95, "spd": 80, "spe": 40}, "stats": {"hp": 284, "atk": 191, "def": 244, "spa": 217, "spd": 191, "spe": 121}}, "Iron Valiant": {"name": "Iron Valiant", "species": "Iron Valiant", "speciesId": "ironvaliant", "gender": "N", "shiny": false, "level": 78, "moves": ["moonblast", "encore", "knockoff", "closecombat"], "ability": "Quark Drive", "evs": {"hp": 85, "atk": 85, "def": 85, "spa": 85, "spd": 85, "spe": 85}, "ivs": {"hp": 31, "atk": 31, "def": 31, "spa": 31, "spd": 31, "spe": 31}, "item": "Life Orb", "teraType": "Fighting", "role": "Wallbreaker", "bvs": {"hp": 74, "atk": 130, "def": 90, "spa": 120, "spd": 60, "spe": 116}, "stats": {"hp": 244, "atk": 248, "def": 185, "spa": 232, "spd": 139, "spe": 226}}, "Excadrill": {"name": "Excadrill", "species": "Excadrill", "speciesId": "excadrill", "gender": "M", "shiny": false, "level": 79, "moves": ["rapidspin", "ironhead", "earthquake", "rockslide"], "ability": "Mold Breaker", "evs": {"hp": 85, "atk": 85, "def": 85, "spa": 85, "spd": 85, "spe": 85}, "ivs": {"hp": 31, "atk": 31, "def": 31, "spa": 31, "spd": 31, "spe": 31}, "item": "Assault Vest", "teraType": "Grass", "role": "AV Pivot", "bvs": {"hp": 110, "atk": 135, "def": 60, "spa": 50, "spd": 65, "spe": 88}, "stats": {"hp": 303, "atk": 259, "def": 140, "spa": 125, "spd": 148, "spe": 185}}, "Pikachu": {"name": "Pikachu", "species": "Pikachu-Original", "speciesId": "pikachu", "gender": "M", "shiny": false, "level": 93, "moves": ["volttackle", "surf", "knockoff", "fakeout"], "ability": "Lightning Rod", "evs": {"hp": 85, "atk": 85, "def": 85, "spa": 85, "spd": 85, "spe": 85}, "ivs": {"hp": 31, "atk": 31, "def": 31, "spa": 31, "spd": 31, "spe": 31}, "item": "Light Ball", "teraType": "Water", "role": "Fast Attacker", "bvs": {"hp": 35, "atk": 55, "def": 40, "spa": 50, "spd": 50, "spe": 90}, "stats": {"hp": 216, "atk": 155, "def": 127, "spa": 146, "spd": 146, "spe": 220}}, "Froslass": {"name": "Froslass", "species": "Froslass", "speciesId": "froslass", "gender": "F", "shiny": false, "level": 87, "moves": ["poltergeist", "spikes", "tripleaxel", "willowisp"], "ability": "Cursed Body", "evs": {"hp": 81, "atk": 85, "def": 85, "spa": 85, "spd": 85, "spe": 85}, "ivs": {"hp": 31, "atk": 31, "def": 31, "spa": 31, "spd": 31, "spe": 31}, "item": "Wide Lens", "teraType": "Ice", "role": "Fast Support", "bvs": {"hp": 70, "atk": 80, "def": 70, "spa": 80, "spd": 70, "spe": 110}, "stats": {"hp": 263, "atk": 189, "def": 172, "spa": 189, "spd": 172, "spe": 241}}}, {"Ho-Oh": {"name": "Ho-Oh", "species": "Ho-Oh", "speciesId": "hooh", "gender": "N", "shiny": false, "level": 71, "moves": ["earthquake", "sacredfire", "bravebird", "recover"], "ability": "Regenerator", "evs": {"hp": 85, "atk": 85, "def": 85, "spa": 85, "spd": 85, "spe": 85}, "ivs": {"hp": 31, "atk": 31, "def": 31, "spa": 31, "spd": 31, "spe": 31}, "item": "Heavy-Duty Boots", "teraType": "Steel", "role": "Bulky Attacker", "bvs": {"hp": 106, "atk": 130, "def": 90, "spa": 110, "spd": 154, "spe": 90}, "stats": {"hp": 268, "atk": 226, "def": 169, "spa": 198, "spd": 260, "spe": 169}}, "Arceus": {"name": "Arceus", "species": "Arceus-Bug", "speciesId": "arceusbug", "gender": "N", "shiny": false, "level": 73, "moves": ["judgment", "recover", "calmmind", "earthpower"], "ability": "Multitype", "evs": {"hp": 81, "atk": 0, "def": 85, "spa": 85, "spd": 85, "spe": 85}, "ivs": {"hp": 31, "atk": 0, "def": 31, "spa": 31, "spd": 31, "spe": 31}, "item": "Insect Plate", "teraType": "Ground", "role": "Bulky Setup", "bvs": {"hp": 120, "atk": 120, "def": 120, "spa": 120, "spd": 120, "spe": 120}, "stats": {"hp": 295, "atk": 180, "def": 218, "spa": 218, "spd": 218, "spe": 218}}, "Munkidori": {"name": "Munkidori", "species": "Munkidori", "speciesId": "munkidori", "gender": "M", "shiny": false, "level": 79, "moves": ["sludgewave", "psyshock", "uturn", "focusblast"], "ability": "Toxic Chain", "evs": {"hp": 85, "atk": 85, "def": 85, "spa": 85, "spd": 85, "spe": 85}, "ivs": {"hp": 31, "atk": 31, "def": 31, "spa": 31, "spd": 31, "spe": 31}, "item": "Choice Specs", "teraType": "Fighting", "role": "Fast Attacker", "bvs": {"hp": 88, "atk": 75, "def": 66, "spa": 130, "spd": 90, "spe": 106}, "stats": {"hp": 269, "atk": 164, "def": 150, "spa": 251, "spd": 188, "spe": 213}}, "Ariados": {"name": "Ariados", "species": "Ariados", "speciesId": "ariados", "gender": "M", "shiny": false, "level": 95, "moves": ["stickyweb", "toxicspikes", "megahorn", "poisonjab"], "ability": "Insomnia", "evs": {"hp": 85, "atk": 85, "def": 85, "spa": 85, "spd": 85, "spe": 85}, "ivs": {"hp": 31, "atk": 31, "def": 31, "spa": 31, "spd": 31, "spe": 31}, "item": "Heavy-Duty Boots", "teraType": "Ghost", "role": "Fast Support", "bvs": {"hp": 70, "atk": 90, "def": 70, "spa": 60, "spd": 70, "spe": 40}, "stats": {"hp": 287, "atk": 225, "def": 187, "spa": 168, "spd": 187, "spe": 130}}, "Dipplin": {"name": "Dipplin", "species": "Dipplin", "speciesId": "dipplin", "gender": "M", "shiny": false, "level": 88, "moves": ["dragonpulse", "recover", "dragontail", "gigadrain"], "ability": "Sticky Hold", "evs": {"hp": 85, "atk": 85, "def": 85, "spa": 85, "spd": 85, "spe": 85}, "ivs": {"hp": 31, "atk": 31, "def": 31, "spa": 31, "spd": 31, "spe": 31}, "item": "Eviolite", "teraType": "Steel", "role": "Bulky Attacker", "bvs": {"hp": 80, "atk": 80, "def": 110, "spa": 95, "spd": 80, "spe": 40}, "stats": {"hp": 284, "atk": 191, "def": 244, "spa": 217, "spd": 191, "spe": 121}}, "Primarina": {"name": "Primarina", "species": "Primarina", "speciesId": "primarina", "gender": "F", "shiny": false, "level": 83, "moves": ["psychic", "calmmind", "drainingkiss", "sparklingaria"], "ability": "Torrent", "evs": {"hp": 85, "atk": 0, "def": 85, "spa": 85, "spd": 85, "spe": 85}, "ivs": {"hp": 31, "atk": 0, "def": 31, "spa": 31, "spd": 31, "spe": 31}, "item": "Leftovers", "teraType": "Poison", "role": "Bulky Attacker", "bvs": {"hp": 80, "atk": 74, "def": 74, "spa": 126, "spd": 116, "spe": 60}, "stats": {"hp": 268, "atk": 127, "def": 171, "spa": 257, "spd": 240, "spe": 147}}}]}