{"id": "gen9randombattle-2631419822", "format": "[Gen 9] Random Battle", "players": ["nocomment3", "napoliones"], "log": "|j|\u2606nocomment3\n|j|\u2606napoliones\n|t:|1781382434\n|gametype|singles\n|player|p1|nocomment3|2|2034\n|player|p2|napoliones|101|2021\n|gen|9\n|tier|[Gen 9] Random Battle\n|rated|\n|rule|Species Clause: Limit one of each Pok\u00e9mon\n|rule|HP Percentage Mod: HP is shown in percentages\n|rule|Sleep Clause Mod: Limit one foe put to sleep\n|rule|Illusion Level Mod: Illusion disguises the Pok\u00e9mon's true level\n|\n|t:|1781382434\n|teamsize|p1|6\n|teamsize|p2|6\n|start\n|switch|p1a: Garganacl|Garganacl, L80, F|291/291\n|switch|p2a: Ursaluna|Ursaluna, L79, F|335/335\n|turn|1\n|inactive|Battle timer is ON: inactive players will automatically lose when time's up. (requested by napoliones)\n|c|\u2606napoliones|gl hf :)\n|\n|t:|1781382443\n|move|p2a: Ursaluna|Swords Dance|p2a: Ursaluna\n|-boost|p2a: Ursaluna|atk|2\n|move|p1a: Garganacl|Salt Cure|p2a: Ursaluna\n|-resisted|p2a: Ursaluna\n|-damage|p2a: Ursaluna|317/335\n|-start|p2a: Ursaluna|Salt Cure\n|\n|-damage|p2a: Ursaluna|276/335|[from] Salt Cure\n|-status|p2a: Ursaluna|brn|[from] item: Flame Orb\n|upkeep\n|turn|2\n|\n|t:|1781382453\n|move|p1a: Garganacl|Protect|p1a: Garganacl\n|-singleturn|p1a: Garganacl|Protect\n|move|p2a: Ursaluna|Swords Dance|p2a: Ursaluna\n|-boost|p2a: Ursaluna|atk|2\n|\n|-damage|p2a: Ursaluna|256/335 brn|[from] brn\n|-damage|p2a: Ursaluna|215/335 brn|[from] Salt Cure\n|upkeep\n|turn|3\n|\n|t:|1781382471\n|switch|p1a: Morpeko|Morpeko, L88, F|245/245\n|move|p2a: Ursaluna|Headlong Rush|p1a: Morpeko\n|-supereffective|p1a: Morpeko\n|-damage|p1a: Morpeko|0 fnt\n|-unboost|p2a: Ursaluna|def|1\n|-unboost|p2a: Ursaluna|spd|1\n|faint|p1a: Morpeko\n|\n|-damage|p2a: Ursaluna|195/335 brn|[from] brn\n|-damage|p2a: Ursaluna|154/335 brn|[from] Salt Cure\n|upkeep\n|\n|t:|1781382481\n|switch|p1a: Suicune|Suicune, L82|298/298\n|-ability|p1a: Suicune|Pressure\n|turn|4\n|\n|t:|1781382486\n|switch|p2a: Meganium|Meganium, L90, M|290/290\n|move|p1a: Suicune|Scald|p2a: Meganium\n|-resisted|p2a: Meganium\n|-damage|p2a: Meganium|260/290\n|-status|p2a: Meganium|brn\n|\n|-heal|p2a: Meganium|278/290 brn|[from] item: Leftovers\n|-damage|p2a: Meganium|260/290 brn|[from] brn\n|upkeep\n|turn|5\n|inactive|nocomment3 has 120 seconds left.\n|inactive|nocomment3 has 90 seconds left.\n|\n|t:|1781382575\n|switch|p1a: Ariados|Ariados, L95, F|287/287\n|move|p2a: Meganium|Knock Off|p1a: Ariados\n|-damage|p1a: Ariados|247/287\n|-enditem|p1a: Ariados|Heavy-Duty Boots|[from] move: Knock Off|[of] p2a: Meganium\n|\n|-heal|p2a: Meganium|278/290 brn|[from] item: Leftovers\n|-damage|p2a: Meganium|260/290 brn|[from] brn\n|upkeep\n|turn|6\n|\n|t:|1781382591\n|switch|p2a: Groudon|Groudon, L72|263/263\n|-weather|SunnyDay|[from] ability: Drought|[of] p2a: Groudon\n|move|p1a: Ariados|Sticky Web|p2a: Groudon\n|-sidestart|p2: napoliones|move: Sticky Web\n|\n|-weather|SunnyDay|[upkeep]\n|upkeep\n|turn|7\n|\n|t:|1781382605\n|switch|p1a: Stonjourner|Stonjourner, L91, M|330/330\n|move|p2a: Groudon|Stealth Rock|p1a: Stonjourner\n|-sidestart|p1: nocomment3|move: Stealth Rock\n|\n|-weather|SunnyDay|[upkeep]\n|upkeep\n|turn|8\n|\n|t:|1781382617\n|-terastallize|p1a: Stonjourner|Ground\n|move|p1a: Stonjourner|Earthquake|p2a: Groudon\n|-damage|p2a: Groudon|91/263\n|-damage|p1a: Stonjourner|297/330|[from] item: Life Orb\n|move|p2a: Groudon|Precipice Blades|p1a: Stonjourner\n|-damage|p1a: Stonjourner|215/330\n|\n|-weather|SunnyDay|[upkeep]\n|-heal|p2a: Groudon|107/263|[from] item: Leftovers\n|upkeep\n|turn|9\n|\n|t:|1781382626\n|move|p1a: Stonjourner|Earthquake|p2a: Groudon\n|-damage|p2a: Groudon|0 fnt\n|faint|p2a: Groudon\n|-damage|p1a: Stonjourner|182/330|[from] item: Life Orb\n|\n|-weather|SunnyDay|[upkeep]\n|upkeep\n|\n|t:|1781382642\n|switch|p2a: Ursaluna|Ursaluna, L79, F|154/335 brn\n|-activate|p2a: Ursaluna|move: Sticky Web\n|-unboost|p2a: Ursaluna|spe|1\n|turn|10\n|\n|t:|1781382649\n|move|p1a: Stonjourner|Earthquake|p2a: Ursaluna\n|-damage|p2a: Ursaluna|0 fnt\n|faint|p2a: Ursaluna\n|-damage|p1a: Stonjourner|149/330|[from] item: Life Orb\n|\n|-weather|none\n|upkeep\n|\n|t:|1781382659\n|switch|p2a: Ursaring|Ursaring, L84, M|288/288\n|-activate|p2a: Ursaring|move: Sticky Web\n|-unboost|p2a: Ursaring|spe|1\n|turn|11\n|\n|t:|1781382672\n|move|p1a: Stonjourner|Earthquake|p2a: Ursaring\n|-damage|p2a: Ursaring|131/288\n|-damage|p1a: Stonjourner|116/330|[from] item: Life Orb\n|move|p2a: Ursaring|Body Slam|p1a: Stonjourner\n|-damage|p1a: Stonjourner|34/330\n|\n|upkeep\n|turn|12\n|\n|t:|1781382680\n|switch|p2a: Meganium|Meganium, L90, M|260/290 brn\n|-activate|p2a: Meganium|move: Sticky Web\n|-unboost|p2a: Meganium|spe|1\n|move|p1a: Stonjourner|Heat Crash|p2a: Meganium\n|-supereffective|p2a: Meganium\n|-damage|p2a: Meganium|0 fnt\n|faint|p2a: Meganium\n|-damage|p1a: Stonjourner|1/330|[from] item: Life Orb\n|\n|upkeep\n|\n|t:|1781382683\n|switch|p2a: Ursaring|Ursaring, L84, M|131/288\n|-activate|p2a: Ursaring|move: Sticky Web\n|-unboost|p2a: Ursaring|spe|1\n|turn|13\n|\n|t:|1781382690\n|move|p1a: Stonjourner|Earthquake|p2a: Ursaring\n|-damage|p2a: Ursaring|0 fnt\n|faint|p2a: Ursaring\n|-damage|p1a: Stonjourner|0 fnt|[from] item: Life Orb\n|faint|p1a: Stonjourner\n|\n|upkeep\n|\n|t:|1781382700\n|switch|p1a: Amoonguss|Amoonguss, L82, M|321/321\n|switch|p2a: Dedenne|Dedenne, L88, M|261/261\n|-activate|p2a: Dedenne|move: Sticky Web\n|-unboost|p2a: Dedenne|spe|1\n|-damage|p1a: Amoonguss|281/321|[from] Stealth Rock\n|turn|14\n|-message|napoliones forfeited.\n|\n|win|nocomment3\n", "inputlog": ">version a8376a258c1d4662feba110a92103f3664a72141\n>start {\"formatid\":\"gen9randombattle\",\"seed\":\"sodium,6c3009813a2f5ce64385ae19141a9603\",\"rated\":\"Rated battle\"}\n>player p1 {\"name\":\"nocomment3\",\"avatar\":\"2\",\"rating\":2034,\"seed\":\"sodium,dbc6ea69a47627307c582f096458418f\"}\n>player p2 {\"name\":\"napoliones\",\"avatar\":\"101\",\"rating\":2021,\"seed\":\"sodium,e50b8f3bd1ef9ec661c2fa11c0684234\"}\n>chat \u2606napoliones|gl hf :)\n>p1 move saltcure\n>p2 move swordsdance\n>p1 move protect\n>p2 move swordsdance\n>p1 switch 3\n>p2 move headlongrush\n>p1 switch 2\n>p1 move scald\n>p2 switch 5\n>p1 switch 5\n>p2 move knockoff\n>p1 move stickyweb\n>p2 switch 6\n>p1 switch 4\n>p2 move stealthrock\n>p1 move earthquake terastallize\n>p2 move precipiceblades\n>p1 move earthquake\n>p2 move precipiceblades\n>p2 switch 5\n>p1 move earthquake\n>p2 move facade\n>p2 switch 3\n>p1 move earthquake\n>p2 move bodyslam\n>p1 move heatcrash\n>p2 switch 6\n>p2 switch 6\n>p1 move earthquake\n>p2 move earthquake\n>p1 switch 6\n>p2 switch 4\n>forcelose p2", "uploadtime": 1781382436, "views": 10, "formatid": "gen9randombattle", "rating": null, "private": 0, "password": null}