{"id": "gen9randombattle-2632001062", "format": "[Gen 9] Random Battle", "players": ["WhatEver2102", "ghostsgoghost"], "log": "|j|\u2606WhatEver2102\n|j|\u2606ghostsgoghost\n|t:|1781464603\n|gametype|singles\n|player|p1|WhatEver2102|juan|1997\n|player|p2|ghostsgoghost|volkner|2013\n|gen|9\n|tier|[Gen 9] Random Battle\n|rated|\n|rule|Species Clause: Limit one of each Pok\u00e9mon\n|rule|HP Percentage Mod: HP is shown in percentages\n|rule|Sleep Clause Mod: Limit one foe put to sleep\n|rule|Illusion Level Mod: Illusion disguises the Pok\u00e9mon's true level\n|\n|t:|1781464603\n|teamsize|p1|6\n|teamsize|p2|6\n|start\n|switch|p1a: Maushold|Maushold-Four, L76|238/238\n|switch|p2a: Typhlosion|Typhlosion-Hisui, L83, M|257/257\n|turn|1\n|\n|t:|1781464628\n|switch|p1a: Poliwrath|Poliwrath, L88, F|302/302\n|move|p2a: Typhlosion|Will-O-Wisp|p1a: Poliwrath\n|-status|p1a: Poliwrath|brn\n|\n|-damage|p1a: Poliwrath|284/302 brn|[from] brn\n|upkeep\n|turn|2\n|inactive|Battle timer is ON: inactive players will automatically lose when time's up. (requested by WhatEver2102)\n|\n|t:|1781464637\n|switch|p2a: Dragalge|Dragalge, L88, M|258/258\n|move|p1a: Poliwrath|Knock Off|p2a: Dragalge\n|-damage|p2a: Dragalge|223/258\n|-enditem|p2a: Dragalge|Assault Vest|[from] move: Knock Off|[of] p1a: Poliwrath\n|\n|-damage|p1a: Poliwrath|266/302 brn|[from] brn\n|upkeep\n|turn|3\n|inactive|WhatEver2102 has 120 seconds left.\n|\n|t:|1781464674\n|move|p1a: Poliwrath|Circle Throw|p2a: Dragalge\n|-resisted|p2a: Dragalge\n|-damage|p2a: Dragalge|208/258\n|drag|p2a: Typhlosion|Typhlosion-Hisui, L83, M|257/257\n|\n|-damage|p1a: Poliwrath|248/302 brn|[from] brn\n|upkeep\n|turn|4\n|\n|t:|1781464697\n|switch|p2a: Dragalge|Dragalge, L88, M|208/258\n|move|p1a: Poliwrath|Knock Off|p2a: Dragalge\n|-damage|p2a: Dragalge|184/258\n|\n|-damage|p1a: Poliwrath|230/302 brn|[from] brn\n|upkeep\n|turn|5\n|inactive|WhatEver2102 has 120 seconds left.\n|\n|t:|1781464714\n|move|p1a: Poliwrath|Liquidation|p2a: Dragalge\n|-resisted|p2a: Dragalge\n|-damage|p2a: Dragalge|162/258\n|-unboost|p2a: Dragalge|def|1\n|move|p2a: Dragalge|Sludge Wave|p1a: Poliwrath\n|-damage|p1a: Poliwrath|136/302 brn\n|\n|-damage|p1a: Poliwrath|118/302 brn|[from] brn\n|upkeep\n|turn|6\n|\n|t:|1781464720\n|move|p1a: Poliwrath|Close Combat|p2a: Dragalge\n|-resisted|p2a: Dragalge\n|-damage|p2a: Dragalge|116/258\n|-unboost|p1a: Poliwrath|def|1\n|-unboost|p1a: Poliwrath|spd|1\n|move|p2a: Dragalge|Sludge Wave|p1a: Poliwrath\n|-damage|p1a: Poliwrath|0 fnt\n|faint|p1a: Poliwrath\n|\n|upkeep\n|\n|t:|1781464725\n|switch|p1a: Mightyena|Mightyena, L96, F|290/290\n|-ability|p1a: Mightyena|Intimidate|boost\n|-unboost|p2a: Dragalge|atk|1\n|turn|7\n|\n|t:|1781464731\n|switch|p2a: Oinkologne|Oinkologne-F, L92, F|361/361\n|move|p1a: Mightyena|Crunch|p2a: Oinkologne\n|-damage|p2a: Oinkologne|250/361\n|\n|-heal|p2a: Oinkologne|272/361|[from] item: Leftovers\n|upkeep\n|turn|8\n|\n|t:|1781464740\n|move|p1a: Mightyena|Taunt|p2a: Oinkologne\n|-block|p2a: Oinkologne|ability: Aroma Veil|[of] p2a: Oinkologne\n|move|p2a: Oinkologne|Body Slam|p1a: Mightyena\n|-damage|p1a: Mightyena|191/290\n|\n|-heal|p1a: Mightyena|209/290|[from] item: Leftovers\n|-heal|p2a: Oinkologne|294/361|[from] item: Leftovers\n|upkeep\n|turn|9\n|inactive|WhatEver2102 has 120 seconds left.\n|\n|t:|1781464778\n|switch|p1a: Palossand|Palossand, L89, F|296/296\n|move|p2a: Oinkologne|Body Slam|p1a: Palossand\n|-immune|p1a: Palossand\n|\n|-heal|p2a: Oinkologne|316/361|[from] item: Leftovers\n|upkeep\n|turn|10\n|inactive|WhatEver2102 has 120 seconds left.\n|\n|t:|1781464794\n|switch|p2a: Furret|Furret, L94, F|312/312\n|-item|p1a: Palossand|Leftovers|[from] ability: Frisk|[of] p2a: Furret\n|move|p1a: Palossand|Sludge Bomb|p2a: Furret\n|-damage|p2a: Furret|228/312\n|\n|upkeep\n|turn|11\n|inactive|WhatEver2102 has 120 seconds left.\n|\n|t:|1781464807\n|switch|p1a: Mightyena|Mightyena, L96, F|209/290\n|-ability|p1a: Mightyena|Intimidate|boost\n|-unboost|p2a: Furret|atk|1\n|move|p2a: Furret|Tidy Up|p2a: Furret\n|-boost|p2a: Furret|atk|1\n|-boost|p2a: Furret|spe|1\n|\n|-heal|p1a: Mightyena|227/290|[from] item: Leftovers\n|upkeep\n|turn|12\n|\n|t:|1781464815\n|move|p2a: Furret|Brick Break|p1a: Mightyena\n|-supereffective|p1a: Mightyena\n|-damage|p1a: Mightyena|68/290\n|-damage|p2a: Furret|197/312|[from] item: Life Orb\n|move|p1a: Mightyena|Crunch|p2a: Furret\n|-damage|p2a: Furret|82/312\n|-unboost|p2a: Furret|def|1\n|\n|-heal|p1a: Mightyena|86/290|[from] item: Leftovers\n|upkeep\n|turn|13\n|\n|t:|1781464821\n|move|p1a: Mightyena|Sucker Punch|p2a: Furret\n|-damage|p2a: Furret|0 fnt\n|faint|p2a: Furret\n|\n|-heal|p1a: Mightyena|104/290|[from] item: Leftovers\n|upkeep\n|\n|t:|1781464827\n|switch|p2a: Dragalge|Dragalge, L88, M|116/258\n|turn|14\n|\n|t:|1781464838\n|move|p1a: Mightyena|Crunch|p2a: Dragalge\n|-damage|p2a: Dragalge|23/258\n|move|p2a: Dragalge|Sludge Wave|p1a: Mightyena\n|-damage|p1a: Mightyena|0 fnt\n|faint|p1a: Mightyena\n|\n|upkeep\n|\n|t:|1781464857\n|switch|p1a: Lilligant|Lilligant, L86, F|261/261\n|turn|15\n|\n|t:|1781464881\n|move|p1a: Lilligant|Alluring Voice|p2a: Dragalge\n|-damage|p2a: Dragalge|0 fnt\n|faint|p2a: Dragalge\n|-damage|p1a: Lilligant|235/261|[from] item: Life Orb\n|\n|upkeep\n|\n|t:|1781464895\n|switch|p2a: Typhlosion|Typhlosion-Hisui, L83, M|257/257\n|turn|16\n|\n|t:|1781464904\n|switch|p2a: Oinkologne|Oinkologne-F, L92, F|316/361\n|move|p1a: Lilligant|Sleep Powder|p2a: Oinkologne\n|-status|p2a: Oinkologne|slp|[from] move: Sleep Powder\n|\n|-heal|p2a: Oinkologne|338/361 slp|[from] item: Leftovers\n|upkeep\n|turn|17\n|\n|t:|1781464910\n|switch|p1a: Sudowoodo|Sudowoodo, L94, M|284/284\n|switch|p2a: Typhlosion|Typhlosion-Hisui, L83, M|257/257\n|\n|upkeep\n|turn|18\n|\n|t:|1781464920\n|move|p2a: Typhlosion|Will-O-Wisp|p1a: Sudowoodo\n|-status|p1a: Sudowoodo|brn\n|move|p1a: Sudowoodo|Head Smash|p2a: Typhlosion\n|-supereffective|p2a: Typhlosion\n|-damage|p2a: Typhlosion|43/257\n|\n|-damage|p1a: Sudowoodo|267/284 brn|[from] brn\n|upkeep\n|turn|19\n|\n|t:|1781464933\n|move|p2a: Typhlosion|Shadow Ball|p1a: Sudowoodo\n|-damage|p1a: Sudowoodo|149/284 brn\n|-unboost|p1a: Sudowoodo|spd|1\n|move|p1a: Sudowoodo|Earthquake|p2a: Typhlosion\n|-supereffective|p2a: Typhlosion\n|-damage|p2a: Typhlosion|0 fnt\n|faint|p2a: Typhlosion\n|\n|-heal|p1a: Sudowoodo|166/284 brn|[from] item: Leftovers\n|-damage|p1a: Sudowoodo|149/284 brn|[from] brn\n|upkeep\n|\n|t:|1781464937\n|switch|p2a: Deoxys|Deoxys, L74|196/196\n|-ability|p2a: Deoxys|Pressure\n|turn|20\n|\n|t:|1781464943\n|move|p1a: Sudowoodo|Sucker Punch|p2a: Deoxys\n|-supereffective|p2a: Deoxys\n|-damage|p2a: Deoxys|100/196\n|move|p2a: Deoxys|Psycho Boost|p1a: Sudowoodo\n|-damage|p1a: Sudowoodo|0 fnt\n|-unboost|p2a: Deoxys|spa|2\n|faint|p1a: Sudowoodo\n|-damage|p2a: Deoxys|81/196|[from] item: Life Orb\n|\n|upkeep\n|\n|t:|1781464953\n|switch|p1a: Lilligant|Lilligant, L86, F|235/261\n|turn|21\n|inactive|ghostsgoghost has 120 seconds left.\n|\n|t:|1781464987\n|move|p2a: Deoxys|Knock Off|p1a: Lilligant\n|-damage|p1a: Lilligant|125/261\n|-enditem|p1a: Lilligant|Life Orb|[from] move: Knock Off|[of] p2a: Deoxys\n|-damage|p2a: Deoxys|62/196|[from] item: Life Orb\n|move|p1a: Lilligant|Quiver Dance|p1a: Lilligant\n|-boost|p1a: Lilligant|spa|1\n|-boost|p1a: Lilligant|spd|1\n|-boost|p1a: Lilligant|spe|1\n|\n|upkeep\n|turn|22\n|inactive|ghostsgoghost has 120 seconds left.\n|\n|t:|1781465009\n|move|p1a: Lilligant|Petal Dance|p2a: Deoxys\n|-damage|p2a: Deoxys|0 fnt\n|faint|p2a: Deoxys\n|\n|upkeep\n|\n|t:|1781465022\n|switch|p2a: Oinkologne|Oinkologne-F, L92, F|338/361 slp\n|turn|23\n|\n|t:|1781465028\n|move|p1a: Lilligant|Petal Dance|p2a: Oinkologne|[from] lockedmove\n|-damage|p2a: Oinkologne|133/361 slp\n|cant|p2a: Oinkologne|slp\n|move|p2a: Oinkologne|Sleep Talk|p2a: Oinkologne\n|move|p2a: Oinkologne|Body Slam|p1a: Lilligant|[from] move: Sleep Talk\n|-damage|p1a: Lilligant|4/261\n|-status|p1a: Lilligant|par\n|\n|-heal|p2a: Oinkologne|155/361 slp|[from] item: Leftovers\n|upkeep\n|turn|24\n|inactive|ghostsgoghost has 120 seconds left.\n|\n|t:|1781465037\n|cant|p2a: Oinkologne|slp\n|move|p2a: Oinkologne|Sleep Talk|p2a: Oinkologne\n|move|p2a: Oinkologne|Body Slam|p1a: Lilligant|[from] move: Sleep Talk\n|-damage|p1a: Lilligant|0 fnt\n|faint|p1a: Lilligant\n|\n|-heal|p2a: Oinkologne|177/361 slp|[from] item: Leftovers\n|upkeep\n|\n|t:|1781465043\n|switch|p1a: Palossand|Palossand, L89, F|296/296\n|turn|25\n|\n|t:|1781465055\n|switch|p2a: Electivire|Electivire, L84, F|263/263\n|move|p1a: Palossand|Earth Power|p2a: Electivire\n|-supereffective|p2a: Electivire\n|-damage|p2a: Electivire|21/263\n|\n|upkeep\n|turn|26\n|\n|t:|1781465064\n|-terastallize|p2a: Electivire|Ice\n|move|p2a: Electivire|Ice Punch|p1a: Palossand\n|-supereffective|p1a: Palossand\n|-damage|p1a: Palossand|106/296\n|-damage|p2a: Electivire|0 fnt|[from] item: Life Orb\n|faint|p2a: Electivire\n|move|p1a: Palossand|Sludge Bomb|p2: Electivire|[notarget]\n|-fail|p1a: Palossand\n|\n|-heal|p1a: Palossand|124/296|[from] item: Leftovers\n|upkeep\n|-message|ghostsgoghost forfeited.\n|\n|win|WhatEver2102\n", "inputlog": ">version a8376a258c1d4662feba110a92103f3664a72141\n>start {\"formatid\":\"gen9randombattle\",\"seed\":\"sodium,5c9d6e3143a31bc95beaf986a835b62f\",\"rated\":\"Rated battle\"}\n>player p1 {\"name\":\"WhatEver2102\",\"avatar\":\"juan\",\"rating\":1997,\"seed\":\"sodium,edd858ad7cf4265037b499fc8f904c71\"}\n>player p2 {\"name\":\"ghostsgoghost\",\"avatar\":\"volkner\",\"rating\":2013,\"seed\":\"sodium,368acea1efb04050286920be4828ee55\"}\n>p1 switch 6\n>p2 move willowisp\n>p1 move knockoff\n>p2 switch 4\n>p1 move circlethrow\n>p2 move dragontail\n>p1 move knockoff\n>p2 switch 4\n>p1 move liquidation\n>p2 move sludgewave\n>p1 move closecombat\n>p2 move sludgewave\n>p1 switch 5\n>p1 move crunch\n>p2 switch 3\n>p1 move taunt\n>p2 move bodyslam\n>p1 switch 3\n>p2 move bodyslam\n>p1 move sludgebomb\n>p2 switch 5\n>p1 switch 3\n>p2 move tidyup\n>p1 move crunch\n>p2 move brickbreak\n>p1 move suckerpunch\n>p2 move doubleedge\n>p2 switch 3\n>p1 move crunch\n>p2 move sludgewave\n>p1 switch 4\n>p1 move alluringvoice\n>p2 move focusblast\n>p2 switch 4\n>p1 move sleeppowder\n>p2 switch 5\n>p1 switch 2\n>p2 switch 5\n>p1 move headsmash\n>p2 move willowisp\n>p1 move earthquake\n>p2 move shadowball\n>p2 switch 6\n>p1 move suckerpunch\n>p2 move psychoboost\n>p1 switch 2\n>p1 move quiverdance\n>p2 move knockoff\n>p1 move petaldance\n>p2 move superpower\n>p2 switch 5\n>p1 move petaldance\n>p2 move sleeptalk\n>p1 move petaldance\n>p2 move sleeptalk\n>p1 switch 3\n>p1 move earthpower\n>p2 switch 2\n>p1 move sludgebomb\n>p2 move icepunch terastallize\n>forcelose p2", "uploadtime": 1781464604, "views": 13, "formatid": "gen9randombattle", "rating": null, "private": 0, "password": null, "player_dets": [{"name": "WhatEver2102", "avatar": "juan", "rating": 1997, "seed": "sodium,edd858ad7cf4265037b499fc8f904c71"}, {"name": "ghostsgoghost", "avatar": "volkner", "rating": 2013, "seed": "sodium,368acea1efb04050286920be4828ee55"}], "teams_full": [{"Maushold": {"name": "Maushold", "species": "Maushold-Four", "speciesId": "maushold", "gender": "N", "shiny": false, "level": 76, "moves": ["populationbomb", "encore", "bite", "tidyup"], "ability": "Technician", "evs": {"hp": 85, "atk": 85, "def": 85, "spa": 85, "spd": 85, "spe": 85}, "ivs": {"hp": 31, "atk": 31, "def": 31, "spa": 31, "spd": 31, "spe": 31}, "item": "Wide Lens", "teraType": "Ghost", "role": "Setup Sweeper", "bvs": {"hp": 74, "atk": 75, "def": 70, "spa": 65, "spd": 75, "spe": 111}, "stats": {"hp": 238, "atk": 158, "def": 150, "spa": 143, "spd": 158, "spe": 213}}, "Sudowoodo": {"name": "Sudowoodo", "species": "Sudowoodo", "speciesId": "sudowoodo", "gender": "M", "shiny": false, "level": 94, "moves": ["headsmash", "stealthrock", "earthquake", "suckerpunch"], "ability": "Rock Head", "evs": {"hp": 85, "atk": 85, "def": 85, "spa": 85, "spd": 85, "spe": 85}, "ivs": {"hp": 31, "atk": 31, "def": 31, "spa": 31, "spd": 31, "spe": 31}, "item": "Leftovers", "teraType": "Rock", "role": "Bulky Attacker", "bvs": {"hp": 70, "atk": 100, "def": 115, "spa": 30, "spd": 65, "spe": 30}, "stats": {"hp": 284, "atk": 241, "def": 270, "spa": 110, "spd": 176, "spe": 110}}, "Palossand": {"name": "Palossand", "species": "Palossand", "speciesId": "palossand", "gender": "F", "shiny": false, "level": 89, "moves": ["sludgebomb", "shadowball", "shoreup", "earthpower"], "ability": "Water Compaction", "evs": {"hp": 85, "atk": 0, "def": 85, "spa": 85, "spd": 85, "spe": 85}, "ivs": {"hp": 31, "atk": 0, "def": 31, "spa": 31, "spd": 31, "spe": 31}, "item": "Leftovers", "teraType": "Poison", "role": "Bulky Support", "bvs": {"hp": 85, "atk": 75, "def": 110, "spa": 100, "spd": 75, "spe": 35}, "stats": {"hp": 296, "atk": 138, "def": 247, "spa": 229, "spd": 184, "spe": 113}}, "Lilligant": {"name": "Lilligant", "species": "Lilligant", "speciesId": "lilligant", "gender": "F", "shiny": false, "level": 86, "moves": ["alluringvoice", "sleeppowder", "quiverdance", "petaldance"], "ability": "Own Tempo", "evs": {"hp": 85, "atk": 0, "def": 85, "spa": 85, "spd": 85, "spe": 85}, "ivs": {"hp": 31, "atk": 0, "def": 31, "spa": 31, "spd": 31, "spe": 31}, "item": "Life Orb", "teraType": "Grass", "role": "Setup Sweeper", "bvs": {"hp": 70, "atk": 60, "def": 75, "spa": 110, "spd": 75, "spe": 90}, "stats": {"hp": 261, "atk": 108, "def": 178, "spa": 238, "spd": 178, "spe": 204}}, "Mightyena": {"name": "Mightyena", "species": "Mightyena", "speciesId": "mightyena", "gender": "F", "shiny": false, "level": 96, "moves": ["taunt", "suckerpunch", "crunch", "playrough"], "ability": "Intimidate", "evs": {"hp": 85, "atk": 85, "def": 85, "spa": 85, "spd": 85, "spe": 85}, "ivs": {"hp": 31, "atk": 31, "def": 31, "spa": 31, "spd": 31, "spe": 31}, "item": "Leftovers", "teraType": "Fairy", "role": "Bulky Attacker", "bvs": {"hp": 70, "atk": 90, "def": 70, "spa": 60, "spd": 60, "spe": 70}, "stats": {"hp": 290, "atk": 227, "def": 189, "spa": 170, "spd": 170, "spe": 189}}, "Poliwrath": {"name": "Poliwrath", "species": "Poliwrath", "speciesId": "poliwrath", "gender": "F", "shiny": false, "level": 88, "moves": ["knockoff", "liquidation", "circlethrow", "closecombat"], "ability": "Water Absorb", "evs": {"hp": 85, "atk": 85, "def": 85, "spa": 85, "spd": 85, "spe": 85}, "ivs": {"hp": 31, "atk": 31, "def": 31, "spa": 31, "spd": 31, "spe": 31}, "item": "Assault Vest", "teraType": "Dark", "role": "AV Pivot", "bvs": {"hp": 90, "atk": 95, "def": 95, "spa": 70, "spd": 90, "spe": 70}, "stats": {"hp": 302, "atk": 217, "def": 217, "spa": 173, "spd": 209, "spe": 173}}}, {"Typhlosion": {"name": "Typhlosion", "species": "Typhlosion-Hisui", "speciesId": "typhlosionhisui", "gender": "M", "shiny": false, "level": 83, "moves": ["fireblast", "calmmind", "shadowball", "willowisp"], "ability": "Blaze", "evs": {"hp": 85, "atk": 0, "def": 85, "spa": 85, "spd": 85, "spe": 85}, "ivs": {"hp": 31, "atk": 0, "def": 31, "spa": 31, "spd": 31, "spe": 31}, "item": "Heavy-Duty Boots", "teraType": "Fire", "role": "Fast Bulky Setup", "bvs": {"hp": 73, "atk": 84, "def": 78, "spa": 119, "spd": 85, "spe": 95}, "stats": {"hp": 257, "atk": 144, "def": 177, "spa": 245, "spd": 189, "spe": 205}}, "Electivire": {"name": "Electivire", "species": "Electivire", "speciesId": "electivire", "gender": "F", "shiny": false, "level": 84, "moves": ["knockoff", "icepunch", "supercellslam", "voltswitch"], "ability": "Motor Drive", "evs": {"hp": 85, "atk": 85, "def": 85, "spa": 85, "spd": 85, "spe": 85}, "ivs": {"hp": 31, "atk": 31, "def": 31, "spa": 31, "spd": 31, "spe": 31}, "item": "Life Orb", "teraType": "Ice", "role": "Fast Attacker", "bvs": {"hp": 75, "atk": 123, "def": 67, "spa": 95, "spd": 85, "spe": 95}, "stats": {"hp": 263, "atk": 255, "def": 161, "spa": 208, "spd": 191, "spe": 208}}, "Oinkologne": {"name": "Oinkologne", "species": "Oinkologne-F", "speciesId": "oinkolognef", "gender": "F", "shiny": false, "level": 92, "moves": ["bodyslam", "sleeptalk", "curse", "rest"], "ability": "Aroma Veil", "evs": {"hp": 85, "atk": 85, "def": 85, "spa": 85, "spd": 85, "spe": 85}, "ivs": {"hp": 31, "atk": 31, "def": 31, "spa": 31, "spd": 31, "spe": 31}, "item": "Leftovers", "teraType": "Fairy", "role": "Bulky Support", "bvs": {"hp": 115, "atk": 90, "def": 70, "spa": 59, "spd": 90, "spe": 65}, "stats": {"hp": 361, "atk": 218, "def": 181, "spa": 161, "spd": 218, "spe": 172}}, "Dragalge": {"name": "Dragalge", "species": "Dragalge", "speciesId": "dragalge", "gender": "M", "shiny": false, "level": 88, "moves": ["dracometeor", "dragontail", "focusblast", "sludgewave"], "ability": "Adaptability", "evs": {"hp": 85, "atk": 85, "def": 85, "spa": 85, "spd": 85, "spe": 85}, "ivs": {"hp": 31, "atk": 31, "def": 31, "spa": 31, "spd": 31, "spe": 31}, "item": "Assault Vest", "teraType": "Fighting", "role": "Bulky Attacker", "bvs": {"hp": 65, "atk": 75, "def": 90, "spa": 97, "spd": 123, "spe": 44}, "stats": {"hp": 258, "atk": 182, "def": 209, "spa": 221, "spd": 267, "spe": 128}}, "Furret": {"name": "Furret", "species": "Furret", "speciesId": "furret", "gender": "F", "shiny": false, "level": 94, "moves": ["brickbreak", "knockoff", "tidyup", "doubleedge"], "ability": "Frisk", "evs": {"hp": 85, "atk": 85, "def": 85, "spa": 85, "spd": 85, "spe": 85}, "ivs": {"hp": 31, "atk": 31, "def": 31, "spa": 31, "spd": 31, "spe": 31}, "item": "Life Orb", "teraType": "Normal", "role": "Setup Sweeper", "bvs": {"hp": 85, "atk": 76, "def": 64, "spa": 45, "spd": 55, "spe": 90}, "stats": {"hp": 312, "atk": 196, "def": 174, "spa": 138, "spd": 157, "spe": 223}}, "Deoxys": {"name": "Deoxys", "species": "Deoxys", "speciesId": "deoxys", "gender": "N", "shiny": false, "level": 74, "moves": ["superpower", "icebeam", "knockoff", "psychoboost"], "ability": "Pressure", "evs": {"hp": 85, "atk": 85, "def": 85, "spa": 85, "spd": 85, "spe": 85}, "ivs": {"hp": 31, "atk": 31, "def": 31, "spa": 31, "spd": 31, "spe": 31}, "item": "Life Orb", "teraType": "Psychic", "role": "Wallbreaker", "bvs": {"hp": 50, "atk": 150, "def": 50, "spa": 150, "spd": 50, "spe": 150}, "stats": {"hp": 196, "atk": 265, "def": 117, "spa": 265, "spd": 117, "spe": 265}}}]}