{"id": "gen9randombattle-2631518141", "format": "[Gen 9] Random Battle", "players": ["AcquiredWolf", "latias999999999"], "log": "|j|\u2606AcquiredWolf\n|j|\u2606latias999999999\n|t:|1781395538\n|gametype|singles\n|player|p1|AcquiredWolf|diantha|2092\n|player|p2|latias999999999|gardenia|2163\n|gen|9\n|tier|[Gen 9] Random Battle\n|rated|\n|rule|Species Clause: Limit one of each Pok\u00e9mon\n|rule|HP Percentage Mod: HP is shown in percentages\n|rule|Sleep Clause Mod: Limit one foe put to sleep\n|rule|Illusion Level Mod: Illusion disguises the Pok\u00e9mon's true level\n|\n|t:|1781395538\n|teamsize|p1|6\n|teamsize|p2|6\n|start\n|switch|p1a: Kilowattrel|Kilowattrel, L83, M|252/252\n|switch|p2a: Walking Wake|Walking Wake, L79|286/286\n|turn|1\n|inactive|Battle timer is ON: inactive players will automatically lose when time's up. (requested by AcquiredWolf)\n|\n|t:|1781395550\n|move|p1a: Kilowattrel|U-turn|p2a: Walking Wake\n|-crit|p2a: Walking Wake\n|-damage|p2a: Walking Wake|222/286\n|\n|t:|1781395569\n|switch|p1a: Oinkologne|Oinkologne-F, L92, F|361/361|[from] U-turn\n|move|p2a: Walking Wake|Draco Meteor|p1a: Oinkologne\n|-damage|p1a: Oinkologne|153/361\n|-unboost|p2a: Walking Wake|spa|2\n|\n|-heal|p1a: Oinkologne|175/361|[from] item: Leftovers\n|upkeep\n|turn|2\n|\n|t:|1781395589\n|-end|p2a: Walking Wake|Protosynthesis|[silent]\n|switch|p2a: Iron Bundle|Iron Bundle, L78|215/215\n|move|p1a: Oinkologne|Curse|p1a: Oinkologne\n|-unboost|p1a: Oinkologne|spe|1\n|-boost|p1a: Oinkologne|atk|1\n|-boost|p1a: Oinkologne|def|1\n|\n|-heal|p1a: Oinkologne|197/361|[from] item: Leftovers\n|upkeep\n|turn|3\n|\n|t:|1781395600\n|move|p2a: Iron Bundle|Encore|p1a: Oinkologne\n|-block|p1a: Oinkologne|ability: Aroma Veil|[of] p1a: Oinkologne\n|move|p1a: Oinkologne|Rest|p1a: Oinkologne\n|-status|p1a: Oinkologne|slp|[from] move: Rest\n|-heal|p1a: Oinkologne|361/361 slp|[silent]\n|\n|upkeep\n|turn|4\n|\n|t:|1781395614\n|-end|p2a: Iron Bundle|Quark Drive|[silent]\n|switch|p2a: Glimmora|Glimmora, L75, F|248/248\n|cant|p1a: Oinkologne|slp\n|move|p1a: Oinkologne|Sleep Talk|p1a: Oinkologne\n|move|p1a: Oinkologne|Curse|p1a: Oinkologne|[from] move: Sleep Talk\n|-unboost|p1a: Oinkologne|spe|1\n|-boost|p1a: Oinkologne|atk|1\n|-boost|p1a: Oinkologne|def|1\n|\n|upkeep\n|turn|5\n|\n|t:|1781395630\n|move|p2a: Glimmora|Meteor Beam||[still]\n|-prepare|p2a: Glimmora|Meteor Beam\n|-boost|p2a: Glimmora|spa|1\n|-enditem|p2a: Glimmora|Power Herb\n|-anim|p2a: Glimmora|Meteor Beam|p1a: Oinkologne\n|-damage|p1a: Oinkologne|189/361 slp\n|cant|p1a: Oinkologne|slp\n|move|p1a: Oinkologne|Sleep Talk|p1a: Oinkologne\n|move|p1a: Oinkologne|Body Slam|p2a: Glimmora|[from] move: Sleep Talk\n|-resisted|p2a: Glimmora\n|-damage|p2a: Glimmora|137/248\n|-activate|p2a: Glimmora|ability: Toxic Debris\n|-sidestart|p1: AcquiredWolf|move: Toxic Spikes\n|\n|-heal|p1a: Oinkologne|211/361 slp|[from] item: Leftovers\n|upkeep\n|turn|6\n|\n|t:|1781395648\n|move|p2a: Glimmora|Meteor Beam||[still]\n|-prepare|p2a: Glimmora|Meteor Beam\n|-boost|p2a: Glimmora|spa|1\n|-curestatus|p1a: Oinkologne|slp|[msg]\n|move|p1a: Oinkologne|Body Slam|p2a: Glimmora\n|-resisted|p2a: Glimmora\n|-damage|p2a: Glimmora|23/248\n|-status|p2a: Glimmora|par\n|-activate|p2a: Glimmora|ability: Toxic Debris\n|-sidestart|p1: AcquiredWolf|move: Toxic Spikes\n|\n|-heal|p1a: Oinkologne|233/361|[from] item: Leftovers\n|upkeep\n|turn|7\n|\n|t:|1781395661\n|move|p1a: Oinkologne|Body Slam|p2a: Glimmora\n|-resisted|p2a: Glimmora\n|-damage|p2a: Glimmora|0 fnt\n|faint|p2a: Glimmora\n|\n|-heal|p1a: Oinkologne|255/361|[from] item: Leftovers\n|upkeep\n|\n|t:|1781395677\n|switch|p2a: Walking Wake|Walking Wake, L79|222/286\n|turn|8\n|\n|t:|1781395686\n|move|p2a: Walking Wake|Hydro Pump|p1a: Oinkologne\n|-damage|p1a: Oinkologne|81/361\n|move|p1a: Oinkologne|Body Slam|p2a: Walking Wake\n|-damage|p2a: Walking Wake|0 fnt\n|faint|p2a: Walking Wake\n|-end|p2a: Walking Wake|Protosynthesis|[silent]\n|\n|-heal|p1a: Oinkologne|103/361|[from] item: Leftovers\n|upkeep\n|\n|t:|1781395704\n|switch|p2a: Goodra|Goodra-Hisui, L82, F|265/265\n|turn|9\n|\n|t:|1781395711\n|move|p2a: Goodra|Draco Meteor|p1a: Oinkologne\n|-damage|p1a: Oinkologne|0 fnt\n|-unboost|p2a: Goodra|spa|2\n|faint|p1a: Oinkologne\n|\n|upkeep\n|\n|t:|1781395735\n|switch|p1a: Infernape|Infernape, L82, M|259/259\n|-status|p1a: Infernape|tox\n|turn|10\n|\n|t:|1781395744\n|switch|p2a: Vespiquen|Vespiquen, L99, F|299/299\n|-ability|p2a: Vespiquen|Pressure\n|move|p1a: Infernape|Close Combat|p2a: Vespiquen\n|-resisted|p2a: Vespiquen\n|-damage|p2a: Vespiquen|270/299\n|-unboost|p1a: Infernape|def|1\n|-unboost|p1a: Infernape|spd|1\n|-damage|p1a: Infernape|234/259 tox|[from] item: Life Orb\n|\n|-damage|p1a: Infernape|218/259 tox|[from] psn\n|upkeep\n|turn|11\n|\n|t:|1781395760\n|move|p1a: Infernape|Overheat|p2a: Vespiquen\n|-supereffective|p2a: Vespiquen\n|-damage|p2a: Vespiquen|13/299\n|-unboost|p1a: Infernape|spa|2\n|-damage|p1a: Infernape|193/259 tox|[from] item: Life Orb\n|move|p2a: Vespiquen|Hurricane|p1a: Infernape\n|-supereffective|p1a: Infernape\n|-damage|p1a: Infernape|0 fnt\n|faint|p1a: Infernape\n|\n|upkeep\n|inactive|AcquiredWolf has 120 seconds left.\n|\n|t:|1781395788\n|switch|p1a: Kilowattrel|Kilowattrel, L83, M|252/252\n|turn|12\n|\n|t:|1781395794\n|move|p1a: Kilowattrel|Thunderbolt|p2a: Vespiquen\n|-supereffective|p2a: Vespiquen\n|-damage|p2a: Vespiquen|0 fnt\n|faint|p2a: Vespiquen\n|\n|upkeep\n|\n|t:|1781395797\n|switch|p2a: Goodra|Goodra-Hisui, L82, F|265/265\n|turn|13\n|\n|t:|1781395803\n|move|p1a: Kilowattrel|U-turn|p2a: Goodra\n|-resisted|p2a: Goodra\n|-damage|p2a: Goodra|246/265\n|\n|t:|1781395810\n|switch|p1a: Spiritomb|Spiritomb, L89, M|234/234|[from] U-turn\n|-status|p1a: Spiritomb|tox\n|move|p2a: Goodra|Dragon Tail|p1a: Spiritomb\n|-damage|p1a: Spiritomb|183/234 tox\n|drag|p1a: Kilowattrel|Kilowattrel, L83, M|252/252\n|\n|upkeep\n|turn|14\n|\n|t:|1781395821\n|move|p1a: Kilowattrel|U-turn|p2a: Goodra\n|-resisted|p2a: Goodra\n|-damage|p2a: Goodra|226/265\n|\n|t:|1781395826\n|switch|p1a: Spiritomb|Spiritomb, L89, M|183/234 tox|[from] U-turn\n|move|p2a: Goodra|Draco Meteor|p1a: Spiritomb\n|-damage|p1a: Spiritomb|68/234 tox\n|-unboost|p2a: Goodra|spa|2\n|\n|-heal|p1a: Spiritomb|82/234 tox|[from] item: Leftovers\n|-damage|p1a: Spiritomb|68/234 tox|[from] psn\n|upkeep\n|turn|15\n|\n|t:|1781395843\n|move|p2a: Goodra|Heavy Slam|p1a: Spiritomb\n|-damage|p1a: Spiritomb|0 fnt\n|faint|p1a: Spiritomb\n|\n|upkeep\n|\n|t:|1781395849\n|switch|p1a: Hawlucha|Hawlucha, L80, M|256/256\n|turn|16\n|\n|t:|1781395854\n|move|p1a: Hawlucha|Close Combat|p2a: Goodra\n|-supereffective|p2a: Goodra\n|-crit|p2a: Goodra\n|-damage|p2a: Goodra|0 fnt\n|-unboost|p1a: Hawlucha|def|1\n|-unboost|p1a: Hawlucha|spd|1\n|faint|p2a: Goodra\n|-enditem|p1a: Hawlucha|White Herb\n|-clearnegativeboost|p1a: Hawlucha|[silent]\n|\n|upkeep\n|\n|t:|1781395859\n|switch|p2a: Iron Bundle|Iron Bundle, L78|215/215\n|turn|17\n|\n|t:|1781395875\n|move|p1a: Hawlucha|Close Combat|p2a: Iron Bundle\n|-supereffective|p2a: Iron Bundle\n|-crit|p2a: Iron Bundle\n|-damage|p2a: Iron Bundle|0 fnt\n|-unboost|p1a: Hawlucha|def|1\n|-unboost|p1a: Hawlucha|spd|1\n|faint|p2a: Iron Bundle\n|-end|p2a: Iron Bundle|Quark Drive|[silent]\n|\n|upkeep\n|-message|latias999999999 forfeited.\n|\n|win|AcquiredWolf\n", "inputlog": ">version a8376a258c1d4662feba110a92103f3664a72141\n>start {\"formatid\":\"gen9randombattle\",\"seed\":\"sodium,9339f8fcc84477b18a7652215f578346\",\"rated\":\"Rated battle\"}\n>player p1 {\"name\":\"AcquiredWolf\",\"avatar\":\"diantha\",\"rating\":2092,\"seed\":\"sodium,1dac13dadf6eda5c74e8f4c37d82204e\"}\n>player p2 {\"name\":\"latias999999999\",\"avatar\":\"gardenia\",\"rating\":2163,\"seed\":\"sodium,f062338aa34130e2802effa871a893e6\"}\n>p1 move uturn\n>p2 move dracometeor\n>p1 switch 5\n>p1 move curse\n>p2 switch 5\n>p1 move rest\n>p2 move encore\n>p1 move sleeptalk\n>p2 switch 3\n>p1 move sleeptalk\n>p2 move meteorbeam\n>p1 move bodyslam\n>p2 move meteorbeam\n>p1 move bodyslam\n>p2 move meteorbeam\n>p2 switch 5\n>p1 move bodyslam\n>p2 move hydropump\n>p2 switch 2\n>p1 move rest\n>p2 move dracometeor\n>p1 switch 4\n>p1 move closecombat\n>p2 switch 4\n>p1 move overheat\n>p2 move hurricane\n>p1 switch 5\n>p1 move thunderbolt\n>p2 move uturn\n>p2 switch 4\n>p1 move uturn\n>p2 move dragontail\n>p1 switch 3\n>p1 move uturn\n>p2 move dracometeor\n>p1 switch 3\n>p1 move willowisp\n>p2 move heavyslam\n>p1 switch 6\n>p1 move closecombat\n>p2 move dragontail\n>p2 switch 3\n>p1 move closecombat\n>p2 move icebeam\n>forcelose p2", "uploadtime": 1781395540, "views": 7, "formatid": "gen9randombattle", "rating": null, "private": 0, "password": null, "player_dets": [{"name": "AcquiredWolf", "avatar": "diantha", "rating": 2092, "seed": "sodium,1dac13dadf6eda5c74e8f4c37d82204e"}, {"name": "latias999999999", "avatar": "gardenia", "rating": 2163, "seed": "sodium,f062338aa34130e2802effa871a893e6"}], "teams_full": [{"Kilowattrel": {"name": "Kilowattrel", "species": "Kilowattrel", "speciesId": "kilowattrel", "gender": "M", "shiny": false, "level": 83, "moves": ["roost", "uturn", "thunderbolt", "hurricane"], "ability": "Volt Absorb", "evs": {"hp": 85, "atk": 85, "def": 85, "spa": 85, "spd": 85, "spe": 85}, "ivs": {"hp": 31, "atk": 31, "def": 31, "spa": 31, "spd": 31, "spe": 31}, "item": "Heavy-Duty Boots", "teraType": "Water", "role": "Bulky Attacker", "bvs": {"hp": 70, "atk": 70, "def": 60, "spa": 105, "spd": 60, "spe": 125}, "stats": {"hp": 252, "atk": 164, "def": 147, "spa": 222, "spd": 147, "spe": 255}, "types": ["Electric", "Flying"]}, "Heatran": {"name": "Heatran", "species": "Heatran", "speciesId": "heatran", "gender": "M", "shiny": false, "level": 79, "moves": ["heavyslam", "earthpower", "stealthrock", "magmastorm"], "ability": "Flash Fire", "evs": {"hp": 85, "atk": 85, "def": 85, "spa": 85, "spd": 85, "spe": 85}, "ivs": {"hp": 31, "atk": 31, "def": 31, "spa": 31, "spd": 31, "spe": 31}, "item": "Air Balloon", "teraType": "Grass", "role": "Bulky Support", "bvs": {"hp": 91, "atk": 90, "def": 106, "spa": 130, "spd": 106, "spe": 77}, "stats": {"hp": 273, "atk": 188, "def": 213, "spa": 251, "spd": 213, "spe": 167}, "types": ["Fire", "Steel"]}, "Spiritomb": {"name": "Spiritomb", "species": "Spiritomb", "speciesId": "spiritomb", "gender": "M", "shiny": false, "level": 89, "moves": ["foulplay", "poltergeist", "willowisp", "suckerpunch"], "ability": "Infiltrator", "evs": {"hp": 85, "atk": 85, "def": 85, "spa": 85, "spd": 85, "spe": 85}, "ivs": {"hp": 31, "atk": 31, "def": 31, "spa": 31, "spd": 31, "spe": 31}, "item": "Leftovers", "teraType": "Ghost", "role": "Bulky Support", "bvs": {"hp": 50, "atk": 92, "def": 108, "spa": 92, "spd": 108, "spe": 35}, "stats": {"hp": 234, "atk": 215, "def": 243, "spa": 215, "spd": 243, "spe": 113}, "types": ["Ghost", "Dark"]}, "Infernape": {"name": "Infernape", "species": "Infernape", "speciesId": "infernape", "gender": "M", "shiny": false, "level": 82, "moves": ["closecombat", "knockoff", "gunkshot", "overheat"], "ability": "Blaze", "evs": {"hp": 85, "atk": 85, "def": 85, "spa": 85, "spd": 85, "spe": 85}, "ivs": {"hp": 31, "atk": 31, "def": 31, "spa": 31, "spd": 31, "spe": 31}, "item": "Life Orb", "teraType": "Dark", "role": "Fast Attacker", "bvs": {"hp": 76, "atk": 104, "def": 71, "spa": 104, "spd": 71, "spe": 108}, "stats": {"hp": 259, "atk": 218, "def": 164, "spa": 218, "spd": 164, "spe": 224}, "types": ["Fire", "Fighting"]}, "Oinkologne": {"name": "Oinkologne", "species": "Oinkologne-F", "speciesId": "oinkolognef", "gender": "F", "shiny": false, "level": 92, "moves": ["curse", "bodyslam", "rest", "sleeptalk"], "ability": "Aroma Veil", "evs": {"hp": 85, "atk": 85, "def": 85, "spa": 85, "spd": 85, "spe": 85}, "ivs": {"hp": 31, "atk": 31, "def": 31, "spa": 31, "spd": 31, "spe": 31}, "item": "Leftovers", "teraType": "Fairy", "role": "Bulky Support", "bvs": {"hp": 115, "atk": 90, "def": 70, "spa": 59, "spd": 90, "spe": 65}, "stats": {"hp": 361, "atk": 218, "def": 181, "spa": 161, "spd": 218, "spe": 172}, "types": ["Normal"]}, "Hawlucha": {"name": "Hawlucha", "species": "Hawlucha", "speciesId": "hawlucha", "gender": "M", "shiny": false, "level": 80, "moves": ["swordsdance", "throatchop", "closecombat", "acrobatics"], "ability": "Unburden", "evs": {"hp": 85, "atk": 85, "def": 85, "spa": 85, "spd": 85, "spe": 85}, "ivs": {"hp": 31, "atk": 31, "def": 31, "spa": 31, "spd": 31, "spe": 31}, "item": "White Herb", "teraType": "Fighting", "role": "Setup Sweeper", "bvs": {"hp": 78, "atk": 92, "def": 75, "spa": 74, "spd": 63, "spe": 118}, "stats": {"hp": 256, "atk": 193, "def": 166, "spa": 165, "spd": 147, "spe": 235}, "types": ["Fighting", "Flying"]}}, {"Walking Wake": {"name": "Walking Wake", "species": "Walking Wake", "speciesId": "walkingwake", "gender": "N", "shiny": false, "level": 79, "moves": ["flamethrower", "hydropump", "dracometeor", "flipturn"], "ability": "Protosynthesis", "evs": {"hp": 85, "atk": 85, "def": 85, "spa": 85, "spd": 85, "spe": 85}, "ivs": {"hp": 31, "atk": 31, "def": 31, "spa": 31, "spd": 31, "spe": 31}, "item": "Choice Specs", "teraType": "Fire", "role": "Wallbreaker", "bvs": {"hp": 99, "atk": 83, "def": 91, "spa": 125, "spd": 83, "spe": 109}, "stats": {"hp": 286, "atk": 177, "def": 189, "spa": 243, "spd": 177, "spe": 218}, "types": ["Water", "Dragon"]}, "Goodra": {"name": "Goodra", "species": "Goodra-Hisui", "speciesId": "goodrahisui", "gender": "F", "shiny": false, "level": 82, "moves": ["fireblast", "dracometeor", "heavyslam", "dragontail"], "ability": "Sap Sipper", "evs": {"hp": 85, "atk": 85, "def": 85, "spa": 85, "spd": 85, "spe": 85}, "ivs": {"hp": 31, "atk": 31, "def": 31, "spa": 31, "spd": 31, "spe": 31}, "item": "Assault Vest", "teraType": "Flying", "role": "AV Pivot", "bvs": {"hp": 80, "atk": 100, "def": 100, "spa": 110, "spd": 150, "spe": 60}, "stats": {"hp": 265, "atk": 211, "def": 211, "spa": 228, "spd": 293, "spe": 146}, "types": ["Steel", "Dragon"]}, "Glimmora": {"name": "Glimmora", "species": "Glimmora", "speciesId": "glimmora", "gender": "F", "shiny": false, "level": 75, "moves": ["meteorbeam", "energyball", "earthpower", "sludgewave"], "ability": "Toxic Debris", "evs": {"hp": 85, "atk": 0, "def": 85, "spa": 85, "spd": 85, "spe": 85}, "ivs": {"hp": 31, "atk": 0, "def": 31, "spa": 31, "spd": 31, "spe": 31}, "item": "Power Herb", "teraType": "Grass", "role": "Setup Sweeper", "bvs": {"hp": 83, "atk": 55, "def": 90, "spa": 130, "spd": 81, "spe": 86}, "stats": {"hp": 248, "atk": 87, "def": 179, "spa": 239, "spd": 165, "spe": 173}, "types": ["Rock", "Poison"]}, "Vespiquen": {"name": "Vespiquen", "species": "Vespiquen", "speciesId": "vespiquen", "gender": "F", "shiny": false, "level": 99, "moves": ["roost", "toxic", "hurricane", "uturn"], "ability": "Pressure", "evs": {"hp": 85, "atk": 85, "def": 85, "spa": 85, "spd": 85, "spe": 85}, "ivs": {"hp": 31, "atk": 31, "def": 31, "spa": 31, "spd": 31, "spe": 31}, "item": "Heavy-Duty Boots", "teraType": "Steel", "role": "Bulky Support", "bvs": {"hp": 70, "atk": 80, "def": 102, "spa": 80, "spd": 102, "spe": 40}, "stats": {"hp": 299, "atk": 214, "def": 258, "spa": 214, "spd": 258, "spe": 135}, "types": ["Bug", "Flying"]}, "Iron Bundle": {"name": "Iron Bundle", "species": "Iron Bundle", "speciesId": "ironbundle", "gender": "N", "shiny": false, "level": 78, "moves": ["icebeam", "hydropump", "encore", "freezedry"], "ability": "Quark Drive", "evs": {"hp": 85, "atk": 0, "def": 85, "spa": 85, "spd": 85, "spe": 85}, "ivs": {"hp": 31, "atk": 0, "def": 31, "spa": 31, "spd": 31, "spe": 31}, "item": "Heavy-Duty Boots", "teraType": "Ice", "role": "Fast Attacker", "bvs": {"hp": 56, "atk": 80, "def": 114, "spa": 124, "spd": 60, "spe": 136}, "stats": {"hp": 215, "atk": 129, "def": 223, "spa": 239, "spd": 139, "spe": 257}, "types": ["Ice", "Water"]}, "Pyroar": {"name": "Pyroar", "species": "Pyroar", "speciesId": "pyroar", "gender": "F", "shiny": false, "level": 88, "moves": ["hypervoice", "fireblast", "darkpulse", "taunt"], "ability": "Unnerve", "evs": {"hp": 85, "atk": 0, "def": 85, "spa": 85, "spd": 85, "spe": 85}, "ivs": {"hp": 31, "atk": 0, "def": 31, "spa": 31, "spd": 31, "spe": 31}, "item": "Heavy-Duty Boots", "teraType": "Fire", "role": "Fast Attacker", "bvs": {"hp": 86, "atk": 68, "def": 72, "spa": 109, "spd": 66, "spe": 106}, "stats": {"hp": 295, "atk": 124, "def": 177, "spa": 242, "spd": 166, "spe": 237}, "types": ["Fire", "Normal"]}}]}