{"id": "gen9randombattle-2631624254", "format": "[Gen 9] Random Battle", "players": ["sirsunnyyy", "Deleuzional"], "log": "|j|\u2606sirsunnyyy\n|j|\u2606Deleuzional\n|t:|1781410618\n|gametype|singles\n|player|p1|sirsunnyyy|harlequin|1939\n|player|p2|Deleuzional|169|1948\n|gen|9\n|tier|[Gen 9] Random Battle\n|rated|\n|rule|Species Clause: Limit one of each Pok\u00e9mon\n|rule|HP Percentage Mod: HP is shown in percentages\n|rule|Sleep Clause Mod: Limit one foe put to sleep\n|rule|Illusion Level Mod: Illusion disguises the Pok\u00e9mon's true level\n|\n|t:|1781410618\n|teamsize|p1|6\n|teamsize|p2|6\n|start\n|switch|p1a: Glimmora|Glimmora, L75, F|248/248\n|switch|p2a: Scyther|Scyther, L82, M|249/249\n|turn|1\n|inactive|Battle timer is ON: inactive players will automatically lose when time's up. (requested by sirsunnyyy)\n|\n|t:|1781410644\n|switch|p2a: Slowking|Slowking-Galar, L85, F|300/300\n|move|p1a: Glimmora|Meteor Beam||[still]\n|-prepare|p1a: Glimmora|Meteor Beam\n|-boost|p1a: Glimmora|spa|1\n|-enditem|p1a: Glimmora|Power Herb\n|-anim|p1a: Glimmora|Meteor Beam|p2a: Slowking|[miss]\n|-miss|p1a: Glimmora|p2a: Slowking\n|\n|upkeep\n|turn|2\n|\n|t:|1781410652\n|move|p1a: Glimmora|Earth Power|p2a: Slowking\n|-supereffective|p2a: Slowking\n|-damage|p2a: Slowking|146/300\n|move|p2a: Slowking|Psyshock|p1a: Glimmora\n|-supereffective|p1a: Glimmora\n|-damage|p1a: Glimmora|38/248\n|\n|upkeep\n|turn|3\n|\n|t:|1781410670\n|switch|p2a: Slither Wing|Slither Wing, L81|270/270\n|move|p1a: Glimmora|Earth Power|p2a: Slither Wing\n|-resisted|p2a: Slither Wing\n|-damage|p2a: Slither Wing|228/270\n|-unboost|p2a: Slither Wing|spd|1\n|\n|upkeep\n|turn|4\n|\n|t:|1781410678\n|move|p2a: Slither Wing|Earthquake|p1a: Glimmora\n|-supereffective|p1a: Glimmora\n|-damage|p1a: Glimmora|0 fnt\n|-activate|p1a: Glimmora|ability: Toxic Debris\n|-sidestart|p2: Deleuzional|move: Toxic Spikes\n|faint|p1a: Glimmora\n|-damage|p2a: Slither Wing|201/270|[from] item: Life Orb\n|\n|upkeep\n|\n|t:|1781410686\n|switch|p1a: Calyrex|Calyrex-Shadow, L64|235/235\n|-ability|p1a: Calyrex|As One\n|-ability|p1a: Calyrex|Unnerve\n|turn|5\n|\n|t:|1781410698\n|-end|p2a: Slither Wing|Protosynthesis|[silent]\n|switch|p2a: Slowking|Slowking-Galar, L85, F|246/300\n|-sideend|p2: Deleuzional|move: Toxic Spikes|[of] p2a: Slowking\n|move|p1a: Calyrex|Astral Barrage|p2a: Slowking\n|-supereffective|p2a: Slowking\n|-damage|p2a: Slowking|0 fnt\n|faint|p2a: Slowking\n|-ability|p1a: Calyrex|Grim Neigh|boost\n|-boost|p1a: Calyrex|spa|1\n|\n|upkeep\n|inactive|Deleuzional has 120 seconds left.\n|\n|t:|1781410739\n|switch|p2a: Volcanion|Volcanion, L79|255/255\n|turn|6\n|\n|t:|1781410744\n|-terastallize|p1a: Calyrex|Ghost\n|move|p1a: Calyrex|Astral Barrage|p2a: Volcanion\n|-damage|p2a: Volcanion|1/255\n|move|p2a: Volcanion|Flame Charge|p1a: Calyrex\n|-damage|p1a: Calyrex|157/235\n|-boost|p2a: Volcanion|spe|1\n|\n|upkeep\n|turn|7\n|inactive|Deleuzional has 120 seconds left.\n|\n|t:|1781410754\n|move|p2a: Volcanion|Flame Charge|p1a: Calyrex\n|-damage|p1a: Calyrex|78/235\n|-boost|p2a: Volcanion|spe|1\n|move|p1a: Calyrex|Astral Barrage|p2a: Volcanion\n|-damage|p2a: Volcanion|0 fnt\n|faint|p2a: Volcanion\n|-ability|p1a: Calyrex|Grim Neigh|boost\n|-boost|p1a: Calyrex|spa|1\n|\n|upkeep\n|inactive|Deleuzional has 120 seconds left.\n|\n|t:|1781410764\n|switch|p2a: Slither Wing|Slither Wing, L81|201/270\n|turn|8\n|\n|t:|1781410768\n|move|p2a: Slither Wing|First Impression|p1a: Calyrex\n|-resisted|p1a: Calyrex\n|-damage|p1a: Calyrex|0 fnt\n|faint|p1a: Calyrex\n|-damage|p2a: Slither Wing|174/270|[from] item: Life Orb\n|\n|upkeep\n|c|\u2606sirsunnyyy|huh\n|\n|t:|1781410783\n|switch|p1a: Sawsbuck|Sawsbuck-Summer, L88, F|284/284\n|turn|9\n|c|\u2606Deleuzional|i thought you would still outspeed for whatever reason\n|c|\u2606sirsunnyyy|awww damn\n|\n|t:|1781410797\n|-end|p2a: Slither Wing|Protosynthesis|[silent]\n|switch|p2a: Registeel|Registeel, L81|262/262\n|move|p1a: Sawsbuck|Double-Edge|p2a: Registeel\n|-resisted|p2a: Registeel\n|-damage|p2a: Registeel|200/262\n|-damage|p1a: Sawsbuck|264/284|[from] Recoil\n|-damage|p1a: Sawsbuck|236/284|[from] item: Life Orb\n|\n|upkeep\n|turn|10\n|\n|t:|1781410806\n|switch|p1a: Sandaconda|Sandaconda, L84, F|258/258\n|move|p2a: Registeel|Body Press|p1a: Sandaconda\n|-damage|p1a: Sandaconda|204/258\n|\n|-heal|p1a: Sandaconda|220/258|[from] item: Leftovers\n|upkeep\n|turn|11\n|\n|t:|1781410823\n|-terastallize|p2a: Registeel|Fighting\n|move|p1a: Sandaconda|Stone Edge|p2a: Registeel|[miss]\n|-miss|p1a: Sandaconda|p2a: Registeel\n|move|p2a: Registeel|Iron Defense|p2a: Registeel\n|-boost|p2a: Registeel|def|2\n|\n|-heal|p1a: Sandaconda|236/258|[from] item: Leftovers\n|upkeep\n|turn|12\n|\n|t:|1781410842\n|move|p1a: Sandaconda|Earthquake|p2a: Registeel\n|-damage|p2a: Registeel|163/262\n|move|p2a: Registeel|Iron Defense|p2a: Registeel\n|-boost|p2a: Registeel|def|2\n|\n|-heal|p1a: Sandaconda|252/258|[from] item: Leftovers\n|upkeep\n|turn|13\n|\n|t:|1781410851\n|move|p1a: Sandaconda|Earthquake|p2a: Registeel\n|-damage|p2a: Registeel|135/262\n|move|p2a: Registeel|Body Press|p1a: Sandaconda\n|-damage|p1a: Sandaconda|0 fnt\n|faint|p1a: Sandaconda\n|\n|upkeep\n|\n|t:|1781410855\n|switch|p1a: Rabsca|Rabsca, L91, M|284/284\n|turn|14\n|\n|t:|1781410867\n|switch|p2a: Roaring Moon|Roaring Moon, L72|270/270\n|-enditem|p2a: Roaring Moon|Booster Energy\n|-activate|p2a: Roaring Moon|ability: Protosynthesis|[fromitem]\n|-start|p2a: Roaring Moon|protosynthesisatk\n|move|p1a: Rabsca|Revival Blessing|p1a: Rabsca\n|\n|t:|1781410872\n|-heal|p1: Calyrex|117/235|[from] move: Revival Blessing\n|\n|upkeep\n|turn|15\n|\n|t:|1781410893\n|switch|p1a: Zarude|Zarude, L77|288/288\n|move|p2a: Roaring Moon|Knock Off|p1a: Zarude\n|-resisted|p1a: Zarude\n|-damage|p1a: Zarude|225/288\n|-enditem|p1a: Zarude|Leftovers|[from] move: Knock Off|[of] p2a: Roaring Moon\n|\n|upkeep\n|turn|16\n|\n|t:|1781410911\n|-end|p2a: Roaring Moon|Protosynthesis|[silent]\n|switch|p2a: Scyther|Scyther, L82, M|249/249\n|move|p1a: Zarude|Power Whip|p2a: Scyther|[miss]\n|-miss|p1a: Zarude|p2a: Scyther\n|\n|upkeep\n|turn|17\n|\n|t:|1781410918\n|move|p2a: Scyther|U-turn|p1a: Zarude\n|-supereffective|p1a: Zarude\n|-damage|p1a: Zarude|0 fnt\n|faint|p1a: Zarude\n|\n|t:|1781410927\n|switch|p2a: Slither Wing|Slither Wing, L81|174/270|[from] U-turn\n|\n|upkeep\n|c|\u2606sirsunnyyy|ggs\n|c|\u2606sirsunnyyy|unlucky\n|c|\u2606Deleuzional|gg\n|inactive|sirsunnyyy has 120 seconds left.\n|l|\u2606sirsunnyyy\n|inactive|sirsunnyyy disconnected and has a minute to reconnect!\n|player|p1|\n|inactive|sirsunnyyy has 30 seconds to reconnect!\n|inactive|sirsunnyyy has 20 seconds to reconnect!\n|inactive|sirsunnyyy has 15 seconds to reconnect!\n|inactive|sirsunnyyy has 10 seconds to reconnect!\n|inactive|sirsunnyyy has 5 seconds to reconnect!\n|-message|sirsunnyyy lost due to inactivity.\n|\n|win|Deleuzional\n", "inputlog": ">version a8376a258c1d4662feba110a92103f3664a72141\n>start {\"formatid\":\"gen9randombattle\",\"seed\":\"sodium,08d11614c2141c6e71cc7ecac9892d0f\",\"rated\":\"Rated battle\"}\n>player p1 {\"name\":\"sirsunnyyy\",\"avatar\":\"harlequin\",\"rating\":1939,\"seed\":\"sodium,5108b292e1d942951ffd71822c725727\"}\n>player p2 {\"name\":\"Deleuzional\",\"avatar\":\"169\",\"rating\":1948,\"seed\":\"sodium,f6bd1378123a566a33805397d5e5c5ad\"}\n>p1 move meteorbeam\n>p2 switch 3\n>p1 move earthpower\n>p2 move psyshock\n>p1 move earthpower\n>p2 switch 5\n>p1 move sludgewave\n>p2 move earthquake\n>p1 switch 3\n>p1 move astralbarrage\n>p2 switch 5\n>p2 switch 6\n>p1 move astralbarrage terastallize\n>p2 move flamecharge\n>p1 move astralbarrage\n>p2 move flamecharge\n>p2 switch 5\n>p1 move astralbarrage\n>p2 move firstimpression\n>chat \u2606sirsunnyyy|huh\n>p1 switch 5\n>chat \u2606Deleuzional|i thought you would still outspeed for whatever reason\n>chat \u2606sirsunnyyy|awww damn\n>p1 move doubleedge\n>p2 switch 2\n>p1 switch 6\n>p2 move bodypress\n>p1 move stoneedge\n>p2 move irondefense terastallize\n>p1 move earthquake\n>p2 move irondefense\n>p1 move earthquake\n>p2 move bodypress\n>p1 switch 2\n>p1 move revivalblessing\n>p2 switch 4\n>p1 switch 5\n>p1 switch 4\n>p2 move knockoff\n>p1 move powerwhip\n>p2 switch 3\n>p1 move knockoff\n>p2 move uturn\n>p2 switch 2\n>chat \u2606sirsunnyyy|ggs\n>chat \u2606sirsunnyyy|unlucky\n>chat \u2606Deleuzional|gg\n>forcelose p1", "uploadtime": 1781410620, "views": 6, "formatid": "gen9randombattle", "rating": null, "private": 0, "password": null, "player_dets": [{"name": "sirsunnyyy", "avatar": "harlequin", "rating": 1939, "seed": "sodium,5108b292e1d942951ffd71822c725727"}, {"name": "Deleuzional", "avatar": "169", "rating": 1948, "seed": "sodium,f6bd1378123a566a33805397d5e5c5ad"}], "teams_full": [{"Glimmora": {"name": "Glimmora", "species": "Glimmora", "speciesId": "glimmora", "gender": "F", "shiny": false, "level": 75, "moves": ["meteorbeam", "energyball", "sludgewave", "earthpower"], "ability": "Toxic Debris", "evs": {"hp": 85, "atk": 0, "def": 85, "spa": 85, "spd": 85, "spe": 85}, "ivs": {"hp": 31, "atk": 0, "def": 31, "spa": 31, "spd": 31, "spe": 31}, "item": "Power Herb", "teraType": "Grass", "role": "Setup Sweeper", "bvs": {"hp": 83, "atk": 55, "def": 90, "spa": 130, "spd": 81, "spe": 86}, "stats": {"hp": 248, "atk": 87, "def": 179, "spa": 239, "spd": 165, "spe": 173}, "types": ["Rock", "Poison"]}, "Rabsca": {"name": "Rabsca", "species": "Rabsca", "speciesId": "rabsca", "gender": "M", "shiny": false, "level": 91, "moves": ["bugbuzz", "revivalblessing", "earthpower", "psychic"], "ability": "Synchronize", "evs": {"hp": 85, "atk": 0, "def": 85, "spa": 85, "spd": 85, "spe": 85}, "ivs": {"hp": 31, "atk": 0, "def": 31, "spa": 31, "spd": 31, "spe": 31}, "item": "Heavy-Duty Boots", "teraType": "Steel", "role": "Wallbreaker", "bvs": {"hp": 75, "atk": 50, "def": 85, "spa": 115, "spd": 100, "spe": 45}, "stats": {"hp": 284, "atk": 96, "def": 207, "spa": 261, "spd": 234, "spe": 134}, "types": ["Bug", "Psychic"]}, "Calyrex": {"name": "Calyrex", "species": "Calyrex-Shadow", "speciesId": "calyrexshadow", "gender": "N", "shiny": false, "level": 64, "moves": ["pollenpuff", "trick", "psyshock", "astralbarrage"], "ability": "As One (Spectrier)", "evs": {"hp": 85, "atk": 0, "def": 85, "spa": 85, "spd": 85, "spe": 85}, "ivs": {"hp": 31, "atk": 0, "def": 31, "spa": 31, "spd": 31, "spe": 31}, "item": "Choice Specs", "teraType": "Ghost", "role": "Fast Attacker", "bvs": {"hp": 100, "atk": 85, "def": 80, "spa": 165, "spd": 100, "spe": 150}, "stats": {"hp": 235, "atk": 113, "def": 140, "spa": 249, "spd": 166, "spe": 230}, "types": ["Psychic", "Ghost"]}, "Zarude": {"name": "Zarude", "species": "Zarude", "speciesId": "zarude", "gender": "N", "shiny": false, "level": 77, "moves": ["swordsdance", "knockoff", "synthesis", "powerwhip"], "ability": "Leaf Guard", "evs": {"hp": 85, "atk": 85, "def": 85, "spa": 85, "spd": 85, "spe": 85}, "ivs": {"hp": 31, "atk": 31, "def": 31, "spa": 31, "spd": 31, "spe": 31}, "item": "Leftovers", "teraType": "Grass", "role": "Fast Bulky Setup", "bvs": {"hp": 105, "atk": 120, "def": 105, "spa": 70, "spd": 95, "spe": 105}, "stats": {"hp": 288, "atk": 229, "def": 206, "spa": 152, "spd": 191, "spe": 206}, "types": ["Dark", "Grass"]}, "Sawsbuck": {"name": "Sawsbuck", "species": "Sawsbuck-Summer", "speciesId": "sawsbuck", "gender": "F", "shiny": false, "level": 88, "moves": ["doubleedge", "hornleech", "highhorsepower", "swordsdance"], "ability": "Sap Sipper", "evs": {"hp": 85, "atk": 85, "def": 85, "spa": 85, "spd": 85, "spe": 85}, "ivs": {"hp": 31, "atk": 31, "def": 31, "spa": 31, "spd": 31, "spe": 31}, "item": "Life Orb", "teraType": "Ground", "role": "Setup Sweeper", "bvs": {"hp": 80, "atk": 100, "def": 70, "spa": 60, "spd": 70, "spe": 95}, "stats": {"hp": 284, "atk": 226, "def": 173, "spa": 156, "spd": 173, "spe": 217}, "types": ["Normal", "Grass"]}, "Sandaconda": {"name": "Sandaconda", "species": "Sandaconda", "speciesId": "sandaconda", "gender": "F", "shiny": false, "level": 84, "moves": ["stealthrock", "rest", "earthquake", "stoneedge"], "ability": "Shed Skin", "evs": {"hp": 85, "atk": 85, "def": 85, "spa": 85, "spd": 85, "spe": 85}, "ivs": {"hp": 31, "atk": 31, "def": 31, "spa": 31, "spd": 31, "spe": 31}, "item": "Leftovers", "teraType": "Water", "role": "Bulky Attacker", "bvs": {"hp": 72, "atk": 107, "def": 125, "spa": 65, "spd": 70, "spe": 71}, "stats": {"hp": 258, "atk": 228, "def": 258, "spa": 157, "spd": 166, "spe": 167}, "types": ["Ground"]}}, {"Scyther": {"name": "Scyther", "species": "Scyther", "speciesId": "scyther", "gender": "M", "shiny": false, "level": 82, "moves": ["defog", "dualwingbeat", "closecombat", "uturn"], "ability": "Technician", "evs": {"hp": 85, "atk": 85, "def": 85, "spa": 85, "spd": 85, "spe": 85}, "ivs": {"hp": 31, "atk": 31, "def": 31, "spa": 31, "spd": 31, "spe": 31}, "item": "Heavy-Duty Boots", "teraType": "Fighting", "role": "Fast Support", "bvs": {"hp": 70, "atk": 110, "def": 80, "spa": 55, "spd": 80, "spe": 105}, "stats": {"hp": 249, "atk": 228, "def": 178, "spa": 137, "spd": 178, "spe": 219}, "types": ["Bug", "Flying"]}, "Registeel": {"name": "Registeel", "species": "Registeel", "speciesId": "registeel", "gender": "N", "shiny": false, "level": 81, "moves": ["irondefense", "bodypress", "rest", "ironhead"], "ability": "Clear Body", "evs": {"hp": 85, "atk": 85, "def": 85, "spa": 85, "spd": 85, "spe": 85}, "ivs": {"hp": 31, "atk": 31, "def": 31, "spa": 31, "spd": 31, "spe": 31}, "item": "Chesto Berry", "teraType": "Fighting", "role": "Bulky Setup", "bvs": {"hp": 80, "atk": 75, "def": 150, "spa": 75, "spd": 150, "spe": 50}, "stats": {"hp": 262, "atk": 168, "def": 290, "spa": 168, "spd": 290, "spe": 128}, "types": ["Steel"]}, "Slowking": {"name": "Slowking", "species": "Slowking-Galar", "speciesId": "slowkinggalar", "gender": "F", "shiny": false, "level": 85, "moves": ["sludgebomb", "chillyreception", "slackoff", "psyshock"], "ability": "Regenerator", "evs": {"hp": 85, "atk": 0, "def": 85, "spa": 85, "spd": 85, "spe": 85}, "ivs": {"hp": 31, "atk": 0, "def": 31, "spa": 31, "spd": 31, "spe": 31}, "item": "Heavy-Duty Boots", "teraType": "Fairy", "role": "Bulky Attacker", "bvs": {"hp": 95, "atk": 65, "def": 80, "spa": 110, "spd": 110, "spe": 30}, "stats": {"hp": 300, "atk": 115, "def": 185, "spa": 236, "spd": 236, "spe": 100}, "types": ["Poison", "Psychic"]}, "Roaring Moon": {"name": "Roaring Moon", "species": "Roaring Moon", "speciesId": "roaringmoon", "gender": "N", "shiny": false, "level": 72, "moves": ["dragondance", "knockoff", "outrage", "ironhead"], "ability": "Protosynthesis", "evs": {"hp": 85, "atk": 85, "def": 85, "spa": 85, "spd": 85, "spe": 85}, "ivs": {"hp": 31, "atk": 31, "def": 31, "spa": 31, "spd": 31, "spe": 31}, "item": "Booster Energy", "teraType": "Steel", "role": "Fast Bulky Setup", "bvs": {"hp": 105, "atk": 139, "def": 71, "spa": 55, "spd": 101, "spe": 119}, "stats": {"hp": 270, "atk": 242, "def": 144, "spa": 121, "spd": 187, "spe": 213}, "types": ["Dragon", "Dark"]}, "Slither Wing": {"name": "Slither Wing", "species": "Slither Wing", "speciesId": "slitherwing", "gender": "N", "shiny": false, "level": 81, "moves": ["earthquake", "flareblitz", "closecombat", "firstimpression"], "ability": "Protosynthesis", "evs": {"hp": 85, "atk": 85, "def": 85, "spa": 85, "spd": 85, "spe": 85}, "ivs": {"hp": 31, "atk": 31, "def": 31, "spa": 31, "spd": 31, "spe": 31}, "item": "Life Orb", "teraType": "Fire", "role": "Fast Attacker", "bvs": {"hp": 85, "atk": 135, "def": 79, "spa": 85, "spd": 105, "spe": 81}, "stats": {"hp": 270, "atk": 265, "def": 175, "spa": 184, "spd": 217, "spe": 178}, "types": ["Bug", "Fighting"]}, "Volcanion": {"name": "Volcanion", "species": "Volcanion", "speciesId": "volcanion", "gender": "N", "shiny": false, "level": 79, "moves": ["earthpower", "flamecharge", "steameruption", "flamethrower"], "ability": "Water Absorb", "evs": {"hp": 81, "atk": 85, "def": 85, "spa": 85, "spd": 85, "spe": 85}, "ivs": {"hp": 31, "atk": 31, "def": 31, "spa": 31, "spd": 31, "spe": 31}, "item": "Assault Vest", "teraType": "Ground", "role": "Bulky Attacker", "bvs": {"hp": 80, "atk": 110, "def": 120, "spa": 130, "spd": 90, "spe": 70}, "stats": {"hp": 255, "atk": 219, "def": 235, "spa": 251, "spd": 188, "spe": 156}, "types": ["Fire", "Water"]}}]}