{"id": "gen9randombattle-2631604908", "format": "[Gen 9] Random Battle", "players": ["Haste II", "SHREKS GIRTH"], "log": "|j|\u2606Haste II\n|j|\u2606SHREKS GIRTH\n|t:|1781407638\n|gametype|singles\n|player|p1|Haste II|lucas|1643\n|player|p2|SHREKS GIRTH|266|1641\n|gen|9\n|tier|[Gen 9] Random Battle\n|rated|\n|rule|Species Clause: Limit one of each Pok\u00e9mon\n|rule|HP Percentage Mod: HP is shown in percentages\n|rule|Sleep Clause Mod: Limit one foe put to sleep\n|rule|Illusion Level Mod: Illusion disguises the Pok\u00e9mon's true level\n|\n|t:|1781407638\n|teamsize|p1|6\n|teamsize|p2|6\n|start\n|switch|p1a: Pecharunt|Pecharunt, L77|262/262\n|switch|p2a: Bronzong|Bronzong, L88|261/261\n|turn|1\n|c|\u2606SHREKS GIRTH|glhf\n|inactive|Battle timer is ON: inactive players will automatically lose when time's up. (requested by SHREKS GIRTH)\n|\n|t:|1781407660\n|move|p1a: Pecharunt|Shadow Ball|p2a: Bronzong\n|-supereffective|p2a: Bronzong\n|-damage|p2a: Bronzong|163/261\n|move|p2a: Bronzong|Psychic Noise|p1a: Pecharunt\n|-supereffective|p1a: Pecharunt\n|-damage|p1a: Pecharunt|92/262\n|-start|p1a: Pecharunt|move: Heal Block\n|\n|-heal|p2a: Bronzong|179/261|[from] item: Leftovers\n|upkeep\n|turn|2\n|\n|t:|1781407667\n|move|p1a: Pecharunt|Parting Shot|p2a: Bronzong\n|-unboost|p2a: Bronzong|atk|1\n|-unboost|p2a: Bronzong|spa|1\n|\n|t:|1781407680\n|switch|p1a: Dedenne|Dedenne, L88, M|261/261|[from] Parting Shot\n|move|p2a: Bronzong|Psychic Noise|p1a: Dedenne\n|-damage|p1a: Dedenne|207/261\n|-start|p1a: Dedenne|move: Heal Block\n|\n|-heal|p2a: Bronzong|195/261|[from] item: Leftovers\n|upkeep\n|turn|3\n|\n|t:|1781407695\n|move|p1a: Dedenne|Nuzzle|p2a: Bronzong\n|-damage|p2a: Bronzong|182/261\n|-status|p2a: Bronzong|par\n|cant|p2a: Bronzong|par\n|\n|-heal|p2a: Bronzong|198/261 par|[from] item: Leftovers\n|-end|p1a: Dedenne|move: Heal Block\n|upkeep\n|turn|4\n|\n|t:|1781407702\n|move|p1a: Dedenne|Thunderbolt|p2a: Bronzong\n|-damage|p2a: Bronzong|120/261 par\n|move|p2a: Bronzong|Iron Defense|p2a: Bronzong\n|-boost|p2a: Bronzong|def|2\n|\n|-heal|p2a: Bronzong|136/261 par|[from] item: Leftovers\n|upkeep\n|turn|5\n|\n|t:|1781407710\n|switch|p2a: Sunflora|Sunflora, M|312/312\n|move|p1a: Dedenne|Thunderbolt|p2a: Sunflora\n|-resisted|p2a: Sunflora\n|-damage|p2a: Sunflora|273/312\n|\n|upkeep\n|turn|6\n|\n|t:|1781407720\n|move|p1a: Dedenne|Nuzzle|p2a: Sunflora\n|-resisted|p2a: Sunflora\n|-damage|p2a: Sunflora|264/312\n|-status|p2a: Sunflora|par\n|move|p2a: Sunflora|Earth Power|p1a: Dedenne\n|-supereffective|p1a: Dedenne\n|-damage|p1a: Dedenne|0 fnt\n|faint|p1a: Dedenne\n|-damage|p2a: Sunflora|233/312 par|[from] item: Life Orb\n|\n|upkeep\n|inactive|Haste II has 120 seconds left.\n|\n|t:|1781407771\n|switch|p1a: Pecharunt|Pecharunt, L77|92/262\n|turn|7\n|\n|t:|1781407775\n|move|p1a: Pecharunt|Recover|p1a: Pecharunt\n|-heal|p1a: Pecharunt|223/262\n|move|p2a: Sunflora|Earth Power|p1a: Pecharunt\n|-supereffective|p1a: Pecharunt\n|-damage|p1a: Pecharunt|0 fnt\n|faint|p1a: Pecharunt\n|-damage|p2a: Sunflora|202/312 par|[from] item: Life Orb\n|\n|upkeep\n|\n|t:|1781407784\n|switch|p1a: Amoonguss|Amoonguss, L82, F|321/321\n|turn|8\n|\n|t:|1781407787\n|move|p1a: Amoonguss|Sludge Bomb|p2a: Sunflora\n|-supereffective|p2a: Sunflora\n|-damage|p2a: Sunflora|68/312 par\n|move|p2a: Sunflora|Sunny Day|p2a: Sunflora\n|-weather|SunnyDay\n|\n|-weather|SunnyDay|[upkeep]\n|upkeep\n|turn|9\n|\n|t:|1781407796\n|move|p2a: Sunflora|Weather Ball|p1a: Amoonguss\n|-supereffective|p1a: Amoonguss\n|-damage|p1a: Amoonguss|0 fnt\n|faint|p1a: Amoonguss\n|-damage|p2a: Sunflora|37/312 par|[from] item: Life Orb\n|\n|-weather|SunnyDay|[upkeep]\n|upkeep\n|inactive|Haste II has 120 seconds left.\n|\n|t:|1781407807\n|switch|p1a: Feraligatr|Feraligatr, L79, F|264/264\n|turn|10\n|\n|t:|1781407813\n|move|p1a: Feraligatr|Ice Punch|p2a: Sunflora\n|-supereffective|p2a: Sunflora\n|-damage|p2a: Sunflora|0 fnt\n|faint|p2a: Sunflora\n|\n|-weather|SunnyDay|[upkeep]\n|upkeep\n|\n|t:|1781407826\n|switch|p2a: Lycanroc|Lycanroc-Midnight, L89, M|296/296\n|turn|11\n|\n|t:|1781407836\n|move|p2a: Lycanroc|Knock Off|p1a: Feraligatr\n|-damage|p1a: Feraligatr|163/264\n|-enditem|p1a: Feraligatr|Life Orb|[from] move: Knock Off|[of] p2a: Lycanroc\n|-damage|p2a: Lycanroc|267/296|[from] item: Life Orb\n|move|p1a: Feraligatr|Liquidation|p2a: Lycanroc\n|-supereffective|p2a: Lycanroc\n|-damage|p2a: Lycanroc|145/296\n|\n|-weather|SunnyDay|[upkeep]\n|upkeep\n|turn|12\n|\n|t:|1781407841\n|move|p2a: Lycanroc|Stone Edge|p1a: Feraligatr\n|-damage|p1a: Feraligatr|2/264\n|-damage|p2a: Lycanroc|116/296|[from] item: Life Orb\n|move|p1a: Feraligatr|Liquidation|p2a: Lycanroc\n|-supereffective|p2a: Lycanroc\n|-damage|p2a: Lycanroc|0 fnt\n|faint|p2a: Lycanroc\n|\n|-weather|none\n|upkeep\n|\n|t:|1781407847\n|switch|p2a: Wugtrio|Wugtrio, L91, F|212/212\n|turn|13\n|\n|t:|1781407874\n|move|p2a: Wugtrio|Liquidation|p1a: Feraligatr\n|-resisted|p1a: Feraligatr\n|-damage|p1a: Feraligatr|0 fnt\n|faint|p1a: Feraligatr\n|\n|upkeep\n|inactive|Haste II has 120 seconds left.\n|\n|t:|1781407886\n|switch|p1a: Tauros|Tauros-Paldea-Combat, L82, M|257/257\n|-ability|p1a: Tauros|Intimidate|boost\n|-unboost|p2a: Wugtrio|atk|1\n|turn|14\n|inactive|Haste II has 120 seconds left.\n|\n|t:|1781407909\n|switch|p2a: Basculegion|Basculegion-F, L83, F|335/335\n|move|p1a: Tauros|Bulk Up|p1a: Tauros\n|-boost|p1a: Tauros|atk|1\n|-boost|p1a: Tauros|def|1\n|\n|upkeep\n|turn|15\n|\n|t:|1781407917\n|move|p1a: Tauros|Throat Chop|p2a: Basculegion\n|-supereffective|p2a: Basculegion\n|-damage|p2a: Basculegion|44/335\n|-start|p2a: Basculegion|Throat Chop|[silent]\n|-damage|p1a: Tauros|232/257|[from] item: Life Orb\n|move|p2a: Basculegion|Hydro Pump|p1a: Tauros\n|-damage|p1a: Tauros|0 fnt\n|faint|p1a: Tauros\n|\n|upkeep\n|\n|t:|1781407939\n|switch|p1a: Alomomola|Alomomola, L87, M|429/429\n|turn|16\n|inactive|Haste II has 90 seconds left.\n|inactive|Haste II has 60 seconds left.\n|\n|t:|1781408002\n|switch|p2a: Wugtrio|Wugtrio, L91, F|212/212\n|move|p1a: Alomomola|Scald|p2a: Wugtrio\n|-resisted|p2a: Wugtrio\n|-damage|p2a: Wugtrio|185/212\n|-status|p2a: Wugtrio|brn\n|\n|-damage|p2a: Wugtrio|172/212 brn|[from] brn\n|upkeep\n|turn|17\n|\n|t:|1781408010\n|move|p1a: Alomomola|Protect|p1a: Alomomola\n|-singleturn|p1a: Alomomola|Protect\n|move|p2a: Wugtrio|Liquidation|p1a: Alomomola\n|-activate|p1a: Alomomola|move: Protect\n|\n|-damage|p2a: Wugtrio|159/212 brn|[from] brn\n|upkeep\n|turn|18\n|\n|t:|1781408013\n|move|p2a: Wugtrio|Liquidation|p1a: Alomomola\n|-resisted|p1a: Alomomola\n|-damage|p1a: Alomomola|386/429\n|-unboost|p1a: Alomomola|def|1\n|move|p1a: Alomomola|Wish|p1a: Alomomola\n|\n|-damage|p2a: Wugtrio|146/212 brn|[from] brn\n|upkeep\n|turn|19\n|\n|t:|1781408017\n|move|p2a: Wugtrio|Liquidation|p1a: Alomomola\n|-resisted|p1a: Alomomola\n|-damage|p1a: Alomomola|319/429\n|move|p1a: Alomomola|Scald|p2a: Wugtrio\n|-resisted|p2a: Wugtrio\n|-damage|p2a: Wugtrio|120/212 brn\n|\n|-heal|p1a: Alomomola|429/429|[from] move: Wish|[wisher] Alomomola\n|-damage|p2a: Wugtrio|107/212 brn|[from] brn\n|upkeep\n|turn|20\n|\n|t:|1781408023\n|move|p2a: Wugtrio|Liquidation|p1a: Alomomola\n|-resisted|p1a: Alomomola\n|-damage|p1a: Alomomola|370/429\n|move|p1a: Alomomola|Scald|p2a: Wugtrio\n|-resisted|p2a: Wugtrio\n|-damage|p2a: Wugtrio|81/212 brn\n|\n|-damage|p2a: Wugtrio|68/212 brn|[from] brn\n|upkeep\n|turn|21\n|\n|t:|1781408025\n|move|p2a: Wugtrio|Liquidation|p1a: Alomomola\n|-resisted|p1a: Alomomola\n|-damage|p1a: Alomomola|309/429\n|move|p1a: Alomomola|Wish|p1a: Alomomola\n|\n|-damage|p2a: Wugtrio|55/212 brn|[from] brn\n|upkeep\n|turn|22\n|\n|t:|1781408029\n|move|p2a: Wugtrio|Liquidation|p1a: Alomomola\n|-resisted|p1a: Alomomola\n|-damage|p1a: Alomomola|249/429\n|-unboost|p1a: Alomomola|def|1\n|move|p1a: Alomomola|Scald|p2a: Wugtrio\n|-resisted|p2a: Wugtrio\n|-damage|p2a: Wugtrio|30/212 brn\n|\n|-heal|p1a: Alomomola|429/429|[from] move: Wish|[wisher] Alomomola\n|-damage|p2a: Wugtrio|17/212 brn|[from] brn\n|upkeep\n|turn|23\n|\n|t:|1781408032\n|move|p1a: Alomomola|Protect|p1a: Alomomola\n|-singleturn|p1a: Alomomola|Protect\n|move|p2a: Wugtrio|Liquidation|p1a: Alomomola\n|-activate|p1a: Alomomola|move: Protect\n|\n|-damage|p2a: Wugtrio|4/212 brn|[from] brn\n|upkeep\n|turn|24\n|\n|t:|1781408034\n|move|p2a: Wugtrio|Liquidation|p1a: Alomomola\n|-resisted|p1a: Alomomola\n|-damage|p1a: Alomomola|350/429\n|-unboost|p1a: Alomomola|def|1\n|move|p1a: Alomomola|Wish|p1a: Alomomola\n|\n|-damage|p2a: Wugtrio|0 fnt|[from] brn\n|faint|p2a: Wugtrio\n|upkeep\n|\n|t:|1781408049\n|switch|p2a: Bronzong|Bronzong, L88|136/261 par\n|turn|25\n|inactive|Haste II has 120 seconds left.\n|\n|t:|1781408068\n|move|p1a: Alomomola|Scald|p2a: Bronzong\n|-damage|p2a: Bronzong|96/261 par\n|move|p2a: Bronzong|Psychic Noise|p1a: Alomomola\n|-damage|p1a: Alomomola|230/429\n|-start|p1a: Alomomola|move: Heal Block\n|\n|-heal|p2a: Bronzong|112/261 par|[from] item: Leftovers\n|upkeep\n|turn|26\n|\n|t:|1781408080\n|move|p1a: Alomomola|Scald|p2a: Bronzong\n|-damage|p2a: Bronzong|75/261 par\n|move|p2a: Bronzong|Body Press|p1a: Alomomola\n|-damage|p1a: Alomomola|51/429\n|\n|-heal|p2a: Bronzong|91/261 par|[from] item: Leftovers\n|-end|p1a: Alomomola|move: Heal Block\n|upkeep\n|turn|27\n|\n|t:|1781408087\n|move|p1a: Alomomola|Scald|p2a: Bronzong\n|-damage|p2a: Bronzong|55/261 par\n|move|p2a: Bronzong|Psychic Noise|p1a: Alomomola\n|-damage|p1a: Alomomola|0 fnt\n|faint|p1a: Alomomola\n|\n|win|SHREKS GIRTH\n|raw|Haste II's rating: 1643 &rarr; <strong>1623</strong><br />(-20 for losing)\n|raw|SHREKS GIRTH's rating: 1641 &rarr; <strong>1661</strong><br />(+20 for winning)\n|c|\u2606SHREKS GIRTH|gg\n|l|\u2606Haste II\n|player|p1|\n", "inputlog": ">version a8376a258c1d4662feba110a92103f3664a72141\n>start {\"formatid\":\"gen9randombattle\",\"seed\":\"sodium,5e27fa56c343a571314902c53c061b8d\",\"rated\":\"Rated battle\"}\n>player p1 {\"name\":\"Haste II\",\"avatar\":\"lucas\",\"rating\":1643,\"seed\":\"sodium,417e6f35f5d80e3d2a4294a9764bb3ce\"}\n>player p2 {\"name\":\"SHREKS GIRTH\",\"avatar\":\"266\",\"rating\":1641,\"seed\":\"sodium,035289fa71a1bb146573610abb31790d\"}\n>chat \u2606SHREKS GIRTH|glhf\n>p1 move shadowball\n>p2 move psychicnoise\n>p1 move partingshot\n>p2 move psychicnoise\n>p1 switch 3\n>p1 move nuzzle\n>p2 move irondefense\n>p1 move thunderbolt\n>p2 move irondefense\n>p1 move thunderbolt\n>p2 switch 3\n>p1 move nuzzle\n>p2 move earthpower\n>p1 switch 3\n>p1 move recover\n>p2 move earthpower\n>p1 switch 4\n>p1 move sludgebomb\n>p2 move sunnyday\n>p1 move sludgebomb\n>p2 move weatherball\n>p1 switch 6\n>p1 move icepunch\n>p2 move solarbeam\n>p2 switch 4\n>p1 move liquidation\n>p2 move knockoff\n>p1 move liquidation\n>p2 move stoneedge\n>p2 switch 2\n>p1 move trailblaze\n>p2 move liquidation\n>p1 switch 2\n>p1 move bulkup\n>p2 switch 6\n>p1 move throatchop\n>p2 move hydropump\n>p1 switch 5\n>p1 move scald\n>p2 switch 6\n>p1 move protect\n>p2 move liquidation\n>p1 move wish\n>p2 move liquidation\n>p1 move scald\n>p2 move liquidation\n>p1 move scald\n>p2 move liquidation\n>p1 move wish\n>p2 move liquidation\n>p1 move scald\n>p2 move liquidation\n>p1 move protect\n>p2 move liquidation\n>p1 move wish\n>p2 move liquidation\n>p2 switch 3\n>p1 move scald\n>p2 move psychicnoise\n>p1 move scald\n>p2 move bodypress\n>p1 move scald\n>p2 move psychicnoise", "uploadtime": 1781408094, "views": 3, "formatid": "gen9randombattle", "rating": 1623, "private": 0, "password": null, "player_dets": [{"name": "Haste II", "avatar": "lucas", "rating": 1643, "seed": "sodium,417e6f35f5d80e3d2a4294a9764bb3ce"}, {"name": "SHREKS GIRTH", "avatar": "266", "rating": 1641, "seed": "sodium,035289fa71a1bb146573610abb31790d"}], "teams_full": [{"Pecharunt": {"name": "Pecharunt", "species": "Pecharunt", "speciesId": "pecharunt", "gender": "N", "shiny": false, "level": 77, "moves": ["recover", "shadowball", "partingshot", "malignantchain"], "ability": "Poison Puppeteer", "evs": {"hp": 85, "atk": 0, "def": 85, "spa": 85, "spd": 85, "spe": 85}, "ivs": {"hp": 31, "atk": 0, "def": 31, "spa": 31, "spd": 31, "spe": 31}, "item": "Rocky Helmet", "teraType": "Dark", "role": "Bulky Attacker", "bvs": {"hp": 88, "atk": 88, "def": 160, "spa": 88, "spd": 88, "spe": 88}, "stats": {"hp": 262, "atk": 140, "def": 291, "spa": 180, "spd": 180, "spe": 180}, "types": ["Poison", "Ghost"]}, "Tauros": {"name": "Tauros", "species": "Tauros-Paldea-Combat", "speciesId": "taurospaldeacombat", "gender": "M", "shiny": false, "level": 82, "moves": ["bulkup", "closecombat", "stoneedge", "throatchop"], "ability": "Intimidate", "evs": {"hp": 85, "atk": 85, "def": 85, "spa": 85, "spd": 85, "spe": 85}, "ivs": {"hp": 31, "atk": 31, "def": 31, "spa": 31, "spd": 31, "spe": 31}, "item": "Life Orb", "teraType": "Dark", "role": "Wallbreaker", "bvs": {"hp": 75, "atk": 110, "def": 105, "spa": 30, "spd": 70, "spe": 100}, "stats": {"hp": 257, "atk": 228, "def": 219, "spa": 96, "spd": 162, "spe": 211}, "types": ["Fighting"]}, "Dedenne": {"name": "Dedenne", "species": "Dedenne", "speciesId": "dedenne", "gender": "M", "shiny": false, "level": 88, "moves": ["nuzzle", "thunderbolt", "uturn", "dazzlinggleam"], "ability": "Cheek Pouch", "evs": {"hp": 85, "atk": 85, "def": 85, "spa": 85, "spd": 85, "spe": 85}, "ivs": {"hp": 31, "atk": 31, "def": 31, "spa": 31, "spd": 31, "spe": 31}, "item": "Sitrus Berry", "teraType": "Flying", "role": "Fast Support", "bvs": {"hp": 67, "atk": 58, "def": 57, "spa": 81, "spd": 67, "spe": 101}, "stats": {"hp": 261, "atk": 152, "def": 151, "spa": 193, "spd": 168, "spe": 228}, "types": ["Electric", "Fairy"]}, "Amoonguss": {"name": "Amoonguss", "species": "Amoonguss", "speciesId": "amoonguss", "gender": "F", "shiny": false, "level": 82, "moves": ["sludgebomb", "clearsmog", "spore", "gigadrain"], "ability": "Regenerator", "evs": {"hp": 85, "atk": 0, "def": 85, "spa": 85, "spd": 85, "spe": 85}, "ivs": {"hp": 31, "atk": 0, "def": 31, "spa": 31, "spd": 31, "spe": 31}, "item": "Rocky Helmet", "teraType": "Steel", "role": "Bulky Support", "bvs": {"hp": 114, "atk": 85, "def": 70, "spa": 85, "spd": 80, "spe": 30}, "stats": {"hp": 321, "atk": 144, "def": 162, "spa": 187, "spd": 178, "spe": 96}, "types": ["Grass", "Poison"]}, "Alomomola": {"name": "Alomomola", "species": "Alomomola", "speciesId": "alomomola", "gender": "M", "shiny": false, "level": 87, "moves": ["scald", "protect", "wish", "flipturn"], "ability": "Regenerator", "evs": {"hp": 85, "atk": 85, "def": 85, "spa": 85, "spd": 85, "spe": 85}, "ivs": {"hp": 31, "atk": 31, "def": 31, "spa": 31, "spd": 31, "spe": 31}, "item": "Heavy-Duty Boots", "teraType": "Steel", "role": "Fast Support", "bvs": {"hp": 165, "atk": 75, "def": 80, "spa": 40, "spd": 45, "spe": 65}, "stats": {"hp": 429, "atk": 180, "def": 189, "spa": 119, "spd": 128, "spe": 163}, "types": ["Water"]}, "Feraligatr": {"name": "Feraligatr", "species": "Feraligatr", "speciesId": "feraligatr", "gender": "F", "shiny": false, "level": 79, "moves": ["liquidation", "trailblaze", "dragondance", "icepunch"], "ability": "Sheer Force", "evs": {"hp": 85, "atk": 85, "def": 85, "spa": 85, "spd": 85, "spe": 85}, "ivs": {"hp": 31, "atk": 31, "def": 31, "spa": 31, "spd": 31, "spe": 31}, "item": "Life Orb", "teraType": "Grass", "role": "Setup Sweeper", "bvs": {"hp": 85, "atk": 105, "def": 100, "spa": 79, "spd": 83, "spe": 78}, "stats": {"hp": 264, "atk": 211, "def": 204, "spa": 170, "spd": 177, "spe": 169}, "types": ["Water"]}}, {"Bronzong": {"name": "Bronzong", "species": "Bronzong", "speciesId": "bronzong", "gender": "N", "shiny": false, "level": 88, "moves": ["bodypress", "ironhead", "psychicnoise", "irondefense"], "ability": "Levitate", "evs": {"hp": 85, "atk": 85, "def": 85, "spa": 85, "spd": 85, "spe": 85}, "ivs": {"hp": 31, "atk": 31, "def": 31, "spa": 31, "spd": 31, "spe": 31}, "item": "Leftovers", "teraType": "Fighting", "role": "Bulky Setup", "bvs": {"hp": 67, "atk": 89, "def": 116, "spa": 79, "spd": 116, "spe": 33}, "stats": {"hp": 261, "atk": 207, "def": 254, "spa": 189, "spd": 254, "spe": 108}, "types": ["Steel", "Psychic"]}, "Wugtrio": {"name": "Wugtrio", "species": "Wugtrio", "speciesId": "wugtrio", "gender": "F", "shiny": false, "level": 91, "moves": ["liquidation", "throatchop", "aquajet", "stompingtantrum"], "ability": "Gooey", "evs": {"hp": 85, "atk": 85, "def": 85, "spa": 85, "spd": 85, "spe": 85}, "ivs": {"hp": 31, "atk": 31, "def": 31, "spa": 31, "spd": 31, "spe": 31}, "item": "Choice Band", "teraType": "Ground", "role": "Fast Attacker", "bvs": {"hp": 35, "atk": 100, "def": 50, "spa": 50, "spd": 70, "spe": 120}, "stats": {"hp": 212, "atk": 234, "def": 143, "spa": 143, "spd": 179, "spe": 270}, "types": ["Water"]}, "Sunflora": {"name": "Sunflora", "species": "Sunflora", "speciesId": "sunflora", "gender": "M", "shiny": false, "level": 100, "moves": ["weatherball", "solarbeam", "sunnyday", "earthpower"], "ability": "Chlorophyll", "evs": {"hp": 85, "atk": 0, "def": 85, "spa": 85, "spd": 85, "spe": 85}, "ivs": {"hp": 31, "atk": 0, "def": 31, "spa": 31, "spd": 31, "spe": 31}, "item": "Life Orb", "teraType": "Fire", "role": "Setup Sweeper", "bvs": {"hp": 75, "atk": 75, "def": 55, "spa": 105, "spd": 85, "spe": 30}, "stats": {"hp": 312, "atk": 155, "def": 167, "spa": 267, "spd": 227, "spe": 117}, "types": ["Grass"]}, "Lycanroc": {"name": "Lycanroc", "species": "Lycanroc-Midnight", "speciesId": "lycanrocmidnight", "gender": "M", "shiny": false, "level": 89, "moves": ["stealthrock", "knockoff", "stoneedge", "closecombat"], "ability": "No Guard", "evs": {"hp": 85, "atk": 85, "def": 85, "spa": 85, "spd": 85, "spe": 85}, "ivs": {"hp": 31, "atk": 31, "def": 31, "spa": 31, "spd": 31, "spe": 31}, "item": "Life Orb", "teraType": "Fighting", "role": "Fast Attacker", "bvs": {"hp": 85, "atk": 115, "def": 75, "spa": 55, "spd": 75, "spe": 82}, "stats": {"hp": 296, "atk": 255, "def": 184, "spa": 149, "spd": 184, "spe": 197}, "types": ["Rock"]}, "Infernape": {"name": "Infernape", "species": "Infernape", "speciesId": "infernape", "gender": "M", "shiny": false, "level": 82, "moves": ["stoneedge", "gunkshot", "flareblitz", "closecombat"], "ability": "Blaze", "evs": {"hp": 85, "atk": 85, "def": 85, "spa": 85, "spd": 85, "spe": 85}, "ivs": {"hp": 31, "atk": 31, "def": 31, "spa": 31, "spd": 31, "spe": 31}, "item": "Choice Band", "teraType": "Fire", "role": "Fast Support", "bvs": {"hp": 76, "atk": 104, "def": 71, "spa": 104, "spd": 71, "spe": 108}, "stats": {"hp": 259, "atk": 218, "def": 164, "spa": 218, "spd": 164, "spe": 224}, "types": ["Fire", "Fighting"]}, "Basculegion": {"name": "Basculegion", "species": "Basculegion-F", "speciesId": "basculegionf", "gender": "F", "shiny": false, "level": 83, "moves": ["icebeam", "shadowball", "hydropump", "flipturn"], "ability": "Adaptability", "evs": {"hp": 85, "atk": 85, "def": 85, "spa": 85, "spd": 85, "spe": 85}, "ivs": {"hp": 31, "atk": 31, "def": 31, "spa": 31, "spd": 31, "spe": 31}, "item": "Choice Specs", "teraType": "Water", "role": "Wallbreaker", "bvs": {"hp": 120, "atk": 92, "def": 65, "spa": 100, "spd": 75, "spe": 78}, "stats": {"hp": 335, "atk": 200, "def": 156, "spa": 214, "spd": 172, "spe": 177}, "types": ["Water", "Ghost"]}}]}