{"id": "gen9randombattle-2631809285", "format": "[Gen 9] Random Battle", "players": ["Higgelhiggel", "ViPa"], "log": "|j|\u2606Higgelhiggel\n|j|\u2606ViPa\n|t:|1781442819\n|gametype|singles\n|player|p1|Higgelhiggel|1|2158\n|player|p2|ViPa|guitarist|2228\n|gen|9\n|tier|[Gen 9] Random Battle\n|rated|\n|rule|Species Clause: Limit one of each Pok\u00e9mon\n|rule|HP Percentage Mod: HP is shown in percentages\n|rule|Sleep Clause Mod: Limit one foe put to sleep\n|rule|Illusion Level Mod: Illusion disguises the Pok\u00e9mon's true level\n|\n|t:|1781442819\n|teamsize|p1|6\n|teamsize|p2|6\n|start\n|switch|p1a: Kilowattrel|Kilowattrel, L83, F|252/252\n|switch|p2a: Bastiodon|Bastiodon, L89, F|252/252\n|turn|1\n|\n|t:|1781442834\n|move|p1a: Kilowattrel|U-turn|p2a: Bastiodon\n|-resisted|p2a: Bastiodon\n|-damage|p2a: Bastiodon|241/252\n|\n|t:|1781442841\n|switch|p1a: Swampert|Swampert, L83, F|302/302|[from] U-turn\n|move|p2a: Bastiodon|Iron Defense|p2a: Bastiodon\n|-boost|p2a: Bastiodon|def|2\n|\n|upkeep\n|turn|2\n|inactive|Battle timer is ON: inactive players will automatically lose when time's up. (requested by Higgelhiggel)\n|\n|t:|1781442865\n|switch|p2a: Gliscor|Gliscor, L76, M|239/239\n|move|p1a: Swampert|Stealth Rock|p2a: Gliscor\n|-sidestart|p2: ViPa|move: Stealth Rock\n|\n|-status|p2a: Gliscor|tox|[from] item: Toxic Orb\n|upkeep\n|turn|3\n|\n|t:|1781442872\n|move|p2a: Gliscor|Toxic Spikes|p1a: Swampert\n|-sidestart|p1: Higgelhiggel|move: Toxic Spikes\n|move|p1a: Swampert|Flip Turn|p2a: Gliscor\n|-supereffective|p2a: Gliscor\n|-damage|p2a: Gliscor|129/239 tox\n|\n|t:|1781442888\n|switch|p1a: Scovillain|Scovillain, L91, F|266/266|[from] Flip Turn\n|\n|-heal|p2a: Gliscor|158/239 tox|[from] ability: Poison Heal\n|upkeep\n|turn|4\n|\n|t:|1781442893\n|move|p2a: Gliscor|Protect|p2a: Gliscor\n|-singleturn|p2a: Gliscor|Protect\n|move|p1a: Scovillain|Sunny Day|p1a: Scovillain\n|-weather|SunnyDay\n|\n|-weather|SunnyDay|[upkeep]\n|-heal|p2a: Gliscor|187/239 tox|[from] ability: Poison Heal\n|upkeep\n|turn|5\n|\n|t:|1781442903\n|switch|p2a: Snorlax|Snorlax, L82, M|397/397\n|-damage|p2a: Snorlax|348/397|[from] Stealth Rock\n|move|p1a: Scovillain|Fire Blast|p2a: Snorlax\n|-damage|p2a: Snorlax|246/397\n|\n|-weather|SunnyDay|[upkeep]\n|-heal|p2a: Snorlax|270/397|[from] item: Leftovers\n|upkeep\n|turn|6\n|\n|t:|1781442915\n|switch|p1a: Magearna|Magearna, L77|250/250\n|move|p2a: Snorlax|Body Slam|p1a: Magearna\n|-resisted|p1a: Magearna\n|-damage|p1a: Magearna|210/250\n|-status|p1a: Magearna|par\n|\n|-weather|SunnyDay|[upkeep]\n|-heal|p2a: Snorlax|294/397|[from] item: Leftovers\n|-heal|p1a: Magearna|225/250 par|[from] item: Leftovers\n|upkeep\n|turn|7\n|\n|t:|1781442923\n|move|p2a: Snorlax|Earthquake|p1a: Magearna\n|-supereffective|p1a: Magearna\n|-damage|p1a: Magearna|103/250 par\n|cant|p1a: Magearna|par\n|\n|-weather|SunnyDay|[upkeep]\n|-heal|p2a: Snorlax|318/397|[from] item: Leftovers\n|-heal|p1a: Magearna|118/250 par|[from] item: Leftovers\n|upkeep\n|turn|8\n|\n|t:|1781442928\n|move|p2a: Snorlax|Earthquake|p1a: Magearna\n|-supereffective|p1a: Magearna\n|-damage|p1a: Magearna|0 fnt\n|faint|p1a: Magearna\n|\n|-weather|none\n|-heal|p2a: Snorlax|342/397|[from] item: Leftovers\n|upkeep\n|\n|t:|1781442932\n|switch|p1a: Decidueye|Decidueye-Hisui, L87, F|295/295\n|-status|p1a: Decidueye|psn\n|turn|9\n|\n|t:|1781442936\n|switch|p2a: Klefki|Klefki, L84, M|233/233\n|-damage|p2a: Klefki|219/233|[from] Stealth Rock\n|move|p1a: Decidueye|Triple Arrows|p2a: Klefki\n|-damage|p2a: Klefki|101/233\n|\n|-heal|p2a: Klefki|115/233|[from] item: Leftovers\n|-damage|p1a: Decidueye|259/295 psn|[from] psn\n|upkeep\n|turn|10\n|\n|t:|1781442945\n|move|p2a: Klefki|Dazzling Gleam|p1a: Decidueye\n|-supereffective|p1a: Decidueye\n|-damage|p1a: Decidueye|119/295 psn\n|move|p1a: Decidueye|Triple Arrows|p2a: Klefki\n|-damage|p2a: Klefki|12/233\n|-unboost|p2a: Klefki|def|1\n|\n|-heal|p2a: Klefki|26/233|[from] item: Leftovers\n|-heal|p1a: Decidueye|137/295 psn|[from] item: Leftovers\n|-damage|p1a: Decidueye|101/295 psn|[from] psn\n|upkeep\n|turn|11\n|\n|t:|1781442955\n|move|p2a: Klefki|Spikes|p1a: Decidueye\n|-sidestart|p1: Higgelhiggel|Spikes\n|move|p1a: Decidueye|Roost|p1a: Decidueye\n|-heal|p1a: Decidueye|249/295 psn\n|-singleturn|p1a: Decidueye|move: Roost\n|\n|-heal|p2a: Klefki|40/233|[from] item: Leftovers\n|-heal|p1a: Decidueye|267/295 psn|[from] item: Leftovers\n|-damage|p1a: Decidueye|231/295 psn|[from] psn\n|upkeep\n|turn|12\n|\n|t:|1781442962\n|move|p2a: Klefki|Dazzling Gleam|p1a: Decidueye\n|-supereffective|p1a: Decidueye\n|-damage|p1a: Decidueye|93/295 psn\n|move|p1a: Decidueye|Triple Arrows|p2a: Klefki\n|-damage|p2a: Klefki|0 fnt\n|faint|p2a: Klefki\n|\n|-heal|p1a: Decidueye|111/295 psn|[from] item: Leftovers\n|-damage|p1a: Decidueye|75/295 psn|[from] psn\n|upkeep\n|\n|t:|1781442974\n|switch|p2a: Ambipom|Ambipom, L84, F|263/263\n|-damage|p2a: Ambipom|231/263|[from] Stealth Rock\n|turn|13\n|\n|t:|1781442982\n|move|p1a: Decidueye|Sucker Punch|p2a: Ambipom\n|-damage|p2a: Ambipom|161/263\n|move|p2a: Ambipom|Double-Edge|p1a: Decidueye\n|-damage|p1a: Decidueye|0 fnt\n|faint|p1a: Decidueye\n|-damage|p2a: Ambipom|136/263|[from] Recoil\n|\n|upkeep\n|\n|t:|1781442989\n|switch|p1a: Kilowattrel|Kilowattrel, L83, F|252/252\n|turn|14\n|\n|t:|1781443001\n|switch|p2a: Snorlax|Snorlax, L82, M|342/397\n|-damage|p2a: Snorlax|293/397|[from] Stealth Rock\n|move|p1a: Kilowattrel|Hurricane|p2a: Snorlax\n|-damage|p2a: Snorlax|190/397\n|\n|-heal|p2a: Snorlax|214/397|[from] item: Leftovers\n|upkeep\n|turn|15\n|\n|t:|1781443009\n|move|p1a: Kilowattrel|Hurricane|p2a: Snorlax|[miss]\n|-miss|p1a: Kilowattrel|p2a: Snorlax\n|move|p2a: Snorlax|Body Slam|p1a: Kilowattrel\n|-damage|p1a: Kilowattrel|132/252\n|\n|-heal|p2a: Snorlax|238/397|[from] item: Leftovers\n|upkeep\n|turn|16\n|\n|t:|1781443012\n|move|p1a: Kilowattrel|Hurricane|p2a: Snorlax\n|-damage|p2a: Snorlax|127/397\n|move|p2a: Snorlax|Curse|p2a: Snorlax\n|-unboost|p2a: Snorlax|spe|1\n|-boost|p2a: Snorlax|atk|1\n|-boost|p2a: Snorlax|def|1\n|\n|-heal|p2a: Snorlax|151/397|[from] item: Leftovers\n|upkeep\n|turn|17\n|\n|t:|1781443016\n|move|p1a: Kilowattrel|Hurricane|p2a: Snorlax\n|-damage|p2a: Snorlax|39/397\n|move|p2a: Snorlax|Body Slam|p1a: Kilowattrel\n|-damage|p1a: Kilowattrel|0 fnt\n|faint|p1a: Kilowattrel\n|\n|-heal|p2a: Snorlax|63/397|[from] item: Leftovers\n|upkeep\n|\n|t:|1781443026\n|switch|p1a: Scovillain|Scovillain, L91, F|266/266\n|turn|18\n|\n|t:|1781443029\n|move|p1a: Scovillain|Energy Ball|p2a: Snorlax\n|-damage|p2a: Snorlax|0 fnt\n|faint|p2a: Snorlax\n|\n|upkeep\n|\n|t:|1781443034\n|switch|p2a: Ambipom|Ambipom, L84, F|136/263\n|-damage|p2a: Ambipom|104/263|[from] Stealth Rock\n|turn|19\n|\n|t:|1781443038\n|move|p2a: Ambipom|Fake Out|p1a: Scovillain\n|-damage|p1a: Scovillain|175/266\n|cant|p1a: Scovillain|flinch\n|\n|upkeep\n|turn|20\n|\n|t:|1781443046\n|move|p2a: Ambipom|U-turn|p1a: Scovillain\n|-damage|p1a: Scovillain|121/266\n|\n|t:|1781443051\n|switch|p2a: Bastiodon|Bastiodon, L89, F|241/252|[from] U-turn\n|-damage|p2a: Bastiodon|226/252|[from] Stealth Rock\n|move|p1a: Scovillain|Sunny Day|p1a: Scovillain\n|-weather|SunnyDay\n|\n|-weather|SunnyDay|[upkeep]\n|upkeep\n|turn|21\n|\n|t:|1781443057\n|move|p1a: Scovillain|Fire Blast|p2a: Bastiodon\n|-damage|p2a: Bastiodon|84/252\n|move|p2a: Bastiodon|Body Press|p1a: Scovillain\n|-damage|p1a: Scovillain|8/266\n|\n|-weather|SunnyDay|[upkeep]\n|upkeep\n|turn|22\n|\n|t:|1781443064\n|move|p1a: Scovillain|Stomping Tantrum|p2a: Bastiodon\n|-supereffective|p2a: Bastiodon\n|-damage|p2a: Bastiodon|0 fnt\n|faint|p2a: Bastiodon\n|\n|-weather|SunnyDay|[upkeep]\n|upkeep\n|\n|t:|1781443067\n|switch|p2a: Ambipom|Ambipom, L84, F|104/263\n|-damage|p2a: Ambipom|72/263|[from] Stealth Rock\n|turn|23\n|\n|t:|1781443073\n|move|p2a: Ambipom|Fake Out|p1a: Scovillain\n|-damage|p1a: Scovillain|0 fnt\n|faint|p1a: Scovillain\n|\n|-weather|SunnyDay|[upkeep]\n|upkeep\n|\n|t:|1781443076\n|switch|p1a: Swampert|Swampert, L83, F|302/302\n|-status|p1a: Swampert|psn\n|-damage|p1a: Swampert|265/302 psn|[from] Spikes\n|turn|24\n|\n|t:|1781443082\n|move|p2a: Ambipom|Double-Edge|p1a: Swampert\n|-damage|p1a: Swampert|106/302 psn\n|-damage|p2a: Ambipom|20/263|[from] Recoil\n|move|p1a: Swampert|Flip Turn|p2a: Ambipom\n|-damage|p2a: Ambipom|0 fnt\n|faint|p2a: Ambipom\n|\n|t:|1781443085\n|switch|p1a: Jolteon|Jolteon, L84, F|246/246|[from] Flip Turn\n|-status|p1a: Jolteon|psn\n|-damage|p1a: Jolteon|216/246 psn|[from] Spikes\n|\n|-weather|none\n|-damage|p1a: Jolteon|186/246 psn|[from] psn\n|upkeep\n|\n|t:|1781443098\n|switch|p2a: Diancie|Diancie, L82|216/216\n|-damage|p2a: Diancie|189/216|[from] Stealth Rock\n|turn|25\n|\n|t:|1781443108\n|-terastallize|p1a: Jolteon|Electric\n|move|p1a: Jolteon|Thunderbolt|p2a: Diancie\n|-damage|p2a: Diancie|75/216\n|-damage|p1a: Jolteon|162/246 psn|[from] item: Life Orb\n|move|p2a: Diancie|Calm Mind|p2a: Diancie\n|-boost|p2a: Diancie|spa|1\n|-boost|p2a: Diancie|spd|1\n|\n|-heal|p2a: Diancie|88/216|[from] item: Leftovers\n|-damage|p1a: Jolteon|132/246 psn|[from] psn\n|upkeep\n|turn|26\n|\n|t:|1781443133\n|-terastallize|p2a: Diancie|Fairy\n|move|p1a: Jolteon|Thunderbolt|p2a: Diancie\n|-damage|p2a: Diancie|0 fnt\n|faint|p2a: Diancie\n|-damage|p1a: Jolteon|108/246 psn|[from] item: Life Orb\n|\n|-damage|p1a: Jolteon|78/246 psn|[from] psn\n|upkeep\n|\n|t:|1781443141\n|switch|p2a: Gliscor|Gliscor, L76, M|187/239 tox\n|-damage|p2a: Gliscor|158/239 tox|[from] Stealth Rock\n|turn|27\n|\n|t:|1781443147\n|move|p2a: Gliscor|Protect|p2a: Gliscor\n|-singleturn|p2a: Gliscor|Protect\n|move|p1a: Jolteon|Shadow Ball|p2a: Gliscor\n|-activate|p2a: Gliscor|move: Protect\n|\n|-damage|p1a: Jolteon|48/246 psn|[from] psn\n|-heal|p2a: Gliscor|187/239 tox|[from] ability: Poison Heal\n|upkeep\n|turn|28\n|\n|t:|1781443160\n|move|p2a: Gliscor|Protect||[still]\n|-fail|p2a: Gliscor\n|move|p1a: Jolteon|Shadow Ball|p2a: Gliscor\n|-damage|p2a: Gliscor|78/239 tox\n|-damage|p1a: Jolteon|24/246 psn|[from] item: Life Orb\n|\n|-damage|p1a: Jolteon|0 fnt|[from] psn\n|faint|p1a: Jolteon\n|-heal|p2a: Gliscor|107/239 tox|[from] ability: Poison Heal\n|upkeep\n|\n|t:|1781443162\n|switch|p1a: Swampert|Swampert, L83, F|106/302 psn\n|-damage|p1a: Swampert|69/302 psn|[from] Spikes\n|turn|29\n|\n|t:|1781443171\n|move|p2a: Gliscor|Protect|p2a: Gliscor\n|-singleturn|p2a: Gliscor|Protect\n|move|p1a: Swampert|Flip Turn|p2a: Gliscor\n|-activate|p2a: Gliscor|move: Protect\n|\n|-heal|p1a: Swampert|87/302 psn|[from] item: Leftovers\n|-heal|p2a: Gliscor|136/239 tox|[from] ability: Poison Heal\n|-damage|p1a: Swampert|50/302 psn|[from] psn\n|upkeep\n|turn|30\n|\n|t:|1781443176\n|move|p2a: Gliscor|Earthquake|p1a: Swampert\n|-damage|p1a: Swampert|0 fnt\n|faint|p1a: Swampert\n|\n|win|ViPa\n", "inputlog": ">version a8376a258c1d4662feba110a92103f3664a72141\n>start {\"formatid\":\"gen9randombattle\",\"seed\":\"sodium,da03fc7aa140dfbebe6790b0a6d5b576\",\"rated\":\"Rated battle\"}\n>player p1 {\"name\":\"Higgelhiggel\",\"avatar\":\"1\",\"rating\":2158,\"seed\":\"sodium,325ee7b7e1277b5228b345341a8fd617\"}\n>player p2 {\"name\":\"ViPa\",\"avatar\":\"guitarist\",\"rating\":2228,\"seed\":\"sodium,27aaa9d6f1185c96c4031cf593774dbf\"}\n>p1 move uturn\n>p2 move irondefense\n>p1 switch 4\n>p1 move stealthrock\n>p2 switch 6\n>p1 move flipturn\n>p2 move toxicspikes\n>p1 switch 2\n>p1 move sunnyday\n>p2 move protect\n>p1 move fireblast\n>p2 switch 5\n>p1 switch 6\n>p2 move bodyslam\n>p1 move flashcannon\n>p2 move earthquake\n>p1 move aurasphere\n>p2 move earthquake\n>p1 switch 5\n>p1 move triplearrows\n>p2 switch 4\n>p1 move triplearrows\n>p2 move dazzlinggleam\n>p1 move roost\n>p2 move spikes\n>p1 move triplearrows\n>p2 move dazzlinggleam\n>p2 switch 2\n>p1 move suckerpunch\n>p2 move doubleedge\n>p1 switch 4\n>p1 move hurricane\n>p2 switch 4\n>p1 move hurricane\n>p2 move bodyslam\n>p1 move hurricane\n>p2 move curse\n>p1 move hurricane\n>p2 move bodyslam\n>p1 switch 6\n>p1 move energyball\n>p2 move bodyslam\n>p2 switch 4\n>p1 move sunnyday\n>p2 move fakeout\n>p1 move sunnyday\n>p2 move uturn\n>p2 switch 6\n>p1 move fireblast\n>p2 move bodypress\n>p1 move stompingtantrum\n>p2 move foulplay\n>p2 switch 6\n>p1 move fireblast\n>p2 move fakeout\n>p1 switch 2\n>p1 move flipturn\n>p2 move doubleedge\n>p1 switch 3\n>p2 switch 3\n>p1 move thunderbolt terastallize\n>p2 move calmmind\n>p1 move thunderbolt\n>p2 move drainingkiss terastallize\n>p2 switch 5\n>p1 move shadowball\n>p2 move protect\n>p1 move shadowball\n>p2 move protect\n>p1 switch 3\n>p1 move flipturn\n>p2 move protect\n>p1 move flipturn\n>p2 move earthquake", "uploadtime": 1781442820, "views": 4, "formatid": "gen9randombattle", "rating": null, "private": 0, "password": null, "player_dets": [{"name": "Higgelhiggel", "avatar": "1", "rating": 2158, "seed": "sodium,325ee7b7e1277b5228b345341a8fd617"}, {"name": "ViPa", "avatar": "guitarist", "rating": 2228, "seed": "sodium,27aaa9d6f1185c96c4031cf593774dbf"}], "teams_full": [{"Kilowattrel": {"name": "Kilowattrel", "species": "Kilowattrel", "speciesId": "kilowattrel", "gender": "F", "shiny": false, "level": 83, "moves": ["hurricane", "thunderbolt", "uturn", "roost"], "ability": "Volt Absorb", "evs": {"hp": 85, "atk": 85, "def": 85, "spa": 85, "spd": 85, "spe": 85}, "ivs": {"hp": 31, "atk": 31, "def": 31, "spa": 31, "spd": 31, "spe": 31}, "item": "Heavy-Duty Boots", "teraType": "Water", "role": "Bulky Attacker", "bvs": {"hp": 70, "atk": 70, "def": 60, "spa": 105, "spd": 60, "spe": 125}, "stats": {"hp": 252, "atk": 164, "def": 147, "spa": 222, "spd": 147, "spe": 255}}, "Scovillain": {"name": "Scovillain", "species": "Scovillain", "speciesId": "scovillain", "gender": "F", "shiny": false, "level": 91, "moves": ["sunnyday", "stompingtantrum", "fireblast", "energyball"], "ability": "Chlorophyll", "evs": {"hp": 85, "atk": 85, "def": 85, "spa": 85, "spd": 85, "spe": 85}, "ivs": {"hp": 31, "atk": 31, "def": 31, "spa": 31, "spd": 31, "spe": 31}, "item": "Heavy-Duty Boots", "teraType": "Ground", "role": "Wallbreaker", "bvs": {"hp": 65, "atk": 108, "def": 65, "spa": 108, "spd": 65, "spe": 75}, "stats": {"hp": 266, "atk": 248, "def": 170, "spa": 248, "spd": 170, "spe": 188}}, "Jolteon": {"name": "Jolteon", "species": "Jolteon", "speciesId": "jolteon", "gender": "F", "shiny": false, "level": 84, "moves": ["shadowball", "thunderbolt", "alluringvoice", "calmmind"], "ability": "Volt Absorb", "evs": {"hp": 85, "atk": 0, "def": 85, "spa": 85, "spd": 85, "spe": 85}, "ivs": {"hp": 31, "atk": 0, "def": 31, "spa": 31, "spd": 31, "spe": 31}, "item": "Life Orb", "teraType": "Electric", "role": "Fast Attacker", "bvs": {"hp": 65, "atk": 65, "def": 60, "spa": 110, "spd": 95, "spe": 130}, "stats": {"hp": 246, "atk": 114, "def": 149, "spa": 233, "spd": 208, "spe": 267}}, "Swampert": {"name": "Swampert", "species": "Swampert", "speciesId": "swampert", "gender": "F", "shiny": false, "level": 83, "moves": ["stealthrock", "earthquake", "yawn", "flipturn"], "ability": "Torrent", "evs": {"hp": 85, "atk": 85, "def": 85, "spa": 85, "spd": 85, "spe": 85}, "ivs": {"hp": 31, "atk": 31, "def": 31, "spa": 31, "spd": 31, "spe": 31}, "item": "Leftovers", "teraType": "Steel", "role": "Bulky Support", "bvs": {"hp": 100, "atk": 110, "def": 90, "spa": 85, "spd": 90, "spe": 60}, "stats": {"hp": 302, "atk": 230, "def": 197, "spa": 189, "spd": 197, "spe": 147}}, "Decidueye": {"name": "Decidueye", "species": "Decidueye-Hisui", "speciesId": "decidueyehisui", "gender": "F", "shiny": false, "level": 87, "moves": ["leafblade", "triplearrows", "roost", "suckerpunch"], "ability": "Scrappy", "evs": {"hp": 85, "atk": 85, "def": 85, "spa": 85, "spd": 85, "spe": 85}, "ivs": {"hp": 31, "atk": 31, "def": 31, "spa": 31, "spd": 31, "spe": 31}, "item": "Leftovers", "teraType": "Water", "role": "Bulky Attacker", "bvs": {"hp": 88, "atk": 112, "def": 80, "spa": 95, "spd": 95, "spe": 60}, "stats": {"hp": 295, "atk": 245, "def": 189, "spa": 215, "spd": 215, "spe": 154}}, "Magearna": {"name": "Magearna", "species": "Magearna", "speciesId": "magearna", "gender": "N", "shiny": false, "level": 77, "moves": ["fleurcannon", "aurasphere", "flashcannon", "thunderwave"], "ability": "Soul-Heart", "evs": {"hp": 85, "atk": 0, "def": 85, "spa": 85, "spd": 85, "spe": 85}, "ivs": {"hp": 31, "atk": 0, "def": 31, "spa": 31, "spd": 31, "spe": 31}, "item": "Leftovers", "teraType": "Water", "role": "Bulky Attacker", "bvs": {"hp": 80, "atk": 95, "def": 115, "spa": 130, "spd": 115, "spe": 65}, "stats": {"hp": 250, "atk": 151, "def": 222, "spa": 245, "spd": 222, "spe": 145}}}, {"Bastiodon": {"name": "Bastiodon", "species": "Bastiodon", "speciesId": "bastiodon", "gender": "F", "shiny": false, "level": 89, "moves": ["rest", "bodypress", "foulplay", "irondefense"], "ability": "Soundproof", "evs": {"hp": 85, "atk": 0, "def": 85, "spa": 85, "spd": 85, "spe": 85}, "ivs": {"hp": 31, "atk": 0, "def": 31, "spa": 31, "spd": 31, "spe": 31}, "item": "Chesto Berry", "teraType": "Fighting", "role": "Bulky Setup", "bvs": {"hp": 60, "atk": 52, "def": 168, "spa": 47, "spd": 138, "spe": 30}, "stats": {"hp": 252, "atk": 97, "def": 350, "spa": 134, "spd": 296, "spe": 104}}, "Ambipom": {"name": "Ambipom", "species": "Ambipom", "speciesId": "ambipom", "gender": "F", "shiny": false, "level": 84, "moves": ["uturn", "knockoff", "fakeout", "doubleedge"], "ability": "Technician", "evs": {"hp": 85, "atk": 85, "def": 85, "spa": 85, "spd": 85, "spe": 85}, "ivs": {"hp": 31, "atk": 31, "def": 31, "spa": 31, "spd": 31, "spe": 31}, "item": "Silk Scarf", "teraType": "Normal", "role": "Wallbreaker", "bvs": {"hp": 75, "atk": 100, "def": 66, "spa": 60, "spd": 66, "spe": 115}, "stats": {"hp": 263, "atk": 216, "def": 159, "spa": 149, "spd": 159, "spe": 241}}, "Diancie": {"name": "Diancie", "species": "Diancie", "speciesId": "diancie", "gender": "N", "shiny": false, "level": 82, "moves": ["drainingkiss", "earthpower", "calmmind", "diamondstorm"], "ability": "Clear Body", "evs": {"hp": 85, "atk": 85, "def": 85, "spa": 85, "spd": 85, "spe": 85}, "ivs": {"hp": 31, "atk": 31, "def": 31, "spa": 31, "spd": 31, "spe": 31}, "item": "Leftovers", "teraType": "Fairy", "role": "Bulky Setup", "bvs": {"hp": 50, "atk": 100, "def": 150, "spa": 100, "spd": 150, "spe": 50}, "stats": {"hp": 216, "atk": 211, "def": 293, "spa": 211, "spd": 293, "spe": 129}}, "Klefki": {"name": "Klefki", "species": "Klefki", "speciesId": "klefki", "gender": "M", "shiny": false, "level": 84, "moves": ["spikes", "dazzlinggleam", "thunderwave", "foulplay"], "ability": "Prankster", "evs": {"hp": 85, "atk": 0, "def": 85, "spa": 85, "spd": 85, "spe": 85}, "ivs": {"hp": 31, "atk": 0, "def": 31, "spa": 31, "spd": 31, "spe": 31}, "item": "Leftovers", "teraType": "Water", "role": "Bulky Attacker", "bvs": {"hp": 57, "atk": 80, "def": 91, "spa": 80, "spd": 87, "spe": 75}, "stats": {"hp": 233, "atk": 139, "def": 201, "spa": 183, "spd": 194, "spe": 174}}, "Snorlax": {"name": "Snorlax", "species": "Snorlax", "speciesId": "snorlax", "gender": "M", "shiny": false, "level": 82, "moves": ["earthquake", "crunch", "bodyslam", "curse"], "ability": "Thick Fat", "evs": {"hp": 85, "atk": 85, "def": 85, "spa": 85, "spd": 85, "spe": 85}, "ivs": {"hp": 31, "atk": 31, "def": 31, "spa": 31, "spd": 31, "spe": 31}, "item": "Leftovers", "teraType": "Ground", "role": "Bulky Setup", "bvs": {"hp": 160, "atk": 110, "def": 65, "spa": 65, "spd": 110, "spe": 30}, "stats": {"hp": 397, "atk": 228, "def": 154, "spa": 154, "spd": 228, "spe": 96}}, "Gliscor": {"name": "Gliscor", "species": "Gliscor", "speciesId": "gliscor", "gender": "M", "shiny": false, "level": 76, "moves": ["knockoff", "earthquake", "protect", "toxicspikes"], "ability": "Poison Heal", "evs": {"hp": 85, "atk": 85, "def": 85, "spa": 85, "spd": 85, "spe": 85}, "ivs": {"hp": 31, "atk": 31, "def": 31, "spa": 31, "spd": 31, "spe": 31}, "item": "Toxic Orb", "teraType": "Water", "role": "Bulky Support", "bvs": {"hp": 75, "atk": 95, "def": 125, "spa": 45, "spd": 75, "spe": 95}, "stats": {"hp": 239, "atk": 188, "def": 234, "spa": 112, "spd": 158, "spe": 188}}}]}