{"id": "gen9randombattle-2631505596", "format": "[Gen 9] Random Battle", "players": ["count.slapula", "yanmigamers7"], "log": "|j|\u2606count.slapula\n|j|\u2606yanmigamers7\n|t:|1781393736\n|gametype|singles\n|player|p1|count.slapula|youngster-gen1rb|1583\n|player|p2|yanmigamers7|170|1614\n|gen|9\n|tier|[Gen 9] Random Battle\n|rated|\n|rule|Species Clause: Limit one of each Pok\u00e9mon\n|rule|HP Percentage Mod: HP is shown in percentages\n|rule|Sleep Clause Mod: Limit one foe put to sleep\n|rule|Illusion Level Mod: Illusion disguises the Pok\u00e9mon's true level\n|\n|t:|1781393736\n|teamsize|p1|6\n|teamsize|p2|6\n|start\n|switch|p1a: Pawmot|Pawmot, L80, M|243/243\n|switch|p2a: Quagsire|Quagsire, L84, M|297/297\n|turn|1\n|\n|t:|1781393751\n|switch|p1a: Cetitan|Cetitan, L82, F|413/413\n|move|p2a: Quagsire|Spikes|p1a: Cetitan\n|-sidestart|p1: count.slapula|Spikes\n|\n|upkeep\n|turn|2\n|\n|t:|1781393773\n|move|p1a: Cetitan|Liquidation|p2a: Quagsire\n|-damage|p2a: Quagsire|180/297\n|move|p2a: Quagsire|Toxic|p1a: Cetitan\n|-status|p1a: Cetitan|tox\n|\n|-heal|p2a: Quagsire|198/297|[from] item: Leftovers\n|-damage|p1a: Cetitan|388/413 tox|[from] psn\n|upkeep\n|turn|3\n|\n|t:|1781393778\n|move|p1a: Cetitan|Liquidation|p2a: Quagsire\n|-damage|p2a: Quagsire|84/297\n|move|p2a: Quagsire|Recover|p2a: Quagsire\n|-heal|p2a: Quagsire|233/297\n|\n|-heal|p2a: Quagsire|251/297|[from] item: Leftovers\n|-damage|p1a: Cetitan|338/413 tox|[from] psn\n|upkeep\n|turn|4\n|\n|t:|1781393789\n|switch|p1a: Torterra|Torterra, L78, F|276/276\n|-damage|p1a: Torterra|242/276|[from] Spikes\n|move|p2a: Quagsire|Spikes|p1a: Torterra\n|-sidestart|p1: count.slapula|Spikes\n|\n|-heal|p2a: Quagsire|269/297|[from] item: Leftovers\n|upkeep\n|turn|5\n|\n|t:|1781393794\n|move|p1a: Torterra|Bullet Seed|p2a: Quagsire\n|-supereffective|p2a: Quagsire\n|-damage|p2a: Quagsire|157/297\n|-supereffective|p2a: Quagsire\n|-damage|p2a: Quagsire|45/297\n|-supereffective|p2a: Quagsire\n|-damage|p2a: Quagsire|0 fnt\n|faint|p2a: Quagsire\n|-hitcount|p2: Quagsire|3\n|\n|upkeep\n|\n|t:|1781393798\n|switch|p2a: Arbok|Arbok, L87, M|246/246\n|-ability|p2a: Arbok|Intimidate|boost\n|-unboost|p1a: Torterra|atk|1\n|turn|6\n|inactive|Battle timer is ON: inactive players will automatically lose when time's up. (requested by yanmigamers7)\n|\n|t:|1781393804\n|switch|p1a: Necrozma|Necrozma-Dusk-Mane, L69|248/248\n|-damage|p1a: Necrozma|207/248|[from] Spikes\n|move|p2a: Arbok|Gunk Shot|p1a: Necrozma\n|-immune|p1a: Necrozma\n|\n|upkeep\n|turn|7\n|\n|t:|1781393823\n|move|p2a: Arbok|Coil|p2a: Arbok\n|-boost|p2a: Arbok|atk|1\n|-boost|p2a: Arbok|def|1\n|-boost|p2a: Arbok|accuracy|1\n|move|p1a: Necrozma|Dragon Dance|p1a: Necrozma\n|-boost|p1a: Necrozma|atk|1\n|-boost|p1a: Necrozma|spe|1\n|\n|upkeep\n|turn|8\n|\n|t:|1781393828\n|move|p1a: Necrozma|Earthquake|p2a: Arbok\n|-supereffective|p2a: Arbok\n|-damage|p2a: Arbok|70/246\n|move|p2a: Arbok|Earthquake|p1a: Necrozma\n|-supereffective|p1a: Necrozma\n|-damage|p1a: Necrozma|65/248\n|-enditem|p1a: Necrozma|Weakness Policy\n|-boost|p1a: Necrozma|atk|2|[from] item: Weakness Policy\n|-boost|p1a: Necrozma|spa|2|[from] item: Weakness Policy\n|\n|-heal|p2a: Arbok|85/246|[from] item: Leftovers\n|upkeep\n|turn|9\n|\n|t:|1781393831\n|move|p1a: Necrozma|Earthquake|p2a: Arbok\n|-supereffective|p2a: Arbok\n|-damage|p2a: Arbok|0 fnt\n|faint|p2a: Arbok\n|\n|upkeep\n|\n|t:|1781393844\n|switch|p2a: Conkeldurr|Conkeldurr, L80, F|299/299\n|turn|10\n|\n|t:|1781393858\n|switch|p1a: Articuno|Articuno-Galar, L84|288/288\n|move|p2a: Conkeldurr|Mach Punch|p1a: Articuno\n|-resisted|p1a: Articuno\n|-damage|p1a: Articuno|276/288\n|\n|-status|p2a: Conkeldurr|brn|[from] item: Flame Orb\n|upkeep\n|turn|11\n|\n|t:|1781393865\n|move|p1a: Articuno|Freezing Glare|p2a: Conkeldurr\n|-supereffective|p2a: Conkeldurr\n|-damage|p2a: Conkeldurr|0 fnt\n|faint|p2a: Conkeldurr\n|\n|upkeep\n|\n|t:|1781393874\n|switch|p2a: Kommo-o|Kommo-o, L78, F|245/245\n|turn|12\n|\n|t:|1781393879\n|-terastallize|p2a: Kommo-o|Steel\n|move|p1a: Articuno|Freezing Glare|p2a: Kommo-o\n|-resisted|p2a: Kommo-o\n|-damage|p2a: Kommo-o|189/245\n|move|p2a: Kommo-o|Swords Dance|p2a: Kommo-o\n|-boost|p2a: Kommo-o|atk|2\n|\n|upkeep\n|turn|13\n|\n|t:|1781393890\n|move|p1a: Articuno|Hurricane|p2a: Kommo-o\n|-resisted|p2a: Kommo-o\n|-damage|p2a: Kommo-o|121/245\n|move|p2a: Kommo-o|Scale Shot|p1a: Articuno\n|-crit|p1a: Articuno\n|-damage|p1a: Articuno|189/288\n|-damage|p1a: Articuno|137/288\n|-damage|p1a: Articuno|85/288\n|-damage|p1a: Articuno|28/288\n|-damage|p1a: Articuno|0 fnt\n|faint|p1a: Articuno\n|-hitcount|p1: Articuno|5\n|-unboost|p2a: Kommo-o|def|1\n|-boost|p2a: Kommo-o|spe|1\n|\n|upkeep\n|\n|t:|1781393901\n|switch|p1a: Cetitan|Cetitan, L82, F|338/413 tox\n|-damage|p1a: Cetitan|270/413 tox|[from] Spikes\n|turn|14\n|\n|t:|1781393909\n|move|p1a: Cetitan|Ice Shard|p2a: Kommo-o\n|-resisted|p2a: Kommo-o\n|-damage|p2a: Kommo-o|82/245\n|-damage|p1a: Cetitan|229/413 tox|[from] item: Life Orb\n|move|p2a: Kommo-o|Close Combat|p1a: Cetitan\n|-supereffective|p1a: Cetitan\n|-damage|p1a: Cetitan|0 fnt\n|-unboost|p2a: Kommo-o|def|1\n|-unboost|p2a: Kommo-o|spd|1\n|faint|p1a: Cetitan\n|\n|upkeep\n|\n|t:|1781393917\n|switch|p1a: Keldeo|Keldeo-Resolute, L79|273/273\n|-damage|p1a: Keldeo|228/273|[from] Spikes\n|turn|15\n|\n|t:|1781393920\n|move|p1a: Keldeo|Vacuum Wave|p2a: Kommo-o\n|-supereffective|p2a: Kommo-o\n|-damage|p2a: Kommo-o|0 fnt\n|faint|p2a: Kommo-o\n|\n|upkeep\n|\n|t:|1781393924\n|switch|p2a: Tsareena|Tsareena, L87, F|267/267\n|turn|16\n|\n|t:|1781393931\n|switch|p1a: Necrozma|Necrozma-Dusk-Mane, L69|65/248\n|-damage|p1a: Necrozma|24/248|[from] Spikes\n|move|p2a: Tsareena|Power Whip|p1a: Necrozma\n|-resisted|p1a: Necrozma\n|-damage|p1a: Necrozma|0 fnt\n|faint|p1a: Necrozma\n|\n|upkeep\n|\n|t:|1781393933\n|switch|p1a: Pawmot|Pawmot, L80, M|243/243\n|-damage|p1a: Pawmot|203/243|[from] Spikes\n|turn|17\n|\n|t:|1781393939\n|move|p1a: Pawmot|Ice Punch|p2a: Tsareena\n|-supereffective|p2a: Tsareena\n|-damage|p2a: Tsareena|108/267\n|-damage|p1a: Pawmot|179/243|[from] item: Life Orb\n|move|p2a: Tsareena|Power Whip|p1a: Pawmot\n|-damage|p1a: Pawmot|0 fnt\n|faint|p1a: Pawmot\n|\n|upkeep\n|\n|t:|1781393944\n|switch|p1a: Torterra|Torterra, L78, F|242/276\n|-damage|p1a: Torterra|196/276|[from] Spikes\n|turn|18\n|\n|t:|1781393948\n|-terastallize|p1a: Torterra|Grass\n|move|p2a: Tsareena|Power Whip|p1a: Torterra\n|-resisted|p1a: Torterra\n|-damage|p1a: Torterra|126/276\n|move|p1a: Torterra|Shell Smash|p1a: Torterra\n|-unboost|p1a: Torterra|def|1\n|-unboost|p1a: Torterra|spd|1\n|-boost|p1a: Torterra|atk|2\n|-boost|p1a: Torterra|spa|2\n|-boost|p1a: Torterra|spe|2\n|\n|upkeep\n|turn|19\n|\n|t:|1781393954\n|move|p1a: Torterra|Bullet Seed|p2a: Tsareena\n|-resisted|p2a: Tsareena\n|-damage|p2a: Tsareena|77/267\n|-resisted|p2a: Tsareena\n|-damage|p2a: Tsareena|44/267\n|-resisted|p2a: Tsareena\n|-damage|p2a: Tsareena|15/267\n|-resisted|p2a: Tsareena\n|-damage|p2a: Tsareena|0 fnt\n|faint|p2a: Tsareena\n|-hitcount|p2: Tsareena|4\n|\n|upkeep\n|\n|t:|1781393956\n|switch|p2a: Walking Wake|Walking Wake, L79|286/286\n|turn|20\n|\n|t:|1781393959\n|move|p1a: Torterra|Bullet Seed|p2a: Walking Wake\n|-damage|p2a: Walking Wake|216/286\n|-damage|p2a: Walking Wake|146/286\n|-damage|p2a: Walking Wake|72/286\n|-damage|p2a: Walking Wake|6/286\n|-hitcount|p2a: Walking Wake|4\n|move|p2a: Walking Wake|Sunny Day|p2a: Walking Wake\n|-weather|SunnyDay\n|-activate|p2a: Walking Wake|ability: Protosynthesis\n|-start|p2a: Walking Wake|protosynthesisspa\n|\n|-weather|SunnyDay|[upkeep]\n|upkeep\n|turn|21\n|\n|t:|1781393968\n|move|p1a: Torterra|Bullet Seed|p2a: Walking Wake\n|-damage|p2a: Walking Wake|0 fnt\n|faint|p2a: Walking Wake\n|-end|p2a: Walking Wake|Protosynthesis|[silent]\n|-hitcount|p2: Walking Wake|1\n|\n|win|count.slapula\n|raw|count.slapula's rating: 1583 &rarr; <strong>1606</strong><br />(+23 for winning)\n|raw|yanmigamers7's rating: 1633 &rarr; <strong>1610</strong><br />(-23 for losing)\n|l|\u2606yanmigamers7\n|player|p2|\n", "inputlog": ">version a8376a258c1d4662feba110a92103f3664a72141\n>start {\"formatid\":\"gen9randombattle\",\"seed\":\"sodium,a4044b35f003908a0891df0906b6c38a\",\"rated\":\"Rated battle\"}\n>player p1 {\"name\":\"count.slapula\",\"avatar\":\"youngster-gen1rb\",\"rating\":1583,\"seed\":\"sodium,6e85a85acb8caff1a5d5bf5134455b15\"}\n>player p2 {\"name\":\"yanmigamers7\",\"avatar\":\"170\",\"rating\":1614,\"seed\":\"sodium,c219f8db346f2fc1fd0ff805f445e3c1\"}\n>p1 switch 6\n>p2 move spikes\n>p1 move liquidation\n>p2 move toxic\n>p1 move liquidation\n>p2 move recover\n>p1 switch 3\n>p2 move spikes\n>p1 move bulletseed\n>p2 move toxic\n>p2 switch 6\n>p1 switch 4\n>p2 move gunkshot\n>p1 move dragondance\n>p2 move coil\n>p1 move earthquake\n>p2 move earthquake\n>p1 move earthquake\n>p2 move trailblaze\n>p2 switch 2\n>p1 switch 5\n>p2 move machpunch\n>p1 move freezingglare\n>p2 move knockoff\n>p2 switch 3\n>p1 move freezingglare\n>p2 move swordsdance terastallize\n>p1 move hurricane\n>p2 move scaleshot\n>p1 switch 3\n>p1 move iceshard\n>p2 move closecombat\n>p1 switch 2\n>p1 move vacuumwave\n>p2 move scaleshot\n>p2 switch 5\n>p1 switch 5\n>p2 move powerwhip\n>p1 switch 6\n>p1 move icepunch\n>p2 move powerwhip\n>p1 switch 4\n>p1 move shellsmash terastallize\n>p2 move powerwhip\n>p1 move bulletseed\n>p2 move synthesis\n>p2 switch 4\n>p1 move bulletseed\n>p2 move sunnyday\n>p1 move bulletseed\n>p2 move flamethrower", "uploadtime": 1781393970, "views": 5, "formatid": "gen9randombattle", "rating": 1606, "private": 0, "password": null, "player_dets": [{"name": "count.slapula", "avatar": "youngster-gen1rb", "rating": 1583, "seed": "sodium,6e85a85acb8caff1a5d5bf5134455b15"}, {"name": "yanmigamers7", "avatar": "170", "rating": 1614, "seed": "sodium,c219f8db346f2fc1fd0ff805f445e3c1"}], "teams_full": [{"Pawmot": {"name": "Pawmot", "species": "Pawmot", "speciesId": "pawmot", "gender": "M", "shiny": false, "level": 80, "moves": ["icepunch", "revivalblessing", "closecombat", "doubleshock"], "ability": "Iron Fist", "evs": {"hp": 85, "atk": 85, "def": 85, "spa": 85, "spd": 85, "spe": 85}, "ivs": {"hp": 31, "atk": 31, "def": 31, "spa": 31, "spd": 31, "spe": 31}, "item": "Life Orb", "teraType": "Electric", "role": "Wallbreaker", "bvs": {"hp": 70, "atk": 115, "def": 70, "spa": 70, "spd": 60, "spe": 105}, "stats": {"hp": 243, "atk": 230, "def": 158, "spa": 158, "spd": 142, "spe": 214}, "types": ["Electric", "Fighting"]}, "Keldeo": {"name": "Keldeo", "species": "Keldeo-Resolute", "speciesId": "keldeoresolute", "gender": "N", "shiny": false, "level": 79, "moves": ["flipturn", "vacuumwave", "hydropump", "secretsword"], "ability": "Justified", "evs": {"hp": 85, "atk": 85, "def": 85, "spa": 85, "spd": 85, "spe": 85}, "ivs": {"hp": 31, "atk": 31, "def": 31, "spa": 31, "spd": 31, "spe": 31}, "item": "Choice Specs", "teraType": "Fighting", "role": "Fast Attacker", "bvs": {"hp": 91, "atk": 72, "def": 90, "spa": 129, "spd": 90, "spe": 108}, "stats": {"hp": 273, "atk": 159, "def": 188, "spa": 249, "spd": 188, "spe": 216}, "types": ["Water", "Fighting"]}, "Torterra": {"name": "Torterra", "species": "Torterra", "speciesId": "torterra", "gender": "F", "shiny": false, "level": 78, "moves": ["rockblast", "shellsmash", "headlongrush", "bulletseed"], "ability": "Overgrow", "evs": {"hp": 85, "atk": 85, "def": 85, "spa": 85, "spd": 85, "spe": 85}, "ivs": {"hp": 31, "atk": 31, "def": 31, "spa": 31, "spd": 31, "spe": 31}, "item": "Loaded Dice", "teraType": "Grass", "role": "Setup Sweeper", "bvs": {"hp": 95, "atk": 109, "def": 105, "spa": 75, "spd": 85, "spe": 56}, "stats": {"hp": 276, "atk": 215, "def": 209, "spa": 162, "spd": 178, "spe": 132}, "types": ["Grass", "Ground"]}, "Necrozma": {"name": "Necrozma", "species": "Necrozma-Dusk-Mane", "speciesId": "necrozmaduskmane", "gender": "N", "shiny": false, "level": 69, "moves": ["dragondance", "earthquake", "morningsun", "sunsteelstrike"], "ability": "Prism Armor", "evs": {"hp": 85, "atk": 85, "def": 85, "spa": 85, "spd": 85, "spe": 85}, "ivs": {"hp": 31, "atk": 31, "def": 31, "spa": 31, "spd": 31, "spe": 31}, "item": "Weakness Policy", "teraType": "Steel", "role": "Bulky Setup", "bvs": {"hp": 97, "atk": 157, "def": 127, "spa": 113, "spd": 109, "spe": 77}, "stats": {"hp": 248, "atk": 257, "def": 216, "spa": 196, "spd": 191, "spe": 147}, "types": ["Psychic", "Steel"]}, "Articuno": {"name": "Articuno", "species": "Articuno-Galar", "speciesId": "articunogalar", "gender": "N", "shiny": false, "level": 84, "moves": ["calmmind", "hurricane", "recover", "freezingglare"], "ability": "Competitive", "evs": {"hp": 85, "atk": 0, "def": 85, "spa": 85, "spd": 85, "spe": 85}, "ivs": {"hp": 31, "atk": 0, "def": 31, "spa": 31, "spd": 31, "spe": 31}, "item": "Heavy-Duty Boots", "teraType": "Steel", "role": "Fast Bulky Setup", "bvs": {"hp": 90, "atk": 85, "def": 85, "spa": 125, "spd": 100, "spe": 95}, "stats": {"hp": 288, "atk": 147, "def": 191, "spa": 258, "spd": 216, "spe": 208}, "types": ["Psychic", "Flying"]}, "Cetitan": {"name": "Cetitan", "species": "Cetitan", "speciesId": "cetitan", "gender": "F", "shiny": false, "level": 82, "moves": ["earthquake", "liquidation", "iciclecrash", "iceshard"], "ability": "Sheer Force", "evs": {"hp": 85, "atk": 85, "def": 85, "spa": 85, "spd": 85, "spe": 85}, "ivs": {"hp": 31, "atk": 31, "def": 31, "spa": 31, "spd": 31, "spe": 31}, "item": "Life Orb", "teraType": "Water", "role": "Wallbreaker", "bvs": {"hp": 170, "atk": 113, "def": 65, "spa": 45, "spd": 55, "spe": 73}, "stats": {"hp": 413, "atk": 232, "def": 154, "spa": 121, "spd": 137, "spe": 167}, "types": ["Ice"]}}, {"Quagsire": {"name": "Quagsire", "species": "Quagsire", "speciesId": "quagsire", "gender": "M", "shiny": false, "level": 84, "moves": ["earthquake", "toxic", "spikes", "recover"], "ability": "Unaware", "evs": {"hp": 85, "atk": 85, "def": 85, "spa": 85, "spd": 85, "spe": 85}, "ivs": {"hp": 31, "atk": 31, "def": 31, "spa": 31, "spd": 31, "spe": 31}, "item": "Leftovers", "teraType": "Steel", "role": "Bulky Support", "bvs": {"hp": 95, "atk": 85, "def": 85, "spa": 65, "spd": 65, "spe": 35}, "stats": {"hp": 297, "atk": 191, "def": 191, "spa": 157, "spd": 157, "spe": 107}, "types": ["Water", "Ground"]}, "Conkeldurr": {"name": "Conkeldurr", "species": "Conkeldurr", "speciesId": "conkeldurr", "gender": "F", "shiny": false, "level": 80, "moves": ["closecombat", "facade", "knockoff", "machpunch"], "ability": "Guts", "evs": {"hp": 85, "atk": 85, "def": 85, "spa": 85, "spd": 85, "spe": 85}, "ivs": {"hp": 31, "atk": 31, "def": 31, "spa": 31, "spd": 31, "spe": 31}, "item": "Flame Orb", "teraType": "Normal", "role": "Wallbreaker", "bvs": {"hp": 105, "atk": 140, "def": 95, "spa": 55, "spd": 65, "spe": 45}, "stats": {"hp": 299, "atk": 270, "def": 198, "spa": 134, "spd": 150, "spe": 118}, "types": ["Fighting"]}, "Kommo-o": {"name": "Kommo-o", "species": "Kommo-o", "speciesId": "kommoo", "gender": "F", "shiny": false, "level": 78, "moves": ["closecombat", "swordsdance", "scaleshot", "ironhead"], "ability": "Soundproof", "evs": {"hp": 85, "atk": 85, "def": 85, "spa": 85, "spd": 85, "spe": 85}, "ivs": {"hp": 31, "atk": 31, "def": 31, "spa": 31, "spd": 31, "spe": 31}, "item": "Loaded Dice", "teraType": "Steel", "role": "Setup Sweeper", "bvs": {"hp": 75, "atk": 110, "def": 125, "spa": 100, "spd": 105, "spe": 85}, "stats": {"hp": 245, "atk": 217, "def": 240, "spa": 201, "spd": 209, "spe": 178}, "types": ["Dragon", "Fighting"]}, "Walking Wake": {"name": "Walking Wake", "species": "Walking Wake", "speciesId": "walkingwake", "gender": "N", "shiny": false, "level": 79, "moves": ["dracometeor", "hydrosteam", "sunnyday", "flamethrower"], "ability": "Protosynthesis", "evs": {"hp": 85, "atk": 0, "def": 85, "spa": 85, "spd": 85, "spe": 85}, "ivs": {"hp": 31, "atk": 0, "def": 31, "spa": 31, "spd": 31, "spe": 31}, "item": "Life Orb", "teraType": "Fire", "role": "Fast Attacker", "bvs": {"hp": 99, "atk": 83, "def": 91, "spa": 125, "spd": 83, "spe": 109}, "stats": {"hp": 286, "atk": 136, "def": 189, "spa": 243, "spd": 177, "spe": 218}, "types": ["Water", "Dragon"]}, "Tsareena": {"name": "Tsareena", "species": "Tsareena", "speciesId": "tsareena", "gender": "F", "shiny": false, "level": 87, "moves": ["powerwhip", "synthesis", "highjumpkick", "uturn"], "ability": "Queenly Majesty", "evs": {"hp": 85, "atk": 85, "def": 85, "spa": 85, "spd": 85, "spe": 85}, "ivs": {"hp": 31, "atk": 31, "def": 31, "spa": 31, "spd": 31, "spe": 31}, "item": "Heavy-Duty Boots", "teraType": "Fighting", "role": "Fast Support", "bvs": {"hp": 72, "atk": 120, "def": 98, "spa": 50, "spd": 98, "spe": 72}, "stats": {"hp": 267, "atk": 259, "def": 220, "spa": 137, "spd": 220, "spe": 175}, "types": ["Grass"]}, "Arbok": {"name": "Arbok", "species": "Arbok", "speciesId": "arbok", "gender": "M", "shiny": false, "level": 87, "moves": ["gunkshot", "coil", "earthquake", "trailblaze"], "ability": "Intimidate", "evs": {"hp": 85, "atk": 85, "def": 85, "spa": 85, "spd": 85, "spe": 85}, "ivs": {"hp": 31, "atk": 31, "def": 31, "spa": 31, "spd": 31, "spe": 31}, "item": "Leftovers", "teraType": "Ground", "role": "Bulky Setup", "bvs": {"hp": 60, "atk": 95, "def": 69, "spa": 65, "spd": 79, "spe": 80}, "stats": {"hp": 246, "atk": 215, "def": 170, "spa": 163, "spd": 187, "spe": 189}, "types": ["Poison"]}}]}