{"id": "gen9randombattle-2631899003", "format": "[Gen 9] Random Battle", "players": ["Golden Autum", "junghoking"], "log": "|j|\u2606Golden Autum\n|j|\u2606junghoking\n|t:|1781453438\n|gametype|singles\n|player|p1|Golden Autum|karen|1909\n|player|p2|junghoking|nate|1964\n|gen|9\n|tier|[Gen 9] Random Battle\n|rated|\n|rule|Species Clause: Limit one of each Pok\u00e9mon\n|rule|HP Percentage Mod: HP is shown in percentages\n|rule|Sleep Clause Mod: Limit one foe put to sleep\n|rule|Illusion Level Mod: Illusion disguises the Pok\u00e9mon's true level\n|\n|t:|1781453438\n|teamsize|p1|6\n|teamsize|p2|6\n|start\n|switch|p1a: Registeel|Registeel, L81|262/262\n|switch|p2a: Samurott|Samurott-Hisui, L77, M|265/265\n|turn|1\n|inactive|Battle timer is ON: inactive players will automatically lose when time's up. (requested by junghoking)\n|\n|t:|1781453479\n|move|p2a: Samurott|Ceaseless Edge|p1a: Registeel\n|-damage|p1a: Registeel|169/262\n|-sidestart|p1: Golden Autum|Spikes\n|move|p1a: Registeel|Thunder Wave|p2a: Samurott\n|-status|p2a: Samurott|par\n|\n|-heal|p1a: Registeel|185/262|[from] item: Leftovers\n|upkeep\n|turn|2\n|\n|t:|1781453489\n|move|p1a: Registeel|Stealth Rock|p2a: Samurott\n|-sidestart|p2: junghoking|move: Stealth Rock\n|move|p2a: Samurott|Ceaseless Edge|p1a: Registeel\n|-damage|p1a: Registeel|88/262\n|-sidestart|p1: Golden Autum|Spikes\n|\n|-heal|p1a: Registeel|104/262|[from] item: Leftovers\n|upkeep\n|turn|3\n|\n|t:|1781453493\n|move|p1a: Registeel|Body Press|p2a: Samurott\n|-supereffective|p2a: Samurott\n|-damage|p2a: Samurott|105/265 par\n|move|p2a: Samurott|Ceaseless Edge|p1a: Registeel\n|-damage|p1a: Registeel|13/262\n|-sidestart|p1: Golden Autum|Spikes\n|\n|-heal|p1a: Registeel|29/262|[from] item: Leftovers\n|upkeep\n|turn|4\n|\n|t:|1781453503\n|move|p1a: Registeel|Body Press|p2a: Samurott\n|-supereffective|p2a: Samurott\n|-damage|p2a: Samurott|0 fnt\n|faint|p2a: Samurott\n|\n|-heal|p1a: Registeel|45/262|[from] item: Leftovers\n|upkeep\n|\n|t:|1781453529\n|switch|p2a: Reshiram|Reshiram, L76|277/277\n|-ability|p2a: Reshiram|Turboblaze\n|turn|5\n|inactive|Golden Autum has 120 seconds left.\n|l|\u2606junghoking\n|inactive|junghoking disconnected and has a minute to reconnect!\n|player|p2|\n|j|\u2606junghoking\n|inactive|junghoking reconnected.\n|player|p2|junghoking|nate|\n|\n|t:|1781453583\n|move|p2a: Reshiram|Earth Power|p1a: Registeel\n|-supereffective|p1a: Registeel\n|-crit|p1a: Registeel\n|-damage|p1a: Registeel|0 fnt\n|faint|p1a: Registeel\n|\n|upkeep\n|\n|t:|1781453596\n|switch|p1a: Haxorus|Haxorus, L77, M|244/244\n|-damage|p1a: Haxorus|183/244|[from] Spikes\n|-ability|p1a: Haxorus|Mold Breaker\n|turn|6\n|\n|t:|1781453602\n|move|p1a: Haxorus|Scale Shot|p2a: Reshiram|[miss]\n|-miss|p1a: Haxorus|p2a: Reshiram\n|move|p2a: Reshiram|Draco Meteor|p1a: Haxorus\n|-supereffective|p1a: Haxorus\n|-damage|p1a: Haxorus|0 fnt\n|-unboost|p2a: Reshiram|spa|2\n|faint|p1a: Haxorus\n|\n|upkeep\n|\n|t:|1781453611\n|switch|p1a: Plusle|Plusle, L95, F|268/268\n|-damage|p1a: Plusle|201/268|[from] Spikes\n|turn|7\n|\n|t:|1781453616\n|move|p1a: Plusle|Nasty Plot|p1a: Plusle\n|-boost|p1a: Plusle|spa|2\n|move|p2a: Reshiram|Earth Power|p1a: Plusle\n|-supereffective|p1a: Plusle\n|-damage|p1a: Plusle|121/268\n|\n|upkeep\n|turn|8\n|\n|t:|1781453623\n|move|p1a: Plusle|Alluring Voice|p2a: Reshiram\n|-damage|p2a: Reshiram|128/277\n|-damage|p1a: Plusle|95/268|[from] item: Life Orb\n|move|p2a: Reshiram|Blue Flare|p1a: Plusle|[miss]\n|-miss|p2a: Reshiram|p1a: Plusle\n|\n|upkeep\n|turn|9\n|\n|t:|1781453628\n|move|p1a: Plusle|Alluring Voice|p2a: Reshiram\n|-crit|p2a: Reshiram\n|-damage|p2a: Reshiram|0 fnt\n|faint|p2a: Reshiram\n|-damage|p1a: Plusle|69/268|[from] item: Life Orb\n|\n|upkeep\n|\n|t:|1781453636\n|switch|p2a: Uxie|Uxie, L83|260/260\n|-damage|p2a: Uxie|228/260|[from] Stealth Rock\n|turn|10\n|\n|t:|1781453641\n|move|p1a: Plusle|Thunderbolt|p2a: Uxie\n|-damage|p2a: Uxie|14/260\n|-damage|p1a: Plusle|43/268|[from] item: Life Orb\n|move|p2a: Uxie|Knock Off|p1a: Plusle\n|-damage|p1a: Plusle|0 fnt\n|-enditem|p1a: Plusle|Life Orb|[from] move: Knock Off|[of] p2a: Uxie\n|faint|p1a: Plusle\n|\n|-heal|p2a: Uxie|30/260|[from] item: Leftovers\n|upkeep\n|\n|t:|1781453646\n|switch|p1a: Leavanny|Leavanny, L86, M|269/269\n|turn|11\n|\n|t:|1781453654\n|move|p1a: Leavanny|Knock Off|p2a: Uxie\n|-supereffective|p2a: Uxie\n|-damage|p2a: Uxie|0 fnt\n|-enditem|p2a: Uxie|Leftovers|[from] move: Knock Off|[of] p1a: Leavanny\n|faint|p2a: Uxie\n|\n|upkeep\n|\n|t:|1781453657\n|switch|p2a: Iron Thorns|Iron Thorns, L83|302/302\n|-damage|p2a: Iron Thorns|265/302|[from] Stealth Rock\n|-item|p2a: Iron Thorns|Air Balloon\n|turn|12\n|\n|t:|1781453668\n|move|p1a: Leavanny|Leaf Blade|p2a: Iron Thorns\n|-supereffective|p2a: Iron Thorns\n|-damage|p2a: Iron Thorns|71/302\n|-enditem|p2a: Iron Thorns|Air Balloon\n|move|p2a: Iron Thorns|Stone Edge|p1a: Leavanny\n|-supereffective|p1a: Leavanny\n|-damage|p1a: Leavanny|0 fnt\n|faint|p1a: Leavanny\n|\n|upkeep\n|\n|t:|1781453677\n|switch|p1a: Klawf|Klawf, L90, M|272/272\n|-damage|p1a: Klawf|204/272|[from] Spikes\n|turn|13\n|\n|t:|1781453688\n|move|p1a: Klawf|High Horsepower|p2a: Iron Thorns\n|-supereffective|p2a: Iron Thorns\n|-damage|p2a: Iron Thorns|0 fnt\n|faint|p2a: Iron Thorns\n|-end|p2a: Iron Thorns|Quark Drive|[silent]\n|\n|upkeep\n|\n|t:|1781453690\n|switch|p2a: Garganacl|Garganacl, L80, M|291/291\n|-damage|p2a: Garganacl|255/291|[from] Stealth Rock\n|turn|14\n|\n|t:|1781453705\n|switch|p1a: Jumpluff|Jumpluff, L87, F|271/271\n|move|p2a: Garganacl|Salt Cure|p1a: Jumpluff\n|-supereffective|p1a: Jumpluff\n|-damage|p1a: Jumpluff|175/271\n|-start|p1a: Jumpluff|Salt Cure\n|\n|-heal|p2a: Garganacl|273/291|[from] item: Leftovers\n|-damage|p1a: Jumpluff|142/271|[from] Salt Cure\n|upkeep\n|turn|15\n|\n|t:|1781453711\n|move|p1a: Jumpluff|Strength Sap|p2a: Garganacl\n|-unboost|p2a: Garganacl|atk|1\n|-heal|p1a: Jumpluff|271/271\n|move|p2a: Garganacl|Salt Cure|p1a: Jumpluff\n|-supereffective|p1a: Jumpluff\n|-damage|p1a: Jumpluff|205/271\n|\n|-heal|p2a: Garganacl|291/291|[from] item: Leftovers\n|-damage|p1a: Jumpluff|172/271|[from] Salt Cure\n|upkeep\n|turn|16\n|\n|t:|1781453717\n|move|p1a: Jumpluff|U-turn|p2a: Garganacl\n|-damage|p2a: Garganacl|262/291\n|\n|t:|1781453719\n|switch|p1a: Klawf|Klawf, L90, M|272/272|[from] U-turn\n|-damage|p1a: Klawf|204/272|[from] Spikes\n|move|p2a: Garganacl|Salt Cure|p1a: Klawf\n|-damage|p1a: Klawf|183/272\n|-start|p1a: Klawf|Salt Cure\n|\n|-heal|p2a: Garganacl|280/291|[from] item: Leftovers\n|-damage|p1a: Klawf|149/272|[from] Salt Cure\n|upkeep\n|turn|17\n|\n|t:|1781453722\n|move|p1a: Klawf|Crabhammer|p2a: Garganacl\n|-supereffective|p2a: Garganacl\n|-damage|p2a: Garganacl|144/291\n|move|p2a: Garganacl|Salt Cure|p1a: Klawf\n|-damage|p1a: Klawf|130/272\n|\n|-heal|p2a: Garganacl|162/291|[from] item: Leftovers\n|-damage|p1a: Klawf|96/272|[from] Salt Cure\n|upkeep\n|turn|18\n|\n|t:|1781453729\n|move|p2a: Garganacl|Protect|p2a: Garganacl\n|-singleturn|p2a: Garganacl|Protect\n|move|p1a: Klawf|Crabhammer|p2a: Garganacl\n|-activate|p2a: Garganacl|move: Protect\n|\n|-heal|p2a: Garganacl|180/291|[from] item: Leftovers\n|-damage|p1a: Klawf|62/272|[from] Salt Cure\n|upkeep\n|turn|19\n|\n|t:|1781453731\n|move|p1a: Klawf|Crabhammer|p2a: Garganacl\n|-supereffective|p2a: Garganacl\n|-crit|p2a: Garganacl\n|-damage|p2a: Garganacl|0 fnt\n|faint|p2a: Garganacl\n|\n|-damage|p1a: Klawf|28/272|[from] Salt Cure\n|upkeep\n|\n|t:|1781453735\n|switch|p2a: Passimian|Passimian, L83, F|302/302\n|-damage|p2a: Passimian|284/302|[from] Stealth Rock\n|turn|20\n|\n|t:|1781453748\n|-terastallize|p1a: Klawf|Water\n|move|p1a: Klawf|Crabhammer|p2a: Passimian\n|-damage|p2a: Passimian|164/302\n|move|p2a: Passimian|Close Combat|p1a: Klawf\n|-damage|p1a: Klawf|0 fnt\n|-unboost|p2a: Passimian|def|1\n|-unboost|p2a: Passimian|spd|1\n|faint|p1a: Klawf\n|\n|upkeep\n|\n|t:|1781453753\n|switch|p1a: Jumpluff|Jumpluff, L87, F|172/271\n|turn|21\n|\n|t:|1781453757\n|-terastallize|p2a: Passimian|Fighting\n|move|p1a: Jumpluff|Acrobatics|p2a: Passimian\n|-supereffective|p2a: Passimian\n|-damage|p2a: Passimian|0 fnt\n|faint|p2a: Passimian\n|\n|win|Golden Autum\n", "inputlog": ">version a8376a258c1d4662feba110a92103f3664a72141\n>start {\"formatid\":\"gen9randombattle\",\"seed\":\"sodium,d81100c829bf990da39b615157dd9d0b\",\"rated\":\"Rated battle\"}\n>player p1 {\"name\":\"Golden Autum\",\"avatar\":\"karen\",\"rating\":1909,\"seed\":\"sodium,aa5700b10a239fa58e04e4af57a64d46\"}\n>player p2 {\"name\":\"junghoking\",\"avatar\":\"nate\",\"rating\":1964,\"seed\":\"sodium,213adb118abfffe1522d74ea867bd735\"}\n>p1 move thunderwave\n>p2 move ceaselessedge\n>p1 move stealthrock\n>p2 move ceaselessedge\n>p1 move bodypress\n>p2 move ceaselessedge\n>p1 move bodypress\n>p2 move ceaselessedge\n>p2 switch 4\n>p1 move thunderwave\n>p2 move earthpower\n>p1 switch 6\n>p1 move scaleshot\n>p2 move dracometeor\n>p1 switch 3\n>p1 move nastyplot\n>p2 move earthpower\n>p1 move alluringvoice\n>p2 move blueflare\n>p1 move alluringvoice\n>p2 move earthpower\n>p2 switch 6\n>p1 move thunderbolt\n>p2 move knockoff\n>p1 switch 5\n>p1 move knockoff\n>p2 move knockoff\n>p2 switch 2\n>p1 move leafblade\n>p2 move stoneedge\n>p1 switch 2\n>p1 move highhorsepower\n>p2 move stealthrock\n>p2 switch 5\n>p1 switch 4\n>p2 move saltcure\n>p1 move strengthsap\n>p2 move saltcure\n>p1 move uturn\n>p2 move saltcure\n>p1 switch 4\n>p1 move crabhammer\n>p2 move saltcure\n>p1 move crabhammer\n>p2 move protect\n>p1 move crabhammer\n>p2 move recover\n>p2 switch 3\n>p1 move crabhammer terastallize\n>p2 move closecombat\n>p1 switch 4\n>p1 move acrobatics\n>p2 move closecombat terastallize", "uploadtime": 1781453439, "views": 4, "formatid": "gen9randombattle", "rating": null, "private": 0, "password": null, "player_dets": [{"name": "Golden Autum", "avatar": "karen", "rating": 1909, "seed": "sodium,aa5700b10a239fa58e04e4af57a64d46"}, {"name": "junghoking", "avatar": "nate", "rating": 1964, "seed": "sodium,213adb118abfffe1522d74ea867bd735"}], "teams_full": [{"Registeel": {"name": "Registeel", "species": "Registeel", "speciesId": "registeel", "gender": "N", "shiny": false, "level": 81, "moves": ["bodypress", "stealthrock", "thunderwave", "ironhead"], "ability": "Clear Body", "evs": {"hp": 85, "atk": 85, "def": 85, "spa": 85, "spd": 85, "spe": 85}, "ivs": {"hp": 31, "atk": 31, "def": 31, "spa": 31, "spd": 31, "spe": 31}, "item": "Leftovers", "teraType": "Fighting", "role": "Bulky Support", "bvs": {"hp": 80, "atk": 75, "def": 150, "spa": 75, "spd": 150, "spe": 50}, "stats": {"hp": 262, "atk": 168, "def": 290, "spa": 168, "spd": 290, "spe": 128}, "types": ["Steel"]}, "Klawf": {"name": "Klawf", "species": "Klawf", "speciesId": "klawf", "gender": "M", "shiny": false, "level": 90, "moves": ["stoneedge", "crabhammer", "knockoff", "highhorsepower"], "ability": "Regenerator", "evs": {"hp": 85, "atk": 85, "def": 85, "spa": 85, "spd": 85, "spe": 85}, "ivs": {"hp": 31, "atk": 31, "def": 31, "spa": 31, "spd": 31, "spe": 31}, "item": "Choice Scarf", "teraType": "Water", "role": "Fast Attacker", "bvs": {"hp": 70, "atk": 100, "def": 115, "spa": 35, "spd": 55, "spe": 75}, "stats": {"hp": 272, "atk": 231, "def": 258, "spa": 114, "spd": 150, "spe": 186}, "types": ["Rock"]}, "Plusle": {"name": "Plusle", "species": "Plusle", "speciesId": "plusle", "gender": "F", "shiny": false, "level": 95, "moves": ["nastyplot", "alluringvoice", "thunderbolt", "encore"], "ability": "Lightning Rod", "evs": {"hp": 85, "atk": 0, "def": 85, "spa": 85, "spd": 85, "spe": 85}, "ivs": {"hp": 31, "atk": 0, "def": 31, "spa": 31, "spd": 31, "spe": 31}, "item": "Life Orb", "teraType": "Fairy", "role": "Setup Sweeper", "bvs": {"hp": 60, "atk": 50, "def": 40, "spa": 85, "spd": 75, "spe": 95}, "stats": {"hp": 268, "atk": 100, "def": 130, "spa": 215, "spd": 196, "spe": 234}, "types": ["Electric"]}, "Jumpluff": {"name": "Jumpluff", "species": "Jumpluff", "speciesId": "jumpluff", "gender": "F", "shiny": false, "level": 87, "moves": ["strengthsap", "uturn", "acrobatics", "sleeppowder"], "ability": "Infiltrator", "evs": {"hp": 81, "atk": 85, "def": 85, "spa": 85, "spd": 85, "spe": 85}, "ivs": {"hp": 31, "atk": 31, "def": 31, "spa": 31, "spd": 31, "spe": 31}, "item": "", "teraType": "Steel", "role": "Bulky Attacker", "bvs": {"hp": 75, "atk": 55, "def": 70, "spa": 55, "spd": 95, "spe": 110}, "stats": {"hp": 271, "atk": 145, "def": 172, "spa": 145, "spd": 215, "spe": 241}, "types": ["Grass", "Flying"]}, "Leavanny": {"name": "Leavanny", "species": "Leavanny", "speciesId": "leavanny", "gender": "M", "shiny": false, "level": 86, "moves": ["leafblade", "lunge", "knockoff", "stickyweb"], "ability": "Swarm", "evs": {"hp": 85, "atk": 85, "def": 85, "spa": 85, "spd": 85, "spe": 85}, "ivs": {"hp": 31, "atk": 31, "def": 31, "spa": 31, "spd": 31, "spe": 31}, "item": "Heavy-Duty Boots", "teraType": "Ghost", "role": "Fast Support", "bvs": {"hp": 75, "atk": 103, "def": 80, "spa": 70, "spd": 80, "spe": 92}, "stats": {"hp": 269, "atk": 226, "def": 187, "spa": 170, "spd": 187, "spe": 207}, "types": ["Bug", "Grass"]}, "Haxorus": {"name": "Haxorus", "species": "Haxorus", "speciesId": "haxorus", "gender": "M", "shiny": false, "level": 77, "moves": ["ironhead", "swordsdance", "scaleshot", "closecombat"], "ability": "Mold Breaker", "evs": {"hp": 85, "atk": 85, "def": 85, "spa": 85, "spd": 85, "spe": 85}, "ivs": {"hp": 31, "atk": 31, "def": 31, "spa": 31, "spd": 31, "spe": 31}, "item": "Loaded Dice", "teraType": "Steel", "role": "Fast Bulky Setup", "bvs": {"hp": 76, "atk": 147, "def": 90, "spa": 60, "spd": 70, "spe": 97}, "stats": {"hp": 244, "atk": 271, "def": 183, "spa": 137, "spd": 152, "spe": 194}, "types": ["Dragon"]}}, {"Samurott": {"name": "Samurott", "species": "Samurott-Hisui", "speciesId": "samurotthisui", "gender": "M", "shiny": false, "level": 77, "moves": ["flipturn", "razorshell", "suckerpunch", "ceaselessedge"], "ability": "Sharpness", "evs": {"hp": 85, "atk": 85, "def": 85, "spa": 85, "spd": 85, "spe": 85}, "ivs": {"hp": 31, "atk": 31, "def": 31, "spa": 31, "spd": 31, "spe": 31}, "item": "Choice Band", "teraType": "Poison", "role": "Fast Attacker", "bvs": {"hp": 90, "atk": 108, "def": 80, "spa": 100, "spd": 65, "spe": 85}, "stats": {"hp": 265, "atk": 211, "def": 168, "spa": 199, "spd": 145, "spe": 175}, "types": ["Water", "Dark"]}, "Iron Thorns": {"name": "Iron Thorns", "species": "Iron Thorns", "speciesId": "ironthorns", "gender": "N", "shiny": false, "level": 83, "moves": ["icepunch", "wildcharge", "stoneedge", "stealthrock"], "ability": "Quark Drive", "evs": {"hp": 85, "atk": 85, "def": 85, "spa": 85, "spd": 85, "spe": 85}, "ivs": {"hp": 31, "atk": 31, "def": 31, "spa": 31, "spd": 31, "spe": 31}, "item": "Air Balloon", "teraType": "Flying", "role": "Fast Support", "bvs": {"hp": 100, "atk": 134, "def": 110, "spa": 70, "spd": 84, "spe": 72}, "stats": {"hp": 302, "atk": 270, "def": 230, "spa": 164, "spd": 187, "spe": 167}, "types": ["Rock", "Electric"]}, "Passimian": {"name": "Passimian", "species": "Passimian", "speciesId": "passimian", "gender": "F", "shiny": false, "level": 83, "moves": ["earthquake", "closecombat", "knockoff", "gunkshot"], "ability": "Defiant", "evs": {"hp": 85, "atk": 85, "def": 85, "spa": 85, "spd": 85, "spe": 85}, "ivs": {"hp": 31, "atk": 31, "def": 31, "spa": 31, "spd": 31, "spe": 31}, "item": "Choice Band", "teraType": "Fighting", "role": "Fast Attacker", "bvs": {"hp": 100, "atk": 120, "def": 90, "spa": 40, "spd": 60, "spe": 80}, "stats": {"hp": 302, "atk": 247, "def": 197, "spa": 114, "spd": 147, "spe": 180}, "types": ["Fighting"]}, "Reshiram": {"name": "Reshiram", "species": "Reshiram", "speciesId": "reshiram", "gender": "N", "shiny": false, "level": 76, "moves": ["earthpower", "dracometeor", "blueflare", "willowisp"], "ability": "Turboblaze", "evs": {"hp": 85, "atk": 0, "def": 85, "spa": 85, "spd": 85, "spe": 85}, "ivs": {"hp": 31, "atk": 0, "def": 31, "spa": 31, "spd": 31, "spe": 31}, "item": "Heavy-Duty Boots", "teraType": "Ground", "role": "Fast Attacker", "bvs": {"hp": 100, "atk": 120, "def": 100, "spa": 150, "spd": 120, "spe": 90}, "stats": {"hp": 277, "atk": 187, "def": 196, "spa": 272, "spd": 226, "spe": 181}, "types": ["Dragon", "Fire"]}, "Garganacl": {"name": "Garganacl", "species": "Garganacl", "speciesId": "garganacl", "gender": "M", "shiny": false, "level": 80, "moves": ["protect", "recover", "saltcure", "earthquake"], "ability": "Purifying Salt", "evs": {"hp": 85, "atk": 85, "def": 85, "spa": 85, "spd": 85, "spe": 85}, "ivs": {"hp": 31, "atk": 31, "def": 31, "spa": 31, "spd": 31, "spe": 31}, "item": "Leftovers", "teraType": "Ghost", "role": "Bulky Attacker", "bvs": {"hp": 100, "atk": 100, "def": 130, "spa": 45, "spd": 90, "spe": 35}, "stats": {"hp": 291, "atk": 206, "def": 254, "spa": 118, "spd": 190, "spe": 102}, "types": ["Rock"]}, "Uxie": {"name": "Uxie", "species": "Uxie", "speciesId": "uxie", "gender": "N", "shiny": false, "level": 83, "moves": ["knockoff", "encore", "uturn", "psychicnoise"], "ability": "Levitate", "evs": {"hp": 85, "atk": 85, "def": 85, "spa": 85, "spd": 85, "spe": 85}, "ivs": {"hp": 31, "atk": 31, "def": 31, "spa": 31, "spd": 31, "spe": 31}, "item": "Leftovers", "teraType": "Electric", "role": "Bulky Support", "bvs": {"hp": 75, "atk": 75, "def": 130, "spa": 75, "spd": 130, "spe": 95}, "stats": {"hp": 260, "atk": 172, "def": 263, "spa": 172, "spd": 263, "spe": 205}, "types": ["Psychic"]}}]}