{"id": "gen9randombattle-2631494259", "format": "[Gen 9] Random Battle", "players": ["Astral7433", "TheOldTimers"], "log": "|j|\u2606Astral7433\n|j|\u2606TheOldTimers\n|t:|1781392143\n|gametype|singles\n|player|p1|Astral7433|170|1977\n|player|p2|TheOldTimers|li|1946\n|gen|9\n|tier|[Gen 9] Random Battle\n|rated|\n|rule|Species Clause: Limit one of each Pok\u00e9mon\n|rule|HP Percentage Mod: HP is shown in percentages\n|rule|Sleep Clause Mod: Limit one foe put to sleep\n|rule|Illusion Level Mod: Illusion disguises the Pok\u00e9mon's true level\n|\n|t:|1781392143\n|teamsize|p1|6\n|teamsize|p2|6\n|start\n|switch|p1a: Florges|Florges-Blue, L85, F|271/271\n|switch|p2a: Dunsparce|Dunsparce, L86, F|312/312\n|turn|1\n|inactive|Battle timer is ON: inactive players will automatically lose when time's up. (requested by Astral7433)\n|\n|t:|1781392162\n|switch|p1a: Tsareena|Tsareena, L87, F|267/267\n|move|p2a: Dunsparce|Body Slam|p1a: Tsareena\n|-damage|p1a: Tsareena|206/267\n|\n|upkeep\n|turn|2\n|\n|t:|1781392169\n|switch|p2a: Hydrapple|Hydrapple, L83, F|312/312\n|move|p1a: Tsareena|High Jump Kick|p2a: Hydrapple\n|-damage|p2a: Hydrapple|177/312\n|\n|upkeep\n|turn|3\n|\n|t:|1781392186\n|switch|p1a: Florges|Florges-Blue, L85, F|271/271\n|move|p2a: Hydrapple|Fickle Beam|p1a: Florges\n|-immune|p1a: Florges\n|\n|upkeep\n|turn|4\n|\n|t:|1781392193\n|switch|p2a: Dunsparce|Dunsparce, L86, F|312/312\n|move|p1a: Florges|Calm Mind|p1a: Florges\n|-boost|p1a: Florges|spa|1\n|-boost|p1a: Florges|spd|1\n|\n|upkeep\n|turn|5\n|\n|t:|1781392199\n|move|p1a: Florges|Moonblast|p2a: Dunsparce\n|-damage|p2a: Dunsparce|177/312\n|move|p2a: Dunsparce|Body Slam|p1a: Florges\n|-damage|p1a: Florges|181/271\n|-status|p1a: Florges|par\n|\n|-heal|p1a: Florges|197/271 par|[from] item: Leftovers\n|upkeep\n|turn|6\n|\n|t:|1781392209\n|move|p2a: Dunsparce|Body Slam|p1a: Florges\n|-damage|p1a: Florges|103/271 par\n|move|p1a: Florges|Moonblast|p2a: Dunsparce\n|-damage|p2a: Dunsparce|23/312\n|\n|-heal|p1a: Florges|119/271 par|[from] item: Leftovers\n|upkeep\n|turn|7\n|\n|t:|1781392219\n|switch|p1a: Landorus|Landorus, L75, M|257/257\n|move|p2a: Dunsparce|Body Slam|p1a: Landorus\n|-damage|p1a: Landorus|169/257\n|-status|p1a: Landorus|par\n|\n|upkeep\n|turn|8\n|\n|t:|1781392228\n|move|p2a: Dunsparce|Roost|p2a: Dunsparce\n|-heal|p2a: Dunsparce|179/312\n|-singleturn|p2a: Dunsparce|move: Roost\n|move|p1a: Landorus|Stealth Rock|p2a: Dunsparce\n|-sidestart|p2: TheOldTimers|move: Stealth Rock\n|\n|upkeep\n|turn|9\n|\n|t:|1781392240\n|move|p2a: Dunsparce|Roost|p2a: Dunsparce\n|-heal|p2a: Dunsparce|312/312\n|-singleturn|p2a: Dunsparce|move: Roost\n|move|p1a: Landorus|Earth Power|p2a: Dunsparce\n|-damage|p2a: Dunsparce|195/312\n|\n|upkeep\n|turn|10\n|\n|t:|1781392248\n|move|p2a: Dunsparce|Coil|p2a: Dunsparce\n|-boost|p2a: Dunsparce|atk|1\n|-boost|p2a: Dunsparce|def|1\n|-boost|p2a: Dunsparce|accuracy|1\n|move|p1a: Landorus|Earth Power|p2a: Dunsparce\n|-damage|p2a: Dunsparce|62/312\n|\n|upkeep\n|turn|11\n|\n|t:|1781392257\n|switch|p1a: Miraidon|Miraidon, L65|238/238\n|-fieldstart|move: Electric Terrain|[from] ability: Hadron Engine|[of] p1a: Miraidon\n|move|p2a: Dunsparce|Roost|p2a: Dunsparce\n|-heal|p2a: Dunsparce|218/312\n|-singleturn|p2a: Dunsparce|move: Roost\n|\n|upkeep\n|turn|12\n|\n|t:|1781392268\n|switch|p2a: Dugtrio|Dugtrio, L84, M|196/196\n|-damage|p2a: Dugtrio|184/196|[from] Stealth Rock\n|move|p1a: Miraidon|Electro Drift|p2a: Dugtrio\n|-immune|p2a: Dugtrio\n|\n|upkeep\n|turn|13\n|\n|t:|1781392278\n|move|p2a: Dugtrio|Earthquake|p1a: Miraidon\n|-supereffective|p1a: Miraidon\n|-crit|p1a: Miraidon\n|-damage|p1a: Miraidon|0 fnt\n|faint|p1a: Miraidon\n|\n|upkeep\n|\n|t:|1781392286\n|switch|p1a: Cloyster|Cloyster, L80, F|211/211\n|turn|14\n|\n|t:|1781392293\n|move|p2a: Dugtrio|Earthquake|p1a: Cloyster\n|-damage|p1a: Cloyster|118/211\n|move|p1a: Cloyster|Shell Smash|p1a: Cloyster\n|-unboost|p1a: Cloyster|def|1\n|-unboost|p1a: Cloyster|spd|1\n|-boost|p1a: Cloyster|atk|2\n|-boost|p1a: Cloyster|spa|2\n|-boost|p1a: Cloyster|spe|2\n|-enditem|p1a: Cloyster|White Herb\n|-clearnegativeboost|p1a: Cloyster|[silent]\n|\n|upkeep\n|turn|15\n|\n|t:|1781392303\n|move|p1a: Cloyster|Icicle Spear|p2a: Dugtrio\n|-supereffective|p2a: Dugtrio\n|-damage|p2a: Dugtrio|32/196\n|-supereffective|p2a: Dugtrio\n|-damage|p2a: Dugtrio|0 fnt\n|faint|p2a: Dugtrio\n|-hitcount|p2: Dugtrio|2\n|\n|-fieldend|move: Electric Terrain\n|upkeep\n|\n|t:|1781392309\n|switch|p2a: Deoxys|Deoxys-Speed, L82|216/216\n|-damage|p2a: Deoxys|189/216|[from] Stealth Rock\n|-ability|p2a: Deoxys|Pressure\n|turn|16\n|\n|t:|1781392316\n|move|p2a: Deoxys|Superpower|p1a: Cloyster\n|-supereffective|p1a: Cloyster\n|-damage|p1a: Cloyster|0 fnt\n|-unboost|p2a: Deoxys|atk|1\n|-unboost|p2a: Deoxys|def|1\n|faint|p1a: Cloyster\n|-damage|p2a: Deoxys|168/216|[from] item: Life Orb\n|\n|upkeep\n|\n|t:|1781392334\n|switch|p1a: Glaceon|Glaceon, L94, M|275/275\n|turn|17\n|\n|t:|1781392343\n|move|p2a: Deoxys|Stealth Rock|p1a: Glaceon\n|-sidestart|p1: Astral7433|move: Stealth Rock\n|move|p1a: Glaceon|Calm Mind|p1a: Glaceon\n|-boost|p1a: Glaceon|spa|1\n|-boost|p1a: Glaceon|spd|1\n|\n|upkeep\n|turn|18\n|\n|t:|1781392351\n|switch|p2a: Dunsparce|Dunsparce, L86, F|218/312\n|-damage|p2a: Dunsparce|179/312|[from] Stealth Rock\n|move|p1a: Glaceon|Freeze-Dry|p2a: Dunsparce\n|-damage|p2a: Dunsparce|38/312\n|\n|upkeep\n|turn|19\n|\n|t:|1781392360\n|move|p1a: Glaceon|Freeze-Dry|p2a: Dunsparce\n|-damage|p2a: Dunsparce|0 fnt\n|faint|p2a: Dunsparce\n|\n|upkeep\n|\n|t:|1781392374\n|switch|p2a: Deoxys|Deoxys-Speed, L82|168/216\n|-damage|p2a: Deoxys|141/216|[from] Stealth Rock\n|-ability|p2a: Deoxys|Pressure\n|turn|20\n|\n|t:|1781392380\n|-terastallize|p1a: Glaceon|Water\n|move|p2a: Deoxys|Superpower|p1a: Glaceon\n|-damage|p1a: Glaceon|193/275\n|-unboost|p2a: Deoxys|atk|1\n|-unboost|p2a: Deoxys|def|1\n|-damage|p2a: Deoxys|120/216|[from] item: Life Orb\n|move|p1a: Glaceon|Freeze-Dry|p2a: Deoxys\n|-damage|p2a: Deoxys|0 fnt\n|faint|p2a: Deoxys\n|\n|upkeep\n|\n|t:|1781392386\n|switch|p2a: Polteageist|Polteageist-Antique, L78|222/222\n|-damage|p2a: Polteageist|195/222|[from] Stealth Rock\n|turn|21\n|\n|t:|1781392395\n|move|p1a: Glaceon|Freeze-Dry|p2a: Polteageist\n|-damage|p2a: Polteageist|42/222\n|move|p2a: Polteageist|Shell Smash|p2a: Polteageist\n|-unboost|p2a: Polteageist|def|1\n|-unboost|p2a: Polteageist|spd|1\n|-boost|p2a: Polteageist|atk|2\n|-boost|p2a: Polteageist|spa|2\n|-boost|p2a: Polteageist|spe|2\n|-enditem|p2a: Polteageist|White Herb\n|-clearnegativeboost|p2a: Polteageist|[silent]\n|\n|upkeep\n|turn|22\n|\n|t:|1781392405\n|move|p2a: Polteageist|Stored Power|p1a: Glaceon\n|-damage|p1a: Glaceon|75/275\n|move|p1a: Glaceon|Freeze-Dry|p2a: Polteageist\n|-damage|p2a: Polteageist|0 fnt\n|-start|p1a: Glaceon|Disable|Freeze-Dry|[from] ability: Cursed Body|[of] p2a: Polteageist\n|faint|p2a: Polteageist\n|\n|upkeep\n|\n|t:|1781392408\n|switch|p2a: Ribombee|Ribombee, L83, F|235/235\n|turn|23\n|\n|t:|1781392417\n|move|p2a: Ribombee|Moonblast|p1a: Glaceon\n|-damage|p1a: Glaceon|18/275\n|move|p1a: Glaceon|Wish|p1a: Glaceon\n|\n|upkeep\n|turn|24\n|-message|TheOldTimers forfeited.\n|\n|win|Astral7433\n", "inputlog": ">version a8376a258c1d4662feba110a92103f3664a72141\n>start {\"formatid\":\"gen9randombattle\",\"seed\":\"sodium,44e16bfeaf5196727218bbca709e8775\",\"rated\":\"Rated battle\"}\n>player p1 {\"name\":\"Astral7433\",\"avatar\":\"170\",\"rating\":1977,\"seed\":\"sodium,35cf44bb4e54a0d66aa025c35794022f\"}\n>player p2 {\"name\":\"TheOldTimers\",\"avatar\":\"li\",\"rating\":1946,\"seed\":\"sodium,b1e57828bf056dfdd900fbfb762631a9\"}\n>p1 switch 4\n>p2 move bodyslam\n>p1 move highjumpkick\n>p2 switch 3\n>p1 switch 4\n>p2 move ficklebeam\n>p1 move calmmind\n>p2 switch 3\n>p1 move moonblast\n>p2 move bodyslam\n>p1 move moonblast\n>p2 move bodyslam\n>p1 switch 5\n>p2 move bodyslam\n>p1 move stealthrock\n>p2 move roost\n>p1 move earthpower\n>p2 move roost\n>p1 move earthpower\n>p2 move coil\n>p1 switch 2\n>p2 move roost\n>p1 move electrodrift\n>p2 switch 5\n>p1 move dracometeor\n>p2 move earthquake\n>p1 switch 3\n>p1 move shellsmash\n>p2 move earthquake\n>p1 move iciclespear\n>p2 move earthquake\n>p2 switch 2\n>p1 move iciclespear\n>p2 move superpower\n>p1 switch 6\n>p1 move calmmind\n>p2 move stealthrock\n>p1 move freezedry\n>p2 switch 5\n>p1 move freezedry\n>p2 move bodyslam\n>p2 switch 5\n>p1 move freezedry terastallize\n>p2 move superpower\n>p2 switch 6\n>p1 move freezedry\n>p2 move shellsmash\n>p1 move freezedry\n>p2 move storedpower\n>p2 switch 4\n>p1 move wish\n>p2 move moonblast\n>forcelose p2", "uploadtime": 1781392145, "views": 5, "formatid": "gen9randombattle", "rating": null, "private": 0, "password": null, "player_dets": [{"name": "Astral7433", "avatar": "170", "rating": 1977, "seed": "sodium,35cf44bb4e54a0d66aa025c35794022f"}, {"name": "TheOldTimers", "avatar": "li", "rating": 1946, "seed": "sodium,b1e57828bf056dfdd900fbfb762631a9"}], "teams_full": [{"Florges": {"name": "Florges", "species": "Florges-Blue", "speciesId": "florges", "gender": "F", "shiny": false, "level": 85, "moves": ["wish", "protect", "moonblast", "calmmind"], "ability": "Flower Veil", "evs": {"hp": 85, "atk": 0, "def": 85, "spa": 85, "spd": 85, "spe": 85}, "ivs": {"hp": 31, "atk": 0, "def": 31, "spa": 31, "spd": 31, "spe": 31}, "item": "Leftovers", "teraType": "Steel", "role": "Bulky Setup", "bvs": {"hp": 78, "atk": 65, "def": 68, "spa": 112, "spd": 154, "spe": 75}, "stats": {"hp": 271, "atk": 115, "def": 164, "spa": 239, "spd": 311, "spe": 176}}, "Miraidon": {"name": "Miraidon", "species": "Miraidon", "speciesId": "miraidon", "gender": "N", "shiny": false, "level": 65, "moves": ["dracometeor", "electrodrift", "dragonpulse", "calmmind"], "ability": "Hadron Engine", "evs": {"hp": 85, "atk": 0, "def": 85, "spa": 85, "spd": 85, "spe": 85}, "ivs": {"hp": 31, "atk": 0, "def": 31, "spa": 31, "spd": 31, "spe": 31}, "item": "Life Orb", "teraType": "Electric", "role": "Setup Sweeper", "bvs": {"hp": 100, "atk": 85, "def": 100, "spa": 135, "spd": 115, "spe": 135}, "stats": {"hp": 238, "atk": 115, "def": 168, "spa": 214, "spd": 188, "spe": 214}}, "Cloyster": {"name": "Cloyster", "species": "Cloyster", "speciesId": "cloyster", "gender": "F", "shiny": false, "level": 80, "moves": ["iciclespear", "rockblast", "shellsmash", "hydropump"], "ability": "Skill Link", "evs": {"hp": 85, "atk": 85, "def": 85, "spa": 85, "spd": 85, "spe": 85}, "ivs": {"hp": 31, "atk": 31, "def": 31, "spa": 31, "spd": 31, "spe": 31}, "item": "White Herb", "teraType": "Rock", "role": "Setup Sweeper", "bvs": {"hp": 50, "atk": 95, "def": 180, "spa": 85, "spd": 45, "spe": 70}, "stats": {"hp": 211, "atk": 198, "def": 334, "spa": 182, "spd": 118, "spe": 158}}, "Tsareena": {"name": "Tsareena", "species": "Tsareena", "speciesId": "tsareena", "gender": "F", "shiny": false, "level": 87, "moves": ["uturn", "highjumpkick", "knockoff", "powerwhip"], "ability": "Queenly Majesty", "evs": {"hp": 85, "atk": 85, "def": 85, "spa": 85, "spd": 85, "spe": 85}, "ivs": {"hp": 31, "atk": 31, "def": 31, "spa": 31, "spd": 31, "spe": 31}, "item": "Choice Band", "teraType": "Fighting", "role": "Fast Support", "bvs": {"hp": 72, "atk": 120, "def": 98, "spa": 50, "spd": 98, "spe": 72}, "stats": {"hp": 267, "atk": 259, "def": 220, "spa": 137, "spd": 220, "spe": 175}}, "Landorus": {"name": "Landorus", "species": "Landorus", "speciesId": "landorus", "gender": "M", "shiny": false, "level": 75, "moves": ["sludgewave", "earthpower", "psychic", "stealthrock"], "ability": "Sheer Force", "evs": {"hp": 85, "atk": 0, "def": 85, "spa": 85, "spd": 85, "spe": 85}, "ivs": {"hp": 31, "atk": 0, "def": 31, "spa": 31, "spd": 31, "spe": 31}, "item": "Life Orb", "teraType": "Poison", "role": "Fast Attacker", "bvs": {"hp": 89, "atk": 125, "def": 90, "spa": 115, "spd": 80, "spe": 101}, "stats": {"hp": 257, "atk": 192, "def": 179, "spa": 216, "spd": 164, "spe": 195}}, "Glaceon": {"name": "Glaceon", "species": "Glaceon", "speciesId": "glaceon", "gender": "M", "shiny": false, "level": 94, "moves": ["freezedry", "protect", "wish", "calmmind"], "ability": "Ice Body", "evs": {"hp": 85, "atk": 0, "def": 85, "spa": 85, "spd": 85, "spe": 85}, "ivs": {"hp": 31, "atk": 0, "def": 31, "spa": 31, "spd": 31, "spe": 31}, "item": "Heavy-Duty Boots", "teraType": "Water", "role": "Bulky Setup", "bvs": {"hp": 65, "atk": 60, "def": 110, "spa": 130, "spd": 95, "spe": 65}, "stats": {"hp": 275, "atk": 117, "def": 260, "spa": 298, "spd": 232, "spe": 176}}}, {"Dunsparce": {"name": "Dunsparce", "species": "Dunsparce", "speciesId": "dunsparce", "gender": "F", "shiny": false, "level": 86, "moves": ["roost", "bodyslam", "earthquake", "coil"], "ability": "Serene Grace", "evs": {"hp": 85, "atk": 85, "def": 85, "spa": 85, "spd": 85, "spe": 85}, "ivs": {"hp": 31, "atk": 31, "def": 31, "spa": 31, "spd": 31, "spe": 31}, "item": "Eviolite", "teraType": "Ghost", "role": "Bulky Setup", "bvs": {"hp": 100, "atk": 70, "def": 70, "spa": 65, "spd": 65, "spe": 45}, "stats": {"hp": 312, "atk": 170, "def": 170, "spa": 161, "spd": 161, "spe": 127}}, "Deoxys": {"name": "Deoxys", "species": "Deoxys-Speed", "speciesId": "deoxysspeed", "gender": "N", "shiny": false, "level": 82, "moves": ["knockoff", "psychoboost", "superpower", "stealthrock"], "ability": "Pressure", "evs": {"hp": 85, "atk": 85, "def": 85, "spa": 85, "spd": 85, "spe": 85}, "ivs": {"hp": 31, "atk": 31, "def": 31, "spa": 31, "spd": 31, "spe": 31}, "item": "Life Orb", "teraType": "Steel", "role": "Fast Support", "bvs": {"hp": 50, "atk": 95, "def": 90, "spa": 95, "spd": 90, "spe": 180}, "stats": {"hp": 216, "atk": 203, "def": 195, "spa": 203, "spd": 195, "spe": 342}}, "Hydrapple": {"name": "Hydrapple", "species": "Hydrapple", "speciesId": "hydrapple", "gender": "F", "shiny": false, "level": 83, "moves": ["leafstorm", "ficklebeam", "dracometeor", "earthpower"], "ability": "Regenerator", "evs": {"hp": 85, "atk": 0, "def": 85, "spa": 85, "spd": 85, "spe": 85}, "ivs": {"hp": 31, "atk": 0, "def": 31, "spa": 31, "spd": 31, "spe": 31}, "item": "Choice Specs", "teraType": "Dragon", "role": "Wallbreaker", "bvs": {"hp": 106, "atk": 80, "def": 110, "spa": 120, "spd": 80, "spe": 44}, "stats": {"hp": 312, "atk": 137, "def": 230, "spa": 247, "spd": 180, "spe": 121}}, "Ribombee": {"name": "Ribombee", "species": "Ribombee", "speciesId": "ribombee", "gender": "F", "shiny": false, "level": 83, "moves": ["uturn", "moonblast", "bugbuzz", "stickyweb"], "ability": "Shield Dust", "evs": {"hp": 85, "atk": 85, "def": 85, "spa": 85, "spd": 85, "spe": 85}, "ivs": {"hp": 31, "atk": 31, "def": 31, "spa": 31, "spd": 31, "spe": 31}, "item": "Heavy-Duty Boots", "teraType": "Ghost", "role": "Fast Support", "bvs": {"hp": 60, "atk": 55, "def": 60, "spa": 95, "spd": 70, "spe": 124}, "stats": {"hp": 235, "atk": 139, "def": 147, "spa": 205, "spd": 164, "spe": 254}}, "Dugtrio": {"name": "Dugtrio", "species": "Dugtrio", "speciesId": "dugtrio", "gender": "M", "shiny": false, "level": 84, "moves": ["earthquake", "suckerpunch", "throatchop", "stoneedge"], "ability": "Arena Trap", "evs": {"hp": 85, "atk": 85, "def": 85, "spa": 85, "spd": 85, "spe": 85}, "ivs": {"hp": 31, "atk": 31, "def": 31, "spa": 31, "spd": 31, "spe": 31}, "item": "Choice Band", "teraType": "Ground", "role": "Wallbreaker", "bvs": {"hp": 35, "atk": 100, "def": 50, "spa": 50, "spd": 70, "spe": 120}, "stats": {"hp": 196, "atk": 216, "def": 132, "spa": 132, "spd": 166, "spe": 250}}, "Polteageist": {"name": "Polteageist", "species": "Polteageist-Antique", "speciesId": "polteageist", "gender": "N", "shiny": false, "level": 78, "moves": ["shellsmash", "storedpower", "strengthsap", "shadowball"], "ability": "Cursed Body", "evs": {"hp": 85, "atk": 0, "def": 85, "spa": 85, "spd": 85, "spe": 85}, "ivs": {"hp": 31, "atk": 0, "def": 31, "spa": 31, "spd": 31, "spe": 31}, "item": "White Herb", "teraType": "Dark", "role": "Setup Sweeper", "bvs": {"hp": 60, "atk": 65, "def": 65, "spa": 134, "spd": 114, "spe": 70}, "stats": {"hp": 222, "atk": 106, "def": 146, "spa": 254, "spd": 223, "spe": 154}}}]}