{"id": "gen9randombattle-2631381250", "format": "[Gen 9] Random Battle", "players": ["SR-Cue", "canbetaught2"], "log": "|j|\u2606SR-Cue\n|j|\u2606canbetaught2\n|t:|1781377935\n|gametype|singles\n|player|p1|SR-Cue|266|1941\n|player|p2|canbetaught2|hilda|1925\n|gen|9\n|tier|[Gen 9] Random Battle\n|rated|\n|rule|Species Clause: Limit one of each Pok\u00e9mon\n|rule|HP Percentage Mod: HP is shown in percentages\n|rule|Sleep Clause Mod: Limit one foe put to sleep\n|rule|Illusion Level Mod: Illusion disguises the Pok\u00e9mon's true level\n|\n|t:|1781377935\n|teamsize|p1|6\n|teamsize|p2|6\n|start\n|switch|p1a: Meloetta|Meloetta, L82|298/298\n|switch|p2a: Cetitan|Cetitan, L82, M|413/413\n|turn|1\n|inactive|Battle timer is ON: inactive players will automatically lose when time's up. (requested by SR-Cue)\n|\n|t:|1781377953\n|switch|p2a: Slowbro|Slowbro, L85, F|300/300\n|move|p1a: Meloetta|Hyper Voice|p2a: Slowbro\n|-damage|p2a: Slowbro|224/300\n|\n|upkeep\n|turn|2\n|inactive|SR-Cue has 120 seconds left.\n|\n|t:|1781377986\n|switch|p1a: Umbreon|Umbreon, L84, F|297/297\n|move|p2a: Slowbro|Scald|p1a: Umbreon\n|-damage|p1a: Umbreon|227/297\n|\n|-heal|p1a: Umbreon|245/297|[from] item: Leftovers\n|upkeep\n|turn|3\n|\n|t:|1781377994\n|switch|p2a: Weezing|Weezing, L88, F|258/258\n|move|p1a: Umbreon|Toxic|p2a: Weezing|[miss]\n|-miss|p1a: Umbreon|p2a: Weezing\n|\n|-heal|p1a: Umbreon|263/297|[from] item: Leftovers\n|upkeep\n|turn|4\n|\n|t:|1781378004\n|switch|p1a: Tentacruel|Tentacruel, L84, M|272/272\n|move|p2a: Weezing|Will-O-Wisp|p1a: Tentacruel\n|-status|p1a: Tentacruel|brn\n|\n|-damage|p1a: Tentacruel|255/272 brn|[from] brn\n|upkeep\n|turn|5\n|inactive|canbetaught2 has 120 seconds left.\n|\n|t:|1781378035\n|switch|p2a: Slowbro|Slowbro, L85, F|300/300\n|move|p1a: Tentacruel|Flip Turn|p2a: Slowbro\n|-resisted|p2a: Slowbro\n|-damage|p2a: Slowbro|290/300\n|\n|t:|1781378041\n|switch|p1a: Mabosstiff|Mabosstiff, L86, M|278/278|[from] Flip Turn\n|\n|upkeep\n|turn|6\n|\n|t:|1781378049\n|switch|p2a: Decidueye|Decidueye-Hisui, L87, M|295/295\n|move|p1a: Mabosstiff|Crunch|p2a: Decidueye\n|-resisted|p2a: Decidueye\n|-damage|p2a: Decidueye|118/295\n|-unboost|p2a: Decidueye|def|1\n|\n|-heal|p2a: Decidueye|136/295|[from] item: Leftovers\n|upkeep\n|turn|7\n|\n|t:|1781378059\n|-terastallize|p1a: Mabosstiff|Dark\n|move|p1a: Mabosstiff|Crunch|p2a: Decidueye\n|-resisted|p2a: Decidueye\n|-damage|p2a: Decidueye|0 fnt\n|faint|p2a: Decidueye\n|\n|upkeep\n|\n|t:|1781378075\n|switch|p2a: Eiscue|Eiscue, L88, M|274/274\n|turn|8\n|\n|t:|1781378092\n|switch|p1a: Walking Wake|Walking Wake, L79|286/286\n|switch|p2a: Slowbro|Slowbro, L85, F|300/300\n|\n|upkeep\n|turn|9\n|\n|t:|1781378104\n|-end|p1a: Walking Wake|Protosynthesis|[silent]\n|switch|p1a: Umbreon|Umbreon, L84, F|263/297\n|move|p2a: Slowbro|Future Sight|p1a: Umbreon\n|-start|p2a: Slowbro|move: Future Sight\n|\n|-heal|p1a: Umbreon|281/297|[from] item: Leftovers\n|upkeep\n|turn|10\n|\n|t:|1781378110\n|switch|p2a: Weezing|Weezing, L88, F|258/258\n|move|p1a: Umbreon|Foul Play|p2a: Weezing\n|-crit|p2a: Weezing\n|-damage|p2a: Weezing|137/258\n|\n|-heal|p1a: Umbreon|297/297|[from] item: Leftovers\n|-heal|p2a: Weezing|153/258|[from] item: Leftovers\n|upkeep\n|turn|11\n|\n|t:|1781378121\n|move|p1a: Umbreon|Foul Play|p2a: Weezing\n|-damage|p2a: Weezing|72/258\n|move|p2a: Weezing|Gunk Shot|p1a: Umbreon\n|-damage|p1a: Umbreon|183/297\n|\n|-end|p1a: Umbreon|move: Future Sight\n|-immune|p1a: Umbreon\n|-heal|p1a: Umbreon|201/297|[from] item: Leftovers\n|-heal|p2a: Weezing|88/258|[from] item: Leftovers\n|upkeep\n|turn|12\n|\n|t:|1781378135\n|move|p1a: Umbreon|Foul Play|p2a: Weezing\n|-damage|p2a: Weezing|18/258\n|move|p2a: Weezing|Pain Split|p1a: Umbreon\n|-sethp|p1a: Umbreon|109/297|[from] move: Pain Split|[silent]\n|-sethp|p2a: Weezing|109/258|[from] move: Pain Split\n|\n|-heal|p1a: Umbreon|127/297|[from] item: Leftovers\n|-heal|p2a: Weezing|125/258|[from] item: Leftovers\n|upkeep\n|turn|13\n|\n|t:|1781378144\n|move|p1a: Umbreon|Wish|p1a: Umbreon\n|move|p2a: Weezing|Gunk Shot|p1a: Umbreon|[miss]\n|-miss|p2a: Weezing|p1a: Umbreon\n|\n|-heal|p1a: Umbreon|145/297|[from] item: Leftovers\n|-heal|p2a: Weezing|141/258|[from] item: Leftovers\n|upkeep\n|turn|14\n|\n|t:|1781378150\n|move|p1a: Umbreon|Foul Play|p2a: Weezing\n|-damage|p2a: Weezing|69/258\n|move|p2a: Weezing|Pain Split|p1a: Umbreon\n|-sethp|p1a: Umbreon|107/297|[from] move: Pain Split|[silent]\n|-sethp|p2a: Weezing|107/258|[from] move: Pain Split\n|\n|-heal|p1a: Umbreon|255/297|[from] move: Wish|[wisher] Umbreon\n|-heal|p1a: Umbreon|273/297|[from] item: Leftovers\n|-heal|p2a: Weezing|123/258|[from] item: Leftovers\n|upkeep\n|turn|15\n|\n|t:|1781378170\n|switch|p1a: Tentacruel|Tentacruel, L84, M|255/272 brn\n|move|p2a: Weezing|Pain Split|p1a: Tentacruel\n|-sethp|p1a: Tentacruel|189/272 brn|[from] move: Pain Split|[silent]\n|-sethp|p2a: Weezing|189/258|[from] move: Pain Split\n|\n|-heal|p2a: Weezing|205/258|[from] item: Leftovers\n|-damage|p1a: Tentacruel|172/272 brn|[from] brn\n|upkeep\n|turn|16\n|\n|t:|1781378180\n|switch|p2a: Slowbro|Slowbro, L85, F|300/300\n|move|p1a: Tentacruel|Sludge Bomb|p2a: Slowbro\n|-damage|p2a: Slowbro|246/300\n|\n|-damage|p1a: Tentacruel|155/272 brn|[from] brn\n|upkeep\n|turn|17\n|\n|t:|1781378188\n|move|p1a: Tentacruel|Flip Turn|p2a: Slowbro\n|-resisted|p2a: Slowbro\n|-damage|p2a: Slowbro|235/300\n|\n|t:|1781378192\n|switch|p1a: Umbreon|Umbreon, L84, F|273/297|[from] Flip Turn\n|move|p2a: Slowbro|Future Sight|p1a: Umbreon\n|-start|p2a: Slowbro|move: Future Sight\n|\n|-heal|p1a: Umbreon|291/297|[from] item: Leftovers\n|upkeep\n|turn|18\n|\n|t:|1781378199\n|switch|p2a: Weezing|Weezing, L88, F|205/258\n|move|p1a: Umbreon|Foul Play|p2a: Weezing\n|-damage|p2a: Weezing|133/258\n|\n|-heal|p1a: Umbreon|297/297|[from] item: Leftovers\n|-heal|p2a: Weezing|149/258|[from] item: Leftovers\n|upkeep\n|turn|19\n|\n|t:|1781378215\n|move|p1a: Umbreon|Protect|p1a: Umbreon\n|-singleturn|p1a: Umbreon|Protect\n|move|p2a: Weezing|Gunk Shot|p1a: Umbreon\n|-activate|p1a: Umbreon|move: Protect\n|\n|-end|p1a: Umbreon|move: Future Sight\n|-immune|p1a: Umbreon\n|-heal|p2a: Weezing|165/258|[from] item: Leftovers\n|upkeep\n|turn|20\n|\n|t:|1781378231\n|switch|p1a: Tentacruel|Tentacruel, L84, M|155/272 brn\n|move|p2a: Weezing|Will-O-Wisp|p1a: Tentacruel\n|-fail|p1a: Tentacruel|brn\n|\n|-heal|p2a: Weezing|181/258|[from] item: Leftovers\n|-damage|p1a: Tentacruel|138/272 brn|[from] brn\n|upkeep\n|turn|21\n|\n|t:|1781378260\n|switch|p2a: Slowbro|Slowbro, L85, F|300/300\n|move|p1a: Tentacruel|Surf|p2a: Slowbro\n|-resisted|p2a: Slowbro\n|-damage|p2a: Slowbro|269/300\n|\n|-damage|p1a: Tentacruel|121/272 brn|[from] brn\n|upkeep\n|turn|22\n|\n|t:|1781378268\n|move|p1a: Tentacruel|Flip Turn|p2a: Slowbro\n|-resisted|p2a: Slowbro\n|-damage|p2a: Slowbro|260/300\n|\n|t:|1781378272\n|switch|p1a: Umbreon|Umbreon, L84, F|297/297|[from] Flip Turn\n|move|p2a: Slowbro|Body Press|p1a: Umbreon\n|-supereffective|p1a: Umbreon\n|-damage|p1a: Umbreon|183/297\n|\n|-heal|p1a: Umbreon|201/297|[from] item: Leftovers\n|upkeep\n|turn|23\n|\n|t:|1781378282\n|move|p1a: Umbreon|Toxic|p2a: Slowbro\n|-status|p2a: Slowbro|tox\n|move|p2a: Slowbro|Body Press|p1a: Umbreon\n|-supereffective|p1a: Umbreon\n|-damage|p1a: Umbreon|95/297\n|\n|-heal|p1a: Umbreon|113/297|[from] item: Leftovers\n|-damage|p2a: Slowbro|242/300 tox|[from] psn\n|upkeep\n|turn|24\n|inactive|canbetaught2 has 120 seconds left.\n|inactive|canbetaught2 has 90 seconds left.\n|inactive|canbetaught2 has 60 seconds left.\n|\n|t:|1781378395\n|move|p1a: Umbreon|Protect|p1a: Umbreon\n|-singleturn|p1a: Umbreon|Protect\n|move|p2a: Slowbro|Body Press|p1a: Umbreon\n|-activate|p1a: Umbreon|move: Protect\n|\n|-heal|p1a: Umbreon|131/297|[from] item: Leftovers\n|-damage|p2a: Slowbro|206/300 tox|[from] psn\n|upkeep\n|turn|25\n|\n|t:|1781378403\n|-terastallize|p2a: Slowbro|Fighting\n|move|p1a: Umbreon|Wish|p1a: Umbreon\n|move|p2a: Slowbro|Body Press|p1a: Umbreon\n|-supereffective|p1a: Umbreon\n|-damage|p1a: Umbreon|0 fnt\n|faint|p1a: Umbreon\n|\n|-damage|p2a: Slowbro|152/300 tox|[from] psn\n|upkeep\n|\n|t:|1781378415\n|switch|p1a: Meloetta|Meloetta, L82|298/298\n|turn|26\n|inactive|canbetaught2 has 60 seconds left.\n|inactive|canbetaught2 has 30 seconds left.\n|inactive|canbetaught2 has 20 seconds left.\n|\n|t:|1781378460\n|switch|p2a: Cetitan|Cetitan, L82, M|413/413\n|move|p1a: Meloetta|Calm Mind|p1a: Meloetta\n|-boost|p1a: Meloetta|spa|1\n|-boost|p1a: Meloetta|spd|1\n|\n|upkeep\n|turn|27\n|inactive|canbetaught2 has 30 seconds left this turn.\n|\n|t:|1781378467\n|move|p1a: Meloetta|Hyper Voice|p2a: Cetitan\n|-damage|p2a: Cetitan|164/413\n|move|p2a: Cetitan|Icicle Crash|p1a: Meloetta\n|-damage|p1a: Meloetta|103/298\n|\n|-heal|p1a: Meloetta|121/298|[from] item: Leftovers\n|upkeep\n|turn|28\n|\n|t:|1781378475\n|move|p2a: Cetitan|Ice Shard|p1a: Meloetta\n|-damage|p1a: Meloetta|57/298\n|-damage|p2a: Cetitan|123/413|[from] item: Life Orb\n|move|p1a: Meloetta|Hyper Voice|p2a: Cetitan\n|-damage|p2a: Cetitan|0 fnt\n|faint|p2a: Cetitan\n|\n|-heal|p1a: Meloetta|75/298|[from] item: Leftovers\n|upkeep\n|inactive|canbetaught2 has 30 seconds left.\n|inactive|canbetaught2 has 20 seconds left.\n|inactive|canbetaught2 has 15 seconds left.\n|inactive|canbetaught2 has 10 seconds left.\n|inactive|canbetaught2 has 5 seconds left.\n|-message|canbetaught2 lost due to inactivity.\n|\n|win|SR-Cue\n|raw|SR-Cue's rating: 1941 &rarr; <strong>1960</strong><br />(+19 for winning)\n|raw|canbetaught2's rating: 1925 &rarr; <strong>1906</strong><br />(-19 for losing)\n", "inputlog": ">version a8376a258c1d4662feba110a92103f3664a72141\n>start {\"formatid\":\"gen9randombattle\",\"seed\":\"sodium,f9674aa757ffae461606f8378af82bb7\",\"rated\":\"Rated battle\"}\n>player p1 {\"name\":\"SR-Cue\",\"avatar\":\"266\",\"rating\":1941,\"seed\":\"sodium,08043a410668ca4cf72e6a35ecbc1015\"}\n>player p2 {\"name\":\"canbetaught2\",\"avatar\":\"hilda\",\"rating\":1925,\"seed\":\"sodium,67814c0e9a3641bdc53ce7ab6a751d34\"}\n>p1 move hypervoice\n>p2 switch 2\n>p1 switch 3\n>p2 move scald\n>p1 move toxic\n>p2 switch 6\n>p1 switch 5\n>p2 move willowisp\n>p1 move flipturn\n>p2 switch 6\n>p1 switch 2\n>p1 move crunch\n>p2 switch 4\n>p1 move crunch terastallize\n>p2 move triplearrows\n>p2 switch 3\n>p1 switch 6\n>p2 switch 4\n>p1 switch 5\n>p2 move futuresight\n>p1 move foulplay\n>p2 switch 6\n>p1 move foulplay\n>p2 move gunkshot\n>p1 move foulplay\n>p2 move painsplit\n>p1 move wish\n>p2 move gunkshot\n>p1 move foulplay\n>p2 move painsplit\n>p1 switch 2\n>p2 move painsplit\n>p1 move sludgebomb\n>p2 switch 6\n>p1 move flipturn\n>p2 move futuresight\n>p1 switch 2\n>p1 move foulplay\n>p2 switch 6\n>p1 move protect\n>p2 move gunkshot\n>p1 switch 2\n>p2 move willowisp\n>p1 move surf\n>p2 switch 6\n>p1 move flipturn\n>p2 move bodypress\n>p1 switch 2\n>p1 move toxic\n>p2 move bodypress\n>p1 move protect\n>p2 move bodypress\n>p1 move wish\n>p2 move bodypress terastallize\n>p1 switch 3\n>p1 move calmmind\n>p2 switch 2\n>p1 move hypervoice\n>p2 move iciclecrash\n>p1 move hypervoice\n>p2 move iceshard\n>forcelose p2", "uploadtime": 1781377937, "views": 11, "formatid": "gen9randombattle", "rating": 1906, "private": 0, "password": null, "player_dets": [{"name": "SR-Cue", "avatar": "266", "rating": 1941, "seed": "sodium,08043a410668ca4cf72e6a35ecbc1015"}, {"name": "canbetaught2", "avatar": "hilda", "rating": 1925, "seed": "sodium,67814c0e9a3641bdc53ce7ab6a751d34"}], "teams_full": [{"Meloetta": {"name": "Meloetta", "species": "Meloetta", "speciesId": "meloetta", "gender": "N", "shiny": false, "level": 82, "moves": ["hypervoice", "psyshock", "calmmind", "focusblast"], "ability": "Serene Grace", "evs": {"hp": 85, "atk": 0, "def": 85, "spa": 85, "spd": 85, "spe": 85}, "ivs": {"hp": 31, "atk": 0, "def": 31, "spa": 31, "spd": 31, "spe": 31}, "item": "Leftovers", "teraType": "Fighting", "role": "Bulky Attacker", "bvs": {"hp": 100, "atk": 77, "def": 77, "spa": 128, "spd": 128, "spe": 90}, "stats": {"hp": 298, "atk": 131, "def": 173, "spa": 257, "spd": 257, "spe": 195}}, "Mabosstiff": {"name": "Mabosstiff", "species": "Mabosstiff", "speciesId": "mabosstiff", "gender": "M", "shiny": false, "level": 86, "moves": ["psychicfangs", "wildcharge", "crunch", "playrough"], "ability": "Stakeout", "evs": {"hp": 85, "atk": 85, "def": 85, "spa": 85, "spd": 85, "spe": 85}, "ivs": {"hp": 31, "atk": 31, "def": 31, "spa": 31, "spd": 31, "spe": 31}, "item": "Choice Band", "teraType": "Dark", "role": "Bulky Attacker", "bvs": {"hp": 80, "atk": 120, "def": 90, "spa": 60, "spd": 70, "spe": 85}, "stats": {"hp": 278, "atk": 256, "def": 204, "spa": 152, "spd": 170, "spe": 195}}, "Umbreon": {"name": "Umbreon", "species": "Umbreon", "speciesId": "umbreon", "gender": "F", "shiny": false, "level": 84, "moves": ["toxic", "foulplay", "wish", "protect"], "ability": "Synchronize", "evs": {"hp": 85, "atk": 0, "def": 85, "spa": 85, "spd": 85, "spe": 85}, "ivs": {"hp": 31, "atk": 0, "def": 31, "spa": 31, "spd": 31, "spe": 31}, "item": "Leftovers", "teraType": "Poison", "role": "Bulky Support", "bvs": {"hp": 95, "atk": 65, "def": 110, "spa": 60, "spd": 130, "spe": 65}, "stats": {"hp": 297, "atk": 114, "def": 233, "spa": 149, "spd": 267, "spe": 157}}, "Blissey": {"name": "Blissey", "species": "Blissey", "speciesId": "blissey", "gender": "F", "shiny": false, "level": 85, "moves": ["healbell", "softboiled", "thunderwave", "seismictoss"], "ability": "Natural Cure", "evs": {"hp": 85, "atk": 0, "def": 85, "spa": 85, "spd": 85, "spe": 85}, "ivs": {"hp": 31, "atk": 0, "def": 31, "spa": 31, "spd": 31, "spe": 31}, "item": "Leftovers", "teraType": "Dark", "role": "Bulky Support", "bvs": {"hp": 255, "atk": 10, "def": 10, "spa": 75, "spd": 135, "spe": 55}, "stats": {"hp": 572, "atk": 22, "def": 66, "spa": 176, "spd": 278, "spe": 142}}, "Tentacruel": {"name": "Tentacruel", "species": "Tentacruel", "speciesId": "tentacruel", "gender": "M", "shiny": false, "level": 84, "moves": ["surf", "sludgebomb", "rapidspin", "flipturn"], "ability": "Liquid Ooze", "evs": {"hp": 85, "atk": 85, "def": 85, "spa": 85, "spd": 85, "spe": 85}, "ivs": {"hp": 31, "atk": 31, "def": 31, "spa": 31, "spd": 31, "spe": 31}, "item": "Assault Vest", "teraType": "Grass", "role": "Bulky Support", "bvs": {"hp": 80, "atk": 70, "def": 65, "spa": 80, "spd": 120, "spe": 100}, "stats": {"hp": 272, "atk": 166, "def": 157, "spa": 183, "spd": 250, "spe": 216}}, "Walking Wake": {"name": "Walking Wake", "species": "Walking Wake", "speciesId": "walkingwake", "gender": "N", "shiny": false, "level": 79, "moves": ["hydrosteam", "flamethrower", "dracometeor", "sunnyday"], "ability": "Protosynthesis", "evs": {"hp": 85, "atk": 0, "def": 85, "spa": 85, "spd": 85, "spe": 85}, "ivs": {"hp": 31, "atk": 0, "def": 31, "spa": 31, "spd": 31, "spe": 31}, "item": "Life Orb", "teraType": "Fire", "role": "Fast Attacker", "bvs": {"hp": 99, "atk": 83, "def": 91, "spa": 125, "spd": 83, "spe": 109}, "stats": {"hp": 286, "atk": 136, "def": 189, "spa": 243, "spd": 177, "spe": 218}}}, {"Cetitan": {"name": "Cetitan", "species": "Cetitan", "speciesId": "cetitan", "gender": "M", "shiny": false, "level": 82, "moves": ["iceshard", "iciclecrash", "superpower", "liquidation"], "ability": "Sheer Force", "evs": {"hp": 85, "atk": 85, "def": 85, "spa": 85, "spd": 85, "spe": 85}, "ivs": {"hp": 31, "atk": 31, "def": 31, "spa": 31, "spd": 31, "spe": 31}, "item": "Life Orb", "teraType": "Water", "role": "Wallbreaker", "bvs": {"hp": 170, "atk": 113, "def": 65, "spa": 45, "spd": 55, "spe": 73}, "stats": {"hp": 413, "atk": 232, "def": 154, "spa": 121, "spd": 137, "spe": 167}}, "Slowbro": {"name": "Slowbro", "species": "Slowbro", "speciesId": "slowbro", "gender": "F", "shiny": false, "level": 85, "moves": ["futuresight", "scald", "bodypress", "psychicnoise"], "ability": "Regenerator", "evs": {"hp": 85, "atk": 0, "def": 85, "spa": 85, "spd": 85, "spe": 85}, "ivs": {"hp": 31, "atk": 0, "def": 31, "spa": 31, "spd": 31, "spe": 31}, "item": "Assault Vest", "teraType": "Fighting", "role": "AV Pivot", "bvs": {"hp": 95, "atk": 75, "def": 110, "spa": 100, "spd": 80, "spe": 30}, "stats": {"hp": 300, "atk": 132, "def": 236, "spa": 219, "spd": 185, "spe": 100}}, "Eiscue": {"name": "Eiscue", "species": "Eiscue", "speciesId": "eiscue", "gender": "M", "shiny": false, "level": 88, "moves": ["bellydrum", "icespinner", "terablast", "liquidation"], "ability": "Ice Face", "evs": {"hp": 81, "atk": 85, "def": 85, "spa": 85, "spd": 85, "spe": 85}, "ivs": {"hp": 31, "atk": 31, "def": 31, "spa": 31, "spd": 31, "spe": 31}, "item": "Sitrus Berry", "teraType": "Electric", "role": "Tera Blast user", "bvs": {"hp": 75, "atk": 80, "def": 110, "spa": 65, "spd": 90, "spe": 50}, "stats": {"hp": 274, "atk": 191, "def": 244, "spa": 165, "spd": 209, "spe": 138}}, "Decidueye": {"name": "Decidueye", "species": "Decidueye-Hisui", "speciesId": "decidueyehisui", "gender": "M", "shiny": false, "level": 87, "moves": ["knockoff", "roost", "triplearrows", "leafblade"], "ability": "Scrappy", "evs": {"hp": 85, "atk": 85, "def": 85, "spa": 85, "spd": 85, "spe": 85}, "ivs": {"hp": 31, "atk": 31, "def": 31, "spa": 31, "spd": 31, "spe": 31}, "item": "Leftovers", "teraType": "Steel", "role": "Bulky Attacker", "bvs": {"hp": 88, "atk": 112, "def": 80, "spa": 95, "spd": 95, "spe": 60}, "stats": {"hp": 295, "atk": 245, "def": 189, "spa": 215, "spd": 215, "spe": 154}}, "Ludicolo": {"name": "Ludicolo", "species": "Ludicolo", "speciesId": "ludicolo", "gender": "M", "shiny": false, "level": 90, "moves": ["hydropump", "gigadrain", "leafstorm", "icebeam"], "ability": "Swift Swim", "evs": {"hp": 85, "atk": 0, "def": 85, "spa": 85, "spd": 85, "spe": 85}, "ivs": {"hp": 31, "atk": 0, "def": 31, "spa": 31, "spd": 31, "spe": 31}, "item": "Choice Specs", "teraType": "Water", "role": "Fast Attacker", "bvs": {"hp": 80, "atk": 70, "def": 70, "spa": 90, "spd": 100, "spe": 70}, "stats": {"hp": 290, "atk": 131, "def": 177, "spa": 213, "spd": 231, "spe": 177}}, "Weezing": {"name": "Weezing", "species": "Weezing", "speciesId": "weezing", "gender": "F", "shiny": false, "level": 88, "moves": ["painsplit", "gunkshot", "willowisp", "fireblast"], "ability": "Levitate", "evs": {"hp": 85, "atk": 85, "def": 85, "spa": 85, "spd": 85, "spe": 85}, "ivs": {"hp": 31, "atk": 31, "def": 31, "spa": 31, "spd": 31, "spe": 31}, "item": "Leftovers", "teraType": "Steel", "role": "Bulky Attacker", "bvs": {"hp": 65, "atk": 90, "def": 120, "spa": 85, "spd": 70, "spe": 60}, "stats": {"hp": 258, "atk": 209, "def": 261, "spa": 200, "spd": 173, "spe": 156}}}]}