{"id": "gen9randombattle-2631448403", "format": "[Gen 9] Random Battle", "players": ["LewisBavin", "cococem"], "log": "|j|\u2606LewisBavin\n|j|\u2606cococem\n|t:|1781385922\n|gametype|singles\n|player|p1|LewisBavin|2|2267\n|player|p2|cococem|2|2179\n|gen|9\n|tier|[Gen 9] Random Battle\n|rated|\n|rule|Species Clause: Limit one of each Pok\u00e9mon\n|rule|HP Percentage Mod: HP is shown in percentages\n|rule|Sleep Clause Mod: Limit one foe put to sleep\n|rule|Illusion Level Mod: Illusion disguises the Pok\u00e9mon's true level\n|\n|t:|1781385922\n|teamsize|p1|6\n|teamsize|p2|6\n|start\n|switch|p1a: Weavile|Weavile, L79, M|240/240\n|switch|p2a: Beartic|Beartic, L91, F|321/321\n|turn|1\n|inactive|Battle timer is ON: inactive players will automatically lose when time's up. (requested by LewisBavin)\n|\n|t:|1781385934\n|switch|p1a: Misdreavus|Misdreavus, L90, F|254/254\n|move|p2a: Beartic|Swords Dance|p2a: Beartic\n|-boost|p2a: Beartic|atk|2\n|\n|upkeep\n|turn|2\n|\n|t:|1781385940\n|switch|p2a: Magmortar|Magmortar, L88, F|275/275\n|move|p1a: Misdreavus|Will-O-Wisp|p2a: Magmortar\n|-immune|p2a: Magmortar\n|\n|upkeep\n|turn|3\n|\n|t:|1781385944\n|switch|p1a: Camerupt|Camerupt, L91, F|275/275\n|move|p2a: Magmortar|Fire Blast|p1a: Camerupt\n|-resisted|p1a: Camerupt\n|-damage|p1a: Camerupt|188/275\n|\n|-heal|p1a: Camerupt|205/275|[from] item: Leftovers\n|upkeep\n|turn|4\n|\n|t:|1781385951\n|switch|p2a: Vespiquen|Vespiquen, L99, F|299/299\n|-ability|p2a: Vespiquen|Pressure\n|move|p1a: Camerupt|Earthquake|p2a: Vespiquen\n|-immune|p2a: Vespiquen\n|\n|-heal|p1a: Camerupt|222/275|[from] item: Leftovers\n|upkeep\n|turn|5\n|\n|t:|1781385973\n|move|p2a: Vespiquen|Toxic Spikes|p1a: Camerupt\n|-sidestart|p1: LewisBavin|move: Toxic Spikes\n|move|p1a: Camerupt|Will-O-Wisp|p2a: Vespiquen|[miss]\n|-miss|p1a: Camerupt|p2a: Vespiquen\n|\n|-heal|p1a: Camerupt|239/275|[from] item: Leftovers\n|upkeep\n|turn|6\n|\n|t:|1781385976\n|move|p2a: Vespiquen|Hurricane|p1a: Camerupt\n|-damage|p1a: Camerupt|83/275\n|move|p1a: Camerupt|Stealth Rock|p2a: Vespiquen\n|-sidestart|p2: cococem|move: Stealth Rock\n|\n|-heal|p1a: Camerupt|100/275|[from] item: Leftovers\n|upkeep\n|turn|7\n|\n|t:|1781385980\n|switch|p1a: Pecharunt|Pecharunt, L77|262/262\n|-sideend|p1: LewisBavin|move: Toxic Spikes|[of] p1a: Pecharunt\n|move|p2a: Vespiquen|Hurricane|p1a: Pecharunt\n|-damage|p1a: Pecharunt|103/262\n|\n|-heal|p1a: Pecharunt|119/262|[from] item: Leftovers\n|upkeep\n|turn|8\n|\n|t:|1781385984\n|move|p1a: Pecharunt|Recover|p1a: Pecharunt\n|-heal|p1a: Pecharunt|250/262\n|move|p2a: Vespiquen|Hurricane|p1a: Pecharunt\n|-damage|p1a: Pecharunt|100/262\n|\n|-heal|p1a: Pecharunt|116/262|[from] item: Leftovers\n|upkeep\n|turn|9\n|\n|t:|1781385993\n|move|p1a: Pecharunt|Recover|p1a: Pecharunt\n|-heal|p1a: Pecharunt|247/262\n|move|p2a: Vespiquen|Hurricane|p1a: Pecharunt|[miss]\n|-miss|p2a: Vespiquen|p1a: Pecharunt\n|\n|-heal|p1a: Pecharunt|262/262|[from] item: Leftovers\n|upkeep\n|turn|10\n|\n|t:|1781385997\n|switch|p1a: Florges|Florges-Blue, L85, F|271/271\n|switch|p2a: Bisharp|Bisharp, L79, F|232/232\n|-damage|p2a: Bisharp|218/232|[from] Stealth Rock\n|\n|upkeep\n|turn|11\n|\n|t:|1781386005\n|switch|p1a: Scizor|Scizor, L79, M|240/240\n|move|p2a: Bisharp|Stealth Rock|p1a: Scizor\n|-sidestart|p1: LewisBavin|move: Stealth Rock\n|\n|upkeep\n|turn|12\n|\n|t:|1781386029\n|switch|p2a: Magmortar|Magmortar, L88, F|275/275\n|move|p1a: Scizor|Knock Off|p2a: Magmortar\n|-damage|p2a: Magmortar|145/275\n|-enditem|p2a: Magmortar|Heavy-Duty Boots|[from] move: Knock Off|[of] p1a: Scizor\n|\n|upkeep\n|turn|13\n|\n|t:|1781386034\n|switch|p1a: Florges|Florges-Blue, L85, F|271/271\n|-damage|p1a: Florges|238/271|[from] Stealth Rock\n|move|p2a: Magmortar|Fire Blast|p1a: Florges\n|-damage|p1a: Florges|138/271\n|\n|-heal|p1a: Florges|154/271|[from] item: Leftovers\n|upkeep\n|turn|14\n|\n|t:|1781386038\n|move|p2a: Magmortar|Taunt|p1a: Florges\n|-start|p1a: Florges|move: Taunt\n|cant|p1a: Florges|move: Taunt|Wish\n|\n|-heal|p1a: Florges|170/271|[from] item: Leftovers\n|upkeep\n|turn|15\n|\n|t:|1781386045\n|move|p2a: Magmortar|Fire Blast|p1a: Florges\n|-damage|p1a: Florges|65/271\n|move|p1a: Florges|Moonblast|p2a: Magmortar\n|-resisted|p2a: Magmortar\n|-damage|p2a: Magmortar|96/275\n|\n|-heal|p1a: Florges|81/271|[from] item: Leftovers\n|upkeep\n|turn|16\n|\n|t:|1781386051\n|move|p2a: Magmortar|Fire Blast|p1a: Florges\n|-damage|p1a: Florges|0 fnt\n|faint|p1a: Florges\n|\n|upkeep\n|\n|t:|1781386054\n|switch|p1a: Weavile|Weavile, L79, M|240/240\n|turn|17\n|\n|t:|1781386068\n|move|p1a: Weavile|Swords Dance|p1a: Weavile\n|-boost|p1a: Weavile|atk|2\n|move|p2a: Magmortar|Fire Blast|p1a: Weavile\n|-supereffective|p1a: Weavile\n|-damage|p1a: Weavile|0 fnt\n|faint|p1a: Weavile\n|\n|upkeep\n|-message|LewisBavin forfeited.\n|\n|win|cococem\n", "inputlog": ">version a8376a258c1d4662feba110a92103f3664a72141\n>start {\"formatid\":\"gen9randombattle\",\"seed\":\"sodium,f4e5c1a17cfe68a396668385bda21a24\",\"rated\":\"Rated battle\"}\n>player p1 {\"name\":\"LewisBavin\",\"avatar\":\"2\",\"rating\":2267,\"seed\":\"sodium,4bc954a0a525367ce38a6cd2b4439429\"}\n>player p2 {\"name\":\"cococem\",\"avatar\":\"2\",\"rating\":2179,\"seed\":\"sodium,ddfee364fe1bc18aad29047b838e6324\"}\n>p1 switch 6\n>p2 move swordsdance\n>p1 move willowisp\n>p2 switch 5\n>p1 switch 5\n>p2 move fireblast\n>p1 move earthquake\n>p2 switch 3\n>p1 move willowisp\n>p2 move toxicspikes\n>p1 move stealthrock\n>p2 move hurricane\n>p1 switch 3\n>p2 move hurricane\n>p1 move recover\n>p2 move hurricane\n>p1 move recover\n>p2 move hurricane\n>p1 switch 4\n>p2 switch 4\n>p1 switch 2\n>p2 move stealthrock\n>p1 move knockoff\n>p2 switch 3\n>p1 switch 2\n>p2 move fireblast\n>p1 move wish\n>p2 move taunt\n>p1 move moonblast\n>p2 move fireblast\n>p1 move moonblast\n>p2 move fireblast\n>p1 switch 6\n>p1 move swordsdance\n>p2 move fireblast\n>forcelose p1", "uploadtime": 1781385925, "views": 5, "formatid": "gen9randombattle", "rating": null, "private": 0, "password": null, "player_dets": [{"name": "LewisBavin", "avatar": "2", "rating": 2267, "seed": "sodium,4bc954a0a525367ce38a6cd2b4439429"}, {"name": "cococem", "avatar": "2", "rating": 2179, "seed": "sodium,ddfee364fe1bc18aad29047b838e6324"}], "teams_full": [{"Weavile": {"name": "Weavile", "species": "Weavile", "speciesId": "weavile", "gender": "M", "shiny": false, "level": 79, "moves": ["swordsdance", "tripleaxel", "knockoff", "lowkick"], "ability": "Pickpocket", "evs": {"hp": 85, "atk": 85, "def": 85, "spa": 85, "spd": 85, "spe": 85}, "ivs": {"hp": 31, "atk": 31, "def": 31, "spa": 31, "spd": 31, "spe": 31}, "item": "Heavy-Duty Boots", "teraType": "Ice", "role": "Fast Attacker", "bvs": {"hp": 70, "atk": 120, "def": 65, "spa": 45, "spd": 85, "spe": 125}, "stats": {"hp": 240, "atk": 235, "def": 148, "spa": 117, "spd": 180, "spe": 243}, "types": ["Dark", "Ice"]}, "Scizor": {"name": "Scizor", "species": "Scizor", "speciesId": "scizor", "gender": "M", "shiny": false, "level": 79, "moves": ["knockoff", "bulletpunch", "uturn", "closecombat"], "ability": "Technician", "evs": {"hp": 85, "atk": 85, "def": 85, "spa": 85, "spd": 85, "spe": 85}, "ivs": {"hp": 31, "atk": 31, "def": 31, "spa": 31, "spd": 31, "spe": 31}, "item": "Choice Band", "teraType": "Steel", "role": "Wallbreaker", "bvs": {"hp": 70, "atk": 130, "def": 100, "spa": 55, "spd": 80, "spe": 65}, "stats": {"hp": 240, "atk": 251, "def": 204, "spa": 132, "spd": 172, "spe": 148}, "types": ["Bug", "Steel"]}, "Pecharunt": {"name": "Pecharunt", "species": "Pecharunt", "speciesId": "pecharunt", "gender": "N", "shiny": false, "level": 77, "moves": ["recover", "shadowball", "nastyplot", "malignantchain"], "ability": "Poison Puppeteer", "evs": {"hp": 85, "atk": 0, "def": 85, "spa": 85, "spd": 85, "spe": 85}, "ivs": {"hp": 31, "atk": 0, "def": 31, "spa": 31, "spd": 31, "spe": 31}, "item": "Leftovers", "teraType": "Dark", "role": "Bulky Attacker", "bvs": {"hp": 88, "atk": 88, "def": 160, "spa": 88, "spd": 88, "spe": 88}, "stats": {"hp": 262, "atk": 140, "def": 291, "spa": 180, "spd": 180, "spe": 180}, "types": ["Poison", "Ghost"]}, "Florges": {"name": "Florges", "species": "Florges-Blue", "speciesId": "florges", "gender": "F", "shiny": false, "level": 85, "moves": ["moonblast", "wish", "protect", "calmmind"], "ability": "Flower Veil", "evs": {"hp": 85, "atk": 0, "def": 85, "spa": 85, "spd": 85, "spe": 85}, "ivs": {"hp": 31, "atk": 0, "def": 31, "spa": 31, "spd": 31, "spe": 31}, "item": "Leftovers", "teraType": "Steel", "role": "Bulky Setup", "bvs": {"hp": 78, "atk": 65, "def": 68, "spa": 112, "spd": 154, "spe": 75}, "stats": {"hp": 271, "atk": 115, "def": 164, "spa": 239, "spd": 311, "spe": 176}, "types": ["Fairy"]}, "Camerupt": {"name": "Camerupt", "species": "Camerupt", "speciesId": "camerupt", "gender": "F", "shiny": false, "level": 91, "moves": ["willowisp", "earthquake", "overheat", "stealthrock"], "ability": "Solid Rock", "evs": {"hp": 85, "atk": 85, "def": 85, "spa": 85, "spd": 85, "spe": 85}, "ivs": {"hp": 31, "atk": 31, "def": 31, "spa": 31, "spd": 31, "spe": 31}, "item": "Leftovers", "teraType": "Water", "role": "Bulky Support", "bvs": {"hp": 70, "atk": 100, "def": 70, "spa": 105, "spd": 75, "spe": 40}, "stats": {"hp": 275, "atk": 234, "def": 179, "spa": 243, "spd": 188, "spe": 125}, "types": ["Fire", "Ground"]}, "Misdreavus": {"name": "Misdreavus", "species": "Misdreavus", "speciesId": "misdreavus", "gender": "F", "shiny": false, "level": 90, "moves": ["willowisp", "drainingkiss", "calmmind", "shadowball"], "ability": "Levitate", "evs": {"hp": 85, "atk": 0, "def": 85, "spa": 85, "spd": 85, "spe": 85}, "ivs": {"hp": 31, "atk": 0, "def": 31, "spa": 31, "spd": 31, "spe": 31}, "item": "Eviolite", "teraType": "Fairy", "role": "Bulky Setup", "bvs": {"hp": 60, "atk": 60, "def": 60, "spa": 85, "spd": 85, "spe": 85}, "stats": {"hp": 254, "atk": 113, "def": 159, "spa": 204, "spd": 204, "spe": 204}, "types": ["Ghost"]}}, {"Beartic": {"name": "Beartic", "species": "Beartic", "speciesId": "beartic", "gender": "F", "shiny": false, "level": 91, "moves": ["swordsdance", "earthquake", "closecombat", "iciclecrash"], "ability": "Swift Swim", "evs": {"hp": 85, "atk": 85, "def": 85, "spa": 85, "spd": 85, "spe": 85}, "ivs": {"hp": 31, "atk": 31, "def": 31, "spa": 31, "spd": 31, "spe": 31}, "item": "Heavy-Duty Boots", "teraType": "Fighting", "role": "Wallbreaker", "bvs": {"hp": 95, "atk": 130, "def": 80, "spa": 70, "spd": 80, "spe": 50}, "stats": {"hp": 321, "atk": 288, "def": 197, "spa": 179, "spd": 197, "spe": 143}, "types": ["Ice"]}, "Empoleon": {"name": "Empoleon", "species": "Empoleon", "speciesId": "empoleon", "gender": "F", "shiny": false, "level": 84, "moves": ["knockoff", "roost", "icebeam", "surf"], "ability": "Competitive", "evs": {"hp": 85, "atk": 85, "def": 85, "spa": 85, "spd": 85, "spe": 85}, "ivs": {"hp": 31, "atk": 31, "def": 31, "spa": 31, "spd": 31, "spe": 31}, "item": "Leftovers", "teraType": "Flying", "role": "Bulky Support", "bvs": {"hp": 84, "atk": 86, "def": 88, "spa": 111, "spd": 101, "spe": 60}, "stats": {"hp": 278, "atk": 193, "def": 196, "spa": 235, "spd": 218, "spe": 149}, "types": ["Water", "Steel"]}, "Vespiquen": {"name": "Vespiquen", "species": "Vespiquen", "speciesId": "vespiquen", "gender": "F", "shiny": false, "level": 99, "moves": ["toxicspikes", "uturn", "hurricane", "roost"], "ability": "Pressure", "evs": {"hp": 85, "atk": 85, "def": 85, "spa": 85, "spd": 85, "spe": 85}, "ivs": {"hp": 31, "atk": 31, "def": 31, "spa": 31, "spd": 31, "spe": 31}, "item": "Heavy-Duty Boots", "teraType": "Steel", "role": "Bulky Support", "bvs": {"hp": 70, "atk": 80, "def": 102, "spa": 80, "spd": 102, "spe": 40}, "stats": {"hp": 299, "atk": 214, "def": 258, "spa": 214, "spd": 258, "spe": 135}, "types": ["Bug", "Flying"]}, "Bisharp": {"name": "Bisharp", "species": "Bisharp", "speciesId": "bisharp", "gender": "F", "shiny": false, "level": 79, "moves": ["throatchop", "suckerpunch", "ironhead", "stealthrock"], "ability": "Defiant", "evs": {"hp": 85, "atk": 85, "def": 85, "spa": 85, "spd": 85, "spe": 85}, "ivs": {"hp": 31, "atk": 31, "def": 31, "spa": 31, "spd": 31, "spe": 31}, "item": "Eviolite", "teraType": "Ghost", "role": "Bulky Attacker", "bvs": {"hp": 65, "atk": 125, "def": 100, "spa": 60, "spd": 70, "spe": 70}, "stats": {"hp": 232, "atk": 243, "def": 204, "spa": 140, "spd": 156, "spe": 156}, "types": ["Dark", "Steel"]}, "Magmortar": {"name": "Magmortar", "species": "Magmortar", "speciesId": "magmortar", "gender": "F", "shiny": false, "level": 88, "moves": ["focusblast", "taunt", "fireblast", "thunderbolt"], "ability": "Flame Body", "evs": {"hp": 85, "atk": 0, "def": 85, "spa": 85, "spd": 85, "spe": 85}, "ivs": {"hp": 31, "atk": 0, "def": 31, "spa": 31, "spd": 31, "spe": 31}, "item": "Heavy-Duty Boots", "teraType": "Fighting", "role": "Wallbreaker", "bvs": {"hp": 75, "atk": 95, "def": 67, "spa": 125, "spd": 95, "spe": 83}, "stats": {"hp": 275, "atk": 172, "def": 168, "spa": 270, "spd": 217, "spe": 196}, "types": ["Fire"]}, "Florges": {"name": "Florges", "species": "Florges-Yellow", "speciesId": "florges", "gender": "F", "shiny": false, "level": 85, "moves": ["moonblast", "wish", "protect", "calmmind"], "ability": "Flower Veil", "evs": {"hp": 85, "atk": 0, "def": 85, "spa": 85, "spd": 85, "spe": 85}, "ivs": {"hp": 31, "atk": 0, "def": 31, "spa": 31, "spd": 31, "spe": 31}, "item": "Leftovers", "teraType": "Steel", "role": "Bulky Setup", "bvs": {"hp": 78, "atk": 65, "def": 68, "spa": 112, "spd": 154, "spe": 75}, "stats": {"hp": 271, "atk": 115, "def": 164, "spa": 239, "spd": 311, "spe": 176}, "types": ["Fairy"]}}]}