{"id": "gen9randombattle-2631493974", "format": "[Gen 9] Random Battle", "players": ["Petilil37", "Matuidi14"], "log": "|j|\u203dPetilil37\n|j|\u2606Matuidi14\n|t:|1781392110\n|gametype|singles\n|player|p1|Petilil37|101|2015\n|player|p2|Matuidi14|clown|2141\n|gen|9\n|tier|[Gen 9] Random Battle\n|rated|\n|rule|Species Clause: Limit one of each Pok\u00e9mon\n|rule|HP Percentage Mod: HP is shown in percentages\n|rule|Sleep Clause Mod: Limit one foe put to sleep\n|rule|Illusion Level Mod: Illusion disguises the Pok\u00e9mon's true level\n|\n|t:|1781392110\n|teamsize|p1|6\n|teamsize|p2|6\n|start\n|switch|p1a: Magmortar|Magmortar, L88, M|275/275\n|switch|p2a: Seviper|Seviper, L93, F|287/287\n|turn|1\n|\n|t:|1781392128\n|move|p1a: Magmortar|Earthquake|p2a: Seviper\n|-supereffective|p2a: Seviper\n|-damage|p2a: Seviper|115/287\n|move|p2a: Seviper|Earthquake|p1a: Magmortar\n|-supereffective|p1a: Magmortar\n|-damage|p1a: Magmortar|57/275\n|\n|-heal|p2a: Seviper|132/287|[from] item: Leftovers\n|upkeep\n|turn|2\n|\n|t:|1781392139\n|move|p1a: Magmortar|Earthquake|p2a: Seviper\n|-supereffective|p2a: Seviper\n|-damage|p2a: Seviper|0 fnt\n|faint|p2a: Seviper\n|\n|upkeep\n|\n|t:|1781392148\n|switch|p2a: Porygon-Z|Porygon-Z, L83|277/277\n|-ability|p2a: Porygon-Z|Download|boost\n|-boost|p2a: Porygon-Z|atk|1\n|turn|3\n|\n|t:|1781392160\n|switch|p1a: Perrserker|Perrserker, L89, F|269/269\n|move|p2a: Porygon-Z|Tri Attack|p1a: Perrserker\n|-resisted|p1a: Perrserker\n|-damage|p1a: Perrserker|203/269\n|\n|upkeep\n|turn|4\n|\n|t:|1781392170\n|switch|p2a: Samurott|Samurott, L88, M|310/310\n|move|p1a: Perrserker|Close Combat|p2a: Samurott\n|-damage|p2a: Samurott|121/310\n|-unboost|p1a: Perrserker|def|1\n|-unboost|p1a: Perrserker|spd|1\n|\n|upkeep\n|turn|5\n|inactive|Battle timer is ON: inactive players will automatically lose when time's up. (requested by Matuidi14)\n|\n|t:|1781392180\n|switch|p1a: Venusaur|Venusaur, L84, M|272/272\n|move|p2a: Samurott|Hydro Pump|p1a: Venusaur|[miss]\n|-miss|p2a: Samurott|p1a: Venusaur\n|\n|upkeep\n|turn|6\n|\n|t:|1781392207\n|switch|p2a: Ogerpon|Ogerpon-Hearthflame, L74, F|239/239\n|-ability|p2a: Ogerpon|Mold Breaker\n|move|p1a: Venusaur|Energy Ball|p2a: Ogerpon\n|-resisted|p2a: Ogerpon\n|-damage|p2a: Ogerpon|214/239\n|\n|upkeep\n|turn|7\n|\n|t:|1781392220\n|switch|p1a: Gouging Fire|Gouging Fire, L74|277/277\n|move|p2a: Ogerpon|Ivy Cudgel|p1a: Gouging Fire|[anim] Ivy Cudgel Fire\n|-resisted|p1a: Gouging Fire\n|-crit|p1a: Gouging Fire\n|-damage|p1a: Gouging Fire|237/277\n|\n|upkeep\n|turn|8\n|\n|t:|1781392239\n|switch|p2a: Palossand|Palossand, L89, F|296/296\n|move|p1a: Gouging Fire|Dragon Dance|p1a: Gouging Fire\n|-boost|p1a: Gouging Fire|atk|1\n|-boost|p1a: Gouging Fire|spe|1\n|\n|upkeep\n|turn|9\n|\n|t:|1781392253\n|-end|p1a: Gouging Fire|Protosynthesis|[silent]\n|switch|p1a: Venusaur|Venusaur, L84, M|272/272\n|move|p2a: Palossand|Earth Power|p1a: Venusaur\n|-damage|p1a: Venusaur|181/272\n|-unboost|p1a: Venusaur|spd|1\n|\n|-heal|p1a: Venusaur|198/272|[from] item: Leftovers\n|upkeep\n|turn|10\n|\n|t:|1781392273\n|switch|p2a: Porygon-Z|Porygon-Z, L83|277/277\n|-ability|p2a: Porygon-Z|Download|boost\n|-boost|p2a: Porygon-Z|spa|1\n|move|p1a: Venusaur|Knock Off|p2a: Porygon-Z\n|-damage|p2a: Porygon-Z|198/277\n|-enditem|p2a: Porygon-Z|Choice Scarf|[from] move: Knock Off|[of] p1a: Venusaur\n|\n|-heal|p1a: Venusaur|215/272|[from] item: Leftovers\n|upkeep\n|turn|11\n|\n|t:|1781392281\n|switch|p1a: Magmortar|Magmortar, L88, M|57/275\n|move|p2a: Porygon-Z|Tri Attack|p1a: Magmortar\n|-crit|p1a: Magmortar\n|-damage|p1a: Magmortar|0 fnt\n|faint|p1a: Magmortar\n|\n|upkeep\n|\n|t:|1781392283\n|switch|p1a: Perrserker|Perrserker, L89, F|203/269\n|turn|12\n|\n|t:|1781392286\n|switch|p2a: Samurott|Samurott, L88, M|121/310\n|move|p1a: Perrserker|Iron Head|p2a: Samurott\n|-resisted|p2a: Samurott\n|-damage|p2a: Samurott|15/310\n|\n|upkeep\n|turn|13\n|\n|t:|1781392291\n|switch|p1a: Venusaur|Venusaur, L84, M|215/272\n|move|p2a: Samurott|Hydro Pump|p1a: Venusaur\n|-resisted|p1a: Venusaur\n|-damage|p1a: Venusaur|113/272\n|\n|-heal|p1a: Venusaur|130/272|[from] item: Leftovers\n|upkeep\n|turn|14\n|\n|t:|1781392296\n|move|p1a: Venusaur|Energy Ball|p2a: Samurott\n|-supereffective|p2a: Samurott\n|-damage|p2a: Samurott|0 fnt\n|faint|p2a: Samurott\n|\n|-heal|p1a: Venusaur|147/272|[from] item: Leftovers\n|upkeep\n|\n|t:|1781392313\n|switch|p2a: Ogerpon|Ogerpon-Hearthflame, L74, F|214/239\n|-ability|p2a: Ogerpon|Mold Breaker\n|turn|15\n|\n|t:|1781392324\n|switch|p1a: Gouging Fire|Gouging Fire, L74|237/277\n|move|p2a: Ogerpon|Ivy Cudgel|p1a: Gouging Fire|[anim] Ivy Cudgel Fire\n|-resisted|p1a: Gouging Fire\n|-damage|p1a: Gouging Fire|210/277\n|\n|upkeep\n|turn|16\n|\n|t:|1781392329\n|switch|p2a: Porygon-Z|Porygon-Z, L83|198/277\n|-ability|p2a: Porygon-Z|Download|boost\n|-boost|p2a: Porygon-Z|spa|1\n|-end|p1a: Gouging Fire|Protosynthesis|[silent]\n|switch|p1a: Venusaur|Venusaur, L84, M|147/272\n|\n|-heal|p1a: Venusaur|164/272|[from] item: Leftovers\n|upkeep\n|turn|17\n|\n|t:|1781392336\n|switch|p1a: Perrserker|Perrserker, L89, F|203/269\n|move|p2a: Porygon-Z|Tri Attack|p1a: Perrserker\n|-resisted|p1a: Perrserker\n|-damage|p1a: Perrserker|107/269\n|\n|upkeep\n|turn|18\n|\n|t:|1781392339\n|move|p2a: Porygon-Z|Thunderbolt|p1a: Perrserker\n|-damage|p1a: Perrserker|0 fnt\n|faint|p1a: Perrserker\n|\n|upkeep\n|\n|t:|1781392345\n|switch|p1a: Arceus|Arceus-Psychic, L69|280/280\n|turn|19\n|\n|t:|1781392356\n|move|p1a: Arceus|Cosmic Power|p1a: Arceus\n|-boost|p1a: Arceus|def|1\n|-boost|p1a: Arceus|spd|1\n|move|p2a: Porygon-Z|Shadow Ball|p1a: Arceus\n|-supereffective|p1a: Arceus\n|-damage|p1a: Arceus|146/280\n|\n|upkeep\n|turn|20\n|\n|t:|1781392361\n|move|p1a: Arceus|Cosmic Power|p1a: Arceus\n|-boost|p1a: Arceus|def|1\n|-boost|p1a: Arceus|spd|1\n|move|p2a: Porygon-Z|Tri Attack|p1a: Arceus\n|-damage|p1a: Arceus|71/280\n|-status|p1a: Arceus|brn\n|\n|-damage|p1a: Arceus|54/280 brn|[from] brn\n|upkeep\n|turn|21\n|\n|t:|1781392370\n|move|p1a: Arceus|Recover|p1a: Arceus\n|-heal|p1a: Arceus|194/280 brn\n|move|p2a: Porygon-Z|Shadow Ball|p1a: Arceus\n|-supereffective|p1a: Arceus\n|-damage|p1a: Arceus|84/280 brn\n|\n|-damage|p1a: Arceus|67/280 brn|[from] brn\n|upkeep\n|turn|22\n|\n|t:|1781392375\n|-terastallize|p1a: Arceus|Steel\n|move|p1a: Arceus|Recover|p1a: Arceus\n|-heal|p1a: Arceus|207/280 brn\n|move|p2a: Porygon-Z|Shadow Ball|p1a: Arceus\n|-damage|p1a: Arceus|152/280 brn\n|\n|-damage|p1a: Arceus|135/280 brn|[from] brn\n|upkeep\n|turn|23\n|\n|t:|1781392387\n|switch|p2a: Ogerpon|Ogerpon-Hearthflame, L74, F|214/239\n|-ability|p2a: Ogerpon|Mold Breaker\n|move|p1a: Arceus|Recover|p1a: Arceus\n|-heal|p1a: Arceus|275/280 brn\n|\n|-damage|p1a: Arceus|258/280 brn|[from] brn\n|upkeep\n|turn|24\n|\n|t:|1781392391\n|-terastallize|p2a: Ogerpon|Fire\n|detailschange|p2a: Ogerpon|Ogerpon-Hearthflame-Tera, L74, F, tera:Fire\n|-ability|p2a: Ogerpon|Embody Aspect (Hearthflame)|boost\n|-boost|p2a: Ogerpon|atk|1\n|move|p1a: Arceus|Stored Power|p2a: Ogerpon\n|-damage|p2a: Ogerpon|114/239\n|move|p2a: Ogerpon|Ivy Cudgel|p1a: Arceus|[anim] Ivy Cudgel Fire\n|-supereffective|p1a: Arceus\n|-damage|p1a: Arceus|42/280 brn\n|\n|-damage|p1a: Arceus|25/280 brn|[from] brn\n|upkeep\n|turn|25\n|\n|t:|1781392401\n|switch|p2a: Palossand|Palossand, L89, F|296/296\n|move|p1a: Arceus|Stored Power|p2a: Palossand\n|-damage|p2a: Palossand|190/296\n|\n|-heal|p2a: Palossand|208/296|[from] item: Leftovers\n|-damage|p1a: Arceus|8/280 brn|[from] brn\n|upkeep\n|turn|26\n|\n|t:|1781392408\n|move|p1a: Arceus|Recover|p1a: Arceus\n|-heal|p1a: Arceus|148/280 brn\n|move|p2a: Palossand|Earth Power|p1a: Arceus\n|-supereffective|p1a: Arceus\n|-damage|p1a: Arceus|44/280 brn\n|\n|-heal|p2a: Palossand|226/296|[from] item: Leftovers\n|-damage|p1a: Arceus|27/280 brn|[from] brn\n|upkeep\n|turn|27\n|\n|t:|1781392412\n|move|p1a: Arceus|Stored Power|p2a: Palossand\n|-damage|p2a: Palossand|112/296\n|move|p2a: Palossand|Stealth Rock|p1a: Arceus\n|-sidestart|p1: Petilil37|move: Stealth Rock\n|\n|-heal|p2a: Palossand|130/296|[from] item: Leftovers\n|-damage|p1a: Arceus|10/280 brn|[from] brn\n|upkeep\n|turn|28\n|\n|t:|1781392415\n|move|p1a: Arceus|Stored Power|p2a: Palossand\n|-damage|p2a: Palossand|30/296\n|move|p2a: Palossand|Shore Up|p2a: Palossand\n|-heal|p2a: Palossand|178/296\n|\n|-heal|p2a: Palossand|196/296|[from] item: Leftovers\n|-damage|p1a: Arceus|0 fnt|[from] brn\n|faint|p1a: Arceus\n|upkeep\n|\n|t:|1781392419\n|switch|p1a: Meganium|Meganium, L90, F|290/290\n|-damage|p1a: Meganium|254/290|[from] Stealth Rock\n|turn|29\n|\n|t:|1781392429\n|switch|p2a: Ogerpon|Ogerpon-Hearthflame-Tera, L74, F, tera:Fire|114/239\n|-ability|p2a: Ogerpon|Embody Aspect (Hearthflame)|boost\n|-boost|p2a: Ogerpon|atk|1\n|move|p1a: Meganium|Petal Blizzard|p2a: Ogerpon\n|-resisted|p2a: Ogerpon\n|-damage|p2a: Ogerpon|55/239\n|\n|-heal|p1a: Meganium|272/290|[from] item: Leftovers\n|upkeep\n|turn|30\n|\n|t:|1781392436\n|switch|p2a: Porygon-Z|Porygon-Z, L83|198/277\n|-ability|p2a: Porygon-Z|Download|boost\n|-boost|p2a: Porygon-Z|spa|1\n|switch|p1a: Gouging Fire|Gouging Fire, L74|210/277\n|\n|upkeep\n|turn|31\n|\n|t:|1781392441\n|move|p2a: Porygon-Z|Tri Attack|p1a: Gouging Fire\n|-damage|p1a: Gouging Fire|29/277\n|move|p1a: Gouging Fire|Dragon Dance|p1a: Gouging Fire\n|-boost|p1a: Gouging Fire|atk|1\n|-boost|p1a: Gouging Fire|spe|1\n|\n|upkeep\n|turn|32\n|\n|t:|1781392444\n|move|p1a: Gouging Fire|Heat Crash|p2a: Porygon-Z\n|-damage|p2a: Porygon-Z|8/277\n|move|p2a: Porygon-Z|Tri Attack|p1a: Gouging Fire\n|-damage|p1a: Gouging Fire|0 fnt\n|faint|p1a: Gouging Fire\n|-end|p1a: Gouging Fire|Protosynthesis|[silent]\n|\n|upkeep\n|-message|Petilil37 forfeited.\n|\n|win|Matuidi14\n|raw|Petilil37's rating: 1998 &rarr; <strong>1986</strong><br />(-12 for losing)\n|raw|Matuidi14's rating: 2141 &rarr; <strong>2153</strong><br />(+12 for winning)\n", "inputlog": ">version a8376a258c1d4662feba110a92103f3664a72141\n>start {\"formatid\":\"gen9randombattle\",\"seed\":\"sodium,e592be1236cfa2489f43852d06aa16cd\",\"rated\":\"Rated battle\"}\n>player p1 {\"name\":\"Petilil37\",\"avatar\":\"101\",\"rating\":2015,\"seed\":\"sodium,e6accaecfadd1408788e30b71df99a3c\"}\n>player p2 {\"name\":\"Matuidi14\",\"avatar\":\"clown\",\"rating\":2141,\"seed\":\"sodium,ddd7d9718fde4e1f8e9c08fac1203b1a\"}\n>p1 move earthquake\n>p2 move earthquake\n>p1 move earthquake\n>p2 move trailblaze\n>p2 switch 4\n>p1 switch 3\n>p2 move triattack\n>p1 move closecombat\n>p2 switch 5\n>p1 switch 6\n>p2 move hydropump\n>p1 move energyball\n>p2 switch 3\n>p1 switch 2\n>p2 move ivycudgel\n>p1 move dragondance\n>p2 switch 2\n>p1 switch 2\n>p2 move earthpower\n>p1 move knockoff\n>p2 switch 5\n>p1 switch 3\n>p2 move triattack\n>p1 switch 6\n>p1 move ironhead\n>p2 switch 3\n>p1 switch 3\n>p2 move hydropump\n>p1 move energyball\n>p2 move flipturn\n>p2 switch 2\n>p1 switch 2\n>p2 move ivycudgel\n>p1 switch 2\n>p2 switch 3\n>p1 switch 3\n>p2 move triattack\n>p1 move closecombat\n>p2 move thunderbolt\n>p1 switch 5\n>p1 move cosmicpower\n>p2 move shadowball\n>p1 move cosmicpower\n>p2 move triattack\n>p1 move recover\n>p2 move shadowball\n>p1 move recover terastallize\n>p2 move shadowball\n>p1 move recover\n>p2 switch 3\n>p1 move storedpower\n>p2 move ivycudgel terastallize\n>p1 move storedpower\n>p2 switch 5\n>p1 move recover\n>p2 move earthpower\n>p1 move storedpower\n>p2 move stealthrock\n>p1 move storedpower\n>p2 move shoreup\n>p1 switch 4\n>p1 move petalblizzard\n>p2 switch 5\n>p1 switch 2\n>p2 switch 3\n>p1 move dragondance\n>p2 move triattack\n>p1 move heatcrash\n>p2 move triattack\n>forcelose p1", "uploadtime": 1781392112, "views": 5, "formatid": "gen9randombattle", "rating": 1986, "private": 0, "password": null, "player_dets": [{"name": "Petilil37", "avatar": "101", "rating": 2015, "seed": "sodium,e6accaecfadd1408788e30b71df99a3c"}, {"name": "Matuidi14", "avatar": "clown", "rating": 2141, "seed": "sodium,ddd7d9718fde4e1f8e9c08fac1203b1a"}], "teams_full": [{"Magmortar": {"name": "Magmortar", "species": "Magmortar", "speciesId": "magmortar", "gender": "M", "shiny": false, "level": 88, "moves": ["knockoff", "willowisp", "fireblast", "earthquake"], "ability": "Flame Body", "evs": {"hp": 85, "atk": 85, "def": 85, "spa": 85, "spd": 85, "spe": 85}, "ivs": {"hp": 31, "atk": 31, "def": 31, "spa": 31, "spd": 31, "spe": 31}, "item": "Heavy-Duty Boots", "teraType": "Water", "role": "Fast Attacker", "bvs": {"hp": 75, "atk": 95, "def": 67, "spa": 125, "spd": 95, "spe": 83}, "stats": {"hp": 275, "atk": 217, "def": 168, "spa": 270, "spd": 217, "spe": 196}, "types": ["Fire"]}, "Gouging Fire": {"name": "Gouging Fire", "species": "Gouging Fire", "speciesId": "gougingfire", "gender": "N", "shiny": false, "level": 74, "moves": ["heatcrash", "dragondance", "outrage", "morningsun"], "ability": "Protosynthesis", "evs": {"hp": 85, "atk": 85, "def": 85, "spa": 85, "spd": 85, "spe": 85}, "ivs": {"hp": 31, "atk": 31, "def": 31, "spa": 31, "spd": 31, "spe": 31}, "item": "Heavy-Duty Boots", "teraType": "Fairy", "role": "Bulky Setup", "bvs": {"hp": 105, "atk": 115, "def": 121, "spa": 65, "spd": 93, "spe": 91}, "stats": {"hp": 277, "atk": 213, "def": 222, "spa": 139, "spd": 181, "spe": 178}, "types": ["Fire", "Dragon"]}, "Perrserker": {"name": "Perrserker", "species": "Perrserker", "speciesId": "perrserker", "gender": "F", "shiny": false, "level": 89, "moves": ["ironhead", "closecombat", "uturn", "knockoff"], "ability": "Tough Claws", "evs": {"hp": 85, "atk": 85, "def": 85, "spa": 85, "spd": 85, "spe": 85}, "ivs": {"hp": 31, "atk": 31, "def": 31, "spa": 31, "spd": 31, "spe": 31}, "item": "Choice Band", "teraType": "Fighting", "role": "Fast Attacker", "bvs": {"hp": 70, "atk": 110, "def": 100, "spa": 50, "spd": 60, "spe": 50}, "stats": {"hp": 269, "atk": 247, "def": 229, "spa": 140, "spd": 158, "spe": 140}, "types": ["Steel"]}, "Meganium": {"name": "Meganium", "species": "Meganium", "speciesId": "meganium", "gender": "F", "shiny": false, "level": 90, "moves": ["petalblizzard", "earthquake", "swordsdance", "knockoff"], "ability": "Overgrow", "evs": {"hp": 85, "atk": 85, "def": 85, "spa": 85, "spd": 85, "spe": 85}, "ivs": {"hp": 31, "atk": 31, "def": 31, "spa": 31, "spd": 31, "spe": 31}, "item": "Leftovers", "teraType": "Steel", "role": "Bulky Setup", "bvs": {"hp": 80, "atk": 82, "def": 100, "spa": 83, "spd": 100, "spe": 80}, "stats": {"hp": 290, "atk": 199, "def": 231, "spa": 201, "spd": 231, "spe": 195}, "types": ["Grass"]}, "Arceus": {"name": "Arceus", "species": "Arceus-Psychic", "speciesId": "arceuspsychic", "gender": "N", "shiny": false, "level": 69, "moves": ["bodypress", "storedpower", "recover", "cosmicpower"], "ability": "Multitype", "evs": {"hp": 85, "atk": 0, "def": 85, "spa": 85, "spd": 85, "spe": 85}, "ivs": {"hp": 31, "atk": 0, "def": 31, "spa": 31, "spd": 31, "spe": 31}, "item": "Mind Plate", "teraType": "Steel", "role": "Bulky Setup", "bvs": {"hp": 120, "atk": 120, "def": 120, "spa": 120, "spd": 120, "spe": 120}, "stats": {"hp": 280, "atk": 170, "def": 206, "spa": 206, "spd": 206, "spe": 206}, "types": ["Psychic"]}, "Venusaur": {"name": "Venusaur", "species": "Venusaur", "speciesId": "venusaur", "gender": "M", "shiny": false, "level": 84, "moves": ["energyball", "knockoff", "sludgebomb", "synthesis"], "ability": "Overgrow", "evs": {"hp": 85, "atk": 85, "def": 85, "spa": 85, "spd": 85, "spe": 85}, "ivs": {"hp": 31, "atk": 31, "def": 31, "spa": 31, "spd": 31, "spe": 31}, "item": "Leftovers", "teraType": "Dark", "role": "Bulky Attacker", "bvs": {"hp": 80, "atk": 82, "def": 83, "spa": 100, "spd": 100, "spe": 80}, "stats": {"hp": 272, "atk": 186, "def": 188, "spa": 216, "spd": 216, "spe": 183}, "types": ["Grass", "Poison"]}}, {"Seviper": {"name": "Seviper", "species": "Seviper", "speciesId": "seviper", "gender": "F", "shiny": false, "level": 93, "moves": ["gunkshot", "swordsdance", "earthquake", "trailblaze"], "ability": "Shed Skin", "evs": {"hp": 85, "atk": 85, "def": 85, "spa": 85, "spd": 85, "spe": 85}, "ivs": {"hp": 31, "atk": 31, "def": 31, "spa": 31, "spd": 31, "spe": 31}, "item": "Leftovers", "teraType": "Ground", "role": "Bulky Setup", "bvs": {"hp": 73, "atk": 100, "def": 60, "spa": 100, "spd": 60, "spe": 65}, "stats": {"hp": 287, "atk": 239, "def": 164, "spa": 239, "spd": 164, "spe": 174}, "types": ["Poison"]}, "Palossand": {"name": "Palossand", "species": "Palossand", "speciesId": "palossand", "gender": "F", "shiny": false, "level": 89, "moves": ["stealthrock", "earthpower", "shadowball", "shoreup"], "ability": "Water Compaction", "evs": {"hp": 85, "atk": 0, "def": 85, "spa": 85, "spd": 85, "spe": 85}, "ivs": {"hp": 31, "atk": 0, "def": 31, "spa": 31, "spd": 31, "spe": 31}, "item": "Leftovers", "teraType": "Poison", "role": "Bulky Support", "bvs": {"hp": 85, "atk": 75, "def": 110, "spa": 100, "spd": 75, "spe": 35}, "stats": {"hp": 296, "atk": 138, "def": 247, "spa": 229, "spd": 184, "spe": 113}, "types": ["Ghost", "Ground"]}, "Ogerpon": {"name": "Ogerpon", "species": "Ogerpon-Hearthflame", "speciesId": "ogerponhearthflame", "gender": "F", "shiny": false, "level": 74, "moves": ["swordsdance", "trailblaze", "ivycudgel", "hornleech"], "ability": "Mold Breaker", "evs": {"hp": 77, "atk": 85, "def": 85, "spa": 85, "spd": 85, "spe": 85}, "ivs": {"hp": 31, "atk": 31, "def": 31, "spa": 31, "spd": 31, "spe": 31}, "item": "Hearthflame Mask", "teraType": "Fire", "role": "Setup Sweeper", "bvs": {"hp": 80, "atk": 120, "def": 84, "spa": 60, "spd": 96, "spe": 110}, "stats": {"hp": 239, "atk": 221, "def": 167, "spa": 132, "spd": 185, "spe": 206}, "types": ["Grass", "Fire"]}, "Porygon-Z": {"name": "Porygon-Z", "species": "Porygon-Z", "speciesId": "porygonz", "gender": "N", "shiny": false, "level": 83, "moves": ["thunderbolt", "trick", "shadowball", "triattack"], "ability": "Download", "evs": {"hp": 85, "atk": 0, "def": 85, "spa": 85, "spd": 85, "spe": 85}, "ivs": {"hp": 31, "atk": 0, "def": 31, "spa": 31, "spd": 31, "spe": 31}, "item": "Choice Scarf", "teraType": "Electric", "role": "Fast Attacker", "bvs": {"hp": 85, "atk": 80, "def": 70, "spa": 135, "spd": 75, "spe": 90}, "stats": {"hp": 277, "atk": 137, "def": 164, "spa": 272, "spd": 172, "spe": 197}, "types": ["Normal"]}, "Samurott": {"name": "Samurott", "species": "Samurott", "speciesId": "samurott", "gender": "M", "shiny": false, "level": 88, "moves": ["megahorn", "hydropump", "sacredsword", "flipturn"], "ability": "Torrent", "evs": {"hp": 85, "atk": 85, "def": 85, "spa": 85, "spd": 85, "spe": 85}, "ivs": {"hp": 31, "atk": 31, "def": 31, "spa": 31, "spd": 31, "spe": 31}, "item": "Assault Vest", "teraType": "Water", "role": "AV Pivot", "bvs": {"hp": 95, "atk": 100, "def": 85, "spa": 108, "spd": 70, "spe": 70}, "stats": {"hp": 310, "atk": 226, "def": 200, "spa": 240, "spd": 173, "spe": 173}, "types": ["Water"]}, "Ursaluna": {"name": "Ursaluna", "species": "Ursaluna-Bloodmoon", "speciesId": "ursalunabloodmoon", "gender": "M", "shiny": false, "level": 79, "moves": ["vacuumwave", "bloodmoon", "moonlight", "calmmind"], "ability": "Mind's Eye", "evs": {"hp": 85, "atk": 0, "def": 85, "spa": 85, "spd": 85, "spe": 85}, "ivs": {"hp": 31, "atk": 0, "def": 31, "spa": 31, "spd": 31, "spe": 31}, "item": "Leftovers", "teraType": "Normal", "role": "Bulky Setup", "bvs": {"hp": 113, "atk": 70, "def": 120, "spa": 135, "spd": 65, "spe": 52}, "stats": {"hp": 308, "atk": 115, "def": 235, "spa": 259, "spd": 148, "spe": 128}, "types": ["Ground", "Normal"]}}]}