{"id": "gen9randombattle-2631562905", "format": "[Gen 9] Random Battle", "players": ["kaikalos", "faze dialga"], "log": "|j|\u2606kaikalos\n|j|\u2606faze dialga\n|t:|1781401767\n|gametype|singles\n|player|p1|kaikalos|schoolkid|1379\n|player|p2|faze dialga|169|1390\n|gen|9\n|tier|[Gen 9] Random Battle\n|rated|\n|rule|Species Clause: Limit one of each Pok\u00e9mon\n|rule|HP Percentage Mod: HP is shown in percentages\n|rule|Sleep Clause Mod: Limit one foe put to sleep\n|rule|Illusion Level Mod: Illusion disguises the Pok\u00e9mon's true level\n|\n|t:|1781401767\n|teamsize|p1|6\n|teamsize|p2|6\n|start\n|switch|p1a: Emboar|Emboar, L84, F|322/322\n|switch|p2a: Goodra|Goodra, L85, F|292/292\n|turn|1\n|inactive|Battle timer is ON: inactive players will automatically lose when time's up. (requested by kaikalos)\n|\n|t:|1781401786\n|move|p2a: Goodra|Draco Meteor|p1a: Emboar\n|-damage|p1a: Emboar|121/322\n|-unboost|p2a: Goodra|spa|2\n|move|p1a: Emboar|Bulk Up|p1a: Emboar\n|-boost|p1a: Emboar|atk|1\n|-boost|p1a: Emboar|def|1\n|\n|-heal|p1a: Emboar|141/322|[from] item: Leftovers\n|upkeep\n|turn|2\n|\n|t:|1781401796\n|move|p2a: Goodra|Draco Meteor|p1a: Emboar\n|-damage|p1a: Emboar|50/322\n|-unboost|p2a: Goodra|spa|2\n|move|p1a: Emboar|Drain Punch|p2a: Goodra\n|-damage|p2a: Goodra|136/292\n|-heal|p1a: Emboar|128/322|[from] drain|[of] p2a: Goodra\n|\n|-heal|p1a: Emboar|148/322|[from] item: Leftovers\n|upkeep\n|turn|3\n|\n|t:|1781401813\n|switch|p2a: Weezing|Weezing, L88, M|258/258\n|move|p1a: Emboar|Drain Punch|p2a: Weezing\n|-resisted|p2a: Weezing\n|-damage|p2a: Weezing|205/258\n|-heal|p1a: Emboar|175/322|[from] drain|[of] p2a: Weezing\n|\n|-heal|p1a: Emboar|195/322|[from] item: Leftovers\n|-heal|p2a: Weezing|221/258|[from] item: Leftovers\n|upkeep\n|turn|4\n|\n|t:|1781401818\n|move|p1a: Emboar|Bulk Up|p1a: Emboar\n|-boost|p1a: Emboar|atk|1\n|-boost|p1a: Emboar|def|1\n|move|p2a: Weezing|Toxic Spikes|p1a: Emboar\n|-sidestart|p1: kaikalos|move: Toxic Spikes\n|\n|-heal|p1a: Emboar|215/322|[from] item: Leftovers\n|-heal|p2a: Weezing|237/258|[from] item: Leftovers\n|upkeep\n|turn|5\n|\n|t:|1781401825\n|move|p1a: Emboar|Trailblaze|p2a: Weezing\n|-resisted|p2a: Weezing\n|-damage|p2a: Weezing|205/258\n|-boost|p1a: Emboar|spe|1\n|move|p2a: Weezing|Gunk Shot|p1a: Emboar\n|-damage|p1a: Emboar|134/322\n|-status|p1a: Emboar|psn\n|\n|-heal|p1a: Emboar|154/322 psn|[from] item: Leftovers\n|-heal|p2a: Weezing|221/258|[from] item: Leftovers\n|-damage|p1a: Emboar|114/322 psn|[from] psn\n|upkeep\n|turn|6\n|\n|t:|1781401836\n|move|p1a: Emboar|Flare Blitz|p2a: Weezing\n|-damage|p2a: Weezing|0 fnt\n|faint|p2a: Weezing\n|-damage|p1a: Emboar|41/322 psn|[from] Recoil\n|\n|-heal|p1a: Emboar|61/322 psn|[from] item: Leftovers\n|-damage|p1a: Emboar|21/322 psn|[from] psn\n|upkeep\n|\n|t:|1781401853\n|switch|p2a: Goodra|Goodra, L85, F|136/292\n|turn|7\n|\n|t:|1781401858\n|move|p1a: Emboar|Drain Punch|p2a: Goodra\n|-damage|p2a: Goodra|0 fnt\n|-heal|p1a: Emboar|89/322 psn|[from] drain|[of] p2a: Goodra\n|faint|p2a: Goodra\n|\n|-heal|p1a: Emboar|109/322 psn|[from] item: Leftovers\n|-damage|p1a: Emboar|69/322 psn|[from] psn\n|upkeep\n|\n|t:|1781401863\n|switch|p2a: Florges|Florges-White, L85, F|271/271\n|turn|8\n|\n|t:|1781401868\n|move|p1a: Emboar|Flare Blitz|p2a: Florges\n|-damage|p2a: Florges|0 fnt\n|faint|p2a: Florges\n|-damage|p1a: Emboar|0 fnt|[from] Recoil\n|faint|p1a: Emboar\n|\n|upkeep\n|\n|t:|1781401878\n|switch|p2a: Magcargo|Magcargo, L95, M|268/268\n|switch|p1a: Cramorant|Cramorant, L86, M|261/261\n|turn|9\n|\n|t:|1781401885\n|switch|p2a: Malamar|Malamar, L82, M|275/275\n|move|p1a: Cramorant|Surf|p2a: Malamar\n|-formechange|p1a: Cramorant|Cramorant-Gulping|\n|-damage|p2a: Malamar|172/275\n|\n|-heal|p2a: Malamar|189/275|[from] item: Leftovers\n|upkeep\n|turn|10\n|\n|t:|1781401896\n|move|p1a: Cramorant|Brave Bird|p2a: Malamar\n|-damage|p2a: Malamar|60/275\n|-damage|p1a: Cramorant|218/261|[from] Recoil\n|move|p2a: Malamar|Superpower|p1a: Cramorant\n|-resisted|p1a: Cramorant\n|-damage|p1a: Cramorant|169/261\n|-boost|p2a: Malamar|atk|1\n|-boost|p2a: Malamar|def|1\n|-damage|p2a: Malamar|0 fnt|[from] ability: Gulp Missile|[of] p1a: Cramorant\n|-formechange|p1a: Cramorant|Cramorant|\n|faint|p2a: Malamar\n|\n|upkeep\n|-message|faze dialga forfeited.\n|\n|win|kaikalos\n|raw|kaikalos's rating: 1379 &rarr; <strong>1400</strong><br />(+21 for winning)\n|raw|faze dialga's rating: 1390 &rarr; <strong>1369</strong><br />(-21 for losing)\n|l|\u2606faze dialga\n|player|p2|\n", "inputlog": ">version a8376a258c1d4662feba110a92103f3664a72141\n>start {\"formatid\":\"gen9randombattle\",\"seed\":\"sodium,c20e86fe3e4fc2b33598214360ac6ebd\",\"rated\":\"Rated battle\"}\n>player p1 {\"name\":\"kaikalos\",\"avatar\":\"schoolkid\",\"rating\":1379,\"seed\":\"sodium,a28bd22b06d706f53f949737abb2cc3a\"}\n>player p2 {\"name\":\"faze dialga\",\"avatar\":\"169\",\"rating\":1390,\"seed\":\"sodium,85ab653e9abc7270af054d5c05c8c6f8\"}\n>p1 move bulkup\n>p2 move dracometeor\n>p1 move drainpunch\n>p2 move dracometeor\n>p1 move drainpunch\n>p2 switch 6\n>p1 move bulkup\n>p2 move toxicspikes\n>p1 move trailblaze\n>p2 move gunkshot\n>p1 move flareblitz\n>p2 move gunkshot\n>p2 switch 6\n>p1 move drainpunch\n>p2 move dracometeor\n>p2 switch 5\n>p1 move flareblitz\n>p2 move synthesis\n>p1 switch 2\n>p2 switch 2\n>p1 move surf\n>p2 switch 4\n>p1 move bravebird\n>p2 move superpower\n>forcelose p2", "uploadtime": 1781401933, "views": 12, "formatid": "gen9randombattle", "rating": 1369, "private": 0, "password": null, "player_dets": [{"name": "kaikalos", "avatar": "schoolkid", "rating": 1379, "seed": "sodium,a28bd22b06d706f53f949737abb2cc3a"}, {"name": "faze dialga", "avatar": "169", "rating": 1390, "seed": "sodium,85ab653e9abc7270af054d5c05c8c6f8"}], "teams_full": [{"Emboar": {"name": "Emboar", "species": "Emboar", "speciesId": "emboar", "gender": "F", "shiny": false, "level": 84, "moves": ["flareblitz", "drainpunch", "trailblaze", "bulkup"], "ability": "Reckless", "evs": {"hp": 85, "atk": 85, "def": 85, "spa": 85, "spd": 85, "spe": 85}, "ivs": {"hp": 31, "atk": 31, "def": 31, "spa": 31, "spd": 31, "spe": 31}, "item": "Leftovers", "teraType": "Fighting", "role": "Bulky Setup", "bvs": {"hp": 110, "atk": 123, "def": 65, "spa": 100, "spd": 65, "spe": 65}, "stats": {"hp": 322, "atk": 255, "def": 157, "spa": 216, "spd": 157, "spe": 157}, "types": ["Fire", "Fighting"]}, "Cramorant": {"name": "Cramorant", "species": "Cramorant", "speciesId": "cramorant", "gender": "M", "shiny": false, "level": 86, "moves": ["bravebird", "surf", "roost", "defog"], "ability": "Gulp Missile", "evs": {"hp": 85, "atk": 85, "def": 85, "spa": 85, "spd": 85, "spe": 85}, "ivs": {"hp": 31, "atk": 31, "def": 31, "spa": 31, "spd": 31, "spe": 31}, "item": "Heavy-Duty Boots", "teraType": "Ground", "role": "Bulky Support", "bvs": {"hp": 70, "atk": 85, "def": 55, "spa": 85, "spd": 95, "spe": 85}, "stats": {"hp": 261, "atk": 195, "def": 144, "spa": 195, "spd": 213, "spe": 195}, "types": ["Flying", "Water"]}, "Feraligatr": {"name": "Feraligatr", "species": "Feraligatr", "speciesId": "feraligatr", "gender": "F", "shiny": false, "level": 79, "moves": ["icepunch", "dragondance", "liquidation", "trailblaze"], "ability": "Sheer Force", "evs": {"hp": 85, "atk": 85, "def": 85, "spa": 85, "spd": 85, "spe": 85}, "ivs": {"hp": 31, "atk": 31, "def": 31, "spa": 31, "spd": 31, "spe": 31}, "item": "Life Orb", "teraType": "Water", "role": "Setup Sweeper", "bvs": {"hp": 85, "atk": 105, "def": 100, "spa": 79, "spd": 83, "spe": 78}, "stats": {"hp": 264, "atk": 211, "def": 204, "spa": 170, "spd": 177, "spe": 169}, "types": ["Water"]}, "Dunsparce": {"name": "Dunsparce", "species": "Dunsparce", "speciesId": "dunsparce", "gender": "M", "shiny": false, "level": 86, "moves": ["roost", "coil", "earthquake", "bodyslam"], "ability": "Serene Grace", "evs": {"hp": 85, "atk": 85, "def": 85, "spa": 85, "spd": 85, "spe": 85}, "ivs": {"hp": 31, "atk": 31, "def": 31, "spa": 31, "spd": 31, "spe": 31}, "item": "Eviolite", "teraType": "Ground", "role": "Bulky Setup", "bvs": {"hp": 100, "atk": 70, "def": 70, "spa": 65, "spd": 65, "spe": 45}, "stats": {"hp": 312, "atk": 170, "def": 170, "spa": 161, "spd": 161, "spe": 127}, "types": ["Normal"]}, "Exeggutor": {"name": "Exeggutor", "species": "Exeggutor", "speciesId": "exeggutor", "gender": "M", "shiny": false, "level": 89, "moves": ["gigadrain", "substitute", "psyshock", "calmmind"], "ability": "Harvest", "evs": {"hp": 77, "atk": 0, "def": 85, "spa": 85, "spd": 85, "spe": 85}, "ivs": {"hp": 31, "atk": 0, "def": 31, "spa": 31, "spd": 31, "spe": 31}, "item": "Sitrus Berry", "teraType": "Steel", "role": "Bulky Setup", "bvs": {"hp": 95, "atk": 95, "def": 85, "spa": 125, "spd": 75, "spe": 55}, "stats": {"hp": 312, "atk": 174, "def": 202, "spa": 273, "spd": 184, "spe": 149}, "types": ["Grass", "Psychic"]}, "Reuniclus": {"name": "Reuniclus", "species": "Reuniclus", "speciesId": "reuniclus", "gender": "M", "shiny": false, "level": 88, "moves": ["psyshock", "recover", "calmmind", "focusblast"], "ability": "Magic Guard", "evs": {"hp": 85, "atk": 0, "def": 85, "spa": 85, "spd": 85, "spe": 85}, "ivs": {"hp": 31, "atk": 0, "def": 31, "spa": 31, "spd": 31, "spe": 31}, "item": "Life Orb", "teraType": "Fighting", "role": "Bulky Setup", "bvs": {"hp": 110, "atk": 65, "def": 75, "spa": 125, "spd": 85, "spe": 30}, "stats": {"hp": 337, "atk": 119, "def": 182, "spa": 270, "spd": 200, "spe": 103}, "types": ["Psychic"]}}, {"Goodra": {"name": "Goodra", "species": "Goodra", "speciesId": "goodra", "gender": "F", "shiny": false, "level": 85, "moves": ["dracometeor", "knockoff", "sludgebomb", "dragontail"], "ability": "Sap Sipper", "evs": {"hp": 85, "atk": 85, "def": 85, "spa": 85, "spd": 85, "spe": 85}, "ivs": {"hp": 31, "atk": 31, "def": 31, "spa": 31, "spd": 31, "spe": 31}, "item": "Assault Vest", "teraType": "Steel", "role": "AV Pivot", "bvs": {"hp": 90, "atk": 100, "def": 70, "spa": 110, "spd": 150, "spe": 80}, "stats": {"hp": 292, "atk": 219, "def": 168, "spa": 236, "spd": 304, "spe": 185}, "types": ["Dragon"]}, "Magcargo": {"name": "Magcargo", "species": "Magcargo", "speciesId": "magcargo", "gender": "M", "shiny": false, "level": 95, "moves": ["lavaplume", "stealthrock", "yawn", "recover"], "ability": "Flame Body", "evs": {"hp": 85, "atk": 0, "def": 85, "spa": 85, "spd": 85, "spe": 85}, "ivs": {"hp": 31, "atk": 0, "def": 31, "spa": 31, "spd": 31, "spe": 31}, "item": "Heavy-Duty Boots", "teraType": "Dragon", "role": "Bulky Support", "bvs": {"hp": 60, "atk": 50, "def": 120, "spa": 90, "spd": 80, "spe": 30}, "stats": {"hp": 268, "atk": 100, "def": 282, "spa": 225, "spd": 206, "spe": 111}, "types": ["Fire", "Rock"]}, "Koraidon": {"name": "Koraidon", "species": "Koraidon", "speciesId": "koraidon", "gender": "N", "shiny": false, "level": 64, "moves": ["swordsdance", "collisioncourse", "flareblitz", "scaleshot"], "ability": "Orichalcum Pulse", "evs": {"hp": 85, "atk": 85, "def": 85, "spa": 85, "spd": 85, "spe": 85}, "ivs": {"hp": 31, "atk": 31, "def": 31, "spa": 31, "spd": 31, "spe": 31}, "item": "Loaded Dice", "teraType": "Fire", "role": "Setup Sweeper", "bvs": {"hp": 100, "atk": 135, "def": 115, "spa": 85, "spd": 100, "spe": 135}, "stats": {"hp": 235, "atk": 211, "def": 185, "spa": 147, "spd": 166, "spe": 211}, "types": ["Fighting", "Dragon"]}, "Malamar": {"name": "Malamar", "species": "Malamar", "speciesId": "malamar", "gender": "M", "shiny": false, "level": 82, "moves": ["knockoff", "superpower", "rest", "sleeptalk"], "ability": "Contrary", "evs": {"hp": 85, "atk": 85, "def": 85, "spa": 85, "spd": 85, "spe": 85}, "ivs": {"hp": 31, "atk": 31, "def": 31, "spa": 31, "spd": 31, "spe": 31}, "item": "Leftovers", "teraType": "Fighting", "role": "Bulky Setup", "bvs": {"hp": 86, "atk": 92, "def": 88, "spa": 68, "spd": 75, "spe": 73}, "stats": {"hp": 275, "atk": 198, "def": 191, "spa": 159, "spd": 170, "spe": 167}, "types": ["Dark", "Psychic"]}, "Florges": {"name": "Florges", "species": "Florges-White", "speciesId": "florges", "gender": "F", "shiny": false, "level": 85, "moves": ["synthesis", "terablast", "moonblast", "calmmind"], "ability": "Flower Veil", "evs": {"hp": 85, "atk": 0, "def": 85, "spa": 85, "spd": 85, "spe": 85}, "ivs": {"hp": 31, "atk": 0, "def": 31, "spa": 31, "spd": 31, "spe": 31}, "item": "Leftovers", "teraType": "Ground", "role": "Tera Blast user", "bvs": {"hp": 78, "atk": 65, "def": 68, "spa": 112, "spd": 154, "spe": 75}, "stats": {"hp": 271, "atk": 115, "def": 164, "spa": 239, "spd": 311, "spe": 176}, "types": ["Fairy"]}, "Weezing": {"name": "Weezing", "species": "Weezing", "speciesId": "weezing", "gender": "M", "shiny": false, "level": 88, "moves": ["toxicspikes", "fireblast", "gunkshot", "painsplit"], "ability": "Levitate", "evs": {"hp": 85, "atk": 85, "def": 85, "spa": 85, "spd": 85, "spe": 85}, "ivs": {"hp": 31, "atk": 31, "def": 31, "spa": 31, "spd": 31, "spe": 31}, "item": "Leftovers", "teraType": "Steel", "role": "Bulky Attacker", "bvs": {"hp": 65, "atk": 90, "def": 120, "spa": 85, "spd": 70, "spe": 60}, "stats": {"hp": 258, "atk": 209, "def": 261, "spa": 200, "spd": 173, "spe": 156}, "types": ["Poison"]}}]}