{"id": "gen9randombattle-2631412299", "format": "[Gen 9] Random Battle", "players": ["motam8", "opik8"], "log": "|j|\u2606motam8\n|j|\u2606opik8\n|t:|1781381531\n|gametype|singles\n|player|p1|motam8|265|1876\n|player|p2|opik8|colress|1977\n|gen|9\n|tier|[Gen 9] Random Battle\n|rated|\n|rule|Species Clause: Limit one of each Pok\u00e9mon\n|rule|HP Percentage Mod: HP is shown in percentages\n|rule|Sleep Clause Mod: Limit one foe put to sleep\n|rule|Illusion Level Mod: Illusion disguises the Pok\u00e9mon's true level\n|\n|t:|1781381531\n|teamsize|p1|6\n|teamsize|p2|6\n|start\n|switch|p1a: Drifblim|Drifblim, L86, M|396/396\n|switch|p2a: Arboliva|Arboliva, L91, F|290/290\n|turn|1\n|inactive|Battle timer is ON: inactive players will automatically lose when time's up. (requested by motam8)\n|\n|t:|1781381542\n|switch|p2a: Garganacl|Garganacl, L80, F|291/291\n|move|p1a: Drifblim|Calm Mind|p1a: Drifblim\n|-boost|p1a: Drifblim|spa|1\n|-boost|p1a: Drifblim|spd|1\n|\n|upkeep\n|turn|2\n|\n|t:|1781381552\n|move|p1a: Drifblim|Shadow Ball|p2a: Garganacl\n|-damage|p2a: Garganacl|221/291\n|move|p2a: Garganacl|Salt Cure|p1a: Drifblim\n|-supereffective|p1a: Drifblim\n|-damage|p1a: Drifblim|280/396\n|-start|p1a: Drifblim|Salt Cure\n|\n|-heal|p2a: Garganacl|239/291|[from] item: Leftovers\n|-damage|p1a: Drifblim|231/396|[from] Salt Cure\n|upkeep\n|turn|3\n|\n|t:|1781381563\n|move|p1a: Drifblim|Strength Sap|p2a: Garganacl\n|-unboost|p2a: Garganacl|atk|1\n|-heal|p1a: Drifblim|396/396\n|move|p2a: Garganacl|Stealth Rock|p1a: Drifblim\n|-sidestart|p1: motam8|move: Stealth Rock\n|\n|-heal|p2a: Garganacl|257/291|[from] item: Leftovers\n|-damage|p1a: Drifblim|347/396|[from] Salt Cure\n|upkeep\n|turn|4\n|\n|t:|1781381573\n|move|p1a: Drifblim|Calm Mind|p1a: Drifblim\n|-boost|p1a: Drifblim|spa|1\n|-boost|p1a: Drifblim|spd|1\n|move|p2a: Garganacl|Salt Cure|p1a: Drifblim\n|-supereffective|p1a: Drifblim\n|-damage|p1a: Drifblim|257/396\n|\n|-heal|p2a: Garganacl|275/291|[from] item: Leftovers\n|-damage|p1a: Drifblim|208/396|[from] Salt Cure\n|upkeep\n|turn|5\n|\n|t:|1781381591\n|move|p1a: Drifblim|Calm Mind|p1a: Drifblim\n|-boost|p1a: Drifblim|spa|1\n|-boost|p1a: Drifblim|spd|1\n|move|p2a: Garganacl|Salt Cure|p1a: Drifblim\n|-supereffective|p1a: Drifblim\n|-damage|p1a: Drifblim|124/396\n|-enditem|p1a: Drifblim|Sitrus Berry|[eat]\n|-heal|p1a: Drifblim|223/396|[from] item: Sitrus Berry\n|\n|-heal|p2a: Garganacl|291/291|[from] item: Leftovers\n|-damage|p1a: Drifblim|174/396|[from] Salt Cure\n|upkeep\n|turn|6\n|\n|t:|1781381603\n|move|p1a: Drifblim|Strength Sap|p2a: Garganacl\n|-unboost|p2a: Garganacl|atk|1\n|-heal|p1a: Drifblim|311/396\n|move|p2a: Garganacl|Salt Cure|p1a: Drifblim\n|-supereffective|p1a: Drifblim\n|-damage|p1a: Drifblim|251/396\n|\n|-damage|p1a: Drifblim|202/396|[from] Salt Cure\n|upkeep\n|turn|7\n|\n|t:|1781381613\n|move|p1a: Drifblim|Shadow Ball|p2a: Garganacl\n|-damage|p2a: Garganacl|188/291\n|move|p2a: Garganacl|Salt Cure|p1a: Drifblim\n|-supereffective|p1a: Drifblim\n|-damage|p1a: Drifblim|142/396\n|\n|-heal|p2a: Garganacl|206/291|[from] item: Leftovers\n|-damage|p1a: Drifblim|93/396|[from] Salt Cure\n|upkeep\n|turn|8\n|\n|t:|1781381623\n|move|p1a: Drifblim|Strength Sap|p2a: Garganacl\n|-unboost|p2a: Garganacl|atk|1\n|-heal|p1a: Drifblim|196/396\n|move|p2a: Garganacl|Recover|p2a: Garganacl\n|-heal|p2a: Garganacl|291/291\n|\n|-damage|p1a: Drifblim|147/396|[from] Salt Cure\n|upkeep\n|turn|9\n|\n|t:|1781381636\n|move|p1a: Drifblim|Shadow Ball|p2a: Garganacl\n|-damage|p2a: Garganacl|189/291\n|move|p2a: Garganacl|Salt Cure|p1a: Drifblim\n|-supereffective|p1a: Drifblim\n|-damage|p1a: Drifblim|99/396\n|\n|-heal|p2a: Garganacl|207/291|[from] item: Leftovers\n|-damage|p1a: Drifblim|50/396|[from] Salt Cure\n|upkeep\n|turn|10\n|\n|t:|1781381646\n|move|p1a: Drifblim|Shadow Ball|p2a: Garganacl\n|-damage|p2a: Garganacl|98/291\n|move|p2a: Garganacl|Recover|p2a: Garganacl\n|-heal|p2a: Garganacl|244/291\n|\n|-heal|p2a: Garganacl|262/291|[from] item: Leftovers\n|-damage|p1a: Drifblim|1/396|[from] Salt Cure\n|upkeep\n|turn|11\n|\n|t:|1781381656\n|move|p2a: Garganacl|Protect|p2a: Garganacl\n|-singleturn|p2a: Garganacl|Protect\n|move|p1a: Drifblim|Strength Sap|p2a: Garganacl\n|-activate|p2a: Garganacl|move: Protect\n|\n|-heal|p2a: Garganacl|280/291|[from] item: Leftovers\n|-damage|p1a: Drifblim|0 fnt|[from] Salt Cure\n|faint|p1a: Drifblim\n|upkeep\n|\n|t:|1781381667\n|switch|p1a: Suicune|Suicune, L82|298/298\n|-damage|p1a: Suicune|261/298|[from] Stealth Rock\n|-ability|p1a: Suicune|Pressure\n|turn|12\n|-message|motam8 forfeited.\n|\n|win|opik8\n|raw|motam8's rating: 1876 &rarr; <strong>1862</strong><br />(-14 for losing)\n|raw|opik8's rating: 1977 &rarr; <strong>1991</strong><br />(+14 for winning)\n", "inputlog": ">version a8376a258c1d4662feba110a92103f3664a72141\n>start {\"formatid\":\"gen9randombattle\",\"seed\":\"sodium,74a1d90b150749aa30d92a4ffacca40e\",\"rated\":\"Rated battle\"}\n>player p1 {\"name\":\"motam8\",\"avatar\":\"265\",\"rating\":1876,\"seed\":\"sodium,d4ff85145558b85fc2bfc4310671edf0\"}\n>player p2 {\"name\":\"opik8\",\"avatar\":\"colress\",\"rating\":1977,\"seed\":\"sodium,42202e993f47d15b0fbc2683826e8da1\"}\n>p1 move calmmind\n>p2 switch 3\n>p1 move shadowball\n>p2 move saltcure\n>p1 move strengthsap\n>p2 move stealthrock\n>p1 move calmmind\n>p2 move saltcure\n>p1 move calmmind\n>p2 move saltcure\n>p1 move strengthsap\n>p2 move saltcure\n>p1 move shadowball\n>p2 move saltcure\n>p1 move strengthsap\n>p2 move recover\n>p1 move shadowball\n>p2 move saltcure\n>p1 move shadowball\n>p2 move recover\n>p1 move strengthsap\n>p2 move protect\n>p1 switch 5\n>forcelose p1", "uploadtime": 1781381671, "views": 9, "formatid": "gen9randombattle", "rating": 1862, "private": 0, "password": null, "player_dets": [{"name": "motam8", "avatar": "265", "rating": 1876, "seed": "sodium,d4ff85145558b85fc2bfc4310671edf0"}, {"name": "opik8", "avatar": "colress", "rating": 1977, "seed": "sodium,42202e993f47d15b0fbc2683826e8da1"}], "teams_full": [{"Drifblim": {"name": "Drifblim", "species": "Drifblim", "speciesId": "drifblim", "gender": "M", "shiny": false, "level": 86, "moves": ["strengthsap", "calmmind", "shadowball", "airslash"], "ability": "Unburden", "evs": {"hp": 73, "atk": 0, "def": 85, "spa": 85, "spd": 85, "spe": 85}, "ivs": {"hp": 31, "atk": 0, "def": 31, "spa": 31, "spd": 31, "spe": 31}, "item": "Sitrus Berry", "teraType": "Dark", "role": "Bulky Attacker", "bvs": {"hp": 150, "atk": 80, "def": 44, "spa": 90, "spd": 54, "spe": 80}, "stats": {"hp": 396, "atk": 142, "def": 125, "spa": 204, "spd": 142, "spe": 187}, "types": ["Ghost", "Flying"]}, "Oinkologne": {"name": "Oinkologne", "species": "Oinkologne-F", "speciesId": "oinkolognef", "gender": "F", "shiny": false, "level": 92, "moves": ["highhorsepower", "lashout", "curse", "bodyslam"], "ability": "Thick Fat", "evs": {"hp": 85, "atk": 85, "def": 85, "spa": 85, "spd": 85, "spe": 85}, "ivs": {"hp": 31, "atk": 31, "def": 31, "spa": 31, "spd": 31, "spe": 31}, "item": "Leftovers", "teraType": "Ground", "role": "Bulky Setup", "bvs": {"hp": 115, "atk": 90, "def": 70, "spa": 59, "spd": 90, "spe": 65}, "stats": {"hp": 361, "atk": 218, "def": 181, "spa": 161, "spd": 218, "spe": 172}, "types": ["Normal"]}, "Ogerpon": {"name": "Ogerpon", "species": "Ogerpon-Hearthflame", "speciesId": "ogerponhearthflame", "gender": "F", "shiny": false, "level": 74, "moves": ["ivycudgel", "knockoff", "hornleech", "swordsdance"], "ability": "Mold Breaker", "evs": {"hp": 77, "atk": 85, "def": 85, "spa": 85, "spd": 85, "spe": 85}, "ivs": {"hp": 31, "atk": 31, "def": 31, "spa": 31, "spd": 31, "spe": 31}, "item": "Hearthflame Mask", "teraType": "Fire", "role": "Setup Sweeper", "bvs": {"hp": 80, "atk": 120, "def": 84, "spa": 60, "spd": 96, "spe": 110}, "stats": {"hp": 239, "atk": 221, "def": 167, "spa": 132, "spd": 185, "spe": 206}, "types": ["Grass", "Fire"]}, "Brute Bonnet": {"name": "Brute Bonnet", "species": "Brute Bonnet", "speciesId": "brutebonnet", "gender": "N", "shiny": false, "level": 80, "moves": ["spore", "closecombat", "suckerpunch", "crunch"], "ability": "Protosynthesis", "evs": {"hp": 85, "atk": 85, "def": 85, "spa": 85, "spd": 85, "spe": 85}, "ivs": {"hp": 31, "atk": 31, "def": 31, "spa": 31, "spd": 31, "spe": 31}, "item": "Leftovers", "teraType": "Fighting", "role": "Bulky Attacker", "bvs": {"hp": 111, "atk": 127, "def": 99, "spa": 79, "spd": 99, "spe": 55}, "stats": {"hp": 309, "atk": 249, "def": 205, "spa": 173, "spd": 205, "spe": 134}, "types": ["Grass", "Dark"]}, "Suicune": {"name": "Suicune", "species": "Suicune", "speciesId": "suicune", "gender": "N", "shiny": false, "level": 82, "moves": ["calmmind", "sleeptalk", "scald", "rest"], "ability": "Pressure", "evs": {"hp": 85, "atk": 0, "def": 85, "spa": 85, "spd": 85, "spe": 85}, "ivs": {"hp": 31, "atk": 0, "def": 31, "spa": 31, "spd": 31, "spe": 31}, "item": "Leftovers", "teraType": "Steel", "role": "Bulky Attacker", "bvs": {"hp": 100, "atk": 75, "def": 115, "spa": 90, "spd": 115, "spe": 85}, "stats": {"hp": 298, "atk": 127, "def": 236, "spa": 195, "spd": 236, "spe": 187}, "types": ["Water"]}, "Lunala": {"name": "Lunala", "species": "Lunala", "speciesId": "lunala", "gender": "N", "shiny": false, "level": 70, "moves": ["moonlight", "moongeistbeam", "psyshock", "calmmind"], "ability": "Shadow Shield", "evs": {"hp": 85, "atk": 0, "def": 85, "spa": 85, "spd": 85, "spe": 85}, "ivs": {"hp": 31, "atk": 0, "def": 31, "spa": 31, "spd": 31, "spe": 31}, "item": "Leftovers", "teraType": "Fairy", "role": "Fast Bulky Setup", "bvs": {"hp": 137, "atk": 113, "def": 89, "spa": 137, "spd": 107, "spe": 97}, "stats": {"hp": 308, "atk": 163, "def": 166, "spa": 233, "spd": 191, "spe": 177}, "types": ["Psychic", "Ghost"]}}, {"Arboliva": {"name": "Arboliva", "species": "Arboliva", "speciesId": "arboliva", "gender": "F", "shiny": false, "level": 91, "moves": ["earthpower", "hypervoice", "strengthsap", "energyball"], "ability": "Seed Sower", "evs": {"hp": 85, "atk": 0, "def": 85, "spa": 85, "spd": 85, "spe": 85}, "ivs": {"hp": 31, "atk": 0, "def": 31, "spa": 31, "spd": 31, "spe": 31}, "item": "Leftovers", "teraType": "Poison", "role": "Bulky Attacker", "bvs": {"hp": 78, "atk": 69, "def": 90, "spa": 125, "spd": 109, "spe": 39}, "stats": {"hp": 290, "atk": 130, "def": 216, "spa": 279, "spd": 250, "spe": 123}, "types": ["Grass", "Normal"]}, "Bronzong": {"name": "Bronzong", "species": "Bronzong", "speciesId": "bronzong", "gender": "N", "shiny": false, "level": 88, "moves": ["rest", "psychicnoise", "bodypress", "irondefense"], "ability": "Levitate", "evs": {"hp": 85, "atk": 0, "def": 85, "spa": 85, "spd": 85, "spe": 85}, "ivs": {"hp": 31, "atk": 0, "def": 31, "spa": 31, "spd": 31, "spe": 31}, "item": "Chesto Berry", "teraType": "Fighting", "role": "Bulky Setup", "bvs": {"hp": 67, "atk": 89, "def": 116, "spa": 79, "spd": 116, "spe": 33}, "stats": {"hp": 261, "atk": 161, "def": 254, "spa": 189, "spd": 254, "spe": 108}, "types": ["Steel", "Psychic"]}, "Garganacl": {"name": "Garganacl", "species": "Garganacl", "speciesId": "garganacl", "gender": "F", "shiny": false, "level": 80, "moves": ["stealthrock", "recover", "saltcure", "protect"], "ability": "Purifying Salt", "evs": {"hp": 85, "atk": 85, "def": 85, "spa": 85, "spd": 85, "spe": 85}, "ivs": {"hp": 31, "atk": 31, "def": 31, "spa": 31, "spd": 31, "spe": 31}, "item": "Leftovers", "teraType": "Ghost", "role": "Bulky Support", "bvs": {"hp": 100, "atk": 100, "def": 130, "spa": 45, "spd": 90, "spe": 35}, "stats": {"hp": 291, "atk": 206, "def": 254, "spa": 118, "spd": 190, "spe": 102}, "types": ["Rock"]}, "Toxapex": {"name": "Toxapex", "species": "Toxapex", "speciesId": "toxapex", "gender": "M", "shiny": false, "level": 82, "moves": ["liquidation", "recover", "toxicspikes", "haze"], "ability": "Regenerator", "evs": {"hp": 85, "atk": 85, "def": 85, "spa": 85, "spd": 85, "spe": 85}, "ivs": {"hp": 31, "atk": 31, "def": 31, "spa": 31, "spd": 31, "spe": 31}, "item": "Leftovers", "teraType": "Fairy", "role": "Bulky Support", "bvs": {"hp": 50, "atk": 63, "def": 152, "spa": 53, "spd": 142, "spe": 35}, "stats": {"hp": 216, "atk": 150, "def": 296, "spa": 134, "spd": 280, "spe": 105}, "types": ["Poison", "Water"]}, "Toedscruel": {"name": "Toedscruel", "species": "Toedscruel", "speciesId": "toedscruel", "gender": "M", "shiny": false, "level": 87, "moves": ["toxic", "rapidspin", "earthpower", "gigadrain"], "ability": "Mycelium Might", "evs": {"hp": 85, "atk": 85, "def": 85, "spa": 85, "spd": 85, "spe": 85}, "ivs": {"hp": 31, "atk": 31, "def": 31, "spa": 31, "spd": 31, "spe": 31}, "item": "Leftovers", "teraType": "Water", "role": "Bulky Support", "bvs": {"hp": 80, "atk": 70, "def": 65, "spa": 80, "spd": 120, "spe": 100}, "stats": {"hp": 281, "atk": 172, "def": 163, "spa": 189, "spd": 259, "spe": 224}, "types": ["Ground", "Grass"]}, "Feraligatr": {"name": "Feraligatr", "species": "Feraligatr", "speciesId": "feraligatr", "gender": "M", "shiny": false, "level": 79, "moves": ["dragondance", "trailblaze", "liquidation", "icepunch"], "ability": "Sheer Force", "evs": {"hp": 85, "atk": 85, "def": 85, "spa": 85, "spd": 85, "spe": 85}, "ivs": {"hp": 31, "atk": 31, "def": 31, "spa": 31, "spd": 31, "spe": 31}, "item": "Life Orb", "teraType": "Grass", "role": "Setup Sweeper", "bvs": {"hp": 85, "atk": 105, "def": 100, "spa": 79, "spd": 83, "spe": 78}, "stats": {"hp": 264, "atk": 211, "def": 204, "spa": 170, "spd": 177, "spe": 169}, "types": ["Water"]}}]}