{"id": "gen9randombattle-2631471429", "format": "[Gen 9] Random Battle", "players": ["alleniversondawg", "Sigmut"], "log": "|j|\u2606alleniversondawg\n|j|\u2606Sigmut\n|t:|1781388929\n|gametype|singles\n|player|p1|alleniversondawg|265|1341\n|player|p2|Sigmut|fisherman-gen4|1386\n|gen|9\n|tier|[Gen 9] Random Battle\n|rated|\n|rule|Species Clause: Limit one of each Pok\u00e9mon\n|rule|HP Percentage Mod: HP is shown in percentages\n|rule|Sleep Clause Mod: Limit one foe put to sleep\n|rule|Illusion Level Mod: Illusion disguises the Pok\u00e9mon's true level\n|\n|t:|1781388929\n|teamsize|p1|6\n|teamsize|p2|6\n|start\n|switch|p1a: Rayquaza|Rayquaza, L72|270/270\n|switch|p2a: Suicune|Suicune, L82|298/298\n|-ability|p2a: Suicune|Pressure\n|-ability|p1a: Rayquaza|Air Lock\n|turn|1\n|inactive|Battle timer is ON: inactive players will automatically lose when time's up. (requested by alleniversondawg)\n|\n|t:|1781388951\n|switch|p2a: Entei|Entei, L78|307/307\n|switch|p1a: Glalie|Glalie, L96, F|309/309\n|\n|upkeep\n|turn|2\n|\n|t:|1781388978\n|switch|p1a: Dachsbun|Dachsbun, L92, F|254/254\n|move|p2a: Entei|Sacred Fire|p1a: Dachsbun\n|-ability|p1a: Dachsbun|Well-Baked Body|boost\n|-boost|p1a: Dachsbun|def|2\n|\n|upkeep\n|turn|3\n|\n|t:|1781388984\n|switch|p2a: Vileplume|Vileplume, L85, F|266/266\n|move|p1a: Dachsbun|Yawn|p2a: Vileplume\n|-start|p2a: Vileplume|move: Yawn|[of] p1a: Dachsbun\n|\n|upkeep\n|turn|4\n|\n|t:|1781389002\n|switch|p1a: Rayquaza|Rayquaza, L72|270/270\n|-ability|p1a: Rayquaza|Air Lock\n|move|p2a: Vileplume|Sleep Powder|p1a: Rayquaza\n|-status|p1a: Rayquaza|slp|[from] move: Sleep Powder\n|\n|-end|p2a: Vileplume|move: Yawn|[silent]\n|-status|p2a: Vileplume|slp\n|upkeep\n|turn|5\n|\n|t:|1781389020\n|switch|p2a: Wugtrio|Wugtrio, L91, F|212/212\n|cant|p1a: Rayquaza|slp\n|\n|upkeep\n|turn|6\n|\n|t:|1781389028\n|switch|p1a: Leafeon|Leafeon, L88, F|258/258\n|move|p2a: Wugtrio|Throat Chop|p1a: Leafeon\n|-damage|p1a: Leafeon|182/258\n|-start|p1a: Leafeon|Throat Chop|[silent]\n|\n|-heal|p1a: Leafeon|198/258|[from] item: Leftovers\n|upkeep\n|turn|7\n|\n|t:|1781389036\n|switch|p2a: Entei|Entei, L78|307/307\n|move|p1a: Leafeon|Leaf Blade|p2a: Entei\n|-resisted|p2a: Entei\n|-damage|p2a: Entei|239/307\n|\n|-heal|p1a: Leafeon|214/258|[from] item: Leftovers\n|-end|p1a: Leafeon|Throat Chop|[silent]\n|upkeep\n|turn|8\n|\n|t:|1781389042\n|switch|p1a: Dachsbun|Dachsbun, L92, F|254/254\n|move|p2a: Entei|Extreme Speed|p1a: Dachsbun\n|-damage|p1a: Dachsbun|189/254\n|\n|-heal|p1a: Dachsbun|204/254|[from] item: Leftovers\n|upkeep\n|turn|9\n|\n|t:|1781389052\n|switch|p2a: Vileplume|Vileplume, L85, F|266/266 slp\n|move|p1a: Dachsbun|Play Rough|p2a: Vileplume\n|-resisted|p2a: Vileplume\n|-damage|p2a: Vileplume|213/266 slp\n|\n|-heal|p1a: Dachsbun|219/254|[from] item: Leftovers\n|-heal|p2a: Vileplume|229/266 slp|[from] item: Leftovers\n|upkeep\n|turn|10\n|\n|t:|1781389057\n|switch|p1a: Glalie|Glalie, L96, F|309/309\n|cant|p2a: Vileplume|slp\n|\n|-heal|p2a: Vileplume|245/266 slp|[from] item: Leftovers\n|upkeep\n|turn|11\n|\n|t:|1781389062\n|switch|p2a: Entei|Entei, L78|239/307\n|move|p1a: Glalie|Freeze-Dry|p2a: Entei\n|-resisted|p2a: Entei\n|-damage|p2a: Entei|185/307\n|\n|upkeep\n|turn|12\n|inactive|alleniversondawg has 120 seconds left.\n|\n|t:|1781389095\n|switch|p1a: Dachsbun|Dachsbun, L92, F|219/254\n|move|p2a: Entei|Extreme Speed|p1a: Dachsbun\n|-damage|p1a: Dachsbun|153/254\n|\n|-heal|p1a: Dachsbun|168/254|[from] item: Leftovers\n|upkeep\n|turn|13\n|inactive|Sigmut has 120 seconds left.\n|\n|t:|1781389129\n|switch|p2a: Wugtrio|Wugtrio, L91, F|212/212\n|move|p1a: Dachsbun|Wish|p1a: Dachsbun\n|\n|-heal|p1a: Dachsbun|183/254|[from] item: Leftovers\n|upkeep\n|turn|14\n|inactive|alleniversondawg has 120 seconds left.\n|inactive|alleniversondawg has 90 seconds left.\n|l|\u2606alleniversondawg\n|inactive|alleniversondawg disconnected and has a minute to reconnect!\n|player|p1|\n|j|\u2606alleniversondawg\n|inactive|alleniversondawg reconnected and has 80 seconds left.\n|player|p1|alleniversondawg|265|\n|\n|t:|1781389190\n|move|p2a: Wugtrio|Liquidation|p1a: Dachsbun\n|-damage|p1a: Dachsbun|63/254\n|move|p1a: Dachsbun|Play Rough|p2a: Wugtrio|[miss]\n|-miss|p1a: Dachsbun|p2a: Wugtrio\n|\n|-heal|p1a: Dachsbun|190/254|[from] move: Wish|[wisher] Dachsbun\n|-heal|p1a: Dachsbun|205/254|[from] item: Leftovers\n|upkeep\n|turn|15\n|\n|t:|1781389196\n|switch|p1a: Rayquaza|Rayquaza, L72|270/270 slp\n|-ability|p1a: Rayquaza|Air Lock\n|move|p2a: Wugtrio|Liquidation|p1a: Rayquaza\n|-resisted|p1a: Rayquaza\n|-damage|p1a: Rayquaza|182/270 slp\n|\n|upkeep\n|turn|16\n|\n|t:|1781389203\n|move|p2a: Wugtrio|Liquidation|p1a: Rayquaza\n|-resisted|p1a: Rayquaza\n|-damage|p1a: Rayquaza|90/270 slp\n|cant|p1a: Rayquaza|slp\n|\n|upkeep\n|turn|17\n|inactive|alleniversondawg has 90 seconds left.\n|\n|t:|1781389209\n|switch|p1a: Dachsbun|Dachsbun, L92, F|205/254\n|move|p2a: Wugtrio|Liquidation|p1a: Dachsbun\n|-damage|p1a: Dachsbun|76/254\n|\n|-heal|p1a: Dachsbun|91/254|[from] item: Leftovers\n|upkeep\n|turn|18\n|\n|t:|1781389215\n|switch|p1a: Leafeon|Leafeon, L88, F|214/258\n|move|p2a: Wugtrio|Liquidation|p1a: Leafeon\n|-resisted|p1a: Leafeon\n|-damage|p1a: Leafeon|159/258\n|-unboost|p1a: Leafeon|def|1\n|\n|-heal|p1a: Leafeon|175/258|[from] item: Leftovers\n|upkeep\n|turn|19\n|\n|t:|1781389230\n|move|p2a: Wugtrio|Liquidation|p1a: Leafeon\n|-resisted|p1a: Leafeon\n|-damage|p1a: Leafeon|97/258\n|move|p1a: Leafeon|Leaf Blade|p2a: Wugtrio\n|-supereffective|p2a: Wugtrio\n|-damage|p2a: Wugtrio|0 fnt\n|-ability|p2a: Wugtrio|Gooey\n|-unboost|p1a: Leafeon|spe|1\n|faint|p2a: Wugtrio\n|\n|-heal|p1a: Leafeon|113/258|[from] item: Leftovers\n|upkeep\n|\n|t:|1781389239\n|switch|p2a: Entei|Entei, L78|185/307\n|turn|20\n|l|\u2606alleniversondawg\n|inactive|alleniversondawg disconnected and has a minute to reconnect!\n|player|p1|\n|j|\u2606alleniversondawg\n|inactive|alleniversondawg reconnected and has 115 seconds left.\n|player|p1|alleniversondawg|265|\n|c|\u2606Sigmut|saccing 3 mons instead of 1 is intresting\n|\n|t:|1781389253\n|switch|p1a: Dachsbun|Dachsbun, L92, F|91/254\n|move|p2a: Entei|Extreme Speed|p1a: Dachsbun\n|-damage|p1a: Dachsbun|22/254\n|\n|-heal|p1a: Dachsbun|37/254|[from] item: Leftovers\n|upkeep\n|turn|21\n|\n|t:|1781389266\n|move|p2a: Entei|Extreme Speed|p1a: Dachsbun\n|-crit|p1a: Dachsbun\n|-damage|p1a: Dachsbun|0 fnt\n|faint|p1a: Dachsbun\n|\n|upkeep\n|\n|t:|1781389290\n|switch|p1a: Leafeon|Leafeon, L88, F|113/258\n|turn|22\n|\n|t:|1781389294\n|-terastallize|p2a: Entei|Normal\n|move|p2a: Entei|Extreme Speed|p1a: Leafeon\n|-damage|p1a: Leafeon|22/258\n|move|p1a: Leafeon|Double-Edge|p2a: Entei\n|-damage|p2a: Entei|75/307\n|-damage|p1a: Leafeon|0 fnt|[from] Recoil\n|faint|p1a: Leafeon\n|\n|upkeep\n|\n|t:|1781389306\n|switch|p1a: Mesprit|Mesprit, L85|275/275\n|turn|23\n|c|\u2606alleniversondawg|wow that's really good trash talk dude keep going\n|inactive|Sigmut has 120 seconds left.\n|\n|t:|1781389339\n|move|p2a: Entei|Extreme Speed|p1a: Mesprit\n|-damage|p1a: Mesprit|167/275\n|move|p1a: Mesprit|Thunder Wave|p2a: Entei\n|-status|p2a: Entei|par\n|\n|-heal|p1a: Mesprit|184/275|[from] item: Leftovers\n|upkeep\n|turn|24\n|c|\u2606Sigmut|maybe disconnect for a third time before you bring up trash talk\n|\n|t:|1781389359\n|cant|p2a: Entei|par\n|move|p1a: Mesprit|Stealth Rock|p2a: Entei\n|-sidestart|p2: Sigmut|move: Stealth Rock\n|\n|-heal|p1a: Mesprit|201/275|[from] item: Leftovers\n|upkeep\n|turn|25\n|\n|t:|1781389363\n|move|p2a: Entei|Extreme Speed|p1a: Mesprit\n|-damage|p1a: Mesprit|92/275\n|move|p1a: Mesprit|Psychic Noise|p2a: Entei\n|-damage|p2a: Entei|0 fnt\n|faint|p2a: Entei\n|\n|-heal|p1a: Mesprit|109/275|[from] item: Leftovers\n|upkeep\n|c|\u2606alleniversondawg|wtf are you on about hahaha\n|\n|t:|1781389382\n|switch|p2a: Suicune|Suicune, L82|298/298\n|-damage|p2a: Suicune|261/298|[from] Stealth Rock\n|-ability|p2a: Suicune|Pressure\n|turn|26\n|inactive|alleniversondawg has 120 seconds left.\n|c|\u2606Sigmut|you've dc'd twice already lol\n|\n|t:|1781389397\n|switch|p1a: Glalie|Glalie, L96, F|309/309\n|move|p2a: Suicune|Scald|p1a: Glalie\n|-damage|p1a: Glalie|234/309\n|\n|-heal|p2a: Suicune|279/298|[from] item: Leftovers\n|upkeep\n|turn|27\n|c|\u2606alleniversondawg|shiiit dude you got me\n|\n|t:|1781389408\n|move|p1a: Glalie|Freeze-Dry|p2a: Suicune\n|-supereffective|p2a: Suicune\n|-damage|p2a: Suicune|133/298\n|move|p2a: Suicune|Scald|p1a: Glalie\n|-damage|p1a: Glalie|164/309\n|-status|p1a: Glalie|brn\n|\n|-heal|p2a: Suicune|151/298|[from] item: Leftovers\n|-damage|p1a: Glalie|145/309 brn|[from] brn\n|upkeep\n|turn|28\n|c|\u2606alleniversondawg|i have bad wifi\n|\n|t:|1781389415\n|move|p1a: Glalie|Freeze-Dry|p2a: Suicune\n|-supereffective|p2a: Suicune\n|-damage|p2a: Suicune|0 fnt\n|faint|p2a: Suicune\n|\n|-damage|p1a: Glalie|126/309 brn|[from] brn\n|upkeep\n|c|\u2606Sigmut|ye bad hope my opp's tab out wifi\n|\n|t:|1781389430\n|switch|p2a: Flygon|Flygon, L82, M|265/265\n|-damage|p2a: Flygon|249/265|[from] Stealth Rock\n|turn|29\n|\n|t:|1781389440\n|move|p2a: Flygon|Outrage|p1a: Glalie\n|-damage|p1a: Glalie|14/309 brn\n|move|p1a: Glalie|Freeze-Dry|p2a: Flygon\n|-supereffective|p2a: Flygon\n|-damage|p2a: Flygon|0 fnt\n|faint|p2a: Flygon\n|\n|-damage|p1a: Glalie|0 fnt|[from] brn\n|faint|p1a: Glalie\n|upkeep\n|\n|t:|1781389446\n|switch|p2a: Gallade|Gallade, L80, M|240/240\n|switch|p1a: Rabsca|Rabsca, L91, F|284/284\n|-damage|p2a: Gallade|225/240|[from] Stealth Rock\n|turn|30\n|c|\u2606alleniversondawg|literally no idea what you just typed\n|\n|t:|1781389462\n|move|p2a: Gallade|Night Slash|p1a: Rabsca\n|-supereffective|p1a: Rabsca\n|-damage|p1a: Rabsca|52/284\n|move|p1a: Rabsca|Revival Blessing|p1a: Rabsca\n|inactive|alleniversondawg has 120 seconds left.\n|\n|t:|1781389485\n|-heal|p1: Glalie|154/309|[from] move: Revival Blessing\n|\n|upkeep\n|turn|31\n|\n|t:|1781389498\n|move|p2a: Gallade|Night Slash|p1a: Rabsca\n|-supereffective|p1a: Rabsca\n|-damage|p1a: Rabsca|0 fnt\n|faint|p1a: Rabsca\n|\n|upkeep\n|\n|t:|1781389504\n|switch|p1a: Rayquaza|Rayquaza, L72|90/270 slp\n|-ability|p1a: Rayquaza|Air Lock\n|turn|32\n|\n|t:|1781389506\n|-curestatus|p1a: Rayquaza|slp|[msg]\n|move|p1a: Rayquaza|Dragon Ascent|p2a: Gallade\n|-supereffective|p2a: Gallade\n|-damage|p2a: Gallade|0 fnt\n|-unboost|p1a: Rayquaza|def|1\n|-unboost|p1a: Rayquaza|spd|1\n|faint|p2a: Gallade\n|\n|upkeep\n|\n|t:|1781389511\n|switch|p2a: Vileplume|Vileplume, L85, F|245/266 slp\n|-damage|p2a: Vileplume|212/266 slp|[from] Stealth Rock\n|turn|33\n|c|\u2606alleniversondawg|hahahaha get fucked\n|\n|t:|1781389516\n|move|p1a: Rayquaza|Dragon Ascent|p2a: Vileplume\n|-supereffective|p2a: Vileplume\n|-damage|p2a: Vileplume|0 fnt\n|-unboost|p1a: Rayquaza|def|1\n|-unboost|p1a: Rayquaza|spd|1\n|faint|p2a: Vileplume\n|\n|win|alleniversondawg\n", "inputlog": ">version a8376a258c1d4662feba110a92103f3664a72141\n>start {\"formatid\":\"gen9randombattle\",\"seed\":\"sodium,cd1e214256e4e30b9da248630dfa51ef\",\"rated\":\"Rated battle\"}\n>player p1 {\"name\":\"alleniversondawg\",\"avatar\":\"265\",\"rating\":1341,\"seed\":\"sodium,52e71542eb5f69aa7852649a72280d24\"}\n>player p2 {\"name\":\"Sigmut\",\"avatar\":\"fisherman-gen4\",\"rating\":1386,\"seed\":\"sodium,bb2dbe67d6f0bb96fef997e38c69ffce\"}\n>p1 switch 4\n>p2 switch 2\n>p1 switch 3\n>p2 move sacredfire\n>p1 move yawn\n>p2 switch 5\n>p1 switch 4\n>p2 move sleeppowder\n>p1 move swordsdance\n>p2 switch 3\n>p1 switch 2\n>p2 move throatchop\n>p1 move leafblade\n>p2 switch 5\n>p1 switch 4\n>p2 move extremespeed\n>p1 move playrough\n>p2 switch 3\n>p1 switch 3\n>p2 move sludgebomb\n>p1 move freezedry\n>p2 switch 3\n>p1 switch 3\n>p2 move extremespeed\n>p1 move wish\n>p2 switch 5\n>p1 move playrough\n>p2 move liquidation\n>p1 switch 2\n>p2 move liquidation\n>p1 move dragonascent\n>p2 move liquidation\n>p1 switch 2\n>p2 move liquidation\n>p1 switch 4\n>p2 move liquidation\n>p1 move leafblade\n>p2 move liquidation\n>p2 switch 5\n>chat \u2606Sigmut|saccing 3 mons instead of 1 is intresting\n>p1 switch 4\n>p2 move extremespeed\n>p1 move yawn\n>p2 move extremespeed\n>p1 switch 4\n>p1 move doubleedge\n>p2 move extremespeed terastallize\n>p1 switch 6\n>chat \u2606alleniversondawg|wow that's really good trash talk dude keep going\n>p1 move thunderwave\n>p2 move extremespeed\n>chat \u2606Sigmut|maybe disconnect for a third time before you bring up trash talk\n>p1 move stealthrock\n>p2 move extremespeed\n>p1 move psychicnoise\n>p2 move extremespeed\n>chat \u2606alleniversondawg|wtf are you on about hahaha\n>p2 switch 2\n>chat \u2606Sigmut|you've dc'd twice already lol\n>p1 switch 3\n>p2 move scald\n>chat \u2606alleniversondawg|shiiit dude you got me\n>p1 move freezedry\n>p2 move scald\n>chat \u2606alleniversondawg|i have bad wifi\n>p1 move freezedry\n>p2 move scald\n>chat \u2606Sigmut|ye bad hope my opp's tab out wifi\n>p2 switch 4\n>p1 move freezedry\n>p2 move outrage\n>p1 switch 5\n>p2 switch 6\n>chat \u2606alleniversondawg|literally no idea what you just typed\n>p1 move revivalblessing\n>p2 move nightslash\n>p1 switch 5\n>p1 move bugbuzz\n>p2 move nightslash\n>p1 switch 2\n>p1 move dragonascent\n>p2 move nightslash\n>p2 switch 3\n>chat \u2606alleniversondawg|hahahaha get fucked\n>p1 move dragonascent\n>p2 move sludgebomb", "uploadtime": 1781389512, "views": 4, "formatid": "gen9randombattle", "rating": null, "private": 0, "password": null, "player_dets": [{"name": "alleniversondawg", "avatar": "265", "rating": 1341, "seed": "sodium,52e71542eb5f69aa7852649a72280d24"}, {"name": "Sigmut", "avatar": "fisherman-gen4", "rating": 1386, "seed": "sodium,bb2dbe67d6f0bb96fef997e38c69ffce"}], "teams_full": [{"Rayquaza": {"name": "Rayquaza", "species": "Rayquaza", "speciesId": "rayquaza", "gender": "N", "shiny": false, "level": 72, "moves": ["earthquake", "extremespeed", "swordsdance", "dragonascent"], "ability": "Air Lock", "evs": {"hp": 85, "atk": 85, "def": 85, "spa": 85, "spd": 85, "spe": 85}, "ivs": {"hp": 31, "atk": 31, "def": 31, "spa": 31, "spd": 31, "spe": 31}, "item": "Heavy-Duty Boots", "teraType": "Normal", "role": "Fast Attacker", "bvs": {"hp": 105, "atk": 150, "def": 90, "spa": 150, "spd": 90, "spe": 95}, "stats": {"hp": 270, "atk": 258, "def": 172, "spa": 258, "spd": 172, "spe": 179}, "types": ["Dragon", "Flying"]}, "Leafeon": {"name": "Leafeon", "species": "Leafeon", "speciesId": "leafeon", "gender": "F", "shiny": false, "level": 88, "moves": ["substitute", "doubleedge", "leafblade", "swordsdance"], "ability": "Chlorophyll", "evs": {"hp": 85, "atk": 85, "def": 85, "spa": 85, "spd": 85, "spe": 85}, "ivs": {"hp": 31, "atk": 31, "def": 31, "spa": 31, "spd": 31, "spe": 31}, "item": "Leftovers", "teraType": "Normal", "role": "Setup Sweeper", "bvs": {"hp": 65, "atk": 110, "def": 130, "spa": 60, "spd": 65, "spe": 95}, "stats": {"hp": 258, "atk": 244, "def": 279, "spa": 156, "spd": 165, "spe": 217}, "types": ["Grass"]}, "Dachsbun": {"name": "Dachsbun", "species": "Dachsbun", "speciesId": "dachsbun", "gender": "F", "shiny": false, "level": 92, "moves": ["protect", "yawn", "playrough", "wish"], "ability": "Well-Baked Body", "evs": {"hp": 85, "atk": 85, "def": 85, "spa": 85, "spd": 85, "spe": 85}, "ivs": {"hp": 31, "atk": 31, "def": 31, "spa": 31, "spd": 31, "spe": 31}, "item": "Leftovers", "teraType": "Steel", "role": "Bulky Support", "bvs": {"hp": 57, "atk": 80, "def": 115, "spa": 50, "spd": 80, "spe": 95}, "stats": {"hp": 254, "atk": 200, "def": 264, "spa": 144, "spd": 200, "spe": 227}, "types": ["Fairy"]}, "Glalie": {"name": "Glalie", "species": "Glalie", "speciesId": "glalie", "gender": "F", "shiny": false, "level": 96, "moves": ["spikes", "earthquake", "freezedry", "taunt"], "ability": "Inner Focus", "evs": {"hp": 85, "atk": 85, "def": 85, "spa": 85, "spd": 85, "spe": 85}, "ivs": {"hp": 31, "atk": 31, "def": 31, "spa": 31, "spd": 31, "spe": 31}, "item": "Heavy-Duty Boots", "teraType": "Ghost", "role": "Fast Support", "bvs": {"hp": 80, "atk": 80, "def": 80, "spa": 80, "spd": 80, "spe": 80}, "stats": {"hp": 309, "atk": 208, "def": 208, "spa": 208, "spd": 208, "spe": 208}, "types": ["Ice"]}, "Rabsca": {"name": "Rabsca", "species": "Rabsca", "speciesId": "rabsca", "gender": "F", "shiny": false, "level": 91, "moves": ["psychic", "trickroom", "revivalblessing", "bugbuzz"], "ability": "Synchronize", "evs": {"hp": 85, "atk": 0, "def": 85, "spa": 85, "spd": 85, "spe": 0}, "ivs": {"hp": 31, "atk": 0, "def": 31, "spa": 31, "spd": 31, "spe": 0}, "item": "Heavy-Duty Boots", "teraType": "Steel", "role": "Wallbreaker", "bvs": {"hp": 75, "atk": 50, "def": 85, "spa": 115, "spd": 100, "spe": 45}, "stats": {"hp": 284, "atk": 96, "def": 207, "spa": 261, "spd": 234, "spe": 86}, "types": ["Bug", "Psychic"]}, "Mesprit": {"name": "Mesprit", "species": "Mesprit", "speciesId": "mesprit", "gender": "N", "shiny": false, "level": 85, "moves": ["thunderwave", "stealthrock", "psychicnoise", "knockoff"], "ability": "Levitate", "evs": {"hp": 85, "atk": 85, "def": 85, "spa": 85, "spd": 85, "spe": 85}, "ivs": {"hp": 31, "atk": 31, "def": 31, "spa": 31, "spd": 31, "spe": 31}, "item": "Leftovers", "teraType": "Dark", "role": "Bulky Attacker", "bvs": {"hp": 80, "atk": 105, "def": 105, "spa": 105, "spd": 105, "spe": 80}, "stats": {"hp": 275, "atk": 227, "def": 227, "spa": 227, "spd": 227, "spe": 185}, "types": ["Psychic"]}}, {"Suicune": {"name": "Suicune", "species": "Suicune", "speciesId": "suicune", "gender": "N", "shiny": false, "level": 82, "moves": ["protect", "scald", "substitute", "calmmind"], "ability": "Pressure", "evs": {"hp": 85, "atk": 0, "def": 85, "spa": 85, "spd": 85, "spe": 85}, "ivs": {"hp": 31, "atk": 0, "def": 31, "spa": 31, "spd": 31, "spe": 31}, "item": "Leftovers", "teraType": "Steel", "role": "Fast Support", "bvs": {"hp": 100, "atk": 75, "def": 115, "spa": 90, "spd": 115, "spe": 85}, "stats": {"hp": 298, "atk": 127, "def": 236, "spa": 195, "spd": 236, "spe": 187}, "types": ["Water"]}, "Entei": {"name": "Entei", "species": "Entei", "speciesId": "entei", "gender": "N", "shiny": false, "level": 78, "moves": ["sacredfire", "flareblitz", "extremespeed", "stompingtantrum"], "ability": "Inner Focus", "evs": {"hp": 85, "atk": 85, "def": 85, "spa": 85, "spd": 85, "spe": 85}, "ivs": {"hp": 31, "atk": 31, "def": 31, "spa": 31, "spd": 31, "spe": 31}, "item": "Choice Band", "teraType": "Normal", "role": "Wallbreaker", "bvs": {"hp": 115, "atk": 115, "def": 85, "spa": 90, "spd": 75, "spe": 100}, "stats": {"hp": 307, "atk": 224, "def": 178, "spa": 185, "spd": 162, "spe": 201}, "types": ["Fire"]}, "Wugtrio": {"name": "Wugtrio", "species": "Wugtrio", "speciesId": "wugtrio", "gender": "F", "shiny": false, "level": 91, "moves": ["throatchop", "aquajet", "stompingtantrum", "liquidation"], "ability": "Gooey", "evs": {"hp": 85, "atk": 85, "def": 85, "spa": 85, "spd": 85, "spe": 85}, "ivs": {"hp": 31, "atk": 31, "def": 31, "spa": 31, "spd": 31, "spe": 31}, "item": "Choice Band", "teraType": "Water", "role": "Fast Attacker", "bvs": {"hp": 35, "atk": 100, "def": 50, "spa": 50, "spd": 70, "spe": 120}, "stats": {"hp": 212, "atk": 234, "def": 143, "spa": 143, "spd": 179, "spe": 270}, "types": ["Water"]}, "Flygon": {"name": "Flygon", "species": "Flygon", "speciesId": "flygon", "gender": "M", "shiny": false, "level": 82, "moves": ["outrage", "stoneedge", "earthquake", "uturn"], "ability": "Levitate", "evs": {"hp": 85, "atk": 85, "def": 85, "spa": 85, "spd": 85, "spe": 85}, "ivs": {"hp": 31, "atk": 31, "def": 31, "spa": 31, "spd": 31, "spe": 31}, "item": "Choice Scarf", "teraType": "Ground", "role": "Fast Attacker", "bvs": {"hp": 80, "atk": 100, "def": 80, "spa": 80, "spd": 80, "spe": 100}, "stats": {"hp": 265, "atk": 211, "def": 178, "spa": 178, "spd": 178, "spe": 211}, "types": ["Ground", "Dragon"]}, "Vileplume": {"name": "Vileplume", "species": "Vileplume", "speciesId": "vileplume", "gender": "F", "shiny": false, "level": 85, "moves": ["sludgebomb", "strengthsap", "gigadrain", "sleeppowder"], "ability": "Effect Spore", "evs": {"hp": 85, "atk": 0, "def": 85, "spa": 85, "spd": 85, "spe": 85}, "ivs": {"hp": 31, "atk": 0, "def": 31, "spa": 31, "spd": 31, "spe": 31}, "item": "Leftovers", "teraType": "Steel", "role": "Bulky Attacker", "bvs": {"hp": 75, "atk": 80, "def": 85, "spa": 110, "spd": 90, "spe": 50}, "stats": {"hp": 266, "atk": 141, "def": 193, "spa": 236, "spd": 202, "spe": 134}, "types": ["Grass", "Poison"]}, "Gallade": {"name": "Gallade", "species": "Gallade", "speciesId": "gallade", "gender": "M", "shiny": false, "level": 80, "moves": ["psychocut", "nightslash", "sacredsword", "leafblade"], "ability": "Sharpness", "evs": {"hp": 85, "atk": 85, "def": 85, "spa": 85, "spd": 85, "spe": 85}, "ivs": {"hp": 31, "atk": 31, "def": 31, "spa": 31, "spd": 31, "spe": 31}, "item": "Choice Band", "teraType": "Fighting", "role": "Fast Attacker", "bvs": {"hp": 68, "atk": 125, "def": 65, "spa": 65, "spd": 115, "spe": 80}, "stats": {"hp": 240, "atk": 246, "def": 150, "spa": 150, "spd": 230, "spe": 174}, "types": ["Psychic", "Fighting"]}}]}