{"id": "gen9randombattle-2631945377", "format": "[Gen 9] Random Battle", "players": ["GoMarGo", "LeviAEthan.K1043"], "log": "|j|\u2606GoMarGo\n|j|\u2606LeviAEthan.K1043\n|t:|1781458513\n|gametype|singles\n|player|p1|GoMarGo|266|1469\n|player|p2|LeviAEthan.K1043|hiker-gen4|1472\n|gen|9\n|tier|[Gen 9] Random Battle\n|rated|\n|rule|Species Clause: Limit one of each Pok\u00e9mon\n|rule|HP Percentage Mod: HP is shown in percentages\n|rule|Sleep Clause Mod: Limit one foe put to sleep\n|rule|Illusion Level Mod: Illusion disguises the Pok\u00e9mon's true level\n|\n|t:|1781458513\n|teamsize|p1|6\n|teamsize|p2|6\n|start\n|switch|p1a: Rayquaza|Rayquaza, L72|270/270\n|switch|p2a: Dipplin|Dipplin, L88, M|284/284\n|-ability|p1a: Rayquaza|Air Lock\n|turn|1\n|inactive|Battle timer is ON: inactive players will automatically lose when time's up. (requested by GoMarGo)\n|\n|t:|1781458542\n|switch|p1a: Oranguru|Oranguru, L92, M|315/315\n|move|p2a: Dipplin|Dragon Pulse|p1a: Oranguru\n|-damage|p1a: Oranguru|246/315\n|\n|upkeep\n|turn|2\n|\n|t:|1781458553\n|move|p1a: Oranguru|Hyper Voice|p2a: Dipplin\n|-damage|p2a: Dipplin|176/284\n|move|p2a: Dipplin|Dragon Tail|p1a: Oranguru\n|-damage|p1a: Oranguru|183/315\n|drag|p1a: Pawmot|Pawmot, L80, M|243/243\n|\n|upkeep\n|turn|3\n|\n|t:|1781458574\n|switch|p2a: Mesprit|Mesprit, L85|275/275\n|move|p1a: Pawmot|Close Combat|p2a: Mesprit\n|-resisted|p2a: Mesprit\n|-damage|p2a: Mesprit|205/275\n|-unboost|p1a: Pawmot|def|1\n|-unboost|p1a: Pawmot|spd|1\n|-damage|p1a: Pawmot|219/243|[from] item: Life Orb\n|\n|-heal|p2a: Mesprit|222/275|[from] item: Leftovers\n|upkeep\n|turn|4\n|\n|t:|1781458582\n|switch|p1a: Oranguru|Oranguru, L92, M|183/315\n|move|p2a: Mesprit|Psychic Noise|p1a: Oranguru\n|-resisted|p1a: Oranguru\n|-damage|p1a: Oranguru|151/315\n|-start|p1a: Oranguru|move: Heal Block\n|\n|-heal|p2a: Mesprit|239/275|[from] item: Leftovers\n|upkeep\n|turn|5\n|\n|t:|1781458587\n|move|p2a: Mesprit|Knock Off|p1a: Oranguru\n|-supereffective|p1a: Oranguru\n|-damage|p1a: Oranguru|7/315\n|-enditem|p1a: Oranguru|Choice Specs|[from] move: Knock Off|[of] p2a: Mesprit\n|move|p1a: Oranguru|Hyper Voice|p2a: Mesprit\n|-damage|p2a: Mesprit|152/275\n|\n|-heal|p2a: Mesprit|169/275|[from] item: Leftovers\n|-end|p1a: Oranguru|move: Heal Block\n|upkeep\n|turn|6\n|\n|t:|1781458595\n|move|p2a: Mesprit|Psychic Noise|p1a: Oranguru\n|-resisted|p1a: Oranguru\n|-damage|p1a: Oranguru|0 fnt\n|faint|p1a: Oranguru\n|\n|-heal|p2a: Mesprit|186/275|[from] item: Leftovers\n|upkeep\n|\n|t:|1781458603\n|switch|p1a: Ting-Lu|Ting-Lu, L78|370/370\n|-ability|p1a: Ting-Lu|Vessel of Ruin\n|turn|7\n|\n|t:|1781458610\n|move|p2a: Mesprit|U-turn|p1a: Ting-Lu\n|-supereffective|p1a: Ting-Lu\n|-damage|p1a: Ting-Lu|286/370\n|\n|t:|1781458616\n|switch|p2a: Dipplin|Dipplin, L88, M|176/284|[from] U-turn\n|move|p1a: Ting-Lu|Heavy Slam|p2a: Dipplin\n|-damage|p2a: Dipplin|129/284\n|\n|upkeep\n|turn|8\n|\n|t:|1781458635\n|move|p2a: Dipplin|Giga Drain|p1a: Ting-Lu\n|-supereffective|p1a: Ting-Lu\n|-damage|p1a: Ting-Lu|184/370\n|-heal|p2a: Dipplin|180/284|[from] drain|[of] p1a: Ting-Lu\n|move|p1a: Ting-Lu|Payback|p2a: Dipplin\n|-damage|p2a: Dipplin|128/284\n|\n|upkeep\n|turn|9\n|\n|t:|1781458653\n|switch|p1a: Magmortar|Magmortar, L88, F|275/275\n|move|p2a: Dipplin|Recover|p2a: Dipplin\n|-heal|p2a: Dipplin|270/284\n|\n|upkeep\n|turn|10\n|\n|t:|1781458667\n|move|p1a: Magmortar|Focus Blast|p2a: Dipplin\n|-damage|p2a: Dipplin|196/284\n|move|p2a: Dipplin|Dragon Pulse|p1a: Magmortar\n|-damage|p1a: Magmortar|193/275\n|\n|upkeep\n|turn|11\n|\n|t:|1781458673\n|move|p1a: Magmortar|Fire Blast|p2a: Dipplin\n|-damage|p2a: Dipplin|87/284\n|move|p2a: Dipplin|Dragon Pulse|p1a: Magmortar\n|-damage|p1a: Magmortar|102/275\n|\n|upkeep\n|turn|12\n|\n|t:|1781458688\n|switch|p2a: Tentacruel|Tentacruel, L84, F|272/272\n|move|p1a: Magmortar|Fire Blast|p2a: Tentacruel\n|-resisted|p2a: Tentacruel\n|-crit|p2a: Tentacruel\n|-damage|p2a: Tentacruel|174/272\n|\n|-heal|p2a: Tentacruel|191/272|[from] item: Leftovers\n|upkeep\n|turn|13\n|\n|t:|1781458710\n|switch|p1a: Pawmot|Pawmot, L80, M|219/243\n|move|p2a: Tentacruel|Sludge Bomb|p1a: Pawmot\n|-damage|p1a: Pawmot|95/243\n|\n|-heal|p2a: Tentacruel|208/272|[from] item: Leftovers\n|upkeep\n|turn|14\n|\n|t:|1781458717\n|move|p2a: Tentacruel|Sludge Bomb|p1a: Pawmot\n|-damage|p1a: Pawmot|0 fnt\n|faint|p1a: Pawmot\n|\n|-heal|p2a: Tentacruel|225/272|[from] item: Leftovers\n|upkeep\n|\n|t:|1781458721\n|switch|p1a: Rayquaza|Rayquaza, L72|270/270\n|-ability|p1a: Rayquaza|Air Lock\n|turn|15\n|\n|t:|1781458729\n|move|p2a: Tentacruel|Sludge Bomb|p1a: Rayquaza\n|-damage|p1a: Rayquaza|171/270\n|move|p1a: Rayquaza|Swords Dance|p1a: Rayquaza\n|-boost|p1a: Rayquaza|atk|2\n|\n|-heal|p2a: Tentacruel|242/272|[from] item: Leftovers\n|upkeep\n|turn|16\n|\n|t:|1781458733\n|move|p2a: Tentacruel|Haze|p2a: Tentacruel\n|-clearallboost\n|move|p1a: Rayquaza|Scale Shot|p2a: Tentacruel\n|-damage|p2a: Tentacruel|208/272\n|-damage|p2a: Tentacruel|172/272\n|-damage|p2a: Tentacruel|139/272\n|-damage|p2a: Tentacruel|106/272\n|-damage|p2a: Tentacruel|69/272\n|-hitcount|p2a: Tentacruel|5\n|-unboost|p1a: Rayquaza|def|1\n|-boost|p1a: Rayquaza|spe|1\n|\n|-heal|p2a: Tentacruel|86/272|[from] item: Leftovers\n|upkeep\n|turn|17\n|\n|t:|1781458744\n|move|p1a: Rayquaza|Earthquake|p2a: Tentacruel\n|-supereffective|p2a: Tentacruel\n|-damage|p2a: Tentacruel|0 fnt\n|faint|p2a: Tentacruel\n|\n|upkeep\n|\n|t:|1781458751\n|switch|p2a: Sableye|Sableye, L88, M|231/231\n|turn|18\n|\n|t:|1781458760\n|move|p2a: Sableye|Will-O-Wisp|p1a: Rayquaza\n|-status|p1a: Rayquaza|brn\n|move|p1a: Rayquaza|Swords Dance|p1a: Rayquaza\n|-boost|p1a: Rayquaza|atk|2\n|\n|-damage|p1a: Rayquaza|155/270 brn|[from] brn\n|upkeep\n|turn|19\n|\n|t:|1781458776\n|move|p2a: Sableye|Encore|p1a: Rayquaza\n|-start|p1a: Rayquaza|Encore\n|move|p1a: Rayquaza|Swords Dance|p1a: Rayquaza\n|-boost|p1a: Rayquaza|atk|2\n|\n|-damage|p1a: Rayquaza|139/270 brn|[from] brn\n|upkeep\n|turn|20\n|\n|t:|1781458779\n|move|p1a: Rayquaza|Swords Dance|p1a: Rayquaza\n|-boost|p1a: Rayquaza|atk|2\n|move|p2a: Sableye|Knock Off|p1a: Rayquaza\n|-damage|p1a: Rayquaza|0 fnt\n|-enditem|p1a: Rayquaza|Loaded Dice|[from] move: Knock Off|[of] p2a: Sableye\n|faint|p1a: Rayquaza\n|\n|upkeep\n|\n|t:|1781458789\n|switch|p1a: Ting-Lu|Ting-Lu, L78|184/370\n|-ability|p1a: Ting-Lu|Vessel of Ruin\n|turn|21\n|\n|t:|1781458800\n|switch|p2a: Corviknight|Corviknight, L80, M|288/288\n|move|p1a: Ting-Lu|Ruination|p2a: Corviknight\n|-damage|p2a: Corviknight|144/288\n|\n|-heal|p2a: Corviknight|162/288|[from] item: Leftovers\n|upkeep\n|turn|22\n|\n|t:|1781458812\n|move|p2a: Corviknight|Roost|p2a: Corviknight\n|-heal|p2a: Corviknight|288/288\n|-singleturn|p2a: Corviknight|move: Roost\n|move|p1a: Ting-Lu|Ruination|p2a: Corviknight\n|-damage|p2a: Corviknight|144/288\n|\n|-heal|p2a: Corviknight|162/288|[from] item: Leftovers\n|upkeep\n|turn|23\n|\n|t:|1781458814\n|move|p2a: Corviknight|Body Press|p1a: Ting-Lu\n|-supereffective|p1a: Ting-Lu\n|-damage|p1a: Ting-Lu|92/370\n|move|p1a: Ting-Lu|Earthquake|p2a: Corviknight\n|-immune|p2a: Corviknight\n|\n|-heal|p2a: Corviknight|180/288|[from] item: Leftovers\n|upkeep\n|turn|24\n|\n|t:|1781458817\n|move|p2a: Corviknight|Body Press|p1a: Ting-Lu\n|-supereffective|p1a: Ting-Lu\n|-damage|p1a: Ting-Lu|0 fnt\n|faint|p1a: Ting-Lu\n|\n|-heal|p2a: Corviknight|198/288|[from] item: Leftovers\n|upkeep\n|\n|t:|1781458822\n|switch|p1a: Magmortar|Magmortar, L88, F|102/275\n|turn|25\n|\n|t:|1781458831\n|move|p1a: Magmortar|Fire Blast|p2a: Corviknight\n|-supereffective|p2a: Corviknight\n|-damage|p2a: Corviknight|0 fnt\n|faint|p2a: Corviknight\n|\n|upkeep\n|\n|t:|1781458844\n|switch|p2a: Haxorus|Haxorus, L77, M|244/244\n|-ability|p2a: Haxorus|Mold Breaker\n|turn|26\n|\n|t:|1781458851\n|move|p1a: Magmortar|Knock Off|p2a: Haxorus\n|-damage|p2a: Haxorus|162/244\n|-enditem|p2a: Haxorus|Lum Berry|[from] move: Knock Off|[of] p1a: Magmortar\n|move|p2a: Haxorus|Earthquake|p1a: Magmortar\n|-supereffective|p1a: Magmortar\n|-crit|p1a: Magmortar\n|-damage|p1a: Magmortar|0 fnt\n|faint|p1a: Magmortar\n|\n|upkeep\n|\n|t:|1781458858\n|switch|p1a: Infernape|Infernape, L82, M|259/259\n|turn|27\n|\n|t:|1781458874\n|-terastallize|p1a: Infernape|Fighting\n|move|p1a: Infernape|Close Combat|p2a: Haxorus\n|-damage|p2a: Haxorus|0 fnt\n|-unboost|p1a: Infernape|def|1\n|-unboost|p1a: Infernape|spd|1\n|faint|p2a: Haxorus\n|-damage|p1a: Infernape|234/259|[from] item: Life Orb\n|\n|upkeep\n|\n|t:|1781458880\n|switch|p2a: Sableye|Sableye, L88, M|231/231\n|turn|28\n|\n|t:|1781458891\n|move|p2a: Sableye|Encore|p1a: Infernape\n|-start|p1a: Infernape|Encore\n|move|p1a: Infernape|Close Combat|p2a: Sableye\n|-immune|p2a: Sableye\n|\n|upkeep\n|turn|29\n|\n|t:|1781458896\n|move|p1a: Infernape|Close Combat|p2a: Sableye\n|-immune|p2a: Sableye\n|move|p2a: Sableye|Knock Off|p1a: Infernape\n|-resisted|p1a: Infernape\n|-damage|p1a: Infernape|155/259\n|-enditem|p1a: Infernape|Life Orb|[from] move: Knock Off|[of] p2a: Sableye\n|\n|upkeep\n|turn|30\n|\n|t:|1781458905\n|move|p1a: Infernape|Close Combat|p2a: Sableye\n|-immune|p2a: Sableye\n|move|p2a: Sableye|Knock Off|p1a: Infernape\n|-resisted|p1a: Infernape\n|-damage|p1a: Infernape|98/259\n|\n|-end|p1a: Infernape|Encore\n|upkeep\n|turn|31\n|-message|GoMarGo forfeited.\n|\n|win|LeviAEthan.K1043\n|raw|GoMarGo's rating: 1469 &rarr; <strong>1449</strong><br />(-20 for losing)\n|raw|LeviAEthan.K1043's rating: 1472 &rarr; <strong>1492</strong><br />(+20 for winning)\n|l|\u2606GoMarGo\n|player|p1|\n", "inputlog": ">version a8376a258c1d4662feba110a92103f3664a72141\n>start {\"formatid\":\"gen9randombattle\",\"seed\":\"sodium,666eaf067f79d2960c265a8792b9ca33\",\"rated\":\"Rated battle\"}\n>player p1 {\"name\":\"GoMarGo\",\"avatar\":\"266\",\"rating\":1469,\"seed\":\"sodium,5c766517b3d2683adac471dfaacb596b\"}\n>player p2 {\"name\":\"LeviAEthan.K1043\",\"avatar\":\"hiker-gen4\",\"rating\":1472,\"seed\":\"sodium,5e34c992bff7c5536b3d5b27d60ddd0f\"}\n>p1 switch 3\n>p2 move dragonpulse\n>p1 move hypervoice\n>p2 move dragontail\n>p1 move closecombat\n>p2 switch 2\n>p1 switch 4\n>p2 move psychicnoise\n>p1 move hypervoice\n>p2 move knockoff\n>p1 move trick\n>p2 move psychicnoise\n>p1 switch 6\n>p1 move heavyslam\n>p2 move uturn\n>p2 switch 2\n>p1 move payback\n>p2 move gigadrain\n>p1 switch 2\n>p2 move recover\n>p1 move focusblast\n>p2 move dragonpulse\n>p1 move fireblast\n>p2 move dragonpulse\n>p1 move fireblast\n>p2 switch 6\n>p1 switch 4\n>p2 move sludgebomb\n>p1 move doubleshock\n>p2 move sludgebomb\n>p1 switch 3\n>p1 move swordsdance\n>p2 move sludgebomb\n>p1 move scaleshot\n>p2 move haze\n>p1 move earthquake\n>p2 move knockoff\n>p2 switch 4\n>p1 move swordsdance\n>p2 move willowisp\n>p1 move swordsdance\n>p2 move encore\n>p1 move swordsdance\n>p2 move knockoff\n>p1 switch 2\n>p1 move ruination\n>p2 switch 3\n>p1 move ruination\n>p2 move roost\n>p1 move earthquake\n>p2 move bodypress\n>p1 move ruination\n>p2 move bodypress\n>p1 switch 4\n>p1 move fireblast\n>p2 move bravebird\n>p2 switch 5\n>p1 move knockoff\n>p2 move earthquake\n>p1 switch 5\n>p1 move closecombat terastallize\n>p2 move earthquake\n>p2 switch 3\n>p1 move overheat\n>p2 move encore\n>p1 move closecombat\n>p2 move knockoff\n>p1 move closecombat\n>p2 move knockoff\n>forcelose p1", "uploadtime": 1781458913, "views": 4, "formatid": "gen9randombattle", "rating": 1449, "private": 0, "password": null, "player_dets": [{"name": "GoMarGo", "avatar": "266", "rating": 1469, "seed": "sodium,5c766517b3d2683adac471dfaacb596b"}, {"name": "LeviAEthan.K1043", "avatar": "hiker-gen4", "rating": 1472, "seed": "sodium,5e34c992bff7c5536b3d5b27d60ddd0f"}], "teams_full": [{"Rayquaza": {"name": "Rayquaza", "species": "Rayquaza", "speciesId": "rayquaza", "gender": "N", "shiny": false, "level": 72, "moves": ["dragonascent", "earthquake", "scaleshot", "swordsdance"], "ability": "Air Lock", "evs": {"hp": 85, "atk": 85, "def": 85, "spa": 85, "spd": 85, "spe": 85}, "ivs": {"hp": 31, "atk": 31, "def": 31, "spa": 31, "spd": 31, "spe": 31}, "item": "Loaded Dice", "teraType": "Steel", "role": "Fast Bulky Setup", "bvs": {"hp": 105, "atk": 150, "def": 90, "spa": 150, "spd": 90, "spe": 95}, "stats": {"hp": 270, "atk": 258, "def": 172, "spa": 258, "spd": 172, "spe": 179}}, "Magmortar": {"name": "Magmortar", "species": "Magmortar", "speciesId": "magmortar", "gender": "F", "shiny": false, "level": 88, "moves": ["knockoff", "focusblast", "thunderbolt", "fireblast"], "ability": "Flame Body", "evs": {"hp": 85, "atk": 85, "def": 85, "spa": 85, "spd": 85, "spe": 85}, "ivs": {"hp": 31, "atk": 31, "def": 31, "spa": 31, "spd": 31, "spe": 31}, "item": "Heavy-Duty Boots", "teraType": "Water", "role": "Fast Attacker", "bvs": {"hp": 75, "atk": 95, "def": 67, "spa": 125, "spd": 95, "spe": 83}, "stats": {"hp": 275, "atk": 217, "def": 168, "spa": 270, "spd": 217, "spe": 196}}, "Oranguru": {"name": "Oranguru", "species": "Oranguru", "speciesId": "oranguru", "gender": "M", "shiny": false, "level": 92, "moves": ["psyshock", "hypervoice", "trick", "thunderbolt"], "ability": "Inner Focus", "evs": {"hp": 85, "atk": 0, "def": 85, "spa": 85, "spd": 85, "spe": 85}, "ivs": {"hp": 31, "atk": 0, "def": 31, "spa": 31, "spd": 31, "spe": 31}, "item": "Choice Specs", "teraType": "Normal", "role": "Wallbreaker", "bvs": {"hp": 90, "atk": 60, "def": 80, "spa": 90, "spd": 110, "spe": 60}, "stats": {"hp": 315, "atk": 115, "def": 200, "spa": 218, "spd": 255, "spe": 163}}, "Pawmot": {"name": "Pawmot", "species": "Pawmot", "speciesId": "pawmot", "gender": "M", "shiny": false, "level": 80, "moves": ["closecombat", "doubleshock", "revivalblessing", "knockoff"], "ability": "Volt Absorb", "evs": {"hp": 85, "atk": 85, "def": 85, "spa": 85, "spd": 85, "spe": 85}, "ivs": {"hp": 31, "atk": 31, "def": 31, "spa": 31, "spd": 31, "spe": 31}, "item": "Life Orb", "teraType": "Electric", "role": "Fast Attacker", "bvs": {"hp": 70, "atk": 115, "def": 70, "spa": 70, "spd": 60, "spe": 105}, "stats": {"hp": 243, "atk": 230, "def": 158, "spa": 158, "spd": 142, "spe": 214}}, "Infernape": {"name": "Infernape", "species": "Infernape", "speciesId": "infernape", "gender": "M", "shiny": false, "level": 82, "moves": ["gunkshot", "overheat", "closecombat", "stoneedge"], "ability": "Blaze", "evs": {"hp": 85, "atk": 85, "def": 85, "spa": 85, "spd": 85, "spe": 85}, "ivs": {"hp": 31, "atk": 31, "def": 31, "spa": 31, "spd": 31, "spe": 31}, "item": "Life Orb", "teraType": "Fighting", "role": "Fast Attacker", "bvs": {"hp": 76, "atk": 104, "def": 71, "spa": 104, "spd": 71, "spe": 108}, "stats": {"hp": 259, "atk": 218, "def": 164, "spa": 218, "spd": 164, "spe": 224}}, "Ting-Lu": {"name": "Ting-Lu", "species": "Ting-Lu", "speciesId": "tinglu", "gender": "N", "shiny": false, "level": 78, "moves": ["earthquake", "heavyslam", "ruination", "payback"], "ability": "Vessel of Ruin", "evs": {"hp": 85, "atk": 85, "def": 85, "spa": 85, "spd": 85, "spe": 85}, "ivs": {"hp": 31, "atk": 31, "def": 31, "spa": 31, "spd": 31, "spe": 31}, "item": "Assault Vest", "teraType": "Poison", "role": "Bulky Attacker", "bvs": {"hp": 155, "atk": 110, "def": 125, "spa": 55, "spd": 80, "spe": 45}, "stats": {"hp": 370, "atk": 217, "def": 240, "spa": 131, "spd": 170, "spe": 115}}}, {"Dipplin": {"name": "Dipplin", "species": "Dipplin", "speciesId": "dipplin", "gender": "M", "shiny": false, "level": 88, "moves": ["dragontail", "gigadrain", "recover", "dragonpulse"], "ability": "Sticky Hold", "evs": {"hp": 85, "atk": 85, "def": 85, "spa": 85, "spd": 85, "spe": 85}, "ivs": {"hp": 31, "atk": 31, "def": 31, "spa": 31, "spd": 31, "spe": 31}, "item": "Eviolite", "teraType": "Steel", "role": "Bulky Attacker", "bvs": {"hp": 80, "atk": 80, "def": 110, "spa": 95, "spd": 80, "spe": 40}, "stats": {"hp": 284, "atk": 191, "def": 244, "spa": 217, "spd": 191, "spe": 121}}, "Mesprit": {"name": "Mesprit", "species": "Mesprit", "speciesId": "mesprit", "gender": "N", "shiny": false, "level": 85, "moves": ["uturn", "psychicnoise", "knockoff", "encore"], "ability": "Levitate", "evs": {"hp": 85, "atk": 85, "def": 85, "spa": 85, "spd": 85, "spe": 85}, "ivs": {"hp": 31, "atk": 31, "def": 31, "spa": 31, "spd": 31, "spe": 31}, "item": "Leftovers", "teraType": "Dark", "role": "Bulky Support", "bvs": {"hp": 80, "atk": 105, "def": 105, "spa": 105, "spd": 105, "spe": 80}, "stats": {"hp": 275, "atk": 227, "def": 227, "spa": 227, "spd": 227, "spe": 185}}, "Corviknight": {"name": "Corviknight", "species": "Corviknight", "speciesId": "corviknight", "gender": "M", "shiny": false, "level": 80, "moves": ["defog", "bodypress", "bravebird", "roost"], "ability": "Mirror Armor", "evs": {"hp": 85, "atk": 85, "def": 85, "spa": 85, "spd": 85, "spe": 85}, "ivs": {"hp": 31, "atk": 31, "def": 31, "spa": 31, "spd": 31, "spe": 31}, "item": "Leftovers", "teraType": "Dragon", "role": "Bulky Support", "bvs": {"hp": 98, "atk": 87, "def": 105, "spa": 53, "spd": 85, "spe": 67}, "stats": {"hp": 288, "atk": 185, "def": 214, "spa": 131, "spd": 182, "spe": 153}}, "Sableye": {"name": "Sableye", "species": "Sableye", "speciesId": "sableye", "gender": "M", "shiny": false, "level": 88, "moves": ["willowisp", "recover", "encore", "knockoff"], "ability": "Prankster", "evs": {"hp": 85, "atk": 85, "def": 85, "spa": 85, "spd": 85, "spe": 85}, "ivs": {"hp": 31, "atk": 31, "def": 31, "spa": 31, "spd": 31, "spe": 31}, "item": "Leftovers", "teraType": "Poison", "role": "Bulky Support", "bvs": {"hp": 50, "atk": 75, "def": 75, "spa": 65, "spd": 65, "spe": 50}, "stats": {"hp": 231, "atk": 182, "def": 182, "spa": 165, "spd": 165, "spe": 138}}, "Haxorus": {"name": "Haxorus", "species": "Haxorus", "speciesId": "haxorus", "gender": "M", "shiny": false, "level": 77, "moves": ["ironhead", "earthquake", "dragondance", "outrage"], "ability": "Mold Breaker", "evs": {"hp": 85, "atk": 85, "def": 85, "spa": 85, "spd": 85, "spe": 85}, "ivs": {"hp": 31, "atk": 31, "def": 31, "spa": 31, "spd": 31, "spe": 31}, "item": "Lum Berry", "teraType": "Steel", "role": "Setup Sweeper", "bvs": {"hp": 76, "atk": 147, "def": 90, "spa": 60, "spd": 70, "spe": 97}, "stats": {"hp": 244, "atk": 271, "def": 183, "spa": 137, "spd": 152, "spe": 194}}, "Tentacruel": {"name": "Tentacruel", "species": "Tentacruel", "speciesId": "tentacruel", "gender": "F", "shiny": false, "level": 84, "moves": ["surf", "haze", "knockoff", "sludgebomb"], "ability": "Liquid Ooze", "evs": {"hp": 85, "atk": 85, "def": 85, "spa": 85, "spd": 85, "spe": 85}, "ivs": {"hp": 31, "atk": 31, "def": 31, "spa": 31, "spd": 31, "spe": 31}, "item": "Leftovers", "teraType": "Grass", "role": "Bulky Support", "bvs": {"hp": 80, "atk": 70, "def": 65, "spa": 80, "spd": 120, "spe": 100}, "stats": {"hp": 272, "atk": 166, "def": 157, "spa": 183, "spd": 250, "spe": 216}}}]}