{"id": "gen9randombattle-2631548673", "format": "[Gen 9] Random Battle", "players": ["nickolassbomfim", "WhatEver2102"], "log": "|j|\u2606nickolassbomfim\n|j|\u2606WhatEver2102\n|t:|1781399782\n|gametype|singles\n|player|p1|nickolassbomfim|red-masters|1915\n|player|p2|WhatEver2102|juan|1981\n|gen|9\n|tier|[Gen 9] Random Battle\n|rated|\n|rule|Species Clause: Limit one of each Pok\u00e9mon\n|rule|HP Percentage Mod: HP is shown in percentages\n|rule|Sleep Clause Mod: Limit one foe put to sleep\n|rule|Illusion Level Mod: Illusion disguises the Pok\u00e9mon's true level\n|\n|t:|1781399782\n|teamsize|p1|6\n|teamsize|p2|6\n|start\n|switch|p1a: Raging Bolt|Raging Bolt, L78|323/323\n|switch|p2a: Primarina|Primarina, L83, M|268/268\n|turn|1\n|inactive|Battle timer is ON: inactive players will automatically lose when time's up. (requested by nickolassbomfim)\n|\n|t:|1781399789\n|move|p1a: Raging Bolt|Discharge|p2a: Primarina\n|-supereffective|p2a: Primarina\n|-damage|p2a: Primarina|94/268\n|move|p2a: Primarina|Moonblast|p1a: Raging Bolt\n|-supereffective|p1a: Raging Bolt\n|-damage|p1a: Raging Bolt|159/323\n|\n|-heal|p2a: Primarina|110/268|[from] item: Leftovers\n|upkeep\n|turn|2\n|\n|t:|1781399799\n|switch|p2a: Sinistcha|Sinistcha-Masterpiece, L83|254/254\n|move|p1a: Raging Bolt|Discharge|p2a: Sinistcha\n|-resisted|p2a: Sinistcha\n|-damage|p2a: Sinistcha|200/254\n|\n|-heal|p2a: Sinistcha|215/254|[from] item: Leftovers\n|upkeep\n|turn|3\n|\n|t:|1781399803\n|move|p2a: Sinistcha|Calm Mind|p2a: Sinistcha\n|-boost|p2a: Sinistcha|spa|1\n|-boost|p2a: Sinistcha|spd|1\n|move|p1a: Raging Bolt|Volt Switch|p2a: Sinistcha\n|-resisted|p2a: Sinistcha\n|-damage|p2a: Sinistcha|184/254\n|\n|t:|1781399808\n|-end|p1a: Raging Bolt|Protosynthesis|[silent]\n|switch|p1a: Araquanid|Araquanid, L82, M|246/246|[from] Volt Switch\n|\n|-heal|p2a: Sinistcha|199/254|[from] item: Leftovers\n|upkeep\n|turn|4\n|\n|t:|1781399815\n|move|p2a: Sinistcha|Calm Mind|p2a: Sinistcha\n|-boost|p2a: Sinistcha|spa|1\n|-boost|p2a: Sinistcha|spd|1\n|move|p1a: Araquanid|Sticky Web|p2a: Sinistcha\n|-sidestart|p2: WhatEver2102|move: Sticky Web\n|\n|-heal|p2a: Sinistcha|214/254|[from] item: Leftovers\n|upkeep\n|turn|5\n|\n|t:|1781399818\n|move|p2a: Sinistcha|Matcha Gotcha|p1a: Araquanid\n|-damage|p1a: Araquanid|90/246\n|-heal|p2a: Sinistcha|254/254|[from] drain|[of] p1a: Araquanid\n|move|p1a: Araquanid|Leech Life|p2a: Sinistcha\n|-damage|p2a: Sinistcha|197/254\n|-heal|p1a: Araquanid|119/246|[from] drain|[of] p2a: Sinistcha\n|\n|-heal|p2a: Sinistcha|212/254|[from] item: Leftovers\n|upkeep\n|turn|6\n|\n|t:|1781399824\n|move|p2a: Sinistcha|Matcha Gotcha|p1a: Araquanid\n|-damage|p1a: Araquanid|0 fnt\n|-heal|p2a: Sinistcha|254/254|[from] drain|[of] p1a: Araquanid\n|faint|p1a: Araquanid\n|\n|upkeep\n|\n|t:|1781399831\n|switch|p1a: Medicham|Medicham, L86, M|243/243\n|turn|7\n|\n|t:|1781399838\n|move|p1a: Medicham|Ice Punch|p2a: Sinistcha\n|-supereffective|p2a: Sinistcha\n|-damage|p2a: Sinistcha|50/254\n|move|p2a: Sinistcha|Shadow Ball|p1a: Medicham\n|-supereffective|p1a: Medicham\n|-damage|p1a: Medicham|0 fnt\n|faint|p1a: Medicham\n|\n|-heal|p2a: Sinistcha|65/254|[from] item: Leftovers\n|upkeep\n|\n|t:|1781399843\n|switch|p1a: Annihilape|Annihilape, L76, M|292/292\n|turn|8\n|\n|t:|1781399870\n|-terastallize|p1a: Annihilape|Fairy\n|move|p1a: Annihilape|Bulk Up|p1a: Annihilape\n|-boost|p1a: Annihilape|atk|1\n|-boost|p1a: Annihilape|def|1\n|move|p2a: Sinistcha|Matcha Gotcha|p1a: Annihilape\n|-damage|p1a: Annihilape|64/292\n|-heal|p2a: Sinistcha|179/254|[from] drain|[of] p1a: Annihilape\n|-status|p1a: Annihilape|brn\n|\n|-heal|p1a: Annihilape|82/292 brn|[from] item: Leftovers\n|-heal|p2a: Sinistcha|194/254|[from] item: Leftovers\n|-damage|p1a: Annihilape|64/292 brn|[from] brn\n|upkeep\n|turn|9\n|-message|nickolassbomfim forfeited.\n|\n|win|WhatEver2102\n", "inputlog": ">version a8376a258c1d4662feba110a92103f3664a72141\n>start {\"formatid\":\"gen9randombattle\",\"seed\":\"sodium,a7d93d25771cb223e89b5ebdee008f51\",\"rated\":\"Rated battle\"}\n>player p1 {\"name\":\"nickolassbomfim\",\"avatar\":\"red-masters\",\"rating\":1915,\"seed\":\"sodium,7e0732825c92362483e30bc6aab13a0e\"}\n>player p2 {\"name\":\"WhatEver2102\",\"avatar\":\"juan\",\"rating\":1981,\"seed\":\"sodium,5fbca428b39bcf1b638b0d1847a2f121\"}\n>p1 move discharge\n>p2 move moonblast\n>p1 move discharge\n>p2 switch 3\n>p1 move voltswitch\n>p2 move calmmind\n>p1 switch 2\n>p1 move stickyweb\n>p2 move calmmind\n>p1 move leechlife\n>p2 move matchagotcha\n>p1 move mirrorcoat\n>p2 move matchagotcha\n>p1 switch 6\n>p1 move icepunch\n>p2 move shadowball\n>p1 switch 4\n>p1 move bulkup terastallize\n>p2 move matchagotcha\n>forcelose p1", "uploadtime": 1781399784, "views": 4, "formatid": "gen9randombattle", "rating": null, "private": 0, "password": null, "player_dets": [{"name": "nickolassbomfim", "avatar": "red-masters", "rating": 1915, "seed": "sodium,7e0732825c92362483e30bc6aab13a0e"}, {"name": "WhatEver2102", "avatar": "juan", "rating": 1981, "seed": "sodium,5fbca428b39bcf1b638b0d1847a2f121"}], "teams_full": [{"Raging Bolt": {"name": "Raging Bolt", "species": "Raging Bolt", "speciesId": "ragingbolt", "gender": "N", "shiny": false, "level": 78, "moves": ["voltswitch", "dracometeor", "discharge", "thunderclap"], "ability": "Protosynthesis", "evs": {"hp": 85, "atk": 0, "def": 85, "spa": 85, "spd": 85, "spe": 85}, "ivs": {"hp": 31, "atk": 0, "def": 31, "spa": 31, "spd": 31, "spe": 31}, "item": "Assault Vest", "teraType": "Electric", "role": "AV Pivot", "bvs": {"hp": 125, "atk": 73, "def": 91, "spa": 137, "spd": 89, "spe": 75}, "stats": {"hp": 323, "atk": 118, "def": 187, "spa": 259, "spd": 184, "spe": 162}}, "Araquanid": {"name": "Araquanid", "species": "Araquanid", "speciesId": "araquanid", "gender": "M", "shiny": false, "level": 82, "moves": ["mirrorcoat", "leechlife", "stickyweb", "liquidation"], "ability": "Water Bubble", "evs": {"hp": 85, "atk": 85, "def": 85, "spa": 85, "spd": 85, "spe": 85}, "ivs": {"hp": 31, "atk": 31, "def": 31, "spa": 31, "spd": 31, "spe": 31}, "item": "Heavy-Duty Boots", "teraType": "Ground", "role": "Bulky Attacker", "bvs": {"hp": 68, "atk": 70, "def": 92, "spa": 50, "spd": 132, "spe": 42}, "stats": {"hp": 246, "atk": 162, "def": 198, "spa": 129, "spd": 264, "spe": 116}}, "Zebstrika": {"name": "Zebstrika", "species": "Zebstrika", "speciesId": "zebstrika", "gender": "F", "shiny": false, "level": 87, "moves": ["supercellslam", "highhorsepower", "voltswitch", "overheat"], "ability": "Sap Sipper", "evs": {"hp": 85, "atk": 85, "def": 85, "spa": 85, "spd": 85, "spe": 85}, "ivs": {"hp": 31, "atk": 31, "def": 31, "spa": 31, "spd": 31, "spe": 31}, "item": "Life Orb", "teraType": "Ground", "role": "Fast Attacker", "bvs": {"hp": 75, "atk": 100, "def": 63, "spa": 80, "spd": 63, "spe": 116}, "stats": {"hp": 272, "atk": 224, "def": 159, "spa": 189, "spd": 159, "spe": 252}}, "Annihilape": {"name": "Annihilape", "species": "Annihilape", "speciesId": "annihilape", "gender": "M", "shiny": false, "level": 76, "moves": ["ragefist", "bulkup", "gunkshot", "drainpunch"], "ability": "Defiant", "evs": {"hp": 85, "atk": 85, "def": 85, "spa": 85, "spd": 85, "spe": 85}, "ivs": {"hp": 31, "atk": 31, "def": 31, "spa": 31, "spd": 31, "spe": 31}, "item": "Leftovers", "teraType": "Fairy", "role": "Bulky Setup", "bvs": {"hp": 110, "atk": 115, "def": 80, "spa": 50, "spd": 90, "spe": 90}, "stats": {"hp": 292, "atk": 219, "def": 166, "spa": 120, "spd": 181, "spe": 181}}, "Gastrodon": {"name": "Gastrodon", "species": "Gastrodon", "speciesId": "gastrodon", "gender": "F", "shiny": false, "level": 86, "moves": ["recover", "stealthrock", "earthquake", "surf"], "ability": "Storm Drain", "evs": {"hp": 85, "atk": 85, "def": 85, "spa": 85, "spd": 85, "spe": 85}, "ivs": {"hp": 31, "atk": 31, "def": 31, "spa": 31, "spd": 31, "spe": 31}, "item": "Leftovers", "teraType": "Steel", "role": "Bulky Attacker", "bvs": {"hp": 111, "atk": 83, "def": 68, "spa": 92, "spd": 82, "spe": 39}, "stats": {"hp": 331, "atk": 192, "def": 166, "spa": 207, "spd": 190, "spe": 116}}, "Medicham": {"name": "Medicham", "species": "Medicham", "speciesId": "medicham", "gender": "M", "shiny": false, "level": 86, "moves": ["bulletpunch", "zenheadbutt", "closecombat", "icepunch"], "ability": "Pure Power", "evs": {"hp": 85, "atk": 85, "def": 85, "spa": 85, "spd": 85, "spe": 85}, "ivs": {"hp": 31, "atk": 31, "def": 31, "spa": 31, "spd": 31, "spe": 31}, "item": "Choice Band", "teraType": "Fighting", "role": "Fast Attacker", "bvs": {"hp": 60, "atk": 60, "def": 75, "spa": 60, "spd": 75, "spe": 80}, "stats": {"hp": 243, "atk": 152, "def": 178, "spa": 152, "spd": 178, "spe": 187}}}, {"Primarina": {"name": "Primarina", "species": "Primarina", "speciesId": "primarina", "gender": "M", "shiny": false, "level": 83, "moves": ["drainingkiss", "psychicnoise", "moonblast", "calmmind"], "ability": "Liquid Voice", "evs": {"hp": 85, "atk": 0, "def": 85, "spa": 85, "spd": 85, "spe": 85}, "ivs": {"hp": 31, "atk": 0, "def": 31, "spa": 31, "spd": 31, "spe": 31}, "item": "Leftovers", "teraType": "Poison", "role": "Bulky Setup", "bvs": {"hp": 80, "atk": 74, "def": 74, "spa": 126, "spd": 116, "spe": 60}, "stats": {"hp": 268, "atk": 127, "def": 171, "spa": 257, "spd": 240, "spe": 147}}, "Bellossom": {"name": "Bellossom", "species": "Bellossom", "speciesId": "bellossom", "gender": "F", "shiny": false, "level": 84, "moves": ["terablast", "quiverdance", "strengthsap", "gigadrain"], "ability": "Chlorophyll", "evs": {"hp": 85, "atk": 0, "def": 85, "spa": 85, "spd": 85, "spe": 85}, "ivs": {"hp": 31, "atk": 0, "def": 31, "spa": 31, "spd": 31, "spe": 31}, "item": "Leftovers", "teraType": "Fire", "role": "Tera Blast user", "bvs": {"hp": 75, "atk": 80, "def": 95, "spa": 90, "spd": 100, "spe": 50}, "stats": {"hp": 263, "atk": 139, "def": 208, "spa": 199, "spd": 216, "spe": 132}}, "Sinistcha": {"name": "Sinistcha", "species": "Sinistcha-Masterpiece", "speciesId": "sinistcha", "gender": "N", "shiny": false, "level": 83, "moves": ["strengthsap", "calmmind", "matchagotcha", "shadowball"], "ability": "Heatproof", "evs": {"hp": 85, "atk": 0, "def": 85, "spa": 85, "spd": 85, "spe": 85}, "ivs": {"hp": 31, "atk": 0, "def": 31, "spa": 31, "spd": 31, "spe": 31}, "item": "Leftovers", "teraType": "Steel", "role": "Bulky Setup", "bvs": {"hp": 71, "atk": 60, "def": 106, "spa": 121, "spd": 80, "spe": 70}, "stats": {"hp": 254, "atk": 104, "def": 224, "spa": 249, "spd": 180, "spe": 164}}, "Arcanine": {"name": "Arcanine", "species": "Arcanine-Hisui", "speciesId": "arcaninehisui", "gender": "M", "shiny": false, "level": 79, "moves": ["morningsun", "headsmash", "extremespeed", "flareblitz"], "ability": "Rock Head", "evs": {"hp": 85, "atk": 85, "def": 85, "spa": 85, "spd": 85, "spe": 85}, "ivs": {"hp": 31, "atk": 31, "def": 31, "spa": 31, "spd": 31, "spe": 31}, "item": "Heavy-Duty Boots", "teraType": "Rock", "role": "Bulky Attacker", "bvs": {"hp": 95, "atk": 115, "def": 80, "spa": 95, "spd": 80, "spe": 90}, "stats": {"hp": 280, "atk": 227, "def": 172, "spa": 196, "spd": 172, "spe": 188}}, "Hatterene": {"name": "Hatterene", "species": "Hatterene", "speciesId": "hatterene", "gender": "F", "shiny": false, "level": 85, "moves": ["mysticalfire", "psyshock", "drainingkiss", "calmmind"], "ability": "Magic Bounce", "evs": {"hp": 85, "atk": 0, "def": 85, "spa": 85, "spd": 85, "spe": 85}, "ivs": {"hp": 31, "atk": 0, "def": 31, "spa": 31, "spd": 31, "spe": 31}, "item": "Leftovers", "teraType": "Fairy", "role": "Bulky Setup", "bvs": {"hp": 57, "atk": 90, "def": 95, "spa": 136, "spd": 103, "spe": 29}, "stats": {"hp": 236, "atk": 158, "def": 210, "spa": 280, "spd": 224, "spe": 98}}, "Dudunsparce": {"name": "Dudunsparce", "species": "Dudunsparce-Three-Segment", "speciesId": "dudunsparce", "gender": "F", "shiny": false, "level": 83, "moves": ["earthquake", "boomburst", "roost", "toxic"], "ability": "Rattled", "evs": {"hp": 85, "atk": 85, "def": 85, "spa": 85, "spd": 85, "spe": 85}, "ivs": {"hp": 31, "atk": 31, "def": 31, "spa": 31, "spd": 31, "spe": 31}, "item": "Leftovers", "teraType": "Ground", "role": "Bulky Attacker", "bvs": {"hp": 125, "atk": 100, "def": 80, "spa": 85, "spd": 75, "spe": 55}, "stats": {"hp": 343, "atk": 214, "def": 180, "spa": 189, "spd": 172, "spe": 139}}}]}