{"id": "gen9randombattle-2631740279", "format": "[Gen 9] Random Battle", "players": ["Mr.Valerio", "cat3039"], "log": "|j|\u2606Mr.Valerio\n|j|\u2606cat3039\n|t:|1781431850\n|gametype|singles\n|player|p1|Mr.Valerio|101|1622\n|player|p2|cat3039|265|1650\n|gen|9\n|tier|[Gen 9] Random Battle\n|rated|\n|rule|Species Clause: Limit one of each Pok\u00e9mon\n|rule|HP Percentage Mod: HP is shown in percentages\n|rule|Sleep Clause Mod: Limit one foe put to sleep\n|rule|Illusion Level Mod: Illusion disguises the Pok\u00e9mon's true level\n|\n|t:|1781431850\n|teamsize|p1|6\n|teamsize|p2|6\n|start\n|switch|p1a: Scovillain|Scovillain, L91, F|266/266\n|switch|p2a: Hydrapple|Hydrapple, L83, M|312/312\n|turn|1\n|inactive|Battle timer is ON: inactive players will automatically lose when time's up. (requested by Mr.Valerio)\n|\n|t:|1781431870\n|move|p1a: Scovillain|Overheat|p2a: Hydrapple\n|-damage|p2a: Hydrapple|120/312\n|-unboost|p1a: Scovillain|spa|2\n|move|p2a: Hydrapple|Dragon Tail|p1a: Scovillain\n|-damage|p1a: Scovillain|199/266\n|drag|p1a: Iron Valiant|Iron Valiant, L78|244/244\n|\n|upkeep\n|turn|2\n|\n|t:|1781431886\n|switch|p2a: Espeon|Espeon, L84, M|246/246\n|move|p1a: Iron Valiant|Moonblast|p2a: Espeon\n|-damage|p2a: Espeon|108/246\n|-damage|p1a: Iron Valiant|220/244|[from] item: Life Orb\n|\n|upkeep\n|turn|3\n|\n|t:|1781431896\n|-end|p1a: Iron Valiant|Quark Drive|[silent]\n|switch|p1a: Oranguru|Oranguru, L92, F|315/315\n|move|p2a: Espeon|Psychic|p1a: Oranguru\n|-resisted|p1a: Oranguru\n|-damage|p1a: Oranguru|254/315\n|-damage|p2a: Espeon|84/246|[from] item: Life Orb\n|\n|-heal|p1a: Oranguru|273/315|[from] item: Leftovers\n|upkeep\n|turn|4\n|\n|t:|1781431909\n|move|p2a: Espeon|Morning Sun|p2a: Espeon\n|-heal|p2a: Espeon|207/246\n|move|p1a: Oranguru|Thunderbolt|p2a: Espeon\n|-damage|p2a: Espeon|144/246\n|\n|-heal|p1a: Oranguru|292/315|[from] item: Leftovers\n|upkeep\n|turn|5\n|\n|t:|1781431914\n|move|p2a: Espeon|Morning Sun|p2a: Espeon\n|-heal|p2a: Espeon|246/246\n|move|p1a: Oranguru|Nasty Plot|p1a: Oranguru\n|-boost|p1a: Oranguru|spa|2\n|\n|-heal|p1a: Oranguru|311/315|[from] item: Leftovers\n|upkeep\n|turn|6\n|\n|t:|1781431924\n|move|p2a: Espeon|Calm Mind|p2a: Espeon\n|-boost|p2a: Espeon|spa|1\n|-boost|p2a: Espeon|spd|1\n|move|p1a: Oranguru|Thunderbolt|p2a: Espeon\n|-damage|p2a: Espeon|158/246\n|\n|-heal|p1a: Oranguru|315/315|[from] item: Leftovers\n|upkeep\n|turn|7\n|\n|t:|1781431931\n|move|p2a: Espeon|Calm Mind|p2a: Espeon\n|-boost|p2a: Espeon|spa|1\n|-boost|p2a: Espeon|spd|1\n|move|p1a: Oranguru|Nasty Plot|p1a: Oranguru\n|-boost|p1a: Oranguru|spa|2\n|\n|upkeep\n|turn|8\n|\n|t:|1781431936\n|move|p2a: Espeon|Calm Mind|p2a: Espeon\n|-boost|p2a: Espeon|spa|1\n|-boost|p2a: Espeon|spd|1\n|move|p1a: Oranguru|Nasty Plot|p1a: Oranguru\n|-boost|p1a: Oranguru|spa|2\n|\n|upkeep\n|turn|9\n|\n|t:|1781431942\n|move|p2a: Espeon|Calm Mind|p2a: Espeon\n|-boost|p2a: Espeon|spa|1\n|-boost|p2a: Espeon|spd|1\n|move|p1a: Oranguru|Psyshock|p2a: Espeon\n|-resisted|p2a: Espeon\n|-damage|p2a: Espeon|0 fnt\n|faint|p2a: Espeon\n|\n|upkeep\n|\n|t:|1781431951\n|switch|p2a: Meowstic|Meowstic, L89, M|277/277\n|turn|10\n|\n|t:|1781431957\n|move|p2a: Meowstic|Yawn|p1a: Oranguru\n|-start|p1a: Oranguru|move: Yawn|[of] p2a: Meowstic\n|move|p1a: Oranguru|Psyshock|p2a: Meowstic\n|-resisted|p2a: Meowstic\n|-damage|p2a: Meowstic|86/277\n|\n|-heal|p2a: Meowstic|103/277|[from] item: Leftovers\n|upkeep\n|turn|11\n|\n|t:|1781431965\n|move|p2a: Meowstic|Psychic Noise|p1a: Oranguru\n|-resisted|p1a: Oranguru\n|-damage|p1a: Oranguru|282/315\n|-start|p1a: Oranguru|move: Heal Block\n|move|p1a: Oranguru|Psyshock|p2a: Meowstic\n|-resisted|p2a: Meowstic\n|-damage|p2a: Meowstic|0 fnt\n|faint|p2a: Meowstic\n|\n|-end|p1a: Oranguru|move: Yawn|[silent]\n|-status|p1a: Oranguru|slp\n|upkeep\n|\n|t:|1781431975\n|switch|p2a: Rampardos|Rampardos, L90, M|321/321\n|turn|12\n|\n|t:|1781431990\n|cant|p1a: Oranguru|slp\n|move|p2a: Rampardos|Rock Slide|p1a: Oranguru\n|-damage|p1a: Oranguru|39/315 slp\n|\n|-end|p1a: Oranguru|move: Heal Block\n|upkeep\n|turn|13\n|\n|t:|1781432005\n|cant|p1a: Oranguru|slp\n|move|p2a: Rampardos|Fire Punch|p1a: Oranguru\n|-damage|p1a: Oranguru|0 fnt\n|faint|p1a: Oranguru\n|\n|upkeep\n|\n|t:|1781432007\n|switch|p1a: Iron Valiant|Iron Valiant, L78|220/244\n|turn|14\n|\n|t:|1781432020\n|switch|p2a: Dachsbun|Dachsbun, L92, F|254/254\n|move|p1a: Iron Valiant|Close Combat|p2a: Dachsbun\n|-resisted|p2a: Dachsbun\n|-damage|p2a: Dachsbun|183/254\n|-unboost|p1a: Iron Valiant|def|1\n|-unboost|p1a: Iron Valiant|spd|1\n|-damage|p1a: Iron Valiant|196/244|[from] item: Life Orb\n|\n|-heal|p2a: Dachsbun|198/254|[from] item: Leftovers\n|upkeep\n|turn|15\n|\n|t:|1781432031\n|-end|p1a: Iron Valiant|Quark Drive|[silent]\n|switch|p1a: Scovillain|Scovillain, L91, F|199/266\n|move|p2a: Dachsbun|Play Rough|p1a: Scovillain\n|-resisted|p1a: Scovillain\n|-damage|p1a: Scovillain|145/266\n|\n|-heal|p2a: Dachsbun|213/254|[from] item: Leftovers\n|upkeep\n|turn|16\n|\n|t:|1781432040\n|switch|p2a: Cramorant|Cramorant, L86, F|261/261\n|move|p1a: Scovillain|Leaf Storm|p2a: Cramorant\n|-damage|p2a: Cramorant|27/261\n|-unboost|p1a: Scovillain|spa|2\n|\n|upkeep\n|turn|17\n|\n|t:|1781432053\n|move|p2a: Cramorant|Roost|p2a: Cramorant\n|-heal|p2a: Cramorant|158/261\n|-singleturn|p2a: Cramorant|move: Roost\n|move|p1a: Scovillain|Leaf Storm|p2a: Cramorant\n|-supereffective|p2a: Cramorant\n|-damage|p2a: Cramorant|0 fnt\n|-unboost|p1a: Scovillain|spa|2\n|faint|p2a: Cramorant\n|\n|upkeep\n|\n|t:|1781432073\n|switch|p2a: Rampardos|Rampardos, L90, M|321/321\n|turn|18\n|\n|t:|1781432082\n|move|p1a: Scovillain|Leaf Storm|p2a: Rampardos|[miss]\n|-miss|p1a: Scovillain|p2a: Rampardos\n|move|p2a: Rampardos|Rock Slide|p1a: Scovillain\n|-supereffective|p1a: Scovillain\n|-damage|p1a: Scovillain|0 fnt\n|faint|p1a: Scovillain\n|\n|upkeep\n|\n|t:|1781432097\n|switch|p1a: Chesnaught|Chesnaught, L84, M|285/285\n|turn|19\n|\n|t:|1781432111\n|-terastallize|p2a: Rampardos|Fire\n|move|p2a: Rampardos|Fire Punch|p1a: Chesnaught\n|-supereffective|p1a: Chesnaught\n|-damage|p1a: Chesnaught|0 fnt\n|-damage|p2a: Rampardos|268/321|[from] item: Rocky Helmet|[of] p1a: Chesnaught\n|faint|p1a: Chesnaught\n|\n|upkeep\n|\n|t:|1781432115\n|switch|p1a: Arcanine|Arcanine-Hisui, L79, M|279/279\n|turn|20\n|\n|t:|1781432123\n|switch|p2a: Hydrapple|Hydrapple, L83, M|224/312\n|move|p1a: Arcanine|Head Smash|p2a: Hydrapple\n|-damage|p2a: Hydrapple|88/312\n|\n|upkeep\n|turn|21\n|\n|t:|1781432134\n|move|p1a: Arcanine|Head Smash|p2a: Hydrapple\n|-damage|p2a: Hydrapple|0 fnt\n|faint|p2a: Hydrapple\n|\n|upkeep\n|\n|t:|1781432138\n|switch|p2a: Dachsbun|Dachsbun, L92, F|213/254\n|turn|22\n|\n|t:|1781432145\n|move|p1a: Arcanine|Head Smash|p2a: Dachsbun\n|-damage|p2a: Dachsbun|98/254\n|move|p2a: Dachsbun|Body Press|p1a: Arcanine\n|-supereffective|p1a: Arcanine\n|-damage|p1a: Arcanine|113/279\n|\n|-heal|p2a: Dachsbun|113/254|[from] item: Leftovers\n|upkeep\n|turn|23\n|\n|t:|1781432152\n|move|p2a: Dachsbun|Protect|p2a: Dachsbun\n|-singleturn|p2a: Dachsbun|Protect\n|move|p1a: Arcanine|Head Smash|p2a: Dachsbun\n|-activate|p2a: Dachsbun|move: Protect\n|\n|-heal|p2a: Dachsbun|128/254|[from] item: Leftovers\n|upkeep\n|turn|24\n|\n|t:|1781432161\n|move|p1a: Arcanine|Head Smash|p2a: Dachsbun\n|-damage|p2a: Dachsbun|8/254\n|move|p2a: Dachsbun|Wish|p2a: Dachsbun\n|\n|-heal|p2a: Dachsbun|23/254|[from] item: Leftovers\n|upkeep\n|turn|25\n|\n|t:|1781432167\n|switch|p1a: Zangoose|Zangoose, L85, M|263/263\n|move|p2a: Dachsbun|Body Press|p1a: Zangoose\n|-supereffective|p1a: Zangoose\n|-damage|p1a: Zangoose|51/263\n|\n|-heal|p2a: Dachsbun|150/254|[from] move: Wish|[wisher] Dachsbun\n|-heal|p2a: Dachsbun|165/254|[from] item: Leftovers\n|-status|p1a: Zangoose|tox|[from] item: Toxic Orb\n|upkeep\n|turn|26\n|\n|t:|1781432178\n|move|p2a: Dachsbun|Protect|p2a: Dachsbun\n|-singleturn|p2a: Dachsbun|Protect\n|move|p1a: Zangoose|Quick Attack|p2a: Dachsbun\n|-activate|p2a: Dachsbun|move: Protect\n|\n|-heal|p2a: Dachsbun|180/254|[from] item: Leftovers\n|-damage|p1a: Zangoose|35/263 tox|[from] psn\n|upkeep\n|turn|27\n|\n|t:|1781432191\n|move|p1a: Zangoose|Quick Attack|p2a: Dachsbun\n|-damage|p2a: Dachsbun|120/254\n|move|p2a: Dachsbun|Wish|p2a: Dachsbun\n|\n|-heal|p2a: Dachsbun|135/254|[from] item: Leftovers\n|-damage|p1a: Zangoose|3/263 tox|[from] psn\n|upkeep\n|turn|28\n|\n|t:|1781432198\n|switch|p1a: Arcanine|Arcanine-Hisui, L79, M|113/279\n|move|p2a: Dachsbun|Protect||[still]\n|-fail|p2a: Dachsbun\n|\n|-heal|p2a: Dachsbun|254/254|[from] move: Wish|[wisher] Dachsbun\n|upkeep\n|turn|29\n|\n|t:|1781432204\n|move|p1a: Arcanine|Head Smash|p2a: Dachsbun\n|-damage|p2a: Dachsbun|145/254\n|move|p2a: Dachsbun|Body Press|p1a: Arcanine\n|-supereffective|p1a: Arcanine\n|-damage|p1a: Arcanine|0 fnt\n|faint|p1a: Arcanine\n|\n|-heal|p2a: Dachsbun|160/254|[from] item: Leftovers\n|upkeep\n|\n|t:|1781432207\n|switch|p1a: Iron Valiant|Iron Valiant, L78|196/244\n|turn|30\n|\n|t:|1781432221\n|move|p2a: Dachsbun|Play Rough|p1a: Iron Valiant\n|-supereffective|p1a: Iron Valiant\n|-damage|p1a: Iron Valiant|8/244\n|move|p1a: Iron Valiant|Encore|p2a: Dachsbun\n|-start|p2a: Dachsbun|Encore\n|\n|-heal|p2a: Dachsbun|175/254|[from] item: Leftovers\n|upkeep\n|turn|31\n|-message|Mr.Valerio forfeited.\n|\n|win|cat3039\n|raw|Mr.Valerio's rating: 1622 &rarr; <strong>1604</strong><br />(-18 for losing)\n|raw|cat3039's rating: 1650 &rarr; <strong>1668</strong><br />(+18 for winning)\n|l|\u2606Mr.Valerio\n|player|p1|\n", "inputlog": ">version a8376a258c1d4662feba110a92103f3664a72141\n>start {\"formatid\":\"gen9randombattle\",\"seed\":\"sodium,f175cb1615cbbd1aa9004eaab9de8d19\",\"rated\":\"Rated battle\"}\n>player p1 {\"name\":\"Mr.Valerio\",\"avatar\":\"101\",\"rating\":1622,\"seed\":\"sodium,0ded8ab1db2441e5e6db1a0b1e7fec25\"}\n>player p2 {\"name\":\"cat3039\",\"avatar\":\"265\",\"rating\":1650,\"seed\":\"sodium,f1bfb8b92523b0fe2cbfc9727d1314f4\"}\n>p1 move overheat\n>p2 move dragontail\n>p1 move moonblast\n>p2 switch 3\n>p1 switch 6\n>p2 move psychic\n>p1 move thunderbolt\n>p2 move morningsun\n>p1 move nastyplot\n>p2 move morningsun\n>p1 move thunderbolt\n>p2 move calmmind\n>p1 move nastyplot\n>p2 move calmmind\n>p1 move nastyplot\n>p2 move calmmind\n>p1 move psyshock\n>p2 move calmmind\n>p2 switch 5\n>p1 move psyshock\n>p2 move yawn\n>p1 move psyshock\n>p2 move psychicnoise\n>p2 switch 2\n>p1 move psyshock\n>p2 move rockslide\n>p1 move psyshock\n>p2 move firepunch\n>p1 switch 6\n>p1 move closecombat\n>p2 switch 6\n>p1 switch 3\n>p2 move playrough\n>p1 move leafstorm\n>p2 switch 4\n>p1 move leafstorm\n>p2 move roost\n>p2 switch 6\n>p1 move leafstorm\n>p2 move rockslide\n>p1 switch 2\n>p1 move woodhammer\n>p2 move firepunch terastallize\n>p1 switch 5\n>p1 move headsmash\n>p2 switch 3\n>p1 move headsmash\n>p2 move earthpower\n>p2 switch 4\n>p1 move headsmash\n>p2 move bodypress\n>p1 move headsmash\n>p2 move protect\n>p1 move headsmash\n>p2 move wish\n>p1 switch 4\n>p2 move bodypress\n>p1 move quickattack\n>p2 move protect\n>p1 move quickattack\n>p2 move wish\n>p1 switch 4\n>p2 move protect\n>p1 move headsmash\n>p2 move bodypress\n>p1 switch 3\n>p1 move encore\n>p2 move playrough\n>forcelose p1", "uploadtime": 1781432229, "views": 4, "formatid": "gen9randombattle", "rating": 1604, "private": 0, "password": null, "player_dets": [{"name": "Mr.Valerio", "avatar": "101", "rating": 1622, "seed": "sodium,0ded8ab1db2441e5e6db1a0b1e7fec25"}, {"name": "cat3039", "avatar": "265", "rating": 1650, "seed": "sodium,f1bfb8b92523b0fe2cbfc9727d1314f4"}], "teams_full": [{"Scovillain": {"name": "Scovillain", "species": "Scovillain", "speciesId": "scovillain", "gender": "F", "shiny": false, "level": 91, "moves": ["flamethrower", "leafstorm", "overheat", "energyball"], "ability": "Chlorophyll", "evs": {"hp": 85, "atk": 0, "def": 85, "spa": 85, "spd": 85, "spe": 85}, "ivs": {"hp": 31, "atk": 0, "def": 31, "spa": 31, "spd": 31, "spe": 31}, "item": "Choice Specs", "teraType": "Grass", "role": "Fast Attacker", "bvs": {"hp": 65, "atk": 108, "def": 65, "spa": 108, "spd": 65, "spe": 75}, "stats": {"hp": 266, "atk": 201, "def": 170, "spa": 248, "spd": 170, "spe": 188}}, "Chesnaught": {"name": "Chesnaught", "species": "Chesnaught", "speciesId": "chesnaught", "gender": "M", "shiny": false, "level": 84, "moves": ["bodypress", "spikes", "woodhammer", "synthesis"], "ability": "Bulletproof", "evs": {"hp": 85, "atk": 85, "def": 85, "spa": 85, "spd": 85, "spe": 85}, "ivs": {"hp": 31, "atk": 31, "def": 31, "spa": 31, "spd": 31, "spe": 31}, "item": "Rocky Helmet", "teraType": "Water", "role": "Bulky Support", "bvs": {"hp": 88, "atk": 107, "def": 122, "spa": 74, "spd": 75, "spe": 64}, "stats": {"hp": 285, "atk": 228, "def": 253, "spa": 173, "spd": 174, "spe": 156}}, "Iron Valiant": {"name": "Iron Valiant", "species": "Iron Valiant", "speciesId": "ironvaliant", "gender": "N", "shiny": false, "level": 78, "moves": ["moonblast", "encore", "closecombat", "knockoff"], "ability": "Quark Drive", "evs": {"hp": 85, "atk": 85, "def": 85, "spa": 85, "spd": 85, "spe": 85}, "ivs": {"hp": 31, "atk": 31, "def": 31, "spa": 31, "spd": 31, "spe": 31}, "item": "Life Orb", "teraType": "Dark", "role": "Wallbreaker", "bvs": {"hp": 74, "atk": 130, "def": 90, "spa": 120, "spd": 60, "spe": 116}, "stats": {"hp": 244, "atk": 248, "def": 185, "spa": 232, "spd": 139, "spe": 226}}, "Zangoose": {"name": "Zangoose", "species": "Zangoose", "speciesId": "zangoose", "gender": "M", "shiny": false, "level": 85, "moves": ["knockoff", "closecombat", "facade", "quickattack"], "ability": "Toxic Boost", "evs": {"hp": 85, "atk": 85, "def": 85, "spa": 85, "spd": 85, "spe": 85}, "ivs": {"hp": 31, "atk": 31, "def": 31, "spa": 31, "spd": 31, "spe": 31}, "item": "Toxic Orb", "teraType": "Normal", "role": "Fast Attacker", "bvs": {"hp": 73, "atk": 115, "def": 60, "spa": 60, "spd": 60, "spe": 90}, "stats": {"hp": 263, "atk": 244, "def": 151, "spa": 151, "spd": 151, "spe": 202}}, "Arcanine": {"name": "Arcanine", "species": "Arcanine-Hisui", "speciesId": "arcaninehisui", "gender": "M", "shiny": false, "level": 79, "moves": ["wildcharge", "flareblitz", "closecombat", "headsmash"], "ability": "Rock Head", "evs": {"hp": 81, "atk": 85, "def": 85, "spa": 85, "spd": 85, "spe": 85}, "ivs": {"hp": 31, "atk": 31, "def": 31, "spa": 31, "spd": 31, "spe": 31}, "item": "Choice Scarf", "teraType": "Fire", "role": "Fast Attacker", "bvs": {"hp": 95, "atk": 115, "def": 80, "spa": 95, "spd": 80, "spe": 90}, "stats": {"hp": 279, "atk": 227, "def": 172, "spa": 196, "spd": 172, "spe": 188}}, "Oranguru": {"name": "Oranguru", "species": "Oranguru", "speciesId": "oranguru", "gender": "F", "shiny": false, "level": 92, "moves": ["focusblast", "nastyplot", "thunderbolt", "psyshock"], "ability": "Inner Focus", "evs": {"hp": 85, "atk": 0, "def": 85, "spa": 85, "spd": 85, "spe": 85}, "ivs": {"hp": 31, "atk": 0, "def": 31, "spa": 31, "spd": 31, "spe": 31}, "item": "Leftovers", "teraType": "Psychic", "role": "Bulky Attacker", "bvs": {"hp": 90, "atk": 60, "def": 80, "spa": 90, "spd": 110, "spe": 60}, "stats": {"hp": 315, "atk": 115, "def": 200, "spa": 218, "spd": 255, "spe": 163}}}, {"Hydrapple": {"name": "Hydrapple", "species": "Hydrapple", "speciesId": "hydrapple", "gender": "M", "shiny": false, "level": 83, "moves": ["earthpower", "gigadrain", "dragontail", "ficklebeam"], "ability": "Regenerator", "evs": {"hp": 85, "atk": 85, "def": 85, "spa": 85, "spd": 85, "spe": 85}, "ivs": {"hp": 31, "atk": 31, "def": 31, "spa": 31, "spd": 31, "spe": 31}, "item": "Assault Vest", "teraType": "Steel", "role": "AV Pivot", "bvs": {"hp": 106, "atk": 80, "def": 110, "spa": 120, "spd": 80, "spe": 44}, "stats": {"hp": 312, "atk": 180, "def": 230, "spa": 247, "spd": 180, "spe": 121}}, "Rampardos": {"name": "Rampardos", "species": "Rampardos", "speciesId": "rampardos", "gender": "M", "shiny": false, "level": 90, "moves": ["rockslide", "earthquake", "zenheadbutt", "firepunch"], "ability": "Sheer Force", "evs": {"hp": 85, "atk": 85, "def": 85, "spa": 85, "spd": 85, "spe": 85}, "ivs": {"hp": 31, "atk": 31, "def": 31, "spa": 31, "spd": 31, "spe": 31}, "item": "Life Orb", "teraType": "Fire", "role": "Wallbreaker", "bvs": {"hp": 97, "atk": 165, "def": 60, "spa": 65, "spd": 50, "spe": 58}, "stats": {"hp": 321, "atk": 348, "def": 159, "spa": 168, "spd": 141, "spe": 156}}, "Espeon": {"name": "Espeon", "species": "Espeon", "speciesId": "espeon", "gender": "M", "shiny": false, "level": 84, "moves": ["morningsun", "psychic", "calmmind", "alluringvoice"], "ability": "Magic Bounce", "evs": {"hp": 85, "atk": 0, "def": 85, "spa": 85, "spd": 85, "spe": 85}, "ivs": {"hp": 31, "atk": 0, "def": 31, "spa": 31, "spd": 31, "spe": 31}, "item": "Life Orb", "teraType": "Fairy", "role": "Fast Attacker", "bvs": {"hp": 65, "atk": 65, "def": 60, "spa": 130, "spd": 95, "spe": 110}, "stats": {"hp": 246, "atk": 114, "def": 149, "spa": 267, "spd": 208, "spe": 233}}, "Cramorant": {"name": "Cramorant", "species": "Cramorant", "speciesId": "cramorant", "gender": "F", "shiny": false, "level": 86, "moves": ["roost", "defog", "bravebird", "surf"], "ability": "Gulp Missile", "evs": {"hp": 85, "atk": 85, "def": 85, "spa": 85, "spd": 85, "spe": 85}, "ivs": {"hp": 31, "atk": 31, "def": 31, "spa": 31, "spd": 31, "spe": 31}, "item": "Heavy-Duty Boots", "teraType": "Ground", "role": "Bulky Support", "bvs": {"hp": 70, "atk": 85, "def": 55, "spa": 85, "spd": 95, "spe": 85}, "stats": {"hp": 261, "atk": 195, "def": 144, "spa": 195, "spd": 213, "spe": 195}}, "Meowstic": {"name": "Meowstic", "species": "Meowstic", "speciesId": "meowstic", "gender": "M", "shiny": false, "level": 89, "moves": ["thunderwave", "alluringvoice", "psychicnoise", "yawn"], "ability": "Prankster", "evs": {"hp": 85, "atk": 0, "def": 85, "spa": 85, "spd": 85, "spe": 85}, "ivs": {"hp": 31, "atk": 0, "def": 31, "spa": 31, "spd": 31, "spe": 31}, "item": "Leftovers", "teraType": "Fairy", "role": "Bulky Support", "bvs": {"hp": 74, "atk": 48, "def": 76, "spa": 83, "spd": 81, "spe": 104}, "stats": {"hp": 277, "atk": 90, "def": 186, "spa": 199, "spd": 195, "spe": 236}}, "Dachsbun": {"name": "Dachsbun", "species": "Dachsbun", "speciesId": "dachsbun", "gender": "F", "shiny": false, "level": 92, "moves": ["protect", "wish", "playrough", "bodypress"], "ability": "Well-Baked Body", "evs": {"hp": 85, "atk": 85, "def": 85, "spa": 85, "spd": 85, "spe": 85}, "ivs": {"hp": 31, "atk": 31, "def": 31, "spa": 31, "spd": 31, "spe": 31}, "item": "Leftovers", "teraType": "Steel", "role": "Bulky Support", "bvs": {"hp": 57, "atk": 80, "def": 115, "spa": 50, "spd": 80, "spe": 95}, "stats": {"hp": 254, "atk": 200, "def": 264, "spa": 144, "spd": 200, "spe": 227}}}]}