{"id": "gen9randombattle-2632003754", "format": "[Gen 9] Random Battle", "players": ["Dghfff", "aceguy123"], "log": "|j|\u2606Dghfff\n|j|\u2606aceguy123\n|t:|1781464899\n|gametype|singles\n|player|p1|Dghfff|1|2101\n|player|p2|aceguy123|firebreather|2257\n|gen|9\n|tier|[Gen 9] Random Battle\n|rated|\n|rule|Species Clause: Limit one of each Pok\u00e9mon\n|rule|HP Percentage Mod: HP is shown in percentages\n|rule|Sleep Clause Mod: Limit one foe put to sleep\n|rule|Illusion Level Mod: Illusion disguises the Pok\u00e9mon's true level\n|\n|t:|1781464899\n|teamsize|p1|6\n|teamsize|p2|6\n|start\n|switch|p1a: Bellibolt|Bellibolt, L84, F|320/320\n|switch|p2a: Arceus|Arceus-Fighting, L70|284/284\n|turn|1\n|inactive|Battle timer is ON: inactive players will automatically lose when time's up. (requested by Dghfff)\n|\n|t:|1781464933\n|switch|p2a: Goodra|Goodra-Hisui, L82, F|265/265\n|switch|p1a: Froslass|Froslass, L87, F|263/263\n|\n|upkeep\n|turn|2\n|\n|t:|1781464938\n|move|p1a: Froslass|Will-O-Wisp|p2a: Goodra\n|-status|p2a: Goodra|brn\n|move|p2a: Goodra|Heavy Slam|p1a: Froslass\n|-supereffective|p1a: Froslass\n|-damage|p1a: Froslass|128/263\n|-start|p2a: Goodra|Disable|Heavy Slam|[from] ability: Cursed Body|[of] p1a: Froslass\n|\n|-damage|p2a: Goodra|249/265 brn|[from] brn\n|upkeep\n|turn|3\n|\n|t:|1781464947\n|move|p1a: Froslass|Triple Axel|p2a: Goodra\n|-damage|p2a: Goodra|233/265 brn\n|-damage|p2a: Goodra|197/265 brn\n|-damage|p2a: Goodra|140/265 brn\n|-hitcount|p2a: Goodra|3\n|move|p2a: Goodra|Fire Blast|p1a: Froslass|[miss]\n|-miss|p2a: Goodra|p1a: Froslass\n|\n|-damage|p2a: Goodra|124/265 brn|[from] brn\n|upkeep\n|turn|4\n|\n|t:|1781464956\n|move|p1a: Froslass|Triple Axel|p2a: Goodra\n|-damage|p2a: Goodra|106/265 brn\n|-damage|p2a: Goodra|69/265 brn\n|-crit|p2a: Goodra\n|-damage|p2a: Goodra|0 fnt\n|faint|p2a: Goodra\n|-hitcount|p2: Goodra|3\n|\n|upkeep\n|c|\u2606aceguy123|nope\n|\n|t:|1781464976\n|switch|p2a: Palkia|Palkia-Origin, L72|249/249\n|-ability|p2a: Palkia|Pressure\n|turn|5\n|\n|t:|1781464987\n|move|p1a: Froslass|Destiny Bond|p1a: Froslass\n|-singlemove|p1a: Froslass|Destiny Bond\n|move|p2a: Palkia|Spacial Rend|p1a: Froslass|[miss]\n|-miss|p2a: Palkia|p1a: Froslass\n|\n|upkeep\n|turn|6\n|\n|t:|1781464995\n|move|p1a: Froslass|Triple Axel|p2a: Palkia\n|-damage|p2a: Palkia|230/249\n|-damage|p2a: Palkia|187/249\n|-damage|p2a: Palkia|120/249\n|-hitcount|p2a: Palkia|3\n|move|p2a: Palkia|Thunder Wave|p1a: Froslass\n|-status|p1a: Froslass|par\n|\n|upkeep\n|turn|7\n|\n|t:|1781465005\n|switch|p1a: Blissey|Blissey, L85, F|572/572\n|move|p2a: Palkia|Spacial Rend|p1a: Blissey\n|-damage|p1a: Blissey|478/572\n|\n|-heal|p1a: Blissey|513/572|[from] item: Leftovers\n|upkeep\n|turn|8\n|\n|t:|1781465028\n|switch|p2a: Toucannon|Toucannon, L88, F|284/284\n|move|p1a: Blissey|Heal Bell|p1a: Blissey\n|-activate|p1a: Blissey|move: Heal Bell\n|-curestatus|p1: Froslass|par|[msg]\n|\n|-heal|p1a: Blissey|548/572|[from] item: Leftovers\n|upkeep\n|turn|9\n|\n|t:|1781465043\n|switch|p1a: Garchomp|Garchomp, L74, M|282/282\n|move|p2a: Toucannon|U-turn|p1a: Garchomp\n|-damage|p1a: Garchomp|213/282\n|-damage|p2a: Toucannon|249/284|[from] ability: Rough Skin|[of] p1a: Garchomp\n|inactive|aceguy123 has 120 seconds left.\n|\n|t:|1781465084\n|switch|p2a: Umbreon|Umbreon, L84, F|297/297|[from] U-turn\n|\n|upkeep\n|turn|10\n|\n|t:|1781465110\n|switch|p1a: Blissey|Blissey, L85, F|548/572\n|move|p2a: Umbreon|Toxic|p1a: Blissey\n|-status|p1a: Blissey|tox\n|\n|-heal|p1a: Blissey|572/572 tox|[from] item: Leftovers\n|-damage|p1a: Blissey|537/572 tox|[from] psn\n|upkeep\n|turn|11\n|\n|t:|1781465118\n|move|p2a: Umbreon|Protect|p2a: Umbreon\n|-singleturn|p2a: Umbreon|Protect\n|move|p1a: Blissey|Thunder Wave|p2a: Umbreon\n|-activate|p2a: Umbreon|move: Protect\n|\n|-heal|p1a: Blissey|572/572 tox|[from] item: Leftovers\n|-damage|p1a: Blissey|502/572 tox|[from] psn\n|upkeep\n|turn|12\n|\n|t:|1781465121\n|switch|p2a: Toucannon|Toucannon, L88, F|249/284\n|move|p1a: Blissey|Thunder Wave|p2a: Toucannon\n|-status|p2a: Toucannon|par\n|\n|-heal|p1a: Blissey|537/572 tox|[from] item: Leftovers\n|-damage|p1a: Blissey|432/572 tox|[from] psn\n|upkeep\n|turn|13\n|\n|t:|1781465127\n|-curestatus|p1a: Blissey|tox|[from] ability: Natural Cure|[silent]\n|switch|p1a: Garchomp|Garchomp, L74, M|213/282\n|move|p2a: Toucannon|U-turn|p1a: Garchomp\n|-damage|p1a: Garchomp|141/282\n|-damage|p2a: Toucannon|214/284 par|[from] ability: Rough Skin|[of] p1a: Garchomp\n|inactive|aceguy123 has 120 seconds left.\n|\n|t:|1781465150\n|switch|p2a: Umbreon|Umbreon, L84, F|297/297|[from] U-turn\n|\n|upkeep\n|turn|14\n|\n|t:|1781465154\n|switch|p1a: Blissey|Blissey, L85, F|432/572\n|move|p2a: Umbreon|Toxic|p1a: Blissey\n|-status|p1a: Blissey|tox\n|\n|-heal|p1a: Blissey|467/572 tox|[from] item: Leftovers\n|-damage|p1a: Blissey|432/572 tox|[from] psn\n|upkeep\n|turn|15\n|\n|t:|1781465172\n|move|p2a: Umbreon|Wish|p2a: Umbreon\n|move|p1a: Blissey|Heal Bell|p1a: Blissey\n|-activate|p1a: Blissey|move: Heal Bell\n|-curestatus|p1a: Blissey|tox|[msg]\n|\n|-heal|p1a: Blissey|467/572|[from] item: Leftovers\n|upkeep\n|turn|16\n|\n|t:|1781465180\n|move|p2a: Umbreon|Toxic|p1a: Blissey\n|-status|p1a: Blissey|tox\n|move|p1a: Blissey|Thunder Wave|p2a: Umbreon|[miss]\n|-miss|p1a: Blissey|p2a: Umbreon\n|\n|-heal|p1a: Blissey|502/572 tox|[from] item: Leftovers\n|-damage|p1a: Blissey|467/572 tox|[from] psn\n|upkeep\n|turn|17\n|\n|t:|1781465186\n|move|p2a: Umbreon|Wish|p2a: Umbreon\n|move|p1a: Blissey|Heal Bell|p1a: Blissey\n|-activate|p1a: Blissey|move: Heal Bell\n|-curestatus|p1a: Blissey|tox|[msg]\n|\n|-heal|p1a: Blissey|502/572|[from] item: Leftovers\n|upkeep\n|turn|18\n|\n|t:|1781465192\n|switch|p2a: Toucannon|Toucannon, L88, F|214/284 par\n|move|p1a: Blissey|Thunder Wave|p2a: Toucannon\n|-fail|p2a: Toucannon|par\n|\n|-heal|p2a: Toucannon|284/284 par|[from] move: Wish|[wisher] Umbreon\n|-heal|p1a: Blissey|537/572|[from] item: Leftovers\n|upkeep\n|turn|19\n|\n|t:|1781465196\n|switch|p1a: Bellibolt|Bellibolt, L84, F|320/320\n|move|p2a: Toucannon|U-turn|p1a: Bellibolt\n|-damage|p1a: Bellibolt|262/320\n|-start|p1a: Bellibolt|Charge|U-turn|[from] ability: Electromorphosis\n|\n|t:|1781465206\n|switch|p2a: Palkia|Palkia-Origin, L72|120/249|[from] U-turn\n|-ability|p2a: Palkia|Pressure\n|\n|-heal|p1a: Bellibolt|282/320|[from] item: Leftovers\n|upkeep\n|turn|20\n|-message|aceguy123 forfeited.\n|\n|win|Dghfff\n", "inputlog": ">version a8376a258c1d4662feba110a92103f3664a72141\n>start {\"formatid\":\"gen9randombattle\",\"seed\":\"sodium,f25789fe9c6e4fb802891e17731d956c\",\"rated\":\"Rated battle\"}\n>player p1 {\"name\":\"Dghfff\",\"avatar\":\"1\",\"rating\":2101,\"seed\":\"sodium,4b96505ab65993c7b4900d6435cced7d\"}\n>player p2 {\"name\":\"aceguy123\",\"avatar\":\"firebreather\",\"rating\":2257,\"seed\":\"sodium,48551dd37a2a9088d803189c10e0785e\"}\n>p1 switch 4\n>p2 switch 6\n>p1 move willowisp\n>p2 move heavyslam\n>p1 move tripleaxel\n>p2 move fireblast\n>p1 move tripleaxel\n>p2 move fireblast\n>chat \u2606aceguy123|nope\n>p2 switch 2\n>p1 move destinybond\n>p2 move spacialrend\n>p1 move tripleaxel\n>p2 move thunderwave\n>p1 switch 3\n>p2 move spacialrend\n>p1 move healbell\n>p2 switch 3\n>p1 switch 2\n>p2 move uturn\n>p2 switch 5\n>p1 switch 2\n>p2 move toxic\n>p1 move thunderwave\n>p2 move protect\n>p1 move thunderwave\n>p2 switch 5\n>p1 switch 2\n>p2 move uturn\n>p2 switch 5\n>p1 switch 2\n>p2 move toxic\n>p1 move healbell\n>p2 move wish\n>p1 move thunderwave\n>p2 move toxic\n>p1 move healbell\n>p2 move wish\n>p1 move thunderwave\n>p2 switch 5\n>p1 switch 4\n>p2 move uturn\n>p2 switch 3\n>forcelose p2", "uploadtime": 1781464901, "views": 5, "formatid": "gen9randombattle", "rating": null, "private": 0, "password": null, "player_dets": [{"name": "Dghfff", "avatar": "1", "rating": 2101, "seed": "sodium,4b96505ab65993c7b4900d6435cced7d"}, {"name": "aceguy123", "avatar": "firebreather", "rating": 2257, "seed": "sodium,48551dd37a2a9088d803189c10e0785e"}], "teams_full": [{"Bellibolt": {"name": "Bellibolt", "species": "Bellibolt", "speciesId": "bellibolt", "gender": "F", "shiny": false, "level": 84, "moves": ["thunderbolt", "slackoff", "muddywater", "voltswitch"], "ability": "Electromorphosis", "evs": {"hp": 85, "atk": 0, "def": 85, "spa": 85, "spd": 85, "spe": 85}, "ivs": {"hp": 31, "atk": 0, "def": 31, "spa": 31, "spd": 31, "spe": 31}, "item": "Leftovers", "teraType": "Water", "role": "Bulky Attacker", "bvs": {"hp": 109, "atk": 64, "def": 91, "spa": 103, "spd": 83, "spe": 45}, "stats": {"hp": 320, "atk": 112, "def": 201, "spa": 221, "spd": 188, "spe": 124}}, "Garchomp": {"name": "Garchomp", "species": "Garchomp", "speciesId": "garchomp", "gender": "M", "shiny": false, "level": 74, "moves": ["earthquake", "scaleshot", "ironhead", "swordsdance"], "ability": "Rough Skin", "evs": {"hp": 85, "atk": 85, "def": 85, "spa": 85, "spd": 85, "spe": 85}, "ivs": {"hp": 31, "atk": 31, "def": 31, "spa": 31, "spd": 31, "spe": 31}, "item": "Loaded Dice", "teraType": "Steel", "role": "Setup Sweeper", "bvs": {"hp": 108, "atk": 130, "def": 95, "spa": 80, "spd": 85, "spe": 102}, "stats": {"hp": 282, "atk": 235, "def": 184, "spa": 161, "spd": 169, "spe": 194}}, "Blissey": {"name": "Blissey", "species": "Blissey", "speciesId": "blissey", "gender": "F", "shiny": false, "level": 85, "moves": ["healbell", "thunderwave", "softboiled", "seismictoss"], "ability": "Natural Cure", "evs": {"hp": 85, "atk": 0, "def": 85, "spa": 85, "spd": 85, "spe": 85}, "ivs": {"hp": 31, "atk": 0, "def": 31, "spa": 31, "spd": 31, "spe": 31}, "item": "Leftovers", "teraType": "Fairy", "role": "Bulky Support", "bvs": {"hp": 255, "atk": 10, "def": 10, "spa": 75, "spd": 135, "spe": 55}, "stats": {"hp": 572, "atk": 22, "def": 66, "spa": 176, "spd": 278, "spe": 142}}, "Froslass": {"name": "Froslass", "species": "Froslass", "speciesId": "froslass", "gender": "F", "shiny": false, "level": 87, "moves": ["poltergeist", "willowisp", "tripleaxel", "destinybond"], "ability": "Cursed Body", "evs": {"hp": 81, "atk": 85, "def": 85, "spa": 85, "spd": 85, "spe": 85}, "ivs": {"hp": 31, "atk": 31, "def": 31, "spa": 31, "spd": 31, "spe": 31}, "item": "Wide Lens", "teraType": "Ghost", "role": "Fast Support", "bvs": {"hp": 70, "atk": 80, "def": 70, "spa": 80, "spd": 70, "spe": 110}, "stats": {"hp": 263, "atk": 189, "def": 172, "spa": 189, "spd": 172, "spe": 241}}, "Ditto": {"name": "Ditto", "species": "Ditto", "speciesId": "ditto", "gender": "N", "shiny": false, "level": 87, "moves": ["transform"], "ability": "Imposter", "evs": {"hp": 85, "atk": 85, "def": 85, "spa": 85, "spd": 85, "spe": 85}, "ivs": {"hp": 31, "atk": 31, "def": 31, "spa": 31, "spd": 31, "spe": 31}, "item": "Choice Scarf", "teraType": "Steel", "role": "Fast Support", "bvs": {"hp": 48, "atk": 48, "def": 48, "spa": 48, "spd": 48, "spe": 48}, "stats": {"hp": 225, "atk": 133, "def": 133, "spa": 133, "spd": 133, "spe": 133}}, "Deoxys": {"name": "Deoxys", "species": "Deoxys-Speed", "speciesId": "deoxysspeed", "gender": "N", "shiny": false, "level": 82, "moves": ["stealthrock", "taunt", "knockoff", "psychoboost"], "ability": "Pressure", "evs": {"hp": 85, "atk": 85, "def": 85, "spa": 85, "spd": 85, "spe": 85}, "ivs": {"hp": 31, "atk": 31, "def": 31, "spa": 31, "spd": 31, "spe": 31}, "item": "Leftovers", "teraType": "Dark", "role": "Fast Support", "bvs": {"hp": 50, "atk": 95, "def": 90, "spa": 95, "spd": 90, "spe": 180}, "stats": {"hp": 216, "atk": 203, "def": 195, "spa": 203, "spd": 195, "spe": 342}}}, {"Arceus": {"name": "Arceus", "species": "Arceus-Fighting", "speciesId": "arceusfighting", "gender": "N", "shiny": false, "level": 70, "moves": ["irondefense", "recover", "shadowball", "bodypress"], "ability": "Multitype", "evs": {"hp": 85, "atk": 0, "def": 85, "spa": 85, "spd": 85, "spe": 85}, "ivs": {"hp": 31, "atk": 0, "def": 31, "spa": 31, "spd": 31, "spe": 31}, "item": "Fist Plate", "teraType": "Steel", "role": "Bulky Setup", "bvs": {"hp": 120, "atk": 120, "def": 120, "spa": 120, "spd": 120, "spe": 120}, "stats": {"hp": 284, "atk": 173, "def": 209, "spa": 209, "spd": 209, "spe": 209}}, "Palkia": {"name": "Palkia", "species": "Palkia-Origin", "speciesId": "palkiaorigin", "gender": "N", "shiny": false, "level": 72, "moves": ["fireblast", "hydropump", "spacialrend", "thunderwave"], "ability": "Pressure", "evs": {"hp": 85, "atk": 0, "def": 85, "spa": 85, "spd": 85, "spe": 85}, "ivs": {"hp": 31, "atk": 0, "def": 31, "spa": 31, "spd": 31, "spe": 31}, "item": "Lustrous Globe", "teraType": "Fire", "role": "Bulky Attacker", "bvs": {"hp": 90, "atk": 100, "def": 100, "spa": 150, "spd": 120, "spe": 120}, "stats": {"hp": 249, "atk": 149, "def": 186, "spa": 258, "spd": 215, "spe": 215}}, "Toucannon": {"name": "Toucannon", "species": "Toucannon", "speciesId": "toucannon", "gender": "F", "shiny": false, "level": 88, "moves": ["beakblast", "roost", "boomburst", "uturn"], "ability": "Keen Eye", "evs": {"hp": 85, "atk": 85, "def": 85, "spa": 85, "spd": 85, "spe": 85}, "ivs": {"hp": 31, "atk": 31, "def": 31, "spa": 31, "spd": 31, "spe": 31}, "item": "Heavy-Duty Boots", "teraType": "Steel", "role": "Bulky Support", "bvs": {"hp": 80, "atk": 120, "def": 75, "spa": 75, "spd": 75, "spe": 60}, "stats": {"hp": 284, "atk": 261, "def": 182, "spa": 182, "spd": 182, "spe": 156}}, "Drifblim": {"name": "Drifblim", "species": "Drifblim", "speciesId": "drifblim", "gender": "F", "shiny": false, "level": 86, "moves": ["airslash", "shadowball", "calmmind", "strengthsap"], "ability": "Unburden", "evs": {"hp": 73, "atk": 0, "def": 85, "spa": 85, "spd": 85, "spe": 85}, "ivs": {"hp": 31, "atk": 0, "def": 31, "spa": 31, "spd": 31, "spe": 31}, "item": "Sitrus Berry", "teraType": "Steel", "role": "Bulky Attacker", "bvs": {"hp": 150, "atk": 80, "def": 44, "spa": 90, "spd": 54, "spe": 80}, "stats": {"hp": 396, "atk": 142, "def": 125, "spa": 204, "spd": 142, "spe": 187}}, "Umbreon": {"name": "Umbreon", "species": "Umbreon", "speciesId": "umbreon", "gender": "F", "shiny": false, "level": 84, "moves": ["foulplay", "toxic", "wish", "protect"], "ability": "Synchronize", "evs": {"hp": 85, "atk": 0, "def": 85, "spa": 85, "spd": 85, "spe": 85}, "ivs": {"hp": 31, "atk": 0, "def": 31, "spa": 31, "spd": 31, "spe": 31}, "item": "Leftovers", "teraType": "Poison", "role": "Bulky Support", "bvs": {"hp": 95, "atk": 65, "def": 110, "spa": 60, "spd": 130, "spe": 65}, "stats": {"hp": 297, "atk": 114, "def": 233, "spa": 149, "spd": 267, "spe": 157}}, "Goodra": {"name": "Goodra", "species": "Goodra-Hisui", "speciesId": "goodrahisui", "gender": "F", "shiny": false, "level": 82, "moves": ["earthquake", "heavyslam", "dracometeor", "fireblast"], "ability": "Sap Sipper", "evs": {"hp": 85, "atk": 85, "def": 85, "spa": 85, "spd": 85, "spe": 85}, "ivs": {"hp": 31, "atk": 31, "def": 31, "spa": 31, "spd": 31, "spe": 31}, "item": "Assault Vest", "teraType": "Flying", "role": "AV Pivot", "bvs": {"hp": 80, "atk": 100, "def": 100, "spa": 110, "spd": 150, "spe": 60}, "stats": {"hp": 265, "atk": 211, "def": 211, "spa": 228, "spd": 293, "spe": 146}}}]}