{"id": "gen9randombattle-2631563457", "format": "[Gen 9] Random Battle", "players": ["flaviodssts", "Kvngnick18"], "log": "|j|\u2606flaviodssts\n|j|\u2606Kvngnick18\n|t:|1781401843\n|gametype|singles\n|player|p1|flaviodssts|burglar|1996\n|player|p2|Kvngnick18|265|1910\n|gen|9\n|tier|[Gen 9] Random Battle\n|rated|\n|rule|Species Clause: Limit one of each Pok\u00e9mon\n|rule|HP Percentage Mod: HP is shown in percentages\n|rule|Sleep Clause Mod: Limit one foe put to sleep\n|rule|Illusion Level Mod: Illusion disguises the Pok\u00e9mon's true level\n|\n|t:|1781401843\n|teamsize|p1|6\n|teamsize|p2|6\n|start\n|switch|p1a: Ho-Oh|Ho-Oh, L71|268/268\n|switch|p2a: Drednaw|Drednaw, L81, M|278/278\n|turn|1\n|inactive|Battle timer is ON: inactive players will automatically lose when time's up. (requested by flaviodssts)\n|\n|t:|1781401871\n|switch|p1a: Kyogre|Kyogre, L71|259/259\n|-weather|RainDance|[from] ability: Drizzle|[of] p1a: Kyogre\n|move|p2a: Drednaw|Shell Smash|p2a: Drednaw\n|-unboost|p2a: Drednaw|def|1\n|-unboost|p2a: Drednaw|spd|1\n|-boost|p2a: Drednaw|atk|2\n|-boost|p2a: Drednaw|spa|2\n|-boost|p2a: Drednaw|spe|2\n|-enditem|p2a: Drednaw|White Herb\n|-clearnegativeboost|p2a: Drednaw|[silent]\n|\n|-weather|RainDance|[upkeep]\n|upkeep\n|turn|2\n|\n|t:|1781401880\n|-terastallize|p2a: Drednaw|Dark\n|move|p2a: Drednaw|Crunch|p1a: Kyogre\n|-damage|p1a: Kyogre|0 fnt\n|faint|p1a: Kyogre\n|\n|-weather|RainDance|[upkeep]\n|upkeep\n|\n|t:|1781401897\n|switch|p1a: Incineroar|Incineroar, L82, M|290/290\n|-ability|p1a: Incineroar|Intimidate|boost\n|-unboost|p2a: Drednaw|atk|1\n|turn|3\n|\n|t:|1781401903\n|-terastallize|p1a: Incineroar|Fighting\n|move|p2a: Drednaw|Shell Smash|p2a: Drednaw\n|-unboost|p2a: Drednaw|def|1\n|-unboost|p2a: Drednaw|spd|1\n|-boost|p2a: Drednaw|atk|2\n|-boost|p2a: Drednaw|spa|2\n|-boost|p2a: Drednaw|spe|2\n|move|p1a: Incineroar|Close Combat|p2a: Drednaw\n|-supereffective|p2a: Drednaw\n|-damage|p2a: Drednaw|0 fnt\n|-unboost|p1a: Incineroar|def|1\n|-unboost|p1a: Incineroar|spd|1\n|faint|p2a: Drednaw\n|\n|-weather|RainDance|[upkeep]\n|upkeep\n|\n|t:|1781401910\n|switch|p2a: Iron Leaves|Iron Leaves, L80|275/275\n|turn|4\n|\n|t:|1781401927\n|switch|p1a: Grumpig|Grumpig, L92, F|297/297\n|move|p2a: Iron Leaves|Psyblade|p1a: Grumpig\n|-resisted|p1a: Grumpig\n|-damage|p1a: Grumpig|214/297\n|\n|-weather|RainDance|[upkeep]\n|upkeep\n|turn|5\n|\n|t:|1781401940\n|-end|p2a: Iron Leaves|Quark Drive|[silent]\n|switch|p2a: Goodra|Goodra-Hisui, L82, F|265/265\n|move|p1a: Grumpig|Trick|p2a: Goodra\n|-activate|p1a: Grumpig|move: Trick|[of] p2a: Goodra\n|-item|p2a: Goodra|Choice Scarf|[from] move: Trick\n|-item|p1a: Grumpig|Assault Vest|[from] move: Trick\n|\n|-weather|none\n|upkeep\n|turn|6\n|\n|t:|1781401954\n|switch|p2a: Jolteon|Jolteon, L84, M|246/246\n|move|p1a: Grumpig|Earth Power|p2a: Jolteon\n|-supereffective|p2a: Jolteon\n|-damage|p2a: Jolteon|106/246\n|-unboost|p2a: Jolteon|spd|1\n|\n|-heal|p2a: Jolteon|121/246|[from] item: Leftovers\n|upkeep\n|turn|7\n|\n|t:|1781401961\n|switch|p2a: Flapple|Flapple, L88, F|266/266\n|move|p1a: Grumpig|Earth Power|p2a: Flapple\n|-resisted|p2a: Flapple\n|-crit|p2a: Flapple\n|-damage|p2a: Flapple|205/266\n|\n|upkeep\n|turn|8\n|\n|t:|1781401971\n|switch|p1a: Ho-Oh|Ho-Oh, L71|268/268\n|move|p2a: Flapple|Outrage|p1a: Ho-Oh|[miss]\n|-miss|p2a: Flapple|p1a: Ho-Oh\n|\n|upkeep\n|turn|9\n|\n|t:|1781401978\n|move|p2a: Flapple|Outrage|p1a: Ho-Oh\n|-damage|p1a: Ho-Oh|0 fnt\n|faint|p1a: Ho-Oh\n|\n|upkeep\n|\n|t:|1781401991\n|switch|p1a: Incineroar|Incineroar, L82, M, tera:Fighting|290/290\n|-ability|p1a: Incineroar|Intimidate|boost\n|-unboost|p2a: Flapple|atk|1\n|turn|10\n|\n|t:|1781401998\n|move|p2a: Flapple|Outrage|p1a: Incineroar|[from] lockedmove\n|-damage|p1a: Incineroar|65/290\n|move|p1a: Incineroar|Flare Blitz|p2a: Flapple\n|-damage|p2a: Flapple|60/266\n|-damage|p1a: Incineroar|17/290|[from] Recoil\n|\n|upkeep\n|turn|11\n|\n|t:|1781402003\n|move|p2a: Flapple|Outrage|p1a: Incineroar|[from] lockedmove\n|-damage|p1a: Incineroar|0 fnt\n|faint|p1a: Incineroar\n|-start|p2a: Flapple|confusion|[fatigue]\n|\n|upkeep\n|\n|t:|1781402005\n|switch|p1a: Grumpig|Grumpig, L92, F|214/297\n|turn|12\n|\n|t:|1781402010\n|switch|p2a: Goodra|Goodra-Hisui, L82, F|265/265\n|move|p1a: Grumpig|Psychic|p2a: Goodra\n|-resisted|p2a: Goodra\n|-damage|p2a: Goodra|230/265\n|\n|upkeep\n|turn|13\n|\n|t:|1781402013\n|move|p2a: Goodra|Heavy Slam|p1a: Grumpig\n|-damage|p1a: Grumpig|106/297\n|move|p1a: Grumpig|Earth Power|p2a: Goodra\n|-supereffective|p2a: Goodra\n|-damage|p2a: Goodra|134/265\n|\n|upkeep\n|turn|14\n|\n|t:|1781402020\n|switch|p1a: Feraligatr|Feraligatr, L79, F|264/264\n|move|p2a: Goodra|Heavy Slam|p1a: Feraligatr\n|-resisted|p1a: Feraligatr\n|-damage|p1a: Feraligatr|222/264\n|\n|upkeep\n|turn|15\n|\n|t:|1781402030\n|switch|p2a: Flapple|Flapple, L88, F|60/266\n|move|p1a: Feraligatr|Dragon Dance|p1a: Feraligatr\n|-boost|p1a: Feraligatr|atk|1\n|-boost|p1a: Feraligatr|spe|1\n|\n|upkeep\n|turn|16\n|\n|t:|1781402033\n|move|p2a: Flapple|Sucker Punch|p1a: Feraligatr\n|-damage|p1a: Feraligatr|86/264\n|move|p1a: Feraligatr|Ice Punch|p2a: Flapple\n|-supereffective|p2a: Flapple\n|-damage|p2a: Flapple|0 fnt\n|faint|p2a: Flapple\n|\n|upkeep\n|\n|t:|1781402040\n|switch|p2a: Goodra|Goodra-Hisui, L82, F|134/265\n|turn|17\n|\n|t:|1781402049\n|move|p1a: Feraligatr|Crunch|p2a: Goodra\n|-damage|p2a: Goodra|13/265\n|move|p2a: Goodra|Thunderbolt|p1a: Feraligatr\n|-supereffective|p1a: Feraligatr\n|-damage|p1a: Feraligatr|0 fnt\n|faint|p1a: Feraligatr\n|\n|upkeep\n|\n|t:|1781402055\n|switch|p1a: Raichu|Raichu, L88, M|249/249\n|turn|18\n|\n|t:|1781402060\n|switch|p2a: Iron Leaves|Iron Leaves, L80|275/275\n|move|p1a: Raichu|Nasty Plot|p1a: Raichu\n|-boost|p1a: Raichu|spa|2\n|\n|upkeep\n|turn|19\n|\n|t:|1781402068\n|move|p1a: Raichu|Tera Blast|p2a: Iron Leaves\n|-damage|p2a: Iron Leaves|135/275\n|-damage|p1a: Raichu|225/249|[from] item: Life Orb\n|move|p2a: Iron Leaves|Psyblade|p1a: Raichu\n|-damage|p1a: Raichu|12/249\n|\n|upkeep\n|turn|20\n|\n|t:|1781402075\n|move|p1a: Raichu|Tera Blast|p2a: Iron Leaves\n|-damage|p2a: Iron Leaves|0 fnt\n|faint|p2a: Iron Leaves\n|-end|p2a: Iron Leaves|Quark Drive|[silent]\n|-damage|p1a: Raichu|0 fnt|[from] item: Life Orb\n|faint|p1a: Raichu\n|\n|upkeep\n|\n|t:|1781402078\n|switch|p1a: Grumpig|Grumpig, L92, F|106/297\n|switch|p2a: Flutter Mane|Flutter Mane, L74|203/203\n|turn|21\n|\n|t:|1781402083\n|move|p2a: Flutter Mane|Shadow Ball|p1a: Grumpig\n|-supereffective|p1a: Grumpig\n|-damage|p1a: Grumpig|0 fnt\n|faint|p1a: Grumpig\n|\n|win|Kvngnick18\n", "inputlog": ">version a8376a258c1d4662feba110a92103f3664a72141\n>start {\"formatid\":\"gen9randombattle\",\"seed\":\"sodium,d73240725423ad7429671a5f2fd74d1d\",\"rated\":\"Rated battle\"}\n>player p1 {\"name\":\"flaviodssts\",\"avatar\":\"burglar\",\"rating\":1996,\"seed\":\"sodium,db7faaead1b128284fc02f785d1b97d9\"}\n>player p2 {\"name\":\"Kvngnick18\",\"avatar\":\"265\",\"rating\":1910,\"seed\":\"sodium,8497f42f0ce76ae7adca5b496e52cf1b\"}\n>p1 switch 6\n>p2 move shellsmash\n>p1 move originpulse\n>p2 move crunch terastallize\n>p1 switch 5\n>p1 move closecombat terastallize\n>p2 move shellsmash\n>p2 switch 3\n>p1 switch 4\n>p2 move psyblade\n>p1 move trick\n>p2 switch 4\n>p1 move earthpower\n>p2 switch 5\n>p1 move earthpower\n>p2 switch 2\n>p1 switch 6\n>p2 move outrage\n>p1 move sacredfire\n>p2 move outrage\n>p1 switch 4\n>p1 move flareblitz\n>p2 move outrage\n>p1 move closecombat\n>p2 move outrage\n>p1 switch 6\n>p1 move psychic\n>p2 switch 5\n>p1 move earthpower\n>p2 move heavyslam\n>p1 switch 3\n>p2 move heavyslam\n>p1 move dragondance\n>p2 switch 5\n>p1 move icepunch\n>p2 move suckerpunch\n>p2 switch 5\n>p1 move crunch\n>p2 move thunderbolt\n>p1 switch 2\n>p1 move nastyplot\n>p2 switch 4\n>p1 move terablast\n>p2 move psyblade\n>p1 move terablast\n>p2 move psyblade\n>p1 switch 3\n>p2 switch 6\n>p1 move psychic\n>p2 move shadowball", "uploadtime": 1781401844, "views": 5, "formatid": "gen9randombattle", "rating": null, "private": 0, "password": null, "player_dets": [{"name": "flaviodssts", "avatar": "burglar", "rating": 1996, "seed": "sodium,db7faaead1b128284fc02f785d1b97d9"}, {"name": "Kvngnick18", "avatar": "265", "rating": 1910, "seed": "sodium,8497f42f0ce76ae7adca5b496e52cf1b"}], "teams_full": [{"Ho-Oh": {"name": "Ho-Oh", "species": "Ho-Oh", "speciesId": "hooh", "gender": "N", "shiny": false, "level": 71, "moves": ["recover", "bravebird", "earthquake", "sacredfire"], "ability": "Regenerator", "evs": {"hp": 85, "atk": 85, "def": 85, "spa": 85, "spd": 85, "spe": 85}, "ivs": {"hp": 31, "atk": 31, "def": 31, "spa": 31, "spd": 31, "spe": 31}, "item": "Heavy-Duty Boots", "teraType": "Ground", "role": "Bulky Attacker", "bvs": {"hp": 106, "atk": 130, "def": 90, "spa": 110, "spd": 154, "spe": 90}, "stats": {"hp": 268, "atk": 226, "def": 169, "spa": 198, "spd": 260, "spe": 169}}, "Raichu": {"name": "Raichu", "species": "Raichu", "speciesId": "raichu", "gender": "M", "shiny": false, "level": 88, "moves": ["focusblast", "nastyplot", "terablast", "thunderbolt"], "ability": "Lightning Rod", "evs": {"hp": 85, "atk": 0, "def": 85, "spa": 85, "spd": 85, "spe": 85}, "ivs": {"hp": 31, "atk": 0, "def": 31, "spa": 31, "spd": 31, "spe": 31}, "item": "Life Orb", "teraType": "Ice", "role": "Tera Blast user", "bvs": {"hp": 60, "atk": 90, "def": 55, "spa": 90, "spd": 80, "spe": 110}, "stats": {"hp": 249, "atk": 163, "def": 147, "spa": 209, "spd": 191, "spe": 244}}, "Feraligatr": {"name": "Feraligatr", "species": "Feraligatr", "speciesId": "feraligatr", "gender": "F", "shiny": false, "level": 79, "moves": ["icepunch", "crunch", "liquidation", "dragondance"], "ability": "Sheer Force", "evs": {"hp": 85, "atk": 85, "def": 85, "spa": 85, "spd": 85, "spe": 85}, "ivs": {"hp": 31, "atk": 31, "def": 31, "spa": 31, "spd": 31, "spe": 31}, "item": "Life Orb", "teraType": "Dragon", "role": "Fast Bulky Setup", "bvs": {"hp": 85, "atk": 105, "def": 100, "spa": 79, "spd": 83, "spe": 78}, "stats": {"hp": 264, "atk": 211, "def": 204, "spa": 170, "spd": 177, "spe": 169}}, "Grumpig": {"name": "Grumpig", "species": "Grumpig", "speciesId": "grumpig", "gender": "F", "shiny": false, "level": 92, "moves": ["earthpower", "trick", "focusblast", "psychic"], "ability": "Thick Fat", "evs": {"hp": 85, "atk": 0, "def": 85, "spa": 85, "spd": 85, "spe": 85}, "ivs": {"hp": 31, "atk": 0, "def": 31, "spa": 31, "spd": 31, "spe": 31}, "item": "Choice Scarf", "teraType": "Ground", "role": "Bulky Attacker", "bvs": {"hp": 80, "atk": 45, "def": 65, "spa": 90, "spd": 110, "spe": 80}, "stats": {"hp": 297, "atk": 87, "def": 172, "spa": 218, "spd": 255, "spe": 200}}, "Incineroar": {"name": "Incineroar", "species": "Incineroar", "speciesId": "incineroar", "gender": "M", "shiny": false, "level": 82, "moves": ["willowisp", "flareblitz", "closecombat", "knockoff"], "ability": "Intimidate", "evs": {"hp": 85, "atk": 85, "def": 85, "spa": 85, "spd": 85, "spe": 85}, "ivs": {"hp": 31, "atk": 31, "def": 31, "spa": 31, "spd": 31, "spe": 31}, "item": "Heavy-Duty Boots", "teraType": "Fighting", "role": "Fast Attacker", "bvs": {"hp": 95, "atk": 115, "def": 90, "spa": 80, "spd": 90, "spe": 60}, "stats": {"hp": 290, "atk": 236, "def": 195, "spa": 178, "spd": 195, "spe": 146}}, "Kyogre": {"name": "Kyogre", "species": "Kyogre", "speciesId": "kyogre", "gender": "N", "shiny": false, "level": 71, "moves": ["icebeam", "originpulse", "waterspout", "thunder"], "ability": "Drizzle", "evs": {"hp": 85, "atk": 0, "def": 85, "spa": 85, "spd": 85, "spe": 85}, "ivs": {"hp": 31, "atk": 0, "def": 31, "spa": 31, "spd": 31, "spe": 31}, "item": "Choice Scarf", "teraType": "Water", "role": "Fast Attacker", "bvs": {"hp": 100, "atk": 100, "def": 90, "spa": 150, "spd": 140, "spe": 90}, "stats": {"hp": 259, "atk": 147, "def": 169, "spa": 254, "spd": 240, "spe": 169}}}, {"Drednaw": {"name": "Drednaw", "species": "Drednaw", "speciesId": "drednaw", "gender": "M", "shiny": false, "level": 81, "moves": ["stoneedge", "crunch", "shellsmash", "liquidation"], "ability": "Strong Jaw", "evs": {"hp": 85, "atk": 85, "def": 85, "spa": 85, "spd": 85, "spe": 85}, "ivs": {"hp": 31, "atk": 31, "def": 31, "spa": 31, "spd": 31, "spe": 31}, "item": "White Herb", "teraType": "Dark", "role": "Setup Sweeper", "bvs": {"hp": 90, "atk": 115, "def": 90, "spa": 48, "spd": 68, "spe": 74}, "stats": {"hp": 278, "atk": 233, "def": 192, "spa": 124, "spd": 157, "spe": 167}}, "Flapple": {"name": "Flapple", "species": "Flapple", "speciesId": "flapple", "gender": "F", "shiny": false, "level": 88, "moves": ["gravapple", "uturn", "suckerpunch", "outrage"], "ability": "Hustle", "evs": {"hp": 85, "atk": 85, "def": 85, "spa": 85, "spd": 85, "spe": 85}, "ivs": {"hp": 31, "atk": 31, "def": 31, "spa": 31, "spd": 31, "spe": 31}, "item": "Choice Band", "teraType": "Dragon", "role": "Fast Attacker", "bvs": {"hp": 70, "atk": 110, "def": 80, "spa": 95, "spd": 60, "spe": 70}, "stats": {"hp": 266, "atk": 244, "def": 191, "spa": 217, "spd": 156, "spe": 173}}, "Iron Leaves": {"name": "Iron Leaves", "species": "Iron Leaves", "speciesId": "ironleaves", "gender": "N", "shiny": false, "level": 80, "moves": ["closecombat", "megahorn", "leafblade", "psyblade"], "ability": "Quark Drive", "evs": {"hp": 85, "atk": 85, "def": 85, "spa": 85, "spd": 85, "spe": 85}, "ivs": {"hp": 31, "atk": 31, "def": 31, "spa": 31, "spd": 31, "spe": 31}, "item": "Choice Band", "teraType": "Fighting", "role": "Wallbreaker", "bvs": {"hp": 90, "atk": 130, "def": 88, "spa": 70, "spd": 108, "spe": 104}, "stats": {"hp": 275, "atk": 254, "def": 187, "spa": 158, "spd": 219, "spe": 213}}, "Goodra": {"name": "Goodra", "species": "Goodra-Hisui", "speciesId": "goodrahisui", "gender": "F", "shiny": false, "level": 82, "moves": ["heavyslam", "earthquake", "thunderbolt", "dracometeor"], "ability": "Sap Sipper", "evs": {"hp": 85, "atk": 85, "def": 85, "spa": 85, "spd": 85, "spe": 85}, "ivs": {"hp": 31, "atk": 31, "def": 31, "spa": 31, "spd": 31, "spe": 31}, "item": "Assault Vest", "teraType": "Ground", "role": "AV Pivot", "bvs": {"hp": 80, "atk": 100, "def": 100, "spa": 110, "spd": 150, "spe": 60}, "stats": {"hp": 265, "atk": 211, "def": 211, "spa": 228, "spd": 293, "spe": 146}}, "Jolteon": {"name": "Jolteon", "species": "Jolteon", "speciesId": "jolteon", "gender": "M", "shiny": false, "level": 84, "moves": ["calmmind", "thunderbolt", "terablast", "substitute"], "ability": "Volt Absorb", "evs": {"hp": 85, "atk": 0, "def": 85, "spa": 85, "spd": 85, "spe": 85}, "ivs": {"hp": 31, "atk": 0, "def": 31, "spa": 31, "spd": 31, "spe": 31}, "item": "Leftovers", "teraType": "Ice", "role": "Tera Blast user", "bvs": {"hp": 65, "atk": 65, "def": 60, "spa": 110, "spd": 95, "spe": 130}, "stats": {"hp": 246, "atk": 114, "def": 149, "spa": 233, "spd": 208, "spe": 267}}, "Flutter Mane": {"name": "Flutter Mane", "species": "Flutter Mane", "speciesId": "fluttermane", "gender": "N", "shiny": false, "level": 74, "moves": ["psyshock", "thunderbolt", "moonblast", "shadowball"], "ability": "Protosynthesis", "evs": {"hp": 85, "atk": 0, "def": 85, "spa": 85, "spd": 85, "spe": 85}, "ivs": {"hp": 31, "atk": 0, "def": 31, "spa": 31, "spd": 31, "spe": 31}, "item": "Choice Specs", "teraType": "Fairy", "role": "Wallbreaker", "bvs": {"hp": 55, "atk": 55, "def": 55, "spa": 135, "spd": 135, "spe": 135}, "stats": {"hp": 203, "atk": 86, "def": 124, "spa": 243, "spd": 243, "spe": 243}}}]}