{"id": "gen9randombattle-2631488885", "format": "[Gen 9] Random Battle", "players": ["Profschnitzel", "Arionblue_practice"], "log": "|j|\u2606Profschnitzel\n|j|\u2606Arionblue_practice\n|t:|1781391463\n|gametype|singles\n|player|p1|Profschnitzel|steven|1986\n|player|p2|Arionblue_practice|acetrainer-gen4dp|1984\n|gen|9\n|tier|[Gen 9] Random Battle\n|rated|\n|rule|Species Clause: Limit one of each Pok\u00e9mon\n|rule|HP Percentage Mod: HP is shown in percentages\n|rule|Sleep Clause Mod: Limit one foe put to sleep\n|rule|Illusion Level Mod: Illusion disguises the Pok\u00e9mon's true level\n|\n|t:|1781391463\n|teamsize|p1|6\n|teamsize|p2|6\n|start\n|switch|p1a: Banette|Banette, L93, F|270/270\n|switch|p2a: Dewgong|Dewgong, L94, M|322/322\n|turn|1\n|inactive|Battle timer is ON: inactive players will automatically lose when time's up. (requested by Profschnitzel)\n|\n|t:|1781391477\n|move|p2a: Dewgong|Surf|p1a: Banette\n|-damage|p1a: Banette|155/270\n|move|p1a: Banette|Gunk Shot|p2a: Dewgong\n|-damage|p2a: Dewgong|166/322\n|-damage|p1a: Banette|128/270|[from] item: Life Orb\n|\n|upkeep\n|turn|2\n|\n|t:|1781391484\n|move|p2a: Dewgong|Surf|p1a: Banette\n|-damage|p1a: Banette|17/270\n|move|p1a: Banette|Poltergeist|p2a: Dewgong\n|-activate|p2a: Dewgong|move: Poltergeist|Heavy-Duty Boots\n|-damage|p2a: Dewgong|0 fnt\n|faint|p2a: Dewgong\n|-damage|p1a: Banette|0 fnt|[from] item: Life Orb\n|faint|p1a: Banette\n|\n|upkeep\n|\n|t:|1781391493\n|switch|p2a: Stonjourner|Stonjourner, L91, M|330/330\n|switch|p1a: Wyrdeer|Wyrdeer, L87, F|321/321\n|-ability|p1a: Wyrdeer|Intimidate|boost\n|-unboost|p2a: Stonjourner|atk|1\n|turn|3\n|\n|t:|1781391500\n|move|p2a: Stonjourner|Stealth Rock|p1a: Wyrdeer\n|-sidestart|p1: Profschnitzel|move: Stealth Rock\n|move|p1a: Wyrdeer|Thunder Wave|p2a: Stonjourner\n|-status|p2a: Stonjourner|par\n|\n|upkeep\n|turn|4\n|\n|t:|1781391503\n|move|p1a: Wyrdeer|Psychic Noise|p2a: Stonjourner\n|-damage|p2a: Stonjourner|146/330 par\n|-start|p2a: Stonjourner|move: Heal Block\n|move|p2a: Stonjourner|Stone Edge|p1a: Wyrdeer\n|-crit|p1a: Wyrdeer\n|-damage|p1a: Wyrdeer|0 fnt\n|faint|p1a: Wyrdeer\n|-damage|p2a: Stonjourner|113/330 par|[from] item: Life Orb\n|\n|upkeep\n|\n|t:|1781391511\n|switch|p1a: Zamazenta|Zamazenta, L71|248/248\n|-damage|p1a: Zamazenta|233/248|[from] Stealth Rock\n|-ability|p1a: Zamazenta|Dauntless Shield|boost\n|-boost|p1a: Zamazenta|def|1\n|turn|5\n|\n|t:|1781391517\n|switch|p2a: Toucannon|Toucannon, L88, F|284/284\n|move|p1a: Zamazenta|Iron Defense|p1a: Zamazenta\n|-boost|p1a: Zamazenta|def|2\n|\n|upkeep\n|turn|6\n|\n|t:|1781391526\n|-singleturn|p2a: Toucannon|move: Beak Blast\n|move|p1a: Zamazenta|Iron Defense|p1a: Zamazenta\n|-boost|p1a: Zamazenta|def|2\n|move|p2a: Toucannon|Beak Blast|p1a: Zamazenta\n|-supereffective|p1a: Zamazenta\n|-damage|p1a: Zamazenta|155/248\n|\n|upkeep\n|turn|7\n|\n|t:|1781391529\n|-singleturn|p2a: Toucannon|move: Beak Blast\n|move|p1a: Zamazenta|Iron Defense|p1a: Zamazenta\n|-boost|p1a: Zamazenta|def|1\n|move|p2a: Toucannon|Beak Blast|p1a: Zamazenta\n|-supereffective|p1a: Zamazenta\n|-damage|p1a: Zamazenta|83/248\n|\n|upkeep\n|turn|8\n|\n|t:|1781391533\n|-singleturn|p2a: Toucannon|move: Beak Blast\n|move|p1a: Zamazenta|Rest|p1a: Zamazenta\n|-status|p1a: Zamazenta|slp|[from] move: Rest\n|-heal|p1a: Zamazenta|248/248 slp|[silent]\n|-enditem|p1a: Zamazenta|Chesto Berry|[eat]\n|-curestatus|p1a: Zamazenta|slp|[msg]\n|move|p2a: Toucannon|Beak Blast|p1a: Zamazenta\n|-supereffective|p1a: Zamazenta\n|-damage|p1a: Zamazenta|182/248\n|\n|upkeep\n|turn|9\n|\n|t:|1781391538\n|-singleturn|p2a: Toucannon|move: Beak Blast\n|move|p1a: Zamazenta|Body Press|p2a: Toucannon\n|-damage|p2a: Toucannon|0 fnt\n|-status|p1a: Zamazenta|brn\n|faint|p2a: Toucannon\n|\n|-damage|p1a: Zamazenta|167/248 brn|[from] brn\n|upkeep\n|\n|t:|1781391544\n|switch|p2a: Banette|Banette, L93, F|270/270\n|turn|10\n|\n|t:|1781391549\n|move|p1a: Zamazenta|Rest|p1a: Zamazenta\n|-status|p1a: Zamazenta|slp|[from] move: Rest\n|-heal|p1a: Zamazenta|248/248 slp|[silent]\n|move|p2a: Banette|Swords Dance|p2a: Banette\n|-boost|p2a: Banette|atk|2\n|\n|upkeep\n|turn|11\n|\n|t:|1781391553\n|cant|p1a: Zamazenta|slp\n|move|p2a: Banette|Swords Dance|p2a: Banette\n|-boost|p2a: Banette|atk|2\n|\n|upkeep\n|turn|12\n|inactive|Arionblue_practice has 120 seconds left.\n|inactive|Arionblue_practice has 90 seconds left.\n|inactive|Arionblue_practice has 60 seconds left.\n|inactive|Arionblue_practice has 30 seconds left.\n|\n|t:|1781391682\n|cant|p1a: Zamazenta|slp\n|move|p2a: Banette|Swords Dance|p2a: Banette\n|-boost|p2a: Banette|atk|2\n|\n|upkeep\n|turn|13\n|\n|t:|1781391686\n|-curestatus|p1a: Zamazenta|slp|[msg]\n|move|p1a: Zamazenta|Crunch|p2a: Banette\n|-supereffective|p2a: Banette\n|-damage|p2a: Banette|160/270\n|move|p2a: Banette|Poltergeist||[still]\n|-fail|p2a: Banette\n|\n|upkeep\n|turn|14\n|c|\u2606Profschnitzel|lol\n|\n|t:|1781391695\n|move|p1a: Zamazenta|Crunch|p2a: Banette\n|-supereffective|p2a: Banette\n|-damage|p2a: Banette|46/270\n|-unboost|p2a: Banette|def|1\n|move|p2a: Banette|Gunk Shot|p1a: Zamazenta|[miss]\n|-miss|p2a: Banette|p1a: Zamazenta\n|\n|upkeep\n|turn|15\n|-message|Arionblue_practice forfeited.\n|\n|win|Profschnitzel\n", "inputlog": ">version a8376a258c1d4662feba110a92103f3664a72141\n>start {\"formatid\":\"gen9randombattle\",\"seed\":\"sodium,f3a21fac21ccbd410cce84bddd074d68\",\"rated\":\"Rated battle\"}\n>player p1 {\"name\":\"Profschnitzel\",\"avatar\":\"steven\",\"rating\":1986,\"seed\":\"sodium,3ea514a1141a69db9dc10dba5a880a12\"}\n>player p2 {\"name\":\"Arionblue_practice\",\"avatar\":\"acetrainer-gen4dp\",\"rating\":1984,\"seed\":\"sodium,51dfe7df4f1749a3bdcd2ad28fd1ac64\"}\n>p1 move gunkshot\n>p2 move surf\n>p1 move poltergeist\n>p2 move surf\n>p1 switch 3\n>p2 switch 3\n>p1 move thunderwave\n>p2 move stealthrock\n>p1 move psychicnoise\n>p2 move stoneedge\n>p1 switch 2\n>p1 move irondefense\n>p2 switch 6\n>p1 move irondefense\n>p2 move beakblast\n>p1 move irondefense\n>p2 move beakblast\n>p1 move rest\n>p2 move beakblast\n>p1 move bodypress\n>p2 move beakblast\n>p2 switch 5\n>p1 move rest\n>p2 move swordsdance\n>p1 move crunch\n>p2 move swordsdance\n>p1 move crunch\n>p2 move swordsdance\n>p1 move crunch\n>p2 move poltergeist\n>chat \u2606Profschnitzel|lol\n>p1 move crunch\n>p2 move gunkshot\n>forcelose p2", "uploadtime": 1781391465, "views": 5, "formatid": "gen9randombattle", "rating": null, "private": 0, "password": null, "player_dets": [{"name": "Profschnitzel", "avatar": "steven", "rating": 1986, "seed": "sodium,3ea514a1141a69db9dc10dba5a880a12"}, {"name": "Arionblue_practice", "avatar": "acetrainer-gen4dp", "rating": 1984, "seed": "sodium,51dfe7df4f1749a3bdcd2ad28fd1ac64"}], "teams_full": [{"Banette": {"name": "Banette", "species": "Banette", "speciesId": "banette", "gender": "F", "shiny": false, "level": 93, "moves": ["poltergeist", "gunkshot", "swordsdance", "shadowsneak"], "ability": "Cursed Body", "evs": {"hp": 85, "atk": 85, "def": 85, "spa": 85, "spd": 85, "spe": 85}, "ivs": {"hp": 31, "atk": 31, "def": 31, "spa": 31, "spd": 31, "spe": 31}, "item": "Life Orb", "teraType": "Poison", "role": "Wallbreaker", "bvs": {"hp": 64, "atk": 115, "def": 65, "spa": 83, "spd": 63, "spe": 65}, "stats": {"hp": 270, "atk": 267, "def": 174, "spa": 207, "spd": 170, "spe": 174}}, "Zamazenta": {"name": "Zamazenta", "species": "Zamazenta", "speciesId": "zamazenta", "gender": "N", "shiny": false, "level": 71, "moves": ["irondefense", "bodypress", "rest", "crunch"], "ability": "Dauntless Shield", "evs": {"hp": 85, "atk": 85, "def": 85, "spa": 85, "spd": 85, "spe": 85}, "ivs": {"hp": 31, "atk": 31, "def": 31, "spa": 31, "spd": 31, "spe": 31}, "item": "Chesto Berry", "teraType": "Fighting", "role": "Bulky Setup", "bvs": {"hp": 92, "atk": 120, "def": 115, "spa": 80, "spd": 115, "spe": 138}, "stats": {"hp": 248, "atk": 212, "def": 205, "spa": 155, "spd": 205, "spe": 237}}, "Wyrdeer": {"name": "Wyrdeer", "species": "Wyrdeer", "speciesId": "wyrdeer", "gender": "F", "shiny": false, "level": 87, "moves": ["thunderwave", "earthquake", "megahorn", "psychicnoise"], "ability": "Intimidate", "evs": {"hp": 85, "atk": 85, "def": 85, "spa": 85, "spd": 85, "spe": 85}, "ivs": {"hp": 31, "atk": 31, "def": 31, "spa": 31, "spd": 31, "spe": 31}, "item": "Leftovers", "teraType": "Ground", "role": "Bulky Attacker", "bvs": {"hp": 103, "atk": 105, "def": 72, "spa": 105, "spd": 75, "spe": 65}, "stats": {"hp": 321, "atk": 232, "def": 175, "spa": 232, "spd": 180, "spe": 163}}, "Eelektross": {"name": "Eelektross", "species": "Eelektross", "speciesId": "eelektross", "gender": "M", "shiny": false, "level": 87, "moves": ["drainpunch", "knockoff", "coil", "supercellslam"], "ability": "Levitate", "evs": {"hp": 85, "atk": 85, "def": 85, "spa": 85, "spd": 85, "spe": 85}, "ivs": {"hp": 31, "atk": 31, "def": 31, "spa": 31, "spd": 31, "spe": 31}, "item": "Leftovers", "teraType": "Fighting", "role": "Bulky Setup", "bvs": {"hp": 85, "atk": 115, "def": 80, "spa": 105, "spd": 80, "spe": 50}, "stats": {"hp": 290, "atk": 250, "def": 189, "spa": 232, "spd": 189, "spe": 137}}, "Venomoth": {"name": "Venomoth", "species": "Venomoth", "speciesId": "venomoth", "gender": "F", "shiny": false, "level": 84, "moves": ["quiverdance", "bugbuzz", "sleeppowder", "sludgewave"], "ability": "Tinted Lens", "evs": {"hp": 85, "atk": 0, "def": 85, "spa": 85, "spd": 85, "spe": 85}, "ivs": {"hp": 31, "atk": 0, "def": 31, "spa": 31, "spd": 31, "spe": 31}, "item": "Heavy-Duty Boots", "teraType": "Bug", "role": "Setup Sweeper", "bvs": {"hp": 70, "atk": 65, "def": 60, "spa": 90, "spd": 75, "spe": 90}, "stats": {"hp": 255, "atk": 114, "def": 149, "spa": 199, "spd": 174, "spe": 199}}, "Clefable": {"name": "Clefable", "species": "Clefable", "speciesId": "clefable", "gender": "F", "shiny": false, "level": 83, "moves": ["moonlight", "calmmind", "fireblast", "moonblast"], "ability": "Magic Guard", "evs": {"hp": 85, "atk": 0, "def": 85, "spa": 85, "spd": 85, "spe": 85}, "ivs": {"hp": 31, "atk": 0, "def": 31, "spa": 31, "spd": 31, "spe": 31}, "item": "Life Orb", "teraType": "Steel", "role": "Bulky Setup", "bvs": {"hp": 95, "atk": 70, "def": 73, "spa": 95, "spd": 90, "spe": 60}, "stats": {"hp": 293, "atk": 121, "def": 169, "spa": 205, "spd": 197, "spe": 147}}}, {"Dewgong": {"name": "Dewgong", "species": "Dewgong", "speciesId": "dewgong", "gender": "M", "shiny": false, "level": 94, "moves": ["flipturn", "encore", "surf", "tripleaxel"], "ability": "Thick Fat", "evs": {"hp": 85, "atk": 85, "def": 85, "spa": 85, "spd": 85, "spe": 85}, "ivs": {"hp": 31, "atk": 31, "def": 31, "spa": 31, "spd": 31, "spe": 31}, "item": "Heavy-Duty Boots", "teraType": "Steel", "role": "Bulky Attacker", "bvs": {"hp": 90, "atk": 70, "def": 80, "spa": 70, "spd": 95, "spe": 70}, "stats": {"hp": 322, "atk": 185, "def": 204, "spa": 185, "spd": 232, "spe": 185}}, "Cacturne": {"name": "Cacturne", "species": "Cacturne", "speciesId": "cacturne", "gender": "M", "shiny": false, "level": 92, "moves": ["knockoff", "suckerpunch", "leafstorm", "spikes"], "ability": "Water Absorb", "evs": {"hp": 85, "atk": 85, "def": 85, "spa": 85, "spd": 85, "spe": 85}, "ivs": {"hp": 31, "atk": 31, "def": 31, "spa": 31, "spd": 31, "spe": 31}, "item": "Life Orb", "teraType": "Grass", "role": "Wallbreaker", "bvs": {"hp": 70, "atk": 115, "def": 60, "spa": 115, "spd": 60, "spe": 55}, "stats": {"hp": 278, "atk": 264, "def": 163, "spa": 264, "spd": 163, "spe": 154}}, "Stonjourner": {"name": "Stonjourner", "species": "Stonjourner", "speciesId": "stonjourner", "gender": "M", "shiny": false, "level": 91, "moves": ["stealthrock", "stoneedge", "earthquake", "heatcrash"], "ability": "Power Spot", "evs": {"hp": 85, "atk": 85, "def": 85, "spa": 85, "spd": 85, "spe": 85}, "ivs": {"hp": 31, "atk": 31, "def": 31, "spa": 31, "spd": 31, "spe": 31}, "item": "Life Orb", "teraType": "Fire", "role": "Fast Attacker", "bvs": {"hp": 100, "atk": 125, "def": 135, "spa": 20, "spd": 20, "spe": 70}, "stats": {"hp": 330, "atk": 279, "def": 298, "spa": 88, "spd": 88, "spe": 179}}, "Mewtwo": {"name": "Mewtwo", "species": "Mewtwo", "speciesId": "mewtwo", "gender": "N", "shiny": false, "level": 72, "moves": ["aurasphere", "nastyplot", "recover", "psystrike"], "ability": "Unnerve", "evs": {"hp": 85, "atk": 0, "def": 85, "spa": 85, "spd": 85, "spe": 85}, "ivs": {"hp": 31, "atk": 0, "def": 31, "spa": 31, "spd": 31, "spe": 31}, "item": "Life Orb", "teraType": "Fighting", "role": "Setup Sweeper", "bvs": {"hp": 106, "atk": 110, "def": 90, "spa": 154, "spd": 90, "spe": 130}, "stats": {"hp": 272, "atk": 163, "def": 172, "spa": 264, "spd": 172, "spe": 229}}, "Banette": {"name": "Banette", "species": "Banette", "speciesId": "banette", "gender": "F", "shiny": false, "level": 93, "moves": ["shadowsneak", "swordsdance", "poltergeist", "gunkshot"], "ability": "Insomnia", "evs": {"hp": 85, "atk": 85, "def": 85, "spa": 85, "spd": 85, "spe": 85}, "ivs": {"hp": 31, "atk": 31, "def": 31, "spa": 31, "spd": 31, "spe": 31}, "item": "Life Orb", "teraType": "Ghost", "role": "Wallbreaker", "bvs": {"hp": 64, "atk": 115, "def": 65, "spa": 83, "spd": 63, "spe": 65}, "stats": {"hp": 270, "atk": 267, "def": 174, "spa": 207, "spd": 170, "spe": 174}}, "Toucannon": {"name": "Toucannon", "species": "Toucannon", "speciesId": "toucannon", "gender": "F", "shiny": false, "level": 88, "moves": ["knockoff", "beakblast", "boomburst", "roost"], "ability": "Keen Eye", "evs": {"hp": 85, "atk": 85, "def": 85, "spa": 85, "spd": 85, "spe": 85}, "ivs": {"hp": 31, "atk": 31, "def": 31, "spa": 31, "spd": 31, "spe": 31}, "item": "Heavy-Duty Boots", "teraType": "Steel", "role": "Bulky Support", "bvs": {"hp": 80, "atk": 120, "def": 75, "spa": 75, "spd": 75, "spe": 60}, "stats": {"hp": 284, "atk": 261, "def": 182, "spa": 182, "spd": 182, "spe": 156}}}]}