{"id": "gen9randombattle-2631802270", "format": "[Gen 9] Random Battle", "players": ["lizardgoatboys", "afmahi"], "log": "|j|\u2606lizardgoatboys\n|j|\u203dafmahi\n|t:|1781441812\n|gametype|singles\n|player|p1|lizardgoatboys|roughneck-gen4|1970\n|player|p2|afmahi|lucas|1939\n|gen|9\n|tier|[Gen 9] Random Battle\n|rated|\n|rule|Species Clause: Limit one of each Pok\u00e9mon\n|rule|HP Percentage Mod: HP is shown in percentages\n|rule|Sleep Clause Mod: Limit one foe put to sleep\n|rule|Illusion Level Mod: Illusion disguises the Pok\u00e9mon's true level\n|\n|t:|1781441812\n|teamsize|p1|6\n|teamsize|p2|6\n|start\n|switch|p1a: Ursaluna|Ursaluna, L79, M|335/335\n|switch|p2a: Whimsicott|Whimsicott, L84, M|238/238\n|turn|1\n|inactive|Battle timer is ON: inactive players will automatically lose when time's up. (requested by afmahi)\n|\n|t:|1781441833\n|switch|p1a: Meganium|Meganium, L90, M|290/290\n|move|p2a: Whimsicott|Leech Seed|p1a: Meganium\n|-immune|p1a: Meganium\n|\n|upkeep\n|turn|2\n|\n|t:|1781441838\n|move|p2a: Whimsicott|Substitute|p2a: Whimsicott\n|-start|p2a: Whimsicott|Substitute\n|-damage|p2a: Whimsicott|179/238\n|move|p1a: Meganium|Knock Off|p2a: Whimsicott\n|-resisted|p2a: Whimsicott\n|-activate|p2a: Whimsicott|move: Substitute|[damage]\n|\n|-heal|p2a: Whimsicott|193/238|[from] item: Leftovers\n|upkeep\n|turn|3\n|\n|t:|1781441844\n|move|p2a: Whimsicott|Moonblast|p1a: Meganium\n|-damage|p1a: Meganium|211/290\n|move|p1a: Meganium|Knock Off|p2a: Whimsicott\n|-resisted|p2a: Whimsicott\n|-end|p2a: Whimsicott|Substitute\n|\n|-heal|p2a: Whimsicott|207/238|[from] item: Leftovers\n|-heal|p1a: Meganium|229/290|[from] item: Leftovers\n|upkeep\n|turn|4\n|\n|t:|1781441859\n|move|p2a: Whimsicott|Substitute|p2a: Whimsicott\n|-start|p2a: Whimsicott|Substitute\n|-damage|p2a: Whimsicott|148/238\n|move|p1a: Meganium|Swords Dance|p1a: Meganium\n|-boost|p1a: Meganium|atk|2\n|\n|-heal|p2a: Whimsicott|162/238|[from] item: Leftovers\n|-heal|p1a: Meganium|247/290|[from] item: Leftovers\n|upkeep\n|turn|5\n|\n|t:|1781441864\n|move|p2a: Whimsicott|Encore|p1a: Meganium\n|-start|p1a: Meganium|Encore\n|move|p1a: Meganium|Swords Dance|p1a: Meganium\n|-boost|p1a: Meganium|atk|2\n|\n|-heal|p2a: Whimsicott|176/238|[from] item: Leftovers\n|-heal|p1a: Meganium|265/290|[from] item: Leftovers\n|upkeep\n|turn|6\n|\n|t:|1781441876\n|switch|p1a: Suicune|Suicune, L82|298/298\n|-ability|p1a: Suicune|Pressure\n|move|p2a: Whimsicott|Leech Seed|p1a: Suicune\n|-start|p1a: Suicune|move: Leech Seed\n|\n|-heal|p2a: Whimsicott|190/238|[from] item: Leftovers\n|-damage|p1a: Suicune|261/298|[from] Leech Seed|[of] p2a: Whimsicott\n|-heal|p2a: Whimsicott|227/238|[silent]\n|upkeep\n|turn|7\n|\n|t:|1781441882\n|switch|p1a: Meganium|Meganium, L90, M|265/290\n|move|p2a: Whimsicott|Moonblast|p1a: Meganium\n|-damage|p1a: Meganium|192/290\n|\n|-heal|p2a: Whimsicott|238/238|[from] item: Leftovers\n|-heal|p1a: Meganium|210/290|[from] item: Leftovers\n|upkeep\n|turn|8\n|\n|t:|1781441886\n|move|p2a: Whimsicott|Moonblast|p1a: Meganium\n|-damage|p1a: Meganium|137/290\n|move|p1a: Meganium|Knock Off|p2a: Whimsicott\n|-resisted|p2a: Whimsicott\n|-activate|p2a: Whimsicott|move: Substitute|[damage]\n|\n|-heal|p1a: Meganium|155/290|[from] item: Leftovers\n|upkeep\n|turn|9\n|\n|t:|1781441891\n|move|p2a: Whimsicott|Moonblast|p1a: Meganium\n|-damage|p1a: Meganium|86/290\n|move|p1a: Meganium|Knock Off|p2a: Whimsicott\n|-resisted|p2a: Whimsicott\n|-end|p2a: Whimsicott|Substitute\n|\n|-heal|p1a: Meganium|104/290|[from] item: Leftovers\n|upkeep\n|turn|10\n|c|\u2606lizardgoatboys|gg wp\n|c|\u2606lizardgoatboys|i have no answrr\n|-message|lizardgoatboys forfeited.\n|\n|win|afmahi\n", "inputlog": ">version a8376a258c1d4662feba110a92103f3664a72141\n>start {\"formatid\":\"gen9randombattle\",\"seed\":\"sodium,5cdb2619701b2fe14381ae57787007d8\",\"rated\":\"Rated battle\"}\n>player p1 {\"name\":\"lizardgoatboys\",\"avatar\":\"roughneck-gen4\",\"rating\":1970,\"seed\":\"sodium,584524abba1a76253e97f675cecdd0fd\"}\n>player p2 {\"name\":\"afmahi\",\"avatar\":\"lucas\",\"rating\":1939,\"seed\":\"sodium,f4d667916affa6c51d1b75af3841cc3c\"}\n>p1 switch 2\n>p2 move leechseed\n>p1 move knockoff\n>p2 move substitute\n>p1 move knockoff\n>p2 move moonblast\n>p1 move swordsdance\n>p2 move substitute\n>p1 move knockoff\n>p2 move encore\n>p1 switch 4\n>p2 move leechseed\n>p1 switch 4\n>p2 move moonblast\n>p1 move knockoff\n>p2 move moonblast\n>p1 move knockoff\n>p2 move moonblast\n>chat \u2606lizardgoatboys|gg wp\n>chat \u2606lizardgoatboys|i have no answrr\n>forcelose p1", "uploadtime": 1781441814, "views": 9, "formatid": "gen9randombattle", "rating": null, "private": 0, "password": null, "player_dets": [{"name": "lizardgoatboys", "avatar": "roughneck-gen4", "rating": 1970, "seed": "sodium,584524abba1a76253e97f675cecdd0fd"}, {"name": "afmahi", "avatar": "lucas", "rating": 1939, "seed": "sodium,f4d667916affa6c51d1b75af3841cc3c"}], "teams_full": [{"Ursaluna": {"name": "Ursaluna", "species": "Ursaluna", "speciesId": "ursaluna", "gender": "M", "shiny": false, "level": 79, "moves": ["trailblaze", "headlongrush", "swordsdance", "facade"], "ability": "Guts", "evs": {"hp": 85, "atk": 85, "def": 85, "spa": 85, "spd": 85, "spe": 85}, "ivs": {"hp": 31, "atk": 31, "def": 31, "spa": 31, "spd": 31, "spe": 31}, "item": "Flame Orb", "teraType": "Normal", "role": "Bulky Attacker", "bvs": {"hp": 130, "atk": 140, "def": 105, "spa": 45, "spd": 80, "spe": 50}, "stats": {"hp": 335, "atk": 267, "def": 211, "spa": 117, "spd": 172, "spe": 125}, "types": ["Ground", "Normal"]}, "Meganium": {"name": "Meganium", "species": "Meganium", "speciesId": "meganium", "gender": "M", "shiny": false, "level": 90, "moves": ["petalblizzard", "earthquake", "knockoff", "swordsdance"], "ability": "Overgrow", "evs": {"hp": 85, "atk": 85, "def": 85, "spa": 85, "spd": 85, "spe": 85}, "ivs": {"hp": 31, "atk": 31, "def": 31, "spa": 31, "spd": 31, "spe": 31}, "item": "Leftovers", "teraType": "Ground", "role": "Bulky Setup", "bvs": {"hp": 80, "atk": 82, "def": 100, "spa": 83, "spd": 100, "spe": 80}, "stats": {"hp": 290, "atk": 199, "def": 231, "spa": 201, "spd": 231, "spe": 195}, "types": ["Grass"]}, "Luvdisc": {"name": "Luvdisc", "species": "Luvdisc", "speciesId": "luvdisc", "gender": "F", "shiny": false, "level": 100, "moves": ["whirlpool", "surf", "endeavor", "substitute"], "ability": "Swift Swim", "evs": {"hp": 81, "atk": 0, "def": 85, "spa": 85, "spd": 85, "spe": 85}, "ivs": {"hp": 31, "atk": 0, "def": 31, "spa": 31, "spd": 31, "spe": 31}, "item": "Heavy-Duty Boots", "teraType": "Ground", "role": "Fast Support", "bvs": {"hp": 43, "atk": 30, "def": 55, "spa": 40, "spd": 65, "spe": 97}, "stats": {"hp": 247, "atk": 65, "def": 167, "spa": 137, "spd": 187, "spe": 251}, "types": ["Water"]}, "Suicune": {"name": "Suicune", "species": "Suicune", "speciesId": "suicune", "gender": "N", "shiny": false, "level": 82, "moves": ["calmmind", "substitute", "icebeam", "scald"], "ability": "Pressure", "evs": {"hp": 85, "atk": 0, "def": 85, "spa": 85, "spd": 85, "spe": 85}, "ivs": {"hp": 31, "atk": 0, "def": 31, "spa": 31, "spd": 31, "spe": 31}, "item": "Leftovers", "teraType": "Steel", "role": "Bulky Setup", "bvs": {"hp": 100, "atk": 75, "def": 115, "spa": 90, "spd": 115, "spe": 85}, "stats": {"hp": 298, "atk": 127, "def": 236, "spa": 195, "spd": 236, "spe": 187}, "types": ["Water"]}, "Mienshao": {"name": "Mienshao", "species": "Mienshao", "speciesId": "mienshao", "gender": "M", "shiny": false, "level": 83, "moves": ["stoneedge", "uturn", "highjumpkick", "knockoff"], "ability": "Reckless", "evs": {"hp": 81, "atk": 85, "def": 85, "spa": 85, "spd": 85, "spe": 85}, "ivs": {"hp": 31, "atk": 31, "def": 31, "spa": 31, "spd": 31, "spe": 31}, "item": "Choice Band", "teraType": "Fighting", "role": "Wallbreaker", "bvs": {"hp": 65, "atk": 125, "def": 60, "spa": 95, "spd": 60, "spe": 105}, "stats": {"hp": 243, "atk": 255, "def": 147, "spa": 205, "spd": 147, "spe": 222}, "types": ["Fighting"]}, "Hitmonlee": {"name": "Hitmonlee", "species": "Hitmonlee", "speciesId": "hitmonlee", "gender": "M", "shiny": false, "level": 85, "moves": ["highjumpkick", "machpunch", "knockoff", "poisonjab"], "ability": "Reckless", "evs": {"hp": 81, "atk": 85, "def": 85, "spa": 85, "spd": 85, "spe": 85}, "ivs": {"hp": 31, "atk": 31, "def": 31, "spa": 31, "spd": 31, "spe": 31}, "item": "Choice Band", "teraType": "Fighting", "role": "Fast Attacker", "bvs": {"hp": 50, "atk": 120, "def": 53, "spa": 35, "spd": 110, "spe": 87}, "stats": {"hp": 223, "atk": 253, "def": 139, "spa": 108, "spd": 236, "spe": 197}, "types": ["Fighting"]}}, {"Whimsicott": {"name": "Whimsicott", "species": "Whimsicott", "speciesId": "whimsicott", "gender": "M", "shiny": false, "level": 84, "moves": ["moonblast", "encore", "leechseed", "substitute"], "ability": "Prankster", "evs": {"hp": 85, "atk": 0, "def": 85, "spa": 85, "spd": 85, "spe": 85}, "ivs": {"hp": 31, "atk": 0, "def": 31, "spa": 31, "spd": 31, "spe": 31}, "item": "Leftovers", "teraType": "Steel", "role": "Bulky Support", "bvs": {"hp": 60, "atk": 67, "def": 85, "spa": 77, "spd": 75, "spe": 116}, "stats": {"hp": 238, "atk": 117, "def": 191, "spa": 178, "spd": 174, "spe": 243}, "types": ["Grass", "Fairy"]}, "Kingdra": {"name": "Kingdra", "species": "Kingdra", "speciesId": "kingdra", "gender": "F", "shiny": false, "level": 84, "moves": ["dragondance", "ironhead", "outrage", "wavecrash"], "ability": "Sniper", "evs": {"hp": 85, "atk": 85, "def": 85, "spa": 85, "spd": 85, "spe": 85}, "ivs": {"hp": 31, "atk": 31, "def": 31, "spa": 31, "spd": 31, "spe": 31}, "item": "Lum Berry", "teraType": "Steel", "role": "Fast Bulky Setup", "bvs": {"hp": 75, "atk": 95, "def": 95, "spa": 95, "spd": 95, "spe": 85}, "stats": {"hp": 263, "atk": 208, "def": 208, "spa": 208, "spd": 208, "spe": 191}, "types": ["Water", "Dragon"]}, "Torterra": {"name": "Torterra", "species": "Torterra", "speciesId": "torterra", "gender": "M", "shiny": false, "level": 78, "moves": ["headlongrush", "bulletseed", "shellsmash", "rockblast"], "ability": "Overgrow", "evs": {"hp": 85, "atk": 85, "def": 85, "spa": 85, "spd": 85, "spe": 85}, "ivs": {"hp": 31, "atk": 31, "def": 31, "spa": 31, "spd": 31, "spe": 31}, "item": "Loaded Dice", "teraType": "Water", "role": "Setup Sweeper", "bvs": {"hp": 95, "atk": 109, "def": 105, "spa": 75, "spd": 85, "spe": 56}, "stats": {"hp": 276, "atk": 215, "def": 209, "spa": 162, "spd": 178, "spe": 132}, "types": ["Grass", "Ground"]}, "Keldeo": {"name": "Keldeo", "species": "Keldeo-Resolute", "speciesId": "keldeoresolute", "gender": "N", "shiny": false, "level": 79, "moves": ["hydropump", "substitute", "secretsword", "calmmind"], "ability": "Justified", "evs": {"hp": 85, "atk": 0, "def": 85, "spa": 85, "spd": 85, "spe": 85}, "ivs": {"hp": 31, "atk": 0, "def": 31, "spa": 31, "spd": 31, "spe": 31}, "item": "Leftovers", "teraType": "Steel", "role": "Bulky Setup", "bvs": {"hp": 91, "atk": 72, "def": 90, "spa": 129, "spd": 90, "spe": 108}, "stats": {"hp": 273, "atk": 118, "def": 188, "spa": 249, "spd": 188, "spe": 216}, "types": ["Water", "Fighting"]}, "Houndoom": {"name": "Houndoom", "species": "Houndoom", "speciesId": "houndoom", "gender": "M", "shiny": false, "level": 87, "moves": ["darkpulse", "fireblast", "nastyplot", "suckerpunch"], "ability": "Flash Fire", "evs": {"hp": 85, "atk": 85, "def": 85, "spa": 85, "spd": 85, "spe": 85}, "ivs": {"hp": 31, "atk": 31, "def": 31, "spa": 31, "spd": 31, "spe": 31}, "item": "Heavy-Duty Boots", "teraType": "Dark", "role": "Fast Attacker", "bvs": {"hp": 75, "atk": 90, "def": 50, "spa": 110, "spd": 80, "spe": 95}, "stats": {"hp": 272, "atk": 206, "def": 137, "spa": 241, "spd": 189, "spe": 215}, "types": ["Dark", "Fire"]}, "Regigigas": {"name": "Regigigas", "species": "Regigigas", "speciesId": "regigigas", "gender": "N", "shiny": false, "level": 84, "moves": ["sleeptalk", "rest", "knockoff", "bodyslam"], "ability": "Slow Start", "evs": {"hp": 85, "atk": 85, "def": 85, "spa": 85, "spd": 85, "spe": 85}, "ivs": {"hp": 31, "atk": 31, "def": 31, "spa": 31, "spd": 31, "spe": 31}, "item": "Leftovers", "teraType": "Ghost", "role": "Bulky Support", "bvs": {"hp": 110, "atk": 160, "def": 110, "spa": 80, "spd": 110, "spe": 100}, "stats": {"hp": 322, "atk": 317, "def": 233, "spa": 183, "spd": 233, "spe": 216}, "types": ["Normal"]}}]}