{"id": "gen9randombattle-2631406877", "format": "[Gen 9] Random Battle", "players": ["discodiscogoodgood", "Zabalilla"], "log": "|j|\u2606discodiscogoodgood\n|j|\u2606Zabalilla\n|t:|1781380885\n|gametype|singles\n|player|p1|discodiscogoodgood|musician|2007\n|player|p2|Zabalilla|170|2065\n|gen|9\n|tier|[Gen 9] Random Battle\n|rated|\n|rule|Species Clause: Limit one of each Pok\u00e9mon\n|rule|HP Percentage Mod: HP is shown in percentages\n|rule|Sleep Clause Mod: Limit one foe put to sleep\n|rule|Illusion Level Mod: Illusion disguises the Pok\u00e9mon's true level\n|\n|t:|1781380885\n|teamsize|p1|6\n|teamsize|p2|6\n|start\n|switch|p1a: Flareon|Flareon, L90, F|263/263\n|switch|p2a: Crabominable|Crabominable, L90, F|321/321\n|turn|1\n|\n|t:|1781380890\n|move|p1a: Flareon|Flare Blitz|p2a: Crabominable\n|-supereffective|p2a: Crabominable\n|-damage|p2a: Crabominable|0 fnt\n|faint|p2a: Crabominable\n|-damage|p1a: Flareon|157/263|[from] Recoil\n|\n|-status|p1a: Flareon|tox|[from] item: Toxic Orb\n|upkeep\n|\n|t:|1781380900\n|switch|p2a: Garganacl|Garganacl, L80, M|291/291\n|turn|2\n|inactive|Battle timer is ON: inactive players will automatically lose when time's up. (requested by Zabalilla)\n|\n|t:|1781380908\n|switch|p1a: Mightyena|Mightyena, L96, M|290/290\n|-ability|p1a: Mightyena|Intimidate|boost\n|-unboost|p2a: Garganacl|atk|1\n|move|p2a: Garganacl|Salt Cure|p1a: Mightyena\n|-damage|p1a: Mightyena|263/290\n|-start|p1a: Mightyena|Salt Cure\n|\n|-damage|p1a: Mightyena|227/290|[from] Salt Cure\n|upkeep\n|turn|3\n|\n|t:|1781380913\n|switch|p1a: Clawitzer|Clawitzer, L87, M|265/265\n|move|p2a: Garganacl|Earthquake|p1a: Clawitzer\n|-damage|p1a: Clawitzer|219/265\n|\n|upkeep\n|turn|4\n|\n|t:|1781380919\n|move|p2a: Garganacl|Protect|p2a: Garganacl\n|-singleturn|p2a: Garganacl|Protect\n|move|p1a: Clawitzer|Water Pulse|p2a: Garganacl\n|-activate|p2a: Garganacl|move: Protect\n|\n|upkeep\n|turn|5\n|\n|t:|1781380922\n|switch|p2a: Latias|Latias, L79, F|256/256\n|move|p1a: Clawitzer|Water Pulse|p2a: Latias\n|-resisted|p2a: Latias\n|-damage|p2a: Latias|182/256\n|\n|upkeep\n|turn|6\n|\n|t:|1781380925\n|switch|p1a: Tinkaton|Tinkaton, L82, F|274/274\n|-ability|p1a: Tinkaton|Mold Breaker\n|move|p2a: Latias|Calm Mind|p2a: Latias\n|-boost|p2a: Latias|spa|1\n|-boost|p2a: Latias|spd|1\n|\n|upkeep\n|turn|7\n|\n|t:|1781380929\n|switch|p2a: Moltres|Moltres, L81|278/278\n|move|p1a: Tinkaton|Stealth Rock|p2a: Moltres\n|-sidestart|p2: Zabalilla|move: Stealth Rock\n|\n|upkeep\n|turn|8\n|\n|t:|1781380938\n|switch|p1a: Magmortar|Magmortar, L88, M|275/275\n|move|p2a: Moltres|Fire Blast|p1a: Magmortar\n|-resisted|p1a: Magmortar\n|-damage|p1a: Magmortar|214/275\n|\n|upkeep\n|turn|9\n|\n|t:|1781380942\n|move|p1a: Magmortar|Knock Off|p2a: Moltres\n|-damage|p2a: Moltres|197/278\n|-enditem|p2a: Moltres|Heavy-Duty Boots|[from] move: Knock Off|[of] p1a: Magmortar\n|move|p2a: Moltres|Brave Bird|p1a: Magmortar\n|-damage|p1a: Magmortar|73/275\n|-damage|p2a: Moltres|150/278|[from] Recoil\n|\n|upkeep\n|turn|10\n|\n|t:|1781380948\n|move|p1a: Magmortar|Thunderbolt|p2a: Moltres\n|-supereffective|p2a: Moltres\n|-damage|p2a: Moltres|0 fnt\n|faint|p2a: Moltres\n|\n|upkeep\n|\n|t:|1781380955\n|switch|p2a: Latias|Latias, L79, F|182/256\n|-damage|p2a: Latias|150/256|[from] Stealth Rock\n|turn|11\n|\n|t:|1781380958\n|switch|p1a: Tinkaton|Tinkaton, L82, F|274/274\n|-ability|p1a: Tinkaton|Mold Breaker\n|move|p2a: Latias|Psyshock|p1a: Tinkaton\n|-resisted|p1a: Tinkaton\n|-damage|p1a: Tinkaton|214/274\n|\n|-heal|p1a: Tinkaton|231/274|[from] item: Leftovers\n|upkeep\n|turn|12\n|\n|t:|1781380964\n|switch|p2a: Garganacl|Garganacl, L80, M|291/291\n|-damage|p2a: Garganacl|255/291|[from] Stealth Rock\n|move|p1a: Tinkaton|Knock Off|p2a: Garganacl\n|-damage|p2a: Garganacl|210/291\n|-enditem|p2a: Garganacl|Leftovers|[from] move: Knock Off|[of] p1a: Tinkaton\n|\n|-heal|p1a: Tinkaton|248/274|[from] item: Leftovers\n|upkeep\n|turn|13\n|\n|t:|1781380969\n|move|p1a: Tinkaton|Gigaton Hammer|p2a: Garganacl\n|-supereffective|p2a: Garganacl\n|-damage|p2a: Garganacl|0 fnt\n|faint|p2a: Garganacl\n|\n|-heal|p1a: Tinkaton|265/274|[from] item: Leftovers\n|upkeep\n|\n|t:|1781380972\n|switch|p2a: Lugia|Lugia, L73|275/275\n|turn|14\n|\n|t:|1781380979\n|move|p2a: Lugia|Calm Mind|p2a: Lugia\n|-boost|p2a: Lugia|spa|1\n|-boost|p2a: Lugia|spd|1\n|move|p1a: Tinkaton|Knock Off|p2a: Lugia\n|-supereffective|p2a: Lugia\n|-damage|p2a: Lugia|175/275\n|-enditem|p2a: Lugia|Heavy-Duty Boots|[from] move: Knock Off|[of] p1a: Tinkaton\n|\n|-heal|p1a: Tinkaton|274/274|[from] item: Leftovers\n|upkeep\n|turn|15\n|\n|t:|1781380985\n|switch|p1a: Flareon|Flareon, L90, F|157/263 tox\n|move|p2a: Lugia|Calm Mind|p2a: Lugia\n|-boost|p2a: Lugia|spa|1\n|-boost|p2a: Lugia|spd|1\n|\n|-damage|p1a: Flareon|141/263 tox|[from] psn\n|upkeep\n|turn|16\n|\n|t:|1781380990\n|move|p2a: Lugia|Earth Power|p1a: Flareon\n|-supereffective|p1a: Flareon\n|-damage|p1a: Flareon|0 fnt\n|faint|p1a: Flareon\n|\n|upkeep\n|\n|t:|1781380992\n|switch|p1a: Mightyena|Mightyena, L96, M|227/290\n|-ability|p1a: Mightyena|Intimidate|boost\n|-unboost|p2a: Lugia|atk|1\n|turn|17\n|\n|t:|1781380996\n|move|p2a: Lugia|Aeroblast|p1a: Mightyena\n|-damage|p1a: Mightyena|58/290\n|move|p1a: Mightyena|Throat Chop|p2a: Lugia\n|-supereffective|p2a: Lugia\n|-damage|p2a: Lugia|0 fnt\n|faint|p2a: Lugia\n|\n|upkeep\n|\n|t:|1781381003\n|switch|p2a: Arceus|Arceus-Ice, L72|291/291\n|-damage|p2a: Arceus|219/291|[from] Stealth Rock\n|turn|18\n|\n|t:|1781381008\n|move|p2a: Arceus|Calm Mind|p2a: Arceus\n|-boost|p2a: Arceus|spa|1\n|-boost|p2a: Arceus|spd|1\n|move|p1a: Mightyena|Throat Chop|p2a: Arceus\n|-damage|p2a: Arceus|83/291\n|-start|p2a: Arceus|Throat Chop|[silent]\n|\n|upkeep\n|turn|19\n|\n|t:|1781381011\n|move|p2a: Arceus|Judgment|p1a: Mightyena\n|-damage|p1a: Mightyena|0 fnt\n|faint|p1a: Mightyena\n|\n|-end|p2a: Arceus|Throat Chop|[silent]\n|upkeep\n|\n|t:|1781381023\n|switch|p1a: Tinkaton|Tinkaton, L82, F|274/274\n|-ability|p1a: Tinkaton|Mold Breaker\n|turn|20\n|\n|t:|1781381027\n|-terastallize|p2a: Arceus|Electric\n|move|p2a: Arceus|Recover|p2a: Arceus\n|-heal|p2a: Arceus|229/291\n|move|p1a: Tinkaton|Play Rough|p2a: Arceus\n|-damage|p2a: Arceus|157/291\n|\n|upkeep\n|turn|21\n|\n|t:|1781381045\n|switch|p1a: Clawitzer|Clawitzer, L87, M|219/265\n|move|p2a: Arceus|Calm Mind|p2a: Arceus\n|-boost|p2a: Arceus|spa|1\n|-boost|p2a: Arceus|spd|1\n|\n|upkeep\n|turn|22\n|\n|t:|1781381051\n|switch|p1a: Magmortar|Magmortar, L88, M|73/275\n|move|p2a: Arceus|Calm Mind|p2a: Arceus\n|-boost|p2a: Arceus|spa|1\n|-boost|p2a: Arceus|spd|1\n|\n|upkeep\n|turn|23\n|\n|t:|1781381055\n|move|p2a: Arceus|Thunderbolt|p1a: Magmortar\n|-damage|p1a: Magmortar|0 fnt\n|faint|p1a: Magmortar\n|\n|upkeep\n|\n|t:|1781381057\n|switch|p1a: Toedscruel|Toedscruel, L87, M|281/281\n|turn|24\n|\n|t:|1781381060\n|-terastallize|p1a: Toedscruel|Water\n|move|p2a: Arceus|Judgment|p1a: Toedscruel\n|-resisted|p1a: Toedscruel\n|-damage|p1a: Toedscruel|183/281\n|move|p1a: Toedscruel|Toxic|p2a: Arceus\n|-status|p2a: Arceus|tox\n|\n|-heal|p1a: Toedscruel|200/281|[from] item: Leftovers\n|-damage|p2a: Arceus|139/291 tox|[from] psn\n|upkeep\n|turn|25\n|\n|t:|1781381068\n|switch|p1a: Clawitzer|Clawitzer, L87, M|219/265\n|move|p2a: Arceus|Thunderbolt|p1a: Clawitzer\n|-supereffective|p1a: Clawitzer\n|-damage|p1a: Clawitzer|0 fnt\n|faint|p1a: Clawitzer\n|\n|-damage|p2a: Arceus|103/291 tox|[from] psn\n|upkeep\n|\n|t:|1781381070\n|switch|p1a: Tinkaton|Tinkaton, L82, F|274/274\n|-ability|p1a: Tinkaton|Mold Breaker\n|turn|26\n|\n|t:|1781381074\n|move|p2a: Arceus|Recover|p2a: Arceus\n|-heal|p2a: Arceus|249/291 tox\n|move|p1a: Tinkaton|Play Rough|p2a: Arceus\n|-damage|p2a: Arceus|180/291 tox\n|\n|-damage|p2a: Arceus|126/291 tox|[from] psn\n|upkeep\n|turn|27\n|\n|t:|1781381077\n|move|p2a: Arceus|Thunderbolt|p1a: Tinkaton\n|-damage|p1a: Tinkaton|84/274\n|move|p1a: Tinkaton|Play Rough|p2a: Arceus|[miss]\n|-miss|p1a: Tinkaton|p2a: Arceus\n|\n|-heal|p1a: Tinkaton|101/274|[from] item: Leftovers\n|-damage|p2a: Arceus|54/291 tox|[from] psn\n|upkeep\n|turn|28\n|\n|t:|1781381081\n|move|p2a: Arceus|Thunderbolt|p1a: Tinkaton\n|-damage|p1a: Tinkaton|0 fnt\n|faint|p1a: Tinkaton\n|\n|-damage|p2a: Arceus|0 fnt|[from] psn\n|faint|p2a: Arceus\n|upkeep\n|\n|t:|1781381083\n|switch|p2a: Latias|Latias, L79, F|150/256\n|switch|p1a: Toedscruel|Toedscruel, L87, M, tera:Water|200/281\n|-damage|p2a: Latias|118/256|[from] Stealth Rock\n|turn|29\n|\n|t:|1781381088\n|move|p2a: Latias|Psyshock|p1a: Toedscruel\n|-damage|p1a: Toedscruel|79/281\n|move|p1a: Toedscruel|Toxic|p2a: Latias\n|-status|p2a: Latias|tox\n|\n|-heal|p1a: Toedscruel|96/281|[from] item: Leftovers\n|-damage|p2a: Latias|102/256 tox|[from] psn\n|upkeep\n|turn|30\n|\n|t:|1781381091\n|move|p1a: Toedscruel|Leaf Storm|p2a: Latias\n|-resisted|p2a: Latias\n|-damage|p2a: Latias|52/256 tox\n|-unboost|p1a: Toedscruel|spa|2\n|move|p2a: Latias|Psyshock|p1a: Toedscruel\n|-damage|p1a: Toedscruel|0 fnt\n|faint|p1a: Toedscruel\n|\n|win|Zabalilla\n", "inputlog": ">version a8376a258c1d4662feba110a92103f3664a72141\n>start {\"formatid\":\"gen9randombattle\",\"seed\":\"sodium,6a974780dbaeb5529a9175c578240c95\",\"rated\":\"Rated battle\"}\n>player p1 {\"name\":\"discodiscogoodgood\",\"avatar\":\"musician\",\"rating\":2007,\"seed\":\"sodium,5d906fac822a4c16835f90aadd787b9f\"}\n>player p2 {\"name\":\"Zabalilla\",\"avatar\":\"170\",\"rating\":2065,\"seed\":\"sodium,faddfa9bca8c4c0c247e49cd17575ad8\"}\n>p1 move flareblitz\n>p2 move earthquake\n>p2 switch 2\n>p1 switch 4\n>p2 move saltcure\n>p1 switch 2\n>p2 move earthquake\n>p1 move waterpulse\n>p2 move protect\n>p1 move waterpulse\n>p2 switch 6\n>p1 switch 6\n>p2 move calmmind\n>p1 move stealthrock\n>p2 switch 5\n>p1 switch 5\n>p2 move fireblast\n>p1 move knockoff\n>p2 move bravebird\n>p1 move thunderbolt\n>p2 move bravebird\n>p2 switch 5\n>p1 switch 5\n>p2 move psyshock\n>p1 move knockoff\n>p2 switch 6\n>p1 move gigatonhammer\n>p2 move saltcure\n>p2 switch 4\n>p1 move knockoff\n>p2 move calmmind\n>p1 switch 4\n>p2 move calmmind\n>p1 move facade\n>p2 move earthpower\n>p1 switch 2\n>p1 move throatchop\n>p2 move aeroblast\n>p2 switch 3\n>p1 move throatchop\n>p2 move calmmind\n>p1 move throatchop\n>p2 move judgment\n>p1 switch 4\n>p1 move playrough\n>p2 move recover terastallize\n>p1 switch 6\n>p2 move calmmind\n>p1 switch 5\n>p2 move calmmind\n>p1 move knockoff\n>p2 move thunderbolt\n>p1 switch 3\n>p1 move toxic terastallize\n>p2 move judgment\n>p1 switch 5\n>p2 move thunderbolt\n>p1 switch 6\n>p1 move playrough\n>p2 move recover\n>p1 move playrough\n>p2 move thunderbolt\n>p1 move playrough\n>p2 move thunderbolt\n>p1 switch 5\n>p2 switch 6\n>p1 move toxic\n>p2 move psyshock\n>p1 move leafstorm\n>p2 move psyshock", "uploadtime": 1781380887, "views": 10, "formatid": "gen9randombattle", "rating": null, "private": 0, "password": null, "player_dets": [{"name": "discodiscogoodgood", "avatar": "musician", "rating": 2007, "seed": "sodium,5d906fac822a4c16835f90aadd787b9f"}, {"name": "Zabalilla", "avatar": "170", "rating": 2065, "seed": "sodium,faddfa9bca8c4c0c247e49cd17575ad8"}], "teams_full": [{"Flareon": {"name": "Flareon", "species": "Flareon", "speciesId": "flareon", "gender": "F", "shiny": false, "level": 90, "moves": ["trailblaze", "facade", "willowisp", "flareblitz"], "ability": "Guts", "evs": {"hp": 85, "atk": 85, "def": 85, "spa": 85, "spd": 85, "spe": 85}, "ivs": {"hp": 31, "atk": 31, "def": 31, "spa": 31, "spd": 31, "spe": 31}, "item": "Toxic Orb", "teraType": "Normal", "role": "Setup Sweeper", "bvs": {"hp": 65, "atk": 130, "def": 60, "spa": 95, "spd": 110, "spe": 65}, "stats": {"hp": 263, "atk": 285, "def": 159, "spa": 222, "spd": 249, "spe": 168}}, "Clawitzer": {"name": "Clawitzer", "species": "Clawitzer", "speciesId": "clawitzer", "gender": "M", "shiny": false, "level": 87, "moves": ["dragonpulse", "darkpulse", "icebeam", "waterpulse"], "ability": "Mega Launcher", "evs": {"hp": 85, "atk": 0, "def": 85, "spa": 85, "spd": 85, "spe": 85}, "ivs": {"hp": 31, "atk": 0, "def": 31, "spa": 31, "spd": 31, "spe": 31}, "item": "Choice Specs", "teraType": "Dragon", "role": "Wallbreaker", "bvs": {"hp": 71, "atk": 73, "def": 88, "spa": 120, "spd": 89, "spe": 59}, "stats": {"hp": 265, "atk": 132, "def": 203, "spa": 259, "spd": 205, "spe": 152}}, "Toedscruel": {"name": "Toedscruel", "species": "Toedscruel", "speciesId": "toedscruel", "gender": "M", "shiny": false, "level": 87, "moves": ["earthpower", "rapidspin", "toxic", "leafstorm"], "ability": "Mycelium Might", "evs": {"hp": 85, "atk": 85, "def": 85, "spa": 85, "spd": 85, "spe": 85}, "ivs": {"hp": 31, "atk": 31, "def": 31, "spa": 31, "spd": 31, "spe": 31}, "item": "Leftovers", "teraType": "Water", "role": "Bulky Support", "bvs": {"hp": 80, "atk": 70, "def": 65, "spa": 80, "spd": 120, "spe": 100}, "stats": {"hp": 281, "atk": 172, "def": 163, "spa": 189, "spd": 259, "spe": 224}}, "Mightyena": {"name": "Mightyena", "species": "Mightyena", "speciesId": "mightyena", "gender": "M", "shiny": false, "level": 96, "moves": ["playrough", "throatchop", "suckerpunch", "poisonfang"], "ability": "Intimidate", "evs": {"hp": 85, "atk": 85, "def": 85, "spa": 85, "spd": 85, "spe": 85}, "ivs": {"hp": 31, "atk": 31, "def": 31, "spa": 31, "spd": 31, "spe": 31}, "item": "Choice Band", "teraType": "Poison", "role": "Bulky Attacker", "bvs": {"hp": 70, "atk": 90, "def": 70, "spa": 60, "spd": 60, "spe": 70}, "stats": {"hp": 290, "atk": 227, "def": 189, "spa": 170, "spd": 170, "spe": 189}}, "Magmortar": {"name": "Magmortar", "species": "Magmortar", "speciesId": "magmortar", "gender": "M", "shiny": false, "level": 88, "moves": ["thunderbolt", "fireblast", "knockoff", "focusblast"], "ability": "Flame Body", "evs": {"hp": 85, "atk": 85, "def": 85, "spa": 85, "spd": 85, "spe": 85}, "ivs": {"hp": 31, "atk": 31, "def": 31, "spa": 31, "spd": 31, "spe": 31}, "item": "Heavy-Duty Boots", "teraType": "Fighting", "role": "Wallbreaker", "bvs": {"hp": 75, "atk": 95, "def": 67, "spa": 125, "spd": 95, "spe": 83}, "stats": {"hp": 275, "atk": 217, "def": 168, "spa": 270, "spd": 217, "spe": 196}}, "Tinkaton": {"name": "Tinkaton", "species": "Tinkaton", "speciesId": "tinkaton", "gender": "F", "shiny": false, "level": 82, "moves": ["playrough", "gigatonhammer", "stealthrock", "knockoff"], "ability": "Mold Breaker", "evs": {"hp": 85, "atk": 85, "def": 85, "spa": 85, "spd": 85, "spe": 85}, "ivs": {"hp": 31, "atk": 31, "def": 31, "spa": 31, "spd": 31, "spe": 31}, "item": "Leftovers", "teraType": "Water", "role": "Bulky Attacker", "bvs": {"hp": 85, "atk": 75, "def": 77, "spa": 70, "spd": 105, "spe": 94}, "stats": {"hp": 274, "atk": 170, "def": 173, "spa": 162, "spd": 219, "spe": 201}}}, {"Crabominable": {"name": "Crabominable", "species": "Crabominable", "speciesId": "crabominable", "gender": "F", "shiny": false, "level": 90, "moves": ["knockoff", "closecombat", "earthquake", "icehammer"], "ability": "Iron Fist", "evs": {"hp": 85, "atk": 85, "def": 85, "spa": 85, "spd": 85, "spe": 85}, "ivs": {"hp": 31, "atk": 31, "def": 31, "spa": 31, "spd": 31, "spe": 31}, "item": "Choice Band", "teraType": "Ground", "role": "Wallbreaker", "bvs": {"hp": 97, "atk": 132, "def": 77, "spa": 62, "spd": 67, "spe": 43}, "stats": {"hp": 321, "atk": 289, "def": 190, "spa": 163, "spd": 172, "spe": 129}}, "Garganacl": {"name": "Garganacl", "species": "Garganacl", "speciesId": "garganacl", "gender": "M", "shiny": false, "level": 80, "moves": ["recover", "protect", "saltcure", "earthquake"], "ability": "Purifying Salt", "evs": {"hp": 85, "atk": 85, "def": 85, "spa": 85, "spd": 85, "spe": 85}, "ivs": {"hp": 31, "atk": 31, "def": 31, "spa": 31, "spd": 31, "spe": 31}, "item": "Leftovers", "teraType": "Ghost", "role": "Bulky Attacker", "bvs": {"hp": 100, "atk": 100, "def": 130, "spa": 45, "spd": 90, "spe": 35}, "stats": {"hp": 291, "atk": 206, "def": 254, "spa": 118, "spd": 190, "spe": 102}}, "Arceus": {"name": "Arceus", "species": "Arceus-Ice", "speciesId": "arceusice", "gender": "N", "shiny": false, "level": 72, "moves": ["thunderbolt", "recover", "calmmind", "judgment"], "ability": "Multitype", "evs": {"hp": 81, "atk": 0, "def": 85, "spa": 85, "spd": 85, "spe": 85}, "ivs": {"hp": 31, "atk": 0, "def": 31, "spa": 31, "spd": 31, "spe": 31}, "item": "Icicle Plate", "teraType": "Electric", "role": "Bulky Setup", "bvs": {"hp": 120, "atk": 120, "def": 120, "spa": 120, "spd": 120, "spe": 120}, "stats": {"hp": 291, "atk": 177, "def": 215, "spa": 215, "spd": 215, "spe": 215}}, "Lugia": {"name": "Lugia", "species": "Lugia", "speciesId": "lugia", "gender": "N", "shiny": false, "level": 73, "moves": ["recover", "calmmind", "earthpower", "aeroblast"], "ability": "Multiscale", "evs": {"hp": 85, "atk": 0, "def": 85, "spa": 85, "spd": 85, "spe": 85}, "ivs": {"hp": 31, "atk": 0, "def": 31, "spa": 31, "spd": 31, "spe": 31}, "item": "Heavy-Duty Boots", "teraType": "Ground", "role": "Bulky Setup", "bvs": {"hp": 106, "atk": 90, "def": 130, "spa": 90, "spd": 154, "spe": 110}, "stats": {"hp": 275, "atk": 136, "def": 232, "spa": 174, "spd": 267, "spe": 203}}, "Moltres": {"name": "Moltres", "species": "Moltres", "speciesId": "moltres", "gender": "N", "shiny": false, "level": 81, "moves": ["uturn", "bravebird", "fireblast", "roost"], "ability": "Flame Body", "evs": {"hp": 85, "atk": 85, "def": 85, "spa": 85, "spd": 85, "spe": 85}, "ivs": {"hp": 31, "atk": 31, "def": 31, "spa": 31, "spd": 31, "spe": 31}, "item": "Heavy-Duty Boots", "teraType": "Steel", "role": "Bulky Attacker", "bvs": {"hp": 90, "atk": 100, "def": 90, "spa": 125, "spd": 85, "spe": 90}, "stats": {"hp": 278, "atk": 209, "def": 192, "spa": 249, "spd": 184, "spe": 192}}, "Latias": {"name": "Latias", "species": "Latias", "speciesId": "latias", "gender": "F", "shiny": false, "level": 79, "moves": ["dracometeor", "calmmind", "recover", "psyshock"], "ability": "Levitate", "evs": {"hp": 85, "atk": 0, "def": 85, "spa": 85, "spd": 85, "spe": 85}, "ivs": {"hp": 31, "atk": 0, "def": 31, "spa": 31, "spd": 31, "spe": 31}, "item": "Soul Dew", "teraType": "Steel", "role": "Fast Bulky Setup", "bvs": {"hp": 80, "atk": 80, "def": 90, "spa": 110, "spd": 130, "spe": 110}, "stats": {"hp": 256, "atk": 131, "def": 188, "spa": 219, "spd": 251, "spe": 219}}}]}