{"id": "gen9randombattle-2631747471", "format": "[Gen 9] Random Battle", "players": ["pokemon theori", "KoffeeArchive"], "log": "|j|\u2606pokemon theori\n|j|\u2606KoffeeArchive\n|t:|1781433107\n|gametype|singles\n|player|p1|pokemon theori|giovanni|1974\n|player|p2|KoffeeArchive|clair|1959\n|gen|9\n|tier|[Gen 9] Random Battle\n|rated|\n|rule|Species Clause: Limit one of each Pok\u00e9mon\n|rule|HP Percentage Mod: HP is shown in percentages\n|rule|Sleep Clause Mod: Limit one foe put to sleep\n|rule|Illusion Level Mod: Illusion disguises the Pok\u00e9mon's true level\n|\n|t:|1781433107\n|teamsize|p1|6\n|teamsize|p2|6\n|start\n|switch|p1a: Gogoat|Gogoat, L88, M|360/360\n|switch|p2a: Vespiquen|Vespiquen, L99, F|299/299\n|-ability|p2a: Vespiquen|Pressure\n|turn|1\n|inactive|Battle timer is ON: inactive players will automatically lose when time's up. (requested by pokemon theori)\n|inactive|KoffeeArchive also wants the timer to be on.\n|\n|t:|1781433119\n|move|p1a: Gogoat|Rock Slide|p2a: Vespiquen\n|-supereffective|p2a: Vespiquen\n|-damage|p2a: Vespiquen|103/299\n|cant|p2a: Vespiquen|flinch\n|\n|upkeep\n|turn|2\n|\n|t:|1781433129\n|move|p1a: Gogoat|Bulk Up|p1a: Gogoat\n|-boost|p1a: Gogoat|atk|1\n|-boost|p1a: Gogoat|def|1\n|move|p2a: Vespiquen|Spikes|p1a: Gogoat\n|-sidestart|p1: pokemon theori|Spikes\n|\n|upkeep\n|turn|3\n|\n|t:|1781433135\n|move|p1a: Gogoat|Rock Slide|p2a: Vespiquen\n|-supereffective|p2a: Vespiquen\n|-damage|p2a: Vespiquen|0 fnt\n|faint|p2a: Vespiquen\n|\n|upkeep\n|\n|t:|1781433136\n|switch|p2a: Sawsbuck|Sawsbuck-Autumn, L88, M|284/284\n|turn|4\n|\n|t:|1781433142\n|move|p2a: Sawsbuck|Swords Dance|p2a: Sawsbuck\n|-boost|p2a: Sawsbuck|atk|2\n|move|p1a: Gogoat|Bulk Up|p1a: Gogoat\n|-boost|p1a: Gogoat|atk|1\n|-boost|p1a: Gogoat|def|1\n|\n|upkeep\n|turn|5\n|\n|t:|1781433146\n|move|p2a: Sawsbuck|Swords Dance|p2a: Sawsbuck\n|-boost|p2a: Sawsbuck|atk|2\n|move|p1a: Gogoat|Bulk Up|p1a: Gogoat\n|-boost|p1a: Gogoat|atk|1\n|-boost|p1a: Gogoat|def|1\n|\n|upkeep\n|turn|6\n|\n|t:|1781433149\n|move|p2a: Sawsbuck|Swords Dance|p2a: Sawsbuck\n|-boost|p2a: Sawsbuck|atk|2\n|move|p1a: Gogoat|Rock Slide|p2a: Sawsbuck\n|-crit|p2a: Sawsbuck\n|-damage|p2a: Sawsbuck|24/284\n|\n|upkeep\n|turn|7\n|\n|t:|1781433155\n|move|p2a: Sawsbuck|Double-Edge|p1a: Gogoat\n|-damage|p1a: Gogoat|0 fnt\n|faint|p1a: Gogoat\n|-damage|p2a: Sawsbuck|0 fnt|[from] Recoil\n|faint|p2a: Sawsbuck\n|\n|upkeep\n|\n|t:|1781433164\n|switch|p2a: Gumshoos|Gumshoos, L95, F|321/321\n|switch|p1a: Klefki|Klefki, L84, M|233/233\n|-damage|p1a: Klefki|204/233|[from] Spikes\n|turn|8\n|\n|t:|1781433182\n|move|p1a: Klefki|Spikes|p2a: Gumshoos\n|-sidestart|p2: KoffeeArchive|Spikes\n|move|p2a: Gumshoos|Earthquake|p1a: Klefki\n|-supereffective|p1a: Klefki\n|-crit|p1a: Klefki\n|-damage|p1a: Klefki|0 fnt\n|faint|p1a: Klefki\n|\n|upkeep\n|\n|t:|1781433187\n|switch|p1a: Torterra|Torterra, L78, M|276/276\n|-damage|p1a: Torterra|242/276|[from] Spikes\n|turn|9\n|\n|t:|1781433196\n|move|p2a: Gumshoos|Earthquake|p1a: Torterra\n|-resisted|p1a: Torterra\n|-damage|p1a: Torterra|175/276\n|move|p1a: Torterra|Shell Smash|p1a: Torterra\n|-unboost|p1a: Torterra|def|1\n|-unboost|p1a: Torterra|spd|1\n|-boost|p1a: Torterra|atk|2\n|-boost|p1a: Torterra|spa|2\n|-boost|p1a: Torterra|spe|2\n|\n|upkeep\n|turn|10\n|\n|t:|1781433201\n|move|p1a: Torterra|Bullet Seed|p2a: Gumshoos\n|-damage|p2a: Gumshoos|258/321\n|-damage|p2a: Gumshoos|201/321\n|-damage|p2a: Gumshoos|144/321\n|-damage|p2a: Gumshoos|84/321\n|-hitcount|p2a: Gumshoos|4\n|move|p2a: Gumshoos|Earthquake|p1a: Torterra\n|-resisted|p1a: Torterra\n|-crit|p1a: Torterra\n|-damage|p1a: Torterra|23/276\n|\n|upkeep\n|turn|11\n|\n|t:|1781433211\n|move|p1a: Torterra|Bullet Seed|p2a: Gumshoos\n|-damage|p2a: Gumshoos|0 fnt\n|faint|p2a: Gumshoos\n|-hitcount|p2: Gumshoos|1\n|\n|upkeep\n|\n|t:|1781433213\n|switch|p2a: Mimikyu|Mimikyu, L79, M|216/216\n|-damage|p2a: Mimikyu|189/216|[from] Spikes\n|turn|12\n|\n|t:|1781433218\n|move|p2a: Mimikyu|Shadow Sneak|p1a: Torterra\n|-damage|p1a: Torterra|0 fnt\n|faint|p1a: Torterra\n|-damage|p2a: Mimikyu|168/216|[from] item: Life Orb\n|\n|upkeep\n|\n|t:|1781433229\n|switch|p1a: Sableye|Sableye, L88, F|231/231\n|-damage|p1a: Sableye|203/231|[from] Spikes\n|turn|13\n|\n|t:|1781433234\n|move|p1a: Sableye|Will-O-Wisp|p2a: Mimikyu\n|-status|p2a: Mimikyu|brn\n|move|p2a: Mimikyu|Play Rough|p1a: Sableye\n|-supereffective|p1a: Sableye\n|-damage|p1a: Sableye|89/231\n|-damage|p2a: Mimikyu|147/216 brn|[from] item: Life Orb\n|\n|-heal|p1a: Sableye|103/231|[from] item: Leftovers\n|-damage|p2a: Mimikyu|134/216 brn|[from] brn\n|upkeep\n|turn|14\n|\n|t:|1781433246\n|move|p1a: Sableye|Recover|p1a: Sableye\n|-heal|p1a: Sableye|219/231\n|move|p2a: Mimikyu|Play Rough|p1a: Sableye|[miss]\n|-miss|p2a: Mimikyu|p1a: Sableye\n|\n|-heal|p1a: Sableye|231/231|[from] item: Leftovers\n|-damage|p2a: Mimikyu|121/216 brn|[from] brn\n|upkeep\n|turn|15\n|\n|t:|1781433254\n|switch|p1a: Flareon|Flareon, L90, M|263/263\n|-damage|p1a: Flareon|231/263|[from] Spikes\n|move|p2a: Mimikyu|Play Rough|p1a: Flareon\n|-resisted|p1a: Flareon\n|-damage|p1a: Flareon|201/263\n|-damage|p2a: Mimikyu|100/216 brn|[from] item: Life Orb\n|\n|-damage|p2a: Mimikyu|87/216 brn|[from] brn\n|-status|p1a: Flareon|tox|[from] item: Toxic Orb\n|upkeep\n|turn|16\n|\n|t:|1781433266\n|move|p2a: Mimikyu|Shadow Claw|p1a: Flareon\n|-damage|p1a: Flareon|149/263 tox\n|-damage|p2a: Mimikyu|66/216 brn|[from] item: Life Orb\n|move|p1a: Flareon|Trailblaze|p2a: Mimikyu\n|-activate|p2a: Mimikyu|ability: Disguise\n|-damage|p2a: Mimikyu|66/216 brn\n|-boost|p1a: Flareon|spe|1\n|detailschange|p2a: Mimikyu|Mimikyu-Busted, L79, M\n|-damage|p2a: Mimikyu|39/216 brn|[from] pokemon: Mimikyu-Busted\n|\n|-damage|p1a: Flareon|133/263 tox|[from] psn\n|-damage|p2a: Mimikyu|26/216 brn|[from] brn\n|upkeep\n|turn|17\n|\n|t:|1781433283\n|-terastallize|p1a: Flareon|Normal\n|move|p2a: Mimikyu|Shadow Sneak|p1a: Flareon\n|-immune|p1a: Flareon\n|move|p1a: Flareon|Trailblaze|p2a: Mimikyu\n|-damage|p2a: Mimikyu|0 fnt\n|-boost|p1a: Flareon|spe|1\n|faint|p2a: Mimikyu\n|\n|-damage|p1a: Flareon|101/263 tox|[from] psn\n|upkeep\n|\n|t:|1781433287\n|switch|p2a: Kyurem|Kyurem-Black, L71|295/295\n|-damage|p2a: Kyurem|259/295|[from] Spikes\n|-ability|p2a: Kyurem|Teravolt\n|turn|18\n|\n|t:|1781433290\n|move|p1a: Flareon|Facade|p2a: Kyurem\n|-damage|p2a: Kyurem|0 fnt\n|faint|p2a: Kyurem\n|\n|-damage|p1a: Flareon|53/263 tox|[from] psn\n|upkeep\n|\n|t:|1781433293\n|switch|p2a: Lurantis|Lurantis, L87, M|264/264\n|-damage|p2a: Lurantis|231/264|[from] Spikes\n|turn|19\n|\n|t:|1781433296\n|-terastallize|p2a: Lurantis|Fighting\n|move|p1a: Flareon|Flare Blitz|p2a: Lurantis\n|-damage|p2a: Lurantis|0 fnt\n|faint|p2a: Lurantis\n|-damage|p1a: Flareon|0 fnt|[from] Recoil\n|faint|p1a: Flareon\n|\n|win|pokemon theori\n", "inputlog": ">version a8376a258c1d4662feba110a92103f3664a72141\n>start {\"formatid\":\"gen9randombattle\",\"seed\":\"sodium,85667905990943a200cd79b6f1f299f7\",\"rated\":\"Rated battle\"}\n>player p1 {\"name\":\"pokemon theori\",\"avatar\":\"giovanni\",\"rating\":1974,\"seed\":\"sodium,e00a4b129850c7be525fd44b9c73256e\"}\n>player p2 {\"name\":\"KoffeeArchive\",\"avatar\":\"clair\",\"rating\":1959,\"seed\":\"sodium,2c95a34c3f801b5c427a4191eca2fe23\"}\n>p1 move rockslide\n>p2 move spikes\n>p1 move bulkup\n>p2 move spikes\n>p1 move rockslide\n>p2 move spikes\n>p2 switch 3\n>p1 move bulkup\n>p2 move swordsdance\n>p1 move bulkup\n>p2 move swordsdance\n>p1 move rockslide\n>p2 move swordsdance\n>p1 move milkdrink\n>p2 move doubleedge\n>p1 switch 2\n>p2 switch 5\n>p1 move spikes\n>p2 move earthquake\n>p1 switch 4\n>p1 move shellsmash\n>p2 move earthquake\n>p1 move bulletseed\n>p2 move earthquake\n>p1 move bulletseed\n>p2 move earthquake\n>p2 switch 6\n>p1 move bulletseed\n>p2 move shadowsneak\n>p1 switch 6\n>p1 move willowisp\n>p2 move playrough\n>p1 move recover\n>p2 move playrough\n>p1 switch 5\n>p2 move playrough\n>p1 move trailblaze\n>p2 move shadowclaw\n>p1 move trailblaze terastallize\n>p2 move shadowsneak\n>p2 switch 4\n>p1 move facade\n>p2 move iciclespear\n>p2 switch 2\n>p1 move flareblitz\n>p2 move superpower terastallize", "uploadtime": 1781433109, "views": 8, "formatid": "gen9randombattle", "rating": null, "private": 0, "password": null, "player_dets": [{"name": "pokemon theori", "avatar": "giovanni", "rating": 1974, "seed": "sodium,e00a4b129850c7be525fd44b9c73256e"}, {"name": "KoffeeArchive", "avatar": "clair", "rating": 1959, "seed": "sodium,2c95a34c3f801b5c427a4191eca2fe23"}], "teams_full": [{"Gogoat": {"name": "Gogoat", "species": "Gogoat", "speciesId": "gogoat", "gender": "M", "shiny": false, "level": 88, "moves": ["milkdrink", "bulkup", "hornleech", "rockslide"], "ability": "Sap Sipper", "evs": {"hp": 85, "atk": 85, "def": 85, "spa": 85, "spd": 85, "spe": 85}, "ivs": {"hp": 31, "atk": 31, "def": 31, "spa": 31, "spd": 31, "spe": 31}, "item": "Leftovers", "teraType": "Water", "role": "Bulky Setup", "bvs": {"hp": 123, "atk": 100, "def": 62, "spa": 97, "spd": 81, "spe": 68}, "stats": {"hp": 360, "atk": 226, "def": 159, "spa": 221, "spd": 193, "spe": 170}}, "Klefki": {"name": "Klefki", "species": "Klefki", "speciesId": "klefki", "gender": "M", "shiny": false, "level": 84, "moves": ["thunderwave", "dazzlinggleam", "foulplay", "spikes"], "ability": "Prankster", "evs": {"hp": 85, "atk": 0, "def": 85, "spa": 85, "spd": 85, "spe": 85}, "ivs": {"hp": 31, "atk": 0, "def": 31, "spa": 31, "spd": 31, "spe": 31}, "item": "Leftovers", "teraType": "Flying", "role": "Bulky Attacker", "bvs": {"hp": 57, "atk": 80, "def": 91, "spa": 80, "spd": 87, "spe": 75}, "stats": {"hp": 233, "atk": 139, "def": 201, "spa": 183, "spd": 194, "spe": 174}}, "Umbreon": {"name": "Umbreon", "species": "Umbreon", "speciesId": "umbreon", "gender": "F", "shiny": false, "level": 84, "moves": ["protect", "foulplay", "toxic", "wish"], "ability": "Synchronize", "evs": {"hp": 85, "atk": 0, "def": 85, "spa": 85, "spd": 85, "spe": 85}, "ivs": {"hp": 31, "atk": 0, "def": 31, "spa": 31, "spd": 31, "spe": 31}, "item": "Leftovers", "teraType": "Poison", "role": "Bulky Support", "bvs": {"hp": 95, "atk": 65, "def": 110, "spa": 60, "spd": 130, "spe": 65}, "stats": {"hp": 297, "atk": 114, "def": 233, "spa": 149, "spd": 267, "spe": 157}}, "Torterra": {"name": "Torterra", "species": "Torterra", "speciesId": "torterra", "gender": "M", "shiny": false, "level": 78, "moves": ["shellsmash", "bulletseed", "rockblast", "headlongrush"], "ability": "Overgrow", "evs": {"hp": 85, "atk": 85, "def": 85, "spa": 85, "spd": 85, "spe": 85}, "ivs": {"hp": 31, "atk": 31, "def": 31, "spa": 31, "spd": 31, "spe": 31}, "item": "Loaded Dice", "teraType": "Ground", "role": "Setup Sweeper", "bvs": {"hp": 95, "atk": 109, "def": 105, "spa": 75, "spd": 85, "spe": 56}, "stats": {"hp": 276, "atk": 215, "def": 209, "spa": 162, "spd": 178, "spe": 132}}, "Flareon": {"name": "Flareon", "species": "Flareon", "speciesId": "flareon", "gender": "M", "shiny": false, "level": 90, "moves": ["trailblaze", "willowisp", "flareblitz", "facade"], "ability": "Guts", "evs": {"hp": 85, "atk": 85, "def": 85, "spa": 85, "spd": 85, "spe": 85}, "ivs": {"hp": 31, "atk": 31, "def": 31, "spa": 31, "spd": 31, "spe": 31}, "item": "Toxic Orb", "teraType": "Normal", "role": "Setup Sweeper", "bvs": {"hp": 65, "atk": 130, "def": 60, "spa": 95, "spd": 110, "spe": 65}, "stats": {"hp": 263, "atk": 285, "def": 159, "spa": 222, "spd": 249, "spe": 168}}, "Sableye": {"name": "Sableye", "species": "Sableye", "speciesId": "sableye", "gender": "F", "shiny": false, "level": 88, "moves": ["encore", "recover", "knockoff", "willowisp"], "ability": "Prankster", "evs": {"hp": 85, "atk": 85, "def": 85, "spa": 85, "spd": 85, "spe": 85}, "ivs": {"hp": 31, "atk": 31, "def": 31, "spa": 31, "spd": 31, "spe": 31}, "item": "Leftovers", "teraType": "Steel", "role": "Bulky Support", "bvs": {"hp": 50, "atk": 75, "def": 75, "spa": 65, "spd": 65, "spe": 50}, "stats": {"hp": 231, "atk": 182, "def": 182, "spa": 165, "spd": 165, "spe": 138}}}, {"Vespiquen": {"name": "Vespiquen", "species": "Vespiquen", "speciesId": "vespiquen", "gender": "F", "shiny": false, "level": 99, "moves": ["roost", "uturn", "airslash", "spikes"], "ability": "Pressure", "evs": {"hp": 85, "atk": 85, "def": 85, "spa": 85, "spd": 85, "spe": 85}, "ivs": {"hp": 31, "atk": 31, "def": 31, "spa": 31, "spd": 31, "spe": 31}, "item": "Heavy-Duty Boots", "teraType": "Steel", "role": "Bulky Support", "bvs": {"hp": 70, "atk": 80, "def": 102, "spa": 80, "spd": 102, "spe": 40}, "stats": {"hp": 299, "atk": 214, "def": 258, "spa": 214, "spd": 258, "spe": 135}}, "Lurantis": {"name": "Lurantis", "species": "Lurantis", "speciesId": "lurantis", "gender": "M", "shiny": false, "level": 87, "moves": ["leechlife", "leafstorm", "superpower", "knockoff"], "ability": "Contrary", "evs": {"hp": 85, "atk": 85, "def": 85, "spa": 85, "spd": 85, "spe": 85}, "ivs": {"hp": 31, "atk": 31, "def": 31, "spa": 31, "spd": 31, "spe": 31}, "item": "Assault Vest", "teraType": "Fighting", "role": "AV Pivot", "bvs": {"hp": 70, "atk": 105, "def": 90, "spa": 80, "spd": 90, "spe": 45}, "stats": {"hp": 264, "atk": 232, "def": 206, "spa": 189, "spd": 206, "spe": 128}}, "Sawsbuck": {"name": "Sawsbuck", "species": "Sawsbuck-Autumn", "speciesId": "sawsbuck", "gender": "M", "shiny": false, "level": 88, "moves": ["hornleech", "swordsdance", "highhorsepower", "doubleedge"], "ability": "Sap Sipper", "evs": {"hp": 85, "atk": 85, "def": 85, "spa": 85, "spd": 85, "spe": 85}, "ivs": {"hp": 31, "atk": 31, "def": 31, "spa": 31, "spd": 31, "spe": 31}, "item": "Life Orb", "teraType": "Normal", "role": "Setup Sweeper", "bvs": {"hp": 80, "atk": 100, "def": 70, "spa": 60, "spd": 70, "spe": 95}, "stats": {"hp": 284, "atk": 226, "def": 173, "spa": 156, "spd": 173, "spe": 217}}, "Kyurem": {"name": "Kyurem", "species": "Kyurem-Black", "speciesId": "kyuremblack", "gender": "N", "shiny": false, "level": 71, "moves": ["scaleshot", "dragondance", "iciclespear", "terablast"], "ability": "Teravolt", "evs": {"hp": 85, "atk": 85, "def": 85, "spa": 85, "spd": 85, "spe": 85}, "ivs": {"hp": 31, "atk": 31, "def": 31, "spa": 31, "spd": 31, "spe": 31}, "item": "Loaded Dice", "teraType": "Ground", "role": "Tera Blast user", "bvs": {"hp": 125, "atk": 170, "def": 100, "spa": 120, "spd": 90, "spe": 95}, "stats": {"hp": 295, "atk": 283, "def": 183, "spa": 212, "spd": 169, "spe": 176}}, "Gumshoos": {"name": "Gumshoos", "species": "Gumshoos", "speciesId": "gumshoos", "gender": "F", "shiny": false, "level": 95, "moves": ["doubleedge", "uturn", "knockoff", "earthquake"], "ability": "Adaptability", "evs": {"hp": 85, "atk": 85, "def": 85, "spa": 85, "spd": 85, "spe": 85}, "ivs": {"hp": 31, "atk": 31, "def": 31, "spa": 31, "spd": 31, "spe": 31}, "item": "Choice Band", "teraType": "Ground", "role": "Fast Attacker", "bvs": {"hp": 88, "atk": 110, "def": 60, "spa": 55, "spd": 60, "spe": 45}, "stats": {"hp": 321, "atk": 263, "def": 168, "spa": 158, "spd": 168, "spe": 139}}, "Mimikyu": {"name": "Mimikyu", "species": "Mimikyu", "speciesId": "mimikyu", "gender": "M", "shiny": false, "level": 79, "moves": ["swordsdance", "shadowsneak", "shadowclaw", "playrough"], "ability": "Disguise", "evs": {"hp": 85, "atk": 85, "def": 85, "spa": 85, "spd": 85, "spe": 85}, "ivs": {"hp": 31, "atk": 31, "def": 31, "spa": 31, "spd": 31, "spe": 31}, "item": "Life Orb", "teraType": "Fairy", "role": "Fast Bulky Setup", "bvs": {"hp": 55, "atk": 90, "def": 80, "spa": 50, "spd": 105, "spe": 96}, "stats": {"hp": 216, "atk": 188, "def": 172, "spa": 125, "spd": 211, "spe": 197}}}]}