{"id": "gen9randombattle-2631927759", "format": "[Gen 9] Random Battle", "players": ["oddishlover4", "nocomment3"], "log": "|badge|p1|bronze|gen9ou|100-9\n|uhtml|medal-msg|<div class=\"broadcast-blue\">Curious what those medals under the avatar are? PS now has Ladder Seasons! For more information, check out the <a href=\"https://www.smogon.com/forums/threads/3740067/\">thread on Smogon.</a></div>\n|badge|p2|bronze|gen9randombattle|100-9\n|uhtml|medal-msg|<div class=\"broadcast-blue\">Curious what those medals under the avatar are? PS now has Ladder Seasons! For more information, check out the <a href=\"https://www.smogon.com/forums/threads/3740067/\">thread on Smogon.</a></div>\n|j|\u2606oddishlover4\n|j|\u2606nocomment3\n|t:|1781456548\n|gametype|singles\n|player|p1|oddishlover4|266|2316\n|player|p2|nocomment3|101|2317\n|gen|9\n|tier|[Gen 9] Random Battle\n|rated|\n|rule|Species Clause: Limit one of each Pok\u00e9mon\n|rule|HP Percentage Mod: HP is shown in percentages\n|rule|Sleep Clause Mod: Limit one foe put to sleep\n|rule|Illusion Level Mod: Illusion disguises the Pok\u00e9mon's true level\n|\n|t:|1781456548\n|teamsize|p1|6\n|teamsize|p2|6\n|start\n|switch|p1a: Volbeat|Volbeat, L90, M|263/263\n|switch|p2a: Luvdisc|Luvdisc, M|247/247\n|turn|1\n|c|\u2606oddishlover4|gl/hf!\n|inactive|Battle timer is ON: inactive players will automatically lose when time's up. (requested by oddishlover4)\n|\n|t:|1781456574\n|switch|p2a: Lanturn|Lanturn, L89, M|367/367\n|move|p1a: Volbeat|Lunge|p2a: Lanturn\n|-damage|p2a: Lanturn|271/367\n|-unboost|p2a: Lanturn|atk|1\n|\n|upkeep\n|turn|2\n|j| Rabiesdfsdf\n|\n|t:|1781456591\n|move|p1a: Volbeat|Lunge|p2a: Lanturn\n|-damage|p2a: Lanturn|172/367\n|-unboost|p2a: Lanturn|atk|1\n|move|p2a: Lanturn|Thunder Wave|p1a: Volbeat\n|-status|p1a: Volbeat|par\n|\n|upkeep\n|turn|3\n|\n|t:|1781456609\n|move|p1a: Volbeat|Encore|p2a: Lanturn\n|-start|p2a: Lanturn|Encore\n|move|p2a: Lanturn|Thunder Wave|p1a: Volbeat\n|-fail|p1a: Volbeat|par\n|\n|upkeep\n|turn|4\n|\n|t:|1781456628\n|switch|p2a: Luvdisc|Luvdisc, M|247/247\n|move|p1a: Volbeat|Lunge|p2a: Luvdisc\n|-damage|p2a: Luvdisc|153/247\n|-unboost|p2a: Luvdisc|atk|1\n|\n|upkeep\n|turn|5\n|inactive|oddishlover4 has 120 seconds left.\n|\n|t:|1781456645\n|switch|p2a: Lanturn|Lanturn, L89, M|172/367\n|switch|p1a: Arceus|Arceus-Ghost, L69|280/280\n|\n|upkeep\n|turn|6\n|inactive|oddishlover4 has 120 seconds left.\n|\n|t:|1781456663\n|move|p1a: Arceus|Judgment|p2a: Lanturn\n|-damage|p2a: Lanturn|54/367\n|move|p2a: Lanturn|Thunderbolt|p1a: Arceus\n|-damage|p1a: Arceus|198/280\n|\n|upkeep\n|turn|7\n|inactive|oddishlover4 has 120 seconds left.\n|\n|t:|1781456682\n|move|p1a: Arceus|Judgment|p2a: Lanturn\n|-damage|p2a: Lanturn|0 fnt\n|faint|p2a: Lanturn\n|\n|upkeep\n|\n|t:|1781456695\n|switch|p2a: Blissey|Blissey, L85, F|572/572\n|turn|8\n|inactive|oddishlover4 has 120 seconds left.\n|\n|t:|1781456713\n|move|p1a: Arceus|Recover|p1a: Arceus\n|-heal|p1a: Arceus|280/280\n|move|p2a: Blissey|Seismic Toss|p1a: Arceus\n|-immune|p1a: Arceus\n|\n|upkeep\n|turn|9\n|\n|t:|1781456731\n|switch|p1a: Arcanine|Arcanine-Hisui, L79, F|279/279\n|move|p2a: Blissey|Seismic Toss|p1a: Arcanine\n|-damage|p1a: Arcanine|194/279\n|\n|upkeep\n|turn|10\n|\n|t:|1781456751\n|switch|p2a: Solgaleo|Solgaleo, L74|325/325\n|move|p1a: Arcanine|Flare Blitz|p2a: Solgaleo\n|-supereffective|p2a: Solgaleo\n|-damage|p2a: Solgaleo|73/325\n|-damage|p1a: Arcanine|148/279|[from] item: Rocky Helmet|[of] p2a: Solgaleo\n|\n|upkeep\n|turn|11\n|\n|t:|1781456769\n|move|p1a: Arcanine|Flare Blitz|p2a: Solgaleo\n|-supereffective|p2a: Solgaleo\n|-damage|p2a: Solgaleo|0 fnt\n|-damage|p1a: Arcanine|102/279|[from] item: Rocky Helmet|[of] p2a: Solgaleo\n|faint|p2a: Solgaleo\n|\n|upkeep\n|\n|t:|1781456774\n|switch|p2a: Lokix|Lokix, L82, F|251/251\n|turn|12\n|\n|t:|1781456792\n|switch|p1a: Magearna|Magearna, L77|250/250\n|move|p2a: Lokix|Knock Off|p1a: Magearna\n|-resisted|p1a: Magearna\n|-damage|p1a: Magearna|154/250\n|-enditem|p1a: Magearna|Weakness Policy|[from] move: Knock Off|[of] p2a: Lokix\n|\n|upkeep\n|turn|13\n|inactive|oddishlover4 has 90 seconds left.\n|\n|t:|1781456810\n|move|p2a: Lokix|U-turn|p1a: Magearna\n|-resisted|p1a: Magearna\n|-damage|p1a: Magearna|116/250\n|\n|t:|1781456820\n|switch|p2a: Blissey|Blissey, L85, F|572/572|[from] U-turn\n|move|p1a: Magearna|Shift Gear|p1a: Magearna\n|-boost|p1a: Magearna|spe|2\n|-boost|p1a: Magearna|atk|1\n|\n|upkeep\n|turn|14\n|inactive|oddishlover4 has 90 seconds left.\n|\n|t:|1781456838\n|move|p1a: Magearna|Iron Head|p2a: Blissey\n|-damage|p2a: Blissey|286/572\n|move|p2a: Blissey|Thunder Wave|p1a: Magearna\n|-status|p1a: Magearna|par\n|\n|-heal|p2a: Blissey|321/572|[from] item: Leftovers\n|upkeep\n|turn|15\n|inactive|oddishlover4 has 90 seconds left.\n|\n|t:|1781456856\n|switch|p2a: Luvdisc|Luvdisc, M|153/247\n|cant|p1a: Magearna|par\n|\n|upkeep\n|turn|16\n|inactive|oddishlover4 has 90 seconds left.\n|\n|t:|1781456875\n|move|p2a: Luvdisc|Surf|p1a: Magearna\n|-damage|p1a: Magearna|44/250 par\n|move|p1a: Magearna|Fleur Cannon|p2a: Luvdisc\n|-damage|p2a: Luvdisc|0 fnt\n|-unboost|p1a: Magearna|spa|2\n|faint|p2a: Luvdisc\n|-ability|p1a: Magearna|Soul-Heart|boost\n|-boost|p1a: Magearna|spa|1\n|\n|upkeep\n|\n|t:|1781456882\n|switch|p2a: Lokix|Lokix, L82, F|251/251\n|turn|17\n|inactive|oddishlover4 has 90 seconds left.\n|\n|t:|1781456900\n|move|p2a: Lokix|Knock Off|p1a: Magearna\n|-resisted|p1a: Magearna\n|-damage|p1a: Magearna|0 fnt\n|faint|p1a: Magearna\n|\n|upkeep\n|\n|t:|1781456917\n|switch|p1a: Arcanine|Arcanine-Hisui, L79, F|102/279\n|turn|18\n|\n|t:|1781456940\n|move|p2a: Lokix|Sucker Punch|p1a: Arcanine\n|-damage|p1a: Arcanine|12/279\n|move|p1a: Arcanine|Flare Blitz|p2a: Lokix\n|-supereffective|p2a: Lokix\n|-damage|p2a: Lokix|0 fnt\n|faint|p2a: Lokix\n|\n|upkeep\n|\n|t:|1781456944\n|switch|p2a: Haxorus|Haxorus, L77, M|244/244\n|-ability|p2a: Haxorus|Mold Breaker\n|turn|19\n|\n|t:|1781456962\n|move|p1a: Arcanine|Flare Blitz|p2a: Haxorus\n|-resisted|p2a: Haxorus\n|-damage|p2a: Haxorus|172/244\n|move|p2a: Haxorus|Swords Dance|p2a: Haxorus\n|-boost|p2a: Haxorus|atk|2\n|\n|upkeep\n|turn|20\n|inactive|oddishlover4 has 60 seconds left.\n|\n|t:|1781456979\n|move|p1a: Arcanine|Flare Blitz|p2a: Haxorus\n|-resisted|p2a: Haxorus\n|-damage|p2a: Haxorus|109/244\n|move|p2a: Haxorus|Scale Shot|p1a: Arcanine\n|-damage|p1a: Arcanine|0 fnt\n|faint|p1a: Arcanine\n|-hitcount|p1: Arcanine|1\n|-unboost|p2a: Haxorus|def|1\n|-boost|p2a: Haxorus|spe|1\n|\n|upkeep\n|inactive|oddishlover4 has 60 seconds left.\n|\n|t:|1781456996\n|switch|p1a: Azumarill|Azumarill, L82, F|298/298\n|turn|21\n|\n|t:|1781457014\n|-terastallize|p2a: Haxorus|Steel\n|move|p1a: Azumarill|Aqua Jet|p2a: Haxorus\n|-damage|p2a: Haxorus|0 fnt\n|faint|p2a: Haxorus\n|\n|upkeep\n|-message|nocomment3 forfeited.\n|\n|win|oddishlover4\n", "inputlog": ">version a8376a258c1d4662feba110a92103f3664a72141\n>start {\"formatid\":\"gen9randombattle\",\"seed\":\"sodium,488dd746eb461582bf91d401bedad4e4\",\"rated\":\"Rated battle\"}\n>player p1 {\"name\":\"oddishlover4\",\"avatar\":\"266\",\"rating\":2316,\"seed\":\"sodium,eaf9a30202e2701b71f40e1ad93d9d5f\"}\n>player p2 {\"name\":\"nocomment3\",\"avatar\":\"101\",\"rating\":2317,\"seed\":\"sodium,61947f7dbfc792eb19d1129679a10775\"}\n>chat \u2606oddishlover4|gl/hf!\n>p1 move lunge\n>p2 switch 3\n>p1 move lunge\n>p2 move thunderwave\n>p1 move encore\n>p2 move thunderbolt\n>p1 move lunge\n>p2 switch 3\n>p1 switch 6\n>p2 switch 3\n>p1 move judgment\n>p2 move thunderbolt\n>p1 move judgment\n>p2 move thunderbolt\n>p2 switch 6\n>p1 move recover\n>p2 move seismictoss\n>p1 switch 3\n>p2 move seismictoss\n>p1 move flareblitz\n>p2 switch 5\n>p1 move flareblitz\n>p2 move sunsteelstrike\n>p2 switch 2\n>p1 switch 4\n>p2 move knockoff\n>p1 move shiftgear\n>p2 move uturn\n>p2 switch 5\n>p1 move ironhead\n>p2 move thunderwave\n>p1 move ironhead\n>p2 switch 3\n>p1 move fleurcannon\n>p2 move surf\n>p2 switch 5\n>p1 move ironhead\n>p2 move knockoff\n>p1 switch 4\n>p1 move flareblitz\n>p2 move suckerpunch\n>p2 switch 4\n>p1 move flareblitz\n>p2 move swordsdance\n>p1 move flareblitz\n>p2 move scaleshot\n>p1 switch 2\n>p1 move aquajet\n>p2 move ironhead terastallize\n>forcelose p2", "uploadtime": 1781456550, "views": 4, "formatid": "gen9randombattle", "rating": null, "private": 0, "password": null, "player_dets": [{"name": "oddishlover4", "avatar": "266", "rating": 2316, "seed": "sodium,eaf9a30202e2701b71f40e1ad93d9d5f"}, {"name": "nocomment3", "avatar": "101", "rating": 2317, "seed": "sodium,61947f7dbfc792eb19d1129679a10775"}], "teams_full": [{"Volbeat": {"name": "Volbeat", "species": "Volbeat", "speciesId": "volbeat", "gender": "M", "shiny": false, "level": 90, "moves": ["lunge", "encore", "roost", "thunderwave"], "ability": "Prankster", "evs": {"hp": 85, "atk": 85, "def": 85, "spa": 85, "spd": 85, "spe": 85}, "ivs": {"hp": 31, "atk": 31, "def": 31, "spa": 31, "spd": 31, "spe": 31}, "item": "Heavy-Duty Boots", "teraType": "Water", "role": "Bulky Attacker", "bvs": {"hp": 65, "atk": 73, "def": 75, "spa": 47, "spd": 85, "spe": 85}, "stats": {"hp": 263, "atk": 183, "def": 186, "spa": 136, "spd": 204, "spe": 204}, "types": ["Bug"]}, "Azumarill": {"name": "Azumarill", "species": "Azumarill", "speciesId": "azumarill", "gender": "F", "shiny": false, "level": 82, "moves": ["playrough", "superpower", "aquajet", "liquidation"], "ability": "Huge Power", "evs": {"hp": 85, "atk": 85, "def": 85, "spa": 85, "spd": 85, "spe": 85}, "ivs": {"hp": 31, "atk": 31, "def": 31, "spa": 31, "spd": 31, "spe": 31}, "item": "Choice Band", "teraType": "Water", "role": "Bulky Attacker", "bvs": {"hp": 100, "atk": 50, "def": 80, "spa": 60, "spd": 80, "spe": 50}, "stats": {"hp": 298, "atk": 129, "def": 178, "spa": 146, "spd": 178, "spe": 129}, "types": ["Water", "Fairy"]}, "Arcanine": {"name": "Arcanine", "species": "Arcanine-Hisui", "speciesId": "arcaninehisui", "gender": "F", "shiny": false, "level": 79, "moves": ["flareblitz", "closecombat", "headsmash", "wildcharge"], "ability": "Rock Head", "evs": {"hp": 81, "atk": 85, "def": 85, "spa": 85, "spd": 85, "spe": 85}, "ivs": {"hp": 31, "atk": 31, "def": 31, "spa": 31, "spd": 31, "spe": 31}, "item": "Choice Scarf", "teraType": "Fire", "role": "Fast Attacker", "bvs": {"hp": 95, "atk": 115, "def": 80, "spa": 95, "spd": 80, "spe": 90}, "stats": {"hp": 279, "atk": 227, "def": 172, "spa": 196, "spd": 172, "spe": 188}, "types": ["Fire", "Rock"]}, "Magearna": {"name": "Magearna", "species": "Magearna", "speciesId": "magearna", "gender": "N", "shiny": false, "level": 77, "moves": ["ironhead", "fleurcannon", "terablast", "shiftgear"], "ability": "Soul-Heart", "evs": {"hp": 85, "atk": 85, "def": 85, "spa": 85, "spd": 85, "spe": 85}, "ivs": {"hp": 31, "atk": 31, "def": 31, "spa": 31, "spd": 31, "spe": 31}, "item": "Weakness Policy", "teraType": "Ground", "role": "Tera Blast user", "bvs": {"hp": 80, "atk": 95, "def": 115, "spa": 130, "spd": 115, "spe": 65}, "stats": {"hp": 250, "atk": 191, "def": 222, "spa": 245, "spd": 222, "spe": 145}, "types": ["Steel", "Fairy"]}, "Kyogre": {"name": "Kyogre", "species": "Kyogre", "speciesId": "kyogre", "gender": "N", "shiny": false, "level": 71, "moves": ["calmmind", "originpulse", "thunder", "icebeam"], "ability": "Drizzle", "evs": {"hp": 85, "atk": 0, "def": 85, "spa": 85, "spd": 85, "spe": 85}, "ivs": {"hp": 31, "atk": 0, "def": 31, "spa": 31, "spd": 31, "spe": 31}, "item": "Leftovers", "teraType": "Steel", "role": "Bulky Setup", "bvs": {"hp": 100, "atk": 100, "def": 90, "spa": 150, "spd": 140, "spe": 90}, "stats": {"hp": 259, "atk": 147, "def": 169, "spa": 254, "spd": 240, "spe": 169}, "types": ["Water"]}, "Arceus": {"name": "Arceus", "species": "Arceus-Ghost", "speciesId": "arceusghost", "gender": "N", "shiny": false, "level": 69, "moves": ["recover", "judgment", "focusblast", "willowisp"], "ability": "Multitype", "evs": {"hp": 85, "atk": 0, "def": 85, "spa": 85, "spd": 85, "spe": 85}, "ivs": {"hp": 31, "atk": 0, "def": 31, "spa": 31, "spd": 31, "spe": 31}, "item": "Spooky Plate", "teraType": "Dark", "role": "Bulky Attacker", "bvs": {"hp": 120, "atk": 120, "def": 120, "spa": 120, "spd": 120, "spe": 120}, "stats": {"hp": 280, "atk": 170, "def": 206, "spa": 206, "spd": 206, "spe": 206}, "types": ["Ghost"]}}, {"Luvdisc": {"name": "Luvdisc", "species": "Luvdisc", "speciesId": "luvdisc", "gender": "M", "shiny": false, "level": 100, "moves": ["surf", "endeavor", "whirlpool", "substitute"], "ability": "Swift Swim", "evs": {"hp": 81, "atk": 0, "def": 85, "spa": 85, "spd": 85, "spe": 85}, "ivs": {"hp": 31, "atk": 0, "def": 31, "spa": 31, "spd": 31, "spe": 31}, "item": "Heavy-Duty Boots", "teraType": "Ground", "role": "Fast Support", "bvs": {"hp": 43, "atk": 30, "def": 55, "spa": 40, "spd": 65, "spe": 97}, "stats": {"hp": 247, "atk": 65, "def": 167, "spa": 137, "spd": 187, "spe": 251}, "types": ["Water"]}, "Lokix": {"name": "Lokix", "species": "Lokix", "speciesId": "lokix", "gender": "F", "shiny": false, "level": 82, "moves": ["suckerpunch", "knockoff", "uturn", "firstimpression"], "ability": "Tinted Lens", "evs": {"hp": 85, "atk": 85, "def": 85, "spa": 85, "spd": 85, "spe": 85}, "ivs": {"hp": 31, "atk": 31, "def": 31, "spa": 31, "spd": 31, "spe": 31}, "item": "Silver Powder", "teraType": "Bug", "role": "Fast Attacker", "bvs": {"hp": 71, "atk": 102, "def": 78, "spa": 52, "spd": 55, "spe": 92}, "stats": {"hp": 251, "atk": 214, "def": 175, "spa": 132, "spd": 137, "spe": 198}, "types": ["Bug", "Dark"]}, "Lanturn": {"name": "Lanturn", "species": "Lanturn", "speciesId": "lanturn", "gender": "M", "shiny": false, "level": 89, "moves": ["thunderbolt", "scald", "voltswitch", "thunderwave"], "ability": "Volt Absorb", "evs": {"hp": 85, "atk": 0, "def": 85, "spa": 85, "spd": 85, "spe": 85}, "ivs": {"hp": 31, "atk": 0, "def": 31, "spa": 31, "spd": 31, "spe": 31}, "item": "Heavy-Duty Boots", "teraType": "Flying", "role": "Fast Support", "bvs": {"hp": 125, "atk": 58, "def": 58, "spa": 76, "spd": 76, "spe": 67}, "stats": {"hp": 367, "atk": 108, "def": 154, "spa": 186, "spd": 186, "spe": 170}, "types": ["Water", "Electric"]}, "Haxorus": {"name": "Haxorus", "species": "Haxorus", "speciesId": "haxorus", "gender": "M", "shiny": false, "level": 77, "moves": ["earthquake", "swordsdance", "scaleshot", "ironhead"], "ability": "Mold Breaker", "evs": {"hp": 85, "atk": 85, "def": 85, "spa": 85, "spd": 85, "spe": 85}, "ivs": {"hp": 31, "atk": 31, "def": 31, "spa": 31, "spd": 31, "spe": 31}, "item": "Loaded Dice", "teraType": "Steel", "role": "Fast Bulky Setup", "bvs": {"hp": 76, "atk": 147, "def": 90, "spa": 60, "spd": 70, "spe": 97}, "stats": {"hp": 244, "atk": 271, "def": 183, "spa": 137, "spd": 152, "spe": 194}, "types": ["Dragon"]}, "Solgaleo": {"name": "Solgaleo", "species": "Solgaleo", "speciesId": "solgaleo", "gender": "N", "shiny": false, "level": 74, "moves": ["teleport", "psychicfangs", "sunsteelstrike", "morningsun"], "ability": "Full Metal Body", "evs": {"hp": 85, "atk": 85, "def": 85, "spa": 85, "spd": 85, "spe": 85}, "ivs": {"hp": 31, "atk": 31, "def": 31, "spa": 31, "spd": 31, "spe": 31}, "item": "Rocky Helmet", "teraType": "Water", "role": "Bulky Attacker", "bvs": {"hp": 137, "atk": 137, "def": 107, "spa": 113, "spd": 89, "spe": 97}, "stats": {"hp": 325, "atk": 246, "def": 201, "spa": 210, "spd": 175, "spe": 187}, "types": ["Psychic", "Steel"]}, "Blissey": {"name": "Blissey", "species": "Blissey", "speciesId": "blissey", "gender": "F", "shiny": false, "level": 85, "moves": ["healbell", "softboiled", "seismictoss", "thunderwave"], "ability": "Natural Cure", "evs": {"hp": 85, "atk": 0, "def": 85, "spa": 85, "spd": 85, "spe": 85}, "ivs": {"hp": 31, "atk": 0, "def": 31, "spa": 31, "spd": 31, "spe": 31}, "item": "Leftovers", "teraType": "Ghost", "role": "Bulky Support", "bvs": {"hp": 255, "atk": 10, "def": 10, "spa": 75, "spd": 135, "spe": 55}, "stats": {"hp": 572, "atk": 22, "def": 66, "spa": 176, "spd": 278, "spe": 142}, "types": ["Normal"]}}]}