{"id": "gen9randombattle-2631829888", "format": "[Gen 9] Random Battle", "players": ["Lord Stantler", "Jefejenaro"], "log": "|j|\u2606Lord Stantler\n|j|\u2606Jefejenaro\n|t:|1781445520\n|gametype|singles\n|player|p1|Lord Stantler|169|1953\n|player|p2|Jefejenaro|wallace|1996\n|gen|9\n|tier|[Gen 9] Random Battle\n|rated|\n|rule|Species Clause: Limit one of each Pok\u00e9mon\n|rule|HP Percentage Mod: HP is shown in percentages\n|rule|Sleep Clause Mod: Limit one foe put to sleep\n|rule|Illusion Level Mod: Illusion disguises the Pok\u00e9mon's true level\n|\n|t:|1781445520\n|teamsize|p1|6\n|teamsize|p2|6\n|start\n|switch|p1a: Scrafty|Scrafty, L83, M|244/244\n|switch|p2a: Dachsbun|Dachsbun, L92, M|254/254\n|-ability|p1a: Scrafty|Intimidate|boost\n|-unboost|p2a: Dachsbun|atk|1\n|turn|1\n|inactive|Battle timer is ON: inactive players will automatically lose when time's up. (requested by Lord Stantler)\n|\n|t:|1781445535\n|switch|p1a: Wigglytuff|Wigglytuff, L96, F|424/424\n|move|p2a: Dachsbun|Play Rough|p1a: Wigglytuff\n|-damage|p1a: Wigglytuff|340/424\n|\n|-heal|p1a: Wigglytuff|366/424|[from] item: Leftovers\n|upkeep\n|turn|2\n|\n|t:|1781445553\n|switch|p2a: Magearna|Magearna, L77|250/250\n|move|p1a: Wigglytuff|Knock Off|p2a: Magearna\n|-resisted|p2a: Magearna\n|-damage|p2a: Magearna|218/250\n|-enditem|p2a: Magearna|Leftovers|[from] move: Knock Off|[of] p1a: Wigglytuff\n|\n|-heal|p1a: Wigglytuff|392/424|[from] item: Leftovers\n|upkeep\n|turn|3\n|\n|t:|1781445563\n|move|p2a: Magearna|Spikes|p1a: Wigglytuff\n|-sidestart|p1: Lord Stantler|Spikes\n|move|p1a: Wigglytuff|Thunder Wave|p2a: Magearna\n|-status|p2a: Magearna|par\n|\n|-heal|p1a: Wigglytuff|418/424|[from] item: Leftovers\n|upkeep\n|turn|4\n|\n|t:|1781445589\n|move|p1a: Wigglytuff|Fire Blast|p2a: Magearna\n|-supereffective|p2a: Magearna\n|-damage|p2a: Magearna|46/250 par\n|move|p2a: Magearna|Spikes|p1a: Wigglytuff\n|-sidestart|p1: Lord Stantler|Spikes\n|\n|-heal|p1a: Wigglytuff|424/424|[from] item: Leftovers\n|upkeep\n|turn|5\n|\n|t:|1781445598\n|move|p1a: Wigglytuff|Knock Off|p2a: Magearna\n|-resisted|p2a: Magearna\n|-damage|p2a: Magearna|24/250 par\n|cant|p2a: Magearna|par\n|\n|upkeep\n|turn|6\n|\n|t:|1781445603\n|move|p1a: Wigglytuff|Dazzling Gleam|p2a: Magearna\n|-resisted|p2a: Magearna\n|-damage|p2a: Magearna|0 fnt\n|faint|p2a: Magearna\n|\n|upkeep\n|\n|t:|1781445615\n|switch|p2a: Empoleon|Empoleon, L84, M|278/278\n|turn|7\n|\n|t:|1781445620\n|move|p2a: Empoleon|Knock Off|p1a: Wigglytuff\n|-resisted|p1a: Wigglytuff\n|-crit|p1a: Wigglytuff\n|-damage|p1a: Wigglytuff|361/424\n|-enditem|p1a: Wigglytuff|Leftovers|[from] move: Knock Off|[of] p2a: Empoleon\n|move|p1a: Wigglytuff|Thunder Wave|p2a: Empoleon\n|-status|p2a: Empoleon|par\n|\n|upkeep\n|turn|8\n|\n|t:|1781445624\n|move|p1a: Wigglytuff|Knock Off|p2a: Empoleon\n|-damage|p2a: Empoleon|205/278 par\n|-enditem|p2a: Empoleon|Leftovers|[from] move: Knock Off|[of] p1a: Wigglytuff\n|cant|p2a: Empoleon|par\n|\n|upkeep\n|turn|9\n|\n|t:|1781445630\n|move|p1a: Wigglytuff|Knock Off|p2a: Empoleon\n|-damage|p2a: Empoleon|155/278 par\n|move|p2a: Empoleon|Yawn|p1a: Wigglytuff\n|-start|p1a: Wigglytuff|move: Yawn|[of] p2a: Empoleon\n|\n|upkeep\n|turn|10\n|\n|t:|1781445645\n|switch|p1a: Dedenne|Dedenne, L88, M|261/261\n|-damage|p1a: Dedenne|218/261|[from] Spikes\n|move|p2a: Empoleon|Roost|p2a: Empoleon\n|-heal|p2a: Empoleon|278/278 par\n|-singleturn|p2a: Empoleon|move: Roost\n|\n|upkeep\n|turn|11\n|\n|t:|1781445665\n|move|p1a: Dedenne|Thunderbolt|p2a: Empoleon\n|-supereffective|p2a: Empoleon\n|-damage|p2a: Empoleon|126/278 par\n|move|p2a: Empoleon|Knock Off|p1a: Dedenne\n|-resisted|p1a: Dedenne\n|-damage|p1a: Dedenne|177/261\n|-enditem|p1a: Dedenne|Sitrus Berry|[from] move: Knock Off|[of] p2a: Empoleon\n|\n|upkeep\n|turn|12\n|\n|t:|1781445679\n|switch|p2a: Galvantula|Galvantula, L82, F|249/249\n|move|p1a: Dedenne|Thunderbolt|p2a: Galvantula\n|-resisted|p2a: Galvantula\n|-damage|p2a: Galvantula|189/249\n|\n|upkeep\n|turn|13\n|\n|t:|1781445683\n|move|p1a: Dedenne|Super Fang|p2a: Galvantula\n|-damage|p2a: Galvantula|95/249\n|move|p2a: Galvantula|Sticky Web|p1a: Dedenne\n|-sidestart|p1: Lord Stantler|move: Sticky Web\n|\n|upkeep\n|turn|14\n|\n|t:|1781445691\n|move|p1a: Dedenne|Dazzling Gleam|p2a: Galvantula\n|-damage|p2a: Galvantula|0 fnt\n|faint|p2a: Galvantula\n|\n|upkeep\n|\n|t:|1781445699\n|switch|p2a: Dachsbun|Dachsbun, L92, M|254/254\n|turn|15\n|\n|t:|1781445703\n|move|p1a: Dedenne|Thunderbolt|p2a: Dachsbun\n|-damage|p2a: Dachsbun|170/254\n|move|p2a: Dachsbun|Play Rough|p1a: Dedenne\n|-damage|p1a: Dedenne|56/261\n|\n|-heal|p2a: Dachsbun|185/254|[from] item: Leftovers\n|upkeep\n|turn|16\n|\n|t:|1781445708\n|move|p2a: Dachsbun|Protect|p2a: Dachsbun\n|-singleturn|p2a: Dachsbun|Protect\n|move|p1a: Dedenne|Thunderbolt|p2a: Dachsbun\n|-activate|p2a: Dachsbun|move: Protect\n|\n|-heal|p2a: Dachsbun|200/254|[from] item: Leftovers\n|upkeep\n|turn|17\n|\n|t:|1781445712\n|move|p1a: Dedenne|Thunderbolt|p2a: Dachsbun\n|-damage|p2a: Dachsbun|110/254\n|-status|p2a: Dachsbun|par\n|move|p2a: Dachsbun|Play Rough|p1a: Dedenne\n|-damage|p1a: Dedenne|0 fnt\n|faint|p1a: Dedenne\n|\n|-heal|p2a: Dachsbun|125/254 par|[from] item: Leftovers\n|upkeep\n|\n|t:|1781445722\n|switch|p1a: Wigglytuff|Wigglytuff, L96, F|361/424\n|-damage|p1a: Wigglytuff|291/424|[from] Spikes\n|-activate|p1a: Wigglytuff|move: Sticky Web\n|-unboost|p1a: Wigglytuff|spe|1\n|-ability|p1a: Wigglytuff|Competitive|boost\n|-boost|p1a: Wigglytuff|spa|2\n|turn|18\n|\n|t:|1781445735\n|move|p2a: Dachsbun|Play Rough|p1a: Wigglytuff\n|-damage|p1a: Wigglytuff|158/424\n|move|p1a: Wigglytuff|Dazzling Gleam|p2a: Dachsbun\n|-damage|p2a: Dachsbun|0 fnt\n|faint|p2a: Dachsbun\n|\n|upkeep\n|\n|t:|1781445748\n|switch|p2a: Empoleon|Empoleon, L84, M|126/278 par\n|turn|19\n|\n|t:|1781445752\n|move|p1a: Wigglytuff|Fire Blast|p2a: Empoleon\n|-damage|p2a: Empoleon|0 fnt\n|faint|p2a: Empoleon\n|\n|upkeep\n|\n|t:|1781445756\n|switch|p2a: Drifblim|Drifblim, L86, M|398/398\n|turn|20\n|\n|t:|1781445758\n|move|p2a: Drifblim|Air Slash|p1a: Wigglytuff\n|-damage|p1a: Wigglytuff|52/424\n|cant|p1a: Wigglytuff|flinch\n|\n|upkeep\n|turn|21\n|\n|t:|1781445762\n|move|p2a: Drifblim|Air Slash|p1a: Wigglytuff\n|-damage|p1a: Wigglytuff|0 fnt\n|faint|p1a: Wigglytuff\n|\n|upkeep\n|\n|t:|1781445770\n|switch|p1a: Scrafty|Scrafty, L83, M|244/244\n|-damage|p1a: Scrafty|204/244|[from] Spikes\n|-activate|p1a: Scrafty|move: Sticky Web\n|-unboost|p1a: Scrafty|spe|1\n|-ability|p1a: Scrafty|Intimidate|boost\n|-unboost|p2a: Drifblim|atk|1\n|turn|22\n|\n|t:|1781445777\n|move|p2a: Drifblim|Air Slash|p1a: Scrafty\n|-supereffective|p1a: Scrafty\n|-damage|p1a: Scrafty|82/244\n|move|p1a: Scrafty|Dragon Dance|p1a: Scrafty\n|-boost|p1a: Scrafty|atk|1\n|-boost|p1a: Scrafty|spe|1\n|\n|-heal|p1a: Scrafty|97/244|[from] item: Leftovers\n|upkeep\n|turn|23\n|\n|t:|1781445783\n|-terastallize|p1a: Scrafty|Poison\n|move|p2a: Drifblim|Air Slash|p1a: Scrafty\n|-damage|p1a: Scrafty|37/244\n|move|p1a: Scrafty|Dragon Dance|p1a: Scrafty\n|-boost|p1a: Scrafty|atk|1\n|-boost|p1a: Scrafty|spe|1\n|\n|-heal|p1a: Scrafty|52/244|[from] item: Leftovers\n|upkeep\n|turn|24\n|\n|t:|1781445792\n|move|p1a: Scrafty|Knock Off|p2a: Drifblim\n|-supereffective|p2a: Drifblim\n|-crit|p2a: Drifblim\n|-damage|p2a: Drifblim|0 fnt\n|-damage|p1a: Scrafty|0 fnt|[from] ability: Aftermath|[of] p2a: Drifblim\n|faint|p2a: Drifblim\n|faint|p1a: Scrafty\n|\n|upkeep\n|\n|t:|1781445799\n|switch|p2a: Charizard|Charizard, L85, M|271/271\n|switch|p1a: Mienshao|Mienshao, L83, M|244/244\n|-damage|p1a: Mienshao|204/244|[from] Spikes\n|-activate|p1a: Mienshao|move: Sticky Web\n|-unboost|p1a: Mienshao|spe|1\n|turn|25\n|\n|t:|1781445804\n|move|p2a: Charizard|Hurricane|p1a: Mienshao\n|-supereffective|p1a: Mienshao\n|-damage|p1a: Mienshao|0 fnt\n|faint|p1a: Mienshao\n|\n|upkeep\n|\n|t:|1781445805\n|switch|p1a: Flygon|Flygon, L82, F|265/265\n|turn|26\n|\n|t:|1781445818\n|move|p2a: Charizard|Hurricane|p1a: Flygon\n|-damage|p1a: Flygon|130/265\n|move|p1a: Flygon|Stone Edge|p2a: Charizard\n|-supereffective|p2a: Charizard\n|-damage|p2a: Charizard|0 fnt\n|faint|p2a: Charizard\n|\n|win|Lord Stantler\n", "inputlog": ">version a8376a258c1d4662feba110a92103f3664a72141\n>start {\"formatid\":\"gen9randombattle\",\"seed\":\"sodium,88ec7ef4be1b92a358482e3d70f7fcfc\",\"rated\":\"Rated battle\"}\n>player p1 {\"name\":\"Lord Stantler\",\"avatar\":\"169\",\"rating\":1953,\"seed\":\"sodium,41d20713cfb2a84afa144c06e2f12630\"}\n>player p2 {\"name\":\"Jefejenaro\",\"avatar\":\"wallace\",\"rating\":1996,\"seed\":\"sodium,fa1bb400eea7ba7d44db4025ae68697a\"}\n>p1 switch 4\n>p2 move playrough\n>p1 move knockoff\n>p2 switch 4\n>p1 move thunderwave\n>p2 move spikes\n>p1 move fireblast\n>p2 move spikes\n>p1 move knockoff\n>p2 move flashcannon\n>p1 move dazzlinggleam\n>p2 move flashcannon\n>p2 switch 6\n>p1 move thunderwave\n>p2 move knockoff\n>p1 move knockoff\n>p2 move yawn\n>p1 move knockoff\n>p2 move yawn\n>p1 switch 5\n>p2 move roost\n>p1 move thunderbolt\n>p2 move knockoff\n>p1 move thunderbolt\n>p2 switch 5\n>p1 move superfang\n>p2 move stickyweb\n>p1 move dazzlinggleam\n>p2 move voltswitch\n>p2 switch 4\n>p1 move thunderbolt\n>p2 move playrough\n>p1 move thunderbolt\n>p2 move protect\n>p1 move thunderbolt\n>p2 move playrough\n>p1 switch 5\n>p1 move dazzlinggleam\n>p2 move playrough\n>p2 switch 5\n>p1 move fireblast\n>p2 move surf\n>p2 switch 2\n>p1 move thunderwave\n>p2 move airslash\n>p1 move thunderwave\n>p2 move airslash\n>p1 switch 4\n>p1 move dragondance\n>p2 move airslash\n>p1 move dragondance terastallize\n>p2 move airslash\n>p1 move knockoff\n>p2 move shadowball\n>p1 switch 6\n>p2 switch 3\n>p1 move tripleaxel\n>p2 move hurricane\n>p1 switch 2\n>p1 move stoneedge\n>p2 move hurricane", "uploadtime": 1781445522, "views": 8, "formatid": "gen9randombattle", "rating": null, "private": 0, "password": null, "player_dets": [{"name": "Lord Stantler", "avatar": "169", "rating": 1953, "seed": "sodium,41d20713cfb2a84afa144c06e2f12630"}, {"name": "Jefejenaro", "avatar": "wallace", "rating": 1996, "seed": "sodium,fa1bb400eea7ba7d44db4025ae68697a"}], "teams_full": [{"Scrafty": {"name": "Scrafty", "species": "Scrafty", "speciesId": "scrafty", "gender": "M", "shiny": false, "level": 83, "moves": ["dragondance", "knockoff", "poisonjab", "drainpunch"], "ability": "Intimidate", "evs": {"hp": 85, "atk": 85, "def": 85, "spa": 85, "spd": 85, "spe": 85}, "ivs": {"hp": 31, "atk": 31, "def": 31, "spa": 31, "spd": 31, "spe": 31}, "item": "Leftovers", "teraType": "Poison", "role": "Bulky Attacker", "bvs": {"hp": 65, "atk": 90, "def": 115, "spa": 45, "spd": 115, "spe": 58}, "stats": {"hp": 244, "atk": 197, "def": 239, "spa": 122, "spd": 239, "spe": 144}}, "Flygon": {"name": "Flygon", "species": "Flygon", "speciesId": "flygon", "gender": "F", "shiny": false, "level": 82, "moves": ["earthquake", "outrage", "stoneedge", "uturn"], "ability": "Levitate", "evs": {"hp": 85, "atk": 85, "def": 85, "spa": 85, "spd": 85, "spe": 85}, "ivs": {"hp": 31, "atk": 31, "def": 31, "spa": 31, "spd": 31, "spe": 31}, "item": "Choice Band", "teraType": "Ground", "role": "Fast Attacker", "bvs": {"hp": 80, "atk": 100, "def": 80, "spa": 80, "spd": 80, "spe": 100}, "stats": {"hp": 265, "atk": 211, "def": 178, "spa": 178, "spd": 178, "spe": 211}}, "Lunala": {"name": "Lunala", "species": "Lunala", "speciesId": "lunala", "gender": "N", "shiny": false, "level": 70, "moves": ["moonlight", "moongeistbeam", "calmmind", "moonblast"], "ability": "Shadow Shield", "evs": {"hp": 85, "atk": 0, "def": 85, "spa": 85, "spd": 85, "spe": 85}, "ivs": {"hp": 31, "atk": 0, "def": 31, "spa": 31, "spd": 31, "spe": 31}, "item": "Leftovers", "teraType": "Fairy", "role": "Bulky Setup", "bvs": {"hp": 137, "atk": 113, "def": 89, "spa": 137, "spd": 107, "spe": 97}, "stats": {"hp": 308, "atk": 163, "def": 166, "spa": 233, "spd": 191, "spe": 177}}, "Wigglytuff": {"name": "Wigglytuff", "species": "Wigglytuff", "speciesId": "wigglytuff", "gender": "F", "shiny": false, "level": 96, "moves": ["dazzlinggleam", "knockoff", "fireblast", "thunderwave"], "ability": "Competitive", "evs": {"hp": 85, "atk": 85, "def": 85, "spa": 85, "spd": 85, "spe": 85}, "ivs": {"hp": 31, "atk": 31, "def": 31, "spa": 31, "spd": 31, "spe": 31}, "item": "Leftovers", "teraType": "Poison", "role": "Bulky Support", "bvs": {"hp": 140, "atk": 70, "def": 45, "spa": 85, "spd": 50, "spe": 45}, "stats": {"hp": 424, "atk": 189, "def": 141, "spa": 218, "spd": 150, "spe": 141}}, "Dedenne": {"name": "Dedenne", "species": "Dedenne", "speciesId": "dedenne", "gender": "M", "shiny": false, "level": 88, "moves": ["uturn", "dazzlinggleam", "superfang", "thunderbolt"], "ability": "Cheek Pouch", "evs": {"hp": 85, "atk": 85, "def": 85, "spa": 85, "spd": 85, "spe": 85}, "ivs": {"hp": 31, "atk": 31, "def": 31, "spa": 31, "spd": 31, "spe": 31}, "item": "Sitrus Berry", "teraType": "Flying", "role": "Fast Support", "bvs": {"hp": 67, "atk": 58, "def": 57, "spa": 81, "spd": 67, "spe": 101}, "stats": {"hp": 261, "atk": 152, "def": 151, "spa": 193, "spd": 168, "spe": 228}}, "Mienshao": {"name": "Mienshao", "species": "Mienshao", "speciesId": "mienshao", "gender": "M", "shiny": false, "level": 83, "moves": ["closecombat", "swordsdance", "tripleaxel", "knockoff"], "ability": "Regenerator", "evs": {"hp": 85, "atk": 85, "def": 85, "spa": 85, "spd": 85, "spe": 85}, "ivs": {"hp": 31, "atk": 31, "def": 31, "spa": 31, "spd": 31, "spe": 31}, "item": "Life Orb", "teraType": "Fighting", "role": "Setup Sweeper", "bvs": {"hp": 65, "atk": 125, "def": 60, "spa": 95, "spd": 60, "spe": 105}, "stats": {"hp": 244, "atk": 255, "def": 147, "spa": 205, "spd": 147, "spe": 222}}}, {"Dachsbun": {"name": "Dachsbun", "species": "Dachsbun", "speciesId": "dachsbun", "gender": "M", "shiny": false, "level": 92, "moves": ["wish", "playrough", "bodypress", "protect"], "ability": "Well-Baked Body", "evs": {"hp": 85, "atk": 85, "def": 85, "spa": 85, "spd": 85, "spe": 85}, "ivs": {"hp": 31, "atk": 31, "def": 31, "spa": 31, "spd": 31, "spe": 31}, "item": "Leftovers", "teraType": "Steel", "role": "Bulky Support", "bvs": {"hp": 57, "atk": 80, "def": 115, "spa": 50, "spd": 80, "spe": 95}, "stats": {"hp": 254, "atk": 200, "def": 264, "spa": 144, "spd": 200, "spe": 227}}, "Drifblim": {"name": "Drifblim", "species": "Drifblim", "speciesId": "drifblim", "gender": "M", "shiny": false, "level": 86, "moves": ["defog", "airslash", "shadowball", "strengthsap"], "ability": "Aftermath", "evs": {"hp": 85, "atk": 0, "def": 85, "spa": 85, "spd": 85, "spe": 85}, "ivs": {"hp": 31, "atk": 0, "def": 31, "spa": 31, "spd": 31, "spe": 31}, "item": "Heavy-Duty Boots", "teraType": "Dark", "role": "Bulky Attacker", "bvs": {"hp": 150, "atk": 80, "def": 44, "spa": 90, "spd": 54, "spe": 80}, "stats": {"hp": 398, "atk": 142, "def": 125, "spa": 204, "spd": 142, "spe": 187}}, "Charizard": {"name": "Charizard", "species": "Charizard", "speciesId": "charizard", "gender": "M", "shiny": false, "level": 85, "moves": ["focusblast", "flamethrower", "hurricane", "earthquake"], "ability": "Blaze", "evs": {"hp": 85, "atk": 85, "def": 85, "spa": 85, "spd": 85, "spe": 85}, "ivs": {"hp": 31, "atk": 31, "def": 31, "spa": 31, "spd": 31, "spe": 31}, "item": "Heavy-Duty Boots", "teraType": "Dragon", "role": "Fast Attacker", "bvs": {"hp": 78, "atk": 84, "def": 78, "spa": 109, "spd": 85, "spe": 100}, "stats": {"hp": 271, "atk": 192, "def": 181, "spa": 234, "spd": 193, "spe": 219}}, "Magearna": {"name": "Magearna", "species": "Magearna", "speciesId": "magearna", "gender": "N", "shiny": false, "level": 77, "moves": ["flashcannon", "fleurcannon", "spikes", "aurasphere"], "ability": "Soul-Heart", "evs": {"hp": 85, "atk": 0, "def": 85, "spa": 85, "spd": 85, "spe": 85}, "ivs": {"hp": 31, "atk": 0, "def": 31, "spa": 31, "spd": 31, "spe": 31}, "item": "Leftovers", "teraType": "Fighting", "role": "Bulky Attacker", "bvs": {"hp": 80, "atk": 95, "def": 115, "spa": 130, "spd": 115, "spe": 65}, "stats": {"hp": 250, "atk": 151, "def": 222, "spa": 245, "spd": 222, "spe": 145}}, "Galvantula": {"name": "Galvantula", "species": "Galvantula", "speciesId": "galvantula", "gender": "F", "shiny": false, "level": 82, "moves": ["thunder", "stickyweb", "voltswitch", "bugbuzz"], "ability": "Compound Eyes", "evs": {"hp": 85, "atk": 0, "def": 85, "spa": 85, "spd": 85, "spe": 85}, "ivs": {"hp": 31, "atk": 0, "def": 31, "spa": 31, "spd": 31, "spe": 31}, "item": "Heavy-Duty Boots", "teraType": "Electric", "role": "Fast Support", "bvs": {"hp": 70, "atk": 77, "def": 60, "spa": 97, "spd": 60, "spe": 108}, "stats": {"hp": 249, "atk": 131, "def": 146, "spa": 206, "spd": 146, "spe": 224}}, "Empoleon": {"name": "Empoleon", "species": "Empoleon", "speciesId": "empoleon", "gender": "M", "shiny": false, "level": 84, "moves": ["knockoff", "surf", "yawn", "roost"], "ability": "Competitive", "evs": {"hp": 85, "atk": 85, "def": 85, "spa": 85, "spd": 85, "spe": 85}, "ivs": {"hp": 31, "atk": 31, "def": 31, "spa": 31, "spd": 31, "spe": 31}, "item": "Leftovers", "teraType": "Grass", "role": "Bulky Support", "bvs": {"hp": 84, "atk": 86, "def": 88, "spa": 111, "spd": 101, "spe": 60}, "stats": {"hp": 278, "atk": 193, "def": 196, "spa": 235, "spd": 218, "spe": 149}}}]}