{"id": "gen9randombattle-2631379864", "format": "[Gen 9] Random Battle", "players": ["Isitshine11", "Axelace"], "log": "|j|\u2606Isitshine11\n|j|\u2606Axelace\n|t:|1781377773\n|gametype|singles\n|player|p1|Isitshine11|medium|2045\n|player|p2|Axelace|riley|2041\n|gen|9\n|tier|[Gen 9] Random Battle\n|rated|\n|rule|Species Clause: Limit one of each Pok\u00e9mon\n|rule|HP Percentage Mod: HP is shown in percentages\n|rule|Sleep Clause Mod: Limit one foe put to sleep\n|rule|Illusion Level Mod: Illusion disguises the Pok\u00e9mon's true level\n|\n|t:|1781377773\n|teamsize|p1|6\n|teamsize|p2|6\n|start\n|switch|p1a: Granbull|Granbull, L88, M|302/302\n|switch|p2a: Dragonite|Dragonite, L74, F|257/257\n|-ability|p1a: Granbull|Intimidate|boost\n|-unboost|p2a: Dragonite|atk|1\n|turn|1\n|inactive|Battle timer is ON: inactive players will automatically lose when time's up. (requested by Isitshine11)\n|\n|t:|1781377790\n|switch|p2a: Vileplume|Vileplume, L85, M|266/266\n|move|p1a: Granbull|Play Rough|p2a: Vileplume\n|-resisted|p2a: Vileplume\n|-damage|p2a: Vileplume|204/266\n|\n|-heal|p2a: Vileplume|220/266|[from] item: Leftovers\n|upkeep\n|turn|2\n|\n|t:|1781377797\n|switch|p1a: Okidogi|Okidogi, L77, M|262/262\n|move|p2a: Vileplume|Sleep Powder|p1a: Okidogi|[miss]\n|-miss|p2a: Vileplume|p1a: Okidogi\n|\n|-heal|p2a: Vileplume|236/266|[from] item: Leftovers\n|upkeep\n|turn|3\n|\n|t:|1781377804\n|move|p1a: Okidogi|Knock Off|p2a: Vileplume\n|-crit|p2a: Vileplume\n|-damage|p2a: Vileplume|133/266\n|-status|p1a: Okidogi|slp|[from] ability: Effect Spore|[of] p2a: Vileplume\n|-enditem|p2a: Vileplume|Leftovers|[from] move: Knock Off|[of] p1a: Okidogi\n|move|p2a: Vileplume|Sleep Powder|p1a: Okidogi\n|-fail|p1a: Okidogi|slp\n|\n|upkeep\n|turn|4\n|\n|t:|1781377810\n|cant|p1a: Okidogi|slp\n|move|p2a: Vileplume|Strength Sap|p1a: Okidogi\n|-unboost|p1a: Okidogi|atk|1\n|-heal|p2a: Vileplume|266/266\n|\n|upkeep\n|turn|5\n|\n|t:|1781377814\n|switch|p2a: Mesprit|Mesprit, L85|275/275\n|cant|p1a: Okidogi|slp\n|\n|upkeep\n|turn|6\n|\n|t:|1781377820\n|switch|p1a: Lokix|Lokix, L82, F|251/251\n|move|p2a: Mesprit|Trick|p1a: Lokix\n|-activate|p2a: Mesprit|move: Trick|[of] p1a: Lokix\n|-item|p1a: Lokix|Choice Scarf|[from] move: Trick\n|-item|p2a: Mesprit|Life Orb|[from] move: Trick\n|\n|upkeep\n|turn|7\n|\n|t:|1781377837\n|switch|p1a: Talonflame|Talonflame, L83, F|265/265\n|switch|p2a: Greedent|Greedent, L86, M|347/347\n|\n|upkeep\n|turn|8\n|\n|t:|1781377841\n|move|p1a: Talonflame|U-turn|p2a: Greedent\n|-damage|p2a: Greedent|305/347\n|\n|t:|1781377846\n|switch|p1a: Granbull|Granbull, L88, M|302/302|[from] U-turn\n|-ability|p1a: Granbull|Intimidate|boost\n|-unboost|p2a: Greedent|atk|1\n|move|p2a: Greedent|Swords Dance|p2a: Greedent\n|-boost|p2a: Greedent|atk|2\n|\n|upkeep\n|turn|9\n|\n|t:|1781377849\n|move|p2a: Greedent|Double-Edge|p1a: Granbull\n|-damage|p1a: Granbull|92/302\n|-damage|p2a: Greedent|236/347|[from] Recoil\n|move|p1a: Granbull|Roar|p2a: Greedent\n|drag|p2a: Vileplume|Vileplume, L85, M|266/266\n|\n|-heal|p1a: Granbull|110/302|[from] item: Leftovers\n|upkeep\n|turn|10\n|\n|t:|1781377857\n|switch|p1a: Okidogi|Okidogi, L77, M|262/262 slp\n|move|p2a: Vileplume|Sludge Bomb|p1a: Okidogi\n|-resisted|p1a: Okidogi\n|-damage|p1a: Okidogi|222/262 slp\n|\n|upkeep\n|turn|11\n|\n|t:|1781377861\n|-curestatus|p1a: Okidogi|slp|[msg]\n|move|p1a: Okidogi|Gunk Shot|p2a: Vileplume\n|-damage|p2a: Vileplume|124/266\n|move|p2a: Vileplume|Sludge Bomb|p1a: Okidogi\n|-resisted|p1a: Okidogi\n|-damage|p1a: Okidogi|183/262\n|\n|upkeep\n|turn|12\n|\n|t:|1781377868\n|move|p1a: Okidogi|Gunk Shot|p2a: Vileplume\n|-damage|p2a: Vileplume|0 fnt\n|faint|p2a: Vileplume\n|\n|upkeep\n|\n|t:|1781377876\n|switch|p2a: Dragonite|Dragonite, L74, F|257/257\n|turn|13\n|\n|t:|1781377882\n|move|p1a: Okidogi|Gunk Shot|p2a: Dragonite\n|-damage|p2a: Dragonite|192/257\n|-status|p2a: Dragonite|tox|[from] ability: Toxic Chain|[of] p1a: Okidogi\n|move|p2a: Dragonite|Dragon Dance|p2a: Dragonite\n|-boost|p2a: Dragonite|atk|1\n|-boost|p2a: Dragonite|spe|1\n|\n|-damage|p2a: Dragonite|176/257 tox|[from] psn\n|upkeep\n|turn|14\n|\n|t:|1781377889\n|switch|p1a: Leavanny|Leavanny, L86, M|269/269\n|move|p2a: Dragonite|Earthquake|p1a: Leavanny\n|-resisted|p1a: Leavanny\n|-damage|p1a: Leavanny|242/269\n|\n|-damage|p2a: Dragonite|144/257 tox|[from] psn\n|upkeep\n|turn|15\n|\n|t:|1781377895\n|switch|p1a: Granbull|Granbull, L88, M|110/302\n|-ability|p1a: Granbull|Intimidate|boost\n|-unboost|p2a: Dragonite|atk|1\n|move|p2a: Dragonite|Outrage|p1a: Granbull\n|-immune|p1a: Granbull\n|\n|-heal|p1a: Granbull|128/302|[from] item: Leftovers\n|-damage|p2a: Dragonite|96/257 tox|[from] psn\n|upkeep\n|turn|16\n|\n|t:|1781377902\n|move|p2a: Dragonite|Earthquake|p1a: Granbull\n|-damage|p1a: Granbull|45/302\n|move|p1a: Granbull|Play Rough|p2a: Dragonite|[miss]\n|-miss|p1a: Granbull|p2a: Dragonite\n|\n|-heal|p1a: Granbull|63/302|[from] item: Leftovers\n|-damage|p2a: Dragonite|32/257 tox|[from] psn\n|upkeep\n|turn|17\n|\n|t:|1781377906\n|switch|p1a: Leavanny|Leavanny, L86, M|242/269\n|move|p2a: Dragonite|Earthquake|p1a: Leavanny\n|-resisted|p1a: Leavanny\n|-damage|p1a: Leavanny|223/269\n|\n|-damage|p2a: Dragonite|0 fnt|[from] psn\n|faint|p2a: Dragonite\n|upkeep\n|\n|t:|1781377912\n|switch|p2a: Arceus|Arceus-Fire, L72|291/291\n|turn|18\n|\n|t:|1781377925\n|switch|p1a: Okidogi|Okidogi, L77, M|183/262\n|move|p2a: Arceus|Calm Mind|p2a: Arceus\n|-boost|p2a: Arceus|spa|1\n|-boost|p2a: Arceus|spd|1\n|\n|upkeep\n|turn|19\n|\n|t:|1781377930\n|move|p2a: Arceus|Earth Power|p1a: Okidogi\n|-supereffective|p1a: Okidogi\n|-damage|p1a: Okidogi|67/262\n|move|p1a: Okidogi|High Horsepower|p2a: Arceus\n|-supereffective|p2a: Arceus\n|-damage|p2a: Arceus|151/291\n|\n|upkeep\n|turn|20\n|\n|t:|1781377939\n|move|p2a: Arceus|Earth Power|p1a: Okidogi\n|-supereffective|p1a: Okidogi\n|-damage|p1a: Okidogi|0 fnt\n|faint|p1a: Okidogi\n|\n|upkeep\n|\n|t:|1781377940\n|switch|p1a: Talonflame|Talonflame, L83, F|265/265\n|turn|21\n|\n|t:|1781377944\n|move|p1a: Talonflame|Brave Bird|p2a: Arceus\n|-damage|p2a: Arceus|46/291\n|-damage|p1a: Talonflame|230/265|[from] Recoil\n|move|p2a: Arceus|Recover|p2a: Arceus\n|-heal|p2a: Arceus|192/291\n|\n|upkeep\n|turn|22\n|\n|t:|1781377953\n|move|p1a: Talonflame|Brave Bird|p2a: Arceus\n|-damage|p2a: Arceus|84/291\n|-damage|p1a: Talonflame|194/265|[from] Recoil\n|move|p2a: Arceus|Recover|p2a: Arceus\n|-heal|p2a: Arceus|230/291\n|\n|upkeep\n|turn|23\n|\n|t:|1781377957\n|move|p1a: Talonflame|Brave Bird|p2a: Arceus\n|-damage|p2a: Arceus|137/291\n|-damage|p1a: Talonflame|163/265|[from] Recoil\n|move|p2a: Arceus|Recover|p2a: Arceus\n|-heal|p2a: Arceus|283/291\n|\n|upkeep\n|turn|24\n|\n|t:|1781377963\n|move|p1a: Talonflame|Roost|p1a: Talonflame\n|-heal|p1a: Talonflame|265/265\n|-singleturn|p1a: Talonflame|move: Roost\n|move|p2a: Arceus|Judgment|p1a: Talonflame\n|-resisted|p1a: Talonflame\n|-damage|p1a: Talonflame|169/265\n|\n|upkeep\n|turn|25\n|\n|t:|1781377966\n|move|p1a: Talonflame|Brave Bird|p2a: Arceus\n|-damage|p2a: Arceus|174/291\n|-damage|p1a: Talonflame|133/265|[from] Recoil\n|move|p2a: Arceus|Judgment|p1a: Talonflame\n|-resisted|p1a: Talonflame\n|-damage|p1a: Talonflame|36/265\n|\n|upkeep\n|turn|26\n|\n|t:|1781377970\n|move|p1a: Talonflame|Brave Bird|p2a: Arceus\n|-damage|p2a: Arceus|77/291\n|-damage|p1a: Talonflame|4/265|[from] Recoil\n|move|p2a: Arceus|Judgment|p1a: Talonflame\n|-resisted|p1a: Talonflame\n|-damage|p1a: Talonflame|0 fnt\n|faint|p1a: Talonflame\n|\n|upkeep\n|\n|t:|1781377975\n|switch|p1a: Lokix|Lokix, L82, F|251/251\n|turn|27\n|\n|t:|1781377986\n|move|p1a: Lokix|Leech Life|p2a: Arceus\n|-resisted|p2a: Arceus\n|-damage|p2a: Arceus|0 fnt\n|faint|p2a: Arceus\n|\n|upkeep\n|\n|t:|1781377994\n|switch|p2a: Greedent|Greedent, L86, M|236/347\n|turn|28\n|\n|t:|1781377997\n|switch|p1a: Granbull|Granbull, L88, M|63/302\n|-ability|p1a: Granbull|Intimidate|boost\n|-unboost|p2a: Greedent|atk|1\n|move|p2a: Greedent|Swords Dance|p2a: Greedent\n|-boost|p2a: Greedent|atk|2\n|\n|-heal|p1a: Granbull|81/302|[from] item: Leftovers\n|upkeep\n|turn|29\n|\n|t:|1781378003\n|move|p1a: Granbull|Thunder Wave|p2a: Greedent\n|-status|p2a: Greedent|par\n|cant|p2a: Greedent|par\n|\n|-heal|p1a: Granbull|99/302|[from] item: Leftovers\n|upkeep\n|turn|30\n|\n|t:|1781378008\n|move|p2a: Greedent|Double-Edge|p1a: Granbull\n|-damage|p1a: Granbull|0 fnt\n|faint|p1a: Granbull\n|-damage|p2a: Greedent|203/347 par|[from] Recoil\n|\n|upkeep\n|\n|t:|1781378011\n|switch|p1a: Lokix|Lokix, L82, F|251/251\n|turn|31\n|\n|t:|1781378014\n|move|p1a: Lokix|Knock Off|p2a: Greedent\n|-damage|p2a: Greedent|101/347 par\n|-enditem|p2a: Greedent|Sitrus Berry|[from] move: Knock Off|[of] p1a: Lokix\n|move|p2a: Greedent|Double-Edge|p1a: Lokix\n|-damage|p1a: Lokix|44/251\n|-damage|p2a: Greedent|33/347 par|[from] Recoil\n|\n|upkeep\n|turn|32\n|\n|t:|1781378020\n|move|p1a: Lokix|Knock Off|p2a: Greedent\n|-damage|p2a: Greedent|0 fnt\n|faint|p2a: Greedent\n|\n|upkeep\n|\n|t:|1781378024\n|switch|p2a: Drednaw|Drednaw, L81, F|278/278\n|turn|33\n|\n|t:|1781378032\n|switch|p1a: Indeedee|Indeedee-F, L90, F|272/272\n|-fieldstart|move: Psychic Terrain|[from] ability: Psychic Surge|[of] p1a: Indeedee\n|move|p2a: Drednaw|Shell Smash|p2a: Drednaw\n|-unboost|p2a: Drednaw|def|1\n|-unboost|p2a: Drednaw|spd|1\n|-boost|p2a: Drednaw|atk|2\n|-boost|p2a: Drednaw|spa|2\n|-boost|p2a: Drednaw|spe|2\n|-enditem|p2a: Drednaw|White Herb\n|-clearnegativeboost|p2a: Drednaw|[silent]\n|\n|upkeep\n|turn|34\n|\n|t:|1781378037\n|-terastallize|p2a: Drednaw|Dark\n|move|p2a: Drednaw|Crunch|p1a: Indeedee\n|-supereffective|p1a: Indeedee\n|-crit|p1a: Indeedee\n|-damage|p1a: Indeedee|0 fnt\n|faint|p1a: Indeedee\n|\n|upkeep\n|\n|t:|1781378044\n|switch|p1a: Leavanny|Leavanny, L86, M|223/269\n|turn|35\n|\n|t:|1781378050\n|move|p2a: Drednaw|Crunch|p1a: Leavanny\n|-damage|p1a: Leavanny|0 fnt\n|faint|p1a: Leavanny\n|\n|upkeep\n|\n|t:|1781378052\n|switch|p1a: Lokix|Lokix, L82, F|44/251\n|turn|36\n|\n|t:|1781378055\n|move|p2a: Drednaw|Liquidation|p1a: Lokix\n|-damage|p1a: Lokix|0 fnt\n|faint|p1a: Lokix\n|\n|win|Axelace\n", "inputlog": ">version a8376a258c1d4662feba110a92103f3664a72141\n>start {\"formatid\":\"gen9randombattle\",\"seed\":\"sodium,f7d15e07b9ad05f29ba7e499a140fbbf\",\"rated\":\"Rated battle\"}\n>player p1 {\"name\":\"Isitshine11\",\"avatar\":\"medium\",\"rating\":2045,\"seed\":\"sodium,cfc548fa75cc9da543f667ab37d089f9\"}\n>player p2 {\"name\":\"Axelace\",\"avatar\":\"riley\",\"rating\":2041,\"seed\":\"sodium,c5098868392b769af735beea655c739c\"}\n>p1 move playrough\n>p2 switch 3\n>p1 switch 6\n>p2 move sleeppowder\n>p1 move knockoff\n>p2 move sleeppowder\n>p1 move gunkshot\n>p2 move strengthsap\n>p1 move gunkshot\n>p2 switch 5\n>p1 switch 4\n>p2 move trick\n>p1 switch 2\n>p2 switch 6\n>p1 move uturn\n>p2 move swordsdance\n>p1 switch 6\n>p1 move roar\n>p2 move doubleedge\n>p1 switch 4\n>p2 move sludgebomb\n>p1 move gunkshot\n>p2 move sludgebomb\n>p1 move gunkshot\n>p2 move sleeppowder\n>p2 switch 3\n>p1 move gunkshot\n>p2 move dragondance\n>p1 switch 3\n>p2 move earthquake\n>p1 switch 4\n>p2 move outrage\n>p1 move playrough\n>p2 move earthquake\n>p1 switch 4\n>p2 move earthquake\n>p2 switch 2\n>p1 switch 3\n>p2 move calmmind\n>p1 move highhorsepower\n>p2 move earthpower\n>p1 move gunkshot\n>p2 move earthpower\n>p1 switch 6\n>p1 move bravebird\n>p2 move recover\n>p1 move bravebird\n>p2 move recover\n>p1 move bravebird\n>p2 move recover\n>p1 move roost\n>p2 move judgment\n>p1 move bravebird\n>p2 move judgment\n>p1 move bravebird\n>p2 move judgment\n>p1 switch 2\n>p1 move leechlife\n>p2 move recover\n>p2 switch 5\n>p1 switch 4\n>p2 move swordsdance\n>p1 move thunderwave\n>p2 move doubleedge\n>p1 move roar\n>p2 move doubleedge\n>p1 switch 4\n>p1 move knockoff\n>p2 move doubleedge\n>p1 move knockoff\n>p2 move doubleedge\n>p2 switch 4\n>p1 switch 5\n>p2 move shellsmash\n>p1 move psyshock\n>p2 move crunch terastallize\n>p1 switch 3\n>p1 move bulletseed\n>p2 move crunch\n>p1 switch 5\n>p1 move leechlife\n>p2 move liquidation", "uploadtime": 1781377775, "views": 12, "formatid": "gen9randombattle", "rating": null, "private": 0, "password": null, "player_dets": [{"name": "Isitshine11", "avatar": "medium", "rating": 2045, "seed": "sodium,cfc548fa75cc9da543f667ab37d089f9"}, {"name": "Axelace", "avatar": "riley", "rating": 2041, "seed": "sodium,c5098868392b769af735beea655c739c"}], "teams_full": [{"Granbull": {"name": "Granbull", "species": "Granbull", "speciesId": "granbull", "gender": "M", "shiny": false, "level": 88, "moves": ["thunderwave", "playrough", "earthquake", "roar"], "ability": "Intimidate", "evs": {"hp": 85, "atk": 85, "def": 85, "spa": 85, "spd": 85, "spe": 85}, "ivs": {"hp": 31, "atk": 31, "def": 31, "spa": 31, "spd": 31, "spe": 31}, "item": "Leftovers", "teraType": "Ground", "role": "Bulky Support", "bvs": {"hp": 90, "atk": 120, "def": 75, "spa": 60, "spd": 60, "spe": 45}, "stats": {"hp": 302, "atk": 261, "def": 182, "spa": 156, "spd": 156, "spe": 129}, "types": ["Fairy"]}, "Talonflame": {"name": "Talonflame", "species": "Talonflame", "speciesId": "talonflame", "gender": "F", "shiny": false, "level": 83, "moves": ["overheat", "bravebird", "roost", "uturn"], "ability": "Flame Body", "evs": {"hp": 85, "atk": 85, "def": 85, "spa": 85, "spd": 85, "spe": 85}, "ivs": {"hp": 31, "atk": 31, "def": 31, "spa": 31, "spd": 31, "spe": 31}, "item": "Heavy-Duty Boots", "teraType": "Ground", "role": "Bulky Attacker", "bvs": {"hp": 78, "atk": 81, "def": 71, "spa": 74, "spd": 69, "spe": 126}, "stats": {"hp": 265, "atk": 182, "def": 166, "spa": 171, "spd": 162, "spe": 257}, "types": ["Fire", "Flying"]}, "Leavanny": {"name": "Leavanny", "species": "Leavanny", "speciesId": "leavanny", "gender": "M", "shiny": false, "level": 86, "moves": ["bulletseed", "knockoff", "tripleaxel", "stickyweb"], "ability": "Chlorophyll", "evs": {"hp": 85, "atk": 85, "def": 85, "spa": 85, "spd": 85, "spe": 85}, "ivs": {"hp": 31, "atk": 31, "def": 31, "spa": 31, "spd": 31, "spe": 31}, "item": "Loaded Dice", "teraType": "Ghost", "role": "Fast Attacker", "bvs": {"hp": 75, "atk": 103, "def": 80, "spa": 70, "spd": 80, "spe": 92}, "stats": {"hp": 269, "atk": 226, "def": 187, "spa": 170, "spd": 187, "spe": 207}, "types": ["Bug", "Grass"]}, "Lokix": {"name": "Lokix", "species": "Lokix", "speciesId": "lokix", "gender": "F", "shiny": false, "level": 82, "moves": ["leechlife", "swordsdance", "knockoff", "suckerpunch"], "ability": "Tinted Lens", "evs": {"hp": 85, "atk": 85, "def": 85, "spa": 85, "spd": 85, "spe": 85}, "ivs": {"hp": 31, "atk": 31, "def": 31, "spa": 31, "spd": 31, "spe": 31}, "item": "Life Orb", "teraType": "Dark", "role": "Setup Sweeper", "bvs": {"hp": 71, "atk": 102, "def": 78, "spa": 52, "spd": 55, "spe": 92}, "stats": {"hp": 251, "atk": 214, "def": 175, "spa": 132, "spd": 137, "spe": 198}, "types": ["Bug", "Dark"]}, "Indeedee": {"name": "Indeedee", "species": "Indeedee-F", "speciesId": "indeedeef", "gender": "F", "shiny": false, "level": 90, "moves": ["dazzlinggleam", "psyshock", "calmmind", "hypervoice"], "ability": "Psychic Surge", "evs": {"hp": 85, "atk": 0, "def": 85, "spa": 85, "spd": 85, "spe": 85}, "ivs": {"hp": 31, "atk": 0, "def": 31, "spa": 31, "spd": 31, "spe": 31}, "item": "Life Orb", "teraType": "Psychic", "role": "Fast Attacker", "bvs": {"hp": 70, "atk": 55, "def": 65, "spa": 95, "spd": 105, "spe": 85}, "stats": {"hp": 272, "atk": 104, "def": 168, "spa": 222, "spd": 240, "spe": 204}, "types": ["Psychic", "Normal"]}, "Okidogi": {"name": "Okidogi", "species": "Okidogi", "speciesId": "okidogi", "gender": "M", "shiny": false, "level": 77, "moves": ["drainpunch", "highhorsepower", "knockoff", "gunkshot"], "ability": "Toxic Chain", "evs": {"hp": 85, "atk": 85, "def": 85, "spa": 85, "spd": 85, "spe": 85}, "ivs": {"hp": 31, "atk": 31, "def": 31, "spa": 31, "spd": 31, "spe": 31}, "item": "Assault Vest", "teraType": "Dark", "role": "AV Pivot", "bvs": {"hp": 88, "atk": 128, "def": 115, "spa": 58, "spd": 86, "spe": 80}, "stats": {"hp": 262, "atk": 242, "def": 222, "spa": 134, "spd": 177, "spe": 168}, "types": ["Poison", "Fighting"]}}, {"Dragonite": {"name": "Dragonite", "species": "Dragonite", "speciesId": "dragonite", "gender": "F", "shiny": false, "level": 74, "moves": ["earthquake", "dragondance", "terablast", "outrage"], "ability": "Multiscale", "evs": {"hp": 85, "atk": 85, "def": 85, "spa": 85, "spd": 85, "spe": 85}, "ivs": {"hp": 31, "atk": 31, "def": 31, "spa": 31, "spd": 31, "spe": 31}, "item": "Heavy-Duty Boots", "teraType": "Flying", "role": "Tera Blast user", "bvs": {"hp": 91, "atk": 134, "def": 95, "spa": 100, "spd": 100, "spe": 80}, "stats": {"hp": 257, "atk": 241, "def": 184, "spa": 191, "spd": 191, "spe": 161}, "types": ["Dragon", "Flying"]}, "Arceus": {"name": "Arceus", "species": "Arceus-Fire", "speciesId": "arceusfire", "gender": "N", "shiny": false, "level": 72, "moves": ["judgment", "recover", "earthpower", "calmmind"], "ability": "Multitype", "evs": {"hp": 81, "atk": 0, "def": 85, "spa": 85, "spd": 85, "spe": 85}, "ivs": {"hp": 31, "atk": 0, "def": 31, "spa": 31, "spd": 31, "spe": 31}, "item": "Flame Plate", "teraType": "Ground", "role": "Bulky Setup", "bvs": {"hp": 120, "atk": 120, "def": 120, "spa": 120, "spd": 120, "spe": 120}, "stats": {"hp": 291, "atk": 177, "def": 215, "spa": 215, "spd": 215, "spe": 215}, "types": ["Fire"]}, "Vileplume": {"name": "Vileplume", "species": "Vileplume", "speciesId": "vileplume", "gender": "M", "shiny": false, "level": 85, "moves": ["gigadrain", "sleeppowder", "sludgebomb", "strengthsap"], "ability": "Effect Spore", "evs": {"hp": 85, "atk": 0, "def": 85, "spa": 85, "spd": 85, "spe": 85}, "ivs": {"hp": 31, "atk": 0, "def": 31, "spa": 31, "spd": 31, "spe": 31}, "item": "Leftovers", "teraType": "Steel", "role": "Bulky Attacker", "bvs": {"hp": 75, "atk": 80, "def": 85, "spa": 110, "spd": 90, "spe": 50}, "stats": {"hp": 266, "atk": 141, "def": 193, "spa": 236, "spd": 202, "spe": 134}, "types": ["Grass", "Poison"]}, "Drednaw": {"name": "Drednaw", "species": "Drednaw", "speciesId": "drednaw", "gender": "F", "shiny": false, "level": 81, "moves": ["stoneedge", "liquidation", "shellsmash", "crunch"], "ability": "Strong Jaw", "evs": {"hp": 85, "atk": 85, "def": 85, "spa": 85, "spd": 85, "spe": 85}, "ivs": {"hp": 31, "atk": 31, "def": 31, "spa": 31, "spd": 31, "spe": 31}, "item": "White Herb", "teraType": "Dark", "role": "Setup Sweeper", "bvs": {"hp": 90, "atk": 115, "def": 90, "spa": 48, "spd": 68, "spe": 74}, "stats": {"hp": 278, "atk": 233, "def": 192, "spa": 124, "spd": 157, "spe": 167}, "types": ["Water", "Rock"]}, "Mesprit": {"name": "Mesprit", "species": "Mesprit", "speciesId": "mesprit", "gender": "N", "shiny": false, "level": 85, "moves": ["dazzlinggleam", "trick", "psychic", "thunderbolt"], "ability": "Levitate", "evs": {"hp": 85, "atk": 0, "def": 85, "spa": 85, "spd": 85, "spe": 85}, "ivs": {"hp": 31, "atk": 0, "def": 31, "spa": 31, "spd": 31, "spe": 31}, "item": "Choice Scarf", "teraType": "Electric", "role": "Fast Attacker", "bvs": {"hp": 80, "atk": 105, "def": 105, "spa": 105, "spd": 105, "spe": 80}, "stats": {"hp": 275, "atk": 183, "def": 227, "spa": 227, "spd": 227, "spe": 185}, "types": ["Psychic"]}, "Greedent": {"name": "Greedent", "species": "Greedent", "speciesId": "greedent", "gender": "M", "shiny": false, "level": 86, "moves": ["earthquake", "knockoff", "swordsdance", "doubleedge"], "ability": "Cheek Pouch", "evs": {"hp": 85, "atk": 85, "def": 85, "spa": 85, "spd": 85, "spe": 85}, "ivs": {"hp": 31, "atk": 31, "def": 31, "spa": 31, "spd": 31, "spe": 31}, "item": "Sitrus Berry", "teraType": "Ghost", "role": "Bulky Setup", "bvs": {"hp": 120, "atk": 95, "def": 95, "spa": 55, "spd": 75, "spe": 20}, "stats": {"hp": 347, "atk": 213, "def": 213, "spa": 144, "spd": 178, "spe": 84}, "types": ["Normal"]}}]}