{"id": "gen9randombattle-2631855799", "format": "[Gen 9] Random Battle", "players": ["Lachrymose", "waifuslussy"], "log": "|j|\u203dLachrymose\n|j|\u2606waifuslussy\n|t:|1781448634\n|gametype|singles\n|player|p1|Lachrymose|2|1963\n|player|p2|waifuslussy|unknown|1997\n|gen|9\n|tier|[Gen 9] Random Battle\n|rated|\n|rule|Species Clause: Limit one of each Pok\u00e9mon\n|rule|HP Percentage Mod: HP is shown in percentages\n|rule|Sleep Clause Mod: Limit one foe put to sleep\n|rule|Illusion Level Mod: Illusion disguises the Pok\u00e9mon's true level\n|\n|t:|1781448634\n|teamsize|p1|6\n|teamsize|p2|6\n|start\n|switch|p1a: Kingambit|Kingambit, L74, M|270/270\n|switch|p2a: Masquerain|Masquerain, L87, F|264/264\n|-ability|p2a: Masquerain|Intimidate|boost\n|-unboost|p1a: Kingambit|atk|1\n|turn|1\n|inactive|Battle timer is ON: inactive players will automatically lose when time's up. (requested by waifuslussy)\n|\n|t:|1781448649\n|switch|p2a: Dragalge|Dragalge, L88, F|258/258\n|-end|p1a: Kingambit|fallenundefined|[silent]\n|switch|p1a: Espeon|Espeon, L84, F|246/246\n|\n|upkeep\n|turn|2\n|\n|t:|1781448653\n|switch|p2a: Wo-Chien|Wo-Chien, L83|277/277\n|-ability|p2a: Wo-Chien|Tablets of Ruin\n|move|p1a: Espeon|Psychic|p2a: Wo-Chien\n|-immune|p2a: Wo-Chien\n|\n|upkeep\n|turn|3\n|\n|t:|1781448664\n|-terastallize|p1a: Espeon|Fairy\n|move|p1a: Espeon|Alluring Voice|p2a: Wo-Chien\n|-supereffective|p2a: Wo-Chien\n|-damage|p2a: Wo-Chien|59/277\n|-damage|p1a: Espeon|222/246|[from] item: Life Orb\n|move|p2a: Wo-Chien|Knock Off|p1a: Espeon\n|-resisted|p1a: Espeon\n|-damage|p1a: Espeon|160/246\n|-enditem|p1a: Espeon|Life Orb|[from] move: Knock Off|[of] p2a: Wo-Chien\n|\n|-heal|p2a: Wo-Chien|76/277|[from] item: Leftovers\n|upkeep\n|turn|4\n|\n|t:|1781448672\n|switch|p2a: Arcanine|Arcanine, L84, F|288/288\n|-ability|p2a: Arcanine|Intimidate|boost\n|-unboost|p1a: Espeon|atk|1\n|move|p1a: Espeon|Alluring Voice|p2a: Arcanine\n|-resisted|p2a: Arcanine\n|-damage|p2a: Arcanine|235/288\n|\n|upkeep\n|turn|5\n|\n|t:|1781448683\n|switch|p1a: Pachirisu|Pachirisu, L96, M|271/271\n|move|p2a: Arcanine|Flare Blitz|p1a: Pachirisu\n|-damage|p1a: Pachirisu|127/271\n|-damage|p2a: Arcanine|187/288|[from] Recoil\n|\n|upkeep\n|turn|6\n|\n|t:|1781448689\n|switch|p2a: Wo-Chien|Wo-Chien, L83|76/277\n|-ability|p2a: Wo-Chien|Tablets of Ruin\n|move|p1a: Pachirisu|Super Fang|p2a: Wo-Chien\n|-damage|p2a: Wo-Chien|38/277\n|\n|-heal|p2a: Wo-Chien|55/277|[from] item: Leftovers\n|upkeep\n|turn|7\n|\n|t:|1781448698\n|switch|p2a: Arcanine|Arcanine, L84, F|187/288\n|-ability|p2a: Arcanine|Intimidate|boost\n|-unboost|p1a: Pachirisu|atk|1\n|move|p1a: Pachirisu|U-turn|p2a: Arcanine\n|-resisted|p2a: Arcanine\n|-damage|p2a: Arcanine|174/288\n|\n|t:|1781448711\n|switch|p1a: Morpeko|Morpeko, L88, M|245/245|[from] U-turn\n|\n|-formechange|p1a: Morpeko|Morpeko-Hangry||[from] ability: Hunger Switch\n|upkeep\n|turn|8\n|\n|t:|1781448719\n|switch|p2a: Wo-Chien|Wo-Chien, L83|55/277\n|-ability|p2a: Wo-Chien|Tablets of Ruin\n|move|p1a: Morpeko|Aura Wheel|p2a: Wo-Chien\n|-resisted|p2a: Wo-Chien\n|-damage|p2a: Wo-Chien|12/277\n|-boost|p1a: Morpeko|spe|1\n|\n|-heal|p2a: Wo-Chien|29/277|[from] item: Leftovers\n|-formechange|p1a: Morpeko|Morpeko||[from] ability: Hunger Switch\n|upkeep\n|turn|9\n|\n|t:|1781448728\n|move|p1a: Morpeko|Aura Wheel|p2a: Wo-Chien\n|-resisted|p2a: Wo-Chien\n|-damage|p2a: Wo-Chien|0 fnt\n|-boost|p1a: Morpeko|spe|1\n|faint|p2a: Wo-Chien\n|\n|-formechange|p1a: Morpeko|Morpeko-Hangry||[from] ability: Hunger Switch\n|upkeep\n|\n|t:|1781448735\n|switch|p2a: Furret|Furret, L94, M|312/312\n|-item|p1a: Morpeko|Heavy-Duty Boots|[from] ability: Frisk|[of] p2a: Furret\n|turn|10\n|\n|t:|1781448741\n|move|p1a: Morpeko|Parting Shot|p2a: Furret\n|-unboost|p2a: Furret|atk|1\n|-unboost|p2a: Furret|spa|1\n|\n|t:|1781448745\n|switch|p1a: Kingambit|Kingambit, L74, M|270/270|[from] Parting Shot\n|move|p2a: Furret|Double-Edge|p1a: Kingambit\n|-resisted|p1a: Kingambit\n|-damage|p1a: Kingambit|208/270\n|-damage|p2a: Furret|292/312|[from] Recoil\n|\n|-heal|p1a: Kingambit|224/270|[from] item: Leftovers\n|upkeep\n|turn|11\n|\n|t:|1781448753\n|switch|p2a: Arcanine|Arcanine, L84, F|174/288\n|-ability|p2a: Arcanine|Intimidate|boost\n|-unboost|p1a: Kingambit|atk|1\n|move|p1a: Kingambit|Kowtow Cleave|p2a: Arcanine\n|-damage|p2a: Arcanine|113/288\n|\n|-heal|p1a: Kingambit|240/270|[from] item: Leftovers\n|upkeep\n|turn|12\n|\n|t:|1781448761\n|-end|p1a: Kingambit|fallenundefined|[silent]\n|switch|p1a: Morpeko|Morpeko, L88, M|245/245\n|move|p2a: Arcanine|Morning Sun|p2a: Arcanine\n|-heal|p2a: Arcanine|257/288\n|\n|-formechange|p1a: Morpeko|Morpeko-Hangry||[from] ability: Hunger Switch\n|upkeep\n|turn|13\n|\n|t:|1781448770\n|move|p1a: Morpeko|Aura Wheel|p2a: Arcanine\n|-damage|p2a: Arcanine|116/288\n|-boost|p1a: Morpeko|spe|1\n|move|p2a: Arcanine|Flare Blitz|p1a: Morpeko\n|-damage|p1a: Morpeko|61/245\n|-damage|p2a: Arcanine|55/288|[from] Recoil\n|\n|-formechange|p1a: Morpeko|Morpeko||[from] ability: Hunger Switch\n|upkeep\n|turn|14\n|\n|t:|1781448774\n|move|p2a: Arcanine|Extreme Speed|p1a: Morpeko\n|-damage|p1a: Morpeko|0 fnt\n|faint|p1a: Morpeko\n|\n|upkeep\n|\n|t:|1781448782\n|switch|p1a: Espeon|Espeon, L84, F, tera:Fairy|160/246\n|turn|15\n|\n|t:|1781448802\n|move|p2a: Arcanine|Extreme Speed|p1a: Espeon\n|-damage|p1a: Espeon|72/246\n|move|p1a: Espeon|Psychic|p2a: Arcanine\n|-damage|p2a: Arcanine|0 fnt\n|faint|p2a: Arcanine\n|\n|upkeep\n|\n|t:|1781448804\n|switch|p2a: Furret|Furret, L94, M|292/312\n|turn|16\n|\n|t:|1781448811\n|switch|p1a: Kingambit|Kingambit, L74, M|240/270\n|-activate|p1a: Kingambit|ability: Supreme Overlord\n|-start|p1a: Kingambit|fallen1|[silent]\n|move|p2a: Furret|U-turn|p1a: Kingambit\n|-damage|p1a: Kingambit|175/270\n|\n|t:|1781448815\n|switch|p2a: Masquerain|Masquerain, L87, F|264/264|[from] U-turn\n|-ability|p2a: Masquerain|Intimidate|boost\n|-unboost|p1a: Kingambit|atk|1\n|\n|-heal|p1a: Kingambit|191/270|[from] item: Leftovers\n|upkeep\n|turn|17\n|\n|t:|1781448827\n|-end|p1a: Kingambit|fallen1|[silent]\n|switch|p1a: Pachirisu|Pachirisu, L96, M|127/271\n|move|p2a: Masquerain|Quiver Dance|p2a: Masquerain\n|-boost|p2a: Masquerain|spa|1\n|-boost|p2a: Masquerain|spd|1\n|-boost|p2a: Masquerain|spe|1\n|\n|upkeep\n|turn|18\n|\n|t:|1781448834\n|move|p2a: Masquerain|Bug Buzz|p1a: Pachirisu\n|-damage|p1a: Pachirisu|43/271\n|move|p1a: Pachirisu|Nuzzle|p2a: Masquerain\n|-supereffective|p2a: Masquerain\n|-damage|p2a: Masquerain|222/264\n|-status|p2a: Masquerain|par\n|\n|upkeep\n|turn|19\n|\n|t:|1781448839\n|move|p1a: Pachirisu|Super Fang|p2a: Masquerain\n|-damage|p2a: Masquerain|111/264 par\n|cant|p2a: Masquerain|par\n|\n|upkeep\n|turn|20\n|\n|t:|1781448847\n|move|p1a: Pachirisu|Super Fang|p2a: Masquerain\n|-damage|p2a: Masquerain|56/264 par\n|cant|p2a: Masquerain|par\n|\n|upkeep\n|turn|21\n|-message|waifuslussy forfeited.\n|\n|win|Lachrymose\n", "inputlog": ">version a8376a258c1d4662feba110a92103f3664a72141\n>start {\"formatid\":\"gen9randombattle\",\"seed\":\"sodium,9dd0b2c3ceaad5653c1ead18392d5277\",\"rated\":\"Rated battle\"}\n>player p1 {\"name\":\"Lachrymose\",\"avatar\":\"2\",\"rating\":1963,\"seed\":\"sodium,2dd42663788bebad66b942984114079f\"}\n>player p2 {\"name\":\"waifuslussy\",\"avatar\":\"unknown\",\"rating\":1997,\"seed\":\"sodium,246f9bc100aec174447bc6062ab5e4a2\"}\n>p1 switch 4\n>p2 switch 3\n>p1 move psychic\n>p2 switch 5\n>p1 move alluringvoice terastallize\n>p2 move knockoff\n>p1 move alluringvoice\n>p2 switch 2\n>p1 switch 6\n>p2 move flareblitz\n>p1 move superfang\n>p2 switch 2\n>p1 move uturn\n>p2 switch 2\n>p1 switch 2\n>p1 move aurawheel\n>p2 switch 2\n>p1 move aurawheel\n>p2 move gigadrain\n>p2 switch 4\n>p1 move partingshot\n>p2 move doubleedge\n>p1 switch 4\n>p1 move kowtowcleave\n>p2 switch 2\n>p1 switch 4\n>p2 move morningsun\n>p1 move aurawheel\n>p2 move flareblitz\n>p1 move aurawheel\n>p2 move extremespeed\n>p1 switch 6\n>p1 move psychic\n>p2 move extremespeed\n>p2 switch 2\n>p1 switch 4\n>p2 move uturn\n>p2 switch 3\n>p1 switch 2\n>p2 move quiverdance\n>p1 move nuzzle\n>p2 move bugbuzz\n>p1 move superfang\n>p2 move bugbuzz\n>p1 move superfang\n>p2 move bugbuzz\n>forcelose p2", "uploadtime": 1781448636, "views": 5, "formatid": "gen9randombattle", "rating": null, "private": 0, "password": null, "player_dets": [{"name": "Lachrymose", "avatar": "2", "rating": 1963, "seed": "sodium,2dd42663788bebad66b942984114079f"}, {"name": "waifuslussy", "avatar": "unknown", "rating": 1997, "seed": "sodium,246f9bc100aec174447bc6062ab5e4a2"}], "teams_full": [{"Kingambit": {"name": "Kingambit", "species": "Kingambit", "speciesId": "kingambit", "gender": "M", "shiny": false, "level": 74, "moves": ["ironhead", "suckerpunch", "swordsdance", "kowtowcleave"], "ability": "Supreme Overlord", "evs": {"hp": 85, "atk": 85, "def": 85, "spa": 85, "spd": 85, "spe": 85}, "ivs": {"hp": 31, "atk": 31, "def": 31, "spa": 31, "spd": 31, "spe": 31}, "item": "Leftovers", "teraType": "Dark", "role": "Bulky Attacker", "bvs": {"hp": 100, "atk": 135, "def": 120, "spa": 60, "spd": 85, "spe": 50}, "stats": {"hp": 270, "atk": 243, "def": 221, "spa": 132, "spd": 169, "spe": 117}}, "Morpeko": {"name": "Morpeko", "species": "Morpeko", "speciesId": "morpeko", "gender": "M", "shiny": false, "level": 88, "moves": ["rapidspin", "protect", "partingshot", "aurawheel"], "ability": "Hunger Switch", "evs": {"hp": 85, "atk": 85, "def": 85, "spa": 85, "spd": 85, "spe": 85}, "ivs": {"hp": 31, "atk": 31, "def": 31, "spa": 31, "spd": 31, "spe": 31}, "item": "Heavy-Duty Boots", "teraType": "Electric", "role": "Fast Support", "bvs": {"hp": 58, "atk": 95, "def": 58, "spa": 70, "spd": 58, "spe": 97}, "stats": {"hp": 245, "atk": 217, "def": 152, "spa": 173, "spd": 152, "spe": 221}}, "Hawlucha": {"name": "Hawlucha", "species": "Hawlucha", "speciesId": "hawlucha", "gender": "F", "shiny": false, "level": 80, "moves": ["closecombat", "stoneedge", "swordsdance", "bravebird"], "ability": "Unburden", "evs": {"hp": 85, "atk": 85, "def": 85, "spa": 85, "spd": 85, "spe": 85}, "ivs": {"hp": 31, "atk": 31, "def": 31, "spa": 31, "spd": 31, "spe": 31}, "item": "White Herb", "teraType": "Fighting", "role": "Setup Sweeper", "bvs": {"hp": 78, "atk": 92, "def": 75, "spa": 74, "spd": 63, "spe": 118}, "stats": {"hp": 256, "atk": 193, "def": 166, "spa": 165, "spd": 147, "spe": 235}}, "Espeon": {"name": "Espeon", "species": "Espeon", "speciesId": "espeon", "gender": "F", "shiny": false, "level": 84, "moves": ["morningsun", "alluringvoice", "calmmind", "psychic"], "ability": "Magic Bounce", "evs": {"hp": 85, "atk": 0, "def": 85, "spa": 85, "spd": 85, "spe": 85}, "ivs": {"hp": 31, "atk": 0, "def": 31, "spa": 31, "spd": 31, "spe": 31}, "item": "Life Orb", "teraType": "Fairy", "role": "Fast Attacker", "bvs": {"hp": 65, "atk": 65, "def": 60, "spa": 130, "spd": 95, "spe": 110}, "stats": {"hp": 246, "atk": 114, "def": 149, "spa": 267, "spd": 208, "spe": 233}}, "Regidrago": {"name": "Regidrago", "species": "Regidrago", "speciesId": "regidrago", "gender": "N", "shiny": false, "level": 77, "moves": ["dragonclaw", "dragondance", "terablast", "earthquake"], "ability": "Dragon's Maw", "evs": {"hp": 85, "atk": 85, "def": 85, "spa": 85, "spd": 85, "spe": 85}, "ivs": {"hp": 31, "atk": 31, "def": 31, "spa": 31, "spd": 31, "spe": 31}, "item": "Life Orb", "teraType": "Steel", "role": "Tera Blast user", "bvs": {"hp": 200, "atk": 100, "def": 50, "spa": 100, "spd": 50, "spe": 80}, "stats": {"hp": 435, "atk": 199, "def": 122, "spa": 199, "spd": 122, "spe": 168}}, "Pachirisu": {"name": "Pachirisu", "species": "Pachirisu", "speciesId": "pachirisu", "gender": "M", "shiny": false, "level": 96, "moves": ["nuzzle", "uturn", "thunderbolt", "superfang"], "ability": "Volt Absorb", "evs": {"hp": 85, "atk": 85, "def": 85, "spa": 85, "spd": 85, "spe": 85}, "ivs": {"hp": 31, "atk": 31, "def": 31, "spa": 31, "spd": 31, "spe": 31}, "item": "Assault Vest", "teraType": "Flying", "role": "AV Pivot", "bvs": {"hp": 60, "atk": 45, "def": 70, "spa": 45, "spd": 90, "spe": 95}, "stats": {"hp": 271, "atk": 141, "def": 189, "spa": 141, "spd": 227, "spe": 237}}}, {"Masquerain": {"name": "Masquerain", "species": "Masquerain", "speciesId": "masquerain", "gender": "F", "shiny": false, "level": 87, "moves": ["quiverdance", "bugbuzz", "hurricane", "hydropump"], "ability": "Intimidate", "evs": {"hp": 85, "atk": 0, "def": 85, "spa": 85, "spd": 85, "spe": 85}, "ivs": {"hp": 31, "atk": 0, "def": 31, "spa": 31, "spd": 31, "spe": 31}, "item": "Heavy-Duty Boots", "teraType": "Water", "role": "Setup Sweeper", "bvs": {"hp": 70, "atk": 60, "def": 62, "spa": 100, "spd": 82, "spe": 80}, "stats": {"hp": 264, "atk": 109, "def": 158, "spa": 224, "spd": 192, "spe": 189}}, "Arcanine": {"name": "Arcanine", "species": "Arcanine", "speciesId": "arcanine", "gender": "F", "shiny": false, "level": 84, "moves": ["flareblitz", "roar", "morningsun", "extremespeed"], "ability": "Intimidate", "evs": {"hp": 85, "atk": 85, "def": 85, "spa": 85, "spd": 85, "spe": 85}, "ivs": {"hp": 31, "atk": 31, "def": 31, "spa": 31, "spd": 31, "spe": 31}, "item": "Heavy-Duty Boots", "teraType": "Normal", "role": "Bulky Attacker", "bvs": {"hp": 90, "atk": 110, "def": 80, "spa": 100, "spd": 80, "spe": 95}, "stats": {"hp": 288, "atk": 233, "def": 183, "spa": 216, "spd": 183, "spe": 208}}, "Dragalge": {"name": "Dragalge", "species": "Dragalge", "speciesId": "dragalge", "gender": "F", "shiny": false, "level": 88, "moves": ["focusblast", "sludgewave", "toxicspikes", "dracometeor"], "ability": "Adaptability", "evs": {"hp": 85, "atk": 0, "def": 85, "spa": 85, "spd": 85, "spe": 85}, "ivs": {"hp": 31, "atk": 0, "def": 31, "spa": 31, "spd": 31, "spe": 31}, "item": "Leftovers", "teraType": "Fighting", "role": "Bulky Attacker", "bvs": {"hp": 65, "atk": 75, "def": 90, "spa": 97, "spd": 123, "spe": 44}, "stats": {"hp": 258, "atk": 137, "def": 209, "spa": 221, "spd": 267, "spe": 128}}, "Furret": {"name": "Furret", "species": "Furret", "speciesId": "furret", "gender": "M", "shiny": false, "level": 94, "moves": ["uturn", "knockoff", "trick", "doubleedge"], "ability": "Frisk", "evs": {"hp": 85, "atk": 85, "def": 85, "spa": 85, "spd": 85, "spe": 85}, "ivs": {"hp": 31, "atk": 31, "def": 31, "spa": 31, "spd": 31, "spe": 31}, "item": "Choice Band", "teraType": "Normal", "role": "Wallbreaker", "bvs": {"hp": 85, "atk": 76, "def": 64, "spa": 45, "spd": 55, "spe": 90}, "stats": {"hp": 312, "atk": 196, "def": 174, "spa": 138, "spd": 157, "spe": 223}}, "Wo-Chien": {"name": "Wo-Chien", "species": "Wo-Chien", "speciesId": "wochien", "gender": "N", "shiny": false, "level": 83, "moves": ["knockoff", "gigadrain", "ruination", "stunspore"], "ability": "Tablets of Ruin", "evs": {"hp": 85, "atk": 85, "def": 85, "spa": 85, "spd": 85, "spe": 85}, "ivs": {"hp": 31, "atk": 31, "def": 31, "spa": 31, "spd": 31, "spe": 31}, "item": "Leftovers", "teraType": "Poison", "role": "Bulky Support", "bvs": {"hp": 85, "atk": 85, "def": 100, "spa": 95, "spd": 135, "spe": 70}, "stats": {"hp": 277, "atk": 189, "def": 214, "spa": 205, "spd": 272, "spe": 164}}, "Swanna": {"name": "Swanna", "species": "Swanna", "speciesId": "swanna", "gender": "M", "shiny": false, "level": 89, "moves": ["bravebird", "roost", "defog", "hydropump"], "ability": "Hydration", "evs": {"hp": 85, "atk": 85, "def": 85, "spa": 85, "spd": 85, "spe": 85}, "ivs": {"hp": 31, "atk": 31, "def": 31, "spa": 31, "spd": 31, "spe": 31}, "item": "Heavy-Duty Boots", "teraType": "Ground", "role": "Bulky Support", "bvs": {"hp": 75, "atk": 87, "def": 63, "spa": 87, "spd": 63, "spe": 98}, "stats": {"hp": 278, "atk": 206, "def": 163, "spa": 206, "spd": 163, "spe": 225}}}]}