{"id": "gen9randombattle-2631559796", "format": "[Gen 9] Random Battle", "players": ["SoCapable", "Sowla"], "log": "|j|\u2606SoCapable\n|j|\u203dSowla\n|t:|1781401336\n|gametype|singles\n|player|p1|SoCapable|silver|2246\n|player|p2|Sowla|1|2277\n|gen|9\n|tier|[Gen 9] Random Battle\n|rated|\n|rule|Species Clause: Limit one of each Pok\u00e9mon\n|rule|HP Percentage Mod: HP is shown in percentages\n|rule|Sleep Clause Mod: Limit one foe put to sleep\n|rule|Illusion Level Mod: Illusion disguises the Pok\u00e9mon's true level\n|\n|t:|1781401336\n|teamsize|p1|6\n|teamsize|p2|6\n|start\n|switch|p1a: Meowscarada|Meowscarada, L78, M|247/247\n|switch|p2a: Scovillain|Scovillain, L91, M|266/266\n|turn|1\n|inactive|Battle timer is ON: inactive players will automatically lose when time's up. (requested by Sowla)\n|\n|t:|1781401346\n|switch|p1a: Volcanion|Volcanion, L79|255/255\n|move|p2a: Scovillain|Overheat|p1a: Volcanion\n|-resisted|p1a: Volcanion\n|-damage|p1a: Volcanion|224/255\n|-unboost|p2a: Scovillain|spa|2\n|\n|upkeep\n|turn|2\n|inactive|SoCapable has 120 seconds left.\n|\n|t:|1781401390\n|switch|p2a: Keldeo|Keldeo-Resolute, L79|273/273\n|move|p1a: Volcanion|Steam Eruption|p2a: Keldeo\n|-resisted|p2a: Keldeo\n|-damage|p2a: Keldeo|202/273\n|\n|upkeep\n|turn|3\n|\n|t:|1781401400\n|switch|p1a: Azumarill|Azumarill, L82, M|298/298\n|move|p2a: Keldeo|Hydro Pump|p1a: Azumarill\n|-resisted|p1a: Azumarill\n|-damage|p1a: Azumarill|204/298\n|-damage|p2a: Keldeo|175/273|[from] item: Life Orb\n|\n|upkeep\n|turn|4\n|\n|t:|1781401408\n|switch|p2a: Orthworm|Orthworm, L88, F|266/266\n|move|p1a: Azumarill|Liquidation|p2a: Orthworm\n|-damage|p2a: Orthworm|164/266\n|\n|-heal|p2a: Orthworm|180/266|[from] item: Leftovers\n|upkeep\n|turn|5\n|\n|t:|1781401418\n|switch|p1a: Volcanion|Volcanion, L79|224/255\n|move|p2a: Orthworm|Stealth Rock|p1a: Volcanion\n|-sidestart|p1: SoCapable|move: Stealth Rock\n|\n|-heal|p2a: Orthworm|196/266|[from] item: Leftovers\n|upkeep\n|turn|6\n|\n|t:|1781401424\n|switch|p2a: Keldeo|Keldeo-Resolute, L79|175/273\n|move|p1a: Volcanion|Flamethrower|p2a: Keldeo\n|-resisted|p2a: Keldeo\n|-damage|p2a: Keldeo|116/273\n|\n|upkeep\n|turn|7\n|\n|t:|1781401429\n|switch|p1a: Muk|Muk-Alola, L82, M|306/306\n|-damage|p1a: Muk|268/306|[from] Stealth Rock\n|move|p2a: Keldeo|Secret Sword|p1a: Muk\n|-damage|p1a: Muk|111/306\n|-damage|p2a: Keldeo|89/273|[from] item: Life Orb\n|\n|upkeep\n|turn|8\n|\n|t:|1781401434\n|move|p2a: Keldeo|Secret Sword|p1a: Muk\n|-damage|p1a: Muk|0 fnt\n|faint|p1a: Muk\n|-damage|p2a: Keldeo|62/273|[from] item: Life Orb\n|\n|upkeep\n|\n|t:|1781401441\n|switch|p1a: Meowscarada|Meowscarada, L78, M|247/247\n|turn|9\n|\n|t:|1781401450\n|move|p1a: Meowscarada|Knock Off|p2a: Keldeo\n|-start|p1a: Meowscarada|typechange|Dark|[from] ability: Protean\n|-resisted|p2a: Keldeo\n|-damage|p2a: Keldeo|11/273\n|-ability|p2a: Keldeo|Justified|boost\n|-boost|p2a: Keldeo|atk|1\n|-enditem|p2a: Keldeo|Life Orb|[from] move: Knock Off|[of] p1a: Meowscarada\n|move|p2a: Keldeo|Secret Sword|p1a: Meowscarada\n|-supereffective|p1a: Meowscarada\n|-damage|p1a: Meowscarada|0 fnt\n|faint|p1a: Meowscarada\n|\n|upkeep\n|-message|SoCapable forfeited.\n|\n|win|Sowla\n", "inputlog": ">version a8376a258c1d4662feba110a92103f3664a72141\n>start {\"formatid\":\"gen9randombattle\",\"seed\":\"sodium,c5e6f789de980cd97e6bac470cab0edb\",\"rated\":\"Rated battle\"}\n>player p1 {\"name\":\"SoCapable\",\"avatar\":\"silver\",\"rating\":2246,\"seed\":\"sodium,e01872391f18697795a3fb7714b4567d\"}\n>player p2 {\"name\":\"Sowla\",\"avatar\":\"1\",\"rating\":2277,\"seed\":\"sodium,629512898a7911de5c312fdf7dfd3492\"}\n>p1 switch 2\n>p2 move overheat\n>p1 move steameruption\n>p2 switch 2\n>p1 switch 5\n>p2 move hydropump\n>p1 move liquidation\n>p2 switch 6\n>p1 switch 5\n>p2 move stealthrock\n>p1 move flamethrower\n>p2 switch 6\n>p1 switch 6\n>p2 move secretsword\n>p1 move knockoff\n>p2 move secretsword\n>p1 switch 2\n>p1 move knockoff\n>p2 move secretsword\n>forcelose p1", "uploadtime": 1781401337, "views": 5, "formatid": "gen9randombattle", "rating": null, "private": 0, "password": null, "player_dets": [{"name": "SoCapable", "avatar": "silver", "rating": 2246, "seed": "sodium,e01872391f18697795a3fb7714b4567d"}, {"name": "Sowla", "avatar": "1", "rating": 2277, "seed": "sodium,629512898a7911de5c312fdf7dfd3492"}], "teams_full": [{"Meowscarada": {"name": "Meowscarada", "species": "Meowscarada", "speciesId": "meowscarada", "gender": "M", "shiny": false, "level": 78, "moves": ["uturn", "toxicspikes", "flowertrick", "knockoff"], "ability": "Protean", "evs": {"hp": 85, "atk": 85, "def": 85, "spa": 85, "spd": 85, "spe": 85}, "ivs": {"hp": 31, "atk": 31, "def": 31, "spa": 31, "spd": 31, "spe": 31}, "item": "Heavy-Duty Boots", "teraType": "Grass", "role": "Fast Support", "bvs": {"hp": 76, "atk": 110, "def": 70, "spa": 81, "spd": 70, "spe": 123}, "stats": {"hp": 247, "atk": 217, "def": 154, "spa": 171, "spd": 154, "spe": 237}}, "Volcanion": {"name": "Volcanion", "species": "Volcanion", "speciesId": "volcanion", "gender": "N", "shiny": false, "level": 79, "moves": ["flamecharge", "flamethrower", "earthpower", "steameruption"], "ability": "Water Absorb", "evs": {"hp": 81, "atk": 85, "def": 85, "spa": 85, "spd": 85, "spe": 85}, "ivs": {"hp": 31, "atk": 31, "def": 31, "spa": 31, "spd": 31, "spe": 31}, "item": "Assault Vest", "teraType": "Water", "role": "Bulky Attacker", "bvs": {"hp": 80, "atk": 110, "def": 120, "spa": 130, "spd": 90, "spe": 70}, "stats": {"hp": 255, "atk": 219, "def": 235, "spa": 251, "spd": 188, "spe": 156}}, "Zangoose": {"name": "Zangoose", "species": "Zangoose", "speciesId": "zangoose", "gender": "F", "shiny": false, "level": 85, "moves": ["closecombat", "knockoff", "swordsdance", "facade"], "ability": "Toxic Boost", "evs": {"hp": 85, "atk": 85, "def": 85, "spa": 85, "spd": 85, "spe": 85}, "ivs": {"hp": 31, "atk": 31, "def": 31, "spa": 31, "spd": 31, "spe": 31}, "item": "Toxic Orb", "teraType": "Normal", "role": "Fast Attacker", "bvs": {"hp": 73, "atk": 115, "def": 60, "spa": 60, "spd": 60, "spe": 90}, "stats": {"hp": 263, "atk": 244, "def": 151, "spa": 151, "spd": 151, "spe": 202}}, "Sudowoodo": {"name": "Sudowoodo", "species": "Sudowoodo", "speciesId": "sudowoodo", "gender": "M", "shiny": false, "level": 94, "moves": ["woodhammer", "headsmash", "earthquake", "stealthrock"], "ability": "Rock Head", "evs": {"hp": 85, "atk": 85, "def": 85, "spa": 85, "spd": 85, "spe": 85}, "ivs": {"hp": 31, "atk": 31, "def": 31, "spa": 31, "spd": 31, "spe": 31}, "item": "Leftovers", "teraType": "Grass", "role": "Bulky Attacker", "bvs": {"hp": 70, "atk": 100, "def": 115, "spa": 30, "spd": 65, "spe": 30}, "stats": {"hp": 284, "atk": 241, "def": 270, "spa": 110, "spd": 176, "spe": 110}}, "Azumarill": {"name": "Azumarill", "species": "Azumarill", "speciesId": "azumarill", "gender": "M", "shiny": false, "level": 82, "moves": ["aquajet", "liquidation", "icespinner", "playrough"], "ability": "Huge Power", "evs": {"hp": 85, "atk": 85, "def": 85, "spa": 85, "spd": 85, "spe": 85}, "ivs": {"hp": 31, "atk": 31, "def": 31, "spa": 31, "spd": 31, "spe": 31}, "item": "Choice Band", "teraType": "Water", "role": "Bulky Attacker", "bvs": {"hp": 100, "atk": 50, "def": 80, "spa": 60, "spd": 80, "spe": 50}, "stats": {"hp": 298, "atk": 129, "def": 178, "spa": 146, "spd": 178, "spe": 129}}, "Muk": {"name": "Muk", "species": "Muk-Alola", "speciesId": "mukalola", "gender": "M", "shiny": false, "level": 82, "moves": ["poisonjab", "drainpunch", "knockoff", "icepunch"], "ability": "Poison Touch", "evs": {"hp": 85, "atk": 85, "def": 85, "spa": 85, "spd": 85, "spe": 85}, "ivs": {"hp": 31, "atk": 31, "def": 31, "spa": 31, "spd": 31, "spe": 31}, "item": "Assault Vest", "teraType": "Fighting", "role": "AV Pivot", "bvs": {"hp": 105, "atk": 105, "def": 75, "spa": 65, "spd": 100, "spe": 50}, "stats": {"hp": 306, "atk": 219, "def": 170, "spa": 154, "spd": 211, "spe": 129}}}, {"Scovillain": {"name": "Scovillain", "species": "Scovillain", "speciesId": "scovillain", "gender": "M", "shiny": false, "level": 91, "moves": ["leafstorm", "energyball", "flamethrower", "overheat"], "ability": "Chlorophyll", "evs": {"hp": 85, "atk": 0, "def": 85, "spa": 85, "spd": 85, "spe": 85}, "ivs": {"hp": 31, "atk": 0, "def": 31, "spa": 31, "spd": 31, "spe": 31}, "item": "Choice Scarf", "teraType": "Grass", "role": "Fast Attacker", "bvs": {"hp": 65, "atk": 108, "def": 65, "spa": 108, "spd": 65, "spe": 75}, "stats": {"hp": 266, "atk": 201, "def": 170, "spa": 248, "spd": 170, "spe": 188}}, "Keldeo": {"name": "Keldeo", "species": "Keldeo-Resolute", "speciesId": "keldeoresolute", "gender": "N", "shiny": false, "level": 79, "moves": ["calmmind", "airslash", "secretsword", "hydropump"], "ability": "Justified", "evs": {"hp": 85, "atk": 0, "def": 85, "spa": 85, "spd": 85, "spe": 85}, "ivs": {"hp": 31, "atk": 0, "def": 31, "spa": 31, "spd": 31, "spe": 31}, "item": "Life Orb", "teraType": "Water", "role": "Fast Attacker", "bvs": {"hp": 91, "atk": 72, "def": 90, "spa": 129, "spd": 90, "spe": 108}, "stats": {"hp": 273, "atk": 118, "def": 188, "spa": 249, "spd": 188, "spe": 216}}, "Decidueye": {"name": "Decidueye", "species": "Decidueye", "speciesId": "decidueye", "gender": "F", "shiny": false, "level": 88, "moves": ["leafstorm", "uturn", "spiritshackle", "defog"], "ability": "Overgrow", "evs": {"hp": 85, "atk": 85, "def": 85, "spa": 85, "spd": 85, "spe": 85}, "ivs": {"hp": 31, "atk": 31, "def": 31, "spa": 31, "spd": 31, "spe": 31}, "item": "Heavy-Duty Boots", "teraType": "Grass", "role": "Fast Support", "bvs": {"hp": 78, "atk": 107, "def": 75, "spa": 100, "spd": 100, "spe": 70}, "stats": {"hp": 281, "atk": 239, "def": 182, "spa": 226, "spd": 226, "spe": 173}}, "Ambipom": {"name": "Ambipom", "species": "Ambipom", "speciesId": "ambipom", "gender": "F", "shiny": false, "level": 84, "moves": ["knockoff", "doubleedge", "lowkick", "tripleaxel"], "ability": "Technician", "evs": {"hp": 85, "atk": 85, "def": 85, "spa": 85, "spd": 85, "spe": 85}, "ivs": {"hp": 31, "atk": 31, "def": 31, "spa": 31, "spd": 31, "spe": 31}, "item": "Choice Band", "teraType": "Ice", "role": "Fast Attacker", "bvs": {"hp": 75, "atk": 100, "def": 66, "spa": 60, "spd": 66, "spe": 115}, "stats": {"hp": 263, "atk": 216, "def": 159, "spa": 149, "spd": 159, "spe": 241}}, "Feraligatr": {"name": "Feraligatr", "species": "Feraligatr", "speciesId": "feraligatr", "gender": "F", "shiny": false, "level": 79, "moves": ["crunch", "icepunch", "dragondance", "liquidation"], "ability": "Sheer Force", "evs": {"hp": 85, "atk": 85, "def": 85, "spa": 85, "spd": 85, "spe": 85}, "ivs": {"hp": 31, "atk": 31, "def": 31, "spa": 31, "spd": 31, "spe": 31}, "item": "Life Orb", "teraType": "Dragon", "role": "Fast Bulky Setup", "bvs": {"hp": 85, "atk": 105, "def": 100, "spa": 79, "spd": 83, "spe": 78}, "stats": {"hp": 264, "atk": 211, "def": 204, "spa": 170, "spd": 177, "spe": 169}}, "Orthworm": {"name": "Orthworm", "species": "Orthworm", "speciesId": "orthworm", "gender": "F", "shiny": false, "level": 88, "moves": ["shedtail", "heavyslam", "stealthrock", "bodypress"], "ability": "Earth Eater", "evs": {"hp": 85, "atk": 85, "def": 85, "spa": 85, "spd": 85, "spe": 85}, "ivs": {"hp": 31, "atk": 31, "def": 31, "spa": 31, "spd": 31, "spe": 31}, "item": "Leftovers", "teraType": "Poison", "role": "Bulky Attacker", "bvs": {"hp": 70, "atk": 85, "def": 145, "spa": 60, "spd": 55, "spe": 65}, "stats": {"hp": 266, "atk": 200, "def": 305, "spa": 156, "spd": 147, "spe": 165}}}]}