{"id": "gen9randombattle-2631433400", "format": "[Gen 9] Random Battle", "players": ["OGKUSHONDECK", "ZannaBianca99"], "log": "|j|\u2606OGKUSHONDECK\n|j|\u2606ZannaBianca99\n|t:|1781384084\n|gametype|singles\n|player|p1|OGKUSHONDECK|biker-gen1rb|2018\n|player|p2|ZannaBianca99|169|2123\n|gen|9\n|tier|[Gen 9] Random Battle\n|rated|\n|rule|Species Clause: Limit one of each Pok\u00e9mon\n|rule|HP Percentage Mod: HP is shown in percentages\n|rule|Sleep Clause Mod: Limit one foe put to sleep\n|rule|Illusion Level Mod: Illusion disguises the Pok\u00e9mon's true level\n|\n|t:|1781384084\n|teamsize|p1|6\n|teamsize|p2|6\n|start\n|switch|p1a: Shiftry|Shiftry, L89, M|305/305\n|switch|p2a: Exeggutor|Exeggutor, L89, M|312/312\n|turn|1\n|\n|t:|1781384114\n|switch|p2a: Delibird|Delibird, F|252/252\n|move|p1a: Shiftry|Knock Off|p2a: Delibird\n|-damage|p2a: Delibird|64/252\n|-enditem|p2a: Delibird|Heavy-Duty Boots|[from] move: Knock Off|[of] p1a: Shiftry\n|-damage|p1a: Shiftry|275/305|[from] item: Life Orb\n|\n|upkeep\n|turn|2\n|\n|t:|1781384122\n|switch|p1a: Bronzong|Bronzong, L88|261/261\n|move|p2a: Delibird|Spikes|p1a: Bronzong\n|-sidestart|p1: OGKUSHONDECK|Spikes\n|\n|upkeep\n|turn|3\n|inactive|Battle timer is ON: inactive players will automatically lose when time's up. (requested by OGKUSHONDECK)\n|\n|t:|1781384133\n|switch|p2a: Exeggutor|Exeggutor, L89, M|312/312\n|move|p1a: Bronzong|Stealth Rock|p2a: Exeggutor\n|-sidestart|p2: ZannaBianca99|move: Stealth Rock\n|\n|upkeep\n|turn|4\n|\n|t:|1781384139\n|switch|p1a: Shiftry|Shiftry, L89, M|275/305\n|-damage|p1a: Shiftry|237/305|[from] Spikes\n|move|p2a: Exeggutor|Substitute|p2a: Exeggutor\n|-start|p2a: Exeggutor|Substitute\n|-damage|p2a: Exeggutor|234/312\n|\n|upkeep\n|turn|5\n|\n|t:|1781384145\n|move|p1a: Shiftry|Knock Off|p2a: Exeggutor\n|-supereffective|p2a: Exeggutor\n|-end|p2a: Exeggutor|Substitute\n|-damage|p1a: Shiftry|207/305|[from] item: Life Orb\n|move|p2a: Exeggutor|Giga Drain|p1a: Shiftry\n|-resisted|p1a: Shiftry\n|-damage|p1a: Shiftry|137/305\n|-heal|p2a: Exeggutor|269/312|[from] drain|[of] p1a: Shiftry\n|\n|upkeep\n|turn|6\n|\n|t:|1781384151\n|switch|p2a: Delibird|Delibird, F|64/252\n|-damage|p2a: Delibird|0 fnt|[from] Stealth Rock\n|faint|p2a: Delibird\n|move|p1a: Shiftry|Tailwind|p1a: Shiftry\n|-sidestart|p1: OGKUSHONDECK|move: Tailwind\n|-ability|p1a: Shiftry|Wind Rider|boost\n|-boost|p1a: Shiftry|atk|1\n|\n|upkeep\n|\n|t:|1781384155\n|switch|p2a: Morpeko|Morpeko, L88, M|245/245\n|-damage|p2a: Morpeko|215/245|[from] Stealth Rock\n|turn|7\n|\n|t:|1781384158\n|move|p1a: Shiftry|Leaf Blade|p2a: Morpeko\n|-damage|p2a: Morpeko|0 fnt\n|faint|p2a: Morpeko\n|-damage|p1a: Shiftry|107/305|[from] item: Life Orb\n|\n|upkeep\n|\n|t:|1781384162\n|switch|p2a: Electrode|Electrode-Hisui, L87|246/246\n|-damage|p2a: Electrode|216/246|[from] Stealth Rock\n|turn|8\n|\n|t:|1781384168\n|move|p1a: Shiftry|Knock Off|p2a: Electrode\n|-damage|p2a: Electrode|0 fnt\n|-enditem|p2a: Electrode|Leftovers|[from] move: Knock Off|[of] p1a: Shiftry\n|faint|p2a: Electrode\n|-damage|p1a: Shiftry|77/305|[from] item: Life Orb\n|\n|upkeep\n|-message|ZannaBianca99 forfeited.\n|\n|win|OGKUSHONDECK\n", "inputlog": ">version a8376a258c1d4662feba110a92103f3664a72141\n>start {\"formatid\":\"gen9randombattle\",\"seed\":\"sodium,4f5be3cbdb8c19525ef3a79d1969c7ca\",\"rated\":\"Rated battle\"}\n>player p1 {\"name\":\"OGKUSHONDECK\",\"avatar\":\"biker-gen1rb\",\"rating\":2018,\"seed\":\"sodium,059517e6d4cbc312c891967818de01ea\"}\n>player p2 {\"name\":\"ZannaBianca99\",\"avatar\":\"169\",\"rating\":2123,\"seed\":\"sodium,5f00b5eb91e2173f71d6df0ea414390c\"}\n>p1 move knockoff\n>p2 switch 2\n>p1 switch 5\n>p2 move spikes\n>p1 move stealthrock\n>p2 switch 2\n>p1 switch 5\n>p2 move substitute\n>p1 move knockoff\n>p2 move gigadrain\n>p1 move tailwind\n>p2 switch 2\n>p2 switch 6\n>p1 move leafblade\n>p2 move rapidspin\n>p2 switch 3\n>p1 move knockoff\n>p2 move thunderbolt\n>forcelose p2", "uploadtime": 1781384086, "views": 11, "formatid": "gen9randombattle", "rating": null, "private": 0, "password": null, "player_dets": [{"name": "OGKUSHONDECK", "avatar": "biker-gen1rb", "rating": 2018, "seed": "sodium,059517e6d4cbc312c891967818de01ea"}, {"name": "ZannaBianca99", "avatar": "169", "rating": 2123, "seed": "sodium,5f00b5eb91e2173f71d6df0ea414390c"}], "teams_full": [{"Shiftry": {"name": "Shiftry", "species": "Shiftry", "speciesId": "shiftry", "gender": "M", "shiny": false, "level": 89, "moves": ["knockoff", "leafblade", "tailwind", "lowkick"], "ability": "Wind Rider", "evs": {"hp": 85, "atk": 85, "def": 85, "spa": 85, "spd": 85, "spe": 85}, "ivs": {"hp": 31, "atk": 31, "def": 31, "spa": 31, "spd": 31, "spe": 31}, "item": "Life Orb", "teraType": "Dark", "role": "Setup Sweeper", "bvs": {"hp": 90, "atk": 100, "def": 60, "spa": 90, "spd": 60, "spe": 80}, "stats": {"hp": 305, "atk": 229, "def": 158, "spa": 211, "spd": 158, "spe": 193}}, "Palafin": {"name": "Palafin", "species": "Palafin", "speciesId": "palafin", "gender": "F", "shiny": false, "level": 77, "moves": ["jetpunch", "flipturn", "closecombat", "wavecrash"], "ability": "Zero to Hero", "evs": {"hp": 85, "atk": 85, "def": 85, "spa": 85, "spd": 85, "spe": 85}, "ivs": {"hp": 31, "atk": 31, "def": 31, "spa": 31, "spd": 31, "spe": 31}, "item": "Choice Band", "teraType": "Water", "role": "Wallbreaker", "bvs": {"hp": 100, "atk": 70, "def": 72, "spa": 53, "spd": 62, "spe": 100}, "stats": {"hp": 281, "atk": 152, "def": 155, "spa": 126, "spd": 140, "spe": 199}}, "Skuntank": {"name": "Skuntank", "species": "Skuntank", "speciesId": "skuntank", "gender": "M", "shiny": false, "level": 84, "moves": ["gunkshot", "toxicspikes", "knockoff", "suckerpunch"], "ability": "Aftermath", "evs": {"hp": 85, "atk": 85, "def": 85, "spa": 85, "spd": 85, "spe": 85}, "ivs": {"hp": 31, "atk": 31, "def": 31, "spa": 31, "spd": 31, "spe": 31}, "item": "Life Orb", "teraType": "Poison", "role": "Fast Support", "bvs": {"hp": 103, "atk": 93, "def": 67, "spa": 71, "spd": 61, "spe": 84}, "stats": {"hp": 310, "atk": 204, "def": 161, "spa": 167, "spd": 151, "spe": 189}}, "Altaria": {"name": "Altaria", "species": "Altaria", "speciesId": "altaria", "gender": "M", "shiny": false, "level": 89, "moves": ["bravebird", "dragondance", "roost", "earthquake"], "ability": "Natural Cure", "evs": {"hp": 85, "atk": 85, "def": 85, "spa": 85, "spd": 85, "spe": 85}, "ivs": {"hp": 31, "atk": 31, "def": 31, "spa": 31, "spd": 31, "spe": 31}, "item": "Heavy-Duty Boots", "teraType": "Ground", "role": "Bulky Setup", "bvs": {"hp": 75, "atk": 70, "def": 90, "spa": 70, "spd": 105, "spe": 80}, "stats": {"hp": 278, "atk": 175, "def": 211, "spa": 175, "spd": 238, "spe": 193}}, "Bronzong": {"name": "Bronzong", "species": "Bronzong", "speciesId": "bronzong", "gender": "N", "shiny": false, "level": 88, "moves": ["psychic", "ironhead", "hypnosis", "stealthrock"], "ability": "Levitate", "evs": {"hp": 85, "atk": 85, "def": 85, "spa": 85, "spd": 85, "spe": 85}, "ivs": {"hp": 31, "atk": 31, "def": 31, "spa": 31, "spd": 31, "spe": 31}, "item": "Leftovers", "teraType": "Water", "role": "Bulky Support", "bvs": {"hp": 67, "atk": 89, "def": 116, "spa": 79, "spd": 116, "spe": 33}, "stats": {"hp": 261, "atk": 207, "def": 254, "spa": 189, "spd": 254, "spe": 108}}, "Brambleghast": {"name": "Brambleghast", "species": "Brambleghast", "speciesId": "brambleghast", "gender": "M", "shiny": false, "level": 88, "moves": ["rapidspin", "poltergeist", "powerwhip", "spikes"], "ability": "Wind Rider", "evs": {"hp": 85, "atk": 85, "def": 85, "spa": 85, "spd": 85, "spe": 85}, "ivs": {"hp": 31, "atk": 31, "def": 31, "spa": 31, "spd": 31, "spe": 31}, "item": "Heavy-Duty Boots", "teraType": "Water", "role": "Fast Support", "bvs": {"hp": 55, "atk": 115, "def": 70, "spa": 80, "spd": 70, "spe": 90}, "stats": {"hp": 240, "atk": 253, "def": 173, "spa": 191, "spd": 173, "spe": 209}}}, {"Exeggutor": {"name": "Exeggutor", "species": "Exeggutor", "speciesId": "exeggutor", "gender": "M", "shiny": false, "level": 89, "moves": ["gigadrain", "calmmind", "psychic", "substitute"], "ability": "Harvest", "evs": {"hp": 77, "atk": 0, "def": 85, "spa": 85, "spd": 85, "spe": 85}, "ivs": {"hp": 31, "atk": 0, "def": 31, "spa": 31, "spd": 31, "spe": 31}, "item": "Sitrus Berry", "teraType": "Steel", "role": "Bulky Setup", "bvs": {"hp": 95, "atk": 95, "def": 85, "spa": 125, "spd": 75, "spe": 55}, "stats": {"hp": 312, "atk": 174, "def": 202, "spa": 273, "spd": 184, "spe": 149}}, "Delibird": {"name": "Delibird", "species": "Delibird", "speciesId": "delibird", "gender": "F", "shiny": false, "level": 100, "moves": ["rapidspin", "spikes", "bravebird", "freezedry"], "ability": "Vital Spirit", "evs": {"hp": 85, "atk": 85, "def": 85, "spa": 85, "spd": 85, "spe": 85}, "ivs": {"hp": 31, "atk": 31, "def": 31, "spa": 31, "spd": 31, "spe": 31}, "item": "Heavy-Duty Boots", "teraType": "Ghost", "role": "Fast Support", "bvs": {"hp": 45, "atk": 55, "def": 45, "spa": 65, "spd": 45, "spe": 75}, "stats": {"hp": 252, "atk": 167, "def": 147, "spa": 187, "spd": 147, "spe": 207}}, "Electrode": {"name": "Electrode", "species": "Electrode-Hisui", "speciesId": "electrodehisui", "gender": "N", "shiny": false, "level": 87, "moves": ["leechseed", "gigadrain", "substitute", "thunderbolt"], "ability": "Soundproof", "evs": {"hp": 85, "atk": 0, "def": 85, "spa": 85, "spd": 85, "spe": 85}, "ivs": {"hp": 31, "atk": 0, "def": 31, "spa": 31, "spd": 31, "spe": 31}, "item": "Leftovers", "teraType": "Poison", "role": "Fast Support", "bvs": {"hp": 60, "atk": 50, "def": 70, "spa": 80, "spd": 80, "spe": 150}, "stats": {"hp": 246, "atk": 92, "def": 172, "spa": 189, "spd": 189, "spe": 311}}, "Ambipom": {"name": "Ambipom", "species": "Ambipom", "speciesId": "ambipom", "gender": "M", "shiny": false, "level": 84, "moves": ["knockoff", "uturn", "doubleedge", "tripleaxel"], "ability": "Technician", "evs": {"hp": 85, "atk": 85, "def": 85, "spa": 85, "spd": 85, "spe": 85}, "ivs": {"hp": 31, "atk": 31, "def": 31, "spa": 31, "spd": 31, "spe": 31}, "item": "Choice Band", "teraType": "Ice", "role": "Fast Attacker", "bvs": {"hp": 75, "atk": 100, "def": 66, "spa": 60, "spd": 66, "spe": 115}, "stats": {"hp": 263, "atk": 216, "def": 159, "spa": 149, "spd": 159, "spe": 241}}, "Regigigas": {"name": "Regigigas", "species": "Regigigas", "speciesId": "regigigas", "gender": "N", "shiny": false, "level": 84, "moves": ["protect", "knockoff", "substitute", "bodyslam"], "ability": "Slow Start", "evs": {"hp": 85, "atk": 85, "def": 85, "spa": 85, "spd": 85, "spe": 85}, "ivs": {"hp": 31, "atk": 31, "def": 31, "spa": 31, "spd": 31, "spe": 31}, "item": "Leftovers", "teraType": "Poison", "role": "Bulky Attacker", "bvs": {"hp": 110, "atk": 160, "def": 110, "spa": 80, "spd": 110, "spe": 100}, "stats": {"hp": 322, "atk": 317, "def": 233, "spa": 183, "spd": 233, "spe": 216}}, "Morpeko": {"name": "Morpeko", "species": "Morpeko", "speciesId": "morpeko", "gender": "M", "shiny": false, "level": 88, "moves": ["protect", "knockoff", "aurawheel", "rapidspin"], "ability": "Hunger Switch", "evs": {"hp": 85, "atk": 85, "def": 85, "spa": 85, "spd": 85, "spe": 85}, "ivs": {"hp": 31, "atk": 31, "def": 31, "spa": 31, "spd": 31, "spe": 31}, "item": "Leftovers", "teraType": "Electric", "role": "Bulky Attacker", "bvs": {"hp": 58, "atk": 95, "def": 58, "spa": 70, "spd": 58, "spe": 97}, "stats": {"hp": 245, "atk": 217, "def": 152, "spa": 173, "spd": 152, "spe": 221}}}]}