{"id": "gen9randombattle-2631902798", "format": "[Gen 9] Random Battle", "players": ["Nursey 29", "flaviodssts"], "log": "|j|\u2606Nursey 29\n|j|\u2606flaviodssts\n|t:|1781453848\n|gametype|singles\n|player|p1|Nursey 29|lucas|1994\n|player|p2|flaviodssts|burglar|1952\n|gen|9\n|tier|[Gen 9] Random Battle\n|rated|\n|rule|Species Clause: Limit one of each Pok\u00e9mon\n|rule|HP Percentage Mod: HP is shown in percentages\n|rule|Sleep Clause Mod: Limit one foe put to sleep\n|rule|Illusion Level Mod: Illusion disguises the Pok\u00e9mon's true level\n|\n|t:|1781453848\n|teamsize|p1|6\n|teamsize|p2|6\n|start\n|switch|p1a: Mew|Mew, L82|298/298\n|switch|p2a: Porygon-Z|Porygon-Z, L83|277/277\n|turn|1\n|inactive|Battle timer is ON: inactive players will automatically lose when time's up. (requested by flaviodssts)\n|\n|t:|1781453859\n|move|p1a: Mew|Psychic|p2a: Porygon-Z\n|-damage|p2a: Porygon-Z|141/277\n|-damage|p1a: Mew|269/298|[from] item: Life Orb\n|move|p2a: Porygon-Z|Agility|p2a: Porygon-Z\n|-boost|p2a: Porygon-Z|spe|2\n|\n|upkeep\n|turn|2\n|\n|t:|1781453887\n|move|p2a: Porygon-Z|Nasty Plot|p2a: Porygon-Z\n|-boost|p2a: Porygon-Z|spa|2\n|move|p1a: Mew|Psychic|p2a: Porygon-Z\n|-damage|p2a: Porygon-Z|7/277\n|-damage|p1a: Mew|240/298|[from] item: Life Orb\n|\n|upkeep\n|turn|3\n|\n|t:|1781453899\n|move|p2a: Porygon-Z|Tera Blast|p1a: Mew\n|-damage|p1a: Mew|0 fnt\n|faint|p1a: Mew\n|-damage|p2a: Porygon-Z|0 fnt|[from] item: Life Orb\n|faint|p2a: Porygon-Z\n|\n|upkeep\n|\n|t:|1781453912\n|switch|p1a: Banette|Banette, L93, M|270/270\n|switch|p2a: Swampert|Swampert, L83, F|302/302\n|turn|4\n|\n|t:|1781453925\n|move|p1a: Banette|Poltergeist|p2a: Swampert\n|-activate|p2a: Swampert|move: Poltergeist|Leftovers\n|-damage|p2a: Swampert|80/302\n|-damage|p1a: Banette|243/270|[from] item: Life Orb\n|move|p2a: Swampert|Knock Off|p1a: Banette\n|-supereffective|p1a: Banette\n|-damage|p1a: Banette|69/270\n|-enditem|p1a: Banette|Life Orb|[from] move: Knock Off|[of] p2a: Swampert\n|\n|-heal|p2a: Swampert|98/302|[from] item: Leftovers\n|upkeep\n|turn|5\n|\n|t:|1781453939\n|move|p1a: Banette|Poltergeist|p2a: Swampert\n|-activate|p2a: Swampert|move: Poltergeist|Leftovers\n|-damage|p2a: Swampert|0 fnt\n|faint|p2a: Swampert\n|\n|upkeep\n|\n|t:|1781453955\n|switch|p2a: Rotom|Rotom-Fan, L86|226/226\n|turn|6\n|\n|t:|1781453962\n|move|p1a: Banette|Shadow Sneak|p2a: Rotom\n|-damage|p2a: Rotom|175/226\n|move|p2a: Rotom|Thunderbolt|p1a: Banette\n|-damage|p1a: Banette|0 fnt\n|faint|p1a: Banette\n|\n|upkeep\n|\n|t:|1781453970\n|switch|p1a: Beartic|Beartic, L91, F|321/321\n|turn|7\n|\n|t:|1781453981\n|move|p2a: Rotom|Will-O-Wisp|p1a: Beartic\n|-status|p1a: Beartic|brn\n|move|p1a: Beartic|Icicle Crash|p2a: Rotom\n|-supereffective|p2a: Rotom\n|-damage|p2a: Rotom|18/226\n|\n|-damage|p1a: Beartic|301/321 brn|[from] brn\n|upkeep\n|turn|8\n|\n|t:|1781453989\n|switch|p1a: Cyclizar|Cyclizar, L83, M|252/252\n|move|p2a: Rotom|Volt Switch|p1a: Cyclizar\n|-resisted|p1a: Cyclizar\n|-damage|p1a: Cyclizar|200/252\n|\n|t:|1781454005\n|switch|p2a: Probopass|Probopass, L91, F|257/257|[from] Volt Switch\n|\n|upkeep\n|turn|9\n|\n|t:|1781454015\n|move|p1a: Cyclizar|Shed Tail|p1a: Cyclizar\n|-start|p1a: Cyclizar|Substitute|[from] move: Shed Tail\n|-damage|p1a: Cyclizar|74/252\n|\n|t:|1781454017\n|switch|p1a: Toxapex|Toxapex, L82, F|216/216|[from] Shed Tail\n|move|p2a: Probopass|Iron Defense|p2a: Probopass\n|-boost|p2a: Probopass|def|2\n|\n|upkeep\n|turn|10\n|\n|t:|1781454025\n|move|p2a: Probopass|Body Press|p1a: Toxapex\n|-resisted|p1a: Toxapex\n|-activate|p1a: Toxapex|move: Substitute|[damage]\n|move|p1a: Toxapex|Liquidation|p2a: Probopass\n|-supereffective|p2a: Probopass\n|-damage|p2a: Probopass|215/257\n|\n|-heal|p2a: Probopass|231/257|[from] item: Leftovers\n|upkeep\n|turn|11\n|\n|t:|1781454035\n|move|p2a: Probopass|Iron Defense|p2a: Probopass\n|-boost|p2a: Probopass|def|2\n|move|p1a: Toxapex|Haze|p1a: Toxapex\n|-clearallboost\n|\n|-heal|p2a: Probopass|247/257|[from] item: Leftovers\n|upkeep\n|turn|12\n|\n|t:|1781454046\n|move|p2a: Probopass|Flash Cannon|p1a: Toxapex\n|-resisted|p1a: Toxapex\n|-end|p1a: Toxapex|Substitute\n|move|p1a: Toxapex|Liquidation|p2a: Probopass\n|-supereffective|p2a: Probopass\n|-damage|p2a: Probopass|163/257\n|\n|-heal|p2a: Probopass|179/257|[from] item: Leftovers\n|upkeep\n|turn|13\n|\n|t:|1781454058\n|switch|p2a: Latias|Latias, L79, F|256/256\n|move|p1a: Toxapex|Liquidation|p2a: Latias\n|-resisted|p2a: Latias\n|-damage|p2a: Latias|222/256\n|\n|upkeep\n|turn|14\n|\n|t:|1781454074\n|-terastallize|p2a: Latias|Steel\n|move|p2a: Latias|Calm Mind|p2a: Latias\n|-boost|p2a: Latias|spa|1\n|-boost|p2a: Latias|spd|1\n|move|p1a: Toxapex|Toxic|p2a: Latias\n|-immune|p2a: Latias\n|\n|upkeep\n|turn|15\n|\n|t:|1781454089\n|switch|p1a: Beartic|Beartic, L91, F|301/321 brn\n|move|p2a: Latias|Calm Mind|p2a: Latias\n|-boost|p2a: Latias|spa|1\n|-boost|p2a: Latias|spd|1\n|\n|-damage|p1a: Beartic|281/321 brn|[from] brn\n|upkeep\n|turn|16\n|\n|t:|1781454097\n|move|p2a: Latias|Draco Meteor|p1a: Beartic\n|-damage|p1a: Beartic|0 fnt\n|-unboost|p2a: Latias|spa|2\n|faint|p1a: Beartic\n|\n|upkeep\n|\n|t:|1781454104\n|switch|p1a: Duraludon|Duraludon, L82, M|249/249\n|turn|17\n|\n|t:|1781454109\n|move|p2a: Latias|Calm Mind|p2a: Latias\n|-boost|p2a: Latias|spa|1\n|-boost|p2a: Latias|spd|1\n|move|p1a: Duraludon|Thunder Wave|p2a: Latias\n|-status|p2a: Latias|par\n|\n|upkeep\n|turn|18\n|\n|t:|1781454115\n|move|p1a: Duraludon|Body Press|p2a: Latias\n|-supereffective|p2a: Latias\n|-damage|p2a: Latias|100/256 par\n|move|p2a: Latias|Calm Mind|p2a: Latias\n|-boost|p2a: Latias|spa|1\n|-boost|p2a: Latias|spd|1\n|\n|upkeep\n|turn|19\n|\n|t:|1781454124\n|switch|p2a: Landorus|Landorus, L75, M|257/257\n|move|p1a: Duraludon|Body Press|p2a: Landorus\n|-resisted|p2a: Landorus\n|-damage|p2a: Landorus|224/257\n|\n|upkeep\n|turn|20\n|\n|t:|1781454153\n|switch|p1a: Cyclizar|Cyclizar, L83, M|158/252\n|move|p2a: Landorus|Earth Power|p1a: Cyclizar\n|-damage|p1a: Cyclizar|0 fnt\n|faint|p1a: Cyclizar\n|\n|upkeep\n|\n|t:|1781454159\n|switch|p1a: Toxapex|Toxapex, L82, F|216/216\n|turn|21\n|\n|t:|1781454170\n|switch|p2a: Rotom|Rotom-Fan, L86|18/226\n|-terastallize|p1a: Toxapex|Flying\n|move|p1a: Toxapex|Liquidation|p2a: Rotom\n|-damage|p2a: Rotom|0 fnt\n|faint|p2a: Rotom\n|\n|upkeep\n|\n|t:|1781454184\n|switch|p2a: Latias|Latias, L79, F, tera:Steel|100/256 par\n|turn|22\n|\n|t:|1781454189\n|switch|p1a: Duraludon|Duraludon, L82, M|249/249\n|cant|p2a: Latias|par\n|\n|upkeep\n|turn|23\n|\n|t:|1781454204\n|move|p1a: Duraludon|Body Press|p2a: Latias\n|-supereffective|p2a: Latias\n|-crit|p2a: Latias\n|-damage|p2a: Latias|0 fnt\n|faint|p2a: Latias\n|\n|upkeep\n|\n|t:|1781454206\n|switch|p2a: Landorus|Landorus, L75, M|224/257\n|turn|24\n|\n|t:|1781454216\n|switch|p1a: Toxapex|Toxapex, L82, F, tera:Flying|216/216\n|move|p2a: Landorus|Nasty Plot|p2a: Landorus\n|-boost|p2a: Landorus|spa|2\n|\n|upkeep\n|turn|25\n|\n|t:|1781454225\n|move|p2a: Landorus|Sludge Wave|p1a: Toxapex\n|-damage|p1a: Toxapex|77/216\n|move|p1a: Toxapex|Haze|p1a: Toxapex\n|-clearallboost\n|\n|upkeep\n|turn|26\n|\n|t:|1781454233\n|move|p2a: Landorus|Sludge Wave|p1a: Toxapex\n|-damage|p1a: Toxapex|4/216\n|move|p1a: Toxapex|Liquidation|p2a: Landorus\n|-supereffective|p2a: Landorus\n|-damage|p2a: Landorus|84/257\n|\n|upkeep\n|turn|27\n|\n|t:|1781454239\n|move|p2a: Landorus|Sludge Wave|p1a: Toxapex\n|-damage|p1a: Toxapex|0 fnt\n|faint|p1a: Toxapex\n|\n|upkeep\n|\n|t:|1781454243\n|switch|p1a: Duraludon|Duraludon, L82, M|249/249\n|turn|28\n|\n|t:|1781454247\n|move|p2a: Landorus|Earth Power|p1a: Duraludon\n|-supereffective|p1a: Duraludon\n|-damage|p1a: Duraludon|0 fnt\n|faint|p1a: Duraludon\n|\n|win|flaviodssts\n|raw|Nursey 29's rating: 1994 &rarr; <strong>1972</strong><br />(-22 for losing)\n|raw|flaviodssts's rating: 1952 &rarr; <strong>1974</strong><br />(+22 for winning)\n", "inputlog": ">version a8376a258c1d4662feba110a92103f3664a72141\n>start {\"formatid\":\"gen9randombattle\",\"seed\":\"sodium,2753d8ccf513d489d02f183f2e538e22\",\"rated\":\"Rated battle\"}\n>player p1 {\"name\":\"Nursey 29\",\"avatar\":\"lucas\",\"rating\":1994,\"seed\":\"sodium,9a0f53fa1333b38e6a665edb403bb877\"}\n>player p2 {\"name\":\"flaviodssts\",\"avatar\":\"burglar\",\"rating\":1952,\"seed\":\"sodium,da7c6ed81c7f5975843c53e42de924c6\"}\n>p1 move psychic\n>p2 move agility\n>p1 move psychic\n>p2 move nastyplot\n>p1 move psychic\n>p2 move terablast\n>p1 switch 6\n>p2 switch 6\n>p1 move poltergeist\n>p2 move knockoff\n>p1 move poltergeist\n>p2 move flipturn\n>p2 switch 5\n>p1 move shadowsneak\n>p2 move thunderbolt\n>p1 switch 2\n>p1 move iciclecrash\n>p2 move willowisp\n>p1 switch 5\n>p2 move voltswitch\n>p2 switch 3\n>p1 move shedtail\n>p2 move irondefense\n>p1 switch 3\n>p1 move liquidation\n>p2 move bodypress\n>p1 move haze\n>p2 move irondefense\n>p1 move liquidation\n>p2 move flashcannon\n>p1 move liquidation\n>p2 switch 2\n>p1 move toxic\n>p2 move calmmind terastallize\n>p1 switch 5\n>p2 move calmmind\n>p1 move closecombat\n>p2 move dracometeor\n>p1 switch 4\n>p1 move thunderwave\n>p2 move calmmind\n>p1 move bodypress\n>p2 move calmmind\n>p1 move bodypress\n>p2 switch 4\n>p1 switch 3\n>p2 move earthpower\n>p1 switch 5\n>p1 move liquidation terastallize\n>p2 switch 3\n>p2 switch 4\n>p1 switch 3\n>p2 move recover\n>p1 move bodypress\n>p2 move recover\n>p2 switch 3\n>p1 switch 3\n>p2 move nastyplot\n>p1 move haze\n>p2 move sludgewave\n>p1 move liquidation\n>p2 move sludgewave\n>p1 move liquidation\n>p2 move sludgewave\n>p1 switch 3\n>p1 move flashcannon\n>p2 move earthpower", "uploadtime": 1781453849, "views": 6, "formatid": "gen9randombattle", "rating": 1972, "private": 0, "password": null, "player_dets": [{"name": "Nursey 29", "avatar": "lucas", "rating": 1994, "seed": "sodium,9a0f53fa1333b38e6a665edb403bb877"}, {"name": "flaviodssts", "avatar": "burglar", "rating": 1952, "seed": "sodium,da7c6ed81c7f5975843c53e42de924c6"}], "teams_full": [{"Mew": {"name": "Mew", "species": "Mew", "speciesId": "mew", "gender": "N", "shiny": false, "level": 82, "moves": ["psychic", "hydropump", "darkpulse", "nastyplot"], "ability": "Synchronize", "evs": {"hp": 85, "atk": 0, "def": 85, "spa": 85, "spd": 85, "spe": 85}, "ivs": {"hp": 31, "atk": 0, "def": 31, "spa": 31, "spd": 31, "spe": 31}, "item": "Life Orb", "teraType": "Dark", "role": "Fast Bulky Setup", "bvs": {"hp": 100, "atk": 100, "def": 100, "spa": 100, "spd": 100, "spe": 100}, "stats": {"hp": 298, "atk": 169, "def": 211, "spa": 211, "spd": 211, "spe": 211}, "types": ["Psychic"]}, "Beartic": {"name": "Beartic", "species": "Beartic", "speciesId": "beartic", "gender": "F", "shiny": false, "level": 91, "moves": ["closecombat", "earthquake", "aquajet", "iciclecrash"], "ability": "Slush Rush", "evs": {"hp": 85, "atk": 85, "def": 85, "spa": 85, "spd": 85, "spe": 85}, "ivs": {"hp": 31, "atk": 31, "def": 31, "spa": 31, "spd": 31, "spe": 31}, "item": "Choice Band", "teraType": "Fighting", "role": "Wallbreaker", "bvs": {"hp": 95, "atk": 130, "def": 80, "spa": 70, "spd": 80, "spe": 50}, "stats": {"hp": 321, "atk": 288, "def": 197, "spa": 179, "spd": 197, "spe": 143}, "types": ["Ice"]}, "Toxapex": {"name": "Toxapex", "species": "Toxapex", "speciesId": "toxapex", "gender": "F", "shiny": false, "level": 82, "moves": ["liquidation", "recover", "toxic", "haze"], "ability": "Regenerator", "evs": {"hp": 85, "atk": 85, "def": 85, "spa": 85, "spd": 85, "spe": 85}, "ivs": {"hp": 31, "atk": 31, "def": 31, "spa": 31, "spd": 31, "spe": 31}, "item": "Rocky Helmet", "teraType": "Flying", "role": "Bulky Support", "bvs": {"hp": 50, "atk": 63, "def": 152, "spa": 53, "spd": 142, "spe": 35}, "stats": {"hp": 216, "atk": 150, "def": 296, "spa": 134, "spd": 280, "spe": 105}, "types": ["Poison", "Water"]}, "Duraludon": {"name": "Duraludon", "species": "Duraludon", "speciesId": "duraludon", "gender": "M", "shiny": false, "level": 82, "moves": ["flashcannon", "bodypress", "thunderwave", "dracometeor"], "ability": "Light Metal", "evs": {"hp": 85, "atk": 0, "def": 85, "spa": 85, "spd": 85, "spe": 85}, "ivs": {"hp": 31, "atk": 0, "def": 31, "spa": 31, "spd": 31, "spe": 31}, "item": "Eviolite", "teraType": "Fighting", "role": "Bulky Attacker", "bvs": {"hp": 70, "atk": 95, "def": 115, "spa": 120, "spd": 50, "spe": 85}, "stats": {"hp": 249, "atk": 160, "def": 236, "spa": 244, "spd": 129, "spe": 187}, "types": ["Steel", "Dragon"]}, "Cyclizar": {"name": "Cyclizar", "species": "Cyclizar", "speciesId": "cyclizar", "gender": "M", "shiny": false, "level": 83, "moves": ["rapidspin", "shedtail", "knockoff", "dracometeor"], "ability": "Regenerator", "evs": {"hp": 85, "atk": 85, "def": 85, "spa": 85, "spd": 85, "spe": 85}, "ivs": {"hp": 31, "atk": 31, "def": 31, "spa": 31, "spd": 31, "spe": 31}, "item": "Heavy-Duty Boots", "teraType": "Steel", "role": "Fast Support", "bvs": {"hp": 70, "atk": 95, "def": 65, "spa": 85, "spd": 65, "spe": 121}, "stats": {"hp": 252, "atk": 205, "def": 156, "spa": 189, "spd": 156, "spe": 249}, "types": ["Dragon", "Normal"]}, "Banette": {"name": "Banette", "species": "Banette", "speciesId": "banette", "gender": "M", "shiny": false, "level": 93, "moves": ["gunkshot", "shadowsneak", "thunderwave", "poltergeist"], "ability": "Insomnia", "evs": {"hp": 85, "atk": 85, "def": 85, "spa": 85, "spd": 85, "spe": 85}, "ivs": {"hp": 31, "atk": 31, "def": 31, "spa": 31, "spd": 31, "spe": 31}, "item": "Life Orb", "teraType": "Ghost", "role": "Wallbreaker", "bvs": {"hp": 64, "atk": 115, "def": 65, "spa": 83, "spd": 63, "spe": 65}, "stats": {"hp": 270, "atk": 267, "def": 174, "spa": 207, "spd": 170, "spe": 174}, "types": ["Ghost"]}}, {"Porygon-Z": {"name": "Porygon-Z", "species": "Porygon-Z", "speciesId": "porygonz", "gender": "N", "shiny": false, "level": 83, "moves": ["nastyplot", "terablast", "shadowball", "agility"], "ability": "Adaptability", "evs": {"hp": 85, "atk": 0, "def": 85, "spa": 85, "spd": 85, "spe": 85}, "ivs": {"hp": 31, "atk": 0, "def": 31, "spa": 31, "spd": 31, "spe": 31}, "item": "Life Orb", "teraType": "Fighting", "role": "Tera Blast user", "bvs": {"hp": 85, "atk": 80, "def": 70, "spa": 135, "spd": 75, "spe": 90}, "stats": {"hp": 277, "atk": 137, "def": 164, "spa": 272, "spd": 172, "spe": 197}, "types": ["Normal"]}, "Latias": {"name": "Latias", "species": "Latias", "speciesId": "latias", "gender": "F", "shiny": false, "level": 79, "moves": ["calmmind", "dracometeor", "psyshock", "recover"], "ability": "Levitate", "evs": {"hp": 85, "atk": 0, "def": 85, "spa": 85, "spd": 85, "spe": 85}, "ivs": {"hp": 31, "atk": 0, "def": 31, "spa": 31, "spd": 31, "spe": 31}, "item": "Soul Dew", "teraType": "Steel", "role": "Fast Bulky Setup", "bvs": {"hp": 80, "atk": 80, "def": 90, "spa": 110, "spd": 130, "spe": 110}, "stats": {"hp": 256, "atk": 131, "def": 188, "spa": 219, "spd": 251, "spe": 219}, "types": ["Dragon", "Psychic"]}, "Probopass": {"name": "Probopass", "species": "Probopass", "speciesId": "probopass", "gender": "F", "shiny": false, "level": 91, "moves": ["thunderwave", "flashcannon", "irondefense", "bodypress"], "ability": "Magnet Pull", "evs": {"hp": 85, "atk": 0, "def": 85, "spa": 85, "spd": 85, "spe": 85}, "ivs": {"hp": 31, "atk": 0, "def": 31, "spa": 31, "spd": 31, "spe": 31}, "item": "Leftovers", "teraType": "Fighting", "role": "Bulky Setup", "bvs": {"hp": 60, "atk": 55, "def": 145, "spa": 75, "spd": 150, "spe": 40}, "stats": {"hp": 257, "atk": 105, "def": 316, "spa": 188, "spd": 325, "spe": 125}, "types": ["Rock", "Steel"]}, "Landorus": {"name": "Landorus", "species": "Landorus", "speciesId": "landorus", "gender": "M", "shiny": false, "level": 75, "moves": ["earthpower", "focusblast", "sludgewave", "nastyplot"], "ability": "Sheer Force", "evs": {"hp": 85, "atk": 0, "def": 85, "spa": 85, "spd": 85, "spe": 85}, "ivs": {"hp": 31, "atk": 0, "def": 31, "spa": 31, "spd": 31, "spe": 31}, "item": "Life Orb", "teraType": "Poison", "role": "Fast Attacker", "bvs": {"hp": 89, "atk": 125, "def": 90, "spa": 115, "spd": 80, "spe": 101}, "stats": {"hp": 257, "atk": 192, "def": 179, "spa": 216, "spd": 164, "spe": 195}, "types": ["Ground", "Flying"]}, "Rotom": {"name": "Rotom", "species": "Rotom-Fan", "speciesId": "rotomfan", "gender": "N", "shiny": false, "level": 86, "moves": ["thunderbolt", "willowisp", "voltswitch", "airslash"], "ability": "Levitate", "evs": {"hp": 85, "atk": 0, "def": 85, "spa": 85, "spd": 85, "spe": 85}, "ivs": {"hp": 31, "atk": 0, "def": 31, "spa": 31, "spd": 31, "spe": 31}, "item": "Heavy-Duty Boots", "teraType": "Steel", "role": "Bulky Attacker", "bvs": {"hp": 50, "atk": 65, "def": 107, "spa": 105, "spd": 107, "spe": 86}, "stats": {"hp": 226, "atk": 116, "def": 233, "spa": 230, "spd": 233, "spe": 197}, "types": ["Electric", "Flying"]}, "Swampert": {"name": "Swampert", "species": "Swampert", "speciesId": "swampert", "gender": "F", "shiny": false, "level": 83, "moves": ["knockoff", "roar", "flipturn", "earthquake"], "ability": "Torrent", "evs": {"hp": 85, "atk": 85, "def": 85, "spa": 85, "spd": 85, "spe": 85}, "ivs": {"hp": 31, "atk": 31, "def": 31, "spa": 31, "spd": 31, "spe": 31}, "item": "Leftovers", "teraType": "Steel", "role": "Bulky Support", "bvs": {"hp": 100, "atk": 110, "def": 90, "spa": 85, "spd": 90, "spe": 60}, "stats": {"hp": 302, "atk": 230, "def": 197, "spa": 189, "spd": 197, "spe": 147}, "types": ["Water", "Ground"]}}]}