{"id": "gen9randombattle-2631801670", "format": "[Gen 9] Random Battle", "players": ["l'ingegnere", "Isitshine11"], "log": "|j|\u2606l'ingegnere\n|j|\u2606Isitshine11\n|t:|1781441730\n|gametype|singles\n|player|p1|l'ingegnere|scientist-gen4|1970\n|player|p2|Isitshine11|medium|2005\n|gen|9\n|tier|[Gen 9] Random Battle\n|rated|\n|rule|Species Clause: Limit one of each Pok\u00e9mon\n|rule|HP Percentage Mod: HP is shown in percentages\n|rule|Sleep Clause Mod: Limit one foe put to sleep\n|rule|Illusion Level Mod: Illusion disguises the Pok\u00e9mon's true level\n|\n|t:|1781441730\n|teamsize|p1|6\n|teamsize|p2|6\n|start\n|switch|p1a: Dialga|Dialga, L73|266/266\n|switch|p2a: Gallade|Gallade, L80, M|240/240\n|-ability|p1a: Dialga|Pressure\n|turn|1\n|inactive|Battle timer is ON: inactive players will automatically lose when time's up. (requested by Isitshine11)\n|\n|t:|1781441748\n|switch|p1a: Bombirdier|Bombirdier, L85, F|258/258\n|move|p2a: Gallade|Sacred Sword|p1a: Bombirdier\n|-damage|p1a: Bombirdier|20/258\n|\n|upkeep\n|turn|2\n|\n|t:|1781441758\n|switch|p2a: Lumineon|Lumineon, L93, M|279/279\n|move|p1a: Bombirdier|Knock Off|p2a: Lumineon\n|-damage|p2a: Lumineon|176/279\n|-enditem|p2a: Lumineon|Heavy-Duty Boots|[from] move: Knock Off|[of] p1a: Bombirdier\n|\n|upkeep\n|turn|3\n|\n|t:|1781441773\n|switch|p1a: Raging Bolt|Raging Bolt, L78|323/323\n|move|p2a: Lumineon|U-turn|p1a: Raging Bolt\n|-damage|p1a: Raging Bolt|275/323\n|\n|t:|1781441785\n|switch|p2a: Gallade|Gallade, L80, M|240/240|[from] U-turn\n|\n|-heal|p1a: Raging Bolt|295/323|[from] item: Leftovers\n|upkeep\n|turn|4\n|\n|t:|1781441797\n|move|p2a: Gallade|Sacred Sword|p1a: Raging Bolt\n|-damage|p1a: Raging Bolt|21/323\n|move|p1a: Raging Bolt|Thunderbolt|p2a: Gallade\n|-damage|p2a: Gallade|146/240\n|\n|-heal|p1a: Raging Bolt|41/323|[from] item: Leftovers\n|upkeep\n|turn|5\n|\n|t:|1781441801\n|move|p1a: Raging Bolt|Thunderclap|p2a: Gallade\n|-damage|p2a: Gallade|77/240\n|move|p2a: Gallade|Sacred Sword|p1a: Raging Bolt\n|-damage|p1a: Raging Bolt|0 fnt\n|faint|p1a: Raging Bolt\n|-end|p1a: Raging Bolt|Protosynthesis|[silent]\n|\n|upkeep\n|\n|t:|1781441810\n|switch|p1a: Bombirdier|Bombirdier, L85, F|20/258\n|turn|6\n|\n|t:|1781441818\n|switch|p2a: Lumineon|Lumineon, L93, M|176/279\n|move|p1a: Bombirdier|Brave Bird|p2a: Lumineon\n|-damage|p2a: Lumineon|31/279\n|-damage|p1a: Bombirdier|0 fnt|[from] Recoil\n|faint|p1a: Bombirdier\n|\n|upkeep\n|\n|t:|1781441837\n|switch|p1a: Zebstrika|Zebstrika, L87, M|272/272\n|turn|7\n|\n|t:|1781441842\n|move|p1a: Zebstrika|Volt Switch|p2a: Lumineon\n|-supereffective|p2a: Lumineon\n|-damage|p2a: Lumineon|0 fnt\n|faint|p2a: Lumineon\n|-damage|p1a: Zebstrika|245/272|[from] item: Life Orb\n|\n|t:|1781441844\n|switch|p1a: Scizor|Scizor, L79, F|240/240|[from] Volt Switch\n|\n|upkeep\n|\n|t:|1781441849\n|switch|p2a: Dewgong|Dewgong, L94, F|322/322\n|turn|8\n|\n|t:|1781441858\n|move|p2a: Dewgong|Knock Off|p1a: Scizor\n|-damage|p1a: Scizor|180/240\n|-enditem|p1a: Scizor|Choice Band|[from] move: Knock Off|[of] p2a: Dewgong\n|move|p1a: Scizor|U-turn|p2a: Dewgong\n|-damage|p2a: Dewgong|249/322\n|\n|t:|1781441862\n|switch|p1a: Zebstrika|Zebstrika, L87, M|245/272|[from] U-turn\n|\n|upkeep\n|turn|9\n|\n|t:|1781441866\n|move|p1a: Zebstrika|Volt Switch|p2a: Dewgong\n|-supereffective|p2a: Dewgong\n|-damage|p2a: Dewgong|155/322\n|-damage|p1a: Zebstrika|218/272|[from] item: Life Orb\n|\n|t:|1781441871\n|switch|p1a: Scizor|Scizor, L79, F|180/240|[from] Volt Switch\n|move|p2a: Dewgong|Flip Turn|p1a: Scizor\n|-damage|p1a: Scizor|122/240\n|\n|t:|1781441886\n|switch|p2a: Gallade|Gallade, L80, M|77/240|[from] Flip Turn\n|\n|upkeep\n|turn|10\n|\n|t:|1781441908\n|switch|p2a: Dewgong|Dewgong, L94, F|155/322\n|move|p1a: Scizor|Bullet Punch|p2a: Dewgong\n|-damage|p2a: Dewgong|88/322\n|\n|upkeep\n|turn|11\n|\n|t:|1781441922\n|move|p2a: Dewgong|Surf|p1a: Scizor\n|-damage|p1a: Scizor|23/240\n|move|p1a: Scizor|Knock Off|p2a: Dewgong\n|-damage|p2a: Dewgong|19/322\n|-enditem|p2a: Dewgong|Assault Vest|[from] move: Knock Off|[of] p1a: Scizor\n|\n|upkeep\n|turn|12\n|\n|t:|1781441929\n|switch|p2a: Metagross|Metagross, L79|256/256\n|move|p1a: Scizor|Bullet Punch|p2a: Metagross\n|-resisted|p2a: Metagross\n|-damage|p2a: Metagross|229/256\n|\n|upkeep\n|turn|13\n|\n|t:|1781441937\n|switch|p1a: Dialga|Dialga, L73|266/266\n|-ability|p1a: Dialga|Pressure\n|move|p2a: Metagross|Earthquake|p1a: Dialga\n|-supereffective|p1a: Dialga\n|-damage|p1a: Dialga|114/266\n|\n|upkeep\n|turn|14\n|\n|t:|1781441944\n|move|p1a: Dialga|Fire Blast|p2a: Metagross\n|-supereffective|p2a: Metagross\n|-damage|p2a: Metagross|61/256\n|-enditem|p2a: Metagross|Weakness Policy\n|-boost|p2a: Metagross|atk|2|[from] item: Weakness Policy\n|-boost|p2a: Metagross|spa|2|[from] item: Weakness Policy\n|move|p2a: Metagross|Earthquake|p1a: Dialga\n|-supereffective|p1a: Dialga\n|-damage|p1a: Dialga|0 fnt\n|faint|p1a: Dialga\n|\n|upkeep\n|\n|t:|1781441952\n|switch|p1a: Zebstrika|Zebstrika, L87, M|218/272\n|turn|15\n|\n|t:|1781441956\n|-terastallize|p2a: Metagross|Ground\n|move|p1a: Zebstrika|High Horsepower|p2a: Metagross\n|-damage|p2a: Metagross|0 fnt\n|faint|p2a: Metagross\n|-damage|p1a: Zebstrika|191/272|[from] item: Life Orb\n|\n|upkeep\n|\n|t:|1781441962\n|switch|p2a: Goodra|Goodra, L85, F|292/292\n|turn|16\n|\n|t:|1781441967\n|switch|p1a: Scizor|Scizor, L79, F|23/240\n|move|p2a: Goodra|Scald|p1a: Scizor\n|-damage|p1a: Scizor|0 fnt\n|faint|p1a: Scizor\n|\n|upkeep\n|\n|t:|1781441969\n|switch|p1a: Mamoswine|Mamoswine, L81, F|311/311\n|turn|17\n|\n|t:|1781441979\n|switch|p2a: Dewgong|Dewgong, L94, F|19/322\n|-terastallize|p1a: Mamoswine|Ice\n|move|p1a: Mamoswine|Icicle Crash|p2a: Dewgong\n|-resisted|p2a: Dewgong\n|-damage|p2a: Dewgong|0 fnt\n|faint|p2a: Dewgong\n|\n|upkeep\n|\n|t:|1781441989\n|switch|p2a: Rampardos|Rampardos, L90, M|321/321\n|turn|18\n|\n|t:|1781441992\n|move|p1a: Mamoswine|Icicle Crash|p2a: Rampardos\n|-damage|p2a: Rampardos|59/321\n|move|p2a: Rampardos|Rock Slide|p1a: Mamoswine\n|-supereffective|p1a: Mamoswine\n|-damage|p1a: Mamoswine|0 fnt\n|faint|p1a: Mamoswine\n|\n|upkeep\n|\n|t:|1781441997\n|switch|p1a: Zebstrika|Zebstrika, L87, M|191/272\n|turn|19\n|\n|t:|1781442003\n|move|p1a: Zebstrika|Volt Switch|p2a: Rampardos\n|-damage|p2a: Rampardos|0 fnt\n|faint|p2a: Rampardos\n|-damage|p1a: Zebstrika|164/272|[from] item: Life Orb\n|\n|upkeep\n|\n|t:|1781442008\n|switch|p2a: Gallade|Gallade, L80, M|77/240\n|turn|20\n|\n|t:|1781442012\n|move|p1a: Zebstrika|Supercell Slam|p2a: Gallade\n|-damage|p2a: Gallade|0 fnt\n|faint|p2a: Gallade\n|-damage|p1a: Zebstrika|137/272|[from] item: Life Orb\n|\n|upkeep\n|\n|t:|1781442015\n|switch|p2a: Goodra|Goodra, L85, F|292/292\n|turn|21\n|\n|t:|1781442026\n|move|p1a: Zebstrika|High Horsepower|p2a: Goodra\n|-damage|p2a: Goodra|182/292\n|-damage|p1a: Zebstrika|110/272|[from] item: Life Orb\n|move|p2a: Goodra|Draco Meteor|p1a: Zebstrika\n|-damage|p1a: Zebstrika|0 fnt\n|-unboost|p2a: Goodra|spa|2\n|faint|p1a: Zebstrika\n|\n|win|Isitshine11\n", "inputlog": ">version a8376a258c1d4662feba110a92103f3664a72141\n>start {\"formatid\":\"gen9randombattle\",\"seed\":\"sodium,e48aa26316ebb5a993619000d6978743\",\"rated\":\"Rated battle\"}\n>player p1 {\"name\":\"l'ingegnere\",\"avatar\":\"scientist-gen4\",\"rating\":1970,\"seed\":\"sodium,eaa04f2ce88a6877c841290499357a96\"}\n>player p2 {\"name\":\"Isitshine11\",\"avatar\":\"medium\",\"rating\":2005,\"seed\":\"sodium,6c0c172a11e50d70d5a1d99661f2bc3a\"}\n>p1 switch 3\n>p2 move sacredsword\n>p1 move knockoff\n>p2 switch 2\n>p1 switch 4\n>p2 move uturn\n>p2 switch 2\n>p1 move thunderbolt\n>p2 move sacredsword\n>p1 move thunderclap\n>p2 move sacredsword\n>p1 switch 4\n>p1 move bravebird\n>p2 switch 2\n>p1 switch 5\n>p1 move voltswitch\n>p2 move hydropump\n>p1 switch 2\n>p2 switch 4\n>p1 move uturn\n>p2 move knockoff\n>p1 switch 2\n>p1 move voltswitch\n>p2 move flipturn\n>p1 switch 2\n>p2 switch 2\n>p1 move bulletpunch\n>p2 switch 2\n>p1 move knockoff\n>p2 move surf\n>p1 move bulletpunch\n>p2 switch 3\n>p1 switch 3\n>p2 move earthquake\n>p1 move fireblast\n>p2 move earthquake\n>p1 switch 2\n>p1 move highhorsepower\n>p2 move earthquake terastallize\n>p2 switch 5\n>p1 switch 3\n>p2 move scald\n>p1 switch 6\n>p1 move iciclecrash terastallize\n>p2 switch 3\n>p2 switch 6\n>p1 move iciclecrash\n>p2 move rockslide\n>p1 switch 3\n>p1 move voltswitch\n>p2 move earthquake\n>p2 switch 2\n>p1 move supercellslam\n>p2 move sacredsword\n>p2 switch 3\n>p1 move highhorsepower\n>p2 move dracometeor", "uploadtime": 1781441732, "views": 6, "formatid": "gen9randombattle", "rating": null, "private": 0, "password": null, "player_dets": [{"name": "l'ingegnere", "avatar": "scientist-gen4", "rating": 1970, "seed": "sodium,eaa04f2ce88a6877c841290499357a96"}, {"name": "Isitshine11", "avatar": "medium", "rating": 2005, "seed": "sodium,6c0c172a11e50d70d5a1d99661f2bc3a"}], "teams_full": [{"Dialga": {"name": "Dialga", "species": "Dialga", "speciesId": "dialga", "gender": "N", "shiny": false, "level": 73, "moves": ["fireblast", "dragontail", "dracometeor", "heavyslam"], "ability": "Pressure", "evs": {"hp": 85, "atk": 85, "def": 85, "spa": 85, "spd": 85, "spe": 85}, "ivs": {"hp": 31, "atk": 31, "def": 31, "spa": 31, "spd": 31, "spe": 31}, "item": "Assault Vest", "teraType": "Steel", "role": "AV Pivot", "bvs": {"hp": 100, "atk": 120, "def": 120, "spa": 150, "spd": 100, "spe": 90}, "stats": {"hp": 266, "atk": 218, "def": 218, "spa": 261, "spd": 188, "spe": 174}}, "Scizor": {"name": "Scizor", "species": "Scizor", "speciesId": "scizor", "gender": "F", "shiny": false, "level": 79, "moves": ["knockoff", "closecombat", "uturn", "bulletpunch"], "ability": "Technician", "evs": {"hp": 85, "atk": 85, "def": 85, "spa": 85, "spd": 85, "spe": 85}, "ivs": {"hp": 31, "atk": 31, "def": 31, "spa": 31, "spd": 31, "spe": 31}, "item": "Choice Band", "teraType": "Steel", "role": "Wallbreaker", "bvs": {"hp": 70, "atk": 130, "def": 100, "spa": 55, "spd": 80, "spe": 65}, "stats": {"hp": 240, "atk": 251, "def": 204, "spa": 132, "spd": 172, "spe": 148}}, "Bombirdier": {"name": "Bombirdier", "species": "Bombirdier", "speciesId": "bombirdier", "gender": "F", "shiny": false, "level": 85, "moves": ["suckerpunch", "roost", "knockoff", "bravebird"], "ability": "Big Pecks", "evs": {"hp": 85, "atk": 85, "def": 85, "spa": 85, "spd": 85, "spe": 85}, "ivs": {"hp": 31, "atk": 31, "def": 31, "spa": 31, "spd": 31, "spe": 31}, "item": "Heavy-Duty Boots", "teraType": "Steel", "role": "Bulky Support", "bvs": {"hp": 70, "atk": 103, "def": 85, "spa": 60, "spd": 85, "spe": 82}, "stats": {"hp": 258, "atk": 224, "def": 193, "spa": 151, "spd": 193, "spe": 188}}, "Raging Bolt": {"name": "Raging Bolt", "species": "Raging Bolt", "speciesId": "ragingbolt", "gender": "N", "shiny": false, "level": 78, "moves": ["thunderbolt", "calmmind", "thunderclap", "dracometeor"], "ability": "Protosynthesis", "evs": {"hp": 85, "atk": 0, "def": 85, "spa": 85, "spd": 85, "spe": 85}, "ivs": {"hp": 31, "atk": 0, "def": 31, "spa": 31, "spd": 31, "spe": 31}, "item": "Leftovers", "teraType": "Fairy", "role": "Bulky Setup", "bvs": {"hp": 125, "atk": 73, "def": 91, "spa": 137, "spd": 89, "spe": 75}, "stats": {"hp": 323, "atk": 118, "def": 187, "spa": 259, "spd": 184, "spe": 162}}, "Zebstrika": {"name": "Zebstrika", "species": "Zebstrika", "speciesId": "zebstrika", "gender": "M", "shiny": false, "level": 87, "moves": ["overheat", "highhorsepower", "supercellslam", "voltswitch"], "ability": "Sap Sipper", "evs": {"hp": 85, "atk": 85, "def": 85, "spa": 85, "spd": 85, "spe": 85}, "ivs": {"hp": 31, "atk": 31, "def": 31, "spa": 31, "spd": 31, "spe": 31}, "item": "Life Orb", "teraType": "Ground", "role": "Fast Attacker", "bvs": {"hp": 75, "atk": 100, "def": 63, "spa": 80, "spd": 63, "spe": 116}, "stats": {"hp": 272, "atk": 224, "def": 159, "spa": 189, "spd": 159, "spe": 252}}, "Mamoswine": {"name": "Mamoswine", "species": "Mamoswine", "speciesId": "mamoswine", "gender": "F", "shiny": false, "level": 81, "moves": ["knockoff", "earthquake", "iciclecrash", "iceshard"], "ability": "Thick Fat", "evs": {"hp": 85, "atk": 85, "def": 85, "spa": 85, "spd": 85, "spe": 85}, "ivs": {"hp": 31, "atk": 31, "def": 31, "spa": 31, "spd": 31, "spe": 31}, "item": "Choice Band", "teraType": "Ice", "role": "Wallbreaker", "bvs": {"hp": 110, "atk": 130, "def": 80, "spa": 70, "spd": 60, "spe": 80}, "stats": {"hp": 311, "atk": 257, "def": 176, "spa": 160, "spd": 144, "spe": 176}}}, {"Gallade": {"name": "Gallade", "species": "Gallade", "speciesId": "gallade", "gender": "M", "shiny": false, "level": 80, "moves": ["psychocut", "nightslash", "leafblade", "sacredsword"], "ability": "Sharpness", "evs": {"hp": 85, "atk": 85, "def": 85, "spa": 85, "spd": 85, "spe": 85}, "ivs": {"hp": 31, "atk": 31, "def": 31, "spa": 31, "spd": 31, "spe": 31}, "item": "Choice Band", "teraType": "Grass", "role": "Fast Attacker", "bvs": {"hp": 68, "atk": 125, "def": 65, "spa": 65, "spd": 115, "spe": 80}, "stats": {"hp": 240, "atk": 246, "def": 150, "spa": 150, "spd": 230, "spe": 174}}, "Lumineon": {"name": "Lumineon", "species": "Lumineon", "speciesId": "lumineon", "gender": "M", "shiny": false, "level": 93, "moves": ["uturn", "icebeam", "encore", "hydropump"], "ability": "Storm Drain", "evs": {"hp": 85, "atk": 85, "def": 85, "spa": 85, "spd": 85, "spe": 85}, "ivs": {"hp": 31, "atk": 31, "def": 31, "spa": 31, "spd": 31, "spe": 31}, "item": "Heavy-Duty Boots", "teraType": "Steel", "role": "Fast Support", "bvs": {"hp": 69, "atk": 69, "def": 76, "spa": 69, "spd": 86, "spe": 91}, "stats": {"hp": 279, "atk": 181, "def": 194, "spa": 181, "spd": 213, "spe": 222}}, "Metagross": {"name": "Metagross", "species": "Metagross", "speciesId": "metagross", "gender": "N", "shiny": false, "level": 79, "moves": ["psychicfangs", "heavyslam", "agility", "earthquake"], "ability": "Clear Body", "evs": {"hp": 85, "atk": 85, "def": 85, "spa": 85, "spd": 85, "spe": 85}, "ivs": {"hp": 31, "atk": 31, "def": 31, "spa": 31, "spd": 31, "spe": 31}, "item": "Weakness Policy", "teraType": "Ground", "role": "Bulky Setup", "bvs": {"hp": 80, "atk": 135, "def": 130, "spa": 95, "spd": 90, "spe": 70}, "stats": {"hp": 256, "atk": 259, "def": 251, "spa": 196, "spd": 188, "spe": 156}}, "Dewgong": {"name": "Dewgong", "species": "Dewgong", "speciesId": "dewgong", "gender": "F", "shiny": false, "level": 94, "moves": ["tripleaxel", "knockoff", "surf", "flipturn"], "ability": "Thick Fat", "evs": {"hp": 85, "atk": 85, "def": 85, "spa": 85, "spd": 85, "spe": 85}, "ivs": {"hp": 31, "atk": 31, "def": 31, "spa": 31, "spd": 31, "spe": 31}, "item": "Assault Vest", "teraType": "Dragon", "role": "Bulky Attacker", "bvs": {"hp": 90, "atk": 70, "def": 80, "spa": 70, "spd": 95, "spe": 70}, "stats": {"hp": 322, "atk": 185, "def": 204, "spa": 185, "spd": 232, "spe": 185}}, "Goodra": {"name": "Goodra", "species": "Goodra", "speciesId": "goodra", "gender": "F", "shiny": false, "level": 85, "moves": ["sludgebomb", "scald", "fireblast", "dracometeor"], "ability": "Sap Sipper", "evs": {"hp": 85, "atk": 0, "def": 85, "spa": 85, "spd": 85, "spe": 85}, "ivs": {"hp": 31, "atk": 0, "def": 31, "spa": 31, "spd": 31, "spe": 31}, "item": "Assault Vest", "teraType": "Poison", "role": "AV Pivot", "bvs": {"hp": 90, "atk": 100, "def": 70, "spa": 110, "spd": 150, "spe": 80}, "stats": {"hp": 292, "atk": 175, "def": 168, "spa": 236, "spd": 304, "spe": 185}}, "Rampardos": {"name": "Rampardos", "species": "Rampardos", "speciesId": "rampardos", "gender": "M", "shiny": false, "level": 90, "moves": ["zenheadbutt", "firepunch", "earthquake", "rockslide"], "ability": "Sheer Force", "evs": {"hp": 85, "atk": 85, "def": 85, "spa": 85, "spd": 85, "spe": 85}, "ivs": {"hp": 31, "atk": 31, "def": 31, "spa": 31, "spd": 31, "spe": 31}, "item": "Life Orb", "teraType": "Fire", "role": "Wallbreaker", "bvs": {"hp": 97, "atk": 165, "def": 60, "spa": 65, "spd": 50, "spe": 58}, "stats": {"hp": 321, "atk": 348, "def": 159, "spa": 168, "spd": 141, "spe": 156}}}]}