{"id": "gen9randombattle-2631424207", "format": "[Gen 9] Random Battle", "players": ["Copernicusthe54th", "Salazzle Dazzle 1"], "log": "|j|\u2606Copernicusthe54th\n|j|\u2606Salazzle Dazzle 1\n|t:|1781382954\n|gametype|singles\n|player|p1|Copernicusthe54th|266|1950\n|player|p2|Salazzle Dazzle 1|lenora|1959\n|gen|9\n|tier|[Gen 9] Random Battle\n|rated|\n|rule|Species Clause: Limit one of each Pok\u00e9mon\n|rule|HP Percentage Mod: HP is shown in percentages\n|rule|Sleep Clause Mod: Limit one foe put to sleep\n|rule|Illusion Level Mod: Illusion disguises the Pok\u00e9mon's true level\n|\n|t:|1781382954\n|teamsize|p1|6\n|teamsize|p2|6\n|start\n|switch|p1a: Rillaboom|Rillaboom, L79, M|288/288\n|switch|p2a: Chien-Pao|Chien-Pao, L72|234/234\n|-ability|p2a: Chien-Pao|Sword of Ruin\n|-fieldstart|move: Grassy Terrain|[from] ability: Grassy Surge|[of] p1a: Rillaboom\n|turn|1\n|\n|t:|1781382995\n|switch|p1a: Suicune|Suicune, L82|298/298\n|-ability|p1a: Suicune|Pressure\n|move|p2a: Chien-Pao|Icicle Crash|p1a: Suicune\n|-resisted|p1a: Suicune\n|-damage|p1a: Suicune|239/298\n|\n|-heal|p1a: Suicune|257/298|[from] Grassy Terrain\n|-heal|p1a: Suicune|275/298|[from] item: Leftovers\n|upkeep\n|turn|2\n|\n|t:|1781383005\n|switch|p2a: Iron Leaves|Iron Leaves, L80|275/275\n|move|p1a: Suicune|Scald|p2a: Iron Leaves\n|-resisted|p2a: Iron Leaves\n|-damage|p2a: Iron Leaves|240/275\n|-status|p2a: Iron Leaves|brn\n|\n|-heal|p2a: Iron Leaves|257/275 brn|[from] Grassy Terrain\n|-heal|p1a: Suicune|293/298|[from] Grassy Terrain\n|-heal|p1a: Suicune|298/298|[from] item: Leftovers\n|-damage|p2a: Iron Leaves|240/275 brn|[from] brn\n|upkeep\n|turn|3\n|\n|t:|1781383013\n|switch|p1a: Gouging Fire|Gouging Fire, L74|277/277\n|move|p2a: Iron Leaves|Swords Dance|p2a: Iron Leaves\n|-boost|p2a: Iron Leaves|atk|2\n|\n|-heal|p2a: Iron Leaves|257/275 brn|[from] Grassy Terrain\n|-damage|p2a: Iron Leaves|240/275 brn|[from] brn\n|upkeep\n|turn|4\n|\n|t:|1781383018\n|move|p2a: Iron Leaves|Psyblade|p1a: Gouging Fire\n|-damage|p1a: Gouging Fire|172/277\n|-damage|p2a: Iron Leaves|213/275 brn|[from] item: Life Orb\n|move|p1a: Gouging Fire|Dragon Dance|p1a: Gouging Fire\n|-boost|p1a: Gouging Fire|atk|1\n|-boost|p1a: Gouging Fire|spe|1\n|\n|-heal|p1a: Gouging Fire|189/277|[from] Grassy Terrain\n|-heal|p2a: Iron Leaves|230/275 brn|[from] Grassy Terrain\n|-damage|p2a: Iron Leaves|213/275 brn|[from] brn\n|upkeep\n|turn|5\n|\n|t:|1781383022\n|move|p1a: Gouging Fire|Heat Crash|p2a: Iron Leaves\n|-supereffective|p2a: Iron Leaves\n|-damage|p2a: Iron Leaves|0 fnt\n|faint|p2a: Iron Leaves\n|-end|p2a: Iron Leaves|Quark Drive|[silent]\n|\n|-heal|p1a: Gouging Fire|206/277|[from] Grassy Terrain\n|-fieldend|move: Grassy Terrain\n|upkeep\n|\n|t:|1781383029\n|switch|p2a: Dunsparce|Dunsparce, L86, M|312/312\n|turn|6\n|\n|t:|1781383038\n|-end|p1a: Gouging Fire|Protosynthesis|[silent]\n|switch|p1a: Pincurchin|Pincurchin, M|258/258\n|-fieldstart|move: Electric Terrain|[from] ability: Electric Surge|[of] p1a: Pincurchin\n|move|p2a: Dunsparce|Coil|p2a: Dunsparce\n|-boost|p2a: Dunsparce|atk|1\n|-boost|p2a: Dunsparce|def|1\n|-boost|p2a: Dunsparce|accuracy|1\n|\n|upkeep\n|turn|7\n|\n|t:|1781383042\n|move|p2a: Dunsparce|Earthquake|p1a: Pincurchin\n|-supereffective|p1a: Pincurchin\n|-damage|p1a: Pincurchin|114/258\n|move|p1a: Pincurchin|Thunderbolt|p2a: Dunsparce\n|-damage|p2a: Dunsparce|183/312\n|\n|-heal|p1a: Pincurchin|130/258|[from] item: Leftovers\n|upkeep\n|turn|8\n|\n|t:|1781383045\n|move|p2a: Dunsparce|Earthquake|p1a: Pincurchin\n|-supereffective|p1a: Pincurchin\n|-damage|p1a: Pincurchin|0 fnt\n|faint|p1a: Pincurchin\n|\n|upkeep\n|\n|t:|1781383053\n|switch|p1a: Crawdaunt|Crawdaunt, L84, M|243/243\n|turn|9\n|\n|t:|1781383063\n|move|p1a: Crawdaunt|Close Combat|p2a: Dunsparce\n|-supereffective|p2a: Dunsparce\n|-damage|p2a: Dunsparce|37/312\n|-unboost|p1a: Crawdaunt|def|1\n|-unboost|p1a: Crawdaunt|spd|1\n|move|p2a: Dunsparce|Body Slam|p1a: Crawdaunt\n|-damage|p1a: Crawdaunt|71/243\n|-status|p1a: Crawdaunt|par\n|\n|upkeep\n|turn|10\n|\n|t:|1781383072\n|switch|p1a: Rillaboom|Rillaboom, L79, M|288/288\n|-fieldstart|move: Grassy Terrain|[from] ability: Grassy Surge|[of] p1a: Rillaboom\n|move|p2a: Dunsparce|Roost|p2a: Dunsparce\n|-heal|p2a: Dunsparce|193/312\n|-singleturn|p2a: Dunsparce|move: Roost\n|\n|-heal|p2a: Dunsparce|212/312|[from] Grassy Terrain\n|upkeep\n|turn|11\n|\n|t:|1781383075\n|move|p1a: Rillaboom|Swords Dance|p1a: Rillaboom\n|-boost|p1a: Rillaboom|atk|2\n|move|p2a: Dunsparce|Body Slam|p1a: Rillaboom\n|-damage|p1a: Rillaboom|162/288\n|\n|-heal|p1a: Rillaboom|180/288|[from] Grassy Terrain\n|-heal|p2a: Dunsparce|231/312|[from] Grassy Terrain\n|upkeep\n|turn|12\n|\n|t:|1781383081\n|move|p1a: Rillaboom|Wood Hammer|p2a: Dunsparce\n|-damage|p2a: Dunsparce|0 fnt\n|faint|p2a: Dunsparce\n|-damage|p1a: Rillaboom|104/288|[from] Recoil\n|-damage|p1a: Rillaboom|76/288|[from] item: Life Orb\n|\n|-heal|p1a: Rillaboom|94/288|[from] Grassy Terrain\n|upkeep\n|\n|t:|1781383090\n|switch|p2a: Volcarona|Volcarona, L77, M|257/257\n|turn|13\n|\n|t:|1781383102\n|switch|p1a: Gouging Fire|Gouging Fire, L74|206/277\n|move|p2a: Volcarona|Bug Buzz|p1a: Gouging Fire\n|-resisted|p1a: Gouging Fire\n|-damage|p1a: Gouging Fire|151/277\n|\n|-heal|p1a: Gouging Fire|168/277|[from] Grassy Terrain\n|upkeep\n|turn|14\n|\n|t:|1781383109\n|switch|p2a: Skuntank|Skuntank, L84, M|310/310\n|move|p1a: Gouging Fire|Dragon Dance|p1a: Gouging Fire\n|-boost|p1a: Gouging Fire|atk|1\n|-boost|p1a: Gouging Fire|spe|1\n|\n|-heal|p1a: Gouging Fire|185/277|[from] Grassy Terrain\n|-fieldend|move: Grassy Terrain\n|upkeep\n|turn|15\n|\n|t:|1781383118\n|move|p1a: Gouging Fire|Earthquake|p2a: Skuntank\n|-supereffective|p2a: Skuntank\n|-damage|p2a: Skuntank|62/310\n|move|p2a: Skuntank|Knock Off|p1a: Gouging Fire\n|-damage|p1a: Gouging Fire|60/277\n|-enditem|p1a: Gouging Fire|Heavy-Duty Boots|[from] move: Knock Off|[of] p2a: Skuntank\n|-damage|p2a: Skuntank|31/310|[from] item: Life Orb\n|\n|upkeep\n|turn|16\n|\n|t:|1781383129\n|-end|p1a: Gouging Fire|Protosynthesis|[silent]\n|switch|p1a: Crawdaunt|Crawdaunt, L84, M|71/243 par\n|move|p2a: Skuntank|Toxic Spikes|p1a: Crawdaunt\n|-sidestart|p1: Copernicusthe54th|move: Toxic Spikes\n|\n|upkeep\n|turn|17\n|\n|t:|1781383133\n|move|p1a: Crawdaunt|Aqua Jet|p2a: Skuntank\n|-damage|p2a: Skuntank|0 fnt\n|-damage|p1a: Crawdaunt|11/243 par|[from] ability: Aftermath|[of] p2a: Skuntank\n|faint|p2a: Skuntank\n|\n|upkeep\n|\n|t:|1781383151\n|switch|p2a: Passimian|Passimian, L83, F|302/302\n|turn|18\n|\n|t:|1781383157\n|move|p1a: Crawdaunt|Aqua Jet|p2a: Passimian\n|-damage|p2a: Passimian|206/302\n|move|p2a: Passimian|Close Combat|p1a: Crawdaunt\n|-supereffective|p1a: Crawdaunt\n|-damage|p1a: Crawdaunt|0 fnt\n|-unboost|p2a: Passimian|def|1\n|-unboost|p2a: Passimian|spd|1\n|faint|p1a: Crawdaunt\n|\n|upkeep\n|\n|t:|1781383169\n|switch|p1a: Suicune|Suicune, L82|298/298\n|-status|p1a: Suicune|psn\n|-ability|p1a: Suicune|Pressure\n|turn|19\n|\n|t:|1781383179\n|move|p1a: Suicune|Scald|p2a: Passimian\n|-damage|p2a: Passimian|58/302\n|move|p2a: Passimian|Close Combat|p1a: Suicune\n|-damage|p1a: Suicune|127/298 psn\n|-unboost|p2a: Passimian|def|1\n|-unboost|p2a: Passimian|spd|1\n|\n|-heal|p1a: Suicune|145/298 psn|[from] item: Leftovers\n|-damage|p1a: Suicune|108/298 psn|[from] psn\n|upkeep\n|turn|20\n|\n|t:|1781383185\n|move|p1a: Suicune|Scald|p2a: Passimian\n|-damage|p2a: Passimian|0 fnt\n|faint|p2a: Passimian\n|\n|-heal|p1a: Suicune|126/298 psn|[from] item: Leftovers\n|-damage|p1a: Suicune|89/298 psn|[from] psn\n|upkeep\n|\n|t:|1781383188\n|switch|p2a: Volcarona|Volcarona, L77, M|257/257\n|turn|21\n|\n|t:|1781383196\n|-terastallize|p2a: Volcarona|Steel\n|move|p2a: Volcarona|Quiver Dance|p2a: Volcarona\n|-boost|p2a: Volcarona|spa|1\n|-boost|p2a: Volcarona|spd|1\n|-boost|p2a: Volcarona|spe|1\n|move|p1a: Suicune|Scald|p2a: Volcarona\n|-damage|p2a: Volcarona|212/257\n|-status|p2a: Volcarona|brn\n|\n|-heal|p1a: Suicune|107/298 psn|[from] item: Leftovers\n|-damage|p1a: Suicune|70/298 psn|[from] psn\n|-damage|p2a: Volcarona|196/257 brn|[from] brn\n|upkeep\n|turn|22\n|\n|t:|1781383204\n|move|p2a: Volcarona|Giga Drain|p1a: Suicune\n|-supereffective|p1a: Suicune\n|-damage|p1a: Suicune|0 fnt\n|-heal|p2a: Volcarona|231/257 brn|[from] drain|[of] p1a: Suicune\n|faint|p1a: Suicune\n|\n|-damage|p2a: Volcarona|215/257 brn|[from] brn\n|upkeep\n|\n|t:|1781383208\n|switch|p1a: Rillaboom|Rillaboom, L79, M|94/288\n|-status|p1a: Rillaboom|psn\n|-fieldstart|move: Grassy Terrain|[from] ability: Grassy Surge|[of] p1a: Rillaboom\n|turn|23\n|\n|t:|1781383213\n|move|p2a: Volcarona|Bug Buzz|p1a: Rillaboom\n|-supereffective|p1a: Rillaboom\n|-damage|p1a: Rillaboom|0 fnt\n|faint|p1a: Rillaboom\n|\n|-heal|p2a: Volcarona|231/257 brn|[from] Grassy Terrain\n|-damage|p2a: Volcarona|215/257 brn|[from] brn\n|upkeep\n|\n|t:|1781383218\n|switch|p1a: Jolteon|Jolteon, L84, F|246/246\n|-status|p1a: Jolteon|psn\n|turn|24\n|\n|t:|1781383223\n|move|p2a: Volcarona|Giga Drain|p1a: Jolteon\n|-damage|p1a: Jolteon|142/246 psn\n|-heal|p2a: Volcarona|257/257 brn|[from] drain|[of] p1a: Jolteon\n|move|p1a: Jolteon|Calm Mind|p1a: Jolteon\n|-boost|p1a: Jolteon|spa|1\n|-boost|p1a: Jolteon|spd|1\n|\n|-heal|p1a: Jolteon|157/246 psn|[from] Grassy Terrain\n|-heal|p1a: Jolteon|172/246 psn|[from] item: Leftovers\n|-damage|p1a: Jolteon|142/246 psn|[from] psn\n|-damage|p2a: Volcarona|241/257 brn|[from] brn\n|upkeep\n|turn|25\n|\n|t:|1781383229\n|move|p2a: Volcarona|Fire Blast|p1a: Jolteon|[miss]\n|-miss|p2a: Volcarona|p1a: Jolteon\n|move|p1a: Jolteon|Thunderbolt|p2a: Volcarona\n|-damage|p2a: Volcarona|138/257 brn\n|\n|-heal|p2a: Volcarona|154/257 brn|[from] Grassy Terrain\n|-heal|p1a: Jolteon|157/246 psn|[from] Grassy Terrain\n|-heal|p1a: Jolteon|172/246 psn|[from] item: Leftovers\n|-damage|p1a: Jolteon|142/246 psn|[from] psn\n|-damage|p2a: Volcarona|138/257 brn|[from] brn\n|upkeep\n|turn|26\n|\n|t:|1781383236\n|move|p2a: Volcarona|Giga Drain|p1a: Jolteon\n|-damage|p1a: Jolteon|76/246 psn\n|-heal|p2a: Volcarona|171/257 brn|[from] drain|[of] p1a: Jolteon\n|move|p1a: Jolteon|Thunderbolt|p2a: Volcarona\n|-damage|p2a: Volcarona|74/257 brn\n|\n|-heal|p2a: Volcarona|90/257 brn|[from] Grassy Terrain\n|-heal|p1a: Jolteon|91/246 psn|[from] Grassy Terrain\n|-heal|p1a: Jolteon|106/246 psn|[from] item: Leftovers\n|-damage|p1a: Jolteon|76/246 psn|[from] psn\n|-damage|p2a: Volcarona|74/257 brn|[from] brn\n|upkeep\n|turn|27\n|\n|t:|1781383243\n|move|p2a: Volcarona|Fire Blast|p1a: Jolteon|[miss]\n|-miss|p2a: Volcarona|p1a: Jolteon\n|move|p1a: Jolteon|Thunderbolt|p2a: Volcarona\n|-damage|p2a: Volcarona|0 fnt\n|faint|p2a: Volcarona\n|\n|-heal|p1a: Jolteon|91/246 psn|[from] Grassy Terrain\n|-heal|p1a: Jolteon|106/246 psn|[from] item: Leftovers\n|-damage|p1a: Jolteon|76/246 psn|[from] psn\n|-fieldend|move: Grassy Terrain\n|upkeep\n|\n|t:|1781383245\n|switch|p2a: Chien-Pao|Chien-Pao, L72|234/234\n|-ability|p2a: Chien-Pao|Sword of Ruin\n|turn|28\n|\n|t:|1781383257\n|move|p2a: Chien-Pao|Ice Shard|p1a: Jolteon\n|-damage|p1a: Jolteon|0 fnt\n|faint|p1a: Jolteon\n|\n|upkeep\n|\n|t:|1781383259\n|switch|p1a: Gouging Fire|Gouging Fire, L74|60/277\n|-status|p1a: Gouging Fire|psn\n|turn|29\n|\n|t:|1781383262\n|move|p2a: Chien-Pao|Ice Shard|p1a: Gouging Fire\n|-damage|p1a: Gouging Fire|0 fnt\n|faint|p1a: Gouging Fire\n|-end|p1a: Gouging Fire|Protosynthesis|[silent]\n|\n|win|Salazzle Dazzle 1\n", "inputlog": ">version a8376a258c1d4662feba110a92103f3664a72141\n>start {\"formatid\":\"gen9randombattle\",\"seed\":\"sodium,782cfa6539363d1bd56613efed854e91\",\"rated\":\"Rated battle\"}\n>player p1 {\"name\":\"Copernicusthe54th\",\"avatar\":\"266\",\"rating\":1950,\"seed\":\"sodium,5d4808381f6d98e9d417df8ec31566ef\"}\n>player p2 {\"name\":\"Salazzle Dazzle 1\",\"avatar\":\"lenora\",\"rating\":1959,\"seed\":\"sodium,6873cb3b5509e3e505b3cee5d5eaa2a8\"}\n>p1 switch 5\n>p2 move iciclecrash\n>p1 move scald\n>p2 switch 2\n>p1 switch 4\n>p2 move swordsdance\n>p1 move dragondance\n>p2 move psyblade\n>p1 move heatcrash\n>p2 move psyblade\n>p2 switch 5\n>p1 switch 3\n>p2 move coil\n>p1 move thunderbolt\n>p2 move earthquake\n>p1 move thunderbolt\n>p2 move earthquake\n>p1 switch 6\n>p1 move closecombat\n>p2 move bodyslam\n>p1 switch 5\n>p2 move roost\n>p1 move swordsdance\n>p2 move bodyslam\n>p1 move woodhammer\n>p2 move bodyslam\n>p2 switch 6\n>p1 switch 3\n>p2 move bugbuzz\n>p1 move dragondance\n>p2 switch 3\n>p1 move earthquake\n>p2 move knockoff\n>p1 switch 5\n>p2 move toxicspikes\n>p1 move aquajet\n>p2 move knockoff\n>p2 switch 4\n>p1 move aquajet\n>p2 move closecombat\n>p1 switch 4\n>p1 move scald\n>p2 move closecombat\n>p1 move scald\n>p2 move closecombat\n>p2 switch 3\n>p1 move scald\n>p2 move quiverdance terastallize\n>p1 move scald\n>p2 move gigadrain\n>p1 switch 3\n>p1 move highhorsepower\n>p2 move bugbuzz\n>p1 switch 2\n>p1 move calmmind\n>p2 move gigadrain\n>p1 move thunderbolt\n>p2 move fireblast\n>p1 move thunderbolt\n>p2 move gigadrain\n>p1 move thunderbolt\n>p2 move fireblast\n>p2 switch 2\n>p1 move thunderbolt\n>p2 move iceshard\n>p1 switch 5\n>p1 move heatcrash\n>p2 move iceshard", "uploadtime": 1781382956, "views": 9, "formatid": "gen9randombattle", "rating": null, "private": 0, "password": null, "player_dets": [{"name": "Copernicusthe54th", "avatar": "266", "rating": 1950, "seed": "sodium,5d4808381f6d98e9d417df8ec31566ef"}, {"name": "Salazzle Dazzle 1", "avatar": "lenora", "rating": 1959, "seed": "sodium,6873cb3b5509e3e505b3cee5d5eaa2a8"}], "teams_full": [{"Rillaboom": {"name": "Rillaboom", "species": "Rillaboom", "speciesId": "rillaboom", "gender": "M", "shiny": false, "level": 79, "moves": ["woodhammer", "highhorsepower", "swordsdance", "grassyglide"], "ability": "Grassy Surge", "evs": {"hp": 85, "atk": 85, "def": 85, "spa": 85, "spd": 85, "spe": 85}, "ivs": {"hp": 31, "atk": 31, "def": 31, "spa": 31, "spd": 31, "spe": 31}, "item": "Life Orb", "teraType": "Grass", "role": "Fast Attacker", "bvs": {"hp": 100, "atk": 125, "def": 90, "spa": 60, "spd": 70, "spe": 85}, "stats": {"hp": 288, "atk": 243, "def": 188, "spa": 140, "spd": 156, "spe": 180}}, "Jolteon": {"name": "Jolteon", "species": "Jolteon", "speciesId": "jolteon", "gender": "F", "shiny": false, "level": 84, "moves": ["calmmind", "substitute", "terablast", "thunderbolt"], "ability": "Volt Absorb", "evs": {"hp": 85, "atk": 0, "def": 85, "spa": 85, "spd": 85, "spe": 85}, "ivs": {"hp": 31, "atk": 0, "def": 31, "spa": 31, "spd": 31, "spe": 31}, "item": "Leftovers", "teraType": "Ice", "role": "Tera Blast user", "bvs": {"hp": 65, "atk": 65, "def": 60, "spa": 110, "spd": 95, "spe": 130}, "stats": {"hp": 246, "atk": 114, "def": 149, "spa": 233, "spd": 208, "spe": 267}}, "Pincurchin": {"name": "Pincurchin", "species": "Pincurchin", "speciesId": "pincurchin", "gender": "M", "shiny": false, "level": 100, "moves": ["spikes", "thunderbolt", "recover", "scald"], "ability": "Electric Surge", "evs": {"hp": 85, "atk": 0, "def": 85, "spa": 85, "spd": 85, "spe": 85}, "ivs": {"hp": 31, "atk": 0, "def": 31, "spa": 31, "spd": 31, "spe": 31}, "item": "Leftovers", "teraType": "Water", "role": "Bulky Attacker", "bvs": {"hp": 48, "atk": 101, "def": 95, "spa": 91, "spd": 85, "spe": 15}, "stats": {"hp": 258, "atk": 207, "def": 247, "spa": 239, "spd": 227, "spe": 87}}, "Gouging Fire": {"name": "Gouging Fire", "species": "Gouging Fire", "speciesId": "gougingfire", "gender": "N", "shiny": false, "level": 74, "moves": ["earthquake", "outrage", "heatcrash", "dragondance"], "ability": "Protosynthesis", "evs": {"hp": 85, "atk": 85, "def": 85, "spa": 85, "spd": 85, "spe": 85}, "ivs": {"hp": 31, "atk": 31, "def": 31, "spa": 31, "spd": 31, "spe": 31}, "item": "Heavy-Duty Boots", "teraType": "Ground", "role": "Setup Sweeper", "bvs": {"hp": 105, "atk": 115, "def": 121, "spa": 65, "spd": 93, "spe": 91}, "stats": {"hp": 277, "atk": 213, "def": 222, "spa": 139, "spd": 181, "spe": 178}}, "Suicune": {"name": "Suicune", "species": "Suicune", "speciesId": "suicune", "gender": "N", "shiny": false, "level": 82, "moves": ["calmmind", "sleeptalk", "rest", "scald"], "ability": "Pressure", "evs": {"hp": 85, "atk": 0, "def": 85, "spa": 85, "spd": 85, "spe": 85}, "ivs": {"hp": 31, "atk": 0, "def": 31, "spa": 31, "spd": 31, "spe": 31}, "item": "Leftovers", "teraType": "Steel", "role": "Bulky Attacker", "bvs": {"hp": 100, "atk": 75, "def": 115, "spa": 90, "spd": 115, "spe": 85}, "stats": {"hp": 298, "atk": 127, "def": 236, "spa": 195, "spd": 236, "spe": 187}}, "Crawdaunt": {"name": "Crawdaunt", "species": "Crawdaunt", "speciesId": "crawdaunt", "gender": "M", "shiny": false, "level": 84, "moves": ["closecombat", "knockoff", "crabhammer", "aquajet"], "ability": "Adaptability", "evs": {"hp": 85, "atk": 85, "def": 85, "spa": 85, "spd": 85, "spe": 85}, "ivs": {"hp": 31, "atk": 31, "def": 31, "spa": 31, "spd": 31, "spe": 31}, "item": "Choice Band", "teraType": "Fighting", "role": "Fast Attacker", "bvs": {"hp": 63, "atk": 120, "def": 85, "spa": 90, "spd": 55, "spe": 55}, "stats": {"hp": 243, "atk": 250, "def": 191, "spa": 199, "spd": 141, "spe": 141}}}, {"Chien-Pao": {"name": "Chien-Pao", "species": "Chien-Pao", "speciesId": "chienpao", "gender": "N", "shiny": false, "level": 72, "moves": ["iceshard", "sacredsword", "crunch", "iciclecrash"], "ability": "Sword of Ruin", "evs": {"hp": 85, "atk": 85, "def": 85, "spa": 85, "spd": 85, "spe": 85}, "ivs": {"hp": 31, "atk": 31, "def": 31, "spa": 31, "spd": 31, "spe": 31}, "item": "Choice Band", "teraType": "Ice", "role": "Wallbreaker", "bvs": {"hp": 80, "atk": 120, "def": 80, "spa": 90, "spd": 65, "spe": 135}, "stats": {"hp": 234, "atk": 215, "def": 157, "spa": 172, "spd": 136, "spe": 236}}, "Iron Leaves": {"name": "Iron Leaves", "species": "Iron Leaves", "speciesId": "ironleaves", "gender": "N", "shiny": false, "level": 80, "moves": ["closecombat", "swordsdance", "psyblade", "leafblade"], "ability": "Quark Drive", "evs": {"hp": 85, "atk": 85, "def": 85, "spa": 85, "spd": 85, "spe": 85}, "ivs": {"hp": 31, "atk": 31, "def": 31, "spa": 31, "spd": 31, "spe": 31}, "item": "Life Orb", "teraType": "Fighting", "role": "Wallbreaker", "bvs": {"hp": 90, "atk": 130, "def": 88, "spa": 70, "spd": 108, "spe": 104}, "stats": {"hp": 275, "atk": 254, "def": 187, "spa": 158, "spd": 219, "spe": 213}}, "Skuntank": {"name": "Skuntank", "species": "Skuntank", "speciesId": "skuntank", "gender": "M", "shiny": false, "level": 84, "moves": ["knockoff", "gunkshot", "suckerpunch", "toxicspikes"], "ability": "Aftermath", "evs": {"hp": 85, "atk": 85, "def": 85, "spa": 85, "spd": 85, "spe": 85}, "ivs": {"hp": 31, "atk": 31, "def": 31, "spa": 31, "spd": 31, "spe": 31}, "item": "Life Orb", "teraType": "Poison", "role": "Fast Support", "bvs": {"hp": 103, "atk": 93, "def": 67, "spa": 71, "spd": 61, "spe": 84}, "stats": {"hp": 310, "atk": 204, "def": 161, "spa": 167, "spd": 151, "spe": 189}}, "Passimian": {"name": "Passimian", "species": "Passimian", "speciesId": "passimian", "gender": "F", "shiny": false, "level": 83, "moves": ["gunkshot", "knockoff", "rockslide", "closecombat"], "ability": "Defiant", "evs": {"hp": 85, "atk": 85, "def": 85, "spa": 85, "spd": 85, "spe": 85}, "ivs": {"hp": 31, "atk": 31, "def": 31, "spa": 31, "spd": 31, "spe": 31}, "item": "Choice Band", "teraType": "Poison", "role": "Fast Attacker", "bvs": {"hp": 100, "atk": 120, "def": 90, "spa": 40, "spd": 60, "spe": 80}, "stats": {"hp": 302, "atk": 247, "def": 197, "spa": 114, "spd": 147, "spe": 180}}, "Dunsparce": {"name": "Dunsparce", "species": "Dunsparce", "speciesId": "dunsparce", "gender": "M", "shiny": false, "level": 86, "moves": ["bodyslam", "roost", "earthquake", "coil"], "ability": "Serene Grace", "evs": {"hp": 85, "atk": 85, "def": 85, "spa": 85, "spd": 85, "spe": 85}, "ivs": {"hp": 31, "atk": 31, "def": 31, "spa": 31, "spd": 31, "spe": 31}, "item": "Eviolite", "teraType": "Ghost", "role": "Bulky Setup", "bvs": {"hp": 100, "atk": 70, "def": 70, "spa": 65, "spd": 65, "spe": 45}, "stats": {"hp": 312, "atk": 170, "def": 170, "spa": 161, "spd": 161, "spe": 127}}, "Volcarona": {"name": "Volcarona", "species": "Volcarona", "speciesId": "volcarona", "gender": "M", "shiny": false, "level": 77, "moves": ["gigadrain", "fireblast", "bugbuzz", "quiverdance"], "ability": "Flame Body", "evs": {"hp": 85, "atk": 0, "def": 85, "spa": 85, "spd": 85, "spe": 85}, "ivs": {"hp": 31, "atk": 0, "def": 31, "spa": 31, "spd": 31, "spe": 31}, "item": "Heavy-Duty Boots", "teraType": "Steel", "role": "Fast Bulky Setup", "bvs": {"hp": 85, "atk": 60, "def": 65, "spa": 135, "spd": 105, "spe": 100}, "stats": {"hp": 257, "atk": 97, "def": 145, "spa": 252, "spd": 206, "spe": 199}}}]}