{"id": "gen9randombattle-2631738159", "format": "[Gen 9] Random Battle", "players": ["Mannaggausausicc", "ymarrr"], "log": "|j|\u2606Mannaggausausicc\n|j|\u2606ymarrr\n|t:|1781431471\n|gametype|singles\n|player|p1|Mannaggausausicc|102|1260\n|player|p2|ymarrr|harlequin|1283\n|gen|9\n|tier|[Gen 9] Random Battle\n|rated|\n|rule|Species Clause: Limit one of each Pok\u00e9mon\n|rule|HP Percentage Mod: HP is shown in percentages\n|rule|Sleep Clause Mod: Limit one foe put to sleep\n|rule|Illusion Level Mod: Illusion disguises the Pok\u00e9mon's true level\n|\n|t:|1781431471\n|teamsize|p1|6\n|teamsize|p2|6\n|start\n|switch|p1a: Sandaconda|Sandaconda, L84, F|258/258\n|switch|p2a: Urshifu|Urshifu, L74, F|270/270\n|turn|1\n|inactive|Battle timer is ON: inactive players will automatically lose when time's up. (requested by ymarrr)\n|\n|t:|1781431483\n|move|p2a: Urshifu|Swords Dance|p2a: Urshifu\n|-boost|p2a: Urshifu|atk|2\n|move|p1a: Sandaconda|Coil|p1a: Sandaconda\n|-boost|p1a: Sandaconda|atk|1\n|-boost|p1a: Sandaconda|def|1\n|-boost|p1a: Sandaconda|accuracy|1\n|\n|upkeep\n|turn|2\n|\n|t:|1781431499\n|move|p2a: Urshifu|Wicked Blow|p1a: Sandaconda\n|-crit|p1a: Sandaconda\n|-damage|p1a: Sandaconda|7/258\n|-damage|p2a: Urshifu|243/270|[from] item: Life Orb\n|move|p1a: Sandaconda|Scale Shot|p2a: Urshifu\n|-damage|p2a: Urshifu|213/270\n|-damage|p2a: Urshifu|184/270\n|-damage|p2a: Urshifu|155/270\n|-damage|p2a: Urshifu|125/270\n|-hitcount|p2a: Urshifu|4\n|-unboost|p1a: Sandaconda|def|1\n|-boost|p1a: Sandaconda|spe|1\n|\n|upkeep\n|turn|3\n|\n|t:|1781431515\n|move|p1a: Sandaconda|Scale Shot|p2a: Urshifu\n|-damage|p2a: Urshifu|95/270\n|-damage|p2a: Urshifu|67/270\n|-damage|p2a: Urshifu|35/270\n|-damage|p2a: Urshifu|7/270\n|-damage|p2a: Urshifu|0 fnt\n|faint|p2a: Urshifu\n|-hitcount|p2: Urshifu|5\n|-unboost|p1a: Sandaconda|def|1\n|-boost|p1a: Sandaconda|spe|1\n|\n|upkeep\n|inactive|ymarrr has 120 seconds left.\n|-message|ymarrr forfeited.\n|\n|win|Mannaggausausicc\n|raw|Mannaggausausicc's rating: 1260 &rarr; <strong>1288</strong><br />(+28 for winning)\n|raw|ymarrr's rating: 1308 &rarr; <strong>1285</strong><br />(-23 for losing)\n|l|\u2606ymarrr\n|player|p2|\n", "inputlog": ">version a8376a258c1d4662feba110a92103f3664a72141\n>start {\"formatid\":\"gen9randombattle\",\"seed\":\"sodium,3919b407a06a7b3703e5483c8baa3b82\",\"rated\":\"Rated battle\"}\n>player p1 {\"name\":\"Mannaggausausicc\",\"avatar\":\"102\",\"rating\":1260,\"seed\":\"sodium,4bf3d70304147f9963086c17559f45b3\"}\n>player p2 {\"name\":\"ymarrr\",\"avatar\":\"harlequin\",\"rating\":1283,\"seed\":\"sodium,413c66457f6c1d4048c3a8d7be1770a8\"}\n>p1 move coil\n>p2 move swordsdance\n>p1 move scaleshot\n>p2 move wickedblow\n>p1 move scaleshot\n>p2 move wickedblow\n>forcelose p2", "uploadtime": 1781431557, "views": 3, "formatid": "gen9randombattle", "rating": 1285, "private": 0, "password": null}