{"id": "gen9randombattle-2631737850", "format": "[Gen 9] Random Battle", "players": ["tttttttttyyygggg", "DaMoistAvocado"], "log": "|j|\u2606tttttttttyyygggg\n|j|\u2606DaMoistAvocado\n|t:|1781431419\n|gametype|singles\n|player|p1|tttttttttyyygggg|101|1946\n|player|p2|DaMoistAvocado|steven|2002\n|gen|9\n|tier|[Gen 9] Random Battle\n|rated|\n|rule|Species Clause: Limit one of each Pok\u00e9mon\n|rule|HP Percentage Mod: HP is shown in percentages\n|rule|Sleep Clause Mod: Limit one foe put to sleep\n|rule|Illusion Level Mod: Illusion disguises the Pok\u00e9mon's true level\n|\n|t:|1781431419\n|teamsize|p1|6\n|teamsize|p2|6\n|start\n|switch|p1a: Girafarig|Girafarig, L89, F|269/269\n|switch|p2a: Magmortar|Magmortar, L88, M|275/275\n|turn|1\n|inactive|Battle timer is ON: inactive players will automatically lose when time's up. (requested by tttttttttyyygggg)\n|\n|t:|1781431442\n|move|p1a: Girafarig|Psyshock|p2a: Magmortar\n|-damage|p2a: Magmortar|175/275\n|move|p2a: Magmortar|Fire Blast|p1a: Girafarig|[miss]\n|-miss|p2a: Magmortar|p1a: Girafarig\n|\n|upkeep\n|turn|2\n|\n|t:|1781431451\n|switch|p2a: Brute Bonnet|Brute Bonnet, L80|309/309\n|move|p1a: Girafarig|Nasty Plot|p1a: Girafarig\n|-boost|p1a: Girafarig|spa|2\n|\n|upkeep\n|turn|3\n|\n|t:|1781431457\n|move|p1a: Girafarig|Hyper Voice|p2a: Brute Bonnet\n|-damage|p2a: Brute Bonnet|126/309\n|move|p2a: Brute Bonnet|Crunch|p1a: Girafarig\n|-supereffective|p1a: Girafarig\n|-damage|p1a: Girafarig|113/269\n|\n|-heal|p2a: Brute Bonnet|145/309|[from] item: Leftovers\n|upkeep\n|turn|4\n|\n|t:|1781431464\n|move|p2a: Brute Bonnet|Sucker Punch||[still]\n|-fail|p2a: Brute Bonnet\n|move|p1a: Girafarig|Nasty Plot|p1a: Girafarig\n|-boost|p1a: Girafarig|spa|2\n|\n|-heal|p2a: Brute Bonnet|164/309|[from] item: Leftovers\n|upkeep\n|turn|5\n|\n|t:|1781431468\n|move|p2a: Brute Bonnet|Sucker Punch||[still]\n|-fail|p2a: Brute Bonnet\n|move|p1a: Girafarig|Nasty Plot|p1a: Girafarig\n|-boost|p1a: Girafarig|spa|2\n|\n|-heal|p2a: Brute Bonnet|183/309|[from] item: Leftovers\n|upkeep\n|turn|6\n|\n|t:|1781431472\n|move|p2a: Brute Bonnet|Sucker Punch||[still]\n|-fail|p2a: Brute Bonnet\n|move|p1a: Girafarig|Nasty Plot|p1a: Girafarig\n|-boost|p1a: Girafarig|spa|0\n|\n|-heal|p2a: Brute Bonnet|202/309|[from] item: Leftovers\n|upkeep\n|turn|7\n|\n|t:|1781431474\n|move|p2a: Brute Bonnet|Sucker Punch|p1a: Girafarig\n|-supereffective|p1a: Girafarig\n|-damage|p1a: Girafarig|0 fnt\n|faint|p1a: Girafarig\n|\n|-heal|p2a: Brute Bonnet|221/309|[from] item: Leftovers\n|upkeep\n|\n|t:|1781431495\n|switch|p1a: Magcargo|Magcargo, L95, M|268/268\n|turn|8\n|\n|t:|1781431498\n|move|p2a: Brute Bonnet|Spore|p1a: Magcargo\n|-status|p1a: Magcargo|slp|[from] move: Spore\n|cant|p1a: Magcargo|slp\n|\n|-heal|p2a: Brute Bonnet|240/309|[from] item: Leftovers\n|upkeep\n|turn|9\n|\n|t:|1781431514\n|-end|p2a: Brute Bonnet|Protosynthesis|[silent]\n|switch|p2a: Magmortar|Magmortar, L88, M|175/275\n|switch|p1a: Registeel|Registeel, L81|262/262\n|\n|upkeep\n|turn|10\n|\n|t:|1781431521\n|switch|p1a: Swanna|Swanna, L89, M|278/278\n|move|p2a: Magmortar|Fire Blast|p1a: Swanna\n|-resisted|p1a: Swanna\n|-damage|p1a: Swanna|181/278\n|\n|upkeep\n|turn|11\n|\n|t:|1781431529\n|move|p1a: Swanna|Hydro Pump|p2a: Magmortar\n|-supereffective|p2a: Magmortar\n|-damage|p2a: Magmortar|0 fnt\n|faint|p2a: Magmortar\n|\n|upkeep\n|\n|t:|1781431545\n|switch|p2a: Salamence|Salamence, L77, M|273/273\n|-ability|p2a: Salamence|Intimidate|boost\n|-unboost|p1a: Swanna|atk|1\n|turn|12\n|\n|t:|1781431557\n|move|p1a: Swanna|Roost|p1a: Swanna\n|-heal|p1a: Swanna|278/278\n|-singleturn|p1a: Swanna|move: Roost\n|move|p2a: Salamence|Dragon Dance|p2a: Salamence\n|-boost|p2a: Salamence|atk|1\n|-boost|p2a: Salamence|spe|1\n|\n|upkeep\n|turn|13\n|inactive|DaMoistAvocado has 120 seconds left.\n|\n|t:|1781431610\n|move|p2a: Salamence|Dragon Dance|p2a: Salamence\n|-boost|p2a: Salamence|atk|1\n|-boost|p2a: Salamence|spe|1\n|move|p1a: Swanna|Brave Bird|p2a: Salamence\n|-damage|p2a: Salamence|171/273\n|-damage|p1a: Swanna|244/278|[from] Recoil\n|\n|upkeep\n|turn|14\n|\n|t:|1781431628\n|switch|p1a: Registeel|Registeel, L81|262/262\n|move|p2a: Salamence|Dual Wingbeat|p1a: Registeel\n|-resisted|p1a: Registeel\n|-damage|p1a: Registeel|230/262\n|-resisted|p1a: Registeel\n|-damage|p1a: Registeel|201/262\n|-hitcount|p1a: Registeel|2\n|\n|-heal|p1a: Registeel|217/262|[from] item: Leftovers\n|upkeep\n|turn|15\n|inactive|DaMoistAvocado has 90 seconds left.\n|\n|t:|1781431665\n|switch|p1a: Swanna|Swanna, L89, M|244/278\n|move|p2a: Salamence|Earthquake|p1a: Swanna\n|-immune|p1a: Swanna\n|\n|upkeep\n|turn|16\n|\n|t:|1781431673\n|move|p2a: Salamence|Dual Wingbeat|p1a: Swanna\n|-damage|p1a: Swanna|136/278\n|-damage|p1a: Swanna|28/278\n|-hitcount|p1a: Swanna|2\n|move|p1a: Swanna|Brave Bird|p2a: Salamence\n|-damage|p2a: Salamence|11/273\n|-damage|p1a: Swanna|0 fnt|[from] Recoil\n|faint|p1a: Swanna\n|\n|upkeep\n|\n|t:|1781431692\n|switch|p1a: Mesprit|Mesprit, L85|275/275\n|turn|17\n|\n|t:|1781431703\n|move|p2a: Salamence|Outrage|p1a: Mesprit\n|-damage|p1a: Mesprit|17/275\n|move|p1a: Mesprit|Ice Beam|p2a: Salamence\n|-supereffective|p2a: Salamence\n|-damage|p2a: Salamence|0 fnt\n|faint|p2a: Salamence\n|\n|upkeep\n|\n|t:|1781431712\n|switch|p2a: Chi-Yu|Chi-Yu, L77|211/211\n|-ability|p2a: Chi-Yu|Beads of Ruin\n|turn|18\n|\n|t:|1781431719\n|switch|p1a: Magcargo|Magcargo, L95, M|268/268 slp\n|move|p2a: Chi-Yu|Nasty Plot|p2a: Chi-Yu\n|-boost|p2a: Chi-Yu|spa|2\n|\n|upkeep\n|turn|19\n|\n|t:|1781431725\n|move|p2a: Chi-Yu|Dark Pulse|p1a: Magcargo\n|-damage|p1a: Magcargo|21/268 slp\n|-curestatus|p1a: Magcargo|slp|[msg]\n|move|p1a: Magcargo|Power Gem|p2a: Chi-Yu\n|-supereffective|p2a: Chi-Yu\n|-damage|p2a: Chi-Yu|35/211\n|\n|upkeep\n|turn|20\n|\n|t:|1781431731\n|move|p2a: Chi-Yu|Dark Pulse|p1a: Magcargo\n|-damage|p1a: Magcargo|0 fnt\n|faint|p1a: Magcargo\n|\n|upkeep\n|\n|t:|1781431739\n|switch|p1a: Registeel|Registeel, L81|217/262\n|turn|21\n|\n|t:|1781431744\n|-terastallize|p1a: Registeel|Fighting\n|move|p2a: Chi-Yu|Fire Blast|p1a: Registeel\n|-damage|p1a: Registeel|0 fnt\n|faint|p1a: Registeel\n|\n|upkeep\n|-message|tttttttttyyygggg forfeited.\n|\n|win|DaMoistAvocado\n|raw|tttttttttyyygggg's rating: 1946 &rarr; <strong>1929</strong><br />(-17 for losing)\n|raw|DaMoistAvocado's rating: 2002 &rarr; <strong>2019</strong><br />(+17 for winning)\n", "inputlog": ">version a8376a258c1d4662feba110a92103f3664a72141\n>start {\"formatid\":\"gen9randombattle\",\"seed\":\"sodium,8185efb40bbe64c19ab0e6ff69d6833a\",\"rated\":\"Rated battle\"}\n>player p1 {\"name\":\"tttttttttyyygggg\",\"avatar\":\"101\",\"rating\":1946,\"seed\":\"sodium,ff222ea068c7e1da862e9ada5f9fac92\"}\n>player p2 {\"name\":\"DaMoistAvocado\",\"avatar\":\"steven\",\"rating\":2002,\"seed\":\"sodium,2b1e6ef766ae28f9f6a48b9b8d27d758\"}\n>p1 move psyshock\n>p2 move fireblast\n>p1 move nastyplot\n>p2 switch 5\n>p1 move hypervoice\n>p2 move crunch\n>p1 move nastyplot\n>p2 move suckerpunch\n>p1 move nastyplot\n>p2 move suckerpunch\n>p1 move nastyplot\n>p2 move suckerpunch\n>p1 move hypervoice\n>p2 move suckerpunch\n>p1 switch 4\n>p1 move lavaplume\n>p2 move spore\n>p1 switch 5\n>p2 switch 5\n>p1 switch 6\n>p2 move fireblast\n>p1 move hydropump\n>p2 move thunderbolt\n>p2 switch 2\n>p1 move roost\n>p2 move dragondance\n>p1 move bravebird\n>p2 move dragondance\n>p1 switch 6\n>p2 move dualwingbeat\n>p1 switch 6\n>p2 move earthquake\n>p1 move bravebird\n>p2 move dualwingbeat\n>p1 switch 3\n>p1 move icebeam\n>p2 move outrage\n>p2 switch 3\n>p1 switch 5\n>p2 move nastyplot\n>p1 move powergem\n>p2 move darkpulse\n>p1 move powergem\n>p2 move darkpulse\n>p1 switch 6\n>p1 move bodypress terastallize\n>p2 move fireblast\n>forcelose p1", "uploadtime": 1781431421, "views": 6, "formatid": "gen9randombattle", "rating": 1929, "private": 0, "password": null, "player_dets": [{"name": "tttttttttyyygggg", "avatar": "101", "rating": 1946, "seed": "sodium,ff222ea068c7e1da862e9ada5f9fac92"}, {"name": "DaMoistAvocado", "avatar": "steven", "rating": 2002, "seed": "sodium,2b1e6ef766ae28f9f6a48b9b8d27d758"}], "teams_full": [{"Girafarig": {"name": "Girafarig", "species": "Girafarig", "speciesId": "girafarig", "gender": "F", "shiny": false, "level": 89, "moves": ["hypervoice", "nastyplot", "thunderbolt", "psyshock"], "ability": "Sap Sipper", "evs": {"hp": 85, "atk": 0, "def": 85, "spa": 85, "spd": 85, "spe": 85}, "ivs": {"hp": 31, "atk": 0, "def": 31, "spa": 31, "spd": 31, "spe": 31}, "item": "Eviolite", "teraType": "Electric", "role": "Fast Bulky Setup", "bvs": {"hp": 70, "atk": 80, "def": 65, "spa": 90, "spd": 65, "spe": 85}, "stats": {"hp": 269, "atk": 147, "def": 166, "spa": 211, "spd": 166, "spe": 202}, "types": ["Normal", "Psychic"]}, "Stonjourner": {"name": "Stonjourner", "species": "Stonjourner", "speciesId": "stonjourner", "gender": "F", "shiny": false, "level": 91, "moves": ["heatcrash", "stealthrock", "earthquake", "stoneedge"], "ability": "Power Spot", "evs": {"hp": 85, "atk": 85, "def": 85, "spa": 85, "spd": 85, "spe": 85}, "ivs": {"hp": 31, "atk": 31, "def": 31, "spa": 31, "spd": 31, "spe": 31}, "item": "Life Orb", "teraType": "Ground", "role": "Fast Attacker", "bvs": {"hp": 100, "atk": 125, "def": 135, "spa": 20, "spd": 20, "spe": 70}, "stats": {"hp": 330, "atk": 279, "def": 298, "spa": 88, "spd": 88, "spe": 179}, "types": ["Rock"]}, "Mesprit": {"name": "Mesprit", "species": "Mesprit", "speciesId": "mesprit", "gender": "N", "shiny": false, "level": 85, "moves": ["knockoff", "psychicnoise", "icebeam", "thunderbolt"], "ability": "Levitate", "evs": {"hp": 85, "atk": 85, "def": 85, "spa": 85, "spd": 85, "spe": 85}, "ivs": {"hp": 31, "atk": 31, "def": 31, "spa": 31, "spd": 31, "spe": 31}, "item": "Assault Vest", "teraType": "Dark", "role": "Bulky Attacker", "bvs": {"hp": 80, "atk": 105, "def": 105, "spa": 105, "spd": 105, "spe": 80}, "stats": {"hp": 275, "atk": 227, "def": 227, "spa": 227, "spd": 227, "spe": 185}, "types": ["Psychic"]}, "Magcargo": {"name": "Magcargo", "species": "Magcargo", "speciesId": "magcargo", "gender": "M", "shiny": false, "level": 95, "moves": ["lavaplume", "yawn", "powergem", "recover"], "ability": "Flame Body", "evs": {"hp": 85, "atk": 0, "def": 85, "spa": 85, "spd": 85, "spe": 85}, "ivs": {"hp": 31, "atk": 0, "def": 31, "spa": 31, "spd": 31, "spe": 31}, "item": "Heavy-Duty Boots", "teraType": "Grass", "role": "Bulky Support", "bvs": {"hp": 60, "atk": 50, "def": 120, "spa": 90, "spd": 80, "spe": 30}, "stats": {"hp": 268, "atk": 100, "def": 282, "spa": 225, "spd": 206, "spe": 111}, "types": ["Fire", "Rock"]}, "Registeel": {"name": "Registeel", "species": "Registeel", "speciesId": "registeel", "gender": "N", "shiny": false, "level": 81, "moves": ["ironhead", "thunderwave", "irondefense", "bodypress"], "ability": "Clear Body", "evs": {"hp": 85, "atk": 85, "def": 85, "spa": 85, "spd": 85, "spe": 85}, "ivs": {"hp": 31, "atk": 31, "def": 31, "spa": 31, "spd": 31, "spe": 31}, "item": "Leftovers", "teraType": "Fighting", "role": "Bulky Support", "bvs": {"hp": 80, "atk": 75, "def": 150, "spa": 75, "spd": 150, "spe": 50}, "stats": {"hp": 262, "atk": 168, "def": 290, "spa": 168, "spd": 290, "spe": 128}, "types": ["Steel"]}, "Swanna": {"name": "Swanna", "species": "Swanna", "speciesId": "swanna", "gender": "M", "shiny": false, "level": 89, "moves": ["bravebird", "roost", "defog", "hydropump"], "ability": "Hydration", "evs": {"hp": 85, "atk": 85, "def": 85, "spa": 85, "spd": 85, "spe": 85}, "ivs": {"hp": 31, "atk": 31, "def": 31, "spa": 31, "spd": 31, "spe": 31}, "item": "Heavy-Duty Boots", "teraType": "Ground", "role": "Bulky Support", "bvs": {"hp": 75, "atk": 87, "def": 63, "spa": 87, "spd": 63, "spe": 98}, "stats": {"hp": 278, "atk": 206, "def": 163, "spa": 206, "spd": 163, "spe": 225}, "types": ["Water", "Flying"]}}, {"Magmortar": {"name": "Magmortar", "species": "Magmortar", "speciesId": "magmortar", "gender": "M", "shiny": false, "level": 88, "moves": ["scorchingsands", "fireblast", "thunderbolt", "taunt"], "ability": "Flame Body", "evs": {"hp": 85, "atk": 0, "def": 85, "spa": 85, "spd": 85, "spe": 85}, "ivs": {"hp": 31, "atk": 0, "def": 31, "spa": 31, "spd": 31, "spe": 31}, "item": "Heavy-Duty Boots", "teraType": "Electric", "role": "Wallbreaker", "bvs": {"hp": 75, "atk": 95, "def": 67, "spa": 125, "spd": 95, "spe": 83}, "stats": {"hp": 275, "atk": 172, "def": 168, "spa": 270, "spd": 217, "spe": 196}, "types": ["Fire"]}, "Salamence": {"name": "Salamence", "species": "Salamence", "speciesId": "salamence", "gender": "M", "shiny": false, "level": 77, "moves": ["dragondance", "dualwingbeat", "earthquake", "outrage"], "ability": "Intimidate", "evs": {"hp": 85, "atk": 85, "def": 85, "spa": 85, "spd": 85, "spe": 85}, "ivs": {"hp": 31, "atk": 31, "def": 31, "spa": 31, "spd": 31, "spe": 31}, "item": "Heavy-Duty Boots", "teraType": "Ground", "role": "Setup Sweeper", "bvs": {"hp": 95, "atk": 135, "def": 80, "spa": 110, "spd": 80, "spe": 100}, "stats": {"hp": 273, "atk": 252, "def": 168, "spa": 214, "spd": 168, "spe": 199}, "types": ["Dragon", "Flying"]}, "Chi-Yu": {"name": "Chi-Yu", "species": "Chi-Yu", "speciesId": "chiyu", "gender": "N", "shiny": false, "level": 77, "moves": ["willowisp", "fireblast", "nastyplot", "darkpulse"], "ability": "Beads of Ruin", "evs": {"hp": 85, "atk": 0, "def": 85, "spa": 85, "spd": 85, "spe": 85}, "ivs": {"hp": 31, "atk": 0, "def": 31, "spa": 31, "spd": 31, "spe": 31}, "item": "Heavy-Duty Boots", "teraType": "Fire", "role": "Setup Sweeper", "bvs": {"hp": 55, "atk": 80, "def": 80, "spa": 135, "spd": 120, "spe": 100}, "stats": {"hp": 211, "atk": 128, "def": 168, "spa": 252, "spd": 229, "spe": 199}, "types": ["Dark", "Fire"]}, "Cyclizar": {"name": "Cyclizar", "species": "Cyclizar", "speciesId": "cyclizar", "gender": "F", "shiny": false, "level": 83, "moves": ["dracometeor", "rapidspin", "knockoff", "shedtail"], "ability": "Regenerator", "evs": {"hp": 85, "atk": 85, "def": 85, "spa": 85, "spd": 85, "spe": 85}, "ivs": {"hp": 31, "atk": 31, "def": 31, "spa": 31, "spd": 31, "spe": 31}, "item": "Heavy-Duty Boots", "teraType": "Fairy", "role": "Fast Support", "bvs": {"hp": 70, "atk": 95, "def": 65, "spa": 85, "spd": 65, "spe": 121}, "stats": {"hp": 252, "atk": 205, "def": 156, "spa": 189, "spd": 156, "spe": 249}, "types": ["Dragon", "Normal"]}, "Brute Bonnet": {"name": "Brute Bonnet", "species": "Brute Bonnet", "speciesId": "brutebonnet", "gender": "N", "shiny": false, "level": 80, "moves": ["crunch", "spore", "seedbomb", "suckerpunch"], "ability": "Protosynthesis", "evs": {"hp": 85, "atk": 85, "def": 85, "spa": 85, "spd": 85, "spe": 85}, "ivs": {"hp": 31, "atk": 31, "def": 31, "spa": 31, "spd": 31, "spe": 31}, "item": "Leftovers", "teraType": "Poison", "role": "Bulky Support", "bvs": {"hp": 111, "atk": 127, "def": 99, "spa": 79, "spd": 99, "spe": 55}, "stats": {"hp": 309, "atk": 249, "def": 205, "spa": 173, "spd": 205, "spe": 134}, "types": ["Grass", "Dark"]}, "Bronzong": {"name": "Bronzong", "species": "Bronzong", "speciesId": "bronzong", "gender": "N", "shiny": false, "level": 88, "moves": ["bodypress", "psychicnoise", "irondefense", "ironhead"], "ability": "Levitate", "evs": {"hp": 85, "atk": 85, "def": 85, "spa": 85, "spd": 85, "spe": 85}, "ivs": {"hp": 31, "atk": 31, "def": 31, "spa": 31, "spd": 31, "spe": 31}, "item": "Leftovers", "teraType": "Fighting", "role": "Bulky Setup", "bvs": {"hp": 67, "atk": 89, "def": 116, "spa": 79, "spd": 116, "spe": 33}, "stats": {"hp": 261, "atk": 207, "def": 254, "spa": 189, "spd": 254, "spe": 108}, "types": ["Steel", "Psychic"]}}]}