{"id": "gen9randombattle-2631833542", "format": "[Gen 9] Random Battle", "players": ["Estrace", "Schibi"], "log": "|j|\u2606Estrace\n|j|\u2606Schibi\n|t:|1781445967\n|gametype|singles\n|player|p1|Estrace|clair|1989\n|player|p2|Schibi|265|1954\n|gen|9\n|tier|[Gen 9] Random Battle\n|rated|\n|rule|Species Clause: Limit one of each Pok\u00e9mon\n|rule|HP Percentage Mod: HP is shown in percentages\n|rule|Sleep Clause Mod: Limit one foe put to sleep\n|rule|Illusion Level Mod: Illusion disguises the Pok\u00e9mon's true level\n|\n|t:|1781445967\n|teamsize|p1|6\n|teamsize|p2|6\n|start\n|switch|p1a: Raikou|Raikou, L81|278/278\n|switch|p2a: Deoxys|Deoxys-Speed, L82|216/216\n|-ability|p2a: Deoxys|Pressure\n|-ability|p1a: Raikou|Pressure\n|turn|1\n|inactive|Battle timer is ON: inactive players will automatically lose when time's up. (requested by Schibi)\n|inactive|Estrace also wants the timer to be on.\n|\n|t:|1781445982\n|switch|p2a: Dipplin|Dipplin, L88, F|284/284\n|move|p1a: Raikou|Calm Mind|p1a: Raikou\n|-boost|p1a: Raikou|spa|1\n|-boost|p1a: Raikou|spd|1\n|\n|upkeep\n|turn|2\n|\n|t:|1781445990\n|switch|p1a: Hypno|Hypno, L95, M|315/315\n|move|p2a: Dipplin|Dragon Pulse|p1a: Hypno\n|-damage|p1a: Hypno|239/315\n|\n|-heal|p1a: Hypno|258/315|[from] item: Leftovers\n|upkeep\n|turn|3\n|\n|t:|1781445994\n|switch|p2a: Kricketune|Kricketune, L99, F|312/312\n|move|p1a: Hypno|Toxic|p2a: Kricketune\n|-status|p2a: Kricketune|tox\n|\n|-heal|p1a: Hypno|277/315|[from] item: Leftovers\n|-damage|p2a: Kricketune|293/312 tox|[from] psn\n|upkeep\n|turn|4\n|\n|t:|1781446000\n|switch|p1a: Sudowoodo|Sudowoodo, L94, F|284/284\n|move|p2a: Kricketune|Sticky Web|p1a: Sudowoodo\n|-sidestart|p1: Estrace|move: Sticky Web\n|\n|-damage|p2a: Kricketune|255/312 tox|[from] psn\n|upkeep\n|turn|5\n|\n|t:|1781446006\n|move|p2a: Kricketune|Knock Off|p1a: Sudowoodo\n|-damage|p1a: Sudowoodo|226/284\n|-enditem|p1a: Sudowoodo|Leftovers|[from] move: Knock Off|[of] p2a: Kricketune\n|move|p1a: Sudowoodo|Stealth Rock|p2a: Kricketune\n|-sidestart|p2: Schibi|move: Stealth Rock\n|\n|-damage|p2a: Kricketune|198/312 tox|[from] psn\n|upkeep\n|turn|6\n|\n|t:|1781446011\n|move|p2a: Kricketune|Knock Off|p1a: Sudowoodo\n|-damage|p1a: Sudowoodo|185/284\n|move|p1a: Sudowoodo|Head Smash|p2a: Kricketune\n|-supereffective|p2a: Kricketune\n|-damage|p2a: Kricketune|0 fnt\n|faint|p2a: Kricketune\n|\n|upkeep\n|\n|t:|1781446013\n|switch|p2a: Meowscarada|Meowscarada, L78, F|247/247\n|-damage|p2a: Meowscarada|217/247|[from] Stealth Rock\n|turn|7\n|\n|t:|1781446037\n|switch|p1a: Whimsicott|Whimsicott, L84, M|238/238\n|move|p2a: Meowscarada|Flower Trick|p1a: Whimsicott\n|-start|p2a: Meowscarada|typechange|Grass|[from] ability: Protean\n|-resisted|p1a: Whimsicott\n|-crit|p1a: Whimsicott\n|-damage|p1a: Whimsicott|151/238\n|\n|upkeep\n|turn|8\n|\n|t:|1781446046\n|switch|p2a: Bombirdier|Bombirdier, L85, M|258/258\n|-damage|p2a: Bombirdier|194/258|[from] Stealth Rock\n|move|p1a: Whimsicott|U-turn|p2a: Bombirdier\n|-damage|p2a: Bombirdier|157/258\n|\n|t:|1781446054\n|switch|p1a: Sudowoodo|Sudowoodo, L94, F|185/284|[from] U-turn\n|-activate|p1a: Sudowoodo|move: Sticky Web\n|-unboost|p1a: Sudowoodo|spe|1\n|\n|upkeep\n|turn|9\n|\n|t:|1781446060\n|move|p2a: Bombirdier|Stone Edge|p1a: Sudowoodo\n|-damage|p1a: Sudowoodo|60/284\n|move|p1a: Sudowoodo|Head Smash|p2a: Bombirdier\n|-supereffective|p2a: Bombirdier\n|-damage|p2a: Bombirdier|0 fnt\n|faint|p2a: Bombirdier\n|\n|upkeep\n|\n|t:|1781446071\n|switch|p2a: Dipplin|Dipplin, L88, F|284/284\n|-damage|p2a: Dipplin|249/284|[from] Stealth Rock\n|turn|10\n|\n|t:|1781446078\n|switch|p1a: Whimsicott|Whimsicott, L84, M|151/238\n|move|p2a: Dipplin|Giga Drain|p1a: Whimsicott\n|-resisted|p1a: Whimsicott\n|-damage|p1a: Whimsicott|103/238\n|-heal|p2a: Dipplin|273/284|[from] drain|[of] p1a: Whimsicott\n|\n|upkeep\n|turn|11\n|\n|t:|1781446091\n|switch|p2a: Deoxys|Deoxys-Speed, L82|216/216\n|-damage|p2a: Deoxys|189/216|[from] Stealth Rock\n|-ability|p2a: Deoxys|Pressure\n|move|p1a: Whimsicott|Moonblast|p2a: Deoxys\n|-damage|p2a: Deoxys|102/216\n|-unboost|p2a: Deoxys|spa|1\n|\n|upkeep\n|turn|12\n|\n|t:|1781446101\n|move|p1a: Whimsicott|Stun Spore|p2a: Deoxys|[miss]\n|-miss|p1a: Whimsicott|p2a: Deoxys\n|move|p2a: Deoxys|Psycho Boost|p1a: Whimsicott\n|-damage|p1a: Whimsicott|0 fnt\n|-unboost|p2a: Deoxys|spa|2\n|faint|p1a: Whimsicott\n|-damage|p2a: Deoxys|81/216|[from] item: Life Orb\n|\n|upkeep\n|\n|t:|1781446113\n|switch|p1a: Comfey|Comfey, L85, F|225/225\n|-activate|p1a: Comfey|move: Sticky Web\n|-unboost|p1a: Comfey|spe|1\n|turn|13\n|\n|t:|1781446119\n|move|p2a: Deoxys|Psycho Boost|p1a: Comfey\n|-crit|p1a: Comfey\n|-damage|p1a: Comfey|0 fnt\n|-unboost|p2a: Deoxys|spa|2\n|faint|p1a: Comfey\n|-damage|p2a: Deoxys|60/216|[from] item: Life Orb\n|\n|upkeep\n|c|\u2606Estrace|there is\n|c|\u2606Estrace|no shot\n|\n|t:|1781446135\n|switch|p1a: Sudowoodo|Sudowoodo, L94, F|60/284\n|-activate|p1a: Sudowoodo|move: Sticky Web\n|-unboost|p1a: Sudowoodo|spe|1\n|turn|14\n|\n|t:|1781446138\n|switch|p2a: Dipplin|Dipplin, L88, F|273/284\n|-damage|p2a: Dipplin|238/284|[from] Stealth Rock\n|move|p1a: Sudowoodo|Sucker Punch||[still]\n|-fail|p1a: Sudowoodo\n|\n|upkeep\n|turn|15\n|\n|t:|1781446144\n|switch|p1a: Hypno|Hypno, L95, M|277/315\n|-activate|p1a: Hypno|move: Sticky Web\n|-unboost|p1a: Hypno|spe|1\n|move|p2a: Dipplin|Giga Drain|p1a: Hypno\n|-damage|p1a: Hypno|210/315\n|-heal|p2a: Dipplin|272/284|[from] drain|[of] p1a: Hypno\n|\n|-heal|p1a: Hypno|229/315|[from] item: Leftovers\n|upkeep\n|turn|16\n|\n|t:|1781446152\n|-terastallize|p2a: Dipplin|Steel\n|move|p2a: Dipplin|Dragon Pulse|p1a: Hypno\n|-damage|p1a: Hypno|163/315\n|move|p1a: Hypno|Toxic|p2a: Dipplin\n|-immune|p2a: Dipplin\n|\n|-heal|p1a: Hypno|182/315|[from] item: Leftovers\n|upkeep\n|turn|17\n|\n|t:|1781446157\n|move|p2a: Dipplin|Giga Drain|p1a: Hypno\n|-damage|p1a: Hypno|119/315\n|-heal|p2a: Dipplin|284/284|[from] drain|[of] p1a: Hypno\n|move|p1a: Hypno|Focus Blast|p2a: Dipplin\n|-supereffective|p2a: Dipplin\n|-damage|p2a: Dipplin|158/284\n|\n|-heal|p1a: Hypno|138/315|[from] item: Leftovers\n|upkeep\n|turn|18\n|\n|t:|1781446163\n|move|p1a: Hypno|Protect|p1a: Hypno\n|-singleturn|p1a: Hypno|Protect\n|move|p2a: Dipplin|Sucker Punch||[still]\n|-fail|p2a: Dipplin\n|\n|-heal|p1a: Hypno|157/315|[from] item: Leftovers\n|upkeep\n|turn|19\n|\n|t:|1781446167\n|move|p2a: Dipplin|Giga Drain|p1a: Hypno\n|-damage|p1a: Hypno|94/315\n|-heal|p2a: Dipplin|190/284|[from] drain|[of] p1a: Hypno\n|move|p1a: Hypno|Psychic Noise|p2a: Dipplin\n|-resisted|p2a: Dipplin\n|-damage|p2a: Dipplin|160/284\n|-start|p2a: Dipplin|move: Heal Block\n|\n|-heal|p1a: Hypno|113/315|[from] item: Leftovers\n|upkeep\n|turn|20\n|\n|t:|1781446172\n|move|p2a: Dipplin|Dragon Pulse|p1a: Hypno\n|-damage|p1a: Hypno|43/315\n|move|p1a: Hypno|Focus Blast|p2a: Dipplin|[miss]\n|-miss|p1a: Hypno|p2a: Dipplin\n|\n|-heal|p1a: Hypno|62/315|[from] item: Leftovers\n|-end|p2a: Dipplin|move: Heal Block\n|upkeep\n|turn|21\n|\n|t:|1781446177\n|move|p1a: Hypno|Protect|p1a: Hypno\n|-singleturn|p1a: Hypno|Protect\n|move|p2a: Dipplin|Giga Drain|p1a: Hypno\n|-activate|p1a: Hypno|move: Protect\n|\n|-heal|p1a: Hypno|81/315|[from] item: Leftovers\n|upkeep\n|turn|22\n|\n|t:|1781446180\n|move|p2a: Dipplin|Sucker Punch|p1a: Hypno\n|-supereffective|p1a: Hypno\n|-damage|p1a: Hypno|0 fnt\n|faint|p1a: Hypno\n|\n|upkeep\n|\n|t:|1781446187\n|switch|p1a: Raikou|Raikou, L81|278/278\n|-activate|p1a: Raikou|move: Sticky Web\n|-unboost|p1a: Raikou|spe|1\n|-ability|p1a: Raikou|Pressure\n|turn|23\n|\n|t:|1781446192\n|switch|p2a: Meowscarada|Meowscarada, L78, F|217/247\n|-damage|p2a: Meowscarada|187/247|[from] Stealth Rock\n|move|p1a: Raikou|Substitute|p1a: Raikou\n|-start|p1a: Raikou|Substitute\n|-damage|p1a: Raikou|209/278\n|\n|-heal|p1a: Raikou|226/278|[from] item: Leftovers\n|upkeep\n|turn|24\n|\n|t:|1781446209\n|move|p2a: Meowscarada|Triple Axel|p1a: Raikou\n|-start|p2a: Meowscarada|typechange|Ice|[from] ability: Protean\n|-activate|p1a: Raikou|move: Substitute|[damage]\n|-end|p1a: Raikou|Substitute\n|-damage|p1a: Raikou|114/278\n|-hitcount|p1a: Raikou|3\n|move|p1a: Raikou|Scald|p2a: Meowscarada\n|-damage|p2a: Meowscarada|108/247\n|\n|-heal|p1a: Raikou|131/278|[from] item: Leftovers\n|upkeep\n|turn|25\n|\n|t:|1781446218\n|-terastallize|p1a: Raikou|Water\n|move|p2a: Meowscarada|Triple Axel|p1a: Raikou\n|-resisted|p1a: Raikou\n|-damage|p1a: Raikou|113/278\n|-resisted|p1a: Raikou\n|-damage|p1a: Raikou|74/278\n|-resisted|p1a: Raikou\n|-damage|p1a: Raikou|24/278\n|-hitcount|p1a: Raikou|3\n|move|p1a: Raikou|Thunderbolt|p2a: Meowscarada\n|-damage|p2a: Meowscarada|0 fnt\n|faint|p2a: Meowscarada\n|\n|-heal|p1a: Raikou|41/278|[from] item: Leftovers\n|upkeep\n|\n|t:|1781446222\n|switch|p2a: Iron Bundle|Iron Bundle, L78|215/215\n|-damage|p2a: Iron Bundle|162/215|[from] Stealth Rock\n|turn|26\n|\n|t:|1781446236\n|switch|p1a: Sudowoodo|Sudowoodo, L94, F|60/284\n|-activate|p1a: Sudowoodo|move: Sticky Web\n|-unboost|p1a: Sudowoodo|spe|1\n|move|p2a: Iron Bundle|Freeze-Dry|p1a: Sudowoodo\n|-damage|p1a: Sudowoodo|0 fnt\n|faint|p1a: Sudowoodo\n|\n|upkeep\n|\n|t:|1781446239\n|switch|p1a: Ambipom|Ambipom, L84, F|263/263\n|-activate|p1a: Ambipom|move: Sticky Web\n|-unboost|p1a: Ambipom|spe|1\n|turn|27\n|\n|t:|1781446250\n|move|p2a: Iron Bundle|Freeze-Dry|p1a: Ambipom\n|-damage|p1a: Ambipom|112/263\n|move|p1a: Ambipom|Double-Edge|p2a: Iron Bundle\n|-damage|p2a: Iron Bundle|17/215\n|-damage|p1a: Ambipom|64/263|[from] Recoil\n|\n|upkeep\n|turn|28\n|c|\u2606Estrace|fuck that crit\n|c|\u2606Estrace|omg\n|c|\u2606Estrace|comfey wouldve swept so easy\n|c|\u2606Estrace|bye\n|-message|Estrace forfeited.\n|\n|win|Schibi\n", "inputlog": ">version a8376a258c1d4662feba110a92103f3664a72141\n>start {\"formatid\":\"gen9randombattle\",\"seed\":\"sodium,a4986ebbe60abe7cc7b6cb1693677023\",\"rated\":\"Rated battle\"}\n>player p1 {\"name\":\"Estrace\",\"avatar\":\"clair\",\"rating\":1989,\"seed\":\"sodium,6742e9068e69fae9b47afc422d51eebe\"}\n>player p2 {\"name\":\"Schibi\",\"avatar\":\"265\",\"rating\":1954,\"seed\":\"sodium,3e45645f236a721a69c41ddf5f2ecd79\"}\n>p1 move calmmind\n>p2 switch 4\n>p1 switch 4\n>p2 move dragonpulse\n>p1 move toxic\n>p2 switch 3\n>p1 switch 2\n>p2 move stickyweb\n>p1 move stealthrock\n>p2 move knockoff\n>p1 move headsmash\n>p2 move knockoff\n>p2 switch 2\n>p1 switch 3\n>p2 move flowertrick\n>p1 move uturn\n>p2 switch 5\n>p1 switch 3\n>p1 move headsmash\n>p2 move stoneedge\n>p2 switch 3\n>p1 switch 3\n>p2 move gigadrain\n>p1 move moonblast\n>p2 switch 4\n>p1 move stunspore\n>p2 move psychoboost\n>p1 switch 5\n>p1 move calmmind\n>p2 move psychoboost\n>chat \u2606Estrace|there is\n>chat \u2606Estrace|no shot\n>p1 switch 3\n>p1 move suckerpunch\n>p2 switch 4\n>p1 switch 2\n>p2 move gigadrain\n>p1 move toxic\n>p2 move dragonpulse terastallize\n>p1 move focusblast\n>p2 move gigadrain\n>p1 move protect\n>p2 move suckerpunch\n>p1 move psychicnoise\n>p2 move gigadrain\n>p1 move focusblast\n>p2 move dragonpulse\n>p1 move protect\n>p2 move gigadrain\n>p1 move focusblast\n>p2 move suckerpunch\n>p1 switch 4\n>p1 move substitute\n>p2 switch 5\n>p1 move scald\n>p2 move tripleaxel\n>p1 move thunderbolt terastallize\n>p2 move tripleaxel\n>p2 switch 6\n>p1 switch 2\n>p2 move freezedry\n>p1 switch 6\n>p1 move doubleedge\n>p2 move freezedry\n>chat \u2606Estrace|fuck that crit\n>chat \u2606Estrace|omg\n>chat \u2606Estrace|comfey wouldve swept so easy\n>chat \u2606Estrace|bye\n>forcelose p1", "uploadtime": 1781445969, "views": 5, "formatid": "gen9randombattle", "rating": null, "private": 0, "password": null, "player_dets": [{"name": "Estrace", "avatar": "clair", "rating": 1989, "seed": "sodium,6742e9068e69fae9b47afc422d51eebe"}, {"name": "Schibi", "avatar": "265", "rating": 1954, "seed": "sodium,3e45645f236a721a69c41ddf5f2ecd79"}], "teams_full": [{"Raikou": {"name": "Raikou", "species": "Raikou", "speciesId": "raikou", "gender": "N", "shiny": false, "level": 81, "moves": ["calmmind", "substitute", "thunderbolt", "scald"], "ability": "Pressure", "evs": {"hp": 85, "atk": 0, "def": 85, "spa": 85, "spd": 85, "spe": 85}, "ivs": {"hp": 31, "atk": 0, "def": 31, "spa": 31, "spd": 31, "spe": 31}, "item": "Leftovers", "teraType": "Water", "role": "Bulky Setup", "bvs": {"hp": 90, "atk": 85, "def": 75, "spa": 115, "spd": 100, "spe": 115}, "stats": {"hp": 278, "atk": 142, "def": 168, "spa": 233, "spd": 209, "spe": 233}}, "Sudowoodo": {"name": "Sudowoodo", "species": "Sudowoodo", "speciesId": "sudowoodo", "gender": "F", "shiny": false, "level": 94, "moves": ["suckerpunch", "stealthrock", "woodhammer", "headsmash"], "ability": "Rock Head", "evs": {"hp": 85, "atk": 85, "def": 85, "spa": 85, "spd": 85, "spe": 85}, "ivs": {"hp": 31, "atk": 31, "def": 31, "spa": 31, "spd": 31, "spe": 31}, "item": "Leftovers", "teraType": "Grass", "role": "Bulky Attacker", "bvs": {"hp": 70, "atk": 100, "def": 115, "spa": 30, "spd": 65, "spe": 30}, "stats": {"hp": 284, "atk": 241, "def": 270, "spa": 110, "spd": 176, "spe": 110}}, "Whimsicott": {"name": "Whimsicott", "species": "Whimsicott", "speciesId": "whimsicott", "gender": "M", "shiny": false, "level": 84, "moves": ["uturn", "encore", "moonblast", "stunspore"], "ability": "Prankster", "evs": {"hp": 85, "atk": 85, "def": 85, "spa": 85, "spd": 85, "spe": 85}, "ivs": {"hp": 31, "atk": 31, "def": 31, "spa": 31, "spd": 31, "spe": 31}, "item": "Heavy-Duty Boots", "teraType": "Steel", "role": "Fast Support", "bvs": {"hp": 60, "atk": 67, "def": 85, "spa": 77, "spd": 75, "spe": 116}, "stats": {"hp": 238, "atk": 161, "def": 191, "spa": 178, "spd": 174, "spe": 243}}, "Hypno": {"name": "Hypno", "species": "Hypno", "speciesId": "hypno", "gender": "M", "shiny": false, "level": 95, "moves": ["focusblast", "psychicnoise", "protect", "toxic"], "ability": "Insomnia", "evs": {"hp": 85, "atk": 0, "def": 85, "spa": 85, "spd": 85, "spe": 85}, "ivs": {"hp": 31, "atk": 0, "def": 31, "spa": 31, "spd": 31, "spe": 31}, "item": "Leftovers", "teraType": "Steel", "role": "Bulky Attacker", "bvs": {"hp": 85, "atk": 73, "def": 70, "spa": 73, "spd": 115, "spe": 67}, "stats": {"hp": 315, "atk": 143, "def": 187, "spa": 193, "spd": 272, "spe": 181}}, "Comfey": {"name": "Comfey", "species": "Comfey", "speciesId": "comfey", "gender": "F", "shiny": false, "level": 85, "moves": ["terablast", "encore", "drainingkiss", "calmmind"], "ability": "Triage", "evs": {"hp": 85, "atk": 0, "def": 85, "spa": 85, "spd": 85, "spe": 85}, "ivs": {"hp": 31, "atk": 0, "def": 31, "spa": 31, "spd": 31, "spe": 31}, "item": "Leftovers", "teraType": "Ground", "role": "Tera Blast user", "bvs": {"hp": 51, "atk": 52, "def": 90, "spa": 82, "spd": 110, "spe": 100}, "stats": {"hp": 225, "atk": 93, "def": 202, "spa": 188, "spd": 236, "spe": 219}}, "Ambipom": {"name": "Ambipom", "species": "Ambipom", "speciesId": "ambipom", "gender": "F", "shiny": false, "level": 84, "moves": ["doubleedge", "uturn", "fakeout", "knockoff"], "ability": "Technician", "evs": {"hp": 85, "atk": 85, "def": 85, "spa": 85, "spd": 85, "spe": 85}, "ivs": {"hp": 31, "atk": 31, "def": 31, "spa": 31, "spd": 31, "spe": 31}, "item": "Silk Scarf", "teraType": "Normal", "role": "Wallbreaker", "bvs": {"hp": 75, "atk": 100, "def": 66, "spa": 60, "spd": 66, "spe": 115}, "stats": {"hp": 263, "atk": 216, "def": 159, "spa": 149, "spd": 159, "spe": 241}}}, {"Deoxys": {"name": "Deoxys", "species": "Deoxys-Speed", "speciesId": "deoxysspeed", "gender": "N", "shiny": false, "level": 82, "moves": ["focusblast", "nastyplot", "psychoboost", "darkpulse"], "ability": "Pressure", "evs": {"hp": 85, "atk": 0, "def": 85, "spa": 85, "spd": 85, "spe": 85}, "ivs": {"hp": 31, "atk": 0, "def": 31, "spa": 31, "spd": 31, "spe": 31}, "item": "Life Orb", "teraType": "Psychic", "role": "Setup Sweeper", "bvs": {"hp": 50, "atk": 95, "def": 90, "spa": 95, "spd": 90, "spe": 180}, "stats": {"hp": 216, "atk": 160, "def": 195, "spa": 203, "spd": 195, "spe": 342}}, "Meowscarada": {"name": "Meowscarada", "species": "Meowscarada", "speciesId": "meowscarada", "gender": "F", "shiny": false, "level": 78, "moves": ["tripleaxel", "uturn", "knockoff", "flowertrick"], "ability": "Protean", "evs": {"hp": 85, "atk": 85, "def": 85, "spa": 85, "spd": 85, "spe": 85}, "ivs": {"hp": 31, "atk": 31, "def": 31, "spa": 31, "spd": 31, "spe": 31}, "item": "Choice Band", "teraType": "Dark", "role": "Fast Support", "bvs": {"hp": 76, "atk": 110, "def": 70, "spa": 81, "spd": 70, "spe": 123}, "stats": {"hp": 247, "atk": 217, "def": 154, "spa": 171, "spd": 154, "spe": 237}}, "Kricketune": {"name": "Kricketune", "species": "Kricketune", "speciesId": "kricketune", "gender": "F", "shiny": false, "level": 99, "moves": ["taunt", "knockoff", "pounce", "stickyweb"], "ability": "Technician", "evs": {"hp": 85, "atk": 85, "def": 85, "spa": 85, "spd": 85, "spe": 85}, "ivs": {"hp": 31, "atk": 31, "def": 31, "spa": 31, "spd": 31, "spe": 31}, "item": "Heavy-Duty Boots", "teraType": "Ghost", "role": "Fast Support", "bvs": {"hp": 77, "atk": 85, "def": 51, "spa": 55, "spd": 51, "spe": 65}, "stats": {"hp": 312, "atk": 224, "def": 157, "spa": 165, "spd": 157, "spe": 185}}, "Dipplin": {"name": "Dipplin", "species": "Dipplin", "speciesId": "dipplin", "gender": "F", "shiny": false, "level": 88, "moves": ["recover", "dragonpulse", "suckerpunch", "gigadrain"], "ability": "Sticky Hold", "evs": {"hp": 85, "atk": 85, "def": 85, "spa": 85, "spd": 85, "spe": 85}, "ivs": {"hp": 31, "atk": 31, "def": 31, "spa": 31, "spd": 31, "spe": 31}, "item": "Eviolite", "teraType": "Steel", "role": "Bulky Attacker", "bvs": {"hp": 80, "atk": 80, "def": 110, "spa": 95, "spd": 80, "spe": 40}, "stats": {"hp": 284, "atk": 191, "def": 244, "spa": 217, "spd": 191, "spe": 121}}, "Bombirdier": {"name": "Bombirdier", "species": "Bombirdier", "speciesId": "bombirdier", "gender": "M", "shiny": false, "level": 85, "moves": ["bravebird", "suckerpunch", "knockoff", "stoneedge"], "ability": "Rocky Payload", "evs": {"hp": 85, "atk": 85, "def": 85, "spa": 85, "spd": 85, "spe": 85}, "ivs": {"hp": 31, "atk": 31, "def": 31, "spa": 31, "spd": 31, "spe": 31}, "item": "Choice Band", "teraType": "Rock", "role": "Fast Attacker", "bvs": {"hp": 70, "atk": 103, "def": 85, "spa": 60, "spd": 85, "spe": 82}, "stats": {"hp": 258, "atk": 224, "def": 193, "spa": 151, "spd": 193, "spe": 188}}, "Iron Bundle": {"name": "Iron Bundle", "species": "Iron Bundle", "speciesId": "ironbundle", "gender": "N", "shiny": false, "level": 78, "moves": ["flipturn", "icebeam", "freezedry", "hydropump"], "ability": "Quark Drive", "evs": {"hp": 85, "atk": 85, "def": 85, "spa": 85, "spd": 85, "spe": 85}, "ivs": {"hp": 31, "atk": 31, "def": 31, "spa": 31, "spd": 31, "spe": 31}, "item": "Choice Specs", "teraType": "Ice", "role": "Fast Attacker", "bvs": {"hp": 56, "atk": 80, "def": 114, "spa": 124, "spd": 60, "spe": 136}, "stats": {"hp": 215, "atk": 170, "def": 223, "spa": 239, "spd": 139, "spe": 257}}}]}