{"id": "gen9randombattle-2631615713", "format": "[Gen 9] Random Battle", "players": ["Blooodfooort", "bigred1812"], "log": "|j|\u2606Blooodfooort\n|j|\u2606bigred1812\n|t:|1781409293\n|gametype|singles\n|player|p1|Blooodfooort|101|1923\n|player|p2|bigred1812|101|1885\n|gen|9\n|tier|[Gen 9] Random Battle\n|rated|\n|rule|Species Clause: Limit one of each Pok\u00e9mon\n|rule|HP Percentage Mod: HP is shown in percentages\n|rule|Sleep Clause Mod: Limit one foe put to sleep\n|rule|Illusion Level Mod: Illusion disguises the Pok\u00e9mon's true level\n|\n|t:|1781409293\n|teamsize|p1|6\n|teamsize|p2|6\n|start\n|switch|p1a: Sandaconda|Sandaconda, L84, F|258/258\n|switch|p2a: Victreebel|Victreebel, L90, M|290/290\n|turn|1\n|\n|t:|1781409315\n|switch|p1a: Gengar|Gengar, L81, M|230/230\n|move|p2a: Victreebel|Knock Off|p1a: Gengar\n|-supereffective|p1a: Gengar\n|-crit|p1a: Gengar\n|-damage|p1a: Gengar|0 fnt\n|-start|p2a: Victreebel|Disable|Knock Off|[from] ability: Cursed Body|[of] p1a: Gengar\n|-enditem|p1a: Gengar|Life Orb|[from] move: Knock Off|[of] p2a: Victreebel\n|faint|p1a: Gengar\n|-damage|p2a: Victreebel|261/290|[from] item: Life Orb\n|\n|upkeep\n|inactive|Battle timer is ON: inactive players will automatically lose when time's up. (requested by bigred1812)\n|-message|Blooodfooort forfeited.\n|\n|win|bigred1812\n|raw|Blooodfooort's rating: 1923 &rarr; <strong>1901</strong><br />(-22 for losing)\n|raw|bigred1812's rating: 1885 &rarr; <strong>1907</strong><br />(+22 for winning)\n", "inputlog": ">version a8376a258c1d4662feba110a92103f3664a72141\n>start {\"formatid\":\"gen9randombattle\",\"seed\":\"sodium,09cee34030b03e9fabd2941a8d862966\",\"rated\":\"Rated battle\"}\n>player p1 {\"name\":\"Blooodfooort\",\"avatar\":\"101\",\"rating\":1923,\"seed\":\"sodium,e4baf7d53dab0f8dc9bc3b1752a7c1f5\"}\n>player p2 {\"name\":\"bigred1812\",\"avatar\":\"101\",\"rating\":1885,\"seed\":\"sodium,a9698550cff3aeee2e6ae4eb30cd6f34\"}\n>p1 switch 5\n>p2 move knockoff\n>forcelose p1", "uploadtime": 1781409323, "views": 4, "formatid": "gen9randombattle", "rating": 1901, "private": 0, "password": null}