{"id": "gen9randombattle-2631851089", "format": "[Gen 9] Random Battle", "players": ["andriychayka", "YoungSwagon"], "log": "|j|\u2606andriychayka\n|j|\u2606YoungSwagon\n|t:|1781448083\n|gametype|singles\n|player|p1|andriychayka|170|1129\n|player|p2|YoungSwagon|veteran|1079\n|gen|9\n|tier|[Gen 9] Random Battle\n|rated|\n|rule|Species Clause: Limit one of each Pok\u00e9mon\n|rule|HP Percentage Mod: HP is shown in percentages\n|rule|Sleep Clause Mod: Limit one foe put to sleep\n|rule|Illusion Level Mod: Illusion disguises the Pok\u00e9mon's true level\n|\n|t:|1781448083\n|teamsize|p1|6\n|teamsize|p2|6\n|start\n|switch|p1a: Dewgong|Dewgong, L94, M|322/322\n|switch|p2a: Phione|Phione, L91|293/293\n|turn|1\n|inactive|Battle timer is ON: inactive players will automatically lose when time's up. (requested by andriychayka)\n|\n|t:|1781448092\n|move|p2a: Phione|Take Heart|p2a: Phione\n|-boost|p2a: Phione|spa|1\n|-boost|p2a: Phione|spd|1\n|move|p1a: Dewgong|Knock Off|p2a: Phione\n|-damage|p2a: Phione|231/293\n|-enditem|p2a: Phione|Leftovers|[from] move: Knock Off|[of] p1a: Dewgong\n|\n|upkeep\n|turn|2\n|\n|t:|1781448113\n|switch|p1a: Gothitelle|Gothitelle, L90, F|272/272\n|move|p2a: Phione|Take Heart|p2a: Phione\n|-boost|p2a: Phione|spa|1\n|-boost|p2a: Phione|spd|1\n|\n|upkeep\n|turn|3\n|inactive|andriychayka has 120 seconds left.\n|\n|t:|1781448134\n|move|p2a: Phione|Scald|p1a: Gothitelle\n|-damage|p1a: Gothitelle|131/272\n|-status|p1a: Gothitelle|brn\n|move|p1a: Gothitelle|Thunderbolt|p2a: Phione\n|-supereffective|p2a: Phione\n|-damage|p2a: Phione|163/293\n|\n|-heal|p1a: Gothitelle|148/272 brn|[from] item: Leftovers\n|-damage|p1a: Gothitelle|131/272 brn|[from] brn\n|upkeep\n|turn|4\n|inactive|andriychayka has 120 seconds left.\n|\n|t:|1781448144\n|move|p2a: Phione|Scald|p1a: Gothitelle\n|-damage|p1a: Gothitelle|0 fnt\n|faint|p1a: Gothitelle\n|\n|upkeep\n|inactive|andriychayka has 120 seconds left.\n|\n|t:|1781448151\n|switch|p1a: Ninetales|Ninetales, L85, F|263/263\n|-weather|SunnyDay|[from] ability: Drought|[of] p1a: Ninetales\n|turn|5\n|\n|t:|1781448158\n|-terastallize|p1a: Ninetales|Grass\n|move|p1a: Ninetales|Nasty Plot|p1a: Ninetales\n|-boost|p1a: Ninetales|spa|2\n|move|p2a: Phione|Scald|p1a: Ninetales\n|-resisted|p1a: Ninetales\n|-damage|p1a: Ninetales|225/263\n|\n|-weather|SunnyDay|[upkeep]\n|upkeep\n|turn|6\n|\n|t:|1781448167\n|-terastallize|p2a: Phione|Grass\n|move|p1a: Ninetales|Solar Beam||[still]\n|-prepare|p1a: Ninetales|Solar Beam\n|-anim|p1a: Ninetales|Solar Beam|p2a: Phione\n|-resisted|p2a: Phione\n|-damage|p2a: Phione|105/293\n|move|p2a: Phione|Ice Beam|p1a: Ninetales\n|-supereffective|p1a: Ninetales\n|-damage|p1a: Ninetales|0 fnt\n|faint|p1a: Ninetales\n|\n|-weather|SunnyDay|[upkeep]\n|upkeep\n|inactive|andriychayka has 120 seconds left.\n|\n|t:|1781448188\n|switch|p1a: Vileplume|Vileplume, L85, M|266/266\n|turn|7\n|\n|t:|1781448193\n|move|p2a: Phione|Ice Beam|p1a: Vileplume\n|-supereffective|p1a: Vileplume\n|-damage|p1a: Vileplume|30/266\n|move|p1a: Vileplume|Sludge Bomb|p2a: Phione\n|-supereffective|p2a: Phione\n|-damage|p2a: Phione|0 fnt\n|faint|p2a: Phione\n|\n|-weather|SunnyDay|[upkeep]\n|-heal|p1a: Vileplume|46/266|[from] item: Leftovers\n|upkeep\n|\n|t:|1781448210\n|switch|p2a: Rillaboom|Rillaboom, L79, F|288/288\n|-fieldstart|move: Grassy Terrain|[from] ability: Grassy Surge|[of] p2a: Rillaboom\n|turn|8\n|\n|t:|1781448225\n|move|p2a: Rillaboom|High Horsepower|p1a: Vileplume\n|-damage|p1a: Vileplume|0 fnt\n|faint|p1a: Vileplume\n|\n|-weather|SunnyDay|[upkeep]\n|upkeep\n|\n|t:|1781448233\n|switch|p1a: Reshiram|Reshiram, L76|277/277\n|-ability|p1a: Reshiram|Turboblaze\n|turn|9\n|\n|t:|1781448245\n|switch|p2a: Delphox|Delphox, L84, M|263/263\n|move|p1a: Reshiram|Blue Flare|p2a: Delphox\n|-resisted|p2a: Delphox\n|-damage|p2a: Delphox|152/263\n|\n|-weather|none\n|-heal|p2a: Delphox|168/263|[from] Grassy Terrain\n|upkeep\n|turn|10\n|inactive|andriychayka has 120 seconds left.\n|\n|t:|1781448272\n|move|p2a: Delphox|Psyshock|p1a: Reshiram\n|-damage|p1a: Reshiram|181/277\n|move|p1a: Reshiram|Earth Power|p2a: Delphox\n|-supereffective|p2a: Delphox\n|-damage|p2a: Delphox|26/263\n|\n|-heal|p2a: Delphox|42/263|[from] Grassy Terrain\n|-heal|p1a: Reshiram|198/277|[from] Grassy Terrain\n|upkeep\n|turn|11\n|inactive|andriychayka has 120 seconds left.\n|\n|t:|1781448283\n|move|p2a: Delphox|Psyshock|p1a: Reshiram\n|-damage|p1a: Reshiram|101/277\n|move|p1a: Reshiram|Earth Power|p2a: Delphox\n|-supereffective|p2a: Delphox\n|-damage|p2a: Delphox|0 fnt\n|faint|p2a: Delphox\n|\n|-heal|p1a: Reshiram|118/277|[from] Grassy Terrain\n|upkeep\n|inactive|YoungSwagon has 120 seconds left.\n|inactive|YoungSwagon has 90 seconds left.\n|\n|t:|1781448346\n|switch|p2a: Weezing|Weezing, L88, M|258/258\n|turn|12\n|inactive|YoungSwagon has 90 seconds left.\n|inactive|andriychayka has 120 seconds left.\n|\n|t:|1781448371\n|move|p1a: Reshiram|Will-O-Wisp|p2a: Weezing\n|-status|p2a: Weezing|brn\n|move|p2a: Weezing|Sludge Bomb|p1a: Reshiram\n|-damage|p1a: Reshiram|31/277\n|\n|-heal|p1a: Reshiram|48/277|[from] Grassy Terrain\n|-damage|p2a: Weezing|242/258 brn|[from] brn\n|-fieldend|move: Grassy Terrain\n|upkeep\n|turn|13\n|inactive|andriychayka has 120 seconds left.\n|inactive|YoungSwagon has 90 seconds left.\n|\n|t:|1781448388\n|move|p1a: Reshiram|Draco Meteor|p2a: Weezing\n|-damage|p2a: Weezing|61/258 brn\n|-unboost|p1a: Reshiram|spa|2\n|move|p2a: Weezing|Sludge Bomb|p1a: Reshiram\n|-damage|p1a: Reshiram|0 fnt\n|faint|p1a: Reshiram\n|\n|-heal|p2a: Weezing|77/258 brn|[from] item: Leftovers\n|-damage|p2a: Weezing|61/258 brn|[from] brn\n|upkeep\n|inactive|andriychayka has 120 seconds left.\n|\n|t:|1781448401\n|switch|p1a: Wyrdeer|Wyrdeer, L87, M|321/321\n|-ability|p1a: Wyrdeer|Intimidate|boost\n|-unboost|p2a: Weezing|atk|1\n|turn|14\n|inactive|andriychayka has 120 seconds left.\n|inactive|YoungSwagon has 90 seconds left.\n|\n|t:|1781448416\n|move|p1a: Wyrdeer|Body Slam|p2a: Weezing\n|-damage|p2a: Weezing|0 fnt\n|faint|p2a: Weezing\n|\n|upkeep\n|inactive|YoungSwagon has 90 seconds left.\n|\n|t:|1781448423\n|switch|p2a: Scrafty|Scrafty, L83, F|244/244\n|turn|15\n|\n|t:|1781448432\n|move|p1a: Wyrdeer|Thunder Wave|p2a: Scrafty\n|-status|p2a: Scrafty|par\n|move|p2a: Scrafty|Knock Off|p1a: Wyrdeer\n|-supereffective|p1a: Wyrdeer\n|-damage|p1a: Wyrdeer|121/321\n|-enditem|p1a: Wyrdeer|Leftovers|[from] move: Knock Off|[of] p2a: Scrafty\n|\n|upkeep\n|turn|16\n|\n|t:|1781448441\n|switch|p1a: Dewgong|Dewgong, L94, M|322/322\n|move|p2a: Scrafty|Bulk Up|p2a: Scrafty\n|-boost|p2a: Scrafty|atk|1\n|-boost|p2a: Scrafty|def|1\n|\n|upkeep\n|turn|17\n|\n|t:|1781448456\n|move|p1a: Dewgong|Surf|p2a: Scrafty\n|-damage|p2a: Scrafty|172/244 par\n|cant|p2a: Scrafty|par\n|\n|-heal|p2a: Scrafty|187/244 par|[from] item: Leftovers\n|upkeep\n|turn|18\n|\n|t:|1781448479\n|switch|p1a: Wyrdeer|Wyrdeer, L87, M|121/321\n|-ability|p1a: Wyrdeer|Intimidate|boost\n|-unboost|p2a: Scrafty|atk|1\n|move|p2a: Scrafty|Drain Punch|p1a: Wyrdeer\n|-damage|p1a: Wyrdeer|36/321\n|-heal|p2a: Scrafty|230/244 par|[from] drain|[of] p1a: Wyrdeer\n|\n|-activate|p2a: Scrafty|ability: Shed Skin\n|-curestatus|p2a: Scrafty|par|[msg]\n|-heal|p2a: Scrafty|244/244|[from] item: Leftovers\n|upkeep\n|turn|19\n|\n|t:|1781448501\n|move|p1a: Wyrdeer|Thunder Wave|p2a: Scrafty\n|-status|p2a: Scrafty|par\n|move|p2a: Scrafty|Knock Off|p1a: Wyrdeer\n|-supereffective|p1a: Wyrdeer\n|-damage|p1a: Wyrdeer|0 fnt\n|faint|p1a: Wyrdeer\n|\n|upkeep\n|\n|t:|1781448505\n|switch|p1a: Dewgong|Dewgong, L94, M|322/322\n|turn|20\n|\n|t:|1781448513\n|move|p1a: Dewgong|Ice Beam|p2a: Scrafty\n|-damage|p2a: Scrafty|163/244 par\n|move|p2a: Scrafty|Drain Punch|p1a: Dewgong\n|-supereffective|p1a: Dewgong\n|-damage|p1a: Dewgong|188/322\n|-heal|p2a: Scrafty|230/244 par|[from] drain|[of] p1a: Dewgong\n|\n|-activate|p2a: Scrafty|ability: Shed Skin\n|-curestatus|p2a: Scrafty|par|[msg]\n|-heal|p2a: Scrafty|244/244|[from] item: Leftovers\n|upkeep\n|turn|21\n|\n|t:|1781448533\n|move|p1a: Dewgong|Ice Beam|p2a: Scrafty\n|-damage|p2a: Scrafty|168/244\n|move|p2a: Scrafty|Bulk Up|p2a: Scrafty\n|-boost|p2a: Scrafty|atk|1\n|-boost|p2a: Scrafty|def|1\n|\n|-heal|p2a: Scrafty|183/244|[from] item: Leftovers\n|upkeep\n|turn|22\n|-message|andriychayka forfeited.\n|\n|win|YoungSwagon\n|raw|andriychayka's rating: 1129 &rarr; <strong>1100</strong><br />(-29 for losing)\n|raw|YoungSwagon's rating: 1079 &rarr; <strong>1111</strong><br />(+32 for winning)\n|l|\u2606andriychayka\n|player|p1|\n|j|\u2606andriychayka\n|player|p1|andriychayka|170|\n", "inputlog": ">version a8376a258c1d4662feba110a92103f3664a72141\n>start {\"formatid\":\"gen9randombattle\",\"seed\":\"sodium,fa1fde4c2490619d09cae84869b487e3\",\"rated\":\"Rated battle\"}\n>player p1 {\"name\":\"andriychayka\",\"avatar\":\"170\",\"rating\":1129,\"seed\":\"sodium,2440d7484bcbf513a805c48cef5e03c4\"}\n>player p2 {\"name\":\"YoungSwagon\",\"avatar\":\"veteran\",\"rating\":1079,\"seed\":\"sodium,b5ee4edbb53a948b69c99529ef2426b5\"}\n>p1 move knockoff\n>p2 move takeheart\n>p1 switch 2\n>p2 move takeheart\n>p1 move thunderbolt\n>p2 move scald\n>p1 move thunderbolt\n>p2 move scald\n>p1 switch 5\n>p1 move nastyplot terastallize\n>p2 move scald\n>p1 move solarbeam\n>p2 move icebeam terastallize\n>p1 switch 6\n>p1 move sludgebomb\n>p2 move icebeam\n>p2 switch 3\n>p1 move sludgebomb\n>p2 move highhorsepower\n>p1 switch 3\n>p1 move blueflare\n>p2 switch 6\n>p1 move earthpower\n>p2 move psyshock\n>p1 move earthpower\n>p2 move psyshock\n>p2 switch 4\n>p1 move willowisp\n>p2 move sludgebomb\n>p1 move dracometeor\n>p2 move sludgebomb\n>p1 switch 4\n>p1 move bodyslam\n>p2 move sludgebomb\n>p2 switch 2\n>p1 move thunderwave\n>p2 move knockoff\n>p1 switch 2\n>p2 move bulkup\n>p1 move surf\n>p2 move drainpunch\n>p1 switch 2\n>p2 move drainpunch\n>p1 move thunderwave\n>p2 move knockoff\n>p1 switch 2\n>p1 move icebeam\n>p2 move drainpunch\n>p1 move icebeam\n>p2 move bulkup\n>forcelose p1", "uploadtime": 1781448543, "views": 14, "formatid": "gen9randombattle", "rating": 1100, "private": 0, "password": null, "player_dets": [{"name": "andriychayka", "avatar": "170", "rating": 1129, "seed": "sodium,2440d7484bcbf513a805c48cef5e03c4"}, {"name": "YoungSwagon", "avatar": "veteran", "rating": 1079, "seed": "sodium,b5ee4edbb53a948b69c99529ef2426b5"}], "teams_full": [{"Dewgong": {"name": "Dewgong", "species": "Dewgong", "speciesId": "dewgong", "gender": "M", "shiny": false, "level": 94, "moves": ["icebeam", "knockoff", "flipturn", "surf"], "ability": "Thick Fat", "evs": {"hp": 85, "atk": 85, "def": 85, "spa": 85, "spd": 85, "spe": 85}, "ivs": {"hp": 31, "atk": 31, "def": 31, "spa": 31, "spd": 31, "spe": 31}, "item": "Assault Vest", "teraType": "Ground", "role": "Bulky Support", "bvs": {"hp": 90, "atk": 70, "def": 80, "spa": 70, "spd": 95, "spe": 70}, "stats": {"hp": 322, "atk": 185, "def": 204, "spa": 185, "spd": 232, "spe": 185}}, "Gothitelle": {"name": "Gothitelle", "species": "Gothitelle", "speciesId": "gothitelle", "gender": "F", "shiny": false, "level": 90, "moves": ["thunderbolt", "calmmind", "focusblast", "psychicnoise"], "ability": "Shadow Tag", "evs": {"hp": 85, "atk": 0, "def": 85, "spa": 85, "spd": 85, "spe": 85}, "ivs": {"hp": 31, "atk": 0, "def": 31, "spa": 31, "spd": 31, "spe": 31}, "item": "Leftovers", "teraType": "Ghost", "role": "Bulky Setup", "bvs": {"hp": 70, "atk": 55, "def": 95, "spa": 95, "spd": 110, "spe": 65}, "stats": {"hp": 272, "atk": 104, "def": 222, "spa": 222, "spd": 249, "spe": 168}}, "Reshiram": {"name": "Reshiram", "species": "Reshiram", "speciesId": "reshiram", "gender": "N", "shiny": false, "level": 76, "moves": ["willowisp", "dracometeor", "earthpower", "blueflare"], "ability": "Turboblaze", "evs": {"hp": 85, "atk": 0, "def": 85, "spa": 85, "spd": 85, "spe": 85}, "ivs": {"hp": 31, "atk": 0, "def": 31, "spa": 31, "spd": 31, "spe": 31}, "item": "Heavy-Duty Boots", "teraType": "Ground", "role": "Fast Attacker", "bvs": {"hp": 100, "atk": 120, "def": 100, "spa": 150, "spd": 120, "spe": 90}, "stats": {"hp": 277, "atk": 187, "def": 196, "spa": 272, "spd": 226, "spe": 181}}, "Wyrdeer": {"name": "Wyrdeer", "species": "Wyrdeer", "speciesId": "wyrdeer", "gender": "M", "shiny": false, "level": 87, "moves": ["psychicnoise", "bodyslam", "thunderwave", "earthquake"], "ability": "Intimidate", "evs": {"hp": 85, "atk": 85, "def": 85, "spa": 85, "spd": 85, "spe": 85}, "ivs": {"hp": 31, "atk": 31, "def": 31, "spa": 31, "spd": 31, "spe": 31}, "item": "Leftovers", "teraType": "Ground", "role": "Bulky Attacker", "bvs": {"hp": 103, "atk": 105, "def": 72, "spa": 105, "spd": 75, "spe": 65}, "stats": {"hp": 321, "atk": 232, "def": 175, "spa": 232, "spd": 180, "spe": 163}}, "Ninetales": {"name": "Ninetales", "species": "Ninetales", "speciesId": "ninetales", "gender": "F", "shiny": false, "level": 85, "moves": ["scorchingsands", "nastyplot", "fireblast", "solarbeam"], "ability": "Drought", "evs": {"hp": 85, "atk": 0, "def": 85, "spa": 85, "spd": 85, "spe": 85}, "ivs": {"hp": 31, "atk": 0, "def": 31, "spa": 31, "spd": 31, "spe": 31}, "item": "Heavy-Duty Boots", "teraType": "Grass", "role": "Setup Sweeper", "bvs": {"hp": 73, "atk": 76, "def": 75, "spa": 81, "spd": 100, "spe": 100}, "stats": {"hp": 263, "atk": 134, "def": 176, "spa": 186, "spd": 219, "spe": 219}}, "Vileplume": {"name": "Vileplume", "species": "Vileplume", "speciesId": "vileplume", "gender": "M", "shiny": false, "level": 85, "moves": ["strengthsap", "sleeppowder", "gigadrain", "sludgebomb"], "ability": "Effect Spore", "evs": {"hp": 85, "atk": 0, "def": 85, "spa": 85, "spd": 85, "spe": 85}, "ivs": {"hp": 31, "atk": 0, "def": 31, "spa": 31, "spd": 31, "spe": 31}, "item": "Leftovers", "teraType": "Water", "role": "Bulky Attacker", "bvs": {"hp": 75, "atk": 80, "def": 85, "spa": 110, "spd": 90, "spe": 50}, "stats": {"hp": 266, "atk": 141, "def": 193, "spa": 236, "spd": 202, "spe": 134}}}, {"Phione": {"name": "Phione", "species": "Phione", "speciesId": "phione", "gender": "N", "shiny": false, "level": 91, "moves": ["takeheart", "icebeam", "scald", "grassknot"], "ability": "Hydration", "evs": {"hp": 85, "atk": 0, "def": 85, "spa": 85, "spd": 85, "spe": 85}, "ivs": {"hp": 31, "atk": 0, "def": 31, "spa": 31, "spd": 31, "spe": 31}, "item": "Leftovers", "teraType": "Grass", "role": "Bulky Attacker", "bvs": {"hp": 80, "atk": 80, "def": 80, "spa": 80, "spd": 80, "spe": 80}, "stats": {"hp": 293, "atk": 150, "def": 197, "spa": 197, "spd": 197, "spe": 197}}, "Scrafty": {"name": "Scrafty", "species": "Scrafty", "speciesId": "scrafty", "gender": "F", "shiny": false, "level": 83, "moves": ["rest", "knockoff", "bulkup", "drainpunch"], "ability": "Shed Skin", "evs": {"hp": 85, "atk": 85, "def": 85, "spa": 85, "spd": 85, "spe": 85}, "ivs": {"hp": 31, "atk": 31, "def": 31, "spa": 31, "spd": 31, "spe": 31}, "item": "Leftovers", "teraType": "Poison", "role": "Bulky Setup", "bvs": {"hp": 65, "atk": 90, "def": 115, "spa": 45, "spd": 115, "spe": 58}, "stats": {"hp": 244, "atk": 197, "def": 239, "spa": 122, "spd": 239, "spe": 144}}, "Rillaboom": {"name": "Rillaboom", "species": "Rillaboom", "speciesId": "rillaboom", "gender": "F", "shiny": false, "level": 79, "moves": ["woodhammer", "uturn", "highhorsepower", "grassyglide"], "ability": "Grassy Surge", "evs": {"hp": 85, "atk": 85, "def": 85, "spa": 85, "spd": 85, "spe": 85}, "ivs": {"hp": 31, "atk": 31, "def": 31, "spa": 31, "spd": 31, "spe": 31}, "item": "Choice Band", "teraType": "Grass", "role": "Fast Attacker", "bvs": {"hp": 100, "atk": 125, "def": 90, "spa": 60, "spd": 70, "spe": 85}, "stats": {"hp": 288, "atk": 243, "def": 188, "spa": 140, "spd": 156, "spe": 180}}, "Weezing": {"name": "Weezing", "species": "Weezing", "speciesId": "weezing", "gender": "M", "shiny": false, "level": 88, "moves": ["willowisp", "fireblast", "painsplit", "sludgebomb"], "ability": "Levitate", "evs": {"hp": 85, "atk": 0, "def": 85, "spa": 85, "spd": 85, "spe": 85}, "ivs": {"hp": 31, "atk": 0, "def": 31, "spa": 31, "spd": 31, "spe": 31}, "item": "Leftovers", "teraType": "Steel", "role": "Bulky Attacker", "bvs": {"hp": 65, "atk": 90, "def": 120, "spa": 85, "spd": 70, "spe": 60}, "stats": {"hp": 258, "atk": 163, "def": 261, "spa": 200, "spd": 173, "spe": 156}}, "Vespiquen": {"name": "Vespiquen", "species": "Vespiquen", "speciesId": "vespiquen", "gender": "F", "shiny": false, "level": 99, "moves": ["spikes", "toxicspikes", "hurricane", "roost"], "ability": "Pressure", "evs": {"hp": 85, "atk": 0, "def": 85, "spa": 85, "spd": 85, "spe": 85}, "ivs": {"hp": 31, "atk": 0, "def": 31, "spa": 31, "spd": 31, "spe": 31}, "item": "Heavy-Duty Boots", "teraType": "Steel", "role": "Bulky Support", "bvs": {"hp": 70, "atk": 80, "def": 102, "spa": 80, "spd": 102, "spe": 40}, "stats": {"hp": 299, "atk": 163, "def": 258, "spa": 214, "spd": 258, "spe": 135}}, "Delphox": {"name": "Delphox", "species": "Delphox", "speciesId": "delphox", "gender": "M", "shiny": false, "level": 84, "moves": ["psyshock", "grassknot", "focusblast", "fireblast"], "ability": "Blaze", "evs": {"hp": 85, "atk": 0, "def": 85, "spa": 85, "spd": 85, "spe": 85}, "ivs": {"hp": 31, "atk": 0, "def": 31, "spa": 31, "spd": 31, "spe": 31}, "item": "Choice Scarf", "teraType": "Fire", "role": "Fast Attacker", "bvs": {"hp": 75, "atk": 69, "def": 72, "spa": 114, "spd": 100, "spe": 104}, "stats": {"hp": 263, "atk": 120, "def": 169, "spa": 240, "spd": 216, "spe": 223}}}]}