{"id": "gen9randombattle-2631433494", "format": "[Gen 9] Random Battle", "players": ["Rasenmon10", "anime rev"], "log": "|j|\u2606Rasenmon10\n|j|\u2606anime rev\n|t:|1781384095\n|gametype|singles\n|player|p1|Rasenmon10|169|1383\n|player|p2|anime rev|smasher|1441\n|gen|9\n|tier|[Gen 9] Random Battle\n|rated|\n|rule|Species Clause: Limit one of each Pok\u00e9mon\n|rule|HP Percentage Mod: HP is shown in percentages\n|rule|Sleep Clause Mod: Limit one foe put to sleep\n|rule|Illusion Level Mod: Illusion disguises the Pok\u00e9mon's true level\n|\n|t:|1781384095\n|teamsize|p1|6\n|teamsize|p2|6\n|start\n|switch|p1a: Cinderace|Cinderace, L77, F|250/250\n|switch|p2a: Persian|Persian, L92, M|269/269\n|turn|1\n|inactive|Battle timer is ON: inactive players will automatically lose when time's up. (requested by anime rev)\n|\n|t:|1781384103\n|move|p2a: Persian|Fake Out|p1a: Cinderace\n|-damage|p1a: Cinderace|159/250\n|cant|p1a: Cinderace|flinch\n|\n|upkeep\n|turn|2\n|\n|t:|1781384118\n|move|p2a: Persian|Knock Off|p1a: Cinderace\n|-damage|p1a: Cinderace|86/250\n|-enditem|p1a: Cinderace|Heavy-Duty Boots|[from] move: Knock Off|[of] p2a: Persian\n|move|p1a: Cinderace|Will-O-Wisp|p2a: Persian\n|-status|p2a: Persian|brn\n|\n|-damage|p2a: Persian|253/269 brn|[from] brn\n|upkeep\n|turn|3\n|\n|t:|1781384128\n|move|p2a: Persian|Double-Edge|p1a: Cinderace\n|-damage|p1a: Cinderace|0 fnt\n|faint|p1a: Cinderace\n|-damage|p2a: Persian|225/269 brn|[from] Recoil\n|\n|-damage|p2a: Persian|209/269 brn|[from] brn\n|upkeep\n|inactive|Rasenmon10 has 120 seconds left.\n|\n|t:|1781384158\n|switch|p1a: Lilligant|Lilligant, L86, F|261/261\n|turn|4\n|inactive|Rasenmon10 has 120 seconds left.\n|\n|t:|1781384166\n|move|p2a: Persian|U-turn|p1a: Lilligant\n|-supereffective|p1a: Lilligant\n|-damage|p1a: Lilligant|208/261\n|\n|t:|1781384177\n|switch|p2a: Araquanid|Araquanid, L82, F|246/246|[from] U-turn\n|move|p1a: Lilligant|Quiver Dance|p1a: Lilligant\n|-boost|p1a: Lilligant|spa|1\n|-boost|p1a: Lilligant|spd|1\n|-boost|p1a: Lilligant|spe|1\n|\n|upkeep\n|turn|5\n|\n|t:|1781384188\n|-terastallize|p1a: Lilligant|Rock\n|move|p1a: Lilligant|Tera Blast|p2a: Araquanid|[anim] Tera Blast Rock\n|-supereffective|p2a: Araquanid\n|-damage|p2a: Araquanid|0 fnt\n|faint|p2a: Araquanid\n|-damage|p1a: Lilligant|182/261|[from] item: Life Orb\n|\n|upkeep\n|inactive|anime rev has 120 seconds left.\n|\n|t:|1781384222\n|switch|p2a: Dewgong|Dewgong, L94, M|322/322\n|turn|6\n|\n|t:|1781384227\n|move|p1a: Lilligant|Giga Drain|p2a: Dewgong\n|-supereffective|p2a: Dewgong\n|-damage|p2a: Dewgong|101/322\n|-heal|p1a: Lilligant|261/261|[from] drain|[of] p2a: Dewgong\n|-damage|p1a: Lilligant|235/261|[from] item: Life Orb\n|move|p2a: Dewgong|Hydro Pump|p1a: Lilligant\n|-supereffective|p1a: Lilligant\n|-damage|p1a: Lilligant|73/261\n|\n|upkeep\n|turn|7\n|\n|t:|1781384235\n|switch|p2a: Overqwil|Overqwil, L82, F|274/274\n|-ability|p2a: Overqwil|Intimidate|boost\n|-unboost|p1a: Lilligant|atk|1\n|move|p1a: Lilligant|Giga Drain|p2a: Overqwil\n|-resisted|p2a: Overqwil\n|-damage|p2a: Overqwil|164/274\n|-heal|p1a: Lilligant|128/261|[from] drain|[of] p2a: Overqwil\n|-damage|p1a: Lilligant|102/261|[from] item: Life Orb\n|\n|upkeep\n|turn|8\n|\n|t:|1781384243\n|move|p1a: Lilligant|Tera Blast|p2a: Overqwil|[anim] Tera Blast Rock\n|-damage|p2a: Overqwil|0 fnt\n|faint|p2a: Overqwil\n|-damage|p1a: Lilligant|76/261|[from] item: Life Orb\n|\n|upkeep\n|\n|t:|1781384251\n|switch|p2a: Persian|Persian, L92, M|209/269 brn\n|turn|9\n|\n|t:|1781384259\n|move|p2a: Persian|Fake Out|p1a: Lilligant\n|-resisted|p1a: Lilligant\n|-damage|p1a: Lilligant|55/261\n|cant|p1a: Lilligant|flinch\n|\n|-damage|p2a: Persian|193/269 brn|[from] brn\n|upkeep\n|turn|10\n|\n|t:|1781384265\n|move|p1a: Lilligant|Giga Drain|p2a: Persian\n|-damage|p2a: Persian|6/269 brn\n|-heal|p1a: Lilligant|149/261|[from] drain|[of] p2a: Persian\n|-damage|p1a: Lilligant|123/261|[from] item: Life Orb\n|move|p2a: Persian|Knock Off|p1a: Lilligant\n|-damage|p1a: Lilligant|91/261\n|-enditem|p1a: Lilligant|Life Orb|[from] move: Knock Off|[of] p2a: Persian\n|\n|-damage|p2a: Persian|0 fnt|[from] brn\n|faint|p2a: Persian\n|upkeep\n|\n|t:|1781384278\n|switch|p2a: Polteageist|Polteageist, L78|222/222\n|turn|11\n|\n|t:|1781384281\n|move|p1a: Lilligant|Giga Drain|p2a: Polteageist\n|-crit|p2a: Polteageist\n|-damage|p2a: Polteageist|41/222\n|-heal|p1a: Lilligant|182/261|[from] drain|[of] p2a: Polteageist\n|move|p2a: Polteageist|Shell Smash|p2a: Polteageist\n|-unboost|p2a: Polteageist|def|1\n|-unboost|p2a: Polteageist|spd|1\n|-boost|p2a: Polteageist|atk|2\n|-boost|p2a: Polteageist|spa|2\n|-boost|p2a: Polteageist|spe|2\n|-enditem|p2a: Polteageist|White Herb\n|-clearnegativeboost|p2a: Polteageist|[silent]\n|\n|upkeep\n|turn|12\n|\n|t:|1781384305\n|move|p2a: Polteageist|Shadow Ball|p1a: Lilligant\n|-damage|p1a: Lilligant|35/261\n|move|p1a: Lilligant|Giga Drain|p2a: Polteageist\n|-damage|p2a: Polteageist|0 fnt\n|-heal|p1a: Lilligant|56/261|[from] drain|[of] p2a: Polteageist\n|faint|p2a: Polteageist\n|\n|upkeep\n|c|\u2606Rasenmon10|Oh T-T\n|inactive|anime rev has 120 seconds left.\n|-message|anime rev forfeited.\n|\n|win|Rasenmon10\n|raw|Rasenmon10's rating: 1383 &rarr; <strong>1406</strong><br />(+23 for winning)\n|raw|anime rev's rating: 1441 &rarr; <strong>1418</strong><br />(-23 for losing)\n|l|\u2606anime rev\n|player|p2|\n", "inputlog": ">version a8376a258c1d4662feba110a92103f3664a72141\n>start {\"formatid\":\"gen9randombattle\",\"seed\":\"sodium,b566c00ffd46990f82e81434557097e3\",\"rated\":\"Rated battle\"}\n>player p1 {\"name\":\"Rasenmon10\",\"avatar\":\"169\",\"rating\":1383,\"seed\":\"sodium,9817b07e2c083f404439d7f6d98bae94\"}\n>player p2 {\"name\":\"anime rev\",\"avatar\":\"smasher\",\"rating\":1441,\"seed\":\"sodium,2de1dde3a783741b9e2e5524b2572f34\"}\n>p1 move willowisp\n>p2 move fakeout\n>p1 move willowisp\n>p2 move knockoff\n>p1 move uturn\n>p2 move doubleedge\n>p1 switch 2\n>p1 move quiverdance\n>p2 move uturn\n>p2 switch 2\n>p1 move terablast terastallize\n>p2 move stickyweb\n>p2 switch 6\n>p1 move gigadrain\n>p2 move hydropump\n>p1 move gigadrain\n>p2 switch 5\n>p1 move terablast\n>p2 move scaleshot\n>p2 switch 2\n>p1 move gigadrain\n>p2 move fakeout\n>p1 move gigadrain\n>p2 move knockoff\n>p2 switch 4\n>p1 move gigadrain\n>p2 move shellsmash\n>p1 move gigadrain\n>p2 move shadowball\n>chat \u2606Rasenmon10|Oh T-T\n>forcelose p2", "uploadtime": 1781384340, "views": 18, "formatid": "gen9randombattle", "rating": 1406, "private": 0, "password": null, "player_dets": [{"name": "Rasenmon10", "avatar": "169", "rating": 1383, "seed": "sodium,9817b07e2c083f404439d7f6d98bae94"}, {"name": "anime rev", "avatar": "smasher", "rating": 1441, "seed": "sodium,2de1dde3a783741b9e2e5524b2572f34"}], "teams_full": [{"Cinderace": {"name": "Cinderace", "species": "Cinderace", "speciesId": "cinderace", "gender": "F", "shiny": false, "level": 77, "moves": ["courtchange", "uturn", "willowisp", "pyroball"], "ability": "Libero", "evs": {"hp": 85, "atk": 85, "def": 85, "spa": 85, "spd": 85, "spe": 85}, "ivs": {"hp": 31, "atk": 31, "def": 31, "spa": 31, "spd": 31, "spe": 31}, "item": "Heavy-Duty Boots", "teraType": "Grass", "role": "Fast Support", "bvs": {"hp": 80, "atk": 116, "def": 75, "spa": 65, "spd": 75, "spe": 119}, "stats": {"hp": 250, "atk": 223, "def": 160, "spa": 145, "spd": 160, "spe": 228}}, "Lilligant": {"name": "Lilligant", "species": "Lilligant", "speciesId": "lilligant", "gender": "F", "shiny": false, "level": 86, "moves": ["quiverdance", "sleeppowder", "terablast", "gigadrain"], "ability": "Chlorophyll", "evs": {"hp": 85, "atk": 0, "def": 85, "spa": 85, "spd": 85, "spe": 85}, "ivs": {"hp": 31, "atk": 0, "def": 31, "spa": 31, "spd": 31, "spe": 31}, "item": "Life Orb", "teraType": "Rock", "role": "Tera Blast user", "bvs": {"hp": 70, "atk": 60, "def": 75, "spa": 110, "spd": 75, "spe": 90}, "stats": {"hp": 261, "atk": 108, "def": 178, "spa": 238, "spd": 178, "spe": 204}}, "Fezandipiti": {"name": "Fezandipiti", "species": "Fezandipiti", "speciesId": "fezandipiti", "gender": "M", "shiny": false, "level": 82, "moves": ["gunkshot", "roost", "uturn", "moonblast"], "ability": "Toxic Chain", "evs": {"hp": 85, "atk": 85, "def": 85, "spa": 85, "spd": 85, "spe": 85}, "ivs": {"hp": 31, "atk": 31, "def": 31, "spa": 31, "spd": 31, "spe": 31}, "item": "Leftovers", "teraType": "Water", "role": "Bulky Attacker", "bvs": {"hp": 88, "atk": 91, "def": 82, "spa": 70, "spd": 125, "spe": 99}, "stats": {"hp": 278, "atk": 196, "def": 182, "spa": 162, "spd": 252, "spe": 210}}, "Scyther": {"name": "Scyther", "species": "Scyther", "speciesId": "scyther", "gender": "M", "shiny": false, "level": 82, "moves": ["uturn", "closecombat", "dualwingbeat", "defog"], "ability": "Technician", "evs": {"hp": 85, "atk": 85, "def": 85, "spa": 85, "spd": 85, "spe": 85}, "ivs": {"hp": 31, "atk": 31, "def": 31, "spa": 31, "spd": 31, "spe": 31}, "item": "Heavy-Duty Boots", "teraType": "Fighting", "role": "Fast Support", "bvs": {"hp": 70, "atk": 110, "def": 80, "spa": 55, "spd": 80, "spe": 105}, "stats": {"hp": 249, "atk": 228, "def": 178, "spa": 137, "spd": 178, "spe": 219}}, "Reshiram": {"name": "Reshiram", "species": "Reshiram", "speciesId": "reshiram", "gender": "N", "shiny": false, "level": 76, "moves": ["dracometeor", "dragontail", "willowisp", "blueflare"], "ability": "Turboblaze", "evs": {"hp": 85, "atk": 85, "def": 85, "spa": 85, "spd": 85, "spe": 85}, "ivs": {"hp": 31, "atk": 31, "def": 31, "spa": 31, "spd": 31, "spe": 31}, "item": "Heavy-Duty Boots", "teraType": "Fire", "role": "Fast Attacker", "bvs": {"hp": 100, "atk": 120, "def": 100, "spa": 150, "spd": 120, "spe": 90}, "stats": {"hp": 277, "atk": 226, "def": 196, "spa": 272, "spd": 226, "spe": 181}}, "Gastrodon": {"name": "Gastrodon", "species": "Gastrodon-East", "speciesId": "gastrodon", "gender": "M", "shiny": false, "level": 86, "moves": ["recover", "earthquake", "clearsmog", "surf"], "ability": "Storm Drain", "evs": {"hp": 85, "atk": 85, "def": 85, "spa": 85, "spd": 85, "spe": 85}, "ivs": {"hp": 31, "atk": 31, "def": 31, "spa": 31, "spd": 31, "spe": 31}, "item": "Leftovers", "teraType": "Poison", "role": "Bulky Attacker", "bvs": {"hp": 111, "atk": 83, "def": 68, "spa": 92, "spd": 82, "spe": 39}, "stats": {"hp": 331, "atk": 192, "def": 166, "spa": 207, "spd": 190, "spe": 116}}}, {"Persian": {"name": "Persian", "species": "Persian", "speciesId": "persian", "gender": "M", "shiny": false, "level": 92, "moves": ["knockoff", "uturn", "fakeout", "doubleedge"], "ability": "Technician", "evs": {"hp": 85, "atk": 85, "def": 85, "spa": 85, "spd": 85, "spe": 85}, "ivs": {"hp": 31, "atk": 31, "def": 31, "spa": 31, "spd": 31, "spe": 31}, "item": "Silk Scarf", "teraType": "Normal", "role": "Fast Attacker", "bvs": {"hp": 65, "atk": 70, "def": 60, "spa": 65, "spd": 65, "spe": 115}, "stats": {"hp": 269, "atk": 181, "def": 163, "spa": 172, "spd": 172, "spe": 264}}, "Araquanid": {"name": "Araquanid", "species": "Araquanid", "speciesId": "araquanid", "gender": "F", "shiny": false, "level": 82, "moves": ["liquidation", "hydropump", "leechlife", "stickyweb"], "ability": "Water Bubble", "evs": {"hp": 85, "atk": 85, "def": 85, "spa": 85, "spd": 85, "spe": 85}, "ivs": {"hp": 31, "atk": 31, "def": 31, "spa": 31, "spd": 31, "spe": 31}, "item": "Heavy-Duty Boots", "teraType": "Water", "role": "Bulky Attacker", "bvs": {"hp": 68, "atk": 70, "def": 92, "spa": 50, "spd": 132, "spe": 42}, "stats": {"hp": 246, "atk": 162, "def": 198, "spa": 129, "spd": 264, "spe": 116}}, "Azelf": {"name": "Azelf", "species": "Azelf", "speciesId": "azelf", "gender": "N", "shiny": false, "level": 82, "moves": ["taunt", "fireblast", "psychic", "knockoff"], "ability": "Levitate", "evs": {"hp": 85, "atk": 85, "def": 85, "spa": 85, "spd": 85, "spe": 85}, "ivs": {"hp": 31, "atk": 31, "def": 31, "spa": 31, "spd": 31, "spe": 31}, "item": "Life Orb", "teraType": "Dark", "role": "Fast Support", "bvs": {"hp": 75, "atk": 125, "def": 70, "spa": 125, "spd": 70, "spe": 115}, "stats": {"hp": 257, "atk": 252, "def": 162, "spa": 252, "spd": 162, "spe": 236}}, "Polteageist": {"name": "Polteageist", "species": "Polteageist", "speciesId": "polteageist", "gender": "N", "shiny": false, "level": 78, "moves": ["strengthsap", "storedpower", "shellsmash", "shadowball"], "ability": "Cursed Body", "evs": {"hp": 85, "atk": 0, "def": 85, "spa": 85, "spd": 85, "spe": 85}, "ivs": {"hp": 31, "atk": 0, "def": 31, "spa": 31, "spd": 31, "spe": 31}, "item": "White Herb", "teraType": "Dark", "role": "Setup Sweeper", "bvs": {"hp": 60, "atk": 65, "def": 65, "spa": 134, "spd": 114, "spe": 70}, "stats": {"hp": 222, "atk": 106, "def": 146, "spa": 254, "spd": 223, "spe": 154}}, "Overqwil": {"name": "Overqwil", "species": "Overqwil", "speciesId": "overqwil", "gender": "F", "shiny": false, "level": 82, "moves": ["crunch", "swordsdance", "scaleshot", "gunkshot"], "ability": "Intimidate", "evs": {"hp": 85, "atk": 85, "def": 85, "spa": 85, "spd": 85, "spe": 85}, "ivs": {"hp": 31, "atk": 31, "def": 31, "spa": 31, "spd": 31, "spe": 31}, "item": "Loaded Dice", "teraType": "Dragon", "role": "Setup Sweeper", "bvs": {"hp": 85, "atk": 115, "def": 95, "spa": 65, "spd": 65, "spe": 85}, "stats": {"hp": 274, "atk": 236, "def": 203, "spa": 154, "spd": 154, "spe": 187}}, "Dewgong": {"name": "Dewgong", "species": "Dewgong", "speciesId": "dewgong", "gender": "M", "shiny": false, "level": 94, "moves": ["knockoff", "icebeam", "hydropump", "flipturn"], "ability": "Thick Fat", "evs": {"hp": 85, "atk": 85, "def": 85, "spa": 85, "spd": 85, "spe": 85}, "ivs": {"hp": 31, "atk": 31, "def": 31, "spa": 31, "spd": 31, "spe": 31}, "item": "Assault Vest", "teraType": "Dragon", "role": "Bulky Support", "bvs": {"hp": 90, "atk": 70, "def": 80, "spa": 70, "spd": 95, "spe": 70}, "stats": {"hp": 322, "atk": 185, "def": 204, "spa": 185, "spd": 232, "spe": 185}}}]}