{"id": "gen9randombattle-2631962568", "format": "[Gen 9] Random Battle", "players": ["mztmztmzt123", "tiny spaceship"], "log": "|j|\u2606mztmztmzt123\n|j|\u2606tiny spaceship\n|t:|1781460373\n|gametype|singles\n|player|p1|mztmztmzt123|2|2242\n|player|p2|tiny spaceship|dawn|2204\n|gen|9\n|tier|[Gen 9] Random Battle\n|rated|\n|rule|Species Clause: Limit one of each Pok\u00e9mon\n|rule|HP Percentage Mod: HP is shown in percentages\n|rule|Sleep Clause Mod: Limit one foe put to sleep\n|rule|Illusion Level Mod: Illusion disguises the Pok\u00e9mon's true level\n|\n|t:|1781460373\n|teamsize|p1|6\n|teamsize|p2|6\n|start\n|switch|p1a: Brambleghast|Brambleghast, L88, F|240/240\n|switch|p2a: Illumise|Illumise, L91, F|266/266\n|turn|1\n|inactive|Battle timer is ON: inactive players will automatically lose when time's up. (requested by mztmztmzt123)\n|\n|t:|1781460393\n|move|p2a: Illumise|Thunder Wave|p1a: Brambleghast\n|-status|p1a: Brambleghast|par\n|move|p1a: Brambleghast|Poltergeist|p2a: Illumise\n|-activate|p2a: Illumise|move: Poltergeist|Heavy-Duty Boots\n|-damage|p2a: Illumise|112/266\n|\n|upkeep\n|turn|2\n|\n|t:|1781460397\n|move|p2a: Illumise|Roost|p2a: Illumise\n|-heal|p2a: Illumise|245/266\n|-singleturn|p2a: Illumise|move: Roost\n|move|p1a: Brambleghast|Spikes|p2a: Illumise\n|-sidestart|p2: tiny spaceship|Spikes\n|\n|upkeep\n|turn|3\n|\n|t:|1781460408\n|move|p2a: Illumise|Bug Buzz|p1a: Brambleghast\n|-damage|p1a: Brambleghast|141/240 par\n|move|p1a: Brambleghast|Spikes|p2a: Illumise\n|-sidestart|p2: tiny spaceship|Spikes\n|\n|upkeep\n|turn|4\n|\n|t:|1781460413\n|switch|p1a: Luxray|Luxray, L88, F|284/284\n|-ability|p1a: Luxray|Intimidate|boost\n|-unboost|p2a: Illumise|atk|1\n|move|p2a: Illumise|Bug Buzz|p1a: Luxray\n|-damage|p1a: Luxray|221/284\n|\n|upkeep\n|turn|5\n|\n|t:|1781460438\n|move|p2a: Illumise|Bug Buzz|p1a: Luxray\n|-damage|p1a: Luxray|155/284\n|move|p1a: Luxray|Volt Switch|p2a: Illumise\n|-damage|p2a: Illumise|164/266\n|inactive|mztmztmzt123 has 120 seconds left.\n|\n|t:|1781460484\n|switch|p1a: Brambleghast|Brambleghast, L88, F|141/240 par|[from] Volt Switch\n|\n|upkeep\n|turn|6\n|\n|t:|1781460496\n|move|p2a: Illumise|Bug Buzz|p1a: Brambleghast\n|-damage|p1a: Brambleghast|42/240 par\n|move|p1a: Brambleghast|Poltergeist|p2a: Illumise\n|-activate|p2a: Illumise|move: Poltergeist|Heavy-Duty Boots\n|-damage|p2a: Illumise|19/266\n|\n|upkeep\n|turn|7\n|inactive|mztmztmzt123 has 120 seconds left.\n|\n|t:|1781460513\n|move|p2a: Illumise|Bug Buzz|p1a: Brambleghast\n|-damage|p1a: Brambleghast|0 fnt\n|faint|p1a: Brambleghast\n|\n|upkeep\n|inactive|mztmztmzt123 has 120 seconds left.\n|\n|t:|1781460523\n|switch|p1a: Luxray|Luxray, L88, F|155/284\n|-ability|p1a: Luxray|Intimidate|boost\n|-unboost|p2a: Illumise|atk|1\n|turn|8\n|\n|t:|1781460533\n|move|p2a: Illumise|Roost|p2a: Illumise\n|-heal|p2a: Illumise|152/266\n|-singleturn|p2a: Illumise|move: Roost\n|move|p1a: Luxray|Wild Charge|p2a: Illumise\n|-damage|p2a: Illumise|11/266\n|-damage|p1a: Luxray|120/284|[from] Recoil\n|\n|upkeep\n|turn|9\n|\n|t:|1781460538\n|-terastallize|p1a: Luxray|Electric\n|move|p2a: Illumise|Roost|p2a: Illumise\n|-heal|p2a: Illumise|144/266\n|-singleturn|p2a: Illumise|move: Roost\n|move|p1a: Luxray|Wild Charge|p2a: Illumise\n|-damage|p2a: Illumise|0 fnt\n|faint|p2a: Illumise\n|-damage|p1a: Luxray|84/284|[from] Recoil\n|\n|upkeep\n|\n|t:|1781460560\n|switch|p2a: Braviary|Braviary, L85, M|309/309\n|turn|10\n|\n|t:|1781460583\n|move|p2a: Braviary|Close Combat|p1a: Luxray\n|-damage|p1a: Luxray|0 fnt\n|-unboost|p2a: Braviary|def|1\n|-unboost|p2a: Braviary|spd|1\n|faint|p1a: Luxray\n|\n|upkeep\n|\n|t:|1781460586\n|switch|p1a: Urshifu|Urshifu, L74, M|270/270\n|turn|11\n|\n|t:|1781460597\n|move|p1a: Urshifu|U-turn|p2a: Braviary\n|-resisted|p2a: Braviary\n|-damage|p2a: Braviary|250/309\n|\n|t:|1781460603\n|switch|p1a: Gastrodon|Gastrodon-East, L86, M|331/331|[from] U-turn\n|move|p2a: Braviary|Brave Bird|p1a: Gastrodon\n|-damage|p1a: Gastrodon|159/331\n|-damage|p2a: Braviary|193/309|[from] Recoil\n|\n|-heal|p1a: Gastrodon|179/331|[from] item: Leftovers\n|upkeep\n|turn|12\n|\n|t:|1781460610\n|move|p2a: Braviary|Brave Bird|p1a: Gastrodon\n|-damage|p1a: Gastrodon|0 fnt\n|faint|p1a: Gastrodon\n|-damage|p2a: Braviary|134/309|[from] Recoil\n|\n|upkeep\n|\n|t:|1781460613\n|switch|p1a: Urshifu|Urshifu, L74, M|270/270\n|turn|13\n|\n|t:|1781460616\n|move|p1a: Urshifu|Wicked Blow|p2a: Braviary\n|-crit|p2a: Braviary\n|-damage|p2a: Braviary|0 fnt\n|faint|p2a: Braviary\n|\n|upkeep\n|\n|t:|1781460622\n|switch|p2a: Lokix|Lokix, L82, M|251/251\n|-damage|p2a: Lokix|210/251|[from] Spikes\n|turn|14\n|\n|t:|1781460627\n|switch|p1a: Duraludon|Duraludon, L82, M|249/249\n|move|p2a: Lokix|First Impression|p1a: Duraludon\n|-resisted|p1a: Duraludon\n|-damage|p1a: Duraludon|191/249\n|\n|upkeep\n|turn|15\n|\n|t:|1781460637\n|move|p2a: Lokix|U-turn|p1a: Duraludon\n|-resisted|p1a: Duraludon\n|-damage|p1a: Duraludon|137/249\n|\n|t:|1781460642\n|switch|p2a: Luvdisc|Luvdisc, F|247/247|[from] U-turn\n|move|p1a: Duraludon|Iron Defense|p1a: Duraludon\n|-boost|p1a: Duraludon|def|2\n|\n|upkeep\n|turn|16\n|\n|t:|1781460652\n|move|p2a: Luvdisc|Substitute|p2a: Luvdisc\n|-start|p2a: Luvdisc|Substitute\n|-damage|p2a: Luvdisc|186/247\n|move|p1a: Duraludon|Body Press|p2a: Luvdisc\n|-end|p2a: Luvdisc|Substitute\n|\n|upkeep\n|turn|17\n|\n|t:|1781460661\n|move|p2a: Luvdisc|Substitute|p2a: Luvdisc\n|-start|p2a: Luvdisc|Substitute\n|-damage|p2a: Luvdisc|125/247\n|move|p1a: Duraludon|Body Press|p2a: Luvdisc\n|-end|p2a: Luvdisc|Substitute\n|\n|upkeep\n|turn|18\n|\n|t:|1781460672\n|move|p2a: Luvdisc|Substitute|p2a: Luvdisc\n|-start|p2a: Luvdisc|Substitute\n|-damage|p2a: Luvdisc|64/247\n|move|p1a: Duraludon|Body Press|p2a: Luvdisc\n|-end|p2a: Luvdisc|Substitute\n|\n|upkeep\n|turn|19\n|\n|t:|1781460675\n|move|p2a: Luvdisc|Substitute|p2a: Luvdisc\n|-start|p2a: Luvdisc|Substitute\n|-damage|p2a: Luvdisc|3/247\n|move|p1a: Duraludon|Body Press|p2a: Luvdisc\n|-end|p2a: Luvdisc|Substitute\n|\n|upkeep\n|turn|20\n|\n|t:|1781460679\n|move|p2a: Luvdisc|Endeavor|p1a: Duraludon\n|-damage|p1a: Duraludon|3/249\n|move|p1a: Duraludon|Body Press|p2a: Luvdisc\n|-damage|p2a: Luvdisc|0 fnt\n|faint|p2a: Luvdisc\n|\n|upkeep\n|\n|t:|1781460692\n|switch|p2a: Golduck|Golduck, L90, M|290/290\n|-damage|p2a: Golduck|242/290|[from] Spikes\n|-ability|p2a: Golduck|Cloud Nine\n|turn|21\n|\n|t:|1781460698\n|move|p2a: Golduck|Ice Beam|p1a: Duraludon\n|-damage|p1a: Duraludon|0 fnt\n|faint|p1a: Duraludon\n|\n|-heal|p2a: Golduck|260/290|[from] item: Leftovers\n|upkeep\n|\n|t:|1781460700\n|switch|p1a: Enamorus|Enamorus-Therian, L83, F|259/259\n|turn|22\n|\n|t:|1781460708\n|move|p2a: Golduck|Nasty Plot|p2a: Golduck\n|-boost|p2a: Golduck|spa|2\n|move|p1a: Enamorus|Agility|p1a: Enamorus\n|-boost|p1a: Enamorus|spe|2\n|\n|-heal|p2a: Golduck|278/290|[from] item: Leftovers\n|upkeep\n|turn|23\n|\n|t:|1781460725\n|move|p1a: Enamorus|Moonblast|p2a: Golduck\n|-damage|p2a: Golduck|160/290\n|-unboost|p2a: Golduck|spa|1\n|move|p2a: Golduck|Nasty Plot|p2a: Golduck\n|-boost|p2a: Golduck|spa|2\n|\n|-heal|p2a: Golduck|178/290|[from] item: Leftovers\n|upkeep\n|turn|24\n|\n|t:|1781460733\n|move|p1a: Enamorus|Moonblast|p2a: Golduck\n|-damage|p2a: Golduck|37/290\n|move|p2a: Golduck|Ice Beam|p1a: Enamorus\n|-supereffective|p1a: Enamorus\n|-damage|p1a: Enamorus|0 fnt\n|faint|p1a: Enamorus\n|\n|-heal|p2a: Golduck|55/290|[from] item: Leftovers\n|upkeep\n|\n|t:|1781460737\n|switch|p1a: Urshifu|Urshifu, L74, M|270/270\n|turn|25\n|\n|t:|1781460743\n|move|p2a: Golduck|Grass Knot|p1a: Urshifu\n|-damage|p1a: Urshifu|0 fnt\n|faint|p1a: Urshifu\n|\n|win|tiny spaceship\n", "inputlog": ">version a8376a258c1d4662feba110a92103f3664a72141\n>start {\"formatid\":\"gen9randombattle\",\"seed\":\"sodium,22591ce0a411ac7117f51493965a8d7e\",\"rated\":\"Rated battle\"}\n>player p1 {\"name\":\"mztmztmzt123\",\"avatar\":\"2\",\"rating\":2242,\"seed\":\"sodium,74675cf2a308665e9a351b1c43e89dfe\"}\n>player p2 {\"name\":\"tiny spaceship\",\"avatar\":\"dawn\",\"rating\":2204,\"seed\":\"sodium,fd434d52aab1901e6e61dc5ec4247ada\"}\n>p1 move poltergeist\n>p2 move thunderwave\n>p1 move spikes\n>p2 move roost\n>p1 move spikes\n>p2 move bugbuzz\n>p1 switch 4\n>p2 move bugbuzz\n>p1 move voltswitch\n>p2 move bugbuzz\n>p1 switch 4\n>p1 move poltergeist\n>p2 move bugbuzz\n>p1 move poltergeist\n>p2 move bugbuzz\n>p1 switch 4\n>p1 move wildcharge\n>p2 move roost\n>p1 move wildcharge terastallize\n>p2 move roost\n>p2 switch 3\n>p1 move wildcharge\n>p2 move closecombat\n>p1 switch 5\n>p1 move uturn\n>p2 move bravebird\n>p1 switch 6\n>p1 move surf\n>p2 move bravebird\n>p1 switch 6\n>p1 move wickedblow\n>p2 move bravebird\n>p2 switch 5\n>p1 switch 2\n>p2 move firstimpression\n>p1 move irondefense\n>p2 move uturn\n>p2 switch 2\n>p1 move bodypress\n>p2 move substitute\n>p1 move bodypress\n>p2 move substitute\n>p1 move bodypress\n>p2 move substitute\n>p1 move bodypress\n>p2 move substitute\n>p1 move bodypress\n>p2 move endeavor\n>p2 switch 4\n>p1 move bodypress\n>p2 move icebeam\n>p1 switch 3\n>p1 move agility\n>p2 move nastyplot\n>p1 move moonblast\n>p2 move nastyplot\n>p1 move moonblast\n>p2 move icebeam\n>p1 switch 2\n>p1 move wickedblow\n>p2 move grassknot", "uploadtime": 1781460375, "views": 7, "formatid": "gen9randombattle", "rating": null, "private": 0, "password": null, "player_dets": [{"name": "mztmztmzt123", "avatar": "2", "rating": 2242, "seed": "sodium,74675cf2a308665e9a351b1c43e89dfe"}, {"name": "tiny spaceship", "avatar": "dawn", "rating": 2204, "seed": "sodium,fd434d52aab1901e6e61dc5ec4247ada"}], "teams_full": [{"Brambleghast": {"name": "Brambleghast", "species": "Brambleghast", "speciesId": "brambleghast", "gender": "F", "shiny": false, "level": 88, "moves": ["poltergeist", "rapidspin", "spikes", "powerwhip"], "ability": "Wind Rider", "evs": {"hp": 85, "atk": 85, "def": 85, "spa": 85, "spd": 85, "spe": 85}, "ivs": {"hp": 31, "atk": 31, "def": 31, "spa": 31, "spd": 31, "spe": 31}, "item": "Heavy-Duty Boots", "teraType": "Fairy", "role": "Fast Support", "bvs": {"hp": 55, "atk": 115, "def": 70, "spa": 80, "spd": 70, "spe": 90}, "stats": {"hp": 240, "atk": 253, "def": 173, "spa": 191, "spd": 173, "spe": 209}, "types": ["Grass", "Ghost"]}, "Duraludon": {"name": "Duraludon", "species": "Duraludon", "speciesId": "duraludon", "gender": "M", "shiny": false, "level": 82, "moves": ["flashcannon", "dracometeor", "irondefense", "bodypress"], "ability": "Light Metal", "evs": {"hp": 85, "atk": 0, "def": 85, "spa": 85, "spd": 85, "spe": 85}, "ivs": {"hp": 31, "atk": 0, "def": 31, "spa": 31, "spd": 31, "spe": 31}, "item": "Eviolite", "teraType": "Fighting", "role": "Bulky Attacker", "bvs": {"hp": 70, "atk": 95, "def": 115, "spa": 120, "spd": 50, "spe": 85}, "stats": {"hp": 249, "atk": 160, "def": 236, "spa": 244, "spd": 129, "spe": 187}, "types": ["Steel", "Dragon"]}, "Enamorus": {"name": "Enamorus", "species": "Enamorus-Therian", "speciesId": "enamorustherian", "gender": "F", "shiny": false, "level": 83, "moves": ["agility", "mysticalfire", "moonblast", "earthpower"], "ability": "Overcoat", "evs": {"hp": 85, "atk": 0, "def": 85, "spa": 85, "spd": 85, "spe": 85}, "ivs": {"hp": 31, "atk": 0, "def": 31, "spa": 31, "spd": 31, "spe": 31}, "item": "Weakness Policy", "teraType": "Ground", "role": "Bulky Setup", "bvs": {"hp": 74, "atk": 115, "def": 110, "spa": 135, "spd": 100, "spe": 46}, "stats": {"hp": 259, "atk": 195, "def": 230, "spa": 272, "spd": 214, "spe": 124}, "types": ["Fairy", "Flying"]}, "Luxray": {"name": "Luxray", "species": "Luxray", "speciesId": "luxray", "gender": "F", "shiny": false, "level": 88, "moves": ["playrough", "wildcharge", "throatchop", "voltswitch"], "ability": "Intimidate", "evs": {"hp": 85, "atk": 85, "def": 85, "spa": 85, "spd": 85, "spe": 85}, "ivs": {"hp": 31, "atk": 31, "def": 31, "spa": 31, "spd": 31, "spe": 31}, "item": "Assault Vest", "teraType": "Electric", "role": "AV Pivot", "bvs": {"hp": 80, "atk": 120, "def": 79, "spa": 95, "spd": 79, "spe": 70}, "stats": {"hp": 284, "atk": 261, "def": 189, "spa": 217, "spd": 189, "spe": 173}, "types": ["Electric"]}, "Urshifu": {"name": "Urshifu", "species": "Urshifu", "speciesId": "urshifu", "gender": "M", "shiny": false, "level": 74, "moves": ["poisonjab", "uturn", "closecombat", "wickedblow"], "ability": "Unseen Fist", "evs": {"hp": 85, "atk": 85, "def": 85, "spa": 85, "spd": 85, "spe": 85}, "ivs": {"hp": 31, "atk": 31, "def": 31, "spa": 31, "spd": 31, "spe": 31}, "item": "Choice Band", "teraType": "Fighting", "role": "Fast Attacker", "bvs": {"hp": 100, "atk": 130, "def": 100, "spa": 63, "spd": 60, "spe": 97}, "stats": {"hp": 270, "atk": 235, "def": 191, "spa": 136, "spd": 132, "spe": 187}, "types": ["Fighting", "Dark"]}, "Gastrodon": {"name": "Gastrodon", "species": "Gastrodon-East", "speciesId": "gastrodon", "gender": "M", "shiny": false, "level": 86, "moves": ["spikes", "recover", "earthquake", "surf"], "ability": "Storm Drain", "evs": {"hp": 85, "atk": 85, "def": 85, "spa": 85, "spd": 85, "spe": 85}, "ivs": {"hp": 31, "atk": 31, "def": 31, "spa": 31, "spd": 31, "spe": 31}, "item": "Leftovers", "teraType": "Poison", "role": "Bulky Attacker", "bvs": {"hp": 111, "atk": 83, "def": 68, "spa": 92, "spd": 82, "spe": 39}, "stats": {"hp": 331, "atk": 192, "def": 166, "spa": 207, "spd": 190, "spe": 116}, "types": ["Water", "Ground"]}}, {"Illumise": {"name": "Illumise", "species": "Illumise", "speciesId": "illumise", "gender": "F", "shiny": false, "level": 91, "moves": ["encore", "thunderwave", "roost", "bugbuzz"], "ability": "Prankster", "evs": {"hp": 85, "atk": 0, "def": 85, "spa": 85, "spd": 85, "spe": 85}, "ivs": {"hp": 31, "atk": 0, "def": 31, "spa": 31, "spd": 31, "spe": 31}, "item": "Heavy-Duty Boots", "teraType": "Steel", "role": "Bulky Support", "bvs": {"hp": 65, "atk": 47, "def": 75, "spa": 73, "spd": 85, "spe": 85}, "stats": {"hp": 266, "atk": 90, "def": 188, "spa": 185, "spd": 207, "spe": 207}, "types": ["Bug"]}, "Luvdisc": {"name": "Luvdisc", "species": "Luvdisc", "speciesId": "luvdisc", "gender": "F", "shiny": false, "level": 100, "moves": ["surf", "substitute", "whirlpool", "endeavor"], "ability": "Swift Swim", "evs": {"hp": 81, "atk": 0, "def": 85, "spa": 85, "spd": 85, "spe": 85}, "ivs": {"hp": 31, "atk": 0, "def": 31, "spa": 31, "spd": 31, "spe": 31}, "item": "Heavy-Duty Boots", "teraType": "Ghost", "role": "Fast Support", "bvs": {"hp": 43, "atk": 30, "def": 55, "spa": 40, "spd": 65, "spe": 97}, "stats": {"hp": 247, "atk": 65, "def": 167, "spa": 137, "spd": 187, "spe": 251}, "types": ["Water"]}, "Braviary": {"name": "Braviary", "species": "Braviary", "speciesId": "braviary", "gender": "M", "shiny": false, "level": 85, "moves": ["bulkup", "roost", "closecombat", "bravebird"], "ability": "Defiant", "evs": {"hp": 85, "atk": 85, "def": 85, "spa": 85, "spd": 85, "spe": 85}, "ivs": {"hp": 31, "atk": 31, "def": 31, "spa": 31, "spd": 31, "spe": 31}, "item": "Heavy-Duty Boots", "teraType": "Fighting", "role": "Fast Bulky Setup", "bvs": {"hp": 100, "atk": 123, "def": 75, "spa": 57, "spd": 75, "spe": 80}, "stats": {"hp": 309, "atk": 258, "def": 176, "spa": 146, "spd": 176, "spe": 185}, "types": ["Normal", "Flying"]}, "Golduck": {"name": "Golduck", "species": "Golduck", "speciesId": "golduck", "gender": "M", "shiny": false, "level": 90, "moves": ["hydropump", "icebeam", "grassknot", "nastyplot"], "ability": "Cloud Nine", "evs": {"hp": 85, "atk": 0, "def": 85, "spa": 85, "spd": 85, "spe": 85}, "ivs": {"hp": 31, "atk": 0, "def": 31, "spa": 31, "spd": 31, "spe": 31}, "item": "Leftovers", "teraType": "Water", "role": "Bulky Setup", "bvs": {"hp": 80, "atk": 82, "def": 78, "spa": 95, "spd": 80, "spe": 85}, "stats": {"hp": 290, "atk": 152, "def": 192, "spa": 222, "spd": 195, "spe": 204}, "types": ["Water"]}, "Lokix": {"name": "Lokix", "species": "Lokix", "speciesId": "lokix", "gender": "M", "shiny": false, "level": 82, "moves": ["uturn", "suckerpunch", "knockoff", "firstimpression"], "ability": "Tinted Lens", "evs": {"hp": 85, "atk": 85, "def": 85, "spa": 85, "spd": 85, "spe": 85}, "ivs": {"hp": 31, "atk": 31, "def": 31, "spa": 31, "spd": 31, "spe": 31}, "item": "Silver Powder", "teraType": "Bug", "role": "Fast Attacker", "bvs": {"hp": 71, "atk": 102, "def": 78, "spa": 52, "spd": 55, "spe": 92}, "stats": {"hp": 251, "atk": 214, "def": 175, "spa": 132, "spd": 137, "spe": 198}, "types": ["Bug", "Dark"]}, "Dragalge": {"name": "Dragalge", "species": "Dragalge", "speciesId": "dragalge", "gender": "M", "shiny": false, "level": 88, "moves": ["focusblast", "dracometeor", "flipturn", "sludgewave"], "ability": "Adaptability", "evs": {"hp": 85, "atk": 85, "def": 85, "spa": 85, "spd": 85, "spe": 85}, "ivs": {"hp": 31, "atk": 31, "def": 31, "spa": 31, "spd": 31, "spe": 31}, "item": "Choice Specs", "teraType": "Fighting", "role": "Bulky Attacker", "bvs": {"hp": 65, "atk": 75, "def": 90, "spa": 97, "spd": 123, "spe": 44}, "stats": {"hp": 258, "atk": 182, "def": 209, "spa": 221, "spd": 267, "spe": 128}, "types": ["Poison", "Dragon"]}}]}