{"id": "gen9randombattle-2631610966", "format": "[Gen 9] Random Battle", "players": ["It'sOnlyRed?", "drogga"], "log": "|j|\u2606It'sOnlyRed?\n|j|\u2606drogga\n|t:|1781408573\n|gametype|singles\n|player|p1|It'sOnlyRed?|blue-gen3|2006\n|player|p2|drogga|red|1999\n|gen|9\n|tier|[Gen 9] Random Battle\n|rated|\n|rule|Species Clause: Limit one of each Pok\u00e9mon\n|rule|HP Percentage Mod: HP is shown in percentages\n|rule|Sleep Clause Mod: Limit one foe put to sleep\n|rule|Illusion Level Mod: Illusion disguises the Pok\u00e9mon's true level\n|\n|t:|1781408573\n|teamsize|p1|6\n|teamsize|p2|6\n|start\n|switch|p1a: Koraidon|Koraidon, L64|235/235\n|switch|p2a: Greninja|Greninja, L80, M|246/246\n|-weather|SunnyDay|[from] ability: Orichalcum Pulse|[of] p1a: Koraidon\n|-activate|p1a: Koraidon|Orichalcum Pulse|[source]\n|turn|1\n|inactive|Battle timer is ON: inactive players will automatically lose when time's up. (requested by drogga)\n|inactive|It'sOnlyRed? also wants the timer to be on.\n|\n|t:|1781408599\n|move|p2a: Greninja|Ice Beam|p1a: Koraidon\n|-start|p2a: Greninja|typechange|Ice|[from] ability: Protean\n|-supereffective|p1a: Koraidon\n|-damage|p1a: Koraidon|0 fnt\n|faint|p1a: Koraidon\n|-damage|p2a: Greninja|222/246|[from] item: Life Orb\n|\n|-weather|SunnyDay|[upkeep]\n|upkeep\n|\n|t:|1781408617\n|switch|p1a: Reuniclus|Reuniclus, L88, F|337/337\n|turn|2\n|inactive|drogga has 120 seconds left.\n|inactive|drogga has 90 seconds left.\n|\n|t:|1781408678\n|move|p2a: Greninja|U-turn|p1a: Reuniclus\n|-supereffective|p1a: Reuniclus\n|-damage|p1a: Reuniclus|199/337\n|-damage|p2a: Greninja|198/246|[from] item: Life Orb\n|\n|t:|1781408681\n|switch|p2a: Gogoat|Gogoat, L88, F|360/360|[from] U-turn\n|move|p1a: Reuniclus|Psychic|p2a: Gogoat\n|-damage|p2a: Gogoat|188/360\n|\n|-weather|SunnyDay|[upkeep]\n|-heal|p2a: Gogoat|210/360|[from] item: Leftovers\n|upkeep\n|turn|3\n|\n|t:|1781408690\n|switch|p1a: Toucannon|Toucannon, L88, M|284/284\n|move|p2a: Gogoat|Horn Leech|p1a: Toucannon\n|-resisted|p1a: Toucannon\n|-damage|p1a: Toucannon|239/284\n|-heal|p2a: Gogoat|233/360|[from] drain|[of] p1a: Toucannon\n|\n|-weather|SunnyDay|[upkeep]\n|-heal|p2a: Gogoat|255/360|[from] item: Leftovers\n|upkeep\n|turn|4\n|\n|t:|1781408701\n|switch|p2a: Dudunsparce|Dudunsparce, L83, F|343/343\n|move|p1a: Toucannon|Knock Off|p2a: Dudunsparce\n|-damage|p2a: Dudunsparce|252/343\n|-ability|p2a: Dudunsparce|Rattled|boost\n|-boost|p2a: Dudunsparce|spe|1\n|-enditem|p2a: Dudunsparce|Leftovers|[from] move: Knock Off|[of] p1a: Toucannon\n|\n|-weather|SunnyDay|[upkeep]\n|upkeep\n|turn|5\n|inactive|It'sOnlyRed? has 120 seconds left.\n|\n|t:|1781408733\n|switch|p1a: Dudunsparce|Dudunsparce, L83, F|343/343\n|move|p2a: Dudunsparce|Calm Mind|p2a: Dudunsparce\n|-boost|p2a: Dudunsparce|spa|1\n|-boost|p2a: Dudunsparce|spd|1\n|\n|-weather|none\n|upkeep\n|turn|6\n|\n|t:|1781408738\n|move|p2a: Dudunsparce|Boomburst|p1a: Dudunsparce\n|-damage|p1a: Dudunsparce|114/343\n|move|p1a: Dudunsparce|Glare|p2a: Dudunsparce\n|-status|p2a: Dudunsparce|par\n|\n|-heal|p1a: Dudunsparce|135/343|[from] item: Leftovers\n|upkeep\n|turn|7\n|\n|t:|1781408743\n|move|p1a: Dudunsparce|Headbutt|p2a: Dudunsparce\n|-damage|p2a: Dudunsparce|174/343 par\n|cant|p2a: Dudunsparce|flinch\n|\n|-heal|p1a: Dudunsparce|156/343|[from] item: Leftovers\n|upkeep\n|turn|8\n|\n|t:|1781408746\n|move|p1a: Dudunsparce|Headbutt|p2a: Dudunsparce\n|-damage|p2a: Dudunsparce|87/343 par\n|cant|p2a: Dudunsparce|flinch\n|\n|-heal|p1a: Dudunsparce|177/343|[from] item: Leftovers\n|upkeep\n|turn|9\n|\n|t:|1781408759\n|switch|p2a: Vikavolt|Vikavolt, L83, M|263/263\n|move|p1a: Dudunsparce|Roost|p1a: Dudunsparce\n|-heal|p1a: Dudunsparce|343/343\n|-singleturn|p1a: Dudunsparce|move: Roost\n|\n|upkeep\n|turn|10\n|\n|t:|1781408770\n|move|p1a: Dudunsparce|Glare|p2a: Vikavolt\n|-immune|p2a: Vikavolt\n|move|p2a: Vikavolt|Sticky Web|p1a: Dudunsparce\n|-sidestart|p1: It'sOnlyRed?|move: Sticky Web\n|\n|upkeep\n|turn|11\n|\n|t:|1781408773\n|move|p1a: Dudunsparce|Headbutt|p2a: Vikavolt\n|-damage|p2a: Vikavolt|194/263\n|cant|p2a: Vikavolt|flinch\n|\n|upkeep\n|turn|12\n|\n|t:|1781408778\n|switch|p2a: Dudunsparce|Dudunsparce, L83, F|87/343 par\n|move|p1a: Dudunsparce|Headbutt|p2a: Dudunsparce\n|-damage|p2a: Dudunsparce|5/343 par\n|\n|upkeep\n|turn|13\n|\n|t:|1781408781\n|move|p1a: Dudunsparce|Earthquake|p2a: Dudunsparce\n|-damage|p2a: Dudunsparce|0 fnt\n|faint|p2a: Dudunsparce\n|\n|upkeep\n|\n|t:|1781408802\n|switch|p2a: Blissey|Blissey, L85, F|572/572\n|turn|14\n|\n|t:|1781408811\n|switch|p1a: Mamoswine|Mamoswine, L81, F|311/311\n|-activate|p1a: Mamoswine|move: Sticky Web\n|-unboost|p1a: Mamoswine|spe|1\n|move|p2a: Blissey|Thunder Wave|p1a: Mamoswine\n|-immune|p1a: Mamoswine\n|\n|upkeep\n|turn|15\n|\n|t:|1781408826\n|switch|p2a: Gogoat|Gogoat, L88, F|255/360\n|move|p1a: Mamoswine|Stealth Rock|p2a: Gogoat\n|-sidestart|p2: drogga|move: Stealth Rock\n|\n|-heal|p2a: Gogoat|277/360|[from] item: Leftovers\n|upkeep\n|turn|16\n|\n|t:|1781408831\n|move|p2a: Gogoat|Bulk Up|p2a: Gogoat\n|-boost|p2a: Gogoat|atk|1\n|-boost|p2a: Gogoat|def|1\n|move|p1a: Mamoswine|Icicle Crash|p2a: Gogoat|[miss]\n|-miss|p1a: Mamoswine|p2a: Gogoat\n|\n|-heal|p2a: Gogoat|299/360|[from] item: Leftovers\n|upkeep\n|turn|17\n|\n|t:|1781408836\n|move|p2a: Gogoat|Horn Leech|p1a: Mamoswine\n|-supereffective|p1a: Mamoswine\n|-damage|p1a: Mamoswine|3/311\n|-heal|p2a: Gogoat|360/360|[from] drain|[of] p1a: Mamoswine\n|move|p1a: Mamoswine|Icicle Crash|p2a: Gogoat\n|-supereffective|p2a: Gogoat\n|-damage|p2a: Gogoat|123/360\n|-damage|p1a: Mamoswine|0 fnt|[from] item: Life Orb\n|faint|p1a: Mamoswine\n|\n|-heal|p2a: Gogoat|145/360|[from] item: Leftovers\n|upkeep\n|\n|t:|1781408845\n|switch|p1a: Toucannon|Toucannon, L88, M|239/284\n|turn|18\n|\n|t:|1781408850\n|-singleturn|p1a: Toucannon|move: Beak Blast\n|move|p2a: Gogoat|Milk Drink|p2a: Gogoat\n|-heal|p2a: Gogoat|325/360\n|move|p1a: Toucannon|Beak Blast|p2a: Gogoat\n|-supereffective|p2a: Gogoat\n|-damage|p2a: Gogoat|103/360\n|\n|-heal|p2a: Gogoat|125/360|[from] item: Leftovers\n|upkeep\n|turn|19\n|\n|t:|1781408867\n|-singleturn|p1a: Toucannon|move: Beak Blast\n|move|p2a: Gogoat|Horn Leech|p1a: Toucannon\n|-resisted|p1a: Toucannon\n|-damage|p1a: Toucannon|163/284\n|-heal|p2a: Gogoat|163/360|[from] drain|[of] p1a: Toucannon\n|-status|p2a: Gogoat|brn\n|move|p1a: Toucannon|Beak Blast|p2a: Gogoat\n|-supereffective|p2a: Gogoat\n|-damage|p2a: Gogoat|0 fnt\n|faint|p2a: Gogoat\n|\n|upkeep\n|\n|t:|1781408870\n|switch|p2a: Greninja|Greninja, L80, M|198/246\n|-damage|p2a: Greninja|168/246|[from] Stealth Rock\n|turn|20\n|\n|t:|1781408884\n|-terastallize|p1a: Toucannon|Steel\n|-singleturn|p1a: Toucannon|move: Beak Blast\n|move|p2a: Greninja|Gunk Shot|p1a: Toucannon\n|-start|p2a: Greninja|typechange|Poison|[from] ability: Protean\n|-immune|p1a: Toucannon\n|move|p1a: Toucannon|Beak Blast|p2a: Greninja\n|-damage|p2a: Greninja|0 fnt\n|faint|p2a: Greninja\n|\n|upkeep\n|\n|t:|1781408898\n|switch|p2a: Vikavolt|Vikavolt, L83, M|194/263\n|turn|21\n|\n|t:|1781408902\n|move|p1a: Toucannon|Boomburst|p2a: Vikavolt\n|-damage|p2a: Vikavolt|53/263\n|move|p2a: Vikavolt|Discharge|p1a: Toucannon\n|-damage|p1a: Toucannon|45/284\n|\n|upkeep\n|turn|22\n|\n|t:|1781408906\n|move|p1a: Toucannon|Boomburst|p2a: Vikavolt\n|-damage|p2a: Vikavolt|0 fnt\n|faint|p2a: Vikavolt\n|\n|upkeep\n|\n|t:|1781408912\n|switch|p2a: Altaria|Altaria, L89, M|278/278\n|turn|23\n|\n|t:|1781408922\n|-singleturn|p1a: Toucannon|move: Beak Blast\n|move|p2a: Altaria|Dragon Dance|p2a: Altaria\n|-boost|p2a: Altaria|atk|1\n|-boost|p2a: Altaria|spe|1\n|move|p1a: Toucannon|Beak Blast|p2a: Altaria\n|-damage|p2a: Altaria|149/278\n|\n|upkeep\n|turn|24\n|\n|t:|1781408928\n|-singleturn|p1a: Toucannon|move: Beak Blast\n|move|p2a: Altaria|Roost|p2a: Altaria\n|-heal|p2a: Altaria|278/278\n|-singleturn|p2a: Altaria|move: Roost\n|move|p1a: Toucannon|Beak Blast|p2a: Altaria\n|-damage|p2a: Altaria|160/278\n|\n|upkeep\n|turn|25\n|\n|t:|1781408933\n|move|p2a: Altaria|Earthquake|p1a: Toucannon\n|-supereffective|p1a: Toucannon\n|-damage|p1a: Toucannon|0 fnt\n|faint|p1a: Toucannon\n|\n|upkeep\n|\n|t:|1781408939\n|switch|p1a: Dudunsparce|Dudunsparce, L83, F|343/343\n|-activate|p1a: Dudunsparce|move: Sticky Web\n|-unboost|p1a: Dudunsparce|spe|1\n|turn|26\n|\n|t:|1781408945\n|move|p2a: Altaria|Brave Bird|p1a: Dudunsparce\n|-damage|p1a: Dudunsparce|157/343\n|-damage|p2a: Altaria|99/278|[from] Recoil\n|move|p1a: Dudunsparce|Glare|p2a: Altaria\n|-status|p2a: Altaria|par\n|\n|-heal|p1a: Dudunsparce|178/343|[from] item: Leftovers\n|upkeep\n|turn|27\n|\n|t:|1781408961\n|-curestatus|p2a: Altaria|par|[from] ability: Natural Cure|[silent]\n|switch|p2a: Blissey|Blissey, L85, F|572/572\n|-damage|p2a: Blissey|501/572|[from] Stealth Rock\n|move|p1a: Dudunsparce|Roost|p1a: Dudunsparce\n|-heal|p1a: Dudunsparce|343/343\n|-singleturn|p1a: Dudunsparce|move: Roost\n|\n|-heal|p2a: Blissey|536/572|[from] item: Leftovers\n|upkeep\n|turn|28\n|\n|t:|1781408967\n|switch|p1a: Groudon|Groudon, L72|263/263\n|-activate|p1a: Groudon|move: Sticky Web\n|-unboost|p1a: Groudon|spe|1\n|-weather|SunnyDay|[from] ability: Drought|[of] p1a: Groudon\n|move|p2a: Blissey|Thunder Wave|p1a: Groudon\n|-immune|p1a: Groudon\n|\n|-weather|SunnyDay|[upkeep]\n|-heal|p2a: Blissey|571/572|[from] item: Leftovers\n|upkeep\n|turn|29\n|\n|t:|1781408976\n|move|p2a: Blissey|Stealth Rock|p1a: Groudon\n|-sidestart|p1: It'sOnlyRed?|move: Stealth Rock\n|move|p1a: Groudon|Swords Dance|p1a: Groudon\n|-boost|p1a: Groudon|atk|2\n|\n|-weather|SunnyDay|[upkeep]\n|-heal|p2a: Blissey|572/572|[from] item: Leftovers\n|upkeep\n|turn|30\n|\n|t:|1781408982\n|move|p2a: Blissey|Seismic Toss|p1a: Groudon\n|-damage|p1a: Groudon|178/263\n|move|p1a: Groudon|Heat Crash|p2a: Blissey\n|-damage|p2a: Blissey|0 fnt\n|faint|p2a: Blissey\n|\n|-weather|SunnyDay|[upkeep]\n|-heal|p1a: Groudon|194/263|[from] item: Leftovers\n|upkeep\n|\n|t:|1781408984\n|switch|p2a: Altaria|Altaria, L89, M|99/278\n|turn|31\n|\n|t:|1781408991\n|move|p2a: Altaria|Roost|p2a: Altaria\n|-heal|p2a: Altaria|238/278\n|-singleturn|p2a: Altaria|move: Roost\n|move|p1a: Groudon|Thunder Wave|p2a: Altaria\n|-status|p2a: Altaria|par\n|\n|-weather|SunnyDay|[upkeep]\n|-heal|p1a: Groudon|210/263|[from] item: Leftovers\n|upkeep\n|turn|32\n|inactive|drogga has 120 seconds left.\n|\n|t:|1781409022\n|move|p1a: Groudon|Heat Crash|p2a: Altaria\n|-resisted|p2a: Altaria\n|-damage|p2a: Altaria|105/278 par\n|move|p2a: Altaria|Dragon Dance|p2a: Altaria\n|-boost|p2a: Altaria|atk|1\n|-boost|p2a: Altaria|spe|1\n|\n|-weather|none\n|-heal|p1a: Groudon|226/263|[from] item: Leftovers\n|upkeep\n|turn|33\n|\n|t:|1781409026\n|cant|p2a: Altaria|par\n|move|p1a: Groudon|Heat Crash|p2a: Altaria\n|-resisted|p2a: Altaria\n|-damage|p2a: Altaria|26/278 par\n|\n|-heal|p1a: Groudon|242/263|[from] item: Leftovers\n|upkeep\n|turn|34\n|\n|t:|1781409028\n|move|p2a: Altaria|Roost|p2a: Altaria\n|-heal|p2a: Altaria|165/278 par\n|-singleturn|p2a: Altaria|move: Roost\n|move|p1a: Groudon|Heat Crash|p2a: Altaria\n|-resisted|p2a: Altaria\n|-damage|p2a: Altaria|84/278 par\n|\n|-heal|p1a: Groudon|258/263|[from] item: Leftovers\n|upkeep\n|turn|35\n|\n|t:|1781409032\n|move|p2a: Altaria|Roost|p2a: Altaria\n|-heal|p2a: Altaria|223/278 par\n|-singleturn|p2a: Altaria|move: Roost\n|move|p1a: Groudon|Heat Crash|p2a: Altaria\n|-resisted|p2a: Altaria\n|-damage|p2a: Altaria|146/278 par\n|\n|-heal|p1a: Groudon|263/263|[from] item: Leftovers\n|upkeep\n|turn|36\n|\n|t:|1781409034\n|move|p2a: Altaria|Roost|p2a: Altaria\n|-heal|p2a: Altaria|278/278 par\n|-singleturn|p2a: Altaria|move: Roost\n|move|p1a: Groudon|Swords Dance|p1a: Groudon\n|-boost|p1a: Groudon|atk|2\n|\n|upkeep\n|turn|37\n|\n|t:|1781409051\n|move|p2a: Altaria|Dragon Dance|p2a: Altaria\n|-boost|p2a: Altaria|atk|1\n|-boost|p2a: Altaria|spe|1\n|move|p1a: Groudon|Heat Crash|p2a: Altaria\n|-resisted|p2a: Altaria\n|-damage|p2a: Altaria|160/278 par\n|\n|upkeep\n|turn|38\n|\n|t:|1781409058\n|move|p2a: Altaria|Roost|p2a: Altaria\n|-heal|p2a: Altaria|278/278 par\n|-singleturn|p2a: Altaria|move: Roost\n|move|p1a: Groudon|Heat Crash|p2a: Altaria\n|-resisted|p2a: Altaria\n|-damage|p2a: Altaria|151/278 par\n|\n|upkeep\n|turn|39\n|\n|t:|1781409064\n|cant|p2a: Altaria|par\n|move|p1a: Groudon|Heat Crash|p2a: Altaria\n|-resisted|p2a: Altaria\n|-damage|p2a: Altaria|38/278 par\n|\n|upkeep\n|turn|40\n|\n|t:|1781409066\n|cant|p2a: Altaria|par\n|move|p1a: Groudon|Heat Crash|p2a: Altaria\n|-resisted|p2a: Altaria\n|-damage|p2a: Altaria|0 fnt\n|faint|p2a: Altaria\n|\n|win|It'sOnlyRed?\n", "inputlog": ">version a8376a258c1d4662feba110a92103f3664a72141\n>start {\"formatid\":\"gen9randombattle\",\"seed\":\"sodium,7fa0b539edc02d55bee04ae403f46b9d\",\"rated\":\"Rated battle\"}\n>player p1 {\"name\":\"It'sOnlyRed?\",\"avatar\":\"blue-gen3\",\"rating\":2006,\"seed\":\"sodium,0c5c69ff86be58c6ef48428438b6638e\"}\n>player p2 {\"name\":\"drogga\",\"avatar\":\"red\",\"rating\":1999,\"seed\":\"sodium,cc3994639f47399311b967f1e9b16618\"}\n>p1 move scaleshot\n>p2 move icebeam\n>p1 switch 3\n>p1 move psychic\n>p2 move uturn\n>p2 switch 5\n>p1 switch 2\n>p2 move hornleech\n>p1 move knockoff\n>p2 switch 6\n>p1 switch 4\n>p2 move calmmind\n>p1 move glare\n>p2 move boomburst\n>p1 move headbutt\n>p2 move boomburst\n>p1 move headbutt\n>p2 move boomburst\n>p1 move roost\n>p2 switch 4\n>p1 move glare\n>p2 move stickyweb\n>p1 move headbutt\n>p2 move discharge\n>p1 move headbutt\n>p2 switch 4\n>p1 move earthquake\n>p2 move boomburst\n>p2 switch 3\n>p1 switch 6\n>p2 move thunderwave\n>p1 move stealthrock\n>p2 switch 6\n>p1 move iciclecrash\n>p2 move bulkup\n>p1 move iciclecrash\n>p2 move hornleech\n>p1 switch 4\n>p1 move beakblast\n>p2 move milkdrink\n>p1 move beakblast\n>p2 move hornleech\n>p2 switch 5\n>p1 move beakblast terastallize\n>p2 move gunkshot\n>p2 switch 4\n>p1 move boomburst\n>p2 move discharge\n>p1 move boomburst\n>p2 move discharge\n>p2 switch 2\n>p1 move beakblast\n>p2 move dragondance\n>p1 move beakblast\n>p2 move roost\n>p1 move knockoff\n>p2 move earthquake\n>p1 switch 6\n>p1 move glare\n>p2 move bravebird\n>p1 move roost\n>p2 switch 6\n>p1 switch 5\n>p2 move thunderwave\n>p1 move swordsdance\n>p2 move stealthrock\n>p1 move heatcrash\n>p2 move seismictoss\n>p2 switch 6\n>p1 move thunderwave\n>p2 move roost\n>p1 move heatcrash\n>p2 move dragondance\n>p1 move heatcrash\n>p2 move roost\n>p1 move heatcrash\n>p2 move roost\n>p1 move heatcrash\n>p2 move roost\n>p1 move swordsdance\n>p2 move roost\n>p1 move heatcrash\n>p2 move dragondance\n>p1 move heatcrash\n>p2 move roost\n>p1 move heatcrash\n>p2 move earthquake\n>p1 move heatcrash\n>p2 move roost", "uploadtime": 1781408574, "views": 4, "formatid": "gen9randombattle", "rating": null, "private": 0, "password": null, "player_dets": [{"name": "It'sOnlyRed?", "avatar": "blue-gen3", "rating": 2006, "seed": "sodium,0c5c69ff86be58c6ef48428438b6638e"}, {"name": "drogga", "avatar": "red", "rating": 1999, "seed": "sodium,cc3994639f47399311b967f1e9b16618"}], "teams_full": [{"Koraidon": {"name": "Koraidon", "species": "Koraidon", "speciesId": "koraidon", "gender": "N", "shiny": false, "level": 64, "moves": ["swordsdance", "flareblitz", "collisioncourse", "scaleshot"], "ability": "Orichalcum Pulse", "evs": {"hp": 85, "atk": 85, "def": 85, "spa": 85, "spd": 85, "spe": 85}, "ivs": {"hp": 31, "atk": 31, "def": 31, "spa": 31, "spd": 31, "spe": 31}, "item": "Loaded Dice", "teraType": "Fire", "role": "Setup Sweeper", "bvs": {"hp": 100, "atk": 135, "def": 115, "spa": 85, "spd": 100, "spe": 135}, "stats": {"hp": 235, "atk": 211, "def": 185, "spa": 147, "spd": 166, "spe": 211}, "types": ["Fighting", "Dragon"]}, "Toucannon": {"name": "Toucannon", "species": "Toucannon", "speciesId": "toucannon", "gender": "M", "shiny": false, "level": 88, "moves": ["roost", "knockoff", "boomburst", "beakblast"], "ability": "Keen Eye", "evs": {"hp": 85, "atk": 85, "def": 85, "spa": 85, "spd": 85, "spe": 85}, "ivs": {"hp": 31, "atk": 31, "def": 31, "spa": 31, "spd": 31, "spe": 31}, "item": "Heavy-Duty Boots", "teraType": "Steel", "role": "Bulky Support", "bvs": {"hp": 80, "atk": 120, "def": 75, "spa": 75, "spd": 75, "spe": 60}, "stats": {"hp": 284, "atk": 261, "def": 182, "spa": 182, "spd": 182, "spe": 156}, "types": ["Normal", "Flying"]}, "Reuniclus": {"name": "Reuniclus", "species": "Reuniclus", "speciesId": "reuniclus", "gender": "F", "shiny": false, "level": 88, "moves": ["psychic", "focusblast", "calmmind", "recover"], "ability": "Magic Guard", "evs": {"hp": 85, "atk": 0, "def": 85, "spa": 85, "spd": 85, "spe": 85}, "ivs": {"hp": 31, "atk": 0, "def": 31, "spa": 31, "spd": 31, "spe": 31}, "item": "Life Orb", "teraType": "Steel", "role": "Bulky Setup", "bvs": {"hp": 110, "atk": 65, "def": 75, "spa": 125, "spd": 85, "spe": 30}, "stats": {"hp": 337, "atk": 119, "def": 182, "spa": 270, "spd": 200, "spe": 103}, "types": ["Psychic"]}, "Dudunsparce": {"name": "Dudunsparce", "species": "Dudunsparce", "speciesId": "dudunsparce", "gender": "F", "shiny": false, "level": 83, "moves": ["roost", "headbutt", "glare", "earthquake"], "ability": "Serene Grace", "evs": {"hp": 85, "atk": 85, "def": 85, "spa": 85, "spd": 85, "spe": 85}, "ivs": {"hp": 31, "atk": 31, "def": 31, "spa": 31, "spd": 31, "spe": 31}, "item": "Leftovers", "teraType": "Ghost", "role": "Bulky Support", "bvs": {"hp": 125, "atk": 100, "def": 80, "spa": 85, "spd": 75, "spe": 55}, "stats": {"hp": 343, "atk": 214, "def": 180, "spa": 189, "spd": 172, "spe": 139}, "types": ["Normal"]}, "Groudon": {"name": "Groudon", "species": "Groudon", "speciesId": "groudon", "gender": "N", "shiny": false, "level": 72, "moves": ["thunderwave", "swordsdance", "precipiceblades", "heatcrash"], "ability": "Drought", "evs": {"hp": 85, "atk": 85, "def": 85, "spa": 85, "spd": 85, "spe": 85}, "ivs": {"hp": 31, "atk": 31, "def": 31, "spa": 31, "spd": 31, "spe": 31}, "item": "Leftovers", "teraType": "Fire", "role": "Bulky Setup", "bvs": {"hp": 100, "atk": 150, "def": 140, "spa": 100, "spd": 90, "spe": 90}, "stats": {"hp": 263, "atk": 258, "def": 244, "spa": 186, "spd": 172, "spe": 172}, "types": ["Ground"]}, "Mamoswine": {"name": "Mamoswine", "species": "Mamoswine", "speciesId": "mamoswine", "gender": "F", "shiny": false, "level": 81, "moves": ["iceshard", "stealthrock", "earthquake", "iciclecrash"], "ability": "Thick Fat", "evs": {"hp": 85, "atk": 85, "def": 85, "spa": 85, "spd": 85, "spe": 85}, "ivs": {"hp": 31, "atk": 31, "def": 31, "spa": 31, "spd": 31, "spe": 31}, "item": "Life Orb", "teraType": "Ground", "role": "Wallbreaker", "bvs": {"hp": 110, "atk": 130, "def": 80, "spa": 70, "spd": 60, "spe": 80}, "stats": {"hp": 311, "atk": 257, "def": 176, "spa": 160, "spd": 144, "spe": 176}, "types": ["Ice", "Ground"]}}, {"Greninja": {"name": "Greninja", "species": "Greninja", "speciesId": "greninja", "gender": "M", "shiny": false, "level": 80, "moves": ["hydropump", "icebeam", "uturn", "gunkshot"], "ability": "Protean", "evs": {"hp": 85, "atk": 85, "def": 85, "spa": 85, "spd": 85, "spe": 85}, "ivs": {"hp": 31, "atk": 31, "def": 31, "spa": 31, "spd": 31, "spe": 31}, "item": "Life Orb", "teraType": "Poison", "role": "Wallbreaker", "bvs": {"hp": 72, "atk": 95, "def": 67, "spa": 103, "spd": 71, "spe": 122}, "stats": {"hp": 246, "atk": 198, "def": 153, "spa": 211, "spd": 160, "spe": 241}, "types": ["Water", "Dark"]}, "Altaria": {"name": "Altaria", "species": "Altaria", "speciesId": "altaria", "gender": "M", "shiny": false, "level": 89, "moves": ["dragondance", "roost", "earthquake", "bravebird"], "ability": "Natural Cure", "evs": {"hp": 85, "atk": 85, "def": 85, "spa": 85, "spd": 85, "spe": 85}, "ivs": {"hp": 31, "atk": 31, "def": 31, "spa": 31, "spd": 31, "spe": 31}, "item": "Heavy-Duty Boots", "teraType": "Steel", "role": "Bulky Setup", "bvs": {"hp": 75, "atk": 70, "def": 90, "spa": 70, "spd": 105, "spe": 80}, "stats": {"hp": 278, "atk": 175, "def": 211, "spa": 175, "spd": 238, "spe": 193}, "types": ["Dragon", "Flying"]}, "Blissey": {"name": "Blissey", "species": "Blissey", "speciesId": "blissey", "gender": "F", "shiny": false, "level": 85, "moves": ["seismictoss", "thunderwave", "softboiled", "stealthrock"], "ability": "Natural Cure", "evs": {"hp": 85, "atk": 0, "def": 85, "spa": 85, "spd": 85, "spe": 85}, "ivs": {"hp": 31, "atk": 0, "def": 31, "spa": 31, "spd": 31, "spe": 31}, "item": "Leftovers", "teraType": "Fairy", "role": "Bulky Support", "bvs": {"hp": 255, "atk": 10, "def": 10, "spa": 75, "spd": 135, "spe": 55}, "stats": {"hp": 572, "atk": 22, "def": 66, "spa": 176, "spd": 278, "spe": 142}, "types": ["Normal"]}, "Vikavolt": {"name": "Vikavolt", "species": "Vikavolt", "speciesId": "vikavolt", "gender": "M", "shiny": false, "level": 83, "moves": ["stickyweb", "discharge", "voltswitch", "bugbuzz"], "ability": "Levitate", "evs": {"hp": 85, "atk": 0, "def": 85, "spa": 85, "spd": 85, "spe": 85}, "ivs": {"hp": 31, "atk": 0, "def": 31, "spa": 31, "spd": 31, "spe": 31}, "item": "Heavy-Duty Boots", "teraType": "Electric", "role": "Bulky Support", "bvs": {"hp": 77, "atk": 70, "def": 90, "spa": 145, "spd": 75, "spe": 43}, "stats": {"hp": 263, "atk": 121, "def": 197, "spa": 288, "spd": 172, "spe": 119}, "types": ["Bug", "Electric"]}, "Gogoat": {"name": "Gogoat", "species": "Gogoat", "speciesId": "gogoat", "gender": "F", "shiny": false, "level": 88, "moves": ["milkdrink", "earthquake", "hornleech", "bulkup"], "ability": "Sap Sipper", "evs": {"hp": 85, "atk": 85, "def": 85, "spa": 85, "spd": 85, "spe": 85}, "ivs": {"hp": 31, "atk": 31, "def": 31, "spa": 31, "spd": 31, "spe": 31}, "item": "Leftovers", "teraType": "Ground", "role": "Bulky Setup", "bvs": {"hp": 123, "atk": 100, "def": 62, "spa": 97, "spd": 81, "spe": 68}, "stats": {"hp": 360, "atk": 226, "def": 159, "spa": 221, "spd": 193, "spe": 170}, "types": ["Grass"]}, "Dudunsparce": {"name": "Dudunsparce", "species": "Dudunsparce", "speciesId": "dudunsparce", "gender": "F", "shiny": false, "level": 83, "moves": ["shadowball", "calmmind", "boomburst", "roost"], "ability": "Rattled", "evs": {"hp": 85, "atk": 0, "def": 85, "spa": 85, "spd": 85, "spe": 85}, "ivs": {"hp": 31, "atk": 0, "def": 31, "spa": 31, "spd": 31, "spe": 31}, "item": "Leftovers", "teraType": "Ghost", "role": "Bulky Setup", "bvs": {"hp": 125, "atk": 100, "def": 80, "spa": 85, "spd": 75, "spe": 55}, "stats": {"hp": 343, "atk": 171, "def": 180, "spa": 189, "spd": 172, "spe": 139}, "types": ["Normal"]}}]}