{"id": "gen9randombattle-2631947256", "format": "[Gen 9] Random Battle", "players": ["Astrokid11", "gangsta spongebob"], "log": "|j|\u2606Astrokid11\n|j|\u2606gangsta spongebob\n|t:|1781458723\n|gametype|singles\n|player|p1|Astrokid11|2|1965\n|player|p2|gangsta spongebob|101|1998\n|gen|9\n|tier|[Gen 9] Random Battle\n|rated|\n|rule|Species Clause: Limit one of each Pok\u00e9mon\n|rule|HP Percentage Mod: HP is shown in percentages\n|rule|Sleep Clause Mod: Limit one foe put to sleep\n|rule|Illusion Level Mod: Illusion disguises the Pok\u00e9mon's true level\n|\n|t:|1781458723\n|teamsize|p1|6\n|teamsize|p2|6\n|start\n|switch|p1a: Frosmoth|Frosmoth, L82, F|249/249\n|switch|p2a: Dudunsparce|Dudunsparce, L83, M|343/343\n|turn|1\n|c|\u2606gangsta spongebob|gl hf\n|\n|t:|1781458734\n|switch|p1a: Brambleghast|Brambleghast, L88, F|240/240\n|move|p2a: Dudunsparce|Glare|p1a: Brambleghast\n|-status|p1a: Brambleghast|par\n|\n|upkeep\n|turn|2\n|inactive|Battle timer is ON: inactive players will automatically lose when time's up. (requested by Astrokid11)\n|\n|t:|1781458738\n|switch|p2a: Weavile|Weavile, L79, F|240/240\n|move|p1a: Brambleghast|Spikes|p2a: Weavile\n|-sidestart|p2: gangsta spongebob|Spikes\n|\n|upkeep\n|turn|3\n|\n|t:|1781458748\n|switch|p1a: Weavile|Weavile, L79, M|240/240\n|move|p2a: Weavile|Swords Dance|p2a: Weavile\n|-boost|p2a: Weavile|atk|2\n|\n|upkeep\n|turn|4\n|inactive|gangsta spongebob has 120 seconds left.\n|\n|t:|1781458779\n|move|p1a: Weavile|Low Kick|p2a: Weavile\n|-supereffective|p2a: Weavile\n|-damage|p2a: Weavile|16/240\n|move|p2a: Weavile|Low Kick|p1a: Weavile\n|-supereffective|p1a: Weavile\n|-damage|p1a: Weavile|0 fnt\n|faint|p1a: Weavile\n|\n|upkeep\n|\n|t:|1781458806\n|switch|p1a: Eternatus|Eternatus, L69|308/308\n|-ability|p1a: Eternatus|Pressure\n|turn|5\n|\n|t:|1781458812\n|-terastallize|p1a: Eternatus|Water\n|move|p2a: Weavile|Knock Off|p1a: Eternatus\n|-damage|p1a: Eternatus|52/308\n|-enditem|p1a: Eternatus|Leftovers|[from] move: Knock Off|[of] p2a: Weavile\n|move|p1a: Eternatus|Flamethrower|p2a: Weavile\n|-supereffective|p2a: Weavile\n|-damage|p2a: Weavile|0 fnt\n|faint|p2a: Weavile\n|\n|upkeep\n|\n|t:|1781458820\n|switch|p2a: Toxtricity|Toxtricity, L82, F|257/257\n|-damage|p2a: Toxtricity|225/257|[from] Spikes\n|turn|6\n|\n|t:|1781458832\n|move|p1a: Eternatus|Dynamax Cannon|p2a: Toxtricity\n|-damage|p2a: Toxtricity|101/257\n|move|p2a: Toxtricity|Shift Gear|p2a: Toxtricity\n|-boost|p2a: Toxtricity|spe|2\n|-boost|p2a: Toxtricity|atk|1\n|\n|upkeep\n|turn|7\n|\n|t:|1781458848\n|move|p2a: Toxtricity|Overdrive|p1a: Eternatus\n|-supereffective|p1a: Eternatus\n|-damage|p1a: Eternatus|0 fnt\n|faint|p1a: Eternatus\n|-enditem|p2a: Toxtricity|Throat Spray\n|-boost|p2a: Toxtricity|spa|1|[from] item: Throat Spray\n|\n|upkeep\n|\n|t:|1781458852\n|switch|p1a: Frosmoth|Frosmoth, L82, F|249/249\n|turn|8\n|\n|t:|1781458856\n|move|p2a: Toxtricity|Gunk Shot|p1a: Frosmoth|[miss]\n|-miss|p2a: Toxtricity|p1a: Frosmoth\n|move|p1a: Frosmoth|Ice Beam|p2a: Toxtricity\n|-damage|p2a: Toxtricity|0 fnt\n|faint|p2a: Toxtricity\n|\n|upkeep\n|\n|t:|1781458860\n|switch|p2a: Hitmonchan|Hitmonchan, L87, M|229/229\n|-damage|p2a: Hitmonchan|201/229|[from] Spikes\n|turn|9\n|\n|t:|1781458868\n|switch|p1a: Brambleghast|Brambleghast, L88, F|240/240 par\n|move|p2a: Hitmonchan|Swords Dance|p2a: Hitmonchan\n|-boost|p2a: Hitmonchan|atk|2\n|\n|upkeep\n|turn|10\n|\n|t:|1781458874\n|move|p2a: Hitmonchan|Knock Off|p1a: Brambleghast\n|-supereffective|p1a: Brambleghast\n|-damage|p1a: Brambleghast|0 fnt\n|-enditem|p1a: Brambleghast|Leftovers|[from] move: Knock Off|[of] p2a: Hitmonchan\n|faint|p1a: Brambleghast\n|-damage|p2a: Hitmonchan|179/229|[from] item: Life Orb\n|\n|upkeep\n|\n|t:|1781458876\n|switch|p1a: Slowking|Slowking-Galar, L85, M|300/300\n|turn|11\n|\n|t:|1781458881\n|move|p2a: Hitmonchan|Knock Off|p1a: Slowking\n|-supereffective|p1a: Slowking\n|-damage|p1a: Slowking|0 fnt\n|-enditem|p1a: Slowking|Assault Vest|[from] move: Knock Off|[of] p2a: Hitmonchan\n|faint|p1a: Slowking\n|-damage|p2a: Hitmonchan|157/229|[from] item: Life Orb\n|\n|upkeep\n|\n|t:|1781458893\n|switch|p1a: Zekrom|Zekrom, L71|259/259\n|-ability|p1a: Zekrom|Teravolt\n|turn|12\n|\n|t:|1781458900\n|move|p2a: Hitmonchan|Ice Punch|p1a: Zekrom\n|-supereffective|p1a: Zekrom\n|-damage|p1a: Zekrom|0 fnt\n|faint|p1a: Zekrom\n|-damage|p2a: Hitmonchan|135/229|[from] item: Life Orb\n|\n|upkeep\n|c|\u2606gangsta spongebob|gg\n|\n|t:|1781458918\n|switch|p1a: Frosmoth|Frosmoth, L82, F|249/249\n|turn|13\n|\n|t:|1781458924\n|move|p2a: Hitmonchan|Drain Punch|p1a: Frosmoth\n|-damage|p1a: Frosmoth|0 fnt\n|-heal|p2a: Hitmonchan|229/229|[from] drain|[of] p1a: Frosmoth\n|faint|p1a: Frosmoth\n|-damage|p2a: Hitmonchan|207/229|[from] item: Life Orb\n|\n|win|gangsta spongebob\n", "inputlog": ">version a8376a258c1d4662feba110a92103f3664a72141\n>start {\"formatid\":\"gen9randombattle\",\"seed\":\"sodium,4c2b34288f0fa0e0dd5e4209c6d6dece\",\"rated\":\"Rated battle\"}\n>player p1 {\"name\":\"Astrokid11\",\"avatar\":\"2\",\"rating\":1965,\"seed\":\"sodium,c4d1226cd5693a7f1b42d76596bffc0c\"}\n>player p2 {\"name\":\"gangsta spongebob\",\"avatar\":\"101\",\"rating\":1998,\"seed\":\"sodium,9b27faa81e0877747d257da31940b904\"}\n>chat \u2606gangsta spongebob|gl hf\n>p1 switch 2\n>p2 move glare\n>p1 move spikes\n>p2 switch 4\n>p1 switch 3\n>p2 move swordsdance\n>p1 move lowkick\n>p2 move lowkick\n>p1 switch 5\n>p1 move flamethrower terastallize\n>p2 move knockoff\n>p2 switch 6\n>p1 move dynamaxcannon\n>p2 move shiftgear\n>p1 move toxicspikes\n>p2 move overdrive\n>p1 switch 2\n>p1 move icebeam\n>p2 move gunkshot\n>p2 switch 5\n>p1 switch 3\n>p2 move swordsdance\n>p1 move strengthsap\n>p2 move knockoff\n>p1 switch 4\n>p1 move psychicnoise\n>p2 move knockoff\n>p1 switch 6\n>p1 move dragondance\n>p2 move icepunch\n>chat \u2606gangsta spongebob|gg\n>p1 switch 3\n>p1 move quiverdance\n>p2 move drainpunch", "uploadtime": 1781458725, "views": 7, "formatid": "gen9randombattle", "rating": null, "private": 0, "password": null, "player_dets": [{"name": "Astrokid11", "avatar": "2", "rating": 1965, "seed": "sodium,c4d1226cd5693a7f1b42d76596bffc0c"}, {"name": "gangsta spongebob", "avatar": "101", "rating": 1998, "seed": "sodium,9b27faa81e0877747d257da31940b904"}], "teams_full": [{"Frosmoth": {"name": "Frosmoth", "species": "Frosmoth", "speciesId": "frosmoth", "gender": "F", "shiny": false, "level": 82, "moves": ["icebeam", "terablast", "bugbuzz", "quiverdance"], "ability": "Ice Scales", "evs": {"hp": 85, "atk": 0, "def": 85, "spa": 85, "spd": 85, "spe": 85}, "ivs": {"hp": 31, "atk": 0, "def": 31, "spa": 31, "spd": 31, "spe": 31}, "item": "Heavy-Duty Boots", "teraType": "Ground", "role": "Tera Blast user", "bvs": {"hp": 70, "atk": 65, "def": 60, "spa": 125, "spd": 90, "spe": 65}, "stats": {"hp": 249, "atk": 111, "def": 146, "spa": 252, "spd": 195, "spe": 154}, "types": ["Ice", "Bug"]}, "Brambleghast": {"name": "Brambleghast", "species": "Brambleghast", "speciesId": "brambleghast", "gender": "F", "shiny": false, "level": 88, "moves": ["strengthsap", "spikes", "poltergeist", "powerwhip"], "ability": "Wind Rider", "evs": {"hp": 85, "atk": 85, "def": 85, "spa": 85, "spd": 85, "spe": 85}, "ivs": {"hp": 31, "atk": 31, "def": 31, "spa": 31, "spd": 31, "spe": 31}, "item": "Leftovers", "teraType": "Steel", "role": "Fast Support", "bvs": {"hp": 55, "atk": 115, "def": 70, "spa": 80, "spd": 70, "spe": 90}, "stats": {"hp": 240, "atk": 253, "def": 173, "spa": 191, "spd": 173, "spe": 209}, "types": ["Grass", "Ghost"]}, "Weavile": {"name": "Weavile", "species": "Weavile", "speciesId": "weavile", "gender": "M", "shiny": false, "level": 79, "moves": ["swordsdance", "knockoff", "tripleaxel", "lowkick"], "ability": "Pickpocket", "evs": {"hp": 85, "atk": 85, "def": 85, "spa": 85, "spd": 85, "spe": 85}, "ivs": {"hp": 31, "atk": 31, "def": 31, "spa": 31, "spd": 31, "spe": 31}, "item": "Heavy-Duty Boots", "teraType": "Fighting", "role": "Fast Attacker", "bvs": {"hp": 70, "atk": 120, "def": 65, "spa": 45, "spd": 85, "spe": 125}, "stats": {"hp": 240, "atk": 235, "def": 148, "spa": 117, "spd": 180, "spe": 243}, "types": ["Dark", "Ice"]}, "Slowking": {"name": "Slowking", "species": "Slowking-Galar", "speciesId": "slowkinggalar", "gender": "M", "shiny": false, "level": 85, "moves": ["fireblast", "sludgebomb", "surf", "psychicnoise"], "ability": "Regenerator", "evs": {"hp": 85, "atk": 0, "def": 85, "spa": 85, "spd": 85, "spe": 85}, "ivs": {"hp": 31, "atk": 0, "def": 31, "spa": 31, "spd": 31, "spe": 31}, "item": "Assault Vest", "teraType": "Dark", "role": "AV Pivot", "bvs": {"hp": 95, "atk": 65, "def": 80, "spa": 110, "spd": 110, "spe": 30}, "stats": {"hp": 300, "atk": 115, "def": 185, "spa": 236, "spd": 236, "spe": 100}, "types": ["Poison", "Psychic"]}, "Eternatus": {"name": "Eternatus", "species": "Eternatus", "speciesId": "eternatus", "gender": "N", "shiny": false, "level": 69, "moves": ["dynamaxcannon", "flamethrower", "recover", "toxicspikes"], "ability": "Pressure", "evs": {"hp": 85, "atk": 0, "def": 85, "spa": 85, "spd": 85, "spe": 85}, "ivs": {"hp": 31, "atk": 0, "def": 31, "spa": 31, "spd": 31, "spe": 31}, "item": "Leftovers", "teraType": "Water", "role": "Bulky Support", "bvs": {"hp": 140, "atk": 85, "def": 95, "spa": 145, "spd": 95, "spe": 130}, "stats": {"hp": 308, "atk": 122, "def": 171, "spa": 240, "spd": 171, "spe": 220}, "types": ["Poison", "Dragon"]}, "Zekrom": {"name": "Zekrom", "species": "Zekrom", "speciesId": "zekrom", "gender": "N", "shiny": false, "level": 71, "moves": ["boltstrike", "substitute", "outrage", "dragondance"], "ability": "Teravolt", "evs": {"hp": 85, "atk": 85, "def": 85, "spa": 85, "spd": 85, "spe": 85}, "ivs": {"hp": 31, "atk": 31, "def": 31, "spa": 31, "spd": 31, "spe": 31}, "item": "Leftovers", "teraType": "Grass", "role": "Setup Sweeper", "bvs": {"hp": 100, "atk": 150, "def": 120, "spa": 120, "spd": 100, "spe": 90}, "stats": {"hp": 259, "atk": 254, "def": 212, "spa": 212, "spd": 183, "spe": 169}, "types": ["Dragon", "Electric"]}}, {"Dudunsparce": {"name": "Dudunsparce", "species": "Dudunsparce", "speciesId": "dudunsparce", "gender": "M", "shiny": false, "level": 83, "moves": ["earthquake", "headbutt", "glare", "roost"], "ability": "Serene Grace", "evs": {"hp": 85, "atk": 85, "def": 85, "spa": 85, "spd": 85, "spe": 85}, "ivs": {"hp": 31, "atk": 31, "def": 31, "spa": 31, "spd": 31, "spe": 31}, "item": "Leftovers", "teraType": "Ghost", "role": "Bulky Support", "bvs": {"hp": 125, "atk": 100, "def": 80, "spa": 85, "spd": 75, "spe": 55}, "stats": {"hp": 343, "atk": 214, "def": 180, "spa": 189, "spd": 172, "spe": 139}, "types": ["Normal"]}, "Toedscruel": {"name": "Toedscruel", "species": "Toedscruel", "speciesId": "toedscruel", "gender": "M", "shiny": false, "level": 87, "moves": ["leafstorm", "earthpower", "spore", "rapidspin"], "ability": "Mycelium Might", "evs": {"hp": 85, "atk": 85, "def": 85, "spa": 85, "spd": 85, "spe": 85}, "ivs": {"hp": 31, "atk": 31, "def": 31, "spa": 31, "spd": 31, "spe": 31}, "item": "Leftovers", "teraType": "Water", "role": "Bulky Support", "bvs": {"hp": 80, "atk": 70, "def": 65, "spa": 80, "spd": 120, "spe": 100}, "stats": {"hp": 281, "atk": 172, "def": 163, "spa": 189, "spd": 259, "spe": 224}, "types": ["Ground", "Grass"]}, "Palafin": {"name": "Palafin", "species": "Palafin", "speciesId": "palafin", "gender": "F", "shiny": false, "level": 77, "moves": ["jetpunch", "closecombat", "flipturn", "wavecrash"], "ability": "Zero to Hero", "evs": {"hp": 85, "atk": 85, "def": 85, "spa": 85, "spd": 85, "spe": 85}, "ivs": {"hp": 31, "atk": 31, "def": 31, "spa": 31, "spd": 31, "spe": 31}, "item": "Choice Band", "teraType": "Water", "role": "Wallbreaker", "bvs": {"hp": 100, "atk": 70, "def": 72, "spa": 53, "spd": 62, "spe": 100}, "stats": {"hp": 281, "atk": 152, "def": 155, "spa": 126, "spd": 140, "spe": 199}, "types": ["Water"]}, "Weavile": {"name": "Weavile", "species": "Weavile", "speciesId": "weavile", "gender": "F", "shiny": false, "level": 79, "moves": ["lowkick", "swordsdance", "knockoff", "tripleaxel"], "ability": "Pickpocket", "evs": {"hp": 85, "atk": 85, "def": 85, "spa": 85, "spd": 85, "spe": 85}, "ivs": {"hp": 31, "atk": 31, "def": 31, "spa": 31, "spd": 31, "spe": 31}, "item": "Heavy-Duty Boots", "teraType": "Fighting", "role": "Fast Attacker", "bvs": {"hp": 70, "atk": 120, "def": 65, "spa": 45, "spd": 85, "spe": 125}, "stats": {"hp": 240, "atk": 235, "def": 148, "spa": 117, "spd": 180, "spe": 243}, "types": ["Dark", "Ice"]}, "Hitmonchan": {"name": "Hitmonchan", "species": "Hitmonchan", "speciesId": "hitmonchan", "gender": "M", "shiny": false, "level": 87, "moves": ["knockoff", "icepunch", "drainpunch", "swordsdance"], "ability": "Iron Fist", "evs": {"hp": 85, "atk": 85, "def": 85, "spa": 85, "spd": 85, "spe": 85}, "ivs": {"hp": 31, "atk": 31, "def": 31, "spa": 31, "spd": 31, "spe": 31}, "item": "Life Orb", "teraType": "Fighting", "role": "Setup Sweeper", "bvs": {"hp": 50, "atk": 105, "def": 79, "spa": 35, "spd": 110, "spe": 76}, "stats": {"hp": 229, "atk": 232, "def": 187, "spa": 111, "spd": 241, "spe": 182}, "types": ["Fighting"]}, "Toxtricity": {"name": "Toxtricity", "species": "Toxtricity", "speciesId": "toxtricity", "gender": "F", "shiny": false, "level": 82, "moves": ["boomburst", "shiftgear", "overdrive", "gunkshot"], "ability": "Punk Rock", "evs": {"hp": 85, "atk": 85, "def": 85, "spa": 85, "spd": 85, "spe": 85}, "ivs": {"hp": 31, "atk": 31, "def": 31, "spa": 31, "spd": 31, "spe": 31}, "item": "Throat Spray", "teraType": "Normal", "role": "Setup Sweeper", "bvs": {"hp": 75, "atk": 98, "def": 70, "spa": 114, "spd": 70, "spe": 75}, "stats": {"hp": 257, "atk": 208, "def": 162, "spa": 234, "spd": 162, "spe": 170}, "types": ["Electric", "Poison"]}}]}