{"id": "gen9randombattle-2631494729", "format": "[Gen 9] Random Battle", "players": ["hdhddhdhdhhdbds", "Ngfdgjmy"], "log": "|j|\u2606hdhddhdhdhhdbds\n|j|\u2606Ngfdgjmy\n|t:|1781392205\n|gametype|singles\n|player|p1|hdhddhdhdhhdbds|2|1094\n|player|p2|Ngfdgjmy|1|1114\n|gen|9\n|tier|[Gen 9] Random Battle\n|rated|\n|rule|Species Clause: Limit one of each Pok\u00e9mon\n|rule|HP Percentage Mod: HP is shown in percentages\n|rule|Sleep Clause Mod: Limit one foe put to sleep\n|rule|Illusion Level Mod: Illusion disguises the Pok\u00e9mon's true level\n|\n|t:|1781392205\n|teamsize|p1|6\n|teamsize|p2|6\n|start\n|switch|p1a: Heatran|Heatran, L79, M|273/273\n|switch|p2a: Hitmonchan|Hitmonchan, L87, M|229/229\n|-item|p1a: Heatran|Air Balloon\n|turn|1\n|\n|t:|1781392222\n|switch|p1a: Oricorio|Oricorio-Pa'u, L87, F|272/272\n|move|p2a: Hitmonchan|Rapid Spin|p1a: Oricorio\n|-damage|p1a: Oricorio|224/272\n|-boost|p2a: Hitmonchan|spe|1\n|\n|upkeep\n|turn|2\n|\n|t:|1781392231\n|move|p2a: Hitmonchan|Knock Off|p1a: Oricorio\n|-supereffective|p1a: Oricorio\n|-damage|p1a: Oricorio|42/272\n|-enditem|p1a: Oricorio|Heavy-Duty Boots|[from] move: Knock Off|[of] p2a: Hitmonchan\n|move|p1a: Oricorio|Quiver Dance|p1a: Oricorio\n|-boost|p1a: Oricorio|spa|1\n|-boost|p1a: Oricorio|spd|1\n|-boost|p1a: Oricorio|spe|1\n|\n|upkeep\n|turn|3\n|\n|t:|1781392238\n|move|p1a: Oricorio|Hurricane|p2a: Hitmonchan\n|-supereffective|p2a: Hitmonchan\n|-damage|p2a: Hitmonchan|0 fnt\n|faint|p2a: Hitmonchan\n|\n|upkeep\n|-message|Ngfdgjmy forfeited.\n|\n|win|hdhddhdhdhhdbds\n|raw|hdhddhdhdhhdbds's rating: 1094 &rarr; <strong>1121</strong><br />(+27 for winning)\n|raw|Ngfdgjmy's rating: 1114 &rarr; <strong>1088</strong><br />(-26 for losing)\n|l|\u2606Ngfdgjmy\n|player|p2|\n", "uploadtime": 1781392244, "views": 2, "formatid": "gen9randombattle", "rating": 1088, "private": 0, "password": null}