{"id": "gen9randombattle-2631469456", "format": "[Gen 9] Random Battle", "players": ["cthpoolu", "Gokuh34567"], "log": "|j|\u2606cthpoolu\n|j|\u2606Gokuh34567\n|t:|1781388632\n|gametype|singles\n|player|p1|cthpoolu|unknown|1356\n|player|p2|Gokuh34567|hiker-gen4|1393\n|gen|9\n|tier|[Gen 9] Random Battle\n|rated|\n|rule|Species Clause: Limit one of each Pok\u00e9mon\n|rule|HP Percentage Mod: HP is shown in percentages\n|rule|Sleep Clause Mod: Limit one foe put to sleep\n|rule|Illusion Level Mod: Illusion disguises the Pok\u00e9mon's true level\n|\n|t:|1781388632\n|teamsize|p1|6\n|teamsize|p2|6\n|start\n|switch|p1a: Regidrago|Regidrago, L77|435/435\n|switch|p2a: Lycanroc|Lycanroc, L86, M|269/269\n|turn|1\n|inactive|Battle timer is ON: inactive players will automatically lose when time's up. (requested by cthpoolu)\n|\n|t:|1781388653\n|move|p1a: Regidrago|Dragon Energy|p2a: Lycanroc\n|-damage|p2a: Lycanroc|17/269\n|move|p2a: Lycanroc|Stealth Rock|p1a: Regidrago\n|-sidestart|p1: cthpoolu|move: Stealth Rock\n|\n|upkeep\n|turn|2\n|\n|t:|1781388663\n|move|p1a: Regidrago|Dragon Energy|p2a: Lycanroc\n|-damage|p2a: Lycanroc|0 fnt\n|faint|p2a: Lycanroc\n|\n|upkeep\n|\n|t:|1781388673\n|switch|p2a: Cresselia|Cresselia, L80, F|323/323\n|turn|3\n|\n|t:|1781388683\n|switch|p1a: Weavile|Weavile, L79, F|239/239\n|-damage|p1a: Weavile|180/239|[from] Stealth Rock\n|move|p2a: Cresselia|Moonblast|p1a: Weavile\n|-supereffective|p1a: Weavile\n|-crit|p1a: Weavile\n|-damage|p1a: Weavile|0 fnt\n|faint|p1a: Weavile\n|\n|upkeep\n|\n|t:|1781388705\n|switch|p1a: Moltres|Moltres, L81|278/278\n|turn|4\n|\n|t:|1781388709\n|move|p1a: Moltres|Will-O-Wisp|p2a: Cresselia\n|-status|p2a: Cresselia|brn\n|move|p2a: Cresselia|Calm Mind|p2a: Cresselia\n|-boost|p2a: Cresselia|spa|1\n|-boost|p2a: Cresselia|spd|1\n|\n|-damage|p2a: Cresselia|303/323 brn|[from] brn\n|upkeep\n|turn|5\n|\n|t:|1781388717\n|move|p1a: Moltres|Brave Bird|p2a: Cresselia\n|-damage|p2a: Cresselia|203/323 brn\n|-damage|p1a: Moltres|245/278|[from] Recoil\n|move|p2a: Cresselia|Calm Mind|p2a: Cresselia\n|-boost|p2a: Cresselia|spa|1\n|-boost|p2a: Cresselia|spd|1\n|\n|-heal|p2a: Cresselia|223/323 brn|[from] item: Leftovers\n|-damage|p2a: Cresselia|203/323 brn|[from] brn\n|upkeep\n|turn|6\n|\n|t:|1781388723\n|move|p1a: Moltres|Brave Bird|p2a: Cresselia\n|-damage|p2a: Cresselia|88/323 brn\n|-damage|p1a: Moltres|207/278|[from] Recoil\n|move|p2a: Cresselia|Moonlight|p2a: Cresselia\n|-heal|p2a: Cresselia|249/323 brn\n|\n|-heal|p2a: Cresselia|269/323 brn|[from] item: Leftovers\n|-damage|p2a: Cresselia|249/323 brn|[from] brn\n|upkeep\n|turn|7\n|\n|t:|1781388743\n|move|p1a: Moltres|Brave Bird|p2a: Cresselia\n|-damage|p2a: Cresselia|138/323 brn\n|-damage|p1a: Moltres|170/278|[from] Recoil\n|move|p2a: Cresselia|Psyshock|p1a: Moltres\n|-damage|p1a: Moltres|37/278\n|\n|-heal|p2a: Cresselia|158/323 brn|[from] item: Leftovers\n|-damage|p2a: Cresselia|138/323 brn|[from] brn\n|upkeep\n|turn|8\n|\n|t:|1781388753\n|move|p1a: Moltres|Roost|p1a: Moltres\n|-heal|p1a: Moltres|176/278\n|-singleturn|p1a: Moltres|move: Roost\n|move|p2a: Cresselia|Moonlight|p2a: Cresselia\n|-heal|p2a: Cresselia|299/323 brn\n|\n|-heal|p2a: Cresselia|319/323 brn|[from] item: Leftovers\n|-damage|p2a: Cresselia|299/323 brn|[from] brn\n|upkeep\n|turn|9\n|\n|t:|1781388760\n|move|p1a: Moltres|Roost|p1a: Moltres\n|-heal|p1a: Moltres|278/278\n|-singleturn|p1a: Moltres|move: Roost\n|move|p2a: Cresselia|Psyshock|p1a: Moltres\n|-damage|p1a: Moltres|154/278\n|\n|-heal|p2a: Cresselia|319/323 brn|[from] item: Leftovers\n|-damage|p2a: Cresselia|299/323 brn|[from] brn\n|upkeep\n|turn|10\n|\n|t:|1781388766\n|move|p1a: Moltres|Roost|p1a: Moltres\n|-heal|p1a: Moltres|278/278\n|-singleturn|p1a: Moltres|move: Roost\n|move|p2a: Cresselia|Psyshock|p1a: Moltres\n|-damage|p1a: Moltres|143/278\n|\n|-heal|p2a: Cresselia|319/323 brn|[from] item: Leftovers\n|-damage|p2a: Cresselia|299/323 brn|[from] brn\n|upkeep\n|turn|11\n|\n|t:|1781388774\n|switch|p1a: Goodra|Goodra-Hisui, L82, M|265/265\n|-damage|p1a: Goodra|249/265|[from] Stealth Rock\n|move|p2a: Cresselia|Calm Mind|p2a: Cresselia\n|-boost|p2a: Cresselia|spa|1\n|-boost|p2a: Cresselia|spd|1\n|\n|-heal|p2a: Cresselia|319/323 brn|[from] item: Leftovers\n|-damage|p2a: Cresselia|299/323 brn|[from] brn\n|upkeep\n|turn|12\n|\n|t:|1781388786\n|move|p2a: Cresselia|Moonblast|p1a: Goodra\n|-damage|p1a: Goodra|186/265\n|-unboost|p1a: Goodra|spa|1\n|move|p1a: Goodra|Heavy Slam|p2a: Cresselia\n|-crit|p2a: Cresselia\n|-damage|p2a: Cresselia|181/323 brn\n|\n|-heal|p2a: Cresselia|201/323 brn|[from] item: Leftovers\n|-damage|p2a: Cresselia|181/323 brn|[from] brn\n|upkeep\n|turn|13\n|\n|t:|1781388795\n|move|p2a: Cresselia|Moonblast|p1a: Goodra\n|-crit|p1a: Goodra\n|-damage|p1a: Goodra|103/265\n|move|p1a: Goodra|Heavy Slam|p2a: Cresselia\n|-damage|p2a: Cresselia|114/323 brn\n|\n|-heal|p2a: Cresselia|134/323 brn|[from] item: Leftovers\n|-damage|p2a: Cresselia|114/323 brn|[from] brn\n|upkeep\n|turn|14\n|\n|t:|1781388811\n|switch|p1a: Regidrago|Regidrago, L77|435/435\n|-damage|p1a: Regidrago|381/435|[from] Stealth Rock\n|move|p2a: Cresselia|Moonlight|p2a: Cresselia\n|-heal|p2a: Cresselia|275/323 brn\n|\n|-heal|p2a: Cresselia|295/323 brn|[from] item: Leftovers\n|-damage|p2a: Cresselia|275/323 brn|[from] brn\n|upkeep\n|turn|15\n|\n|t:|1781388819\n|-terastallize|p1a: Regidrago|Dragon\n|move|p1a: Regidrago|Outrage|p2a: Cresselia\n|-damage|p2a: Cresselia|97/323 brn\n|move|p2a: Cresselia|Moonblast|p1a: Regidrago\n|-supereffective|p1a: Regidrago\n|-crit|p1a: Regidrago\n|-damage|p1a: Regidrago|0 fnt\n|faint|p1a: Regidrago\n|\n|-heal|p2a: Cresselia|117/323 brn|[from] item: Leftovers\n|-damage|p2a: Cresselia|97/323 brn|[from] brn\n|upkeep\n|-message|cthpoolu forfeited.\n|\n|win|Gokuh34567\n|raw|cthpoolu's rating: 1356 &rarr; <strong>1338</strong><br />(-18 for losing)\n|raw|Gokuh34567's rating: 1393 &rarr; <strong>1411</strong><br />(+18 for winning)\n|l|\u2606cthpoolu\n|player|p1|\n", "inputlog": ">version a8376a258c1d4662feba110a92103f3664a72141\n>start {\"formatid\":\"gen9randombattle\",\"seed\":\"sodium,407615b7cfe98794de4bc84eb45f3128\",\"rated\":\"Rated battle\"}\n>player p1 {\"name\":\"cthpoolu\",\"avatar\":\"unknown\",\"rating\":1356,\"seed\":\"sodium,8342b46b6aba327da89db67ea4ebc873\"}\n>player p2 {\"name\":\"Gokuh34567\",\"avatar\":\"hiker-gen4\",\"rating\":1393,\"seed\":\"sodium,ffbdaff5ac9d48d7606ef0120b195123\"}\n>p1 move dragonenergy\n>p2 move stealthrock\n>p1 move dragonenergy\n>p2 move stoneedge\n>p2 switch 6\n>p1 switch 2\n>p2 move moonblast\n>p1 switch 3\n>p1 move willowisp\n>p2 move calmmind\n>p1 move bravebird\n>p2 move calmmind\n>p1 move bravebird\n>p2 move moonlight\n>p1 move bravebird\n>p2 move psyshock\n>p1 move roost\n>p2 move moonlight\n>p1 move roost\n>p2 move psyshock\n>p1 move roost\n>p2 move psyshock\n>p1 switch 5\n>p2 move calmmind\n>p1 move heavyslam\n>p2 move moonblast\n>p1 move heavyslam\n>p2 move moonblast\n>p1 switch 2\n>p2 move moonlight\n>p1 move outrage terastallize\n>p2 move moonblast\n>forcelose p1", "uploadtime": 1781388830, "views": 6, "formatid": "gen9randombattle", "rating": 1338, "private": 0, "password": null, "player_dets": [{"name": "cthpoolu", "avatar": "unknown", "rating": 1356, "seed": "sodium,8342b46b6aba327da89db67ea4ebc873"}, {"name": "Gokuh34567", "avatar": "hiker-gen4", "rating": 1393, "seed": "sodium,ffbdaff5ac9d48d7606ef0120b195123"}], "teams_full": [{"Regidrago": {"name": "Regidrago", "species": "Regidrago", "speciesId": "regidrago", "gender": "N", "shiny": false, "level": 77, "moves": ["dragonenergy", "dracometeor", "earthquake", "outrage"], "ability": "Dragon's Maw", "evs": {"hp": 85, "atk": 85, "def": 85, "spa": 85, "spd": 85, "spe": 85}, "ivs": {"hp": 31, "atk": 31, "def": 31, "spa": 31, "spd": 31, "spe": 31}, "item": "Choice Scarf", "teraType": "Dragon", "role": "Fast Attacker", "bvs": {"hp": 200, "atk": 100, "def": 50, "spa": 100, "spd": 50, "spe": 80}, "stats": {"hp": 435, "atk": 199, "def": 122, "spa": 199, "spd": 122, "spe": 168}}, "Weavile": {"name": "Weavile", "species": "Weavile", "speciesId": "weavile", "gender": "F", "shiny": false, "level": 79, "moves": ["tripleaxel", "lowkick", "iceshard", "knockoff"], "ability": "Pickpocket", "evs": {"hp": 81, "atk": 85, "def": 85, "spa": 85, "spd": 85, "spe": 85}, "ivs": {"hp": 31, "atk": 31, "def": 31, "spa": 31, "spd": 31, "spe": 31}, "item": "Choice Band", "teraType": "Fighting", "role": "Fast Attacker", "bvs": {"hp": 70, "atk": 120, "def": 65, "spa": 45, "spd": 85, "spe": 125}, "stats": {"hp": 239, "atk": 235, "def": 148, "spa": 117, "spd": 180, "spe": 243}}, "Moltres": {"name": "Moltres", "species": "Moltres", "speciesId": "moltres", "gender": "N", "shiny": false, "level": 81, "moves": ["willowisp", "fireblast", "bravebird", "roost"], "ability": "Flame Body", "evs": {"hp": 85, "atk": 85, "def": 85, "spa": 85, "spd": 85, "spe": 85}, "ivs": {"hp": 31, "atk": 31, "def": 31, "spa": 31, "spd": 31, "spe": 31}, "item": "Heavy-Duty Boots", "teraType": "Steel", "role": "Bulky Attacker", "bvs": {"hp": 90, "atk": 100, "def": 90, "spa": 125, "spd": 85, "spe": 90}, "stats": {"hp": 278, "atk": 209, "def": 192, "spa": 249, "spd": 184, "spe": 192}}, "Blastoise": {"name": "Blastoise", "species": "Blastoise", "speciesId": "blastoise", "gender": "M", "shiny": false, "level": 80, "moves": ["earthquake", "shellsmash", "hydropump", "icebeam"], "ability": "Torrent", "evs": {"hp": 85, "atk": 85, "def": 85, "spa": 85, "spd": 85, "spe": 85}, "ivs": {"hp": 31, "atk": 31, "def": 31, "spa": 31, "spd": 31, "spe": 31}, "item": "White Herb", "teraType": "Water", "role": "Setup Sweeper", "bvs": {"hp": 79, "atk": 83, "def": 100, "spa": 85, "spd": 105, "spe": 78}, "stats": {"hp": 258, "atk": 179, "def": 206, "spa": 182, "spd": 214, "spe": 171}}, "Goodra": {"name": "Goodra", "species": "Goodra-Hisui", "speciesId": "goodrahisui", "gender": "M", "shiny": false, "level": 82, "moves": ["heavyslam", "hydropump", "earthquake", "dracometeor"], "ability": "Sap Sipper", "evs": {"hp": 85, "atk": 85, "def": 85, "spa": 85, "spd": 85, "spe": 85}, "ivs": {"hp": 31, "atk": 31, "def": 31, "spa": 31, "spd": 31, "spe": 31}, "item": "Assault Vest", "teraType": "Ground", "role": "AV Pivot", "bvs": {"hp": 80, "atk": 100, "def": 100, "spa": 110, "spd": 150, "spe": 60}, "stats": {"hp": 265, "atk": 211, "def": 211, "spa": 228, "spd": 293, "spe": 146}}, "Clodsire": {"name": "Clodsire", "species": "Clodsire", "speciesId": "clodsire", "gender": "M", "shiny": false, "level": 81, "moves": ["stealthrock", "earthquake", "poisonjab", "recover"], "ability": "Unaware", "evs": {"hp": 85, "atk": 85, "def": 85, "spa": 85, "spd": 85, "spe": 85}, "ivs": {"hp": 31, "atk": 31, "def": 31, "spa": 31, "spd": 31, "spe": 31}, "item": "Leftovers", "teraType": "Flying", "role": "Bulky Attacker", "bvs": {"hp": 130, "atk": 75, "def": 60, "spa": 45, "spd": 100, "spe": 20}, "stats": {"hp": 343, "atk": 168, "def": 144, "spa": 120, "spd": 209, "spe": 79}}}, {"Lycanroc": {"name": "Lycanroc", "species": "Lycanroc", "speciesId": "lycanroc", "gender": "M", "shiny": false, "level": 86, "moves": ["psychicfangs", "stealthrock", "closecombat", "stoneedge"], "ability": "Sand Rush", "evs": {"hp": 85, "atk": 85, "def": 85, "spa": 85, "spd": 85, "spe": 85}, "ivs": {"hp": 31, "atk": 31, "def": 31, "spa": 31, "spd": 31, "spe": 31}, "item": "Life Orb", "teraType": "Fighting", "role": "Fast Attacker", "bvs": {"hp": 75, "atk": 115, "def": 65, "spa": 55, "spd": 65, "spe": 112}, "stats": {"hp": 269, "atk": 247, "def": 161, "spa": 144, "spd": 161, "spe": 242}}, "Vivillon": {"name": "Vivillon", "species": "Vivillon-High Plains", "speciesId": "vivillon", "gender": "M", "shiny": false, "level": 83, "moves": ["hurricane", "sleeppowder", "terablast", "quiverdance"], "ability": "Compound Eyes", "evs": {"hp": 85, "atk": 0, "def": 85, "spa": 85, "spd": 85, "spe": 85}, "ivs": {"hp": 31, "atk": 0, "def": 31, "spa": 31, "spd": 31, "spe": 31}, "item": "Heavy-Duty Boots", "teraType": "Ground", "role": "Tera Blast user", "bvs": {"hp": 80, "atk": 52, "def": 50, "spa": 90, "spd": 50, "spe": 89}, "stats": {"hp": 268, "atk": 91, "def": 131, "spa": 197, "spd": 131, "spe": 195}}, "Sawsbuck": {"name": "Sawsbuck", "species": "Sawsbuck", "speciesId": "sawsbuck", "gender": "M", "shiny": false, "level": 88, "moves": ["highhorsepower", "hornleech", "headbutt", "swordsdance"], "ability": "Serene Grace", "evs": {"hp": 85, "atk": 85, "def": 85, "spa": 85, "spd": 85, "spe": 85}, "ivs": {"hp": 31, "atk": 31, "def": 31, "spa": 31, "spd": 31, "spe": 31}, "item": "Life Orb", "teraType": "Normal", "role": "Fast Attacker", "bvs": {"hp": 80, "atk": 100, "def": 70, "spa": 60, "spd": 70, "spe": 95}, "stats": {"hp": 284, "atk": 226, "def": 173, "spa": 156, "spd": 173, "spe": 217}}, "Regirock": {"name": "Regirock", "species": "Regirock", "speciesId": "regirock", "gender": "N", "shiny": false, "level": 83, "moves": ["thunderwave", "bodypress", "irondefense", "stoneedge"], "ability": "Clear Body", "evs": {"hp": 85, "atk": 85, "def": 85, "spa": 85, "spd": 85, "spe": 85}, "ivs": {"hp": 31, "atk": 31, "def": 31, "spa": 31, "spd": 31, "spe": 31}, "item": "Leftovers", "teraType": "Fighting", "role": "Bulky Attacker", "bvs": {"hp": 80, "atk": 100, "def": 200, "spa": 50, "spd": 100, "spe": 50}, "stats": {"hp": 268, "atk": 214, "def": 380, "spa": 131, "spd": 214, "spe": 131}}, "Sinistcha": {"name": "Sinistcha", "species": "Sinistcha", "speciesId": "sinistcha", "gender": "N", "shiny": false, "level": 83, "moves": ["matchagotcha", "calmmind", "strengthsap", "shadowball"], "ability": "Heatproof", "evs": {"hp": 85, "atk": 0, "def": 85, "spa": 85, "spd": 85, "spe": 85}, "ivs": {"hp": 31, "atk": 0, "def": 31, "spa": 31, "spd": 31, "spe": 31}, "item": "Leftovers", "teraType": "Steel", "role": "Bulky Setup", "bvs": {"hp": 71, "atk": 60, "def": 106, "spa": 121, "spd": 80, "spe": 70}, "stats": {"hp": 254, "atk": 104, "def": 224, "spa": 249, "spd": 180, "spe": 164}}, "Cresselia": {"name": "Cresselia", "species": "Cresselia", "speciesId": "cresselia", "gender": "F", "shiny": false, "level": 80, "moves": ["moonblast", "psyshock", "moonlight", "calmmind"], "ability": "Levitate", "evs": {"hp": 85, "atk": 0, "def": 85, "spa": 85, "spd": 85, "spe": 85}, "ivs": {"hp": 31, "atk": 0, "def": 31, "spa": 31, "spd": 31, "spe": 31}, "item": "Leftovers", "teraType": "Poison", "role": "Bulky Setup", "bvs": {"hp": 120, "atk": 70, "def": 110, "spa": 75, "spd": 120, "spe": 85}, "stats": {"hp": 323, "atk": 117, "def": 222, "spa": 166, "spd": 238, "spe": 182}}}]}