{"id": "gen9randombattle-2631470995", "format": "[Gen 9] Random Battle", "players": ["Gokucario", "mistic_nobelking"], "log": "|j|\u2606Gokucario\n|j|\u2606mistic_nobelking\n|t:|1781388862\n|gametype|singles\n|player|p1|Gokucario|riley|1937\n|player|p2|mistic_nobelking|1|1929\n|gen|9\n|tier|[Gen 9] Random Battle\n|rated|\n|rule|Species Clause: Limit one of each Pok\u00e9mon\n|rule|HP Percentage Mod: HP is shown in percentages\n|rule|Sleep Clause Mod: Limit one foe put to sleep\n|rule|Illusion Level Mod: Illusion disguises the Pok\u00e9mon's true level\n|\n|t:|1781388862\n|teamsize|p1|6\n|teamsize|p2|6\n|start\n|switch|p1a: Regidrago|Regidrago, L77|435/435\n|switch|p2a: Jumpluff|Jumpluff, L87, M|271/271\n|turn|1\n|inactive|Battle timer is ON: inactive players will automatically lose when time's up. (requested by Gokucario)\n|\n|t:|1781388885\n|move|p2a: Jumpluff|Strength Sap|p1a: Regidrago\n|-unboost|p1a: Regidrago|atk|1\n|move|p1a: Regidrago|Dragon Dance|p1a: Regidrago\n|-boost|p1a: Regidrago|atk|1\n|-boost|p1a: Regidrago|spe|1\n|\n|upkeep\n|turn|2\n|\n|t:|1781388890\n|move|p1a: Regidrago|Draco Meteor|p2a: Jumpluff\n|-damage|p2a: Jumpluff|114/271\n|-unboost|p1a: Regidrago|spa|2\n|move|p2a: Jumpluff|Encore|p1a: Regidrago\n|-start|p1a: Regidrago|Encore\n|\n|upkeep\n|turn|3\n|\n|t:|1781388905\n|move|p1a: Regidrago|Draco Meteor|p2a: Jumpluff|[miss]\n|-miss|p1a: Regidrago|p2a: Jumpluff\n|move|p2a: Jumpluff|Strength Sap|p1a: Regidrago\n|-unboost|p1a: Regidrago|atk|1\n|-heal|p2a: Jumpluff|271/271\n|\n|upkeep\n|turn|4\n|\n|t:|1781388920\n|switch|p1a: Darkrai|Darkrai, L77|234/234\n|switch|p2a: Abomasnow|Abomasnow, L84, M|287/287\n|-weather|Snowscape|[from] ability: Snow Warning|[of] p2a: Abomasnow\n|\n|-weather|Snowscape|[upkeep]\n|upkeep\n|turn|5\n|\n|t:|1781388929\n|move|p1a: Darkrai|Nasty Plot|p1a: Darkrai\n|-boost|p1a: Darkrai|spa|2\n|move|p2a: Abomasnow|Aurora Veil|p2a: Abomasnow\n|-sidestart|p2: mistic_nobelking|move: Aurora Veil\n|\n|-weather|Snowscape|[upkeep]\n|upkeep\n|turn|6\n|\n|t:|1781388933\n|move|p1a: Darkrai|Sludge Bomb|p2a: Abomasnow\n|-supereffective|p2a: Abomasnow\n|-damage|p2a: Abomasnow|105/287\n|-damage|p1a: Darkrai|211/234|[from] item: Life Orb\n|move|p2a: Abomasnow|Wood Hammer|p1a: Darkrai\n|-damage|p1a: Darkrai|70/234\n|-damage|p2a: Abomasnow|58/287|[from] Recoil\n|\n|-weather|Snowscape|[upkeep]\n|upkeep\n|turn|7\n|\n|t:|1781388941\n|switch|p2a: Jumpluff|Jumpluff, L87, M|271/271\n|move|p1a: Darkrai|Sludge Bomb|p2a: Jumpluff\n|-supereffective|p2a: Jumpluff\n|-damage|p2a: Jumpluff|115/271\n|-status|p2a: Jumpluff|psn\n|-damage|p1a: Darkrai|47/234|[from] item: Life Orb\n|\n|-weather|Snowscape|[upkeep]\n|-damage|p2a: Jumpluff|82/271 psn|[from] psn\n|upkeep\n|turn|8\n|\n|t:|1781388950\n|switch|p1a: Gardevoir|Gardevoir, L83, M|249/249\n|-ability|p1a: Gardevoir|Infiltrator|Trace|[from] ability: Trace|[of] p2a: Jumpluff\n|move|p2a: Jumpluff|Acrobatics|p1a: Gardevoir\n|-crit|p1a: Gardevoir\n|-damage|p1a: Gardevoir|87/249\n|\n|-weather|none\n|-damage|p2a: Jumpluff|49/271 psn|[from] psn\n|upkeep\n|turn|9\n|\n|t:|1781388960\n|move|p1a: Gardevoir|Moonblast|p2a: Jumpluff\n|-damage|p2a: Jumpluff|0 fnt\n|faint|p2a: Jumpluff\n|\n|upkeep\n|\n|t:|1781388968\n|switch|p2a: Camerupt|Camerupt, L91, F|275/275\n|turn|10\n|\n|t:|1781388975\n|switch|p1a: Lugia|Lugia, L73|275/275\n|move|p2a: Camerupt|Stealth Rock|p1a: Lugia\n|-sidestart|p1: Gokucario|move: Stealth Rock\n|\n|upkeep\n|turn|11\n|\n|t:|1781388992\n|switch|p2a: Slaking|Slaking, L84, F|389/389\n|move|p1a: Lugia|Calm Mind|p1a: Lugia\n|-boost|p1a: Lugia|spa|1\n|-boost|p1a: Lugia|spd|1\n|\n|upkeep\n|turn|12\n|\n|t:|1781389011\n|move|p2a: Slaking|Knock Off|p1a: Lugia\n|-supereffective|p1a: Lugia\n|-damage|p1a: Lugia|136/275\n|-enditem|p1a: Lugia|Heavy-Duty Boots|[from] move: Knock Off|[of] p2a: Slaking\n|move|p1a: Lugia|Calm Mind|p1a: Lugia\n|-boost|p1a: Lugia|spa|1\n|-boost|p1a: Lugia|spd|1\n|\n|-sideend|p2: mistic_nobelking|move: Aurora Veil\n|upkeep\n|turn|13\n|\n|t:|1781389019\n|switch|p2a: Emboar|Emboar, L84, M|322/322\n|move|p1a: Lugia|Recover|p1a: Lugia\n|-heal|p1a: Lugia|274/275\n|\n|upkeep\n|turn|14\n|\n|t:|1781389024\n|move|p2a: Emboar|Head Smash|p1a: Lugia\n|-supereffective|p1a: Lugia\n|-damage|p1a: Lugia|32/275\n|-damage|p2a: Emboar|201/322|[from] Recoil\n|move|p1a: Lugia|Aeroblast|p2a: Emboar\n|-supereffective|p2a: Emboar\n|-damage|p2a: Emboar|0 fnt\n|faint|p2a: Emboar\n|\n|upkeep\n|\n|t:|1781389032\n|switch|p2a: Slaking|Slaking, L84, F|389/389\n|turn|15\n|\n|t:|1781389035\n|move|p2a: Slaking|Knock Off|p1a: Lugia\n|-supereffective|p1a: Lugia\n|-damage|p1a: Lugia|0 fnt\n|faint|p1a: Lugia\n|\n|upkeep\n|\n|t:|1781389039\n|switch|p1a: Quaquaval|Quaquaval, L79, M|264/264\n|-damage|p1a: Quaquaval|248/264|[from] Stealth Rock\n|turn|16\n|\n|t:|1781389052\n|switch|p2a: Abomasnow|Abomasnow, L84, M|58/287\n|-weather|Snowscape|[from] ability: Snow Warning|[of] p2a: Abomasnow\n|move|p1a: Quaquaval|Aqua Step|p2a: Abomasnow\n|-resisted|p2a: Abomasnow\n|-damage|p2a: Abomasnow|18/287\n|-boost|p1a: Quaquaval|spe|1\n|-damage|p1a: Quaquaval|222/264|[from] item: Life Orb\n|\n|-weather|Snowscape|[upkeep]\n|upkeep\n|turn|17\n|\n|t:|1781389059\n|move|p1a: Quaquaval|Aqua Step|p2a: Abomasnow\n|-resisted|p2a: Abomasnow\n|-damage|p2a: Abomasnow|0 fnt\n|-boost|p1a: Quaquaval|spe|1\n|faint|p2a: Abomasnow\n|-ability|p1a: Quaquaval|Moxie|boost\n|-boost|p1a: Quaquaval|atk|1\n|-damage|p1a: Quaquaval|196/264|[from] item: Life Orb\n|\n|-weather|Snowscape|[upkeep]\n|upkeep\n|\n|t:|1781389065\n|switch|p2a: Slaking|Slaking, L84, F|389/389\n|turn|18\n|\n|t:|1781389071\n|-terastallize|p2a: Slaking|Ghost\n|move|p1a: Quaquaval|Close Combat|p2a: Slaking\n|-immune|p2a: Slaking\n|move|p2a: Slaking|Double-Edge|p1a: Quaquaval\n|-damage|p1a: Quaquaval|0 fnt\n|faint|p1a: Quaquaval\n|-damage|p2a: Slaking|324/389|[from] Recoil\n|\n|-weather|Snowscape|[upkeep]\n|upkeep\n|\n|t:|1781389077\n|switch|p1a: Regidrago|Regidrago, L77|435/435\n|-damage|p1a: Regidrago|381/435|[from] Stealth Rock\n|turn|19\n|\n|t:|1781389086\n|switch|p2a: Camerupt|Camerupt, L91, F|275/275\n|move|p1a: Regidrago|Dragon Dance|p1a: Regidrago\n|-boost|p1a: Regidrago|atk|1\n|-boost|p1a: Regidrago|spe|1\n|\n|-weather|Snowscape|[upkeep]\n|upkeep\n|turn|20\n|\n|t:|1781389100\n|move|p1a: Regidrago|Draco Meteor|p2a: Camerupt\n|-damage|p2a: Camerupt|100/275\n|-unboost|p1a: Regidrago|spa|2\n|move|p2a: Camerupt|Roar|p1a: Regidrago\n|drag|p1a: Darkrai|Darkrai, L77|47/234\n|-damage|p1a: Darkrai|18/234|[from] Stealth Rock\n|\n|-weather|none\n|-heal|p2a: Camerupt|117/275|[from] item: Leftovers\n|upkeep\n|turn|21\n|\n|t:|1781389106\n|move|p1a: Darkrai|Dark Pulse|p2a: Camerupt\n|-damage|p2a: Camerupt|0 fnt\n|faint|p2a: Camerupt\n|-damage|p1a: Darkrai|0 fnt|[from] item: Life Orb\n|faint|p1a: Darkrai\n|\n|upkeep\n|\n|t:|1781389120\n|switch|p1a: Dugtrio|Dugtrio, L84, F|196/196\n|switch|p2a: Slaking|Slaking, L84, F, tera:Ghost|324/389\n|-damage|p1a: Dugtrio|184/196|[from] Stealth Rock\n|turn|22\n|\n|t:|1781389131\n|move|p1a: Dugtrio|Throat Chop|p2a: Slaking\n|-supereffective|p2a: Slaking\n|-damage|p2a: Slaking|166/389\n|-start|p2a: Slaking|Throat Chop|[silent]\n|move|p2a: Slaking|Double-Edge|p1a: Dugtrio\n|-damage|p1a: Dugtrio|0 fnt\n|faint|p1a: Dugtrio\n|-damage|p2a: Slaking|105/389|[from] Recoil\n|\n|upkeep\n|\n|t:|1781389139\n|switch|p1a: Regidrago|Regidrago, L77|381/435\n|-damage|p1a: Regidrago|327/435|[from] Stealth Rock\n|turn|23\n|\n|t:|1781389144\n|cant|p2a: Slaking|ability: Truant\n|move|p1a: Regidrago|Dragon Dance|p1a: Regidrago\n|-boost|p1a: Regidrago|atk|1\n|-boost|p1a: Regidrago|spe|1\n|\n|-end|p2a: Slaking|Throat Chop|[silent]\n|upkeep\n|turn|24\n|\n|t:|1781389155\n|move|p1a: Regidrago|Outrage|p2a: Slaking\n|-damage|p2a: Slaking|0 fnt\n|faint|p2a: Slaking\n|\n|upkeep\n|\n|t:|1781389159\n|switch|p2a: Zoroark|Zoroark, L83, F|235/235\n|turn|25\n|\n|t:|1781389162\n|move|p1a: Regidrago|Outrage|p2a: Zoroark|[from] lockedmove\n|-damage|p2a: Zoroark|0 fnt\n|faint|p2a: Zoroark\n|-start|p1a: Regidrago|confusion|[fatigue]\n|\n|win|Gokucario\n", "inputlog": ">version a8376a258c1d4662feba110a92103f3664a72141\n>start {\"formatid\":\"gen9randombattle\",\"seed\":\"sodium,2511ae5595e1921434b3b54c15d2ccde\",\"rated\":\"Rated battle\"}\n>player p1 {\"name\":\"Gokucario\",\"avatar\":\"riley\",\"rating\":1937,\"seed\":\"sodium,c91bf81250ba2606ae937d8c88f924cc\"}\n>player p2 {\"name\":\"mistic_nobelking\",\"avatar\":\"1\",\"rating\":1929,\"seed\":\"sodium,51ee5805522b2c5cc3c9cc79dc42845c\"}\n>p1 move dragondance\n>p2 move strengthsap\n>p1 move dracometeor\n>p2 move encore\n>p1 move dracometeor\n>p2 move strengthsap\n>p1 switch 6\n>p2 switch 5\n>p1 move nastyplot\n>p2 move auroraveil\n>p1 move sludgebomb\n>p2 move woodhammer\n>p1 move sludgebomb\n>p2 switch 5\n>p1 switch 2\n>p2 move acrobatics\n>p1 move moonblast\n>p2 move acrobatics\n>p2 switch 6\n>p1 switch 5\n>p2 move stealthrock\n>p1 move calmmind\n>p2 switch 4\n>p1 move calmmind\n>p2 move knockoff\n>p1 move recover\n>p2 switch 3\n>p1 move aeroblast\n>p2 move headsmash\n>p2 switch 3\n>p1 move recover\n>p2 move knockoff\n>p1 switch 3\n>p1 move aquastep\n>p2 switch 5\n>p1 move aquastep\n>p2 move woodhammer\n>p2 switch 5\n>p1 move closecombat\n>p2 move doubleedge terastallize\n>p1 switch 6\n>p1 move dragondance\n>p2 switch 4\n>p1 move dracometeor\n>p2 move roar\n>p1 move darkpulse\n>p2 move earthquake\n>p1 switch 4\n>p2 switch 4\n>p1 move throatchop\n>p2 move doubleedge\n>p1 switch 2\n>p1 move dragondance\n>p2 move doubleedge\n>p1 move outrage\n>p2 move doubleedge\n>p2 switch 2\n>p1 move outrage\n>p2 move darkpulse", "uploadtime": 1781388863, "views": 7, "formatid": "gen9randombattle", "rating": null, "private": 0, "password": null, "player_dets": [{"name": "Gokucario", "avatar": "riley", "rating": 1937, "seed": "sodium,c91bf81250ba2606ae937d8c88f924cc"}, {"name": "mistic_nobelking", "avatar": "1", "rating": 1929, "seed": "sodium,51ee5805522b2c5cc3c9cc79dc42845c"}], "teams_full": [{"Regidrago": {"name": "Regidrago", "species": "Regidrago", "speciesId": "regidrago", "gender": "N", "shiny": false, "level": 77, "moves": ["outrage", "earthquake", "dragondance", "dracometeor"], "ability": "Dragon's Maw", "evs": {"hp": 85, "atk": 85, "def": 85, "spa": 85, "spd": 85, "spe": 85}, "ivs": {"hp": 31, "atk": 31, "def": 31, "spa": 31, "spd": 31, "spe": 31}, "item": "Lum Berry", "teraType": "Dragon", "role": "Setup Sweeper", "bvs": {"hp": 200, "atk": 100, "def": 50, "spa": 100, "spd": 50, "spe": 80}, "stats": {"hp": 435, "atk": 199, "def": 122, "spa": 199, "spd": 122, "spe": 168}}, "Gardevoir": {"name": "Gardevoir", "species": "Gardevoir", "speciesId": "gardevoir", "gender": "M", "shiny": false, "level": 83, "moves": ["psychic", "healingwish", "focusblast", "moonblast"], "ability": "Trace", "evs": {"hp": 85, "atk": 0, "def": 85, "spa": 85, "spd": 85, "spe": 85}, "ivs": {"hp": 31, "atk": 0, "def": 31, "spa": 31, "spd": 31, "spe": 31}, "item": "Choice Scarf", "teraType": "Fairy", "role": "Fast Attacker", "bvs": {"hp": 68, "atk": 65, "def": 65, "spa": 125, "spd": 115, "spe": 80}, "stats": {"hp": 249, "atk": 112, "def": 156, "spa": 255, "spd": 239, "spe": 180}}, "Quaquaval": {"name": "Quaquaval", "species": "Quaquaval", "speciesId": "quaquaval", "gender": "M", "shiny": false, "level": 79, "moves": ["closecombat", "swordsdance", "aquastep", "encore"], "ability": "Moxie", "evs": {"hp": 85, "atk": 85, "def": 85, "spa": 85, "spd": 85, "spe": 85}, "ivs": {"hp": 31, "atk": 31, "def": 31, "spa": 31, "spd": 31, "spe": 31}, "item": "Life Orb", "teraType": "Water", "role": "Setup Sweeper", "bvs": {"hp": 85, "atk": 120, "def": 80, "spa": 85, "spd": 75, "spe": 85}, "stats": {"hp": 264, "atk": 235, "def": 172, "spa": 180, "spd": 164, "spe": 180}}, "Dugtrio": {"name": "Dugtrio", "species": "Dugtrio", "speciesId": "dugtrio", "gender": "F", "shiny": false, "level": 84, "moves": ["suckerpunch", "throatchop", "stoneedge", "earthquake"], "ability": "Arena Trap", "evs": {"hp": 85, "atk": 85, "def": 85, "spa": 85, "spd": 85, "spe": 85}, "ivs": {"hp": 31, "atk": 31, "def": 31, "spa": 31, "spd": 31, "spe": 31}, "item": "Choice Band", "teraType": "Ground", "role": "Wallbreaker", "bvs": {"hp": 35, "atk": 100, "def": 50, "spa": 50, "spd": 70, "spe": 120}, "stats": {"hp": 196, "atk": 216, "def": 132, "spa": 132, "spd": 166, "spe": 250}}, "Lugia": {"name": "Lugia", "species": "Lugia", "speciesId": "lugia", "gender": "N", "shiny": false, "level": 73, "moves": ["aeroblast", "psychicnoise", "recover", "calmmind"], "ability": "Multiscale", "evs": {"hp": 85, "atk": 0, "def": 85, "spa": 85, "spd": 85, "spe": 85}, "ivs": {"hp": 31, "atk": 0, "def": 31, "spa": 31, "spd": 31, "spe": 31}, "item": "Heavy-Duty Boots", "teraType": "Steel", "role": "Setup Sweeper", "bvs": {"hp": 106, "atk": 90, "def": 130, "spa": 90, "spd": 154, "spe": 110}, "stats": {"hp": 275, "atk": 136, "def": 232, "spa": 174, "spd": 267, "spe": 203}}, "Darkrai": {"name": "Darkrai", "species": "Darkrai", "speciesId": "darkrai", "gender": "N", "shiny": false, "level": 77, "moves": ["nastyplot", "sludgebomb", "darkpulse", "focusblast"], "ability": "Bad Dreams", "evs": {"hp": 85, "atk": 0, "def": 85, "spa": 85, "spd": 85, "spe": 85}, "ivs": {"hp": 31, "atk": 0, "def": 31, "spa": 31, "spd": 31, "spe": 31}, "item": "Life Orb", "teraType": "Poison", "role": "Setup Sweeper", "bvs": {"hp": 70, "atk": 90, "def": 90, "spa": 135, "spd": 90, "spe": 125}, "stats": {"hp": 234, "atk": 143, "def": 183, "spa": 252, "spd": 183, "spe": 237}}}, {"Jumpluff": {"name": "Jumpluff", "species": "Jumpluff", "speciesId": "jumpluff", "gender": "M", "shiny": false, "level": 87, "moves": ["strengthsap", "encore", "sleeppowder", "acrobatics"], "ability": "Infiltrator", "evs": {"hp": 81, "atk": 85, "def": 85, "spa": 85, "spd": 85, "spe": 85}, "ivs": {"hp": 31, "atk": 31, "def": 31, "spa": 31, "spd": 31, "spe": 31}, "item": "", "teraType": "Steel", "role": "Bulky Attacker", "bvs": {"hp": 75, "atk": 55, "def": 70, "spa": 55, "spd": 95, "spe": 110}, "stats": {"hp": 271, "atk": 145, "def": 172, "spa": 145, "spd": 215, "spe": 241}}, "Zoroark": {"name": "Zoroark", "species": "Zoroark", "speciesId": "zoroark", "gender": "F", "shiny": false, "level": 83, "moves": ["psychic", "sludgebomb", "darkpulse", "nastyplot"], "ability": "Illusion", "evs": {"hp": 85, "atk": 0, "def": 85, "spa": 85, "spd": 85, "spe": 85}, "ivs": {"hp": 31, "atk": 0, "def": 31, "spa": 31, "spd": 31, "spe": 31}, "item": "Life Orb", "teraType": "Poison", "role": "Setup Sweeper", "bvs": {"hp": 60, "atk": 105, "def": 60, "spa": 120, "spd": 60, "spe": 105}, "stats": {"hp": 235, "atk": 179, "def": 147, "spa": 247, "spd": 147, "spe": 222}}, "Emboar": {"name": "Emboar", "species": "Emboar", "speciesId": "emboar", "gender": "M", "shiny": false, "level": 84, "moves": ["headsmash", "closecombat", "flareblitz", "wildcharge"], "ability": "Reckless", "evs": {"hp": 85, "atk": 85, "def": 85, "spa": 85, "spd": 85, "spe": 85}, "ivs": {"hp": 31, "atk": 31, "def": 31, "spa": 31, "spd": 31, "spe": 31}, "item": "Choice Scarf", "teraType": "Fire", "role": "Fast Attacker", "bvs": {"hp": 110, "atk": 123, "def": 65, "spa": 100, "spd": 65, "spe": 65}, "stats": {"hp": 322, "atk": 255, "def": 157, "spa": 216, "spd": 157, "spe": 157}}, "Slaking": {"name": "Slaking", "species": "Slaking", "speciesId": "slaking", "gender": "F", "shiny": false, "level": 84, "moves": ["earthquake", "doubleedge", "knockoff", "gigaimpact"], "ability": "Truant", "evs": {"hp": 85, "atk": 85, "def": 85, "spa": 85, "spd": 85, "spe": 85}, "ivs": {"hp": 31, "atk": 31, "def": 31, "spa": 31, "spd": 31, "spe": 31}, "item": "Choice Band", "teraType": "Ghost", "role": "Wallbreaker", "bvs": {"hp": 150, "atk": 160, "def": 100, "spa": 95, "spd": 65, "spe": 100}, "stats": {"hp": 389, "atk": 317, "def": 216, "spa": 208, "spd": 157, "spe": 216}}, "Abomasnow": {"name": "Abomasnow", "species": "Abomasnow", "speciesId": "abomasnow", "gender": "M", "shiny": false, "level": 84, "moves": ["blizzard", "auroraveil", "woodhammer", "earthquake"], "ability": "Snow Warning", "evs": {"hp": 77, "atk": 85, "def": 85, "spa": 85, "spd": 85, "spe": 85}, "ivs": {"hp": 31, "atk": 31, "def": 31, "spa": 31, "spd": 31, "spe": 31}, "item": "Light Clay", "teraType": "Ghost", "role": "Bulky Support", "bvs": {"hp": 90, "atk": 92, "def": 75, "spa": 92, "spd": 85, "spe": 60}, "stats": {"hp": 287, "atk": 203, "def": 174, "spa": 203, "spd": 191, "spe": 149}}, "Camerupt": {"name": "Camerupt", "species": "Camerupt", "speciesId": "camerupt", "gender": "F", "shiny": false, "level": 91, "moves": ["stealthrock", "roar", "overheat", "earthquake"], "ability": "Solid Rock", "evs": {"hp": 85, "atk": 85, "def": 85, "spa": 85, "spd": 85, "spe": 85}, "ivs": {"hp": 31, "atk": 31, "def": 31, "spa": 31, "spd": 31, "spe": 31}, "item": "Leftovers", "teraType": "Water", "role": "Bulky Support", "bvs": {"hp": 70, "atk": 100, "def": 70, "spa": 105, "spd": 75, "spe": 40}, "stats": {"hp": 275, "atk": 234, "def": 179, "spa": 243, "spd": 188, "spe": 125}}}]}