{"id": "gen9randombattle-2632014574", "format": "[Gen 9] Random Battle", "players": ["PrimalRazz", "NYCHomo"], "log": "|j|\u2606PrimalRazz\n|j|\u2606NYCHomo\n|t:|1781466080\n|gametype|singles\n|player|p1|PrimalRazz|scientist|1908\n|player|p2|NYCHomo|101|1908\n|gen|9\n|tier|[Gen 9] Random Battle\n|rated|\n|rule|Species Clause: Limit one of each Pok\u00e9mon\n|rule|HP Percentage Mod: HP is shown in percentages\n|rule|Sleep Clause Mod: Limit one foe put to sleep\n|rule|Illusion Level Mod: Illusion disguises the Pok\u00e9mon's true level\n|\n|t:|1781466080\n|teamsize|p1|6\n|teamsize|p2|6\n|start\n|switch|p1a: Oricorio|Oricorio, L84, M|263/263\n|switch|p2a: Zebstrika|Zebstrika, L87, M|272/272\n|turn|1\n|inactive|Battle timer is ON: inactive players will automatically lose when time's up. (requested by PrimalRazz)\n|\n|t:|1781466107\n|switch|p1a: Giratina|Giratina, L75|349/349\n|-ability|p1a: Giratina|Pressure\n|move|p2a: Zebstrika|High Horsepower|p1a: Giratina\n|-damage|p1a: Giratina|258/349\n|-damage|p2a: Zebstrika|245/272|[from] item: Life Orb\n|\n|-heal|p1a: Giratina|279/349|[from] item: Leftovers\n|upkeep\n|turn|2\n|\n|t:|1781466128\n|switch|p2a: Braviary|Braviary, L85, M|309/309\n|move|p1a: Giratina|Will-O-Wisp|p2a: Braviary\n|-status|p2a: Braviary|brn\n|\n|-heal|p1a: Giratina|300/349|[from] item: Leftovers\n|-damage|p2a: Braviary|290/309 brn|[from] brn\n|upkeep\n|turn|3\n|\n|t:|1781466144\n|switch|p1a: Bronzong|Bronzong, L88|261/261\n|move|p2a: Braviary|Bulk Up|p2a: Braviary\n|-boost|p2a: Braviary|atk|1\n|-boost|p2a: Braviary|def|1\n|\n|-damage|p2a: Braviary|271/309 brn|[from] brn\n|upkeep\n|turn|4\n|\n|t:|1781466152\n|move|p2a: Braviary|Bulk Up|p2a: Braviary\n|-boost|p2a: Braviary|atk|1\n|-boost|p2a: Braviary|def|1\n|move|p1a: Bronzong|Iron Defense|p1a: Bronzong\n|-boost|p1a: Bronzong|def|2\n|\n|-damage|p2a: Braviary|252/309 brn|[from] brn\n|upkeep\n|turn|5\n|\n|t:|1781466156\n|switch|p2a: Scream Tail|Scream Tail, L84|330/330\n|move|p1a: Bronzong|Body Press|p2a: Scream Tail\n|-resisted|p2a: Scream Tail\n|-damage|p2a: Scream Tail|297/330\n|\n|-heal|p2a: Scream Tail|317/330|[from] item: Leftovers\n|upkeep\n|turn|6\n|\n|t:|1781466164\n|switch|p1a: Skuntank|Skuntank, L84, M|310/310\n|move|p2a: Scream Tail|Thunder Wave|p1a: Skuntank\n|-status|p1a: Skuntank|par\n|\n|-heal|p2a: Scream Tail|330/330|[from] item: Leftovers\n|upkeep\n|turn|7\n|\n|t:|1781466169\n|-end|p2a: Scream Tail|Protosynthesis|[silent]\n|switch|p2a: Braviary|Braviary, L85, M|252/309 brn\n|cant|p1a: Skuntank|par\n|\n|-damage|p2a: Braviary|233/309 brn|[from] brn\n|upkeep\n|turn|8\n|\n|t:|1781466174\n|move|p2a: Braviary|Close Combat|p1a: Skuntank\n|-damage|p1a: Skuntank|243/310 par\n|-unboost|p2a: Braviary|def|1\n|-unboost|p2a: Braviary|spd|1\n|move|p1a: Skuntank|Toxic Spikes|p2a: Braviary\n|-sidestart|p2: NYCHomo|move: Toxic Spikes\n|\n|-damage|p2a: Braviary|214/309 brn|[from] brn\n|upkeep\n|turn|9\n|\n|t:|1781466185\n|switch|p1a: Bronzong|Bronzong, L88|261/261\n|move|p2a: Braviary|Brave Bird|p1a: Bronzong\n|-resisted|p1a: Bronzong\n|-damage|p1a: Bronzong|232/261\n|-damage|p2a: Braviary|204/309 brn|[from] Recoil\n|\n|-heal|p1a: Bronzong|248/261|[from] item: Leftovers\n|-damage|p2a: Braviary|185/309 brn|[from] brn\n|upkeep\n|turn|10\n|\n|t:|1781466201\n|switch|p2a: Enamorus|Enamorus, L79, F|247/247\n|move|p1a: Bronzong|Iron Defense|p1a: Bronzong\n|-boost|p1a: Bronzong|def|2\n|\n|-heal|p1a: Bronzong|261/261|[from] item: Leftovers\n|upkeep\n|turn|11\n|\n|t:|1781466208\n|move|p2a: Enamorus|Calm Mind|p2a: Enamorus\n|-boost|p2a: Enamorus|spa|1\n|-boost|p2a: Enamorus|spd|1\n|move|p1a: Bronzong|Iron Head|p2a: Enamorus\n|-supereffective|p2a: Enamorus\n|-crit|p2a: Enamorus\n|-damage|p2a: Enamorus|0 fnt\n|faint|p2a: Enamorus\n|\n|upkeep\n|\n|t:|1781466215\n|switch|p2a: Zebstrika|Zebstrika, L87, M|245/272\n|-status|p2a: Zebstrika|psn\n|turn|12\n|\n|t:|1781466221\n|move|p2a: Zebstrika|Overheat|p1a: Bronzong\n|-supereffective|p1a: Bronzong\n|-crit|p1a: Bronzong\n|-damage|p1a: Bronzong|11/261\n|-unboost|p2a: Zebstrika|spa|2\n|-damage|p2a: Zebstrika|218/272 psn|[from] item: Life Orb\n|move|p1a: Bronzong|Body Press|p2a: Zebstrika\n|-damage|p2a: Zebstrika|37/272 psn\n|\n|-heal|p1a: Bronzong|27/261|[from] item: Leftovers\n|-damage|p2a: Zebstrika|3/272 psn|[from] psn\n|upkeep\n|turn|13\n|\n|t:|1781466233\n|move|p2a: Zebstrika|Volt Switch|p1a: Bronzong\n|-damage|p1a: Bronzong|0 fnt\n|faint|p1a: Bronzong\n|-damage|p2a: Zebstrika|0 fnt|[from] item: Life Orb\n|faint|p2a: Zebstrika\n|\n|upkeep\n|\n|t:|1781466246\n|switch|p2a: Rabsca|Rabsca, L91, F|284/284\n|switch|p1a: Noivern|Noivern, L82, F|274/274\n|turn|14\n|\n|t:|1781466253\n|-terastallize|p2a: Rabsca|Steel\n|move|p1a: Noivern|Hurricane|p2a: Rabsca\n|-resisted|p2a: Rabsca\n|-damage|p2a: Rabsca|212/284\n|move|p2a: Rabsca|Trick Room|p2a: Rabsca\n|-fieldstart|move: Trick Room|[of] p2a: Rabsca\n|\n|upkeep\n|turn|15\n|\n|t:|1781466262\n|switch|p1a: Giratina|Giratina, L75|300/349\n|-ability|p1a: Giratina|Pressure\n|move|p2a: Rabsca|Revival Blessing|p2a: Rabsca\n|\n|t:|1781466267\n|-heal|p2: Enamorus|123/247|[from] move: Revival Blessing\n|\n|-heal|p1a: Giratina|321/349|[from] item: Leftovers\n|upkeep\n|turn|16\n|\n|t:|1781466270\n|move|p2a: Rabsca|Psychic|p1a: Giratina\n|-damage|p1a: Giratina|216/349\n|-unboost|p1a: Giratina|spd|1\n|move|p1a: Giratina|Shadow Ball|p2a: Rabsca\n|-damage|p2a: Rabsca|146/284\n|\n|-heal|p1a: Giratina|237/349|[from] item: Leftovers\n|upkeep\n|turn|17\n|\n|t:|1781466279\n|move|p2a: Rabsca|Psychic|p1a: Giratina\n|-damage|p1a: Giratina|63/349\n|move|p1a: Giratina|Shadow Ball|p2a: Rabsca\n|-damage|p2a: Rabsca|83/284\n|-unboost|p2a: Rabsca|spd|1\n|\n|-heal|p1a: Giratina|84/349|[from] item: Leftovers\n|upkeep\n|turn|18\n|\n|t:|1781466290\n|move|p2a: Rabsca|Bug Buzz|p1a: Giratina\n|-resisted|p1a: Giratina\n|-damage|p1a: Giratina|1/349\n|move|p1a: Giratina|Rest|p1a: Giratina\n|-status|p1a: Giratina|slp|[from] move: Rest\n|-heal|p1a: Giratina|349/349 slp|[silent]\n|\n|-fieldend|move: Trick Room\n|upkeep\n|turn|19\n|\n|t:|1781466297\n|switch|p1a: Skuntank|Skuntank, L84, M|243/310 par\n|move|p2a: Rabsca|Psychic|p1a: Skuntank\n|-immune|p1a: Skuntank\n|\n|upkeep\n|turn|20\n|\n|t:|1781466304\n|cant|p1a: Skuntank|par\n|move|p2a: Rabsca|Bug Buzz|p1a: Skuntank\n|-damage|p1a: Skuntank|68/310 par\n|\n|upkeep\n|turn|21\n|\n|t:|1781466308\n|switch|p2a: Braviary|Braviary, L85, M|185/309 brn\n|cant|p1a: Skuntank|par\n|\n|-damage|p2a: Braviary|166/309 brn|[from] brn\n|upkeep\n|turn|22\n|\n|t:|1781466314\n|move|p2a: Braviary|Roost|p2a: Braviary\n|-heal|p2a: Braviary|309/309 brn\n|-singleturn|p2a: Braviary|move: Roost\n|cant|p1a: Skuntank|par\n|\n|-damage|p2a: Braviary|290/309 brn|[from] brn\n|upkeep\n|turn|23\n|\n|t:|1781466319\n|move|p2a: Braviary|Bulk Up|p2a: Braviary\n|-boost|p2a: Braviary|atk|1\n|-boost|p2a: Braviary|def|1\n|cant|p1a: Skuntank|par\n|\n|-damage|p2a: Braviary|271/309 brn|[from] brn\n|upkeep\n|turn|24\n|\n|t:|1781466327\n|switch|p1a: Primarina|Primarina, L83, M|268/268\n|move|p2a: Braviary|Bulk Up|p2a: Braviary\n|-boost|p2a: Braviary|atk|1\n|-boost|p2a: Braviary|def|1\n|\n|-damage|p2a: Braviary|252/309 brn|[from] brn\n|upkeep\n|turn|25\n|\n|t:|1781466330\n|move|p2a: Braviary|Brave Bird|p1a: Primarina\n|-crit|p1a: Primarina\n|-damage|p1a: Primarina|0 fnt\n|faint|p1a: Primarina\n|-damage|p2a: Braviary|164/309 brn|[from] Recoil\n|\n|-damage|p2a: Braviary|145/309 brn|[from] brn\n|upkeep\n|\n|t:|1781466339\n|switch|p1a: Noivern|Noivern, L82, F|274/274\n|turn|26\n|\n|t:|1781466350\n|move|p1a: Noivern|Boomburst|p2a: Braviary\n|-damage|p2a: Braviary|0 fnt\n|faint|p2a: Braviary\n|\n|upkeep\n|\n|t:|1781466352\n|switch|p2a: Rabsca|Rabsca, L91, F, tera:Steel|83/284\n|turn|27\n|\n|t:|1781466357\n|switch|p1a: Skuntank|Skuntank, L84, M|68/310 par\n|move|p2a: Rabsca|Trick Room|p2a: Rabsca\n|-fieldstart|move: Trick Room|[of] p2a: Rabsca\n|\n|upkeep\n|turn|28\n|\n|t:|1781466365\n|move|p2a: Rabsca|Bug Buzz|p1a: Skuntank\n|-damage|p1a: Skuntank|0 fnt\n|faint|p1a: Skuntank\n|\n|upkeep\n|\n|t:|1781466369\n|switch|p1a: Oricorio|Oricorio, L84, M|263/263\n|turn|29\n|\n|t:|1781466371\n|move|p2a: Rabsca|Psychic|p1a: Oricorio\n|-damage|p1a: Oricorio|104/263\n|-unboost|p1a: Oricorio|spd|1\n|move|p1a: Oricorio|Revelation Dance|p2a: Rabsca\n|-supereffective|p2a: Rabsca\n|-damage|p2a: Rabsca|0 fnt\n|faint|p2a: Rabsca\n|\n|upkeep\n|\n|t:|1781466396\n|switch|p2a: Scream Tail|Scream Tail, L84|330/330\n|-status|p2a: Scream Tail|psn\n|turn|30\n|\n|t:|1781466407\n|switch|p1a: Giratina|Giratina, L75|349/349 slp\n|-ability|p1a: Giratina|Pressure\n|move|p2a: Scream Tail|Thunder Wave||[still]\n|-fail|p2a: Scream Tail\n|\n|-damage|p2a: Scream Tail|289/330 psn|[from] psn\n|upkeep\n|turn|31\n|\n|t:|1781466412\n|cant|p1a: Giratina|slp\n|move|p1a: Giratina|Sleep Talk|p1a: Giratina\n|move|p1a: Giratina|Rest||[from] move: Sleep Talk|[still]\n|-fail|p1a: Giratina\n|move|p2a: Scream Tail|Wish|p2a: Scream Tail\n|\n|-heal|p2a: Scream Tail|309/330 psn|[from] item: Leftovers\n|-damage|p2a: Scream Tail|268/330 psn|[from] psn\n|-fieldend|move: Trick Room\n|upkeep\n|turn|32\n|\n|t:|1781466417\n|-end|p2a: Scream Tail|Protosynthesis|[silent]\n|switch|p2a: Enamorus|Enamorus, L79, F|123/247\n|cant|p1a: Giratina|slp\n|\n|-heal|p2a: Enamorus|247/247|[from] move: Wish|[wisher] Scream Tail\n|upkeep\n|turn|33\n|\n|t:|1781466427\n|switch|p1a: Noivern|Noivern, L82, F|274/274\n|move|p2a: Enamorus|Calm Mind|p2a: Enamorus\n|-boost|p2a: Enamorus|spa|1\n|-boost|p2a: Enamorus|spd|1\n|\n|upkeep\n|turn|34\n|\n|t:|1781466431\n|-terastallize|p1a: Noivern|Normal\n|move|p1a: Noivern|Boomburst|p2a: Enamorus\n|-damage|p2a: Enamorus|97/247\n|move|p2a: Enamorus|Moonblast|p1a: Noivern\n|-damage|p1a: Noivern|76/274\n|\n|upkeep\n|turn|35\n|\n|t:|1781466446\n|switch|p2a: Scream Tail|Scream Tail, L84|268/330 psn\n|move|p1a: Noivern|Boomburst|p2a: Scream Tail\n|-damage|p2a: Scream Tail|85/330 psn\n|\n|-heal|p2a: Scream Tail|105/330 psn|[from] item: Leftovers\n|-damage|p2a: Scream Tail|64/330 psn|[from] psn\n|upkeep\n|turn|36\n|\n|t:|1781466455\n|move|p1a: Noivern|Boomburst|p2a: Scream Tail\n|-damage|p2a: Scream Tail|0 fnt\n|faint|p2a: Scream Tail\n|-end|p2a: Scream Tail|Protosynthesis|[silent]\n|\n|upkeep\n|\n|t:|1781466457\n|switch|p2a: Palkia|Palkia-Origin, L72|249/249\n|-status|p2a: Palkia|psn\n|-ability|p2a: Palkia|Pressure\n|turn|37\n|inactive|PrimalRazz has 120 seconds left.\n|\n|t:|1781466492\n|switch|p1a: Giratina|Giratina, L75|349/349 slp\n|-ability|p1a: Giratina|Pressure\n|move|p2a: Palkia|Draco Meteor|p1a: Giratina\n|-supereffective|p1a: Giratina\n|-damage|p1a: Giratina|53/349 slp\n|-unboost|p2a: Palkia|spa|2\n|\n|-heal|p1a: Giratina|74/349 slp|[from] item: Leftovers\n|-damage|p2a: Palkia|218/249 psn|[from] psn\n|upkeep\n|turn|38\n|inactive|PrimalRazz has 120 seconds left.\n|\n|t:|1781466502\n|move|p2a: Palkia|Draco Meteor|p1a: Giratina\n|-supereffective|p1a: Giratina\n|-damage|p1a: Giratina|0 fnt\n|-unboost|p2a: Palkia|spa|2\n|faint|p1a: Giratina\n|\n|-damage|p2a: Palkia|187/249 psn|[from] psn\n|upkeep\n|\n|t:|1781466505\n|switch|p1a: Oricorio|Oricorio, L84, M|104/263\n|turn|39\n|\n|t:|1781466508\n|move|p2a: Palkia|Thunder Wave|p1a: Oricorio\n|-status|p1a: Oricorio|par\n|move|p1a: Oricorio|Roost|p1a: Oricorio\n|-heal|p1a: Oricorio|236/263 par\n|-singleturn|p1a: Oricorio|move: Roost\n|\n|-damage|p2a: Palkia|156/249 psn|[from] psn\n|upkeep\n|turn|40\n|\n|t:|1781466513\n|switch|p2a: Enamorus|Enamorus, L79, F|97/247\n|move|p1a: Oricorio|Revelation Dance|p2a: Enamorus\n|-damage|p2a: Enamorus|0 fnt\n|faint|p2a: Enamorus\n|\n|upkeep\n|\n|t:|1781466517\n|switch|p2a: Palkia|Palkia-Origin, L72|156/249 psn\n|-ability|p2a: Palkia|Pressure\n|turn|41\n|\n|t:|1781466523\n|move|p2a: Palkia|Hydro Pump|p1a: Oricorio|[miss]\n|-miss|p2a: Palkia|p1a: Oricorio\n|move|p1a: Oricorio|Quiver Dance|p1a: Oricorio\n|-boost|p1a: Oricorio|spa|1\n|-boost|p1a: Oricorio|spd|1\n|-boost|p1a: Oricorio|spe|1\n|\n|-damage|p2a: Palkia|125/249 psn|[from] psn\n|upkeep\n|turn|42\n|\n|t:|1781466527\n|move|p2a: Palkia|Hydro Pump|p1a: Oricorio|[miss]\n|-miss|p2a: Palkia|p1a: Oricorio\n|move|p1a: Oricorio|Roost|p1a: Oricorio\n|-heal|p1a: Oricorio|263/263 par\n|-singleturn|p1a: Oricorio|move: Roost\n|\n|-damage|p2a: Palkia|94/249 psn|[from] psn\n|upkeep\n|turn|43\n|\n|t:|1781466530\n|move|p2a: Palkia|Hydro Pump|p1a: Oricorio|[miss]\n|-miss|p2a: Palkia|p1a: Oricorio\n|move|p1a: Oricorio|Roost||[still]\n|-fail|p1a: Oricorio|heal\n|\n|-damage|p2a: Palkia|63/249 psn|[from] psn\n|upkeep\n|turn|44\n|\n|t:|1781466533\n|move|p2a: Palkia|Hydro Pump|p1a: Oricorio\n|-supereffective|p1a: Oricorio\n|-damage|p1a: Oricorio|29/263 par\n|move|p1a: Oricorio|Hurricane|p2a: Palkia|[miss]\n|-miss|p1a: Oricorio|p2a: Palkia\n|\n|-damage|p2a: Palkia|32/249 psn|[from] psn\n|upkeep\n|turn|45\n|\n|t:|1781466539\n|move|p2a: Palkia|Hydro Pump|p1a: Oricorio\n|-supereffective|p1a: Oricorio\n|-damage|p1a: Oricorio|0 fnt\n|faint|p1a: Oricorio\n|\n|-damage|p2a: Palkia|1/249 psn|[from] psn\n|upkeep\n|\n|t:|1781466544\n|switch|p1a: Noivern|Noivern, L82, F, tera:Normal|76/274\n|turn|46\n|\n|t:|1781466548\n|move|p1a: Noivern|Boomburst|p2a: Palkia\n|-damage|p2a: Palkia|0 fnt\n|faint|p2a: Palkia\n|\n|win|PrimalRazz\n", "inputlog": ">version a8376a258c1d4662feba110a92103f3664a72141\n>start {\"formatid\":\"gen9randombattle\",\"seed\":\"sodium,99136c4ad68024227be7a8fe382844bd\",\"rated\":\"Rated battle\"}\n>player p1 {\"name\":\"PrimalRazz\",\"avatar\":\"scientist\",\"rating\":1908,\"seed\":\"sodium,5c7064686f62386f0a2126e85f2c0e10\"}\n>player p2 {\"name\":\"NYCHomo\",\"avatar\":\"101\",\"rating\":1908,\"seed\":\"sodium,e43cbd3718adb0fc27cd91543b226d01\"}\n>p1 switch 6\n>p2 move highhorsepower\n>p1 move willowisp\n>p2 switch 3\n>p1 switch 5\n>p2 move bulkup\n>p1 move irondefense\n>p2 move bulkup\n>p1 move bodypress\n>p2 switch 6\n>p1 switch 3\n>p2 move thunderwave\n>p1 move toxicspikes\n>p2 switch 6\n>p1 move toxicspikes\n>p2 move closecombat\n>p1 switch 3\n>p2 move bravebird\n>p1 move irondefense\n>p2 switch 2\n>p1 move ironhead\n>p2 move calmmind\n>p2 switch 3\n>p1 move bodypress\n>p2 move overheat\n>p1 move irondefense\n>p2 move voltswitch\n>p1 switch 2\n>p2 switch 4\n>p1 move hurricane\n>p2 move trickroom terastallize\n>p1 switch 5\n>p2 move revivalblessing\n>p2 switch 3\n>p1 move shadowball\n>p2 move psychic\n>p1 move shadowball\n>p2 move psychic\n>p1 move rest\n>p2 move bugbuzz\n>p1 switch 3\n>p2 move psychic\n>p1 move knockoff\n>p2 move bugbuzz\n>p1 move knockoff\n>p2 switch 2\n>p1 move toxicspikes\n>p2 move roost\n>p1 move toxicspikes\n>p2 move bulkup\n>p1 switch 4\n>p2 move bulkup\n>p1 move sparklingaria\n>p2 move bravebird\n>p1 switch 5\n>p1 move boomburst\n>p2 move bravebird\n>p2 switch 2\n>p1 switch 4\n>p2 move trickroom\n>p1 move knockoff\n>p2 move bugbuzz\n>p1 switch 6\n>p1 move revelationdance\n>p2 move psychic\n>p2 switch 6\n>p1 switch 3\n>p2 move thunderwave\n>p1 move sleeptalk\n>p2 move wish\n>p1 move shadowball\n>p2 switch 3\n>p1 switch 4\n>p2 move calmmind\n>p1 move boomburst terastallize\n>p2 move moonblast\n>p1 move boomburst\n>p2 switch 3\n>p1 move boomburst\n>p2 move dazzlinggleam\n>p2 switch 5\n>p1 switch 4\n>p2 move dracometeor\n>p1 move rest\n>p2 move dracometeor\n>p1 switch 3\n>p1 move roost\n>p2 move thunderwave\n>p1 move revelationdance\n>p2 switch 3\n>p2 switch 3\n>p1 move quiverdance\n>p2 move hydropump\n>p1 move roost\n>p2 move hydropump\n>p1 move roost\n>p2 move hydropump\n>p1 move hurricane\n>p2 move hydropump\n>p1 move roost\n>p2 move hydropump\n>p1 switch 4\n>p1 move boomburst\n>p2 move dracometeor", "uploadtime": 1781466083, "views": 5, "formatid": "gen9randombattle", "rating": null, "private": 0, "password": null, "player_dets": [{"name": "PrimalRazz", "avatar": "scientist", "rating": 1908, "seed": "sodium,5c7064686f62386f0a2126e85f2c0e10"}, {"name": "NYCHomo", "avatar": "101", "rating": 1908, "seed": "sodium,e43cbd3718adb0fc27cd91543b226d01"}], "teams_full": [{"Oricorio": {"name": "Oricorio", "species": "Oricorio", "speciesId": "oricorio", "gender": "M", "shiny": false, "level": 84, "moves": ["revelationdance", "hurricane", "roost", "quiverdance"], "ability": "Dancer", "evs": {"hp": 85, "atk": 0, "def": 85, "spa": 85, "spd": 85, "spe": 85}, "ivs": {"hp": 31, "atk": 0, "def": 31, "spa": 31, "spd": 31, "spe": 31}, "item": "Heavy-Duty Boots", "teraType": "Ground", "role": "Setup Sweeper", "bvs": {"hp": 75, "atk": 70, "def": 70, "spa": 98, "spd": 70, "spe": 93}, "stats": {"hp": 263, "atk": 122, "def": 166, "spa": 213, "spd": 166, "spe": 204}, "types": ["Fire", "Flying"]}, "Noivern": {"name": "Noivern", "species": "Noivern", "speciesId": "noivern", "gender": "F", "shiny": false, "level": 82, "moves": ["dracometeor", "uturn", "hurricane", "boomburst"], "ability": "Infiltrator", "evs": {"hp": 85, "atk": 85, "def": 85, "spa": 85, "spd": 85, "spe": 85}, "ivs": {"hp": 31, "atk": 31, "def": 31, "spa": 31, "spd": 31, "spe": 31}, "item": "Choice Specs", "teraType": "Normal", "role": "Fast Attacker", "bvs": {"hp": 85, "atk": 70, "def": 80, "spa": 97, "spd": 80, "spe": 123}, "stats": {"hp": 274, "atk": 162, "def": 178, "spa": 206, "spd": 178, "spe": 249}, "types": ["Flying", "Dragon"]}, "Skuntank": {"name": "Skuntank", "species": "Skuntank", "speciesId": "skuntank", "gender": "M", "shiny": false, "level": 84, "moves": ["gunkshot", "fireblast", "knockoff", "toxicspikes"], "ability": "Aftermath", "evs": {"hp": 85, "atk": 85, "def": 85, "spa": 85, "spd": 85, "spe": 85}, "ivs": {"hp": 31, "atk": 31, "def": 31, "spa": 31, "spd": 31, "spe": 31}, "item": "Life Orb", "teraType": "Dark", "role": "Fast Support", "bvs": {"hp": 103, "atk": 93, "def": 67, "spa": 71, "spd": 61, "spe": 84}, "stats": {"hp": 310, "atk": 204, "def": 161, "spa": 167, "spd": 151, "spe": 189}, "types": ["Poison", "Dark"]}, "Primarina": {"name": "Primarina", "species": "Primarina", "speciesId": "primarina", "gender": "M", "shiny": false, "level": 83, "moves": ["psychic", "drainingkiss", "sparklingaria", "calmmind"], "ability": "Torrent", "evs": {"hp": 85, "atk": 0, "def": 85, "spa": 85, "spd": 85, "spe": 85}, "ivs": {"hp": 31, "atk": 0, "def": 31, "spa": 31, "spd": 31, "spe": 31}, "item": "Leftovers", "teraType": "Steel", "role": "Bulky Attacker", "bvs": {"hp": 80, "atk": 74, "def": 74, "spa": 126, "spd": 116, "spe": 60}, "stats": {"hp": 268, "atk": 127, "def": 171, "spa": 257, "spd": 240, "spe": 147}, "types": ["Water", "Fairy"]}, "Bronzong": {"name": "Bronzong", "species": "Bronzong", "speciesId": "bronzong", "gender": "N", "shiny": false, "level": 88, "moves": ["bodypress", "ironhead", "psychicnoise", "irondefense"], "ability": "Levitate", "evs": {"hp": 85, "atk": 85, "def": 85, "spa": 85, "spd": 85, "spe": 85}, "ivs": {"hp": 31, "atk": 31, "def": 31, "spa": 31, "spd": 31, "spe": 31}, "item": "Leftovers", "teraType": "Fighting", "role": "Bulky Setup", "bvs": {"hp": 67, "atk": 89, "def": 116, "spa": 79, "spd": 116, "spe": 33}, "stats": {"hp": 261, "atk": 207, "def": 254, "spa": 189, "spd": 254, "spe": 108}, "types": ["Steel", "Psychic"]}, "Giratina": {"name": "Giratina", "species": "Giratina", "speciesId": "giratina", "gender": "N", "shiny": false, "level": 75, "moves": ["sleeptalk", "rest", "willowisp", "shadowball"], "ability": "Pressure", "evs": {"hp": 85, "atk": 0, "def": 85, "spa": 85, "spd": 85, "spe": 85}, "ivs": {"hp": 31, "atk": 0, "def": 31, "spa": 31, "spd": 31, "spe": 31}, "item": "Leftovers", "teraType": "Fairy", "role": "Bulky Attacker", "bvs": {"hp": 150, "atk": 100, "def": 120, "spa": 100, "spd": 120, "spe": 90}, "stats": {"hp": 349, "atk": 155, "def": 224, "spa": 194, "spd": 224, "spe": 179}, "types": ["Ghost", "Dragon"]}}, {"Zebstrika": {"name": "Zebstrika", "species": "Zebstrika", "speciesId": "zebstrika", "gender": "M", "shiny": false, "level": 87, "moves": ["supercellslam", "highhorsepower", "overheat", "voltswitch"], "ability": "Sap Sipper", "evs": {"hp": 85, "atk": 85, "def": 85, "spa": 85, "spd": 85, "spe": 85}, "ivs": {"hp": 31, "atk": 31, "def": 31, "spa": 31, "spd": 31, "spe": 31}, "item": "Life Orb", "teraType": "Ground", "role": "Fast Attacker", "bvs": {"hp": 75, "atk": 100, "def": 63, "spa": 80, "spd": 63, "spe": 116}, "stats": {"hp": 272, "atk": 224, "def": 159, "spa": 189, "spd": 159, "spe": 252}, "types": ["Electric"]}, "Enamorus": {"name": "Enamorus", "species": "Enamorus", "speciesId": "enamorus", "gender": "F", "shiny": false, "level": 79, "moves": ["calmmind", "mysticalfire", "earthpower", "moonblast"], "ability": "Cute Charm", "evs": {"hp": 85, "atk": 0, "def": 85, "spa": 85, "spd": 85, "spe": 85}, "ivs": {"hp": 31, "atk": 0, "def": 31, "spa": 31, "spd": 31, "spe": 31}, "item": "Heavy-Duty Boots", "teraType": "Ground", "role": "Fast Bulky Setup", "bvs": {"hp": 74, "atk": 115, "def": 70, "spa": 135, "spd": 80, "spe": 106}, "stats": {"hp": 247, "atk": 186, "def": 156, "spa": 259, "spd": 172, "spe": 213}, "types": ["Fairy", "Flying"]}, "Braviary": {"name": "Braviary", "species": "Braviary", "speciesId": "braviary", "gender": "M", "shiny": false, "level": 85, "moves": ["bravebird", "bulkup", "roost", "closecombat"], "ability": "Defiant", "evs": {"hp": 85, "atk": 85, "def": 85, "spa": 85, "spd": 85, "spe": 85}, "ivs": {"hp": 31, "atk": 31, "def": 31, "spa": 31, "spd": 31, "spe": 31}, "item": "Heavy-Duty Boots", "teraType": "Fighting", "role": "Fast Bulky Setup", "bvs": {"hp": 100, "atk": 123, "def": 75, "spa": 57, "spd": 75, "spe": 80}, "stats": {"hp": 309, "atk": 258, "def": 176, "spa": 146, "spd": 176, "spe": 185}, "types": ["Normal", "Flying"]}, "Rabsca": {"name": "Rabsca", "species": "Rabsca", "speciesId": "rabsca", "gender": "F", "shiny": false, "level": 91, "moves": ["trickroom", "psychic", "revivalblessing", "bugbuzz"], "ability": "Synchronize", "evs": {"hp": 85, "atk": 0, "def": 85, "spa": 85, "spd": 85, "spe": 0}, "ivs": {"hp": 31, "atk": 0, "def": 31, "spa": 31, "spd": 31, "spe": 0}, "item": "Heavy-Duty Boots", "teraType": "Steel", "role": "Wallbreaker", "bvs": {"hp": 75, "atk": 50, "def": 85, "spa": 115, "spd": 100, "spe": 45}, "stats": {"hp": 284, "atk": 96, "def": 207, "spa": 261, "spd": 234, "spe": 86}, "types": ["Bug", "Psychic"]}, "Palkia": {"name": "Palkia", "species": "Palkia-Origin", "speciesId": "palkiaorigin", "gender": "N", "shiny": false, "level": 72, "moves": ["hydropump", "fireblast", "dracometeor", "thunderwave"], "ability": "Pressure", "evs": {"hp": 85, "atk": 0, "def": 85, "spa": 85, "spd": 85, "spe": 85}, "ivs": {"hp": 31, "atk": 0, "def": 31, "spa": 31, "spd": 31, "spe": 31}, "item": "Lustrous Globe", "teraType": "Dragon", "role": "Bulky Attacker", "bvs": {"hp": 90, "atk": 100, "def": 100, "spa": 150, "spd": 120, "spe": 120}, "stats": {"hp": 249, "atk": 149, "def": 186, "spa": 258, "spd": 215, "spe": 215}, "types": ["Water", "Dragon"]}, "Scream Tail": {"name": "Scream Tail", "species": "Scream Tail", "speciesId": "screamtail", "gender": "N", "shiny": false, "level": 84, "moves": ["protect", "dazzlinggleam", "wish", "thunderwave"], "ability": "Protosynthesis", "evs": {"hp": 85, "atk": 0, "def": 85, "spa": 85, "spd": 85, "spe": 85}, "ivs": {"hp": 31, "atk": 0, "def": 31, "spa": 31, "spd": 31, "spe": 31}, "item": "Leftovers", "teraType": "Steel", "role": "Bulky Attacker", "bvs": {"hp": 115, "atk": 65, "def": 99, "spa": 65, "spd": 115, "spe": 111}, "stats": {"hp": 330, "atk": 114, "def": 215, "spa": 157, "spd": 241, "spe": 235}, "types": ["Fairy", "Psychic"]}}]}