{"id": "gen9randombattle-2631369332", "format": "[Gen 9] Random Battle", "players": ["Dtarmy", "megamon20xx"], "log": "|j|\u2606Dtarmy\n|j|\u2606megamon20xx\n|t:|1781376556\n|gametype|singles\n|player|p1|Dtarmy|benga|1435\n|player|p2|megamon20xx|plasmagrunt-gen5bw|1430\n|gen|9\n|tier|[Gen 9] Random Battle\n|rated|\n|rule|Species Clause: Limit one of each Pok\u00e9mon\n|rule|HP Percentage Mod: HP is shown in percentages\n|rule|Sleep Clause Mod: Limit one foe put to sleep\n|rule|Illusion Level Mod: Illusion disguises the Pok\u00e9mon's true level\n|\n|t:|1781376556\n|teamsize|p1|6\n|teamsize|p2|6\n|start\n|switch|p1a: Hydreigon|Hydreigon, L79, F|275/275\n|switch|p2a: Gumshoos|Gumshoos, L95, M|321/321\n|turn|1\n|\n|t:|1781376564\n|move|p1a: Hydreigon|Draco Meteor|p2a: Gumshoos\n|-damage|p2a: Gumshoos|66/321\n|-unboost|p1a: Hydreigon|spa|2\n|move|p2a: Gumshoos|U-turn|p1a: Hydreigon\n|-supereffective|p1a: Hydreigon\n|-damage|p1a: Hydreigon|67/275\n|\n|t:|1781376573\n|switch|p2a: Kleavor|Kleavor, L78, M|237/237|[from] U-turn\n|\n|upkeep\n|turn|2\n|\n|t:|1781376580\n|switch|p1a: Meganium|Meganium, L90, M|290/290\n|move|p2a: Kleavor|Stone Axe|p1a: Meganium\n|-damage|p1a: Meganium|187/290\n|-sidestart|p1: Dtarmy|move: Stealth Rock\n|\n|-heal|p1a: Meganium|205/290|[from] item: Leftovers\n|upkeep\n|turn|3\n|\n|t:|1781376587\n|move|p1a: Meganium|Energy Ball|p2a: Kleavor\n|-damage|p2a: Kleavor|104/237\n|move|p2a: Kleavor|X-Scissor|p1a: Meganium\n|-supereffective|p1a: Meganium\n|-damage|p1a: Meganium|0 fnt\n|faint|p1a: Meganium\n|\n|upkeep\n|\n|t:|1781376600\n|switch|p1a: Infernape|Infernape, L82, M|259/259\n|-damage|p1a: Infernape|227/259|[from] Stealth Rock\n|turn|4\n|\n|t:|1781376606\n|switch|p2a: Swanna|Swanna, L89, F|278/278\n|move|p1a: Infernape|Flare Blitz|p2a: Swanna\n|-resisted|p2a: Swanna\n|-damage|p2a: Swanna|200/278\n|-damage|p1a: Infernape|201/259|[from] Recoil\n|\n|upkeep\n|turn|5\n|\n|t:|1781376612\n|switch|p1a: Hydreigon|Hydreigon, L79, F|67/275\n|-damage|p1a: Hydreigon|33/275|[from] Stealth Rock\n|move|p2a: Swanna|Hydro Pump|p1a: Hydreigon\n|-resisted|p1a: Hydreigon\n|-damage|p1a: Hydreigon|0 fnt\n|faint|p1a: Hydreigon\n|\n|upkeep\n|\n|t:|1781376616\n|switch|p1a: Arceus|Arceus-Dragon, L71|288/288\n|-damage|p1a: Arceus|252/288|[from] Stealth Rock\n|turn|6\n|\n|t:|1781376627\n|switch|p2a: Wigglytuff|Wigglytuff, L96, F|424/424\n|move|p1a: Arceus|Swords Dance|p1a: Arceus\n|-boost|p1a: Arceus|atk|2\n|\n|upkeep\n|turn|7\n|\n|t:|1781376639\n|move|p1a: Arceus|Flare Blitz|p2a: Wigglytuff\n|-damage|p2a: Wigglytuff|213/424\n|-damage|p1a: Arceus|182/288|[from] Recoil\n|move|p2a: Wigglytuff|Thunder Wave|p1a: Arceus\n|-status|p1a: Arceus|par\n|\n|-heal|p2a: Wigglytuff|239/424|[from] item: Leftovers\n|upkeep\n|turn|8\n|\n|t:|1781376647\n|move|p2a: Wigglytuff|Wish|p2a: Wigglytuff\n|move|p1a: Arceus|Flare Blitz|p2a: Wigglytuff\n|-damage|p2a: Wigglytuff|54/424\n|-damage|p1a: Arceus|121/288 par|[from] Recoil\n|\n|-heal|p2a: Wigglytuff|80/424|[from] item: Leftovers\n|upkeep\n|turn|9\n|\n|t:|1781376654\n|move|p1a: Arceus|Extreme Speed|p2a: Wigglytuff\n|-damage|p2a: Wigglytuff|0 fnt\n|faint|p2a: Wigglytuff\n|\n|upkeep\n|inactive|Battle timer is ON: inactive players will automatically lose when time's up. (requested by Dtarmy)\n|\n|t:|1781376678\n|switch|p2a: Kleavor|Kleavor, L78, M|104/237\n|turn|10\n|\n|t:|1781376686\n|move|p2a: Kleavor|X-Scissor|p1a: Arceus\n|-crit|p1a: Arceus\n|-damage|p1a: Arceus|0 fnt\n|faint|p1a: Arceus\n|\n|upkeep\n|\n|t:|1781376693\n|switch|p1a: Gurdurr|Gurdurr, L85, M|283/283\n|-damage|p1a: Gurdurr|266/283|[from] Stealth Rock\n|turn|11\n|\n|t:|1781376698\n|move|p2a: Kleavor|Swords Dance|p2a: Kleavor\n|-boost|p2a: Kleavor|atk|2\n|move|p1a: Gurdurr|Drain Punch|p2a: Kleavor\n|-damage|p2a: Kleavor|17/237\n|-heal|p1a: Gurdurr|283/283|[from] drain|[of] p2a: Kleavor\n|\n|upkeep\n|turn|12\n|\n|t:|1781376704\n|move|p1a: Gurdurr|Mach Punch|p2a: Kleavor\n|-damage|p2a: Kleavor|0 fnt\n|faint|p2a: Kleavor\n|\n|upkeep\n|\n|t:|1781376729\n|switch|p2a: Meowstic|Meowstic, L89, M|277/277\n|turn|13\n|\n|t:|1781376734\n|-terastallize|p1a: Gurdurr|Steel\n|move|p2a: Meowstic|Reflect|p2a: Meowstic\n|-sidestart|p2: megamon20xx|Reflect\n|move|p1a: Gurdurr|Defog|p2a: Meowstic\n|-unboost|p2a: Meowstic|evasion|1\n|-sideend|p2: megamon20xx|Reflect\n|-sideend|p1: Dtarmy|Stealth Rock|[from] move: Defog|[of] p1a: Gurdurr\n|\n|upkeep\n|turn|14\n|\n|t:|1781376741\n|switch|p2a: Sneasler|Sneasler, L74, F|240/240\n|move|p1a: Gurdurr|Knock Off|p2a: Sneasler\n|-resisted|p2a: Sneasler\n|-damage|p2a: Sneasler|185/240\n|-enditem|p2a: Sneasler|Choice Band|[from] move: Knock Off|[of] p1a: Gurdurr\n|\n|upkeep\n|turn|15\n|\n|t:|1781376758\n|switch|p1a: Infernape|Infernape, L82, M|201/259\n|move|p2a: Sneasler|Close Combat|p1a: Infernape\n|-crit|p1a: Infernape\n|-damage|p1a: Infernape|0 fnt\n|-unboost|p2a: Sneasler|def|1\n|-unboost|p2a: Sneasler|spd|1\n|faint|p1a: Infernape\n|\n|upkeep\n|\n|t:|1781376763\n|switch|p1a: Alcremie|Alcremie-Salted-Cream, L90, F|263/263\n|turn|16\n|\n|t:|1781376770\n|move|p2a: Sneasler|Dire Claw|p1a: Alcremie\n|-supereffective|p1a: Alcremie\n|-damage|p1a: Alcremie|89/263\n|-status|p1a: Alcremie|psn\n|move|p1a: Alcremie|Alluring Voice|p2a: Sneasler\n|-damage|p2a: Sneasler|0 fnt\n|faint|p2a: Sneasler\n|\n|-heal|p1a: Alcremie|105/263 psn|[from] item: Leftovers\n|-damage|p1a: Alcremie|73/263 psn|[from] psn\n|upkeep\n|\n|t:|1781376783\n|switch|p2a: Meowstic|Meowstic, L89, M|277/277\n|turn|17\n|\n|t:|1781376789\n|move|p2a: Meowstic|Psychic Noise|p1a: Alcremie\n|-damage|p1a: Alcremie|16/263 psn\n|-block|p1a: Alcremie|ability: Aroma Veil|[of] p1a: Alcremie\n|move|p1a: Alcremie|Recover|p1a: Alcremie\n|-heal|p1a: Alcremie|148/263 psn\n|\n|-heal|p1a: Alcremie|164/263 psn|[from] item: Leftovers\n|-damage|p1a: Alcremie|132/263 psn|[from] psn\n|upkeep\n|turn|18\n|\n|t:|1781376798\n|move|p2a: Meowstic|Light Screen|p2a: Meowstic\n|-sidestart|p2: megamon20xx|move: Light Screen\n|move|p1a: Alcremie|Recover|p1a: Alcremie\n|-heal|p1a: Alcremie|263/263 psn\n|\n|-damage|p1a: Alcremie|231/263 psn|[from] psn\n|upkeep\n|turn|19\n|\n|t:|1781376802\n|move|p2a: Meowstic|Reflect|p2a: Meowstic\n|-sidestart|p2: megamon20xx|Reflect\n|move|p1a: Alcremie|Calm Mind|p1a: Alcremie\n|-boost|p1a: Alcremie|spa|1\n|-boost|p1a: Alcremie|spd|1\n|\n|-heal|p1a: Alcremie|247/263 psn|[from] item: Leftovers\n|-damage|p1a: Alcremie|215/263 psn|[from] psn\n|upkeep\n|turn|20\n|\n|t:|1781376808\n|switch|p2a: Swanna|Swanna, L89, F|200/278\n|move|p1a: Alcremie|Calm Mind|p1a: Alcremie\n|-boost|p1a: Alcremie|spa|1\n|-boost|p1a: Alcremie|spd|1\n|\n|-heal|p1a: Alcremie|231/263 psn|[from] item: Leftovers\n|-damage|p1a: Alcremie|199/263 psn|[from] psn\n|upkeep\n|turn|21\n|\n|t:|1781376814\n|move|p2a: Swanna|Brave Bird|p1a: Alcremie\n|-damage|p1a: Alcremie|69/263 psn\n|-damage|p2a: Swanna|157/278|[from] Recoil\n|move|p1a: Alcremie|Alluring Voice|p2a: Swanna\n|-damage|p2a: Swanna|26/278\n|\n|-heal|p1a: Alcremie|85/263 psn|[from] item: Leftovers\n|-damage|p1a: Alcremie|53/263 psn|[from] psn\n|upkeep\n|turn|22\n|\n|t:|1781376823\n|move|p2a: Swanna|Brave Bird|p1a: Alcremie\n|-damage|p1a: Alcremie|0 fnt\n|faint|p1a: Alcremie\n|-damage|p2a: Swanna|9/278|[from] Recoil\n|\n|upkeep\n|\n|t:|1781376826\n|switch|p1a: Gurdurr|Gurdurr, L85, M, tera:Steel|283/283\n|turn|23\n|\n|t:|1781376832\n|move|p1a: Gurdurr|Mach Punch|p2a: Swanna\n|-resisted|p2a: Swanna\n|-damage|p2a: Swanna|0 fnt\n|faint|p2a: Swanna\n|\n|upkeep\n|\n|t:|1781376835\n|switch|p2a: Gumshoos|Gumshoos, L95, M|66/321\n|turn|24\n|\n|t:|1781376838\n|move|p1a: Gurdurr|Mach Punch|p2a: Gumshoos\n|-supereffective|p2a: Gumshoos\n|-damage|p2a: Gumshoos|14/321\n|move|p2a: Gumshoos|Earthquake|p1a: Gurdurr\n|-supereffective|p1a: Gurdurr\n|-damage|p1a: Gurdurr|73/283\n|\n|upkeep\n|turn|25\n|\n|t:|1781376844\n|move|p1a: Gurdurr|Mach Punch|p2a: Gumshoos\n|-supereffective|p2a: Gumshoos\n|-damage|p2a: Gumshoos|0 fnt\n|faint|p2a: Gumshoos\n|\n|-sideend|p2: megamon20xx|move: Light Screen\n|upkeep\n|\n|t:|1781376846\n|switch|p2a: Meowstic|Meowstic, L89, M|277/277\n|turn|26\n|\n|t:|1781376852\n|move|p2a: Meowstic|Psychic Noise|p1a: Gurdurr\n|-resisted|p1a: Gurdurr\n|-damage|p1a: Gurdurr|33/283\n|-start|p1a: Gurdurr|move: Heal Block\n|move|p1a: Gurdurr|Knock Off|p2a: Meowstic\n|-supereffective|p2a: Meowstic\n|-damage|p2a: Meowstic|191/277\n|-enditem|p2a: Meowstic|Light Clay|[from] move: Knock Off|[of] p1a: Gurdurr\n|\n|-sideend|p2: megamon20xx|Reflect\n|upkeep\n|turn|27\n|\n|t:|1781376861\n|-terastallize|p2a: Meowstic|Fairy\n|move|p2a: Meowstic|Psychic Noise|p1a: Gurdurr\n|-resisted|p1a: Gurdurr\n|-damage|p1a: Gurdurr|0 fnt\n|faint|p1a: Gurdurr\n|\n|win|megamon20xx\n", "inputlog": ">version a8376a258c1d4662feba110a92103f3664a72141\n>start {\"formatid\":\"gen9randombattle\",\"seed\":\"sodium,e457cca9c669a0d4be43fc218ee20422\",\"rated\":\"Rated battle\"}\n>player p1 {\"name\":\"Dtarmy\",\"avatar\":\"benga\",\"rating\":1435,\"seed\":\"sodium,bdeb280fc0a243dd8f0e096d0219ed85\"}\n>player p2 {\"name\":\"megamon20xx\",\"avatar\":\"plasmagrunt-gen5bw\",\"rating\":1430,\"seed\":\"sodium,a81dd4b2dbbdb552f020035335fc9cc4\"}\n>p1 move dracometeor\n>p2 move uturn\n>p2 switch 5\n>p1 switch 2\n>p2 move stoneaxe\n>p1 move energyball\n>p2 move xscissor\n>p1 switch 4\n>p1 move flareblitz\n>p2 switch 4\n>p1 switch 2\n>p2 move hydropump\n>p1 switch 3\n>p1 move swordsdance\n>p2 switch 3\n>p1 move flareblitz\n>p2 move thunderwave\n>p1 move flareblitz\n>p2 move wish\n>p1 move extremespeed\n>p2 move dazzlinggleam\n>p2 switch 4\n>p1 move outrage\n>p2 move xscissor\n>p1 switch 5\n>p1 move drainpunch\n>p2 move swordsdance\n>p1 move machpunch\n>p2 move closecombat\n>p2 switch 2\n>p1 move defog terastallize\n>p2 move reflect\n>p1 move knockoff\n>p2 switch 6\n>p1 switch 2\n>p2 move closecombat\n>p1 switch 6\n>p1 move alluringvoice\n>p2 move direclaw\n>p2 switch 6\n>p1 move recover\n>p2 move psychicnoise\n>p1 move recover\n>p2 move lightscreen\n>p1 move calmmind\n>p2 move reflect\n>p1 move calmmind\n>p2 switch 3\n>p1 move alluringvoice\n>p2 move bravebird\n>p1 move alluringvoice\n>p2 move bravebird\n>p1 switch 2\n>p1 move machpunch\n>p2 move hydropump\n>p2 switch 5\n>p1 move machpunch\n>p2 move earthquake\n>p1 move machpunch\n>p2 move earthquake\n>p2 switch 3\n>p1 move knockoff\n>p2 move psychicnoise\n>p1 move knockoff\n>p2 move psychicnoise terastallize", "uploadtime": 1781376558, "views": 7, "formatid": "gen9randombattle", "rating": null, "private": 0, "password": null, "player_dets": [{"name": "Dtarmy", "avatar": "benga", "rating": 1435, "seed": "sodium,bdeb280fc0a243dd8f0e096d0219ed85"}, {"name": "megamon20xx", "avatar": "plasmagrunt-gen5bw", "rating": 1430, "seed": "sodium,a81dd4b2dbbdb552f020035335fc9cc4"}], "teams_full": [{"Hydreigon": {"name": "Hydreigon", "species": "Hydreigon", "speciesId": "hydreigon", "gender": "F", "shiny": false, "level": 79, "moves": ["darkpulse", "flashcannon", "fireblast", "dracometeor"], "ability": "Levitate", "evs": {"hp": 85, "atk": 0, "def": 85, "spa": 85, "spd": 85, "spe": 85}, "ivs": {"hp": 31, "atk": 0, "def": 31, "spa": 31, "spd": 31, "spe": 31}, "item": "Choice Specs", "teraType": "Dragon", "role": "Fast Attacker", "bvs": {"hp": 92, "atk": 105, "def": 90, "spa": 125, "spd": 90, "spe": 98}, "stats": {"hp": 275, "atk": 170, "def": 188, "spa": 243, "spd": 188, "spe": 200}, "types": ["Dark", "Dragon"]}, "Meganium": {"name": "Meganium", "species": "Meganium", "speciesId": "meganium", "gender": "M", "shiny": false, "level": 90, "moves": ["knockoff", "energyball", "dragontail", "synthesis"], "ability": "Overgrow", "evs": {"hp": 85, "atk": 85, "def": 85, "spa": 85, "spd": 85, "spe": 85}, "ivs": {"hp": 31, "atk": 31, "def": 31, "spa": 31, "spd": 31, "spe": 31}, "item": "Leftovers", "teraType": "Water", "role": "Bulky Attacker", "bvs": {"hp": 80, "atk": 82, "def": 100, "spa": 83, "spd": 100, "spe": 80}, "stats": {"hp": 290, "atk": 199, "def": 231, "spa": 201, "spd": 231, "spe": 195}, "types": ["Grass"]}, "Arceus": {"name": "Arceus", "species": "Arceus-Dragon", "speciesId": "arceusdragon", "gender": "N", "shiny": false, "level": 71, "moves": ["flareblitz", "outrage", "extremespeed", "swordsdance"], "ability": "Multitype", "evs": {"hp": 85, "atk": 85, "def": 85, "spa": 85, "spd": 85, "spe": 85}, "ivs": {"hp": 31, "atk": 31, "def": 31, "spa": 31, "spd": 31, "spe": 31}, "item": "Draco Plate", "teraType": "Fire", "role": "Setup Sweeper", "bvs": {"hp": 120, "atk": 120, "def": 120, "spa": 120, "spd": 120, "spe": 120}, "stats": {"hp": 288, "atk": 212, "def": 212, "spa": 212, "spd": 212, "spe": 212}, "types": ["Dragon"]}, "Infernape": {"name": "Infernape", "species": "Infernape", "speciesId": "infernape", "gender": "M", "shiny": false, "level": 82, "moves": ["stoneedge", "flareblitz", "closecombat", "knockoff"], "ability": "Blaze", "evs": {"hp": 85, "atk": 85, "def": 85, "spa": 85, "spd": 85, "spe": 85}, "ivs": {"hp": 31, "atk": 31, "def": 31, "spa": 31, "spd": 31, "spe": 31}, "item": "Choice Scarf", "teraType": "Dark", "role": "Fast Support", "bvs": {"hp": 76, "atk": 104, "def": 71, "spa": 104, "spd": 71, "spe": 108}, "stats": {"hp": 259, "atk": 218, "def": 164, "spa": 218, "spd": 164, "spe": 224}, "types": ["Fire", "Fighting"]}, "Gurdurr": {"name": "Gurdurr", "species": "Gurdurr", "speciesId": "gurdurr", "gender": "M", "shiny": false, "level": 85, "moves": ["drainpunch", "machpunch", "knockoff", "defog"], "ability": "Guts", "evs": {"hp": 85, "atk": 85, "def": 85, "spa": 85, "spd": 85, "spe": 85}, "ivs": {"hp": 31, "atk": 31, "def": 31, "spa": 31, "spd": 31, "spe": 31}, "item": "Eviolite", "teraType": "Steel", "role": "Bulky Attacker", "bvs": {"hp": 85, "atk": 105, "def": 85, "spa": 40, "spd": 50, "spe": 40}, "stats": {"hp": 283, "atk": 227, "def": 193, "spa": 117, "spd": 134, "spe": 117}, "types": ["Fighting"]}, "Alcremie": {"name": "Alcremie", "species": "Alcremie-Salted-Cream", "speciesId": "alcremie", "gender": "F", "shiny": false, "level": 90, "moves": ["alluringvoice", "calmmind", "recover", "terablast"], "ability": "Aroma Veil", "evs": {"hp": 85, "atk": 0, "def": 85, "spa": 85, "spd": 85, "spe": 85}, "ivs": {"hp": 31, "atk": 0, "def": 31, "spa": 31, "spd": 31, "spe": 31}, "item": "Leftovers", "teraType": "Ground", "role": "Tera Blast user", "bvs": {"hp": 65, "atk": 60, "def": 75, "spa": 110, "spd": 121, "spe": 64}, "stats": {"hp": 263, "atk": 113, "def": 186, "spa": 249, "spd": 269, "spe": 167}, "types": ["Fairy"]}}, {"Gumshoos": {"name": "Gumshoos", "species": "Gumshoos", "speciesId": "gumshoos", "gender": "M", "shiny": false, "level": 95, "moves": ["uturn", "knockoff", "doubleedge", "earthquake"], "ability": "Stakeout", "evs": {"hp": 85, "atk": 85, "def": 85, "spa": 85, "spd": 85, "spe": 85}, "ivs": {"hp": 31, "atk": 31, "def": 31, "spa": 31, "spd": 31, "spe": 31}, "item": "Choice Band", "teraType": "Normal", "role": "Wallbreaker", "bvs": {"hp": 88, "atk": 110, "def": 60, "spa": 55, "spd": 60, "spe": 45}, "stats": {"hp": 321, "atk": 263, "def": 168, "spa": 158, "spd": 168, "spe": 139}, "types": ["Normal"]}, "Meowstic": {"name": "Meowstic", "species": "Meowstic", "speciesId": "meowstic", "gender": "M", "shiny": false, "level": 89, "moves": ["lightscreen", "psychicnoise", "reflect", "thunderwave"], "ability": "Prankster", "evs": {"hp": 85, "atk": 0, "def": 85, "spa": 85, "spd": 85, "spe": 85}, "ivs": {"hp": 31, "atk": 0, "def": 31, "spa": 31, "spd": 31, "spe": 31}, "item": "Light Clay", "teraType": "Fairy", "role": "Bulky Support", "bvs": {"hp": 74, "atk": 48, "def": 76, "spa": 83, "spd": 81, "spe": 104}, "stats": {"hp": 277, "atk": 90, "def": 186, "spa": 199, "spd": 195, "spe": 236}, "types": ["Psychic"]}, "Wigglytuff": {"name": "Wigglytuff", "species": "Wigglytuff", "speciesId": "wigglytuff", "gender": "F", "shiny": false, "level": 96, "moves": ["dazzlinggleam", "protect", "thunderwave", "wish"], "ability": "Competitive", "evs": {"hp": 85, "atk": 0, "def": 85, "spa": 85, "spd": 85, "spe": 85}, "ivs": {"hp": 31, "atk": 0, "def": 31, "spa": 31, "spd": 31, "spe": 31}, "item": "Leftovers", "teraType": "Steel", "role": "Bulky Support", "bvs": {"hp": 140, "atk": 70, "def": 45, "spa": 85, "spd": 50, "spe": 45}, "stats": {"hp": 424, "atk": 139, "def": 141, "spa": 218, "spd": 150, "spe": 141}, "types": ["Normal", "Fairy"]}, "Swanna": {"name": "Swanna", "species": "Swanna", "speciesId": "swanna", "gender": "F", "shiny": false, "level": 89, "moves": ["roost", "defog", "hydropump", "bravebird"], "ability": "Hydration", "evs": {"hp": 85, "atk": 85, "def": 85, "spa": 85, "spd": 85, "spe": 85}, "ivs": {"hp": 31, "atk": 31, "def": 31, "spa": 31, "spd": 31, "spe": 31}, "item": "Heavy-Duty Boots", "teraType": "Ground", "role": "Bulky Support", "bvs": {"hp": 75, "atk": 87, "def": 63, "spa": 87, "spd": 63, "spe": 98}, "stats": {"hp": 278, "atk": 206, "def": 163, "spa": 206, "spd": 163, "spe": 225}, "types": ["Water", "Flying"]}, "Kleavor": {"name": "Kleavor", "species": "Kleavor", "speciesId": "kleavor", "gender": "M", "shiny": false, "level": 78, "moves": ["stoneaxe", "xscissor", "swordsdance", "closecombat"], "ability": "Sharpness", "evs": {"hp": 85, "atk": 85, "def": 85, "spa": 85, "spd": 85, "spe": 85}, "ivs": {"hp": 31, "atk": 31, "def": 31, "spa": 31, "spd": 31, "spe": 31}, "item": "Heavy-Duty Boots", "teraType": "Bug", "role": "Bulky Attacker", "bvs": {"hp": 70, "atk": 135, "def": 95, "spa": 45, "spd": 70, "spe": 85}, "stats": {"hp": 237, "atk": 256, "def": 193, "spa": 115, "spd": 154, "spe": 178}, "types": ["Bug", "Rock"]}, "Sneasler": {"name": "Sneasler", "species": "Sneasler", "speciesId": "sneasler", "gender": "F", "shiny": false, "level": 74, "moves": ["direclaw", "closecombat", "throatchop", "uturn"], "ability": "Poison Touch", "evs": {"hp": 85, "atk": 85, "def": 85, "spa": 85, "spd": 85, "spe": 85}, "ivs": {"hp": 31, "atk": 31, "def": 31, "spa": 31, "spd": 31, "spe": 31}, "item": "Choice Band", "teraType": "Dark", "role": "Fast Attacker", "bvs": {"hp": 80, "atk": 130, "def": 60, "spa": 40, "spd": 80, "spe": 120}, "stats": {"hp": 240, "atk": 235, "def": 132, "spa": 102, "spd": 161, "spe": 221}, "types": ["Fighting", "Poison"]}}]}