{"id": "gen9randombattle-2631778417", "format": "[Gen 9] Random Battle", "players": ["SmolVersion", "randopractician"], "log": "|j|\u2606SmolVersion\n|j|\u2606randopractician\n|t:|1781438251\n|gametype|singles\n|player|p1|SmolVersion|102|1979\n|player|p2|randopractician|101|2002\n|gen|9\n|tier|[Gen 9] Random Battle\n|rated|\n|rule|Species Clause: Limit one of each Pok\u00e9mon\n|rule|HP Percentage Mod: HP is shown in percentages\n|rule|Sleep Clause Mod: Limit one foe put to sleep\n|rule|Illusion Level Mod: Illusion disguises the Pok\u00e9mon's true level\n|\n|t:|1781438251\n|teamsize|p1|6\n|teamsize|p2|6\n|start\n|switch|p1a: Porygon2|Porygon2, L81|270/270\n|switch|p2a: Gholdengo|Gholdengo, L77|261/261\n|-ability|p1a: Porygon2|Download|boost\n|-boost|p1a: Porygon2|spa|1\n|turn|1\n|\n|t:|1781438284\n|switch|p2a: Dudunsparce|Dudunsparce-Three-Segment, L83, F|343/343\n|move|p1a: Porygon2|Discharge|p2a: Dudunsparce\n|-damage|p2a: Dudunsparce|249/343\n|-status|p2a: Dudunsparce|par\n|\n|-heal|p2a: Dudunsparce|270/343 par|[from] item: Leftovers\n|upkeep\n|turn|2\n|\n|t:|1781438293\n|move|p1a: Porygon2|Tri Attack|p2a: Dudunsparce\n|-damage|p2a: Dudunsparce|114/343 par\n|cant|p2a: Dudunsparce|par\n|\n|-heal|p2a: Dudunsparce|135/343 par|[from] item: Leftovers\n|upkeep\n|turn|3\n|\n|t:|1781438301\n|move|p1a: Porygon2|Tri Attack|p2a: Dudunsparce\n|-damage|p2a: Dudunsparce|0 fnt\n|faint|p2a: Dudunsparce\n|\n|upkeep\n|\n|t:|1781438303\n|switch|p2a: Hitmontop|Hitmontop, L88, M|231/231\n|-ability|p2a: Hitmontop|Intimidate|boost\n|-unboost|p1a: Porygon2|atk|1\n|turn|4\n|\n|t:|1781438313\n|switch|p1a: Swalot|Swalot, L90, F|326/326\n|move|p2a: Hitmontop|Stone Edge|p1a: Swalot\n|-damage|p1a: Swalot|246/326\n|\n|-heal|p1a: Swalot|266/326|[from] item: Leftovers\n|upkeep\n|turn|5\n|\n|t:|1781438323\n|move|p2a: Hitmontop|Earthquake|p1a: Swalot\n|-supereffective|p1a: Swalot\n|-damage|p1a: Swalot|106/326\n|move|p1a: Swalot|Sludge Bomb|p2a: Hitmontop\n|-damage|p2a: Hitmontop|179/231\n|\n|-heal|p1a: Swalot|126/326|[from] item: Leftovers\n|upkeep\n|turn|6\n|\n|t:|1781438326\n|move|p1a: Swalot|Protect|p1a: Swalot\n|-singleturn|p1a: Swalot|Protect\n|move|p2a: Hitmontop|Earthquake|p1a: Swalot\n|-activate|p1a: Swalot|move: Protect\n|\n|-heal|p1a: Swalot|146/326|[from] item: Leftovers\n|upkeep\n|turn|7\n|\n|t:|1781438329\n|switch|p1a: Scizor|Scizor, L79, F|240/240\n|move|p2a: Hitmontop|Earthquake|p1a: Scizor\n|-damage|p1a: Scizor|171/240\n|\n|-heal|p1a: Scizor|186/240|[from] item: Leftovers\n|upkeep\n|turn|8\n|\n|t:|1781438338\n|switch|p2a: Gholdengo|Gholdengo, L77|261/261\n|move|p1a: Scizor|Knock Off|p2a: Gholdengo\n|-supereffective|p2a: Gholdengo\n|-damage|p2a: Gholdengo|105/261\n|-enditem|p2a: Gholdengo|Leftovers|[from] move: Knock Off|[of] p1a: Scizor\n|\n|-heal|p1a: Scizor|201/240|[from] item: Leftovers\n|upkeep\n|turn|9\n|\n|t:|1781438344\n|switch|p1a: Porygon2|Porygon2, L81|270/270\n|-ability|p1a: Porygon2|Download|boost\n|-boost|p1a: Porygon2|spa|1\n|move|p2a: Gholdengo|Recover|p2a: Gholdengo\n|-heal|p2a: Gholdengo|236/261\n|\n|upkeep\n|turn|10\n|\n|t:|1781438349\n|move|p2a: Gholdengo|Nasty Plot|p2a: Gholdengo\n|-boost|p2a: Gholdengo|spa|2\n|move|p1a: Porygon2|Discharge|p2a: Gholdengo\n|-damage|p2a: Gholdengo|151/261\n|-status|p2a: Gholdengo|par\n|\n|upkeep\n|turn|11\n|\n|t:|1781438354\n|move|p1a: Porygon2|Discharge|p2a: Gholdengo\n|-damage|p2a: Gholdengo|58/261 par\n|move|p2a: Gholdengo|Make It Rain|p1a: Porygon2\n|-damage|p1a: Porygon2|93/270\n|-unboost|p2a: Gholdengo|spa|1\n|\n|upkeep\n|turn|12\n|\n|t:|1781438360\n|move|p1a: Porygon2|Recover|p1a: Porygon2\n|-heal|p1a: Porygon2|228/270\n|cant|p2a: Gholdengo|par\n|\n|upkeep\n|turn|13\n|\n|t:|1781438362\n|move|p1a: Porygon2|Discharge|p2a: Gholdengo\n|-damage|p2a: Gholdengo|0 fnt\n|faint|p2a: Gholdengo\n|\n|upkeep\n|\n|t:|1781438364\n|switch|p2a: Hitmontop|Hitmontop, L88, M|179/231\n|-ability|p2a: Hitmontop|Intimidate|boost\n|-unboost|p1a: Porygon2|atk|1\n|turn|14\n|\n|t:|1781438373\n|switch|p1a: Scizor|Scizor, L79, F|201/240\n|move|p2a: Hitmontop|Close Combat|p1a: Scizor\n|-damage|p1a: Scizor|69/240\n|-unboost|p2a: Hitmontop|def|1\n|-unboost|p2a: Hitmontop|spd|1\n|\n|-heal|p1a: Scizor|84/240|[from] item: Leftovers\n|upkeep\n|turn|15\n|\n|t:|1781438378\n|move|p1a: Scizor|Bullet Punch|p2a: Hitmontop\n|-damage|p2a: Hitmontop|76/231\n|move|p2a: Hitmontop|Close Combat|p1a: Scizor\n|-damage|p1a: Scizor|0 fnt\n|-unboost|p2a: Hitmontop|def|1\n|-unboost|p2a: Hitmontop|spd|1\n|faint|p1a: Scizor\n|\n|upkeep\n|\n|t:|1781438393\n|switch|p1a: Yanmega|Yanmega, L82, M|275/275\n|turn|16\n|\n|t:|1781438398\n|move|p1a: Yanmega|Bug Buzz|p2a: Hitmontop\n|-resisted|p2a: Hitmontop\n|-damage|p2a: Hitmontop|0 fnt\n|faint|p2a: Hitmontop\n|\n|upkeep\n|\n|t:|1781438402\n|switch|p2a: Kleavor|Kleavor, L78, M|237/237\n|turn|17\n|\n|t:|1781438406\n|switch|p1a: Swalot|Swalot, L90, F|146/326\n|move|p2a: Kleavor|Stone Axe|p1a: Swalot\n|-damage|p1a: Swalot|0 fnt\n|-sidestart|p1: SmolVersion|move: Stealth Rock\n|faint|p1a: Swalot\n|\n|upkeep\n|\n|t:|1781438415\n|switch|p1a: Barraskewda|Barraskewda, L81, M|231/231\n|-damage|p1a: Barraskewda|203/231|[from] Stealth Rock\n|turn|18\n|\n|t:|1781438419\n|switch|p2a: Exeggutor|Exeggutor-Alola, L89, M|314/314\n|-item|p1a: Barraskewda|Choice Band|[from] ability: Frisk|[of] p2a: Exeggutor\n|move|p1a: Barraskewda|Flip Turn|p2a: Exeggutor\n|-resisted|p2a: Exeggutor\n|-damage|p2a: Exeggutor|290/314\n|\n|t:|1781438423\n|switch|p1a: Yanmega|Yanmega, L82, M|275/275|[from] Flip Turn\n|-damage|p1a: Yanmega|138/275|[from] Stealth Rock\n|\n|upkeep\n|turn|19\n|\n|t:|1781438428\n|move|p1a: Yanmega|Bug Buzz|p2a: Exeggutor\n|-supereffective|p2a: Exeggutor\n|-damage|p2a: Exeggutor|0 fnt\n|faint|p2a: Exeggutor\n|\n|upkeep\n|\n|t:|1781438431\n|switch|p2a: Kleavor|Kleavor, L78, M|237/237\n|turn|20\n|\n|t:|1781438435\n|move|p1a: Yanmega|Bug Buzz|p2a: Kleavor\n|-damage|p2a: Kleavor|39/237\n|-unboost|p2a: Kleavor|spd|1\n|move|p2a: Kleavor|Stone Axe|p1a: Yanmega\n|-supereffective|p1a: Yanmega\n|-damage|p1a: Yanmega|0 fnt\n|faint|p1a: Yanmega\n|\n|upkeep\n|\n|t:|1781438440\n|switch|p1a: Barraskewda|Barraskewda, L81, M|203/231\n|-damage|p1a: Barraskewda|175/231|[from] Stealth Rock\n|turn|21\n|\n|t:|1781438443\n|move|p1a: Barraskewda|Flip Turn|p2a: Kleavor\n|-supereffective|p2a: Kleavor\n|-damage|p2a: Kleavor|0 fnt\n|faint|p2a: Kleavor\n|\n|t:|1781438452\n|switch|p1a: Porygon2|Porygon2, L81|228/270|[from] Flip Turn\n|-damage|p1a: Porygon2|195/270|[from] Stealth Rock\n|\n|upkeep\n|\n|t:|1781438454\n|switch|p2a: Cetitan|Cetitan, L82, F|412/412\n|turn|22\n|\n|t:|1781438468\n|move|p2a: Cetitan|Belly Drum|p2a: Cetitan\n|-damage|p2a: Cetitan|206/412\n|-setboost|p2a: Cetitan|atk|6|[from] move: Belly Drum\n|-enditem|p2a: Cetitan|Sitrus Berry|[eat]\n|-heal|p2a: Cetitan|309/412|[from] item: Sitrus Berry\n|move|p1a: Porygon2|Tri Attack|p2a: Cetitan\n|-damage|p2a: Cetitan|197/412\n|\n|upkeep\n|turn|23\n|\n|t:|1781438475\n|move|p2a: Cetitan|Ice Spinner|p1a: Porygon2\n|-damage|p1a: Porygon2|0 fnt\n|faint|p1a: Porygon2\n|\n|upkeep\n|\n|t:|1781438479\n|switch|p1a: Floatzel|Floatzel, L86, M|286/286\n|-damage|p1a: Floatzel|251/286|[from] Stealth Rock\n|turn|24\n|\n|t:|1781438484\n|move|p1a: Floatzel|Wave Crash|p2a: Cetitan\n|-damage|p2a: Cetitan|4/412\n|-damage|p1a: Floatzel|187/286|[from] Recoil\n|move|p2a: Cetitan|Earthquake|p1a: Floatzel\n|-damage|p1a: Floatzel|0 fnt\n|faint|p1a: Floatzel\n|\n|upkeep\n|\n|t:|1781438489\n|switch|p1a: Barraskewda|Barraskewda, L81, M|175/231\n|-damage|p1a: Barraskewda|147/231|[from] Stealth Rock\n|turn|25\n|\n|t:|1781438492\n|-terastallize|p1a: Barraskewda|Water\n|-terastallize|p2a: Cetitan|Ice\n|move|p2a: Cetitan|Ice Shard|p1a: Barraskewda\n|-resisted|p1a: Barraskewda\n|-damage|p1a: Barraskewda|0 fnt\n|faint|p1a: Barraskewda\n|\n|win|randopractician\n|raw|SmolVersion's rating: 1979 &rarr; <strong>1960</strong><br />(-19 for losing)\n|raw|randopractician's rating: 2002 &rarr; <strong>2021</strong><br />(+19 for winning)\n", "inputlog": ">version a8376a258c1d4662feba110a92103f3664a72141\n>start {\"formatid\":\"gen9randombattle\",\"seed\":\"sodium,aceb3e40da5d98935f5edca02a5e6518\",\"rated\":\"Rated battle\"}\n>player p1 {\"name\":\"SmolVersion\",\"avatar\":\"102\",\"rating\":1979,\"seed\":\"sodium,aea0f2a9c74ad0cc4e38df2683aaeeb4\"}\n>player p2 {\"name\":\"randopractician\",\"avatar\":\"101\",\"rating\":2002,\"seed\":\"sodium,56d120f4ea4f1a6bd695a57c32fb99fd\"}\n>p1 move discharge\n>p2 switch 4\n>p1 move triattack\n>p2 move boomburst\n>p1 move triattack\n>p2 move boomburst\n>p2 switch 2\n>p1 switch 2\n>p2 move stoneedge\n>p1 move sludgebomb\n>p2 move earthquake\n>p1 move protect\n>p2 move earthquake\n>p1 switch 3\n>p2 move earthquake\n>p1 move knockoff\n>p2 switch 4\n>p1 switch 2\n>p2 move recover\n>p1 move discharge\n>p2 move nastyplot\n>p1 move discharge\n>p2 move makeitrain\n>p1 move recover\n>p2 move makeitrain\n>p1 move discharge\n>p2 move makeitrain\n>p2 switch 4\n>p1 switch 2\n>p2 move closecombat\n>p1 move bulletpunch\n>p2 move closecombat\n>p1 switch 5\n>p1 move bugbuzz\n>p2 move stoneedge\n>p2 switch 6\n>p1 switch 3\n>p2 move stoneaxe\n>p1 switch 6\n>p1 move flipturn\n>p2 switch 3\n>p1 switch 3\n>p1 move bugbuzz\n>p2 move flamethrower\n>p2 switch 3\n>p1 move bugbuzz\n>p2 move stoneaxe\n>p1 switch 3\n>p1 move flipturn\n>p2 move stoneaxe\n>p1 switch 2\n>p2 switch 5\n>p1 move triattack\n>p2 move bellydrum\n>p1 move triattack\n>p2 move icespinner\n>p1 switch 4\n>p1 move wavecrash\n>p2 move earthquake\n>p1 switch 2\n>p1 move waterfall terastallize\n>p2 move iceshard terastallize", "uploadtime": 1781438254, "views": 10, "formatid": "gen9randombattle", "rating": 1960, "private": 0, "password": null, "player_dets": [{"name": "SmolVersion", "avatar": "102", "rating": 1979, "seed": "sodium,aea0f2a9c74ad0cc4e38df2683aaeeb4"}, {"name": "randopractician", "avatar": "101", "rating": 2002, "seed": "sodium,56d120f4ea4f1a6bd695a57c32fb99fd"}], "teams_full": [{"Porygon2": {"name": "Porygon2", "species": "Porygon2", "speciesId": "porygon2", "gender": "N", "shiny": false, "level": 81, "moves": ["triattack", "icebeam", "discharge", "recover"], "ability": "Download", "evs": {"hp": 85, "atk": 0, "def": 85, "spa": 85, "spd": 85, "spe": 85}, "ivs": {"hp": 31, "atk": 0, "def": 31, "spa": 31, "spd": 31, "spe": 31}, "item": "Eviolite", "teraType": "Poison", "role": "Bulky Support", "bvs": {"hp": 85, "atk": 80, "def": 90, "spa": 105, "spd": 95, "spe": 60}, "stats": {"hp": 270, "atk": 134, "def": 192, "spa": 217, "spd": 201, "spe": 144}, "types": ["Normal"]}, "Swalot": {"name": "Swalot", "species": "Swalot", "speciesId": "swalot", "gender": "F", "shiny": false, "level": 90, "moves": ["earthquake", "sludgebomb", "protect", "toxic"], "ability": "Liquid Ooze", "evs": {"hp": 85, "atk": 85, "def": 85, "spa": 85, "spd": 85, "spe": 85}, "ivs": {"hp": 31, "atk": 31, "def": 31, "spa": 31, "spd": 31, "spe": 31}, "item": "Leftovers", "teraType": "Ground", "role": "Bulky Support", "bvs": {"hp": 100, "atk": 73, "def": 83, "spa": 73, "spd": 83, "spe": 55}, "stats": {"hp": 326, "atk": 183, "def": 201, "spa": 183, "spd": 201, "spe": 150}, "types": ["Poison"]}, "Scizor": {"name": "Scizor", "species": "Scizor", "speciesId": "scizor", "gender": "F", "shiny": false, "level": 79, "moves": ["bulletpunch", "defog", "knockoff", "closecombat"], "ability": "Technician", "evs": {"hp": 85, "atk": 85, "def": 85, "spa": 85, "spd": 85, "spe": 85}, "ivs": {"hp": 31, "atk": 31, "def": 31, "spa": 31, "spd": 31, "spe": 31}, "item": "Leftovers", "teraType": "Dragon", "role": "Bulky Support", "bvs": {"hp": 70, "atk": 130, "def": 100, "spa": 55, "spd": 80, "spe": 65}, "stats": {"hp": 240, "atk": 251, "def": 204, "spa": 132, "spd": 172, "spe": 148}, "types": ["Bug", "Steel"]}, "Floatzel": {"name": "Floatzel", "species": "Floatzel", "speciesId": "floatzel", "gender": "M", "shiny": false, "level": 86, "moves": ["taunt", "bulkup", "icespinner", "wavecrash"], "ability": "Water Veil", "evs": {"hp": 85, "atk": 85, "def": 85, "spa": 85, "spd": 85, "spe": 85}, "ivs": {"hp": 31, "atk": 31, "def": 31, "spa": 31, "spd": 31, "spe": 31}, "item": "Leftovers", "teraType": "Steel", "role": "Bulky Setup", "bvs": {"hp": 85, "atk": 105, "def": 55, "spa": 85, "spd": 50, "spe": 115}, "stats": {"hp": 286, "atk": 230, "def": 144, "spa": 195, "spd": 135, "spe": 247}, "types": ["Water"]}, "Yanmega": {"name": "Yanmega", "species": "Yanmega", "speciesId": "yanmega", "gender": "M", "shiny": false, "level": 82, "moves": ["bugbuzz", "uturn", "airslash", "gigadrain"], "ability": "Tinted Lens", "evs": {"hp": 85, "atk": 85, "def": 85, "spa": 85, "spd": 85, "spe": 85}, "ivs": {"hp": 31, "atk": 31, "def": 31, "spa": 31, "spd": 31, "spe": 31}, "item": "Choice Specs", "teraType": "Bug", "role": "Wallbreaker", "bvs": {"hp": 86, "atk": 76, "def": 86, "spa": 116, "spd": 56, "spe": 95}, "stats": {"hp": 275, "atk": 172, "def": 188, "spa": 237, "spd": 139, "spe": 203}, "types": ["Bug", "Flying"]}, "Barraskewda": {"name": "Barraskewda", "species": "Barraskewda", "speciesId": "barraskewda", "gender": "M", "shiny": false, "level": 81, "moves": ["waterfall", "flipturn", "closecombat", "psychicfangs"], "ability": "Swift Swim", "evs": {"hp": 85, "atk": 85, "def": 85, "spa": 85, "spd": 85, "spe": 85}, "ivs": {"hp": 31, "atk": 31, "def": 31, "spa": 31, "spd": 31, "spe": 31}, "item": "Choice Band", "teraType": "Water", "role": "Wallbreaker", "bvs": {"hp": 61, "atk": 123, "def": 60, "spa": 60, "spd": 50, "spe": 136}, "stats": {"hp": 231, "atk": 246, "def": 144, "spa": 144, "spd": 128, "spe": 267}, "types": ["Water"]}}, {"Gholdengo": {"name": "Gholdengo", "species": "Gholdengo", "speciesId": "gholdengo", "gender": "N", "shiny": false, "level": 77, "moves": ["shadowball", "recover", "nastyplot", "makeitrain"], "ability": "Good as Gold", "evs": {"hp": 85, "atk": 0, "def": 85, "spa": 85, "spd": 85, "spe": 85}, "ivs": {"hp": 31, "atk": 0, "def": 31, "spa": 31, "spd": 31, "spe": 31}, "item": "Leftovers", "teraType": "Dark", "role": "Bulky Support", "bvs": {"hp": 87, "atk": 60, "def": 95, "spa": 133, "spd": 91, "spe": 84}, "stats": {"hp": 261, "atk": 97, "def": 191, "spa": 249, "spd": 185, "spe": 174}, "types": ["Steel", "Ghost"]}, "Hitmontop": {"name": "Hitmontop", "species": "Hitmontop", "speciesId": "hitmontop", "gender": "M", "shiny": false, "level": 88, "moves": ["earthquake", "stoneedge", "rapidspin", "closecombat"], "ability": "Intimidate", "evs": {"hp": 85, "atk": 85, "def": 85, "spa": 85, "spd": 85, "spe": 85}, "ivs": {"hp": 31, "atk": 31, "def": 31, "spa": 31, "spd": 31, "spe": 31}, "item": "Assault Vest", "teraType": "Steel", "role": "Bulky Support", "bvs": {"hp": 50, "atk": 95, "def": 95, "spa": 35, "spd": 110, "spe": 70}, "stats": {"hp": 231, "atk": 217, "def": 217, "spa": 112, "spd": 244, "spe": 173}, "types": ["Fighting"]}, "Exeggutor": {"name": "Exeggutor", "species": "Exeggutor-Alola", "speciesId": "exeggutoralola", "gender": "M", "shiny": false, "level": 89, "moves": ["leafstorm", "flamethrower", "dracometeor", "gigadrain"], "ability": "Frisk", "evs": {"hp": 85, "atk": 0, "def": 85, "spa": 85, "spd": 85, "spe": 85}, "ivs": {"hp": 31, "atk": 0, "def": 31, "spa": 31, "spd": 31, "spe": 31}, "item": "Choice Specs", "teraType": "Fire", "role": "Wallbreaker", "bvs": {"hp": 95, "atk": 105, "def": 85, "spa": 125, "spd": 75, "spe": 45}, "stats": {"hp": 314, "atk": 191, "def": 202, "spa": 273, "spd": 184, "spe": 131}, "types": ["Grass", "Dragon"]}, "Dudunsparce": {"name": "Dudunsparce", "species": "Dudunsparce-Three-Segment", "speciesId": "dudunsparce", "gender": "F", "shiny": false, "level": 83, "moves": ["calmmind", "shadowball", "boomburst", "roost"], "ability": "Rattled", "evs": {"hp": 85, "atk": 0, "def": 85, "spa": 85, "spd": 85, "spe": 85}, "ivs": {"hp": 31, "atk": 0, "def": 31, "spa": 31, "spd": 31, "spe": 31}, "item": "Leftovers", "teraType": "Ghost", "role": "Bulky Setup", "bvs": {"hp": 125, "atk": 100, "def": 80, "spa": 85, "spd": 75, "spe": 55}, "stats": {"hp": 343, "atk": 171, "def": 180, "spa": 189, "spd": 172, "spe": 139}, "types": ["Normal"]}, "Cetitan": {"name": "Cetitan", "species": "Cetitan", "speciesId": "cetitan", "gender": "F", "shiny": false, "level": 82, "moves": ["earthquake", "icespinner", "iceshard", "bellydrum"], "ability": "Thick Fat", "evs": {"hp": 81, "atk": 85, "def": 85, "spa": 85, "spd": 85, "spe": 85}, "ivs": {"hp": 31, "atk": 31, "def": 31, "spa": 31, "spd": 31, "spe": 31}, "item": "Sitrus Berry", "teraType": "Ice", "role": "Bulky Setup", "bvs": {"hp": 170, "atk": 113, "def": 65, "spa": 45, "spd": 55, "spe": 73}, "stats": {"hp": 412, "atk": 232, "def": 154, "spa": 121, "spd": 137, "spe": 167}, "types": ["Ice"]}, "Kleavor": {"name": "Kleavor", "species": "Kleavor", "speciesId": "kleavor", "gender": "M", "shiny": false, "level": 78, "moves": ["xscissor", "uturn", "closecombat", "stoneaxe"], "ability": "Sharpness", "evs": {"hp": 85, "atk": 85, "def": 85, "spa": 85, "spd": 85, "spe": 85}, "ivs": {"hp": 31, "atk": 31, "def": 31, "spa": 31, "spd": 31, "spe": 31}, "item": "Choice Band", "teraType": "Fighting", "role": "Bulky Attacker", "bvs": {"hp": 70, "atk": 135, "def": 95, "spa": 45, "spd": 70, "spe": 85}, "stats": {"hp": 237, "atk": 256, "def": 193, "spa": 115, "spd": 154, "spe": 178}, "types": ["Bug", "Rock"]}}]}