{"id": "gen9randombattle-2631818233", "format": "[Gen 9] Random Battle", "players": ["Chrispy0ats", "fullbodyhakiman"], "log": "|j|\u2606Chrispy0ats\n|j|\u2606fullbodyhakiman\n|t:|1781444032\n|gametype|singles\n|player|p1|Chrispy0ats|1|1388\n|player|p2|fullbodyhakiman|169|1433\n|gen|9\n|tier|[Gen 9] Random Battle\n|rated|\n|rule|Species Clause: Limit one of each Pok\u00e9mon\n|rule|HP Percentage Mod: HP is shown in percentages\n|rule|Sleep Clause Mod: Limit one foe put to sleep\n|rule|Illusion Level Mod: Illusion disguises the Pok\u00e9mon's true level\n|\n|t:|1781444032\n|teamsize|p1|6\n|teamsize|p2|6\n|start\n|switch|p1a: Cacturne|Cacturne, L92, M|278/278\n|switch|p2a: Deoxys|Deoxys, L74|196/196\n|-ability|p2a: Deoxys|Pressure\n|turn|1\n|inactive|Battle timer is ON: inactive players will automatically lose when time's up. (requested by Chrispy0ats)\n|\n|t:|1781444052\n|move|p2a: Deoxys|Superpower|p1a: Cacturne\n|-supereffective|p1a: Cacturne\n|-damage|p1a: Cacturne|0 fnt\n|-unboost|p2a: Deoxys|atk|1\n|-unboost|p2a: Deoxys|def|1\n|faint|p1a: Cacturne\n|-damage|p2a: Deoxys|177/196|[from] item: Life Orb\n|\n|upkeep\n|\n|t:|1781444067\n|switch|p1a: Lokix|Lokix, L82, F|251/251\n|turn|2\n|\n|t:|1781444080\n|switch|p2a: Ninetales|Ninetales, L85, F|263/263\n|-weather|SunnyDay|[from] ability: Drought|[of] p2a: Ninetales\n|move|p1a: Lokix|First Impression|p2a: Ninetales\n|-resisted|p2a: Ninetales\n|-damage|p2a: Ninetales|145/263\n|\n|-weather|SunnyDay|[upkeep]\n|upkeep\n|turn|3\n|\n|t:|1781444095\n|move|p1a: Lokix|Sucker Punch||[still]\n|-fail|p1a: Lokix\n|move|p2a: Ninetales|Nasty Plot|p2a: Ninetales\n|-boost|p2a: Ninetales|spa|2\n|\n|-weather|SunnyDay|[upkeep]\n|upkeep\n|turn|4\n|\n|t:|1781444102\n|move|p1a: Lokix|Sucker Punch|p2a: Ninetales\n|-damage|p2a: Ninetales|64/263\n|move|p2a: Ninetales|Fire Blast|p1a: Lokix|[miss]\n|-miss|p2a: Ninetales|p1a: Lokix\n|\n|-weather|SunnyDay|[upkeep]\n|upkeep\n|turn|5\n|\n|t:|1781444126\n|move|p1a: Lokix|Sucker Punch||[still]\n|-fail|p1a: Lokix\n|move|p2a: Ninetales|Nasty Plot|p2a: Ninetales\n|-boost|p2a: Ninetales|spa|2\n|\n|-weather|SunnyDay|[upkeep]\n|upkeep\n|turn|6\n|\n|t:|1781444138\n|switch|p1a: Arcanine|Arcanine-Hisui, L79, F|279/279\n|move|p2a: Ninetales|Nasty Plot|p2a: Ninetales\n|-boost|p2a: Ninetales|spa|2\n|\n|-weather|none\n|upkeep\n|turn|7\n|\n|t:|1781444150\n|move|p2a: Ninetales|Scorching Sands|p1a: Arcanine\n|-supereffective|p1a: Arcanine\n|-damage|p1a: Arcanine|0 fnt\n|faint|p1a: Arcanine\n|\n|upkeep\n|\n|t:|1781444156\n|switch|p1a: Lokix|Lokix, L82, F|251/251\n|turn|8\n|\n|t:|1781444162\n|switch|p2a: Copperajah|Copperajah, L86, F|349/349\n|move|p1a: Lokix|First Impression|p2a: Copperajah\n|-resisted|p2a: Copperajah\n|-damage|p2a: Copperajah|223/349\n|\n|upkeep\n|turn|9\n|\n|t:|1781444169\n|move|p1a: Lokix|Knock Off|p2a: Copperajah\n|-damage|p2a: Copperajah|106/349\n|-enditem|p2a: Copperajah|Choice Band|[from] move: Knock Off|[of] p1a: Lokix\n|move|p2a: Copperajah|Heavy Slam|p1a: Lokix\n|-crit|p1a: Lokix\n|-damage|p1a: Lokix|0 fnt\n|faint|p1a: Lokix\n|\n|upkeep\n|\n|t:|1781444179\n|switch|p1a: Barraskewda|Barraskewda, L81, F|231/231\n|turn|10\n|\n|t:|1781444199\n|move|p1a: Barraskewda|Waterfall|p2a: Copperajah\n|-damage|p2a: Copperajah|0 fnt\n|faint|p2a: Copperajah\n|\n|upkeep\n|\n|t:|1781444208\n|switch|p2a: Rillaboom|Rillaboom, L79, F|288/288\n|-fieldstart|move: Grassy Terrain|[from] ability: Grassy Surge|[of] p2a: Rillaboom\n|turn|11\n|inactive|Chrispy0ats has 120 seconds left.\n|\n|t:|1781444235\n|switch|p1a: Oranguru|Oranguru, L92, M|315/315\n|move|p2a: Rillaboom|Swords Dance|p2a: Rillaboom\n|-boost|p2a: Rillaboom|atk|2\n|\n|upkeep\n|turn|12\n|inactive|Chrispy0ats has 120 seconds left.\n|\n|t:|1781444246\n|move|p2a: Rillaboom|Wood Hammer|p1a: Oranguru\n|-damage|p1a: Oranguru|0 fnt\n|faint|p1a: Oranguru\n|-damage|p2a: Rillaboom|184/288|[from] Recoil\n|-damage|p2a: Rillaboom|156/288|[from] item: Life Orb\n|\n|-heal|p2a: Rillaboom|174/288|[from] Grassy Terrain\n|upkeep\n|inactive|Chrispy0ats has 120 seconds left.\n|l|\u2606Chrispy0ats\n|inactive|Chrispy0ats disconnected and has a minute to reconnect!\n|player|p1|\n|j|\u2606Chrispy0ats\n|inactive|Chrispy0ats reconnected and has 105 seconds left.\n|player|p1|Chrispy0ats|1|\n|\n|t:|1781444272\n|switch|p1a: Barraskewda|Barraskewda, L81, F|231/231\n|turn|13\n|\n|t:|1781444278\n|move|p2a: Rillaboom|Grassy Glide|p1a: Barraskewda\n|-supereffective|p1a: Barraskewda\n|-damage|p1a: Barraskewda|0 fnt\n|faint|p1a: Barraskewda\n|-damage|p2a: Rillaboom|146/288|[from] item: Life Orb\n|\n|-heal|p2a: Rillaboom|164/288|[from] Grassy Terrain\n|upkeep\n|\n|t:|1781444286\n|switch|p1a: Palkia|Palkia-Origin, L72|249/249\n|-ability|p1a: Palkia|Pressure\n|turn|14\n|\n|t:|1781444293\n|move|p2a: Rillaboom|Grassy Glide|p1a: Palkia\n|-damage|p1a: Palkia|27/249\n|-damage|p2a: Rillaboom|136/288|[from] item: Life Orb\n|move|p1a: Palkia|Fire Blast|p2a: Rillaboom\n|-supereffective|p2a: Rillaboom\n|-damage|p2a: Rillaboom|0 fnt\n|faint|p2a: Rillaboom\n|\n|-heal|p1a: Palkia|42/249|[from] Grassy Terrain\n|upkeep\n|\n|t:|1781444300\n|switch|p2a: Deoxys|Deoxys, L74|177/196\n|-ability|p2a: Deoxys|Pressure\n|turn|15\n|inactive|Chrispy0ats has 120 seconds left.\n|\n|t:|1781444309\n|move|p2a: Deoxys|Superpower|p1a: Palkia\n|-damage|p1a: Palkia|0 fnt\n|-unboost|p2a: Deoxys|atk|1\n|-unboost|p2a: Deoxys|def|1\n|faint|p1a: Palkia\n|-damage|p2a: Deoxys|158/196|[from] item: Life Orb\n|\n|win|fullbodyhakiman\n|raw|Chrispy0ats's rating: 1388 &rarr; <strong>1371</strong><br />(-17 for losing)\n|raw|fullbodyhakiman's rating: 1433 &rarr; <strong>1450</strong><br />(+17 for winning)\n|l|\u2606Chrispy0ats\n|player|p1|\n", "inputlog": ">version a8376a258c1d4662feba110a92103f3664a72141\n>start {\"formatid\":\"gen9randombattle\",\"seed\":\"sodium,93e71ac48f191925386fe90ce71cb00e\",\"rated\":\"Rated battle\"}\n>player p1 {\"name\":\"Chrispy0ats\",\"avatar\":\"1\",\"rating\":1388,\"seed\":\"sodium,b944ee4aed47378946698ef469298a03\"}\n>player p2 {\"name\":\"fullbodyhakiman\",\"avatar\":\"169\",\"rating\":1433,\"seed\":\"sodium,c0b916fad023355e5f91597f889b23ca\"}\n>p1 move swordsdance\n>p2 move superpower\n>p1 switch 5\n>p1 move firstimpression\n>p2 switch 6\n>p1 move suckerpunch\n>p2 move nastyplot\n>p1 move suckerpunch\n>p2 move fireblast\n>p1 move suckerpunch\n>p2 move nastyplot\n>p1 switch 2\n>p2 move nastyplot\n>p1 move headsmash\n>p2 move scorchingsands\n>p1 switch 2\n>p1 move firstimpression\n>p2 switch 3\n>p1 move knockoff\n>p2 move heavyslam\n>p1 switch 3\n>p1 move waterfall\n>p2 move supercellslam\n>p2 switch 5\n>p1 switch 4\n>p2 move swordsdance\n>p1 move nastyplot\n>p2 move woodhammer\n>p1 switch 4\n>p1 move closecombat\n>p2 move grassyglide\n>p1 switch 6\n>p1 move fireblast\n>p2 move grassyglide\n>p2 switch 6\n>p1 move thunderwave\n>p2 move superpower", "uploadtime": 1781444318, "views": 4, "formatid": "gen9randombattle", "rating": 1371, "private": 0, "password": null, "player_dets": [{"name": "Chrispy0ats", "avatar": "1", "rating": 1388, "seed": "sodium,b944ee4aed47378946698ef469298a03"}, {"name": "fullbodyhakiman", "avatar": "169", "rating": 1433, "seed": "sodium,c0b916fad023355e5f91597f889b23ca"}], "teams_full": [{"Cacturne": {"name": "Cacturne", "species": "Cacturne", "speciesId": "cacturne", "gender": "M", "shiny": false, "level": 92, "moves": ["suckerpunch", "seedbomb", "knockoff", "swordsdance"], "ability": "Water Absorb", "evs": {"hp": 85, "atk": 85, "def": 85, "spa": 85, "spd": 85, "spe": 85}, "ivs": {"hp": 31, "atk": 31, "def": 31, "spa": 31, "spd": 31, "spe": 31}, "item": "Life Orb", "teraType": "Dark", "role": "Setup Sweeper", "bvs": {"hp": 70, "atk": 115, "def": 60, "spa": 115, "spd": 60, "spe": 55}, "stats": {"hp": 278, "atk": 264, "def": 163, "spa": 264, "spd": 163, "spe": 154}}, "Arcanine": {"name": "Arcanine", "species": "Arcanine-Hisui", "speciesId": "arcaninehisui", "gender": "F", "shiny": false, "level": 79, "moves": ["closecombat", "wildcharge", "flareblitz", "headsmash"], "ability": "Rock Head", "evs": {"hp": 81, "atk": 85, "def": 85, "spa": 85, "spd": 85, "spe": 85}, "ivs": {"hp": 31, "atk": 31, "def": 31, "spa": 31, "spd": 31, "spe": 31}, "item": "Choice Band", "teraType": "Fire", "role": "Fast Attacker", "bvs": {"hp": 95, "atk": 115, "def": 80, "spa": 95, "spd": 80, "spe": 90}, "stats": {"hp": 279, "atk": 227, "def": 172, "spa": 196, "spd": 172, "spe": 188}}, "Barraskewda": {"name": "Barraskewda", "species": "Barraskewda", "speciesId": "barraskewda", "gender": "F", "shiny": false, "level": 81, "moves": ["closecombat", "flipturn", "throatchop", "waterfall"], "ability": "Swift Swim", "evs": {"hp": 85, "atk": 85, "def": 85, "spa": 85, "spd": 85, "spe": 85}, "ivs": {"hp": 31, "atk": 31, "def": 31, "spa": 31, "spd": 31, "spe": 31}, "item": "Choice Band", "teraType": "Fighting", "role": "Wallbreaker", "bvs": {"hp": 61, "atk": 123, "def": 60, "spa": 60, "spd": 50, "spe": 136}, "stats": {"hp": 231, "atk": 246, "def": 144, "spa": 144, "spd": 128, "spe": 267}}, "Oranguru": {"name": "Oranguru", "species": "Oranguru", "speciesId": "oranguru", "gender": "M", "shiny": false, "level": 92, "moves": ["focusblast", "thunderbolt", "nastyplot", "psyshock"], "ability": "Inner Focus", "evs": {"hp": 85, "atk": 0, "def": 85, "spa": 85, "spd": 85, "spe": 85}, "ivs": {"hp": 31, "atk": 0, "def": 31, "spa": 31, "spd": 31, "spe": 31}, "item": "Leftovers", "teraType": "Psychic", "role": "Bulky Attacker", "bvs": {"hp": 90, "atk": 60, "def": 80, "spa": 90, "spd": 110, "spe": 60}, "stats": {"hp": 315, "atk": 115, "def": 200, "spa": 218, "spd": 255, "spe": 163}}, "Lokix": {"name": "Lokix", "species": "Lokix", "speciesId": "lokix", "gender": "F", "shiny": false, "level": 82, "moves": ["uturn", "suckerpunch", "firstimpression", "knockoff"], "ability": "Tinted Lens", "evs": {"hp": 85, "atk": 85, "def": 85, "spa": 85, "spd": 85, "spe": 85}, "ivs": {"hp": 31, "atk": 31, "def": 31, "spa": 31, "spd": 31, "spe": 31}, "item": "Silver Powder", "teraType": "Bug", "role": "Fast Attacker", "bvs": {"hp": 71, "atk": 102, "def": 78, "spa": 52, "spd": 55, "spe": 92}, "stats": {"hp": 251, "atk": 214, "def": 175, "spa": 132, "spd": 137, "spe": 198}}, "Palkia": {"name": "Palkia", "species": "Palkia-Origin", "speciesId": "palkiaorigin", "gender": "N", "shiny": false, "level": 72, "moves": ["thunderwave", "fireblast", "hydropump", "spacialrend"], "ability": "Pressure", "evs": {"hp": 85, "atk": 0, "def": 85, "spa": 85, "spd": 85, "spe": 85}, "ivs": {"hp": 31, "atk": 0, "def": 31, "spa": 31, "spd": 31, "spe": 31}, "item": "Lustrous Globe", "teraType": "Water", "role": "Bulky Attacker", "bvs": {"hp": 90, "atk": 100, "def": 100, "spa": 150, "spd": 120, "spe": 120}, "stats": {"hp": 249, "atk": 149, "def": 186, "spa": 258, "spd": 215, "spe": 215}}}, {"Deoxys": {"name": "Deoxys", "species": "Deoxys", "speciesId": "deoxys", "gender": "N", "shiny": false, "level": 74, "moves": ["knockoff", "superpower", "icebeam", "psychoboost"], "ability": "Pressure", "evs": {"hp": 85, "atk": 85, "def": 85, "spa": 85, "spd": 85, "spe": 85}, "ivs": {"hp": 31, "atk": 31, "def": 31, "spa": 31, "spd": 31, "spe": 31}, "item": "Life Orb", "teraType": "Dark", "role": "Wallbreaker", "bvs": {"hp": 50, "atk": 150, "def": 50, "spa": 150, "spd": 50, "spe": 150}, "stats": {"hp": 196, "atk": 265, "def": 117, "spa": 265, "spd": 117, "spe": 265}}, "Oricorio": {"name": "Oricorio", "species": "Oricorio-Pa'u", "speciesId": "oricoriopau", "gender": "M", "shiny": false, "level": 87, "moves": ["revelationdance", "roost", "quiverdance", "hurricane"], "ability": "Dancer", "evs": {"hp": 85, "atk": 0, "def": 85, "spa": 85, "spd": 85, "spe": 85}, "ivs": {"hp": 31, "atk": 0, "def": 31, "spa": 31, "spd": 31, "spe": 31}, "item": "Heavy-Duty Boots", "teraType": "Fighting", "role": "Setup Sweeper", "bvs": {"hp": 75, "atk": 70, "def": 70, "spa": 98, "spd": 70, "spe": 93}, "stats": {"hp": 272, "atk": 126, "def": 172, "spa": 220, "spd": 172, "spe": 212}}, "Copperajah": {"name": "Copperajah", "species": "Copperajah", "speciesId": "copperajah", "gender": "F", "shiny": false, "level": 86, "moves": ["supercellslam", "superpower", "heavyslam", "knockoff"], "ability": "Heavy Metal", "evs": {"hp": 81, "atk": 85, "def": 85, "spa": 85, "spd": 85, "spe": 85}, "ivs": {"hp": 31, "atk": 31, "def": 31, "spa": 31, "spd": 31, "spe": 31}, "item": "Choice Band", "teraType": "Flying", "role": "Bulky Attacker", "bvs": {"hp": 122, "atk": 130, "def": 69, "spa": 80, "spd": 69, "spe": 30}, "stats": {"hp": 349, "atk": 273, "def": 168, "spa": 187, "spd": 168, "spe": 101}}, "Terapagos": {"name": "Terapagos", "species": "Terapagos", "speciesId": "terapagos", "gender": "M", "shiny": false, "level": 77, "moves": ["calmmind", "earthpower", "terastarstorm", "rest"], "ability": "Tera Shift", "evs": {"hp": 85, "atk": 0, "def": 85, "spa": 85, "spd": 85, "spe": 85}, "ivs": {"hp": 31, "atk": 0, "def": 31, "spa": 31, "spd": 31, "spe": 31}, "item": "Chesto Berry", "teraType": "Stellar", "role": "Fast Bulky Setup", "bvs": {"hp": 90, "atk": 65, "def": 85, "spa": 65, "spd": 85, "spe": 60}, "stats": {"hp": 265, "atk": 105, "def": 175, "spa": 145, "spd": 175, "spe": 137}}, "Rillaboom": {"name": "Rillaboom", "species": "Rillaboom", "speciesId": "rillaboom", "gender": "F", "shiny": false, "level": 79, "moves": ["grassyglide", "swordsdance", "woodhammer", "knockoff"], "ability": "Grassy Surge", "evs": {"hp": 85, "atk": 85, "def": 85, "spa": 85, "spd": 85, "spe": 85}, "ivs": {"hp": 31, "atk": 31, "def": 31, "spa": 31, "spd": 31, "spe": 31}, "item": "Life Orb", "teraType": "Grass", "role": "Wallbreaker", "bvs": {"hp": 100, "atk": 125, "def": 90, "spa": 60, "spd": 70, "spe": 85}, "stats": {"hp": 288, "atk": 243, "def": 188, "spa": 140, "spd": 156, "spe": 180}}, "Ninetales": {"name": "Ninetales", "species": "Ninetales", "speciesId": "ninetales", "gender": "F", "shiny": false, "level": 85, "moves": ["nastyplot", "fireblast", "solarbeam", "scorchingsands"], "ability": "Drought", "evs": {"hp": 85, "atk": 0, "def": 85, "spa": 85, "spd": 85, "spe": 85}, "ivs": {"hp": 31, "atk": 0, "def": 31, "spa": 31, "spd": 31, "spe": 31}, "item": "Heavy-Duty Boots", "teraType": "Grass", "role": "Setup Sweeper", "bvs": {"hp": 73, "atk": 76, "def": 75, "spa": 81, "spd": 100, "spe": 100}, "stats": {"hp": 263, "atk": 134, "def": 176, "spa": 186, "spd": 219, "spe": 219}}}]}