{"id": "gen9randombattle-2631729404", "format": "[Gen 9] Random Battle", "players": ["Diabetes1", "Oginotakashi"], "log": "|j|\u2606Diabetes1\n|j|\u2606Oginotakashi\n|t:|1781429883\n|gametype|singles\n|player|p1|Diabetes1|101|2098\n|player|p2|Oginotakashi|1|2166\n|gen|9\n|tier|[Gen 9] Random Battle\n|rated|\n|rule|Species Clause: Limit one of each Pok\u00e9mon\n|rule|HP Percentage Mod: HP is shown in percentages\n|rule|Sleep Clause Mod: Limit one foe put to sleep\n|rule|Illusion Level Mod: Illusion disguises the Pok\u00e9mon's true level\n|\n|t:|1781429883\n|teamsize|p1|6\n|teamsize|p2|6\n|start\n|switch|p1a: Coalossal|Coalossal, L89, F|341/341\n|switch|p2a: Shaymin|Shaymin-Sky, L73|266/266\n|turn|1\n|inactive|Battle timer is ON: inactive players will automatically lose when time's up. (requested by Diabetes1)\n|\n|t:|1781429897\n|move|p2a: Shaymin|Earth Power|p1a: Coalossal\n|-supereffective|p1a: Coalossal\n|-damage|p1a: Coalossal|1/341\n|move|p1a: Coalossal|Overheat|p2a: Shaymin\n|-supereffective|p2a: Shaymin\n|-damage|p2a: Shaymin|0 fnt\n|-unboost|p1a: Coalossal|spa|2\n|faint|p2a: Shaymin\n|\n|upkeep\n|\n|t:|1781429912\n|switch|p2a: Tentacruel|Tentacruel, L84, F|272/272\n|turn|2\n|\n|t:|1781429926\n|switch|p1a: Sinistcha|Sinistcha-Masterpiece, L83|254/254\n|move|p2a: Tentacruel|Rapid Spin|p1a: Sinistcha\n|-immune|p1a: Sinistcha\n|\n|upkeep\n|turn|3\n|\n|t:|1781429935\n|move|p2a: Tentacruel|Sludge Bomb|p1a: Sinistcha\n|-damage|p1a: Sinistcha|155/254\n|move|p1a: Sinistcha|Calm Mind|p1a: Sinistcha\n|-boost|p1a: Sinistcha|spa|1\n|-boost|p1a: Sinistcha|spd|1\n|\n|-heal|p1a: Sinistcha|170/254|[from] item: Leftovers\n|upkeep\n|turn|4\n|\n|t:|1781429945\n|move|p2a: Tentacruel|Sludge Bomb|p1a: Sinistcha\n|-damage|p1a: Sinistcha|107/254\n|move|p1a: Sinistcha|Calm Mind|p1a: Sinistcha\n|-boost|p1a: Sinistcha|spa|1\n|-boost|p1a: Sinistcha|spd|1\n|\n|-heal|p1a: Sinistcha|122/254|[from] item: Leftovers\n|upkeep\n|turn|5\n|\n|t:|1781429950\n|move|p2a: Tentacruel|Sludge Bomb|p1a: Sinistcha\n|-damage|p1a: Sinistcha|80/254\n|move|p1a: Sinistcha|Shadow Ball|p2a: Tentacruel\n|-damage|p2a: Tentacruel|172/272\n|\n|-heal|p1a: Sinistcha|95/254|[from] item: Leftovers\n|upkeep\n|turn|6\n|\n|t:|1781429959\n|move|p2a: Tentacruel|Sludge Bomb|p1a: Sinistcha\n|-damage|p1a: Sinistcha|52/254\n|-status|p1a: Sinistcha|psn\n|move|p1a: Sinistcha|Shadow Ball|p2a: Tentacruel\n|-damage|p2a: Tentacruel|75/272\n|\n|-heal|p1a: Sinistcha|67/254 psn|[from] item: Leftovers\n|-damage|p1a: Sinistcha|36/254 psn|[from] psn\n|upkeep\n|turn|7\n|\n|t:|1781429965\n|move|p2a: Tentacruel|Sludge Bomb|p1a: Sinistcha\n|-damage|p1a: Sinistcha|0 fnt\n|faint|p1a: Sinistcha\n|\n|upkeep\n|\n|t:|1781429975\n|switch|p1a: Latios|Latios, L78, M|253/253\n|turn|8\n|\n|t:|1781429987\n|switch|p2a: Abomasnow|Abomasnow, L84, M|287/287\n|-weather|Snowscape|[from] ability: Snow Warning|[of] p2a: Abomasnow\n|move|p1a: Latios|Psyshock|p2a: Abomasnow\n|-damage|p2a: Abomasnow|205/287\n|\n|-weather|Snowscape|[upkeep]\n|upkeep\n|turn|9\n|\n|t:|1781430004\n|move|p1a: Latios|Draco Meteor|p2a: Abomasnow\n|-damage|p2a: Abomasnow|24/287\n|-unboost|p1a: Latios|spa|2\n|move|p2a: Abomasnow|Aurora Veil|p2a: Abomasnow\n|-sidestart|p2: Oginotakashi|move: Aurora Veil\n|\n|-weather|Snowscape|[upkeep]\n|upkeep\n|turn|10\n|\n|t:|1781430009\n|move|p1a: Latios|Draco Meteor|p2a: Abomasnow\n|-damage|p2a: Abomasnow|0 fnt\n|-unboost|p1a: Latios|spa|2\n|faint|p2a: Abomasnow\n|\n|-weather|Snowscape|[upkeep]\n|upkeep\n|\n|t:|1781430015\n|switch|p2a: Slither Wing|Slither Wing, L81|270/270\n|turn|11\n|\n|t:|1781430022\n|switch|p1a: Coalossal|Coalossal, L89, F|1/341\n|move|p2a: Slither Wing|U-turn|p1a: Coalossal\n|-resisted|p1a: Coalossal\n|-damage|p1a: Coalossal|0 fnt\n|faint|p1a: Coalossal\n|\n|t:|1781430039\n|-end|p2a: Slither Wing|Protosynthesis|[silent]\n|switch|p2a: Kingdra|Kingdra, L84, F|263/263|[from] U-turn\n|\n|-weather|Snowscape|[upkeep]\n|upkeep\n|\n|t:|1781430059\n|switch|p1a: Regigigas|Regigigas, L84|322/322\n|-start|p1a: Regigigas|ability: Slow Start\n|turn|12\n|inactive|Oginotakashi has 120 seconds left.\n|\n|t:|1781430111\n|switch|p2a: Slither Wing|Slither Wing, L81|270/270\n|move|p1a: Regigigas|Knock Off|p2a: Slither Wing\n|-resisted|p2a: Slither Wing\n|-damage|p2a: Slither Wing|257/270\n|-enditem|p2a: Slither Wing|Heavy-Duty Boots|[from] move: Knock Off|[of] p1a: Regigigas\n|\n|-weather|none\n|upkeep\n|turn|13\n|\n|t:|1781430131\n|move|p2a: Slither Wing|Close Combat|p1a: Regigigas\n|-supereffective|p1a: Regigigas\n|-damage|p1a: Regigigas|50/322\n|-unboost|p2a: Slither Wing|def|1\n|-unboost|p2a: Slither Wing|spd|1\n|move|p1a: Regigigas|Body Slam|p2a: Slither Wing\n|-damage|p2a: Slither Wing|197/270\n|\n|-heal|p1a: Regigigas|70/322|[from] item: Leftovers\n|upkeep\n|turn|14\n|\n|t:|1781430141\n|move|p2a: Slither Wing|U-turn|p1a: Regigigas\n|-damage|p1a: Regigigas|0 fnt\n|faint|p1a: Regigigas\n|-end|p1a: Regigigas|Slow Start|[silent]\n|\n|t:|1781430144\n|-end|p2a: Slither Wing|Protosynthesis|[silent]\n|switch|p2a: Kingdra|Kingdra, L84, F|263/263|[from] U-turn\n|\n|upkeep\n|inactive|Diabetes1 has 120 seconds left.\n|\n|t:|1781430171\n|switch|p1a: Porygon-Z|Porygon-Z, L83|277/277\n|-ability|p1a: Porygon-Z|Download|boost\n|-boost|p1a: Porygon-Z|spa|1\n|turn|15\n|\n|t:|1781430181\n|move|p1a: Porygon-Z|Trick|p2a: Kingdra\n|-activate|p1a: Porygon-Z|move: Trick|[of] p2a: Kingdra\n|-item|p2a: Kingdra|Choice Scarf|[from] move: Trick\n|-item|p1a: Porygon-Z|Lum Berry|[from] move: Trick\n|move|p2a: Kingdra|Dragon Dance|p2a: Kingdra\n|-boost|p2a: Kingdra|atk|1\n|-boost|p2a: Kingdra|spe|1\n|\n|upkeep\n|turn|16\n|\n|t:|1781430191\n|switch|p2a: Tentacruel|Tentacruel, L84, F|75/272\n|move|p1a: Porygon-Z|Tri Attack|p2a: Tentacruel\n|-damage|p2a: Tentacruel|36/272\n|-status|p2a: Tentacruel|frz\n|\n|-sideend|p2: Oginotakashi|move: Aurora Veil\n|upkeep\n|turn|17\n|\n|t:|1781430202\n|cant|p2a: Tentacruel|frz\n|move|p1a: Porygon-Z|Tri Attack|p2a: Tentacruel\n|-damage|p2a: Tentacruel|0 fnt\n|faint|p2a: Tentacruel\n|\n|upkeep\n|\n|t:|1781430210\n|switch|p2a: Articuno|Articuno-Galar, L84|288/288\n|turn|18\n|\n|t:|1781430231\n|move|p2a: Articuno|Calm Mind|p2a: Articuno\n|-boost|p2a: Articuno|spa|1\n|-boost|p2a: Articuno|spd|1\n|move|p1a: Porygon-Z|Thunderbolt|p2a: Articuno\n|-supereffective|p2a: Articuno\n|-damage|p2a: Articuno|152/288\n|\n|upkeep\n|turn|19\n|\n|t:|1781430236\n|move|p2a: Articuno|Hurricane|p1a: Porygon-Z\n|-damage|p1a: Porygon-Z|15/277\n|-start|p1a: Porygon-Z|confusion\n|-enditem|p1a: Porygon-Z|Lum Berry|[eat]\n|-end|p1a: Porygon-Z|confusion\n|move|p1a: Porygon-Z|Thunderbolt|p2a: Articuno\n|-supereffective|p2a: Articuno\n|-damage|p2a: Articuno|6/288\n|\n|upkeep\n|turn|20\n|\n|t:|1781430251\n|move|p2a: Articuno|Freezing Glare|p1a: Porygon-Z\n|-damage|p1a: Porygon-Z|0 fnt\n|faint|p1a: Porygon-Z\n|\n|upkeep\n|\n|t:|1781430253\n|switch|p1a: Latios|Latios, L78, M|253/253\n|turn|21\n|\n|t:|1781430259\n|move|p1a: Latios|Psyshock|p2a: Articuno\n|-resisted|p2a: Articuno\n|-damage|p2a: Articuno|0 fnt\n|faint|p2a: Articuno\n|\n|upkeep\n|\n|t:|1781430265\n|switch|p2a: Kingdra|Kingdra, L84, F|263/263\n|turn|22\n|\n|t:|1781430270\n|switch|p1a: Tsareena|Tsareena, L87, F|267/267\n|-terastallize|p2a: Kingdra|Water\n|move|p2a: Kingdra|Dragon Dance|p2a: Kingdra\n|-boost|p2a: Kingdra|atk|1\n|-boost|p2a: Kingdra|spe|1\n|\n|upkeep\n|turn|23\n|c|\u2606Oginotakashi|o\n|c|\u2606Oginotakashi|missss\n|c|\u2606Diabetes1|yeah\n|-message|Oginotakashi forfeited.\n|\n|win|Diabetes1\n", "inputlog": ">version a8376a258c1d4662feba110a92103f3664a72141\n>start {\"formatid\":\"gen9randombattle\",\"seed\":\"sodium,47497dfe34915c567371ec0da4bcc369\",\"rated\":\"Rated battle\"}\n>player p1 {\"name\":\"Diabetes1\",\"avatar\":\"101\",\"rating\":2098,\"seed\":\"sodium,90d3440941f956c0147e4faf612a0dce\"}\n>player p2 {\"name\":\"Oginotakashi\",\"avatar\":\"1\",\"rating\":2166,\"seed\":\"sodium,aef89eaf283d3716ea3138e8e2e1781c\"}\n>p1 move overheat\n>p2 move earthpower\n>p2 switch 2\n>p1 switch 6\n>p2 move rapidspin\n>p1 move calmmind\n>p2 move sludgebomb\n>p1 move calmmind\n>p2 move sludgebomb\n>p1 move shadowball\n>p2 move sludgebomb\n>p1 move shadowball\n>p2 move sludgebomb\n>p1 move shadowball\n>p2 move sludgebomb\n>p1 switch 3\n>p1 move psyshock\n>p2 switch 6\n>p1 move dracometeor\n>p2 move auroraveil\n>p1 move dracometeor\n>p2 move blizzard\n>p2 switch 5\n>p1 switch 6\n>p2 move uturn\n>p2 switch 4\n>p1 switch 4\n>p1 move knockoff\n>p2 switch 4\n>p1 move bodyslam\n>p2 move closecombat\n>p1 move bodyslam\n>p2 move uturn\n>p2 switch 4\n>p1 switch 5\n>p1 move trick\n>p2 move dragondance\n>p1 move triattack\n>p2 switch 6\n>p1 move triattack\n>p2 move sludgebomb\n>p2 switch 3\n>p1 move thunderbolt\n>p2 move calmmind\n>p1 move thunderbolt\n>p2 move hurricane\n>p1 move thunderbolt\n>p2 move freezingglare\n>p1 switch 6\n>p1 move psyshock\n>p2 move hurricane\n>p2 switch 6\n>p1 switch 2\n>p2 move dragondance terastallize\n>chat \u2606Oginotakashi|o\n>chat \u2606Oginotakashi|missss\n>chat \u2606Diabetes1|yeah\n>forcelose p2", "uploadtime": 1781429885, "views": 6, "formatid": "gen9randombattle", "rating": null, "private": 0, "password": null, "player_dets": [{"name": "Diabetes1", "avatar": "101", "rating": 2098, "seed": "sodium,90d3440941f956c0147e4faf612a0dce"}, {"name": "Oginotakashi", "avatar": "1", "rating": 2166, "seed": "sodium,aef89eaf283d3716ea3138e8e2e1781c"}], "teams_full": [{"Coalossal": {"name": "Coalossal", "species": "Coalossal", "speciesId": "coalossal", "gender": "F", "shiny": false, "level": 89, "moves": ["spikes", "overheat", "stoneedge", "rapidspin"], "ability": "Flame Body", "evs": {"hp": 85, "atk": 85, "def": 85, "spa": 85, "spd": 85, "spe": 85}, "ivs": {"hp": 31, "atk": 31, "def": 31, "spa": 31, "spd": 31, "spe": 31}, "item": "Heavy-Duty Boots", "teraType": "Ghost", "role": "Bulky Support", "bvs": {"hp": 110, "atk": 80, "def": 120, "spa": 80, "spd": 90, "spe": 30}, "stats": {"hp": 341, "atk": 193, "def": 264, "spa": 193, "spd": 211, "spe": 104}, "types": ["Rock", "Fire"]}, "Tsareena": {"name": "Tsareena", "species": "Tsareena", "speciesId": "tsareena", "gender": "F", "shiny": false, "level": 87, "moves": ["powerwhip", "tripleaxel", "synthesis", "highjumpkick"], "ability": "Queenly Majesty", "evs": {"hp": 85, "atk": 85, "def": 85, "spa": 85, "spd": 85, "spe": 85}, "ivs": {"hp": 31, "atk": 31, "def": 31, "spa": 31, "spd": 31, "spe": 31}, "item": "Life Orb", "teraType": "Fighting", "role": "Fast Support", "bvs": {"hp": 72, "atk": 120, "def": 98, "spa": 50, "spd": 98, "spe": 72}, "stats": {"hp": 267, "atk": 259, "def": 220, "spa": 137, "spd": 220, "spe": 175}, "types": ["Grass"]}, "Latios": {"name": "Latios", "species": "Latios", "speciesId": "latios", "gender": "M", "shiny": false, "level": 78, "moves": ["psyshock", "recover", "calmmind", "dracometeor"], "ability": "Levitate", "evs": {"hp": 85, "atk": 0, "def": 85, "spa": 85, "spd": 85, "spe": 85}, "ivs": {"hp": 31, "atk": 0, "def": 31, "spa": 31, "spd": 31, "spe": 31}, "item": "Soul Dew", "teraType": "Steel", "role": "Bulky Setup", "bvs": {"hp": 80, "atk": 90, "def": 80, "spa": 130, "spd": 110, "spe": 110}, "stats": {"hp": 253, "atk": 145, "def": 170, "spa": 248, "spd": 217, "spe": 217}, "types": ["Dragon", "Psychic"]}, "Regigigas": {"name": "Regigigas", "species": "Regigigas", "speciesId": "regigigas", "gender": "N", "shiny": false, "level": 84, "moves": ["rest", "sleeptalk", "bodyslam", "knockoff"], "ability": "Slow Start", "evs": {"hp": 85, "atk": 85, "def": 85, "spa": 85, "spd": 85, "spe": 85}, "ivs": {"hp": 31, "atk": 31, "def": 31, "spa": 31, "spd": 31, "spe": 31}, "item": "Leftovers", "teraType": "Ghost", "role": "Bulky Support", "bvs": {"hp": 110, "atk": 160, "def": 110, "spa": 80, "spd": 110, "spe": 100}, "stats": {"hp": 322, "atk": 317, "def": 233, "spa": 183, "spd": 233, "spe": 216}, "types": ["Normal"]}, "Porygon-Z": {"name": "Porygon-Z", "species": "Porygon-Z", "speciesId": "porygonz", "gender": "N", "shiny": false, "level": 83, "moves": ["triattack", "thunderbolt", "shadowball", "trick"], "ability": "Download", "evs": {"hp": 85, "atk": 0, "def": 85, "spa": 85, "spd": 85, "spe": 85}, "ivs": {"hp": 31, "atk": 0, "def": 31, "spa": 31, "spd": 31, "spe": 31}, "item": "Choice Scarf", "teraType": "Ghost", "role": "Fast Attacker", "bvs": {"hp": 85, "atk": 80, "def": 70, "spa": 135, "spd": 75, "spe": 90}, "stats": {"hp": 277, "atk": 137, "def": 164, "spa": 272, "spd": 172, "spe": 197}, "types": ["Normal"]}, "Sinistcha": {"name": "Sinistcha", "species": "Sinistcha-Masterpiece", "speciesId": "sinistcha", "gender": "N", "shiny": false, "level": 83, "moves": ["shadowball", "matchagotcha", "calmmind", "strengthsap"], "ability": "Heatproof", "evs": {"hp": 85, "atk": 0, "def": 85, "spa": 85, "spd": 85, "spe": 85}, "ivs": {"hp": 31, "atk": 0, "def": 31, "spa": 31, "spd": 31, "spe": 31}, "item": "Leftovers", "teraType": "Steel", "role": "Bulky Setup", "bvs": {"hp": 71, "atk": 60, "def": 106, "spa": 121, "spd": 80, "spe": 70}, "stats": {"hp": 254, "atk": 104, "def": 224, "spa": 249, "spd": 180, "spe": 164}, "types": ["Grass", "Ghost"]}}, {"Shaymin": {"name": "Shaymin", "species": "Shaymin-Sky", "speciesId": "shayminsky", "gender": "N", "shiny": false, "level": 73, "moves": ["seedflare", "earthpower", "airslash", "dazzlinggleam"], "ability": "Serene Grace", "evs": {"hp": 85, "atk": 0, "def": 85, "spa": 85, "spd": 85, "spe": 85}, "ivs": {"hp": 31, "atk": 0, "def": 31, "spa": 31, "spd": 31, "spe": 31}, "item": "Choice Specs", "teraType": "Grass", "role": "Fast Attacker", "bvs": {"hp": 100, "atk": 103, "def": 75, "spa": 120, "spd": 75, "spe": 127}, "stats": {"hp": 266, "atk": 155, "def": 152, "spa": 218, "spd": 152, "spe": 228}, "types": ["Grass", "Flying"]}, "Tentacruel": {"name": "Tentacruel", "species": "Tentacruel", "speciesId": "tentacruel", "gender": "F", "shiny": false, "level": 84, "moves": ["surf", "sludgebomb", "flipturn", "rapidspin"], "ability": "Liquid Ooze", "evs": {"hp": 85, "atk": 85, "def": 85, "spa": 85, "spd": 85, "spe": 85}, "ivs": {"hp": 31, "atk": 31, "def": 31, "spa": 31, "spd": 31, "spe": 31}, "item": "Assault Vest", "teraType": "Flying", "role": "Bulky Support", "bvs": {"hp": 80, "atk": 70, "def": 65, "spa": 80, "spd": 120, "spe": 100}, "stats": {"hp": 272, "atk": 166, "def": 157, "spa": 183, "spd": 250, "spe": 216}, "types": ["Water", "Poison"]}, "Articuno": {"name": "Articuno", "species": "Articuno-Galar", "speciesId": "articunogalar", "gender": "N", "shiny": false, "level": 84, "moves": ["recover", "freezingglare", "hurricane", "calmmind"], "ability": "Competitive", "evs": {"hp": 85, "atk": 0, "def": 85, "spa": 85, "spd": 85, "spe": 85}, "ivs": {"hp": 31, "atk": 0, "def": 31, "spa": 31, "spd": 31, "spe": 31}, "item": "Heavy-Duty Boots", "teraType": "Steel", "role": "Fast Bulky Setup", "bvs": {"hp": 90, "atk": 85, "def": 85, "spa": 125, "spd": 100, "spe": 95}, "stats": {"hp": 288, "atk": 147, "def": 191, "spa": 258, "spd": 216, "spe": 208}, "types": ["Psychic", "Flying"]}, "Kingdra": {"name": "Kingdra", "species": "Kingdra", "speciesId": "kingdra", "gender": "F", "shiny": false, "level": 84, "moves": ["waterfall", "dragondance", "wavecrash", "outrage"], "ability": "Sniper", "evs": {"hp": 85, "atk": 85, "def": 85, "spa": 85, "spd": 85, "spe": 85}, "ivs": {"hp": 31, "atk": 31, "def": 31, "spa": 31, "spd": 31, "spe": 31}, "item": "Lum Berry", "teraType": "Water", "role": "Setup Sweeper", "bvs": {"hp": 75, "atk": 95, "def": 95, "spa": 95, "spd": 95, "spe": 85}, "stats": {"hp": 263, "atk": 208, "def": 208, "spa": 208, "spd": 208, "spe": 191}, "types": ["Water", "Dragon"]}, "Slither Wing": {"name": "Slither Wing", "species": "Slither Wing", "speciesId": "slitherwing", "gender": "N", "shiny": false, "level": 81, "moves": ["morningsun", "closecombat", "uturn", "willowisp"], "ability": "Protosynthesis", "evs": {"hp": 85, "atk": 85, "def": 85, "spa": 85, "spd": 85, "spe": 85}, "ivs": {"hp": 31, "atk": 31, "def": 31, "spa": 31, "spd": 31, "spe": 31}, "item": "Heavy-Duty Boots", "teraType": "Fire", "role": "Fast Support", "bvs": {"hp": 85, "atk": 135, "def": 79, "spa": 85, "spd": 105, "spe": 81}, "stats": {"hp": 270, "atk": 265, "def": 175, "spa": 184, "spd": 217, "spe": 178}, "types": ["Bug", "Fighting"]}, "Abomasnow": {"name": "Abomasnow", "species": "Abomasnow", "speciesId": "abomasnow", "gender": "M", "shiny": false, "level": 84, "moves": ["blizzard", "auroraveil", "woodhammer", "earthquake"], "ability": "Snow Warning", "evs": {"hp": 77, "atk": 85, "def": 85, "spa": 85, "spd": 85, "spe": 85}, "ivs": {"hp": 31, "atk": 31, "def": 31, "spa": 31, "spd": 31, "spe": 31}, "item": "Light Clay", "teraType": "Ghost", "role": "Bulky Support", "bvs": {"hp": 90, "atk": 92, "def": 75, "spa": 92, "spd": 85, "spe": 60}, "stats": {"hp": 287, "atk": 203, "def": 174, "spa": 203, "spd": 191, "spe": 149}, "types": ["Grass", "Ice"]}}]}