{"id": "gen9randombattle-2631456701", "format": "[Gen 9] Random Battle", "players": ["Pokeoke", "grafitigreifer"], "log": "|j|\u2606Pokeoke\n|j|\u2606grafitigreifer\n|t:|1781386945\n|gametype|singles\n|player|p1|Pokeoke|101|2061\n|player|p2|grafitigreifer|hanbei-conquest|2023\n|gen|9\n|tier|[Gen 9] Random Battle\n|rated|\n|rule|Species Clause: Limit one of each Pok\u00e9mon\n|rule|HP Percentage Mod: HP is shown in percentages\n|rule|Sleep Clause Mod: Limit one foe put to sleep\n|rule|Illusion Level Mod: Illusion disguises the Pok\u00e9mon's true level\n|\n|t:|1781386945\n|teamsize|p1|6\n|teamsize|p2|6\n|start\n|switch|p1a: Arceus|Arceus-Fire, L72|291/291\n|switch|p2a: Ursaring|Ursaring, L84, F|288/288\n|turn|1\n|\n|t:|1781386954\n|switch|p1a: Misdreavus|Misdreavus, L90, F|254/254\n|move|p2a: Ursaring|Earthquake|p1a: Misdreavus\n|-immune|p1a: Misdreavus|[from] ability: Levitate\n|\n|upkeep\n|turn|2\n|\n|t:|1781386958\n|switch|p2a: Heatran|Heatran, L79, F|273/273\n|-item|p2a: Heatran|Air Balloon\n|move|p1a: Misdreavus|Calm Mind|p1a: Misdreavus\n|-boost|p1a: Misdreavus|spa|1\n|-boost|p1a: Misdreavus|spd|1\n|\n|upkeep\n|turn|3\n|\n|t:|1781386963\n|move|p1a: Misdreavus|Shadow Ball|p2a: Heatran\n|-damage|p2a: Heatran|153/273\n|-enditem|p2a: Heatran|Air Balloon\n|move|p2a: Heatran|Stealth Rock|p1a: Misdreavus\n|-sidestart|p1: Pokeoke|move: Stealth Rock\n|\n|upkeep\n|turn|4\n|\n|t:|1781386974\n|move|p1a: Misdreavus|Shadow Ball|p2a: Heatran\n|-damage|p2a: Heatran|41/273\n|move|p2a: Heatran|Magma Storm|p1a: Misdreavus|[miss]\n|-miss|p2a: Heatran|p1a: Misdreavus\n|\n|upkeep\n|turn|5\n|\n|t:|1781386977\n|move|p1a: Misdreavus|Shadow Ball|p2a: Heatran\n|-crit|p2a: Heatran\n|-damage|p2a: Heatran|0 fnt\n|faint|p2a: Heatran\n|\n|upkeep\n|\n|t:|1781386991\n|switch|p2a: Deoxys|Deoxys-Defense, L84|221/221\n|-ability|p2a: Deoxys|Pressure\n|turn|6\n|\n|t:|1781387000\n|switch|p1a: Mudsdale|Mudsdale, L83, M|302/302\n|-damage|p1a: Mudsdale|284/302|[from] Stealth Rock\n|move|p2a: Deoxys|Knock Off|p1a: Mudsdale\n|-damage|p1a: Mudsdale|235/302\n|-ability|p1a: Mudsdale|Stamina|boost\n|-boost|p1a: Mudsdale|def|1\n|-enditem|p1a: Mudsdale|Leftovers|[from] move: Knock Off|[of] p2a: Deoxys\n|\n|upkeep\n|turn|7\n|\n|t:|1781387006\n|switch|p2a: Spidops|Spidops, L96, F|271/271\n|move|p1a: Mudsdale|Stealth Rock|p2a: Spidops\n|-sidestart|p2: grafitigreifer|move: Stealth Rock\n|\n|upkeep\n|turn|8\n|\n|t:|1781387011\n|move|p2a: Spidops|Sticky Web|p1a: Mudsdale\n|-sidestart|p1: Pokeoke|move: Sticky Web\n|move|p1a: Mudsdale|Roar|p2a: Spidops\n|drag|p2a: Clawitzer|Clawitzer, L87, M|265/265\n|-damage|p2a: Clawitzer|232/265|[from] Stealth Rock\n|\n|upkeep\n|turn|9\n|\n|t:|1781387021\n|move|p2a: Clawitzer|Water Pulse|p1a: Mudsdale\n|-supereffective|p1a: Mudsdale\n|-damage|p1a: Mudsdale|0 fnt\n|faint|p1a: Mudsdale\n|\n|upkeep\n|\n|t:|1781387024\n|switch|p1a: Palkia|Palkia, L75|259/259\n|-damage|p1a: Palkia|227/259|[from] Stealth Rock\n|-activate|p1a: Palkia|move: Sticky Web\n|-unboost|p1a: Palkia|spe|1\n|-ability|p1a: Palkia|Pressure\n|turn|10\n|\n|t:|1781387037\n|switch|p2a: Spidops|Spidops, L96, F|271/271\n|move|p1a: Palkia|Spacial Rend|p2a: Spidops\n|-damage|p2a: Spidops|99/271\n|\n|upkeep\n|turn|11\n|\n|t:|1781387043\n|move|p1a: Palkia|Spacial Rend|p2a: Spidops\n|-damage|p2a: Spidops|0 fnt\n|faint|p2a: Spidops\n|\n|upkeep\n|\n|t:|1781387049\n|switch|p2a: Grumpig|Grumpig, L92, M|297/297\n|-damage|p2a: Grumpig|260/297|[from] Stealth Rock\n|turn|12\n|\n|t:|1781387059\n|move|p2a: Grumpig|Nasty Plot|p2a: Grumpig\n|-boost|p2a: Grumpig|spa|2\n|move|p1a: Palkia|Spacial Rend|p2a: Grumpig|[miss]\n|-miss|p1a: Palkia|p2a: Grumpig\n|\n|-heal|p2a: Grumpig|278/297|[from] item: Leftovers\n|upkeep\n|turn|13\n|\n|t:|1781387064\n|move|p2a: Grumpig|Psyshock|p1a: Palkia\n|-damage|p1a: Palkia|40/259\n|move|p1a: Palkia|Spacial Rend|p2a: Grumpig\n|-damage|p2a: Grumpig|131/297\n|\n|-heal|p2a: Grumpig|149/297|[from] item: Leftovers\n|upkeep\n|turn|14\n|\n|t:|1781387071\n|move|p2a: Grumpig|Psyshock|p1a: Palkia\n|-damage|p1a: Palkia|0 fnt\n|faint|p1a: Palkia\n|\n|-heal|p2a: Grumpig|167/297|[from] item: Leftovers\n|upkeep\n|\n|t:|1781387077\n|switch|p1a: Vivillon|Vivillon-Jungle, L83, F|268/268\n|turn|15\n|\n|t:|1781387080\n|move|p2a: Grumpig|Psyshock|p1a: Vivillon\n|-damage|p1a: Vivillon|0 fnt\n|faint|p1a: Vivillon\n|\n|-heal|p2a: Grumpig|185/297|[from] item: Leftovers\n|upkeep\n|\n|t:|1781387107\n|switch|p1a: Arbok|Arbok, L87, M|246/246\n|-damage|p1a: Arbok|216/246|[from] Stealth Rock\n|-activate|p1a: Arbok|move: Sticky Web\n|-unboost|p1a: Arbok|spe|1\n|-ability|p1a: Arbok|Intimidate|boost\n|-unboost|p2a: Grumpig|atk|1\n|turn|16\n|\n|t:|1781387124\n|move|p2a: Grumpig|Psyshock|p1a: Arbok\n|-supereffective|p1a: Arbok\n|-damage|p1a: Arbok|0 fnt\n|faint|p1a: Arbok\n|\n|-heal|p2a: Grumpig|203/297|[from] item: Leftovers\n|upkeep\n|-message|Pokeoke forfeited.\n|\n|win|grafitigreifer\n", "inputlog": ">version a8376a258c1d4662feba110a92103f3664a72141\n>start {\"formatid\":\"gen9randombattle\",\"seed\":\"sodium,57149bc964aec1d981941a778edcac60\",\"rated\":\"Rated battle\"}\n>player p1 {\"name\":\"Pokeoke\",\"avatar\":\"101\",\"rating\":2061,\"seed\":\"sodium,4bae3abb1850fba0fd824b35a5b6949d\"}\n>player p2 {\"name\":\"grafitigreifer\",\"avatar\":\"hanbei-conquest\",\"rating\":2023,\"seed\":\"sodium,f493a8fcd868800aa9b35f96c3a1d736\"}\n>p1 switch 5\n>p2 move earthquake\n>p1 move calmmind\n>p2 switch 4\n>p1 move shadowball\n>p2 move stealthrock\n>p1 move shadowball\n>p2 move magmastorm\n>p1 move shadowball\n>p2 move heavyslam\n>p2 switch 6\n>p1 switch 6\n>p2 move knockoff\n>p1 move stealthrock\n>p2 switch 3\n>p1 move roar\n>p2 move stickyweb\n>p1 move earthquake\n>p2 move waterpulse\n>p1 switch 4\n>p1 move spacialrend\n>p2 switch 2\n>p1 move spacialrend\n>p2 move toxicspikes\n>p2 switch 5\n>p1 move spacialrend\n>p2 move nastyplot\n>p1 move spacialrend\n>p2 move psyshock\n>p1 move spacialrend\n>p2 move psyshock\n>p1 switch 3\n>p1 move sleeppowder\n>p2 move psyshock\n>p1 switch 2\n>p1 move gunkshot\n>p2 move psyshock\n>forcelose p1", "uploadtime": 1781386948, "views": 6, "formatid": "gen9randombattle", "rating": null, "private": 0, "password": null, "player_dets": [{"name": "Pokeoke", "avatar": "101", "rating": 2061, "seed": "sodium,4bae3abb1850fba0fd824b35a5b6949d"}, {"name": "grafitigreifer", "avatar": "hanbei-conquest", "rating": 2023, "seed": "sodium,f493a8fcd868800aa9b35f96c3a1d736"}], "teams_full": [{"Arceus": {"name": "Arceus", "species": "Arceus-Fire", "speciesId": "arceusfire", "gender": "N", "shiny": false, "level": 72, "moves": ["earthquake", "dragondance", "flareblitz", "recover"], "ability": "Multitype", "evs": {"hp": 81, "atk": 85, "def": 85, "spa": 85, "spd": 85, "spe": 85}, "ivs": {"hp": 31, "atk": 31, "def": 31, "spa": 31, "spd": 31, "spe": 31}, "item": "Flame Plate", "teraType": "Fire", "role": "Fast Bulky Setup", "bvs": {"hp": 120, "atk": 120, "def": 120, "spa": 120, "spd": 120, "spe": 120}, "stats": {"hp": 291, "atk": 215, "def": 215, "spa": 215, "spd": 215, "spe": 215}}, "Arbok": {"name": "Arbok", "species": "Arbok", "speciesId": "arbok", "gender": "M", "shiny": false, "level": 87, "moves": ["gunkshot", "earthquake", "trailblaze", "coil"], "ability": "Intimidate", "evs": {"hp": 85, "atk": 85, "def": 85, "spa": 85, "spd": 85, "spe": 85}, "ivs": {"hp": 31, "atk": 31, "def": 31, "spa": 31, "spd": 31, "spe": 31}, "item": "Leftovers", "teraType": "Ground", "role": "Bulky Setup", "bvs": {"hp": 60, "atk": 95, "def": 69, "spa": 65, "spd": 79, "spe": 80}, "stats": {"hp": 246, "atk": 215, "def": 170, "spa": 163, "spd": 187, "spe": 189}}, "Vivillon": {"name": "Vivillon", "species": "Vivillon-Jungle", "speciesId": "vivillon", "gender": "F", "shiny": false, "level": 83, "moves": ["terablast", "hurricane", "quiverdance", "sleeppowder"], "ability": "Compound Eyes", "evs": {"hp": 85, "atk": 0, "def": 85, "spa": 85, "spd": 85, "spe": 85}, "ivs": {"hp": 31, "atk": 0, "def": 31, "spa": 31, "spd": 31, "spe": 31}, "item": "Heavy-Duty Boots", "teraType": "Ground", "role": "Tera Blast user", "bvs": {"hp": 80, "atk": 52, "def": 50, "spa": 90, "spd": 50, "spe": 89}, "stats": {"hp": 268, "atk": 91, "def": 131, "spa": 197, "spd": 131, "spe": 195}}, "Palkia": {"name": "Palkia", "species": "Palkia", "speciesId": "palkia", "gender": "N", "shiny": false, "level": 75, "moves": ["dracometeor", "spacialrend", "hydropump", "fireblast"], "ability": "Pressure", "evs": {"hp": 85, "atk": 0, "def": 85, "spa": 85, "spd": 85, "spe": 85}, "ivs": {"hp": 31, "atk": 0, "def": 31, "spa": 31, "spd": 31, "spe": 31}, "item": "Choice Specs", "teraType": "Dragon", "role": "Fast Attacker", "bvs": {"hp": 90, "atk": 120, "def": 100, "spa": 150, "spd": 120, "spe": 100}, "stats": {"hp": 259, "atk": 185, "def": 194, "spa": 269, "spd": 224, "spe": 194}}, "Misdreavus": {"name": "Misdreavus", "species": "Misdreavus", "speciesId": "misdreavus", "gender": "F", "shiny": false, "level": 90, "moves": ["drainingkiss", "willowisp", "shadowball", "calmmind"], "ability": "Levitate", "evs": {"hp": 85, "atk": 0, "def": 85, "spa": 85, "spd": 85, "spe": 85}, "ivs": {"hp": 31, "atk": 0, "def": 31, "spa": 31, "spd": 31, "spe": 31}, "item": "Eviolite", "teraType": "Fairy", "role": "Bulky Setup", "bvs": {"hp": 60, "atk": 60, "def": 60, "spa": 85, "spd": 85, "spe": 85}, "stats": {"hp": 254, "atk": 113, "def": 159, "spa": 204, "spd": 204, "spe": 204}}, "Mudsdale": {"name": "Mudsdale", "species": "Mudsdale", "speciesId": "mudsdale", "gender": "M", "shiny": false, "level": 83, "moves": ["roar", "earthquake", "stealthrock", "heavyslam"], "ability": "Stamina", "evs": {"hp": 85, "atk": 85, "def": 85, "spa": 85, "spd": 85, "spe": 85}, "ivs": {"hp": 31, "atk": 31, "def": 31, "spa": 31, "spd": 31, "spe": 31}, "item": "Leftovers", "teraType": "Steel", "role": "Bulky Attacker", "bvs": {"hp": 100, "atk": 125, "def": 100, "spa": 55, "spd": 85, "spe": 35}, "stats": {"hp": 302, "atk": 255, "def": 214, "spa": 139, "spd": 189, "spe": 106}}}, {"Ursaring": {"name": "Ursaring", "species": "Ursaring", "speciesId": "ursaring", "gender": "F", "shiny": false, "level": 84, "moves": ["sleeptalk", "rest", "earthquake", "bodyslam"], "ability": "Guts", "evs": {"hp": 85, "atk": 85, "def": 85, "spa": 85, "spd": 85, "spe": 85}, "ivs": {"hp": 31, "atk": 31, "def": 31, "spa": 31, "spd": 31, "spe": 31}, "item": "Eviolite", "teraType": "Ground", "role": "Bulky Attacker", "bvs": {"hp": 90, "atk": 130, "def": 75, "spa": 75, "spd": 75, "spe": 55}, "stats": {"hp": 288, "atk": 267, "def": 174, "spa": 174, "spd": 174, "spe": 141}}, "Clawitzer": {"name": "Clawitzer", "species": "Clawitzer", "speciesId": "clawitzer", "gender": "M", "shiny": false, "level": 87, "moves": ["waterpulse", "aurasphere", "icebeam", "dragonpulse"], "ability": "Mega Launcher", "evs": {"hp": 85, "atk": 0, "def": 85, "spa": 85, "spd": 85, "spe": 85}, "ivs": {"hp": 31, "atk": 0, "def": 31, "spa": 31, "spd": 31, "spe": 31}, "item": "Choice Specs", "teraType": "Fighting", "role": "Wallbreaker", "bvs": {"hp": 71, "atk": 73, "def": 88, "spa": 120, "spd": 89, "spe": 59}, "stats": {"hp": 265, "atk": 132, "def": 203, "spa": 259, "spd": 205, "spe": 152}}, "Spidops": {"name": "Spidops", "species": "Spidops", "speciesId": "spidops", "gender": "F", "shiny": false, "level": 96, "moves": ["circlethrow", "stickyweb", "toxicspikes", "uturn"], "ability": "Stakeout", "evs": {"hp": 85, "atk": 85, "def": 85, "spa": 85, "spd": 85, "spe": 85}, "ivs": {"hp": 31, "atk": 31, "def": 31, "spa": 31, "spd": 31, "spe": 31}, "item": "Heavy-Duty Boots", "teraType": "Ghost", "role": "Bulky Support", "bvs": {"hp": 60, "atk": 79, "def": 92, "spa": 52, "spd": 86, "spe": 35}, "stats": {"hp": 271, "atk": 206, "def": 231, "spa": 154, "spd": 220, "spe": 122}}, "Heatran": {"name": "Heatran", "species": "Heatran", "speciesId": "heatran", "gender": "F", "shiny": false, "level": 79, "moves": ["earthpower", "heavyslam", "magmastorm", "stealthrock"], "ability": "Flash Fire", "evs": {"hp": 85, "atk": 85, "def": 85, "spa": 85, "spd": 85, "spe": 85}, "ivs": {"hp": 31, "atk": 31, "def": 31, "spa": 31, "spd": 31, "spe": 31}, "item": "Air Balloon", "teraType": "Flying", "role": "Bulky Support", "bvs": {"hp": 91, "atk": 90, "def": 106, "spa": 130, "spd": 106, "spe": 77}, "stats": {"hp": 273, "atk": 188, "def": 213, "spa": 251, "spd": 213, "spe": 167}}, "Grumpig": {"name": "Grumpig", "species": "Grumpig", "speciesId": "grumpig", "gender": "M", "shiny": false, "level": 92, "moves": ["psyshock", "shadowball", "focusblast", "nastyplot"], "ability": "Thick Fat", "evs": {"hp": 85, "atk": 0, "def": 85, "spa": 85, "spd": 85, "spe": 85}, "ivs": {"hp": 31, "atk": 0, "def": 31, "spa": 31, "spd": 31, "spe": 31}, "item": "Leftovers", "teraType": "Fighting", "role": "Bulky Setup", "bvs": {"hp": 80, "atk": 45, "def": 65, "spa": 90, "spd": 110, "spe": 80}, "stats": {"hp": 297, "atk": 87, "def": 172, "spa": 218, "spd": 255, "spe": 200}}, "Deoxys": {"name": "Deoxys", "species": "Deoxys-Defense", "speciesId": "deoxysdefense", "gender": "N", "shiny": false, "level": 84, "moves": ["teleport", "recover", "knockoff", "psychicnoise"], "ability": "Pressure", "evs": {"hp": 85, "atk": 85, "def": 85, "spa": 85, "spd": 85, "spe": 85}, "ivs": {"hp": 31, "atk": 31, "def": 31, "spa": 31, "spd": 31, "spe": 31}, "item": "Leftovers", "teraType": "Dark", "role": "Bulky Support", "bvs": {"hp": 50, "atk": 70, "def": 160, "spa": 70, "spd": 160, "spe": 90}, "stats": {"hp": 221, "atk": 166, "def": 317, "spa": 166, "spd": 317, "spe": 199}}}]}