{"id": "gen9randombattle-2631403504", "format": "[Gen 9] Random Battle", "players": ["lopunny luvr", "MAYBEsebas"], "log": "|j|\u2606lopunny luvr\n|j|\u2606MAYBEsebas\n|t:|1781380497\n|gametype|singles\n|player|p1|lopunny luvr|sailor|2091\n|player|p2|MAYBEsebas|rocketgrunt|2121\n|gen|9\n|tier|[Gen 9] Random Battle\n|rated|\n|rule|Species Clause: Limit one of each Pok\u00e9mon\n|rule|HP Percentage Mod: HP is shown in percentages\n|rule|Sleep Clause Mod: Limit one foe put to sleep\n|rule|Illusion Level Mod: Illusion disguises the Pok\u00e9mon's true level\n|\n|t:|1781380497\n|teamsize|p1|6\n|teamsize|p2|6\n|start\n|switch|p1a: Heracross|Heracross, L80, M|259/259\n|switch|p2a: Ogerpon|Ogerpon-Wellspring, L76, F|247/247\n|turn|1\n|inactive|Battle timer is ON: inactive players will automatically lose when time's up. (requested by lopunny luvr)\n|\n|t:|1781380537\n|move|p2a: Ogerpon|Ivy Cudgel|p1a: Heracross|[anim] Ivy Cudgel Water\n|-damage|p1a: Heracross|108/259\n|move|p1a: Heracross|Megahorn|p2a: Ogerpon\n|-supereffective|p2a: Ogerpon\n|-crit|p2a: Ogerpon\n|-damage|p2a: Ogerpon|0 fnt\n|faint|p2a: Ogerpon\n|-ability|p1a: Heracross|Moxie|boost\n|-boost|p1a: Heracross|atk|1\n|\n|upkeep\n|\n|t:|1781380551\n|switch|p2a: Bombirdier|Bombirdier, L85, F|258/258\n|turn|2\n|\n|t:|1781380573\n|switch|p1a: Pachirisu|Pachirisu, L96, F|271/271\n|move|p2a: Bombirdier|Brave Bird|p1a: Pachirisu\n|-resisted|p1a: Pachirisu\n|-damage|p1a: Pachirisu|171/271\n|-damage|p2a: Bombirdier|225/258|[from] Recoil\n|\n|upkeep\n|turn|3\n|\n|t:|1781380587\n|switch|p2a: Spidops|Spidops, L96, F|271/271\n|move|p1a: Pachirisu|Super Fang|p2a: Spidops\n|-damage|p2a: Spidops|136/271\n|\n|upkeep\n|turn|4\n|\n|t:|1781380603\n|move|p1a: Pachirisu|Discharge|p2a: Spidops\n|-damage|p2a: Spidops|78/271\n|move|p2a: Spidops|Sticky Web|p1a: Pachirisu\n|-sidestart|p1: lopunny luvr|move: Sticky Web\n|\n|upkeep\n|turn|5\n|inactive|lopunny luvr has 120 seconds left.\n|inactive|MAYBEsebas has 120 seconds left.\n|\n|t:|1781380635\n|move|p1a: Pachirisu|Encore|p2a: Spidops\n|-start|p2a: Spidops|Encore\n|move|p2a: Spidops|Sticky Web||[still]\n|-fail|p2a: Spidops\n|\n|upkeep\n|turn|6\n|\n|t:|1781380638\n|switch|p2a: Avalugg|Avalugg, L88, M|310/310\n|move|p1a: Pachirisu|U-turn|p2a: Avalugg\n|-damage|p2a: Avalugg|287/310\n|inactive|lopunny luvr has 120 seconds left.\n|\n|t:|1781380644\n|switch|p1a: Conkeldurr|Conkeldurr, L80, M|299/299|[from] U-turn\n|-activate|p1a: Conkeldurr|move: Sticky Web\n|-unboost|p1a: Conkeldurr|spe|1\n|\n|-status|p1a: Conkeldurr|brn|[from] item: Flame Orb\n|upkeep\n|turn|7\n|inactive|lopunny luvr has 120 seconds left.\n|inactive|MAYBEsebas has 120 seconds left.\n|\n|t:|1781380675\n|move|p1a: Conkeldurr|Close Combat|p2a: Avalugg\n|-supereffective|p2a: Avalugg\n|-damage|p2a: Avalugg|39/310\n|-unboost|p1a: Conkeldurr|def|1\n|-unboost|p1a: Conkeldurr|spd|1\n|move|p2a: Avalugg|Avalanche|p1a: Conkeldurr\n|-damage|p1a: Conkeldurr|55/299 brn\n|\n|-damage|p1a: Conkeldurr|37/299 brn|[from] brn\n|upkeep\n|turn|8\n|inactive|MAYBEsebas has 120 seconds left.\n|\n|t:|1781380691\n|move|p1a: Conkeldurr|Mach Punch|p2a: Avalugg\n|-supereffective|p2a: Avalugg\n|-damage|p2a: Avalugg|0 fnt\n|faint|p2a: Avalugg\n|\n|-damage|p1a: Conkeldurr|19/299 brn|[from] brn\n|upkeep\n|\n|t:|1781380693\n|switch|p2a: Spidops|Spidops, L96, F|78/271\n|turn|9\n|inactive|MAYBEsebas has 120 seconds left.\n|\n|t:|1781380716\n|move|p1a: Conkeldurr|Mach Punch|p2a: Spidops\n|-resisted|p2a: Spidops\n|-crit|p2a: Spidops\n|-damage|p2a: Spidops|26/271\n|move|p2a: Spidops|Spikes|p1a: Conkeldurr\n|-sidestart|p1: lopunny luvr|Spikes\n|\n|-damage|p1a: Conkeldurr|1/299 brn|[from] brn\n|upkeep\n|turn|10\n|\n|t:|1781380730\n|switch|p1a: Excadrill|Excadrill, L79, F|303/303\n|-activate|p1a: Excadrill|move: Sticky Web\n|-unboost|p1a: Excadrill|spe|1\n|-damage|p1a: Excadrill|266/303|[from] Spikes\n|-ability|p1a: Excadrill|Mold Breaker\n|move|p2a: Spidops|Spikes|p1a: Excadrill\n|-sidestart|p1: lopunny luvr|Spikes\n|\n|-heal|p1a: Excadrill|284/303|[from] item: Leftovers\n|upkeep\n|turn|11\n|\n|t:|1781380736\n|switch|p2a: Bombirdier|Bombirdier, L85, F|225/258\n|move|p1a: Excadrill|Rapid Spin|p2a: Bombirdier\n|-crit|p2a: Bombirdier\n|-damage|p2a: Bombirdier|161/258\n|-boost|p1a: Excadrill|spe|1\n|-sideend|p1: lopunny luvr|Spikes|[from] move: Rapid Spin|[of] p1a: Excadrill\n|-sideend|p1: lopunny luvr|Sticky Web|[from] move: Rapid Spin|[of] p1a: Excadrill\n|\n|-heal|p1a: Excadrill|302/303|[from] item: Leftovers\n|upkeep\n|turn|12\n|inactive|MAYBEsebas has 120 seconds left.\n|\n|t:|1781380745\n|switch|p1a: Conkeldurr|Conkeldurr, L80, M|1/299 brn\n|move|p2a: Bombirdier|Knock Off|p1a: Conkeldurr\n|-resisted|p1a: Conkeldurr\n|-damage|p1a: Conkeldurr|0 fnt\n|-enditem|p1a: Conkeldurr|Flame Orb|[from] move: Knock Off|[of] p2a: Bombirdier\n|faint|p1a: Conkeldurr\n|\n|upkeep\n|\n|t:|1781380763\n|switch|p1a: Heracross|Heracross, L80, M|108/259\n|turn|13\n|\n|t:|1781380771\n|switch|p2a: Spidops|Spidops, L96, F|26/271\n|move|p1a: Heracross|Close Combat|p2a: Spidops\n|-resisted|p2a: Spidops\n|-damage|p2a: Spidops|0 fnt\n|-unboost|p1a: Heracross|def|1\n|-unboost|p1a: Heracross|spd|1\n|faint|p2a: Spidops\n|-ability|p1a: Heracross|Moxie|boost\n|-boost|p1a: Heracross|atk|1\n|\n|upkeep\n|\n|t:|1781380777\n|switch|p2a: Bombirdier|Bombirdier, L85, F|161/258\n|turn|14\n|\n|t:|1781380797\n|move|p2a: Bombirdier|Knock Off|p1a: Heracross\n|-resisted|p1a: Heracross\n|-damage|p1a: Heracross|0 fnt\n|-enditem|p1a: Heracross|Choice Band|[from] move: Knock Off|[of] p2a: Bombirdier\n|faint|p1a: Heracross\n|\n|upkeep\n|\n|t:|1781380798\n|switch|p1a: Pachirisu|Pachirisu, L96, F|171/271\n|turn|15\n|\n|t:|1781380816\n|move|p1a: Pachirisu|Discharge|p2a: Bombirdier\n|-supereffective|p2a: Bombirdier\n|-damage|p2a: Bombirdier|39/258\n|move|p2a: Bombirdier|Knock Off|p1a: Pachirisu\n|-damage|p1a: Pachirisu|3/271\n|-enditem|p1a: Pachirisu|Heavy-Duty Boots|[from] move: Knock Off|[of] p2a: Bombirdier\n|\n|upkeep\n|turn|16\n|\n|t:|1781380827\n|move|p1a: Pachirisu|Discharge|p2a: Bombirdier\n|-supereffective|p2a: Bombirdier\n|-damage|p2a: Bombirdier|0 fnt\n|faint|p2a: Bombirdier\n|\n|upkeep\n|\n|t:|1781380830\n|switch|p2a: Empoleon|Empoleon, L84, M|278/278\n|turn|17\n|\n|t:|1781380844\n|move|p1a: Pachirisu|Discharge|p2a: Empoleon\n|-supereffective|p2a: Empoleon\n|-crit|p2a: Empoleon\n|-damage|p2a: Empoleon|92/278\n|move|p2a: Empoleon|Surf|p1a: Pachirisu\n|-damage|p1a: Pachirisu|0 fnt\n|faint|p1a: Pachirisu\n|\n|-heal|p2a: Empoleon|109/278|[from] item: Leftovers\n|upkeep\n|\n|t:|1781380853\n|switch|p1a: Excadrill|Excadrill, L79, F|302/303\n|-ability|p1a: Excadrill|Mold Breaker\n|turn|18\n|\n|t:|1781380858\n|move|p1a: Excadrill|Earthquake|p2a: Empoleon\n|-supereffective|p2a: Empoleon\n|-damage|p2a: Empoleon|0 fnt\n|faint|p2a: Empoleon\n|\n|-heal|p1a: Excadrill|303/303|[from] item: Leftovers\n|upkeep\n|\n|t:|1781380860\n|switch|p2a: Iron Leaves|Iron Leaves, L80|275/275\n|turn|19\n|\n|t:|1781380874\n|move|p2a: Iron Leaves|Swords Dance|p2a: Iron Leaves\n|-boost|p2a: Iron Leaves|atk|2\n|move|p1a: Excadrill|Rapid Spin|p2a: Iron Leaves\n|-damage|p2a: Iron Leaves|228/275\n|-boost|p1a: Excadrill|spe|1\n|\n|upkeep\n|turn|20\n|\n|t:|1781380879\n|move|p1a: Excadrill|Iron Head|p2a: Iron Leaves\n|-damage|p2a: Iron Leaves|134/275\n|cant|p2a: Iron Leaves|flinch\n|\n|upkeep\n|turn|21\n|\n|t:|1781380883\n|move|p1a: Excadrill|Iron Head|p2a: Iron Leaves\n|-damage|p2a: Iron Leaves|34/275\n|move|p2a: Iron Leaves|Leaf Blade|p1a: Excadrill\n|-damage|p1a: Excadrill|0 fnt\n|faint|p1a: Excadrill\n|-damage|p2a: Iron Leaves|7/275|[from] item: Life Orb\n|\n|upkeep\n|\n|t:|1781380885\n|switch|p1a: Dragapult|Dragapult, L77, M|262/262\n|turn|22\n|-message|MAYBEsebas forfeited.\n|\n|win|lopunny luvr\n", "inputlog": ">version a8376a258c1d4662feba110a92103f3664a72141\n>start {\"formatid\":\"gen9randombattle\",\"seed\":\"sodium,e480648df14b9138f2a864c21bddd321\",\"rated\":\"Rated battle\"}\n>player p1 {\"name\":\"lopunny luvr\",\"avatar\":\"sailor\",\"rating\":2091,\"seed\":\"sodium,ef900455e7049d76c473cf7e728bb1c8\"}\n>player p2 {\"name\":\"MAYBEsebas\",\"avatar\":\"rocketgrunt\",\"rating\":2121,\"seed\":\"sodium,8d7fecdd7895bcc201d8ceca38643bd2\"}\n>p1 move megahorn\n>p2 move ivycudgel\n>p2 switch 4\n>p1 switch 2\n>p2 move bravebird\n>p1 move superfang\n>p2 switch 5\n>p1 move discharge\n>p2 move stickyweb\n>p1 move encore\n>p2 move spikes\n>p1 move uturn\n>p2 switch 2\n>p1 switch 3\n>p1 move closecombat\n>p2 move avalanche\n>p1 move machpunch\n>p2 move recover\n>p2 switch 2\n>p1 move machpunch\n>p2 move spikes\n>p1 switch 4\n>p2 move spikes\n>p1 move rapidspin\n>p2 switch 5\n>p1 switch 4\n>p2 move knockoff\n>p1 switch 2\n>p1 move closecombat\n>p2 switch 5\n>p2 switch 5\n>p1 move closecombat\n>p2 move knockoff\n>p1 switch 3\n>p1 move discharge\n>p2 move knockoff\n>p1 move discharge\n>p2 move knockoff\n>p2 switch 3\n>p1 move discharge\n>p2 move surf\n>p1 switch 4\n>p1 move earthquake\n>p2 move surf\n>p2 switch 6\n>p1 move rapidspin\n>p2 move swordsdance\n>p1 move ironhead\n>p2 move leafblade\n>p1 move ironhead\n>p2 move leafblade\n>p1 switch 6\n>forcelose p2", "uploadtime": 1781380499, "views": 8, "formatid": "gen9randombattle", "rating": null, "private": 0, "password": null, "player_dets": [{"name": "lopunny luvr", "avatar": "sailor", "rating": 2091, "seed": "sodium,ef900455e7049d76c473cf7e728bb1c8"}, {"name": "MAYBEsebas", "avatar": "rocketgrunt", "rating": 2121, "seed": "sodium,8d7fecdd7895bcc201d8ceca38643bd2"}], "teams_full": [{"Heracross": {"name": "Heracross", "species": "Heracross", "speciesId": "heracross", "gender": "M", "shiny": false, "level": 80, "moves": ["knockoff", "megahorn", "closecombat", "stoneedge"], "ability": "Moxie", "evs": {"hp": 85, "atk": 85, "def": 85, "spa": 85, "spd": 85, "spe": 85}, "ivs": {"hp": 31, "atk": 31, "def": 31, "spa": 31, "spd": 31, "spe": 31}, "item": "Choice Band", "teraType": "Rock", "role": "Fast Attacker", "bvs": {"hp": 80, "atk": 125, "def": 75, "spa": 40, "spd": 95, "spe": 85}, "stats": {"hp": 259, "atk": 246, "def": 166, "spa": 110, "spd": 198, "spe": 182}}, "Pachirisu": {"name": "Pachirisu", "species": "Pachirisu", "speciesId": "pachirisu", "gender": "F", "shiny": false, "level": 96, "moves": ["discharge", "uturn", "superfang", "encore"], "ability": "Volt Absorb", "evs": {"hp": 85, "atk": 85, "def": 85, "spa": 85, "spd": 85, "spe": 85}, "ivs": {"hp": 31, "atk": 31, "def": 31, "spa": 31, "spd": 31, "spe": 31}, "item": "Heavy-Duty Boots", "teraType": "Flying", "role": "Fast Support", "bvs": {"hp": 60, "atk": 45, "def": 70, "spa": 45, "spd": 90, "spe": 95}, "stats": {"hp": 271, "atk": 141, "def": 189, "spa": 141, "spd": 227, "spe": 237}}, "Conkeldurr": {"name": "Conkeldurr", "species": "Conkeldurr", "speciesId": "conkeldurr", "gender": "M", "shiny": false, "level": 80, "moves": ["closecombat", "machpunch", "knockoff", "facade"], "ability": "Guts", "evs": {"hp": 85, "atk": 85, "def": 85, "spa": 85, "spd": 85, "spe": 85}, "ivs": {"hp": 31, "atk": 31, "def": 31, "spa": 31, "spd": 31, "spe": 31}, "item": "Flame Orb", "teraType": "Normal", "role": "Wallbreaker", "bvs": {"hp": 105, "atk": 140, "def": 95, "spa": 55, "spd": 65, "spe": 45}, "stats": {"hp": 299, "atk": 270, "def": 198, "spa": 134, "spd": 150, "spe": 118}}, "Excadrill": {"name": "Excadrill", "species": "Excadrill", "speciesId": "excadrill", "gender": "F", "shiny": false, "level": 79, "moves": ["ironhead", "earthquake", "swordsdance", "rapidspin"], "ability": "Mold Breaker", "evs": {"hp": 85, "atk": 85, "def": 85, "spa": 85, "spd": 85, "spe": 85}, "ivs": {"hp": 31, "atk": 31, "def": 31, "spa": 31, "spd": 31, "spe": 31}, "item": "Leftovers", "teraType": "Water", "role": "Bulky Setup", "bvs": {"hp": 110, "atk": 135, "def": 60, "spa": 50, "spd": 65, "spe": 88}, "stats": {"hp": 303, "atk": 259, "def": 140, "spa": 125, "spd": 148, "spe": 185}}, "Samurott": {"name": "Samurott", "species": "Samurott", "speciesId": "samurott", "gender": "F", "shiny": false, "level": 88, "moves": ["megahorn", "hydropump", "icebeam", "knockoff"], "ability": "Torrent", "evs": {"hp": 85, "atk": 85, "def": 85, "spa": 85, "spd": 85, "spe": 85}, "ivs": {"hp": 31, "atk": 31, "def": 31, "spa": 31, "spd": 31, "spe": 31}, "item": "Assault Vest", "teraType": "Dark", "role": "AV Pivot", "bvs": {"hp": 95, "atk": 100, "def": 85, "spa": 108, "spd": 70, "spe": 70}, "stats": {"hp": 310, "atk": 226, "def": 200, "spa": 240, "spd": 173, "spe": 173}}, "Dragapult": {"name": "Dragapult", "species": "Dragapult", "speciesId": "dragapult", "gender": "M", "shiny": false, "level": 77, "moves": ["dracometeor", "shadowball", "fireblast", "uturn"], "ability": "Infiltrator", "evs": {"hp": 85, "atk": 85, "def": 85, "spa": 85, "spd": 85, "spe": 85}, "ivs": {"hp": 31, "atk": 31, "def": 31, "spa": 31, "spd": 31, "spe": 31}, "item": "Choice Specs", "teraType": "Fire", "role": "Fast Attacker", "bvs": {"hp": 88, "atk": 120, "def": 75, "spa": 100, "spd": 75, "spe": 142}, "stats": {"hp": 262, "atk": 229, "def": 160, "spa": 199, "spd": 160, "spe": 263}}}, {"Ogerpon": {"name": "Ogerpon", "species": "Ogerpon-Wellspring", "speciesId": "ogerponwellspring", "gender": "F", "shiny": false, "level": 76, "moves": ["ivycudgel", "synthesis", "spikes", "woodhammer"], "ability": "Water Absorb", "evs": {"hp": 85, "atk": 85, "def": 85, "spa": 85, "spd": 85, "spe": 85}, "ivs": {"hp": 31, "atk": 31, "def": 31, "spa": 31, "spd": 31, "spe": 31}, "item": "Wellspring Mask", "teraType": "Water", "role": "Bulky Attacker", "bvs": {"hp": 80, "atk": 120, "def": 84, "spa": 60, "spd": 96, "spe": 110}, "stats": {"hp": 247, "atk": 226, "def": 172, "spa": 135, "spd": 190, "spe": 211}}, "Avalugg": {"name": "Avalugg", "species": "Avalugg", "speciesId": "avalugg", "gender": "M", "shiny": false, "level": 88, "moves": ["recover", "avalanche", "rapidspin", "bodypress"], "ability": "Sturdy", "evs": {"hp": 85, "atk": 85, "def": 85, "spa": 85, "spd": 85, "spe": 85}, "ivs": {"hp": 31, "atk": 31, "def": 31, "spa": 31, "spd": 31, "spe": 31}, "item": "Heavy-Duty Boots", "teraType": "Fighting", "role": "Bulky Support", "bvs": {"hp": 95, "atk": 117, "def": 184, "spa": 44, "spd": 46, "spe": 28}, "stats": {"hp": 310, "atk": 256, "def": 374, "spa": 128, "spd": 131, "spe": 100}}, "Empoleon": {"name": "Empoleon", "species": "Empoleon", "speciesId": "empoleon", "gender": "M", "shiny": false, "level": 84, "moves": ["roost", "knockoff", "yawn", "surf"], "ability": "Competitive", "evs": {"hp": 85, "atk": 85, "def": 85, "spa": 85, "spd": 85, "spe": 85}, "ivs": {"hp": 31, "atk": 31, "def": 31, "spa": 31, "spd": 31, "spe": 31}, "item": "Leftovers", "teraType": "Grass", "role": "Bulky Support", "bvs": {"hp": 84, "atk": 86, "def": 88, "spa": 111, "spd": 101, "spe": 60}, "stats": {"hp": 278, "atk": 193, "def": 196, "spa": 235, "spd": 218, "spe": 149}}, "Bombirdier": {"name": "Bombirdier", "species": "Bombirdier", "speciesId": "bombirdier", "gender": "F", "shiny": false, "level": 85, "moves": ["bravebird", "stoneedge", "knockoff", "suckerpunch"], "ability": "Rocky Payload", "evs": {"hp": 85, "atk": 85, "def": 85, "spa": 85, "spd": 85, "spe": 85}, "ivs": {"hp": 31, "atk": 31, "def": 31, "spa": 31, "spd": 31, "spe": 31}, "item": "Choice Band", "teraType": "Rock", "role": "Fast Attacker", "bvs": {"hp": 70, "atk": 103, "def": 85, "spa": 60, "spd": 85, "spe": 82}, "stats": {"hp": 258, "atk": 224, "def": 193, "spa": 151, "spd": 193, "spe": 188}}, "Spidops": {"name": "Spidops", "species": "Spidops", "speciesId": "spidops", "gender": "F", "shiny": false, "level": 96, "moves": ["uturn", "stickyweb", "knockoff", "spikes"], "ability": "Stakeout", "evs": {"hp": 85, "atk": 85, "def": 85, "spa": 85, "spd": 85, "spe": 85}, "ivs": {"hp": 31, "atk": 31, "def": 31, "spa": 31, "spd": 31, "spe": 31}, "item": "Heavy-Duty Boots", "teraType": "Ghost", "role": "Bulky Support", "bvs": {"hp": 60, "atk": 79, "def": 92, "spa": 52, "spd": 86, "spe": 35}, "stats": {"hp": 271, "atk": 206, "def": 231, "spa": 154, "spd": 220, "spe": 122}}, "Iron Leaves": {"name": "Iron Leaves", "species": "Iron Leaves", "speciesId": "ironleaves", "gender": "N", "shiny": false, "level": 80, "moves": ["psyblade", "leafblade", "swordsdance", "closecombat"], "ability": "Quark Drive", "evs": {"hp": 85, "atk": 85, "def": 85, "spa": 85, "spd": 85, "spe": 85}, "ivs": {"hp": 31, "atk": 31, "def": 31, "spa": 31, "spd": 31, "spe": 31}, "item": "Life Orb", "teraType": "Fighting", "role": "Wallbreaker", "bvs": {"hp": 90, "atk": 130, "def": 88, "spa": 70, "spd": 108, "spe": 104}, "stats": {"hp": 275, "atk": 254, "def": 187, "spa": 158, "spd": 219, "spe": 213}}}]}