{"id": "gen9randombattle-2631644055", "format": "[Gen 9] Random Battle", "players": ["FIanimal", "opopop"], "log": "|j|\u2606FIanimal\n|j|\u2606opopop\n|t:|1781413851\n|gametype|singles\n|player|p1|FIanimal|170|1208\n|player|p2|opopop|102|1226\n|gen|9\n|tier|[Gen 9] Random Battle\n|rated|\n|rule|Species Clause: Limit one of each Pok\u00e9mon\n|rule|HP Percentage Mod: HP is shown in percentages\n|rule|Sleep Clause Mod: Limit one foe put to sleep\n|rule|Illusion Level Mod: Illusion disguises the Pok\u00e9mon's true level\n|\n|t:|1781413851\n|teamsize|p1|6\n|teamsize|p2|6\n|start\n|switch|p1a: Luvdisc|Luvdisc, F|247/247\n|switch|p2a: Arceus|Arceus-Poison, L70|284/284\n|turn|1\n|inactive|Battle timer is ON: inactive players will automatically lose when time's up. (requested by FIanimal)\n|\n|t:|1781413874\n|move|p2a: Arceus|Extreme Speed|p1a: Luvdisc\n|-damage|p1a: Luvdisc|190/247\n|move|p1a: Luvdisc|Substitute|p1a: Luvdisc\n|-start|p1a: Luvdisc|Substitute\n|-damage|p1a: Luvdisc|129/247\n|\n|upkeep\n|turn|2\n|\n|t:|1781413888\n|switch|p2a: Zangoose|Zangoose, L85, M|263/263\n|move|p1a: Luvdisc|Endeavor|p2a: Zangoose\n|-damage|p2a: Zangoose|129/263\n|\n|-status|p2a: Zangoose|tox|[from] item: Toxic Orb\n|upkeep\n|turn|3\n|\n|t:|1781413902\n|-terastallize|p1a: Luvdisc|Ghost\n|move|p1a: Luvdisc|Surf|p2a: Zangoose\n|-damage|p2a: Zangoose|26/263 tox\n|move|p2a: Zangoose|Knock Off|p1a: Luvdisc\n|-supereffective|p1a: Luvdisc\n|-end|p1a: Luvdisc|Substitute\n|\n|-damage|p2a: Zangoose|10/263 tox|[from] psn\n|upkeep\n|turn|4\n|\n|t:|1781413921\n|move|p1a: Luvdisc|Substitute|p1a: Luvdisc\n|-start|p1a: Luvdisc|Substitute\n|-damage|p1a: Luvdisc|68/247\n|move|p2a: Zangoose|Swords Dance|p2a: Zangoose\n|-boost|p2a: Zangoose|atk|2\n|\n|-damage|p2a: Zangoose|0 fnt|[from] psn\n|faint|p2a: Zangoose\n|upkeep\n|\n|t:|1781413932\n|switch|p2a: Komala|Komala, L88, M|258/258\n|-ability|p2a: Komala|Comatose\n|turn|5\n|\n|t:|1781413951\n|move|p1a: Luvdisc|Endeavor|p2a: Komala\n|-damage|p2a: Komala|68/258\n|move|p2a: Komala|U-turn|p1a: Luvdisc\n|-resisted|p1a: Luvdisc\n|-activate|p1a: Luvdisc|move: Substitute|[damage]\n|l|\u2606opopop\n|inactive|opopop disconnected and has a minute to reconnect!\n|player|p2|\n|inactive|opopop has 30 seconds to reconnect!\n|inactive|opopop has 20 seconds to reconnect!\n|inactive|opopop has 15 seconds to reconnect!\n|inactive|opopop has 10 seconds to reconnect!\n|inactive|opopop has 5 seconds to reconnect!\n|-message|opopop lost due to inactivity.\n|\n|win|FIanimal\n|raw|FIanimal's rating: 1208 &rarr; <strong>1234</strong><br />(+26 for winning)\n|raw|opopop's rating: 1226 &rarr; <strong>1200</strong><br />(-26 for losing)\n", "inputlog": ">version a8376a258c1d4662feba110a92103f3664a72141\n>start {\"formatid\":\"gen9randombattle\",\"seed\":\"sodium,f200c66390c5cade64e35b756656db07\",\"rated\":\"Rated battle\"}\n>player p1 {\"name\":\"FIanimal\",\"avatar\":\"170\",\"rating\":1208,\"seed\":\"sodium,f0f6ca40065d0c03e1ed81d2738b10c2\"}\n>player p2 {\"name\":\"opopop\",\"avatar\":\"102\",\"rating\":1226,\"seed\":\"sodium,f17feab67bb97d452a8d450b770643af\"}\n>p1 move substitute\n>p2 move extremespeed\n>p1 move endeavor\n>p2 switch 2\n>p1 move surf terastallize\n>p2 move knockoff\n>p1 move substitute\n>p2 move swordsdance\n>p2 switch 4\n>p1 move endeavor\n>p2 move uturn\n>forcelose p2", "uploadtime": 1781414029, "views": 9, "formatid": "gen9randombattle", "rating": 1200, "private": 0, "password": null}