{"id": "gen9randombattle-2631499963", "format": "[Gen 9] Random Battle", "players": ["LiShinnn", "monrayhudson"], "log": "|j|\u2606LiShinnn\n|j|\u2606monrayhudson\n|t:|1781392947\n|gametype|singles\n|player|p1|LiShinnn|n|1913\n|player|p2|monrayhudson|blue|1925\n|gen|9\n|tier|[Gen 9] Random Battle\n|rated|\n|rule|Species Clause: Limit one of each Pok\u00e9mon\n|rule|HP Percentage Mod: HP is shown in percentages\n|rule|Sleep Clause Mod: Limit one foe put to sleep\n|rule|Illusion Level Mod: Illusion disguises the Pok\u00e9mon's true level\n|\n|t:|1781392947\n|teamsize|p1|6\n|teamsize|p2|6\n|start\n|switch|p1a: Jolteon|Jolteon, L84, F|246/246\n|switch|p2a: Necrozma|Necrozma, L80|286/286\n|turn|1\n|inactive|Battle timer is ON: inactive players will automatically lose when time's up. (requested by LiShinnn)\n|\n|t:|1781392961\n|switch|p1a: Kleavor|Kleavor, L78, F|237/237\n|move|p2a: Necrozma|Earth Power|p1a: Kleavor\n|-damage|p1a: Kleavor|138/237\n|\n|upkeep\n|turn|2\n|\n|t:|1781392971\n|switch|p2a: Overqwil|Overqwil, L82, M|274/274\n|-ability|p2a: Overqwil|Intimidate|boost\n|-unboost|p1a: Kleavor|atk|1\n|move|p1a: Kleavor|Stone Axe|p2a: Overqwil\n|-damage|p2a: Overqwil|156/274\n|-sidestart|p2: monrayhudson|move: Stealth Rock\n|\n|upkeep\n|turn|3\n|\n|t:|1781392982\n|switch|p1a: Gyarados|Gyarados, L79, F|280/280\n|move|p2a: Overqwil|Liquidation|p1a: Gyarados\n|-resisted|p1a: Gyarados\n|-damage|p1a: Gyarados|227/280\n|\n|upkeep\n|turn|4\n|\n|t:|1781392986\n|switch|p2a: Mesprit|Mesprit, L85|275/275\n|-damage|p2a: Mesprit|241/275|[from] Stealth Rock\n|move|p1a: Gyarados|Dragon Dance|p1a: Gyarados\n|-boost|p1a: Gyarados|atk|1\n|-boost|p1a: Gyarados|spe|1\n|\n|-heal|p2a: Mesprit|258/275|[from] item: Leftovers\n|upkeep\n|turn|5\n|\n|t:|1781392993\n|switch|p1a: Jolteon|Jolteon, L84, F|246/246\n|move|p2a: Mesprit|Thunder Wave|p1a: Jolteon\n|-immune|p1a: Jolteon|[from] ability: Volt Absorb\n|\n|-heal|p2a: Mesprit|275/275|[from] item: Leftovers\n|upkeep\n|turn|6\n|\n|t:|1781392998\n|move|p1a: Jolteon|Calm Mind|p1a: Jolteon\n|-boost|p1a: Jolteon|spa|1\n|-boost|p1a: Jolteon|spd|1\n|move|p2a: Mesprit|Stealth Rock|p1a: Jolteon\n|-sidestart|p1: LiShinnn|move: Stealth Rock\n|\n|upkeep\n|turn|7\n|\n|t:|1781393001\n|move|p1a: Jolteon|Calm Mind|p1a: Jolteon\n|-boost|p1a: Jolteon|spa|1\n|-boost|p1a: Jolteon|spd|1\n|move|p2a: Mesprit|Encore|p1a: Jolteon\n|-start|p1a: Jolteon|Encore\n|\n|upkeep\n|turn|8\n|inactive|monrayhudson has 120 seconds left.\n|\n|t:|1781393036\n|switch|p2a: Overqwil|Overqwil, L82, M|156/274\n|-damage|p2a: Overqwil|122/274|[from] Stealth Rock\n|-ability|p2a: Overqwil|Intimidate|boost\n|-unboost|p1a: Jolteon|atk|1\n|move|p1a: Jolteon|Calm Mind|p1a: Jolteon\n|-boost|p1a: Jolteon|spa|1\n|-boost|p1a: Jolteon|spd|1\n|\n|upkeep\n|turn|9\n|\n|t:|1781393041\n|move|p1a: Jolteon|Calm Mind|p1a: Jolteon\n|-boost|p1a: Jolteon|spa|1\n|-boost|p1a: Jolteon|spd|1\n|move|p2a: Overqwil|Gunk Shot|p1a: Jolteon\n|-crit|p1a: Jolteon\n|-damage|p1a: Jolteon|0 fnt\n|faint|p1a: Jolteon\n|\n|upkeep\n|c|\u2606LiShinnn|aaah ofc\n|\n|t:|1781393053\n|switch|p1a: Gyarados|Gyarados, L79, F|227/280\n|turn|10\n|\n|t:|1781393056\n|move|p2a: Overqwil|Gunk Shot|p1a: Gyarados\n|-damage|p1a: Gyarados|0 fnt\n|faint|p1a: Gyarados\n|\n|upkeep\n|\n|t:|1781393066\n|switch|p1a: Palafin|Palafin, L77, F|281/281\n|-damage|p1a: Palafin|246/281|[from] Stealth Rock\n|turn|11\n|\n|t:|1781393072\n|move|p1a: Palafin|Wave Crash|p2a: Overqwil\n|-damage|p2a: Overqwil|0 fnt\n|faint|p2a: Overqwil\n|-damage|p1a: Palafin|206/281|[from] Recoil\n|\n|upkeep\n|\n|t:|1781393089\n|switch|p2a: Mesprit|Mesprit, L85|275/275\n|-damage|p2a: Mesprit|241/275|[from] Stealth Rock\n|turn|12\n|\n|t:|1781393092\n|detailschange|p1a: Palafin|Palafin-Hero, L77, F\n|switch|p1a: Kilowattrel|Kilowattrel, L83, M|252/252\n|move|p2a: Mesprit|Thunder Wave|p1a: Kilowattrel\n|-immune|p1a: Kilowattrel|[from] ability: Volt Absorb\n|\n|-heal|p2a: Mesprit|258/275|[from] item: Leftovers\n|upkeep\n|turn|13\n|\n|t:|1781393097\n|move|p1a: Kilowattrel|Hurricane|p2a: Mesprit|[miss]\n|-miss|p1a: Kilowattrel|p2a: Mesprit\n|move|p2a: Mesprit|Psychic Noise|p1a: Kilowattrel\n|-damage|p1a: Kilowattrel|140/252\n|-start|p1a: Kilowattrel|move: Heal Block\n|\n|-heal|p2a: Mesprit|275/275|[from] item: Leftovers\n|upkeep\n|turn|14\n|\n|t:|1781393111\n|move|p1a: Kilowattrel|Hurricane|p2a: Mesprit\n|-damage|p2a: Mesprit|167/275\n|move|p2a: Mesprit|Psychic Noise|p1a: Kilowattrel\n|-damage|p1a: Kilowattrel|14/252\n|\n|-heal|p2a: Mesprit|184/275|[from] item: Leftovers\n|-end|p1a: Kilowattrel|move: Heal Block\n|upkeep\n|turn|15\n|\n|t:|1781393119\n|move|p1a: Kilowattrel|U-turn|p2a: Mesprit\n|-supereffective|p2a: Mesprit\n|-damage|p2a: Mesprit|116/275\n|\n|t:|1781393122\n|switch|p1a: Palafin|Palafin-Hero, L77, F|206/281|[from] U-turn\n|-damage|p1a: Palafin|171/281|[from] Stealth Rock\n|-activate|p1a: Palafin|ability: Zero to Hero\n|move|p2a: Mesprit|Psychic Noise|p1a: Palafin\n|-damage|p1a: Palafin|80/281\n|-start|p1a: Palafin|move: Heal Block\n|\n|-heal|p2a: Mesprit|133/275|[from] item: Leftovers\n|upkeep\n|turn|16\n|\n|t:|1781393128\n|move|p1a: Palafin|Wave Crash|p2a: Mesprit\n|-damage|p2a: Mesprit|0 fnt\n|faint|p2a: Mesprit\n|-damage|p1a: Palafin|36/281|[from] Recoil\n|\n|-end|p1a: Palafin|move: Heal Block\n|upkeep\n|\n|t:|1781393148\n|switch|p2a: Necrozma|Necrozma, L80|286/286\n|-damage|p2a: Necrozma|251/286|[from] Stealth Rock\n|turn|17\n|\n|t:|1781393153\n|move|p1a: Palafin|Wave Crash|p2a: Necrozma\n|-damage|p2a: Necrozma|19/286\n|-damage|p1a: Palafin|0 fnt|[from] Recoil\n|faint|p1a: Palafin\n|move|p2a: Necrozma|Photon Geyser|p1: Palafin|[notarget]\n|-fail|p2a: Necrozma\n|\n|-heal|p2a: Necrozma|36/286|[from] item: Leftovers\n|upkeep\n|\n|t:|1781393156\n|switch|p1a: Kleavor|Kleavor, L78, F|138/237\n|-damage|p1a: Kleavor|79/237|[from] Stealth Rock\n|turn|18\n|\n|t:|1781393162\n|move|p1a: Kleavor|X-Scissor|p2a: Necrozma\n|-supereffective|p2a: Necrozma\n|-damage|p2a: Necrozma|0 fnt\n|faint|p2a: Necrozma\n|\n|upkeep\n|\n|t:|1781393173\n|switch|p2a: Magmortar|Magmortar, L88, M|275/275\n|turn|19\n|\n|t:|1781393182\n|switch|p1a: Hypno|Hypno, L95, M|315/315\n|-damage|p1a: Hypno|276/315|[from] Stealth Rock\n|move|p2a: Magmortar|Fire Blast|p1a: Hypno|[miss]\n|-miss|p2a: Magmortar|p1a: Hypno\n|\n|-heal|p1a: Hypno|295/315|[from] item: Leftovers\n|upkeep\n|turn|20\n|\n|t:|1781393185\n|move|p2a: Magmortar|Taunt|p1a: Hypno\n|-start|p1a: Hypno|move: Taunt\n|cant|p1a: Hypno|move: Taunt|Toxic\n|\n|-heal|p1a: Hypno|314/315|[from] item: Leftovers\n|upkeep\n|turn|21\n|\n|t:|1781393190\n|move|p2a: Magmortar|Fire Blast|p1a: Hypno\n|-damage|p1a: Hypno|191/315\n|move|p1a: Hypno|Psychic Noise|p2a: Magmortar\n|-damage|p2a: Magmortar|193/275\n|-start|p2a: Magmortar|move: Heal Block\n|\n|-heal|p1a: Hypno|210/315|[from] item: Leftovers\n|upkeep\n|turn|22\n|\n|t:|1781393195\n|move|p2a: Magmortar|Fire Blast|p1a: Hypno\n|-damage|p1a: Hypno|98/315\n|move|p1a: Hypno|Focus Blast|p2a: Magmortar\n|-damage|p2a: Magmortar|116/275\n|\n|-heal|p1a: Hypno|117/315|[from] item: Leftovers\n|-end|p1a: Hypno|move: Taunt\n|-end|p2a: Magmortar|move: Heal Block\n|upkeep\n|turn|23\n|\n|t:|1781393201\n|move|p1a: Hypno|Protect|p1a: Hypno\n|-singleturn|p1a: Hypno|Protect\n|move|p2a: Magmortar|Taunt|p1a: Hypno\n|-activate|p1a: Hypno|move: Protect\n|\n|-heal|p1a: Hypno|136/315|[from] item: Leftovers\n|upkeep\n|turn|24\n|\n|t:|1781393204\n|move|p2a: Magmortar|Taunt|p1a: Hypno\n|-start|p1a: Hypno|move: Taunt\n|move|p1a: Hypno|Psychic Noise|p2a: Magmortar\n|-damage|p2a: Magmortar|46/275\n|-start|p2a: Magmortar|move: Heal Block\n|\n|-heal|p1a: Hypno|155/315|[from] item: Leftovers\n|upkeep\n|turn|25\n|\n|t:|1781393206\n|move|p2a: Magmortar|Fire Blast|p1a: Hypno\n|-damage|p1a: Hypno|44/315\n|move|p1a: Hypno|Psychic Noise|p2a: Magmortar\n|-damage|p2a: Magmortar|0 fnt\n|faint|p2a: Magmortar\n|\n|-heal|p1a: Hypno|63/315|[from] item: Leftovers\n|upkeep\n|\n|t:|1781393214\n|switch|p2a: Mimikyu|Mimikyu, L79, F|216/216\n|-damage|p2a: Mimikyu|189/216|[from] Stealth Rock\n|turn|26\n|\n|t:|1781393222\n|move|p2a: Mimikyu|Swords Dance|p2a: Mimikyu\n|-boost|p2a: Mimikyu|atk|2\n|move|p1a: Hypno|Psychic Noise|p2a: Mimikyu\n|-activate|p2a: Mimikyu|ability: Disguise\n|-damage|p2a: Mimikyu|189/216\n|-start|p2a: Mimikyu|move: Heal Block\n|detailschange|p2a: Mimikyu|Mimikyu-Busted, L79, F\n|-damage|p2a: Mimikyu|162/216|[from] pokemon: Mimikyu-Busted\n|\n|-heal|p1a: Hypno|82/315|[from] item: Leftovers\n|-end|p1a: Hypno|move: Taunt\n|upkeep\n|turn|27\n|-message|LiShinnn forfeited.\n|\n|win|monrayhudson\n", "inputlog": ">version a8376a258c1d4662feba110a92103f3664a72141\n>start {\"formatid\":\"gen9randombattle\",\"seed\":\"sodium,9844ec495e4d5c9fd3c116c7e49ed2f3\",\"rated\":\"Rated battle\"}\n>player p1 {\"name\":\"LiShinnn\",\"avatar\":\"n\",\"rating\":1913,\"seed\":\"sodium,929db9bf45ae116aeb1a9890a3c3ac00\"}\n>player p2 {\"name\":\"monrayhudson\",\"avatar\":\"blue\",\"rating\":1925,\"seed\":\"sodium,16d4dc325ec3ee871b2eb423db534cba\"}\n>p1 switch 6\n>p2 move earthpower\n>p1 move stoneaxe\n>p2 switch 5\n>p1 switch 3\n>p2 move liquidation\n>p1 move dragondance\n>p2 switch 6\n>p1 switch 6\n>p2 move thunderwave\n>p1 move calmmind\n>p2 move stealthrock\n>p1 move calmmind\n>p2 move encore\n>p1 move calmmind\n>p2 switch 6\n>p1 move calmmind\n>p2 move gunkshot\n>chat \u2606LiShinnn|aaah ofc\n>p1 switch 6\n>p1 move dragondance\n>p2 move gunkshot\n>p1 switch 2\n>p1 move wavecrash\n>p2 move gunkshot\n>p2 switch 6\n>p1 switch 5\n>p2 move thunderwave\n>p1 move hurricane\n>p2 move psychicnoise\n>p1 move hurricane\n>p2 move psychicnoise\n>p1 move uturn\n>p2 move psychicnoise\n>p1 switch 5\n>p1 move wavecrash\n>p2 move psychicnoise\n>p2 switch 5\n>p1 move wavecrash\n>p2 move photongeyser\n>p1 switch 3\n>p1 move xscissor\n>p2 move photongeyser\n>p2 switch 4\n>p1 switch 4\n>p2 move fireblast\n>p1 move toxic\n>p2 move taunt\n>p1 move psychicnoise\n>p2 move fireblast\n>p1 move focusblast\n>p2 move fireblast\n>p1 move protect\n>p2 move taunt\n>p1 move psychicnoise\n>p2 move taunt\n>p1 move psychicnoise\n>p2 move fireblast\n>p2 switch 2\n>p1 move psychicnoise\n>p2 move swordsdance\n>forcelose p1", "uploadtime": 1781392949, "views": 6, "formatid": "gen9randombattle", "rating": null, "private": 0, "password": null}