{"id": "gen9randombattle-2631767695", "format": "[Gen 9] Random Battle", "players": ["sev04", "Tonio95300"], "log": "|j|\u2606sev04\n|j|\u2606Tonio95300\n|t:|1781436525\n|gametype|singles\n|player|p1|sev04|265|1667\n|player|p2|Tonio95300|170|1635\n|gen|9\n|tier|[Gen 9] Random Battle\n|rated|\n|rule|Species Clause: Limit one of each Pok\u00e9mon\n|rule|HP Percentage Mod: HP is shown in percentages\n|rule|Sleep Clause Mod: Limit one foe put to sleep\n|rule|Illusion Level Mod: Illusion disguises the Pok\u00e9mon's true level\n|\n|t:|1781436525\n|teamsize|p1|6\n|teamsize|p2|6\n|start\n|switch|p1a: Lumineon|Lumineon, L93, M|279/279\n|switch|p2a: Comfey|Comfey, L85, F|225/225\n|turn|1\n|inactive|Battle timer is ON: inactive players will automatically lose when time's up. (requested by sev04)\n|\n|t:|1781436551\n|move|p1a: Lumineon|Hydro Pump|p2a: Comfey\n|-damage|p2a: Comfey|129/225\n|move|p2a: Comfey|Calm Mind|p2a: Comfey\n|-boost|p2a: Comfey|spa|1\n|-boost|p2a: Comfey|spd|1\n|\n|-heal|p2a: Comfey|143/225|[from] item: Leftovers\n|upkeep\n|turn|2\n|\n|t:|1781436559\n|move|p2a: Comfey|Giga Drain|p1a: Lumineon\n|-supereffective|p1a: Lumineon\n|-damage|p1a: Lumineon|139/279\n|-heal|p2a: Comfey|213/225|[from] drain|[of] p1a: Lumineon\n|move|p1a: Lumineon|Encore|p2a: Comfey\n|-start|p2a: Comfey|Encore\n|\n|-heal|p2a: Comfey|225/225|[from] item: Leftovers\n|upkeep\n|turn|3\n|\n|t:|1781436573\n|switch|p1a: Koraidon|Koraidon, L64|235/235\n|-weather|SunnyDay|[from] ability: Orichalcum Pulse|[of] p1a: Koraidon\n|-activate|p1a: Koraidon|Orichalcum Pulse|[source]\n|move|p2a: Comfey|Giga Drain|p1a: Koraidon\n|-resisted|p1a: Koraidon\n|-damage|p1a: Koraidon|193/235\n|\n|-weather|SunnyDay|[upkeep]\n|upkeep\n|turn|4\n|\n|t:|1781436583\n|move|p2a: Comfey|Giga Drain|p1a: Koraidon\n|-resisted|p1a: Koraidon\n|-damage|p1a: Koraidon|150/235\n|move|p1a: Koraidon|Swords Dance|p1a: Koraidon\n|-boost|p1a: Koraidon|atk|2\n|\n|-weather|SunnyDay|[upkeep]\n|upkeep\n|turn|5\n|\n|t:|1781436593\n|switch|p2a: Lugia|Lugia, L73|275/275\n|move|p1a: Koraidon|Flare Blitz|p2a: Lugia\n|-damage|p2a: Lugia|173/275\n|-damage|p1a: Koraidon|116/235|[from] Recoil\n|\n|-weather|SunnyDay|[upkeep]\n|upkeep\n|turn|6\n|\n|t:|1781436615\n|move|p1a: Koraidon|Scale Shot|p2a: Lugia\n|-damage|p2a: Lugia|130/275\n|-damage|p2a: Lugia|88/275\n|-damage|p2a: Lugia|43/275\n|-damage|p2a: Lugia|0 fnt\n|faint|p2a: Lugia\n|-hitcount|p2: Lugia|4\n|-unboost|p1a: Koraidon|def|1\n|-boost|p1a: Koraidon|spe|1\n|\n|-weather|SunnyDay|[upkeep]\n|upkeep\n|\n|t:|1781436628\n|switch|p2a: Comfey|Comfey, L85, F|225/225\n|turn|7\n|\n|t:|1781436634\n|-terastallize|p1a: Koraidon|Fire\n|move|p2a: Comfey|Draining Kiss|p1a: Koraidon\n|-resisted|p1a: Koraidon\n|-damage|p1a: Koraidon|88/235\n|move|p1a: Koraidon|Flare Blitz|p2a: Comfey\n|-damage|p2a: Comfey|0 fnt\n|faint|p2a: Comfey\n|-damage|p1a: Koraidon|14/235|[from] Recoil\n|\n|-weather|none\n|upkeep\n|\n|t:|1781436648\n|switch|p2a: Honchkrow|Honchkrow, L86, M|312/312\n|turn|8\n|\n|t:|1781436654\n|move|p2a: Honchkrow|Sucker Punch|p1a: Koraidon\n|-damage|p1a: Koraidon|0 fnt\n|faint|p1a: Koraidon\n|-ability|p2a: Honchkrow|Moxie|boost\n|-boost|p2a: Honchkrow|atk|1\n|\n|upkeep\n|\n|t:|1781436661\n|switch|p1a: Lumineon|Lumineon, L93, M|139/279\n|turn|9\n|\n|t:|1781436669\n|switch|p2a: Luxray|Luxray, L88, F|284/284\n|-ability|p2a: Luxray|Intimidate|boost\n|-unboost|p1a: Lumineon|atk|1\n|move|p1a: Lumineon|Encore||[still]\n|-fail|p1a: Lumineon\n|\n|upkeep\n|turn|10\n|\n|t:|1781436681\n|move|p1a: Lumineon|U-turn|p2a: Luxray\n|-damage|p2a: Luxray|250/284\n|\n|t:|1781436683\n|switch|p1a: Hariyama|Hariyama, L87, M|392/392|[from] U-turn\n|move|p2a: Luxray|Volt Switch|p1a: Hariyama\n|-damage|p1a: Hariyama|320/392\n|\n|t:|1781436689\n|switch|p2a: Honchkrow|Honchkrow, L86, M|312/312|[from] Volt Switch\n|\n|upkeep\n|turn|11\n|\n|t:|1781436697\n|move|p2a: Honchkrow|Brave Bird|p1a: Hariyama\n|-supereffective|p1a: Hariyama\n|-damage|p1a: Hariyama|0 fnt\n|faint|p1a: Hariyama\n|-ability|p2a: Honchkrow|Moxie|boost\n|-boost|p2a: Honchkrow|atk|1\n|-damage|p2a: Honchkrow|206/312|[from] Recoil\n|\n|upkeep\n|\n|t:|1781436702\n|switch|p1a: Lumineon|Lumineon, L93, M|139/279\n|turn|12\n|\n|t:|1781436706\n|move|p2a: Honchkrow|Sucker Punch||[still]\n|-fail|p2a: Honchkrow\n|move|p1a: Lumineon|Encore|p2a: Honchkrow\n|-start|p2a: Honchkrow|Encore\n|\n|upkeep\n|turn|13\n|\n|t:|1781436726\n|switch|p1a: Lokix|Lokix, L82, F|251/251\n|move|p2a: Honchkrow|Sucker Punch||[still]\n|-fail|p2a: Honchkrow\n|\n|upkeep\n|turn|14\n|\n|t:|1781436733\n|switch|p2a: Luxray|Luxray, L88, F|250/284\n|-ability|p2a: Luxray|Intimidate|boost\n|-unboost|p1a: Lokix|atk|1\n|move|p1a: Lokix|First Impression|p2a: Luxray\n|-damage|p2a: Luxray|175/284\n|-damage|p1a: Lokix|226/251|[from] item: Life Orb\n|\n|upkeep\n|turn|15\n|\n|t:|1781436745\n|move|p1a: Lokix|Knock Off|p2a: Luxray\n|-damage|p2a: Luxray|89/284\n|-enditem|p2a: Luxray|Assault Vest|[from] move: Knock Off|[of] p1a: Lokix\n|-damage|p1a: Lokix|201/251|[from] item: Life Orb\n|move|p2a: Luxray|Wild Charge|p1a: Lokix\n|-damage|p1a: Lokix|74/251\n|-damage|p2a: Luxray|57/284|[from] Recoil\n|\n|upkeep\n|turn|16\n|\n|t:|1781436764\n|move|p1a: Lokix|Leech Life|p2a: Luxray\n|-damage|p2a: Luxray|0 fnt\n|-heal|p1a: Lokix|103/251|[from] drain|[of] p2a: Luxray\n|faint|p2a: Luxray\n|-damage|p1a: Lokix|78/251|[from] item: Life Orb\n|\n|upkeep\n|\n|t:|1781436783\n|switch|p2a: Honchkrow|Honchkrow, L86, M|206/312\n|turn|17\n|\n|t:|1781436787\n|switch|p1a: Dudunsparce|Dudunsparce-Three-Segment, L83, M|343/343\n|move|p2a: Honchkrow|Brave Bird|p1a: Dudunsparce\n|-damage|p1a: Dudunsparce|163/343\n|-damage|p2a: Honchkrow|147/312|[from] Recoil\n|\n|-heal|p1a: Dudunsparce|184/343|[from] item: Leftovers\n|upkeep\n|turn|18\n|\n|t:|1781436802\n|move|p2a: Honchkrow|Brave Bird|p1a: Dudunsparce\n|-damage|p1a: Dudunsparce|10/343\n|-damage|p2a: Honchkrow|90/312|[from] Recoil\n|move|p1a: Dudunsparce|Roost|p1a: Dudunsparce\n|-heal|p1a: Dudunsparce|182/343\n|-singleturn|p1a: Dudunsparce|move: Roost\n|\n|-heal|p1a: Dudunsparce|203/343|[from] item: Leftovers\n|upkeep\n|turn|19\n|\n|t:|1781436811\n|move|p2a: Honchkrow|Thunder Wave|p1a: Dudunsparce\n|-status|p1a: Dudunsparce|par\n|cant|p1a: Dudunsparce|par\n|\n|-heal|p1a: Dudunsparce|224/343 par|[from] item: Leftovers\n|upkeep\n|turn|20\n|\n|t:|1781436818\n|switch|p2a: Meloetta|Meloetta, L82|298/298\n|move|p1a: Dudunsparce|Headbutt|p2a: Meloetta\n|-damage|p2a: Meloetta|219/298\n|\n|-heal|p2a: Meloetta|237/298|[from] item: Leftovers\n|-heal|p1a: Dudunsparce|245/343 par|[from] item: Leftovers\n|upkeep\n|turn|21\n|\n|t:|1781436828\n|move|p2a: Meloetta|Focus Blast|p1a: Dudunsparce\n|-supereffective|p1a: Dudunsparce\n|-damage|p1a: Dudunsparce|31/343 par\n|move|p1a: Dudunsparce|Headbutt|p2a: Meloetta\n|-damage|p2a: Meloetta|147/298\n|\n|-heal|p2a: Meloetta|165/298|[from] item: Leftovers\n|-heal|p1a: Dudunsparce|52/343 par|[from] item: Leftovers\n|upkeep\n|turn|22\n|\n|t:|1781436843\n|move|p2a: Meloetta|Hyper Voice|p1a: Dudunsparce\n|-damage|p1a: Dudunsparce|0 fnt\n|faint|p1a: Dudunsparce\n|\n|-heal|p2a: Meloetta|183/298|[from] item: Leftovers\n|upkeep\n|\n|t:|1781436848\n|switch|p1a: Lokix|Lokix, L82, F|78/251\n|turn|23\n|\n|t:|1781436852\n|switch|p2a: Honchkrow|Honchkrow, L86, M|90/312\n|move|p1a: Lokix|First Impression|p2a: Honchkrow\n|-damage|p2a: Honchkrow|0 fnt\n|faint|p2a: Honchkrow\n|-damage|p1a: Lokix|53/251|[from] item: Life Orb\n|\n|upkeep\n|\n|t:|1781436861\n|switch|p2a: Wugtrio|Wugtrio, L91, M|212/212\n|turn|24\n|\n|t:|1781436866\n|switch|p1a: Lumineon|Lumineon, L93, M|139/279\n|move|p2a: Wugtrio|Liquidation|p1a: Lumineon\n|-ability|p1a: Lumineon|Storm Drain|boost\n|-boost|p1a: Lumineon|spa|1\n|\n|upkeep\n|turn|25\n|\n|t:|1781436876\n|switch|p2a: Meloetta|Meloetta, L82|183/298\n|move|p1a: Lumineon|U-turn|p2a: Meloetta\n|-supereffective|p2a: Meloetta\n|-damage|p2a: Meloetta|69/298\n|\n|t:|1781436879\n|switch|p1a: Lokix|Lokix, L82, F|53/251|[from] U-turn\n|\n|-heal|p2a: Meloetta|87/298|[from] item: Leftovers\n|upkeep\n|turn|26\n|-message|Tonio95300 forfeited.\n|\n|win|sev04\n|raw|sev04's rating: 1667 &rarr; <strong>1685</strong><br />(+18 for winning)\n|raw|Tonio95300's rating: 1635 &rarr; <strong>1617</strong><br />(-18 for losing)\n|l|\u2606Tonio95300\n|player|p2|\n", "inputlog": ">version a8376a258c1d4662feba110a92103f3664a72141\n>start {\"formatid\":\"gen9randombattle\",\"seed\":\"sodium,dd489f32ace55e31696dd475d03cdcdb\",\"rated\":\"Rated battle\"}\n>player p1 {\"name\":\"sev04\",\"avatar\":\"265\",\"rating\":1667,\"seed\":\"sodium,8996ddf73712e0a903b256e26617b4dc\"}\n>player p2 {\"name\":\"Tonio95300\",\"avatar\":\"170\",\"rating\":1635,\"seed\":\"sodium,101706ae0083d661283c60e3d1f66424\"}\n>p1 move hydropump\n>p2 move calmmind\n>p1 move encore\n>p2 move gigadrain\n>p1 switch 5\n>p2 move gigadrain\n>p1 move swordsdance\n>p2 move gigadrain\n>p1 move flareblitz\n>p2 switch 2\n>p1 move scaleshot\n>p2 move aeroblast\n>p2 switch 2\n>p1 move flareblitz terastallize\n>p2 move drainingkiss\n>p2 switch 3\n>p1 move collisioncourse\n>p2 move suckerpunch\n>p1 switch 5\n>p1 move encore\n>p2 switch 5\n>p1 move uturn\n>p2 move voltswitch\n>p1 switch 2\n>p2 switch 5\n>p1 move heavyslam\n>p2 move bravebird\n>p1 switch 2\n>p1 move encore\n>p2 move suckerpunch\n>p1 switch 4\n>p2 move suckerpunch\n>p1 move firstimpression\n>p2 switch 5\n>p1 move knockoff\n>p2 move wildcharge\n>p1 move leechlife\n>p2 move voltswitch\n>p2 switch 5\n>p1 switch 3\n>p2 move bravebird\n>p1 move roost\n>p2 move bravebird\n>p1 move roost\n>p2 move thunderwave\n>p1 move headbutt\n>p2 switch 6\n>p1 move headbutt\n>p2 move focusblast\n>p1 move headbutt\n>p2 move hypervoice\n>p1 switch 3\n>p1 move firstimpression\n>p2 switch 6\n>p2 switch 4\n>p1 switch 4\n>p2 move liquidation\n>p1 move uturn\n>p2 switch 6\n>p1 switch 4\n>forcelose p2", "uploadtime": 1781436886, "views": 4, "formatid": "gen9randombattle", "rating": 1617, "private": 0, "password": null, "player_dets": [{"name": "sev04", "avatar": "265", "rating": 1667, "seed": "sodium,8996ddf73712e0a903b256e26617b4dc"}, {"name": "Tonio95300", "avatar": "170", "rating": 1635, "seed": "sodium,101706ae0083d661283c60e3d1f66424"}], "teams_full": [{"Lumineon": {"name": "Lumineon", "species": "Lumineon", "speciesId": "lumineon", "gender": "M", "shiny": false, "level": 93, "moves": ["hydropump", "uturn", "icebeam", "encore"], "ability": "Storm Drain", "evs": {"hp": 85, "atk": 85, "def": 85, "spa": 85, "spd": 85, "spe": 85}, "ivs": {"hp": 31, "atk": 31, "def": 31, "spa": 31, "spd": 31, "spe": 31}, "item": "Heavy-Duty Boots", "teraType": "Ground", "role": "Fast Support", "bvs": {"hp": 69, "atk": 69, "def": 76, "spa": 69, "spd": 86, "spe": 91}, "stats": {"hp": 279, "atk": 181, "def": 194, "spa": 181, "spd": 213, "spe": 222}, "types": ["Water"]}, "Hariyama": {"name": "Hariyama", "species": "Hariyama", "speciesId": "hariyama", "gender": "M", "shiny": false, "level": 87, "moves": ["bulletpunch", "knockoff", "heavyslam", "closecombat"], "ability": "Thick Fat", "evs": {"hp": 85, "atk": 85, "def": 85, "spa": 85, "spd": 85, "spe": 85}, "ivs": {"hp": 31, "atk": 31, "def": 31, "spa": 31, "spd": 31, "spe": 31}, "item": "Assault Vest", "teraType": "Steel", "role": "AV Pivot", "bvs": {"hp": 144, "atk": 120, "def": 60, "spa": 40, "spd": 60, "spe": 50}, "stats": {"hp": 392, "atk": 259, "def": 154, "spa": 119, "spd": 154, "spe": 137}, "types": ["Fighting"]}, "Dudunsparce": {"name": "Dudunsparce", "species": "Dudunsparce-Three-Segment", "speciesId": "dudunsparce", "gender": "M", "shiny": false, "level": 83, "moves": ["glare", "earthquake", "roost", "headbutt"], "ability": "Serene Grace", "evs": {"hp": 85, "atk": 85, "def": 85, "spa": 85, "spd": 85, "spe": 85}, "ivs": {"hp": 31, "atk": 31, "def": 31, "spa": 31, "spd": 31, "spe": 31}, "item": "Leftovers", "teraType": "Ghost", "role": "Bulky Support", "bvs": {"hp": 125, "atk": 100, "def": 80, "spa": 85, "spd": 75, "spe": 55}, "stats": {"hp": 343, "atk": 214, "def": 180, "spa": 189, "spd": 172, "spe": 139}, "types": ["Normal"]}, "Lokix": {"name": "Lokix", "species": "Lokix", "speciesId": "lokix", "gender": "F", "shiny": false, "level": 82, "moves": ["firstimpression", "suckerpunch", "leechlife", "knockoff"], "ability": "Tinted Lens", "evs": {"hp": 85, "atk": 85, "def": 85, "spa": 85, "spd": 85, "spe": 85}, "ivs": {"hp": 31, "atk": 31, "def": 31, "spa": 31, "spd": 31, "spe": 31}, "item": "Life Orb", "teraType": "Bug", "role": "Wallbreaker", "bvs": {"hp": 71, "atk": 102, "def": 78, "spa": 52, "spd": 55, "spe": 92}, "stats": {"hp": 251, "atk": 214, "def": 175, "spa": 132, "spd": 137, "spe": 198}, "types": ["Bug", "Dark"]}, "Koraidon": {"name": "Koraidon", "species": "Koraidon", "speciesId": "koraidon", "gender": "N", "shiny": false, "level": 64, "moves": ["collisioncourse", "swordsdance", "flareblitz", "scaleshot"], "ability": "Orichalcum Pulse", "evs": {"hp": 85, "atk": 85, "def": 85, "spa": 85, "spd": 85, "spe": 85}, "ivs": {"hp": 31, "atk": 31, "def": 31, "spa": 31, "spd": 31, "spe": 31}, "item": "Loaded Dice", "teraType": "Fire", "role": "Setup Sweeper", "bvs": {"hp": 100, "atk": 135, "def": 115, "spa": 85, "spd": 100, "spe": 135}, "stats": {"hp": 235, "atk": 211, "def": 185, "spa": 147, "spd": 166, "spe": 211}, "types": ["Fighting", "Dragon"]}, "Deoxys": {"name": "Deoxys", "species": "Deoxys-Defense", "speciesId": "deoxysdefense", "gender": "N", "shiny": false, "level": 84, "moves": ["spikes", "psychicnoise", "teleport", "recover"], "ability": "Pressure", "evs": {"hp": 85, "atk": 0, "def": 85, "spa": 85, "spd": 85, "spe": 85}, "ivs": {"hp": 31, "atk": 0, "def": 31, "spa": 31, "spd": 31, "spe": 31}, "item": "Rocky Helmet", "teraType": "Steel", "role": "Bulky Support", "bvs": {"hp": 50, "atk": 70, "def": 160, "spa": 70, "spd": 160, "spe": 90}, "stats": {"hp": 221, "atk": 122, "def": 317, "spa": 166, "spd": 317, "spe": 199}, "types": ["Psychic"]}}, {"Comfey": {"name": "Comfey", "species": "Comfey", "speciesId": "comfey", "gender": "F", "shiny": false, "level": 85, "moves": ["gigadrain", "drainingkiss", "calmmind", "terablast"], "ability": "Triage", "evs": {"hp": 85, "atk": 0, "def": 85, "spa": 85, "spd": 85, "spe": 85}, "ivs": {"hp": 31, "atk": 0, "def": 31, "spa": 31, "spd": 31, "spe": 31}, "item": "Leftovers", "teraType": "Ground", "role": "Tera Blast user", "bvs": {"hp": 51, "atk": 52, "def": 90, "spa": 82, "spd": 110, "spe": 100}, "stats": {"hp": 225, "atk": 93, "def": 202, "spa": 188, "spd": 236, "spe": 219}, "types": ["Fairy"]}, "Lugia": {"name": "Lugia", "species": "Lugia", "speciesId": "lugia", "gender": "N", "shiny": false, "level": 73, "moves": ["calmmind", "aeroblast", "earthpower", "recover"], "ability": "Multiscale", "evs": {"hp": 85, "atk": 0, "def": 85, "spa": 85, "spd": 85, "spe": 85}, "ivs": {"hp": 31, "atk": 0, "def": 31, "spa": 31, "spd": 31, "spe": 31}, "item": "Heavy-Duty Boots", "teraType": "Steel", "role": "Bulky Setup", "bvs": {"hp": 106, "atk": 90, "def": 130, "spa": 90, "spd": 154, "spe": 110}, "stats": {"hp": 275, "atk": 136, "def": 232, "spa": 174, "spd": 267, "spe": 203}, "types": ["Psychic", "Flying"]}, "Honchkrow": {"name": "Honchkrow", "species": "Honchkrow", "speciesId": "honchkrow", "gender": "M", "shiny": false, "level": 86, "moves": ["bravebird", "thunderwave", "lashout", "suckerpunch"], "ability": "Moxie", "evs": {"hp": 85, "atk": 85, "def": 85, "spa": 85, "spd": 85, "spe": 85}, "ivs": {"hp": 31, "atk": 31, "def": 31, "spa": 31, "spd": 31, "spe": 31}, "item": "Heavy-Duty Boots", "teraType": "Flying", "role": "Wallbreaker", "bvs": {"hp": 100, "atk": 125, "def": 52, "spa": 105, "spd": 52, "spe": 71}, "stats": {"hp": 312, "atk": 264, "def": 139, "spa": 230, "spd": 139, "spe": 171}, "types": ["Dark", "Flying"]}, "Wugtrio": {"name": "Wugtrio", "species": "Wugtrio", "speciesId": "wugtrio", "gender": "M", "shiny": false, "level": 91, "moves": ["stompingtantrum", "aquajet", "throatchop", "liquidation"], "ability": "Gooey", "evs": {"hp": 85, "atk": 85, "def": 85, "spa": 85, "spd": 85, "spe": 85}, "ivs": {"hp": 31, "atk": 31, "def": 31, "spa": 31, "spd": 31, "spe": 31}, "item": "Choice Band", "teraType": "Dark", "role": "Fast Attacker", "bvs": {"hp": 35, "atk": 100, "def": 50, "spa": 50, "spd": 70, "spe": 120}, "stats": {"hp": 212, "atk": 234, "def": 143, "spa": 143, "spd": 179, "spe": 270}, "types": ["Water"]}, "Luxray": {"name": "Luxray", "species": "Luxray", "speciesId": "luxray", "gender": "F", "shiny": false, "level": 88, "moves": ["playrough", "wildcharge", "voltswitch", "icefang"], "ability": "Intimidate", "evs": {"hp": 85, "atk": 85, "def": 85, "spa": 85, "spd": 85, "spe": 85}, "ivs": {"hp": 31, "atk": 31, "def": 31, "spa": 31, "spd": 31, "spe": 31}, "item": "Assault Vest", "teraType": "Electric", "role": "AV Pivot", "bvs": {"hp": 80, "atk": 120, "def": 79, "spa": 95, "spd": 79, "spe": 70}, "stats": {"hp": 284, "atk": 261, "def": 189, "spa": 217, "spd": 189, "spe": 173}, "types": ["Electric"]}, "Meloetta": {"name": "Meloetta", "species": "Meloetta", "speciesId": "meloetta", "gender": "N", "shiny": false, "level": 82, "moves": ["hypervoice", "calmmind", "focusblast", "psyshock"], "ability": "Serene Grace", "evs": {"hp": 85, "atk": 0, "def": 85, "spa": 85, "spd": 85, "spe": 85}, "ivs": {"hp": 31, "atk": 0, "def": 31, "spa": 31, "spd": 31, "spe": 31}, "item": "Leftovers", "teraType": "Psychic", "role": "Bulky Attacker", "bvs": {"hp": 100, "atk": 77, "def": 77, "spa": 128, "spd": 128, "spe": 90}, "stats": {"hp": 298, "atk": 131, "def": 173, "spa": 257, "spd": 257, "spe": 195}, "types": ["Normal", "Psychic"]}}]}