{"id": "gen9randombattle-2631505843", "format": "[Gen 9] Random Battle", "players": ["f91swdg", "mztmztmzt123"], "log": "|j|\u2606f91swdg\n|j|\u2606mztmztmzt123\n|t:|1781393769\n|gametype|singles\n|player|p1|f91swdg|biker-gen4|2203\n|player|p2|mztmztmzt123|266|2216\n|gen|9\n|tier|[Gen 9] Random Battle\n|rated|\n|rule|Species Clause: Limit one of each Pok\u00e9mon\n|rule|HP Percentage Mod: HP is shown in percentages\n|rule|Sleep Clause Mod: Limit one foe put to sleep\n|rule|Illusion Level Mod: Illusion disguises the Pok\u00e9mon's true level\n|\n|t:|1781393769\n|teamsize|p1|6\n|teamsize|p2|6\n|start\n|switch|p1a: Conkeldurr|Conkeldurr, L80, F|299/299\n|switch|p2a: Overqwil|Overqwil, L82, F|274/274\n|-ability|p2a: Overqwil|Intimidate|boost\n|-unboost|p1a: Conkeldurr|atk|1\n|turn|1\n|inactive|Battle timer is ON: inactive players will automatically lose when time's up. (requested by f91swdg)\n|\n|t:|1781393787\n|move|p2a: Overqwil|Gunk Shot|p1a: Conkeldurr\n|-damage|p1a: Conkeldurr|82/299\n|move|p1a: Conkeldurr|Knock Off|p2a: Overqwil\n|-resisted|p2a: Overqwil\n|-damage|p2a: Overqwil|245/274\n|-enditem|p2a: Overqwil|Choice Band|[from] move: Knock Off|[of] p1a: Conkeldurr\n|\n|-status|p1a: Conkeldurr|brn|[from] item: Flame Orb\n|upkeep\n|turn|2\n|\n|t:|1781393793\n|move|p2a: Overqwil|Liquidation|p1a: Conkeldurr\n|-damage|p1a: Conkeldurr|15/299 brn\n|move|p1a: Conkeldurr|Close Combat|p2a: Overqwil\n|-damage|p2a: Overqwil|85/274\n|-unboost|p1a: Conkeldurr|def|1\n|-unboost|p1a: Conkeldurr|spd|1\n|\n|-damage|p1a: Conkeldurr|0 fnt|[from] brn\n|faint|p1a: Conkeldurr\n|upkeep\n|j| Rabiesdfsdf\n|\n|t:|1781393802\n|switch|p1a: Ogerpon|Ogerpon-Hearthflame, L74, F|239/239\n|-ability|p1a: Ogerpon|Mold Breaker\n|turn|3\n|inactive|mztmztmzt123 has 120 seconds left.\n|\n|t:|1781393843\n|move|p1a: Ogerpon|Ivy Cudgel|p2a: Overqwil|[anim] Ivy Cudgel Fire\n|-damage|p2a: Overqwil|0 fnt\n|faint|p2a: Overqwil\n|\n|upkeep\n|\n|t:|1781393851\n|switch|p2a: Kilowattrel|Kilowattrel, L83, F|252/252\n|turn|4\n|\n|t:|1781393866\n|switch|p1a: Latias|Latias, L79, F|256/256\n|move|p2a: Kilowattrel|U-turn|p1a: Latias\n|-supereffective|p1a: Latias\n|-damage|p1a: Latias|172/256\n|inactive|mztmztmzt123 has 120 seconds left.\n|inactive|mztmztmzt123 has 90 seconds left.\n|\n|t:|1781393918\n|switch|p2a: Flutter Mane|Flutter Mane, L74|203/203|[from] U-turn\n|\n|upkeep\n|turn|5\n|\n|t:|1781393927\n|move|p2a: Flutter Mane|Shadow Ball|p1a: Latias\n|-supereffective|p1a: Latias\n|-damage|p1a: Latias|0 fnt\n|faint|p1a: Latias\n|-damage|p2a: Flutter Mane|183/203|[from] item: Life Orb\n|\n|upkeep\n|\n|t:|1781393935\n|switch|p1a: Ogerpon|Ogerpon-Hearthflame, L74, F|239/239\n|-ability|p1a: Ogerpon|Mold Breaker\n|turn|6\n|inactive|mztmztmzt123 has 90 seconds left.\n|\n|t:|1781393959\n|-end|p2a: Flutter Mane|Protosynthesis|[silent]\n|switch|p2a: Salazzle|Salazzle, L83, F|249/249\n|-terastallize|p1a: Ogerpon|Fire\n|detailschange|p1a: Ogerpon|Ogerpon-Hearthflame-Tera, L74, F, tera:Fire\n|-ability|p1a: Ogerpon|Embody Aspect (Hearthflame)|boost\n|-boost|p1a: Ogerpon|atk|1\n|move|p1a: Ogerpon|Ivy Cudgel|p2a: Salazzle|[anim] Ivy Cudgel Fire\n|-resisted|p2a: Salazzle\n|-damage|p2a: Salazzle|89/249\n|\n|-heal|p2a: Salazzle|104/249|[from] item: Leftovers\n|upkeep\n|turn|7\n|inactive|mztmztmzt123 has 90 seconds left.\n|\n|t:|1781393970\n|move|p2a: Salazzle|Protect|p2a: Salazzle\n|-singleturn|p2a: Salazzle|Protect\n|move|p1a: Ogerpon|Ivy Cudgel|p2a: Salazzle|[anim] Ivy Cudgel Fire\n|-activate|p2a: Salazzle|move: Protect\n|\n|-heal|p2a: Salazzle|119/249|[from] item: Leftovers\n|upkeep\n|turn|8\n|\n|t:|1781393973\n|move|p2a: Salazzle|Toxic|p1a: Ogerpon\n|-status|p1a: Ogerpon|tox\n|move|p1a: Ogerpon|Ivy Cudgel|p2a: Salazzle|[anim] Ivy Cudgel Fire\n|-resisted|p2a: Salazzle\n|-damage|p2a: Salazzle|0 fnt\n|faint|p2a: Salazzle\n|\n|-damage|p1a: Ogerpon|225/239 tox|[from] psn\n|upkeep\n|\n|t:|1781393977\n|switch|p2a: Dugtrio|Dugtrio, L84, M|196/196\n|turn|9\n|\n|t:|1781393982\n|move|p2a: Dugtrio|Earthquake|p1a: Ogerpon\n|-supereffective|p1a: Ogerpon\n|-damage|p1a: Ogerpon|0 fnt\n|faint|p1a: Ogerpon\n|detailschange|p1: Ogerpon|Ogerpon-Hearthflame, L74, F|[silent]\n|\n|upkeep\n|\n|t:|1781393985\n|switch|p1a: Chesnaught|Chesnaught, L84, M|285/285\n|turn|10\n|\n|t:|1781393993\n|switch|p2a: Spectrier|Spectrier, L75|274/274\n|move|p1a: Chesnaught|Iron Defense|p1a: Chesnaught\n|-boost|p1a: Chesnaught|def|2\n|\n|upkeep\n|turn|11\n|\n|t:|1781393996\n|move|p2a: Spectrier|Will-O-Wisp|p1a: Chesnaught|[miss]\n|-miss|p2a: Spectrier|p1a: Chesnaught\n|move|p1a: Chesnaught|Trailblaze|p2a: Spectrier\n|-damage|p2a: Spectrier|193/274\n|-boost|p1a: Chesnaught|spe|1\n|\n|upkeep\n|turn|12\n|\n|t:|1781394000\n|switch|p1a: Flutter Mane|Flutter Mane, L74|203/203\n|move|p2a: Spectrier|Will-O-Wisp|p1a: Flutter Mane\n|-status|p1a: Flutter Mane|brn\n|\n|-damage|p1a: Flutter Mane|191/203 brn|[from] brn\n|upkeep\n|turn|13\n|\n|t:|1781394007\n|switch|p2a: Kilowattrel|Kilowattrel, L83, F|252/252\n|move|p1a: Flutter Mane|Calm Mind|p1a: Flutter Mane\n|-boost|p1a: Flutter Mane|spa|1\n|-boost|p1a: Flutter Mane|spd|1\n|\n|-damage|p1a: Flutter Mane|179/203 brn|[from] brn\n|upkeep\n|turn|14\n|\n|t:|1781394013\n|move|p2a: Kilowattrel|Discharge|p1a: Flutter Mane\n|-damage|p1a: Flutter Mane|128/203 brn\n|move|p1a: Flutter Mane|Shadow Ball|p2a: Kilowattrel\n|-damage|p2a: Kilowattrel|26/252\n|-damage|p1a: Flutter Mane|108/203 brn|[from] item: Life Orb\n|\n|-damage|p1a: Flutter Mane|96/203 brn|[from] brn\n|upkeep\n|turn|15\n|\n|t:|1781394020\n|move|p2a: Kilowattrel|Discharge|p1a: Flutter Mane\n|-damage|p1a: Flutter Mane|48/203 brn\n|move|p1a: Flutter Mane|Moonblast|p2a: Kilowattrel\n|-damage|p2a: Kilowattrel|0 fnt\n|faint|p2a: Kilowattrel\n|-damage|p1a: Flutter Mane|28/203 brn|[from] item: Life Orb\n|\n|-damage|p1a: Flutter Mane|16/203 brn|[from] brn\n|upkeep\n|\n|t:|1781394023\n|switch|p2a: Dugtrio|Dugtrio, L84, M|196/196\n|turn|16\n|\n|t:|1781394027\n|move|p2a: Dugtrio|Earthquake|p1a: Flutter Mane\n|-damage|p1a: Flutter Mane|0 fnt\n|faint|p1a: Flutter Mane\n|-end|p1a: Flutter Mane|Protosynthesis|[silent]\n|\n|upkeep\n|\n|t:|1781394040\n|switch|p1a: Chesnaught|Chesnaught, L84, M|285/285\n|turn|17\n|\n|t:|1781394042\n|switch|p2a: Spectrier|Spectrier, L75|193/274\n|move|p1a: Chesnaught|Trailblaze|p2a: Spectrier\n|-damage|p2a: Spectrier|106/274\n|-boost|p1a: Chesnaught|spe|1\n|\n|upkeep\n|turn|18\n|\n|t:|1781394047\n|move|p2a: Spectrier|Will-O-Wisp|p1a: Chesnaught\n|-status|p1a: Chesnaught|brn\n|move|p1a: Chesnaught|Trailblaze|p2a: Spectrier\n|-damage|p2a: Spectrier|65/274\n|-boost|p1a: Chesnaught|spe|1\n|\n|-damage|p1a: Chesnaught|268/285 brn|[from] brn\n|upkeep\n|turn|19\n|-message|f91swdg forfeited.\n|\n|win|mztmztmzt123\n", "inputlog": ">version a8376a258c1d4662feba110a92103f3664a72141\n>start {\"formatid\":\"gen9randombattle\",\"seed\":\"sodium,f9a38df0660c00fc203b6a88e9f44d1e\",\"rated\":\"Rated battle\"}\n>player p1 {\"name\":\"f91swdg\",\"avatar\":\"biker-gen4\",\"rating\":2203,\"seed\":\"sodium,e81e7913e2238dc125d786cbae82dc40\"}\n>player p2 {\"name\":\"mztmztmzt123\",\"avatar\":\"266\",\"rating\":2216,\"seed\":\"sodium,29f2b3aed0054d8bcac952445b181e90\"}\n>p1 move knockoff\n>p2 move gunkshot\n>p1 move closecombat\n>p2 move liquidation\n>p1 switch 4\n>p1 move ivycudgel\n>p2 move gunkshot\n>p2 switch 3\n>p1 switch 6\n>p2 move uturn\n>p2 switch 4\n>p1 move psyshock\n>p2 move shadowball\n>p1 switch 6\n>p1 move ivycudgel terastallize\n>p2 switch 6\n>p1 move ivycudgel\n>p2 move protect\n>p1 move ivycudgel\n>p2 move toxic\n>p2 switch 5\n>p1 move hornleech\n>p2 move earthquake\n>p1 switch 5\n>p1 move irondefense\n>p2 switch 2\n>p1 move trailblaze\n>p2 move willowisp\n>p1 switch 3\n>p2 move willowisp\n>p1 move calmmind\n>p2 switch 4\n>p1 move shadowball\n>p2 move discharge\n>p1 move moonblast\n>p2 move discharge\n>p2 switch 2\n>p1 move moonblast\n>p2 move earthquake\n>p1 switch 3\n>p1 move trailblaze\n>p2 switch 4\n>p1 move trailblaze\n>p2 move willowisp\n>forcelose p1", "uploadtime": 1781393772, "views": 5, "formatid": "gen9randombattle", "rating": null, "private": 0, "password": null, "player_dets": [{"name": "f91swdg", "avatar": "biker-gen4", "rating": 2203, "seed": "sodium,e81e7913e2238dc125d786cbae82dc40"}, {"name": "mztmztmzt123", "avatar": "266", "rating": 2216, "seed": "sodium,29f2b3aed0054d8bcac952445b181e90"}], "teams_full": [{"Conkeldurr": {"name": "Conkeldurr", "species": "Conkeldurr", "speciesId": "conkeldurr", "gender": "F", "shiny": false, "level": 80, "moves": ["knockoff", "machpunch", "closecombat", "facade"], "ability": "Guts", "evs": {"hp": 85, "atk": 85, "def": 85, "spa": 85, "spd": 85, "spe": 85}, "ivs": {"hp": 31, "atk": 31, "def": 31, "spa": 31, "spd": 31, "spe": 31}, "item": "Flame Orb", "teraType": "Normal", "role": "Wallbreaker", "bvs": {"hp": 105, "atk": 140, "def": 95, "spa": 55, "spd": 65, "spe": 45}, "stats": {"hp": 299, "atk": 270, "def": 198, "spa": 134, "spd": 150, "spe": 118}}, "Toxapex": {"name": "Toxapex", "species": "Toxapex", "speciesId": "toxapex", "gender": "F", "shiny": false, "level": 82, "moves": ["recover", "toxicspikes", "haze", "liquidation"], "ability": "Regenerator", "evs": {"hp": 85, "atk": 85, "def": 85, "spa": 85, "spd": 85, "spe": 85}, "ivs": {"hp": 31, "atk": 31, "def": 31, "spa": 31, "spd": 31, "spe": 31}, "item": "Rocky Helmet", "teraType": "Grass", "role": "Bulky Support", "bvs": {"hp": 50, "atk": 63, "def": 152, "spa": 53, "spd": 142, "spe": 35}, "stats": {"hp": 216, "atk": 150, "def": 296, "spa": 134, "spd": 280, "spe": 105}}, "Flutter Mane": {"name": "Flutter Mane", "species": "Flutter Mane", "speciesId": "fluttermane", "gender": "N", "shiny": false, "level": 74, "moves": ["psyshock", "shadowball", "moonblast", "calmmind"], "ability": "Protosynthesis", "evs": {"hp": 85, "atk": 0, "def": 85, "spa": 85, "spd": 85, "spe": 85}, "ivs": {"hp": 31, "atk": 0, "def": 31, "spa": 31, "spd": 31, "spe": 31}, "item": "Life Orb", "teraType": "Ghost", "role": "Setup Sweeper", "bvs": {"hp": 55, "atk": 55, "def": 55, "spa": 135, "spd": 135, "spe": 135}, "stats": {"hp": 203, "atk": 86, "def": 124, "spa": 243, "spd": 243, "spe": 243}}, "Ogerpon": {"name": "Ogerpon", "species": "Ogerpon-Hearthflame", "speciesId": "ogerponhearthflame", "gender": "F", "shiny": false, "level": 74, "moves": ["hornleech", "knockoff", "swordsdance", "ivycudgel"], "ability": "Mold Breaker", "evs": {"hp": 77, "atk": 85, "def": 85, "spa": 85, "spd": 85, "spe": 85}, "ivs": {"hp": 31, "atk": 31, "def": 31, "spa": 31, "spd": 31, "spe": 31}, "item": "Hearthflame Mask", "teraType": "Fire", "role": "Setup Sweeper", "bvs": {"hp": 80, "atk": 120, "def": 84, "spa": 60, "spd": 96, "spe": 110}, "stats": {"hp": 239, "atk": 221, "def": 167, "spa": 132, "spd": 185, "spe": 206}}, "Chesnaught": {"name": "Chesnaught", "species": "Chesnaught", "speciesId": "chesnaught", "gender": "M", "shiny": false, "level": 84, "moves": ["synthesis", "trailblaze", "bodypress", "irondefense"], "ability": "Bulletproof", "evs": {"hp": 85, "atk": 85, "def": 85, "spa": 85, "spd": 85, "spe": 85}, "ivs": {"hp": 31, "atk": 31, "def": 31, "spa": 31, "spd": 31, "spe": 31}, "item": "Leftovers", "teraType": "Steel", "role": "Fast Bulky Setup", "bvs": {"hp": 88, "atk": 107, "def": 122, "spa": 74, "spd": 75, "spe": 64}, "stats": {"hp": 285, "atk": 228, "def": 253, "spa": 173, "spd": 174, "spe": 156}}, "Latias": {"name": "Latias", "species": "Latias", "speciesId": "latias", "gender": "F", "shiny": false, "level": 79, "moves": ["calmmind", "recover", "dracometeor", "psyshock"], "ability": "Levitate", "evs": {"hp": 85, "atk": 0, "def": 85, "spa": 85, "spd": 85, "spe": 85}, "ivs": {"hp": 31, "atk": 0, "def": 31, "spa": 31, "spd": 31, "spe": 31}, "item": "Soul Dew", "teraType": "Steel", "role": "Fast Bulky Setup", "bvs": {"hp": 80, "atk": 80, "def": 90, "spa": 110, "spd": 130, "spe": 110}, "stats": {"hp": 256, "atk": 131, "def": 188, "spa": 219, "spd": 251, "spe": 219}}}, {"Overqwil": {"name": "Overqwil", "species": "Overqwil", "speciesId": "overqwil", "gender": "F", "shiny": false, "level": 82, "moves": ["crunch", "aquajet", "liquidation", "gunkshot"], "ability": "Intimidate", "evs": {"hp": 85, "atk": 85, "def": 85, "spa": 85, "spd": 85, "spe": 85}, "ivs": {"hp": 31, "atk": 31, "def": 31, "spa": 31, "spd": 31, "spe": 31}, "item": "Choice Band", "teraType": "Water", "role": "Fast Attacker", "bvs": {"hp": 85, "atk": 115, "def": 95, "spa": 65, "spd": 65, "spe": 85}, "stats": {"hp": 274, "atk": 236, "def": 203, "spa": 154, "spd": 154, "spe": 187}}, "Spectrier": {"name": "Spectrier", "species": "Spectrier", "speciesId": "spectrier", "gender": "N", "shiny": false, "level": 75, "moves": ["nastyplot", "terablast", "shadowball", "willowisp"], "ability": "Grim Neigh", "evs": {"hp": 85, "atk": 0, "def": 85, "spa": 85, "spd": 85, "spe": 85}, "ivs": {"hp": 31, "atk": 0, "def": 31, "spa": 31, "spd": 31, "spe": 31}, "item": "Life Orb", "teraType": "Fighting", "role": "Tera Blast user", "bvs": {"hp": 100, "atk": 65, "def": 60, "spa": 145, "spd": 80, "spe": 130}, "stats": {"hp": 274, "atk": 102, "def": 134, "spa": 261, "spd": 164, "spe": 239}}, "Kilowattrel": {"name": "Kilowattrel", "species": "Kilowattrel", "speciesId": "kilowattrel", "gender": "F", "shiny": false, "level": 83, "moves": ["roost", "hurricane", "discharge", "uturn"], "ability": "Volt Absorb", "evs": {"hp": 85, "atk": 85, "def": 85, "spa": 85, "spd": 85, "spe": 85}, "ivs": {"hp": 31, "atk": 31, "def": 31, "spa": 31, "spd": 31, "spe": 31}, "item": "Heavy-Duty Boots", "teraType": "Water", "role": "Bulky Attacker", "bvs": {"hp": 70, "atk": 70, "def": 60, "spa": 105, "spd": 60, "spe": 125}, "stats": {"hp": 252, "atk": 164, "def": 147, "spa": 222, "spd": 147, "spe": 255}}, "Flutter Mane": {"name": "Flutter Mane", "species": "Flutter Mane", "speciesId": "fluttermane", "gender": "N", "shiny": false, "level": 74, "moves": ["calmmind", "thunderbolt", "moonblast", "shadowball"], "ability": "Protosynthesis", "evs": {"hp": 85, "atk": 0, "def": 85, "spa": 85, "spd": 85, "spe": 85}, "ivs": {"hp": 31, "atk": 0, "def": 31, "spa": 31, "spd": 31, "spe": 31}, "item": "Life Orb", "teraType": "Fairy", "role": "Setup Sweeper", "bvs": {"hp": 55, "atk": 55, "def": 55, "spa": 135, "spd": 135, "spe": 135}, "stats": {"hp": 203, "atk": 86, "def": 124, "spa": 243, "spd": 243, "spe": 243}}, "Dugtrio": {"name": "Dugtrio", "species": "Dugtrio", "speciesId": "dugtrio", "gender": "M", "shiny": false, "level": 84, "moves": ["throatchop", "earthquake", "stoneedge", "suckerpunch"], "ability": "Arena Trap", "evs": {"hp": 85, "atk": 85, "def": 85, "spa": 85, "spd": 85, "spe": 85}, "ivs": {"hp": 31, "atk": 31, "def": 31, "spa": 31, "spd": 31, "spe": 31}, "item": "Choice Band", "teraType": "Dark", "role": "Wallbreaker", "bvs": {"hp": 35, "atk": 100, "def": 50, "spa": 50, "spd": 70, "spe": 120}, "stats": {"hp": 196, "atk": 216, "def": 132, "spa": 132, "spd": 166, "spe": 250}}, "Salazzle": {"name": "Salazzle", "species": "Salazzle", "speciesId": "salazzle", "gender": "F", "shiny": false, "level": 83, "moves": ["protect", "toxic", "flamethrower", "substitute"], "ability": "Corrosion", "evs": {"hp": 85, "atk": 0, "def": 85, "spa": 85, "spd": 85, "spe": 85}, "ivs": {"hp": 31, "atk": 0, "def": 31, "spa": 31, "spd": 31, "spe": 31}, "item": "Leftovers", "teraType": "Grass", "role": "Fast Support", "bvs": {"hp": 68, "atk": 64, "def": 60, "spa": 111, "spd": 60, "spe": 117}, "stats": {"hp": 249, "atk": 111, "def": 147, "spa": 232, "spd": 147, "spe": 242}}}]}