{"id": "gen9randombattle-2631955404", "format": "[Gen 9] Random Battle", "players": ["Jaozinzin", "amadeus venieri"], "log": "|j|\u2606Jaozinzin\n|j|\u2606amadeus venieri\n|t:|1781459617\n|gametype|singles\n|player|p1|Jaozinzin|miku-fire|1669\n|player|p2|amadeus venieri|acetrainersnow|1688\n|gen|9\n|tier|[Gen 9] Random Battle\n|rated|\n|rule|Species Clause: Limit one of each Pok\u00e9mon\n|rule|HP Percentage Mod: HP is shown in percentages\n|rule|Sleep Clause Mod: Limit one foe put to sleep\n|rule|Illusion Level Mod: Illusion disguises the Pok\u00e9mon's true level\n|\n|t:|1781459617\n|teamsize|p1|6\n|teamsize|p2|6\n|start\n|switch|p1a: Smeargle|Smeargle, L95, F|258/258\n|switch|p2a: Regigigas|Regigigas, L84|322/322\n|-start|p2a: Regigigas|ability: Slow Start\n|turn|1\n|inactive|Battle timer is ON: inactive players will automatically lose when time's up. (requested by Jaozinzin)\n|\n|t:|1781459627\n|move|p1a: Smeargle|Spore|p2a: Regigigas\n|-status|p2a: Regigigas|slp|[from] move: Spore\n|cant|p2a: Regigigas|slp\n|\n|upkeep\n|turn|2\n|\n|t:|1781459633\n|switch|p2a: Gurdurr|Gurdurr, L85, F|283/283\n|move|p1a: Smeargle|Shell Smash|p1a: Smeargle\n|-unboost|p1a: Smeargle|def|1\n|-unboost|p1a: Smeargle|spd|1\n|-boost|p1a: Smeargle|atk|2\n|-boost|p1a: Smeargle|spa|2\n|-boost|p1a: Smeargle|spe|2\n|\n|upkeep\n|turn|3\n|\n|t:|1781459639\n|-terastallize|p1a: Smeargle|Ghost\n|move|p1a: Smeargle|Population Bomb|p2a: Gurdurr\n|-damage|p2a: Gurdurr|262/283\n|-damage|p2a: Gurdurr|240/283\n|-damage|p2a: Gurdurr|218/283\n|-damage|p2a: Gurdurr|197/283\n|-damage|p2a: Gurdurr|176/283\n|-damage|p2a: Gurdurr|154/283\n|-damage|p2a: Gurdurr|130/283\n|-damage|p2a: Gurdurr|108/283\n|-damage|p2a: Gurdurr|87/283\n|-damage|p2a: Gurdurr|63/283\n|-hitcount|p2a: Gurdurr|10\n|move|p2a: Gurdurr|Knock Off|p1a: Smeargle\n|-supereffective|p1a: Smeargle\n|-damage|p1a: Smeargle|0 fnt\n|-enditem|p1a: Smeargle|Wide Lens|[from] move: Knock Off|[of] p2a: Gurdurr\n|faint|p1a: Smeargle\n|\n|upkeep\n|inactive|Jaozinzin has 120 seconds left.\n|c|\u2606Jaozinzin|did you read my tera wtf\n|c|\u2606amadeus venieri|yessir\n|\n|t:|1781459686\n|switch|p1a: Flutter Mane|Flutter Mane, L74|203/203\n|turn|4\n|\n|t:|1781459697\n|move|p1a: Flutter Mane|Moonblast|p2a: Gurdurr\n|-supereffective|p2a: Gurdurr\n|-damage|p2a: Gurdurr|0 fnt\n|faint|p2a: Gurdurr\n|\n|upkeep\n|c|\u2606Jaozinzin|here I thought I could smeargle sweep again\n|\n|t:|1781459711\n|switch|p2a: Swanna|Swanna, L89, F|278/278\n|turn|5\n|inactive|Jaozinzin has 120 seconds left.\n|\n|t:|1781459721\n|-end|p1a: Flutter Mane|Protosynthesis|[silent]\n|switch|p1a: Raikou|Raikou, L81|278/278\n|-ability|p1a: Raikou|Pressure\n|move|p2a: Swanna|Brave Bird|p1a: Raikou\n|-resisted|p1a: Raikou\n|-damage|p1a: Raikou|206/278\n|-damage|p2a: Swanna|254/278|[from] Recoil\n|\n|-heal|p1a: Raikou|223/278|[from] item: Leftovers\n|upkeep\n|turn|6\n|c|\u2606amadeus venieri|i got swept enough times to see one coming hehe\n|inactive|amadeus venieri has 120 seconds left.\n|\n|t:|1781459754\n|switch|p2a: Regigigas|Regigigas, L84|322/322 slp\n|-start|p2a: Regigigas|ability: Slow Start\n|move|p1a: Raikou|Substitute|p1a: Raikou\n|-start|p1a: Raikou|Substitute\n|-damage|p1a: Raikou|154/278\n|\n|-heal|p1a: Raikou|171/278|[from] item: Leftovers\n|upkeep\n|turn|7\n|\n|t:|1781459760\n|move|p1a: Raikou|Calm Mind|p1a: Raikou\n|-boost|p1a: Raikou|spa|1\n|-boost|p1a: Raikou|spd|1\n|cant|p2a: Regigigas|slp\n|\n|-heal|p1a: Raikou|188/278|[from] item: Leftovers\n|upkeep\n|turn|8\n|\n|t:|1781459766\n|move|p1a: Raikou|Calm Mind|p1a: Raikou\n|-boost|p1a: Raikou|spa|1\n|-boost|p1a: Raikou|spd|1\n|cant|p2a: Regigigas|slp\n|\n|-heal|p1a: Raikou|205/278|[from] item: Leftovers\n|upkeep\n|turn|9\n|\n|t:|1781459775\n|move|p1a: Raikou|Thunderbolt|p2a: Regigigas\n|-damage|p2a: Regigigas|142/322 slp\n|-curestatus|p2a: Regigigas|slp|[msg]\n|move|p2a: Regigigas|Body Slam|p1a: Raikou\n|-end|p1a: Raikou|Substitute\n|\n|-heal|p1a: Raikou|222/278|[from] item: Leftovers\n|-heal|p2a: Regigigas|162/322|[from] item: Leftovers\n|upkeep\n|turn|10\n|c|\u2606amadeus venieri|R.I.P. poor me\n|\n|t:|1781459783\n|move|p1a: Raikou|Thunderbolt|p2a: Regigigas\n|-damage|p2a: Regigigas|0 fnt\n|faint|p2a: Regigigas\n|-end|p2a: Regigigas|Slow Start|[silent]\n|\n|-heal|p1a: Raikou|239/278|[from] item: Leftovers\n|upkeep\n|\n|t:|1781459803\n|switch|p2a: Emboar|Emboar, L84, M|322/322\n|turn|11\n|\n|t:|1781459807\n|move|p2a: Emboar|Flare Blitz|p1a: Raikou\n|-damage|p1a: Raikou|35/278\n|-damage|p2a: Emboar|255/322|[from] Recoil\n|move|p1a: Raikou|Substitute|p1a: Raikou\n|-fail|p1a: Raikou|move: Substitute|[weak]\n|\n|-heal|p1a: Raikou|52/278|[from] item: Leftovers\n|upkeep\n|turn|12\n|c|\u2606Jaozinzin|oh I forgot he's scarf welp I fucked up\n|\n|t:|1781459829\n|move|p2a: Emboar|Flare Blitz|p1a: Raikou\n|-damage|p1a: Raikou|0 fnt\n|faint|p1a: Raikou\n|-damage|p2a: Emboar|238/322|[from] Recoil\n|\n|upkeep\n|\n|t:|1781459836\n|switch|p1a: Porygon2|Porygon2, L81|270/270\n|-ability|p1a: Porygon2|Download|boost\n|-boost|p1a: Porygon2|spa|1\n|turn|13\n|c|\u2606amadeus venieri|It's got a few sets i think\n|\n|t:|1781459848\n|switch|p2a: Greedent|Greedent, L86, F|347/347\n|move|p1a: Porygon2|Tri Attack|p2a: Greedent\n|-damage|p2a: Greedent|203/347\n|-status|p2a: Greedent|brn\n|\n|-damage|p2a: Greedent|182/347 brn|[from] brn\n|upkeep\n|turn|14\n|\n|t:|1781459855\n|move|p1a: Porygon2|Tri Attack|p2a: Greedent\n|-damage|p2a: Greedent|31/347 brn\n|-enditem|p2a: Greedent|Sitrus Berry|[eat]\n|-heal|p2a: Greedent|117/347 brn|[from] item: Sitrus Berry\n|-heal|p2a: Greedent|232/347 brn|[from] ability: Cheek Pouch\n|move|p2a: Greedent|Knock Off|p1a: Porygon2\n|-damage|p1a: Porygon2|246/270\n|-enditem|p1a: Porygon2|Eviolite|[from] move: Knock Off|[of] p2a: Greedent\n|\n|-damage|p2a: Greedent|211/347 brn|[from] brn\n|upkeep\n|turn|15\n|c|\u2606Jaozinzin|fat fucking burn\n|n|\u203dJaozinzin|jaozinzin\n|c|~|/log Jaozinzin was locked from talking by Artemis. (\u2606Jaozinzin: fat fucking burn)\n|c|~|/raw <small>This action was done automatically. Want to learn more about the AI? <a href=\"https://www.smogon.com/forums/threads/3570628/#post-9056769\">Visit the information thread</a>.</small>\n|\n|t:|1781459867\n|move|p1a: Porygon2|Tri Attack|p2a: Greedent\n|-damage|p2a: Greedent|76/347 brn\n|move|p2a: Greedent|Double-Edge|p1a: Porygon2\n|-damage|p1a: Porygon2|185/270\n|-damage|p2a: Greedent|56/347 brn|[from] Recoil\n|\n|-damage|p2a: Greedent|35/347 brn|[from] brn\n|upkeep\n|turn|16\n|\n|t:|1781459883\n|move|p1a: Porygon2|Recover|p1a: Porygon2\n|-heal|p1a: Porygon2|270/270\n|move|p2a: Greedent|Double-Edge|p1a: Porygon2\n|-damage|p1a: Porygon2|209/270\n|-damage|p2a: Greedent|15/347 brn|[from] Recoil\n|\n|-damage|p2a: Greedent|0 fnt|[from] brn\n|faint|p2a: Greedent\n|upkeep\n|\n|t:|1781459887\n|switch|p2a: Emboar|Emboar, L84, M|238/322\n|turn|17\n|\n|t:|1781459899\n|switch|p1a: Flutter Mane|Flutter Mane, L74|203/203\n|move|p2a: Emboar|Flare Blitz|p1a: Flutter Mane\n|-damage|p1a: Flutter Mane|0 fnt\n|faint|p1a: Flutter Mane\n|-end|p1a: Flutter Mane|Protosynthesis|[silent]\n|-damage|p2a: Emboar|171/322|[from] Recoil\n|\n|upkeep\n|\n|t:|1781459905\n|switch|p1a: Porygon2|Porygon2, L81|209/270\n|-ability|p1a: Porygon2|Download|boost\n|-boost|p1a: Porygon2|spa|1\n|turn|18\n|\n|t:|1781459927\n|switch|p2a: Swanna|Swanna, L89, F|254/278\n|move|p1a: Porygon2|Tri Attack|p2a: Swanna\n|-damage|p2a: Swanna|103/278\n|\n|upkeep\n|turn|19\n|\n|t:|1781459934\n|move|p2a: Swanna|Brave Bird|p1a: Porygon2\n|-damage|p1a: Porygon2|83/270\n|-damage|p2a: Swanna|61/278|[from] Recoil\n|move|p1a: Porygon2|Tri Attack|p2a: Swanna\n|-damage|p2a: Swanna|0 fnt\n|faint|p2a: Swanna\n|\n|upkeep\n|\n|t:|1781459937\n|switch|p2a: Emboar|Emboar, L84, M|171/322\n|turn|20\n|\n|t:|1781459944\n|move|p2a: Emboar|Flare Blitz|p1a: Porygon2\n|-damage|p1a: Porygon2|0 fnt\n|faint|p1a: Porygon2\n|-damage|p2a: Emboar|144/322|[from] Recoil\n|\n|upkeep\n|\n|t:|1781459949\n|switch|p1a: Iron Hands|Iron Hands, L79|373/373\n|turn|21\n|\n|t:|1781459956\n|move|p2a: Emboar|Flare Blitz|p1a: Iron Hands\n|-damage|p1a: Iron Hands|202/373\n|-damage|p2a: Emboar|88/322|[from] Recoil\n|move|p1a: Iron Hands|Drain Punch|p2a: Emboar\n|-damage|p2a: Emboar|0 fnt\n|-heal|p1a: Iron Hands|246/373|[from] drain|[of] p2a: Emboar\n|faint|p2a: Emboar\n|\n|-heal|p1a: Iron Hands|269/373|[from] item: Leftovers\n|upkeep\n|\n|t:|1781459959\n|switch|p2a: Flutter Mane|Flutter Mane, L74|203/203\n|turn|22\n|\n|t:|1781459966\n|move|p2a: Flutter Mane|Calm Mind|p2a: Flutter Mane\n|-boost|p2a: Flutter Mane|spa|1\n|-boost|p2a: Flutter Mane|spd|1\n|move|p1a: Iron Hands|Wild Charge|p2a: Flutter Mane\n|-damage|p2a: Flutter Mane|22/203\n|-damage|p1a: Iron Hands|224/373|[from] Recoil\n|\n|-heal|p1a: Iron Hands|247/373|[from] item: Leftovers\n|upkeep\n|turn|23\n|\n|t:|1781459973\n|move|p2a: Flutter Mane|Moonblast|p1a: Iron Hands\n|-supereffective|p1a: Iron Hands\n|-damage|p1a: Iron Hands|0 fnt\n|faint|p1a: Iron Hands\n|-end|p1a: Iron Hands|Quark Drive|[silent]\n|-damage|p2a: Flutter Mane|2/203|[from] item: Life Orb\n|\n|upkeep\n|\n|t:|1781459976\n|switch|p1a: Bombirdier|Bombirdier, L85, F|258/258\n|turn|24\n|\n|t:|1781459978\n|move|p2a: Flutter Mane|Moonblast|p1a: Bombirdier\n|-supereffective|p1a: Bombirdier\n|-damage|p1a: Bombirdier|0 fnt\n|faint|p1a: Bombirdier\n|-damage|p2a: Flutter Mane|0 fnt|[from] item: Life Orb\n|faint|p2a: Flutter Mane\n|-end|p2a: Flutter Mane|Protosynthesis|[silent]\n|\n|win|amadeus venieri\n", "inputlog": ">version a8376a258c1d4662feba110a92103f3664a72141\n>start {\"formatid\":\"gen9randombattle\",\"seed\":\"sodium,e906969f0907ea1468e3be1248d4e572\",\"rated\":\"Rated battle\"}\n>player p1 {\"name\":\"Jaozinzin\",\"avatar\":\"miku-fire\",\"rating\":1669,\"seed\":\"sodium,45b802c08c8abcd6929ca1c74749ba88\"}\n>player p2 {\"name\":\"amadeus venieri\",\"avatar\":\"acetrainersnow\",\"rating\":1688,\"seed\":\"sodium,b81e51eb871b10d3c22d75fdca1e2ed3\"}\n>p1 move spore\n>p2 move bodyslam\n>p1 move shellsmash\n>p2 switch 4\n>p1 move populationbomb terastallize\n>p2 move knockoff\n>chat \u2606Jaozinzin|did you read my tera wtf\n>chat \u2606amadeus venieri|yessir\n>p1 switch 3\n>p1 move moonblast\n>p2 move knockoff\n>chat \u2606Jaozinzin|here I thought I could smeargle sweep again\n>p2 switch 3\n>p1 switch 2\n>p2 move bravebird\n>chat \u2606amadeus venieri|i got swept enough times to see one coming hehe\n>p1 move substitute\n>p2 switch 4\n>p1 move calmmind\n>p2 move bodyslam\n>p1 move calmmind\n>p2 move bodyslam\n>p1 move thunderbolt\n>p2 move bodyslam\n>chat \u2606amadeus venieri|R.I.P. poor me\n>p1 move thunderbolt\n>p2 move bodyslam\n>p2 switch 6\n>p1 move substitute\n>p2 move flareblitz\n>chat \u2606Jaozinzin|oh I forgot he's scarf welp I fucked up\n>p1 move scald\n>p2 move flareblitz\n>p1 switch 6\n>chat \u2606amadeus venieri|It's got a few sets i think\n>p1 move triattack\n>p2 switch 5\n>p1 move triattack\n>p2 move knockoff\n>chat \u2606Jaozinzin|fat fucking burn\n>p1 move triattack\n>p2 move doubleedge\n>p1 move recover\n>p2 move doubleedge\n>p2 switch 5\n>p1 switch 2\n>p2 move flareblitz\n>p1 switch 2\n>p1 move triattack\n>p2 switch 4\n>p1 move triattack\n>p2 move bravebird\n>p2 switch 4\n>p1 move recover\n>p2 move flareblitz\n>p1 switch 5\n>p1 move drainpunch\n>p2 move flareblitz\n>p2 switch 2\n>p1 move wildcharge\n>p2 move calmmind\n>p1 move wildcharge\n>p2 move moonblast\n>p1 switch 4\n>p1 move knockoff\n>p2 move moonblast", "uploadtime": 1781459862, "views": 6, "formatid": "gen9randombattle", "rating": null, "private": 0, "password": null, "player_dets": [{"name": "Jaozinzin", "avatar": "miku-fire", "rating": 1669, "seed": "sodium,45b802c08c8abcd6929ca1c74749ba88"}, {"name": "amadeus venieri", "avatar": "acetrainersnow", "rating": 1688, "seed": "sodium,b81e51eb871b10d3c22d75fdca1e2ed3"}], "teams_full": [{"Smeargle": {"name": "Smeargle", "species": "Smeargle", "speciesId": "smeargle", "gender": "F", "shiny": false, "level": 95, "moves": ["spore", "shellsmash", "populationbomb", "powertrip"], "ability": "Technician", "evs": {"hp": 85, "atk": 85, "def": 85, "spa": 85, "spd": 85, "spe": 85}, "ivs": {"hp": 31, "atk": 31, "def": 31, "spa": 31, "spd": 31, "spe": 31}, "item": "Wide Lens", "teraType": "Ghost", "role": "Setup Sweeper", "bvs": {"hp": 55, "atk": 20, "def": 35, "spa": 20, "spd": 45, "spe": 75}, "stats": {"hp": 258, "atk": 92, "def": 120, "spa": 92, "spd": 139, "spe": 196}, "types": ["Normal"]}, "Raikou": {"name": "Raikou", "species": "Raikou", "speciesId": "raikou", "gender": "N", "shiny": false, "level": 81, "moves": ["thunderbolt", "scald", "substitute", "calmmind"], "ability": "Pressure", "evs": {"hp": 85, "atk": 0, "def": 85, "spa": 85, "spd": 85, "spe": 85}, "ivs": {"hp": 31, "atk": 0, "def": 31, "spa": 31, "spd": 31, "spe": 31}, "item": "Leftovers", "teraType": "Grass", "role": "Bulky Setup", "bvs": {"hp": 90, "atk": 85, "def": 75, "spa": 115, "spd": 100, "spe": 115}, "stats": {"hp": 278, "atk": 142, "def": 168, "spa": 233, "spd": 209, "spe": 233}, "types": ["Electric"]}, "Flutter Mane": {"name": "Flutter Mane", "species": "Flutter Mane", "speciesId": "fluttermane", "gender": "N", "shiny": false, "level": 74, "moves": ["mysticalfire", "moonblast", "thunderbolt", "shadowball"], "ability": "Protosynthesis", "evs": {"hp": 85, "atk": 0, "def": 85, "spa": 85, "spd": 85, "spe": 85}, "ivs": {"hp": 31, "atk": 0, "def": 31, "spa": 31, "spd": 31, "spe": 31}, "item": "Choice Specs", "teraType": "Fairy", "role": "Wallbreaker", "bvs": {"hp": 55, "atk": 55, "def": 55, "spa": 135, "spd": 135, "spe": 135}, "stats": {"hp": 203, "atk": 86, "def": 124, "spa": 243, "spd": 243, "spe": 243}, "types": ["Ghost", "Fairy"]}, "Bombirdier": {"name": "Bombirdier", "species": "Bombirdier", "speciesId": "bombirdier", "gender": "F", "shiny": false, "level": 85, "moves": ["bravebird", "knockoff", "roost", "stealthrock"], "ability": "Big Pecks", "evs": {"hp": 85, "atk": 85, "def": 85, "spa": 85, "spd": 85, "spe": 85}, "ivs": {"hp": 31, "atk": 31, "def": 31, "spa": 31, "spd": 31, "spe": 31}, "item": "Heavy-Duty Boots", "teraType": "Dark", "role": "Bulky Support", "bvs": {"hp": 70, "atk": 103, "def": 85, "spa": 60, "spd": 85, "spe": 82}, "stats": {"hp": 258, "atk": 224, "def": 193, "spa": 151, "spd": 193, "spe": 188}, "types": ["Flying", "Dark"]}, "Iron Hands": {"name": "Iron Hands", "species": "Iron Hands", "speciesId": "ironhands", "gender": "N", "shiny": false, "level": 79, "moves": ["swordsdance", "icepunch", "wildcharge", "drainpunch"], "ability": "Quark Drive", "evs": {"hp": 85, "atk": 85, "def": 85, "spa": 85, "spd": 85, "spe": 85}, "ivs": {"hp": 31, "atk": 31, "def": 31, "spa": 31, "spd": 31, "spe": 31}, "item": "Leftovers", "teraType": "Steel", "role": "Bulky Attacker", "bvs": {"hp": 154, "atk": 140, "def": 108, "spa": 50, "spd": 68, "spe": 50}, "stats": {"hp": 373, "atk": 267, "def": 216, "spa": 125, "spd": 153, "spe": 125}, "types": ["Fighting", "Electric"]}, "Porygon2": {"name": "Porygon2", "species": "Porygon2", "speciesId": "porygon2", "gender": "N", "shiny": false, "level": 81, "moves": ["icebeam", "recover", "discharge", "triattack"], "ability": "Download", "evs": {"hp": 85, "atk": 0, "def": 85, "spa": 85, "spd": 85, "spe": 85}, "ivs": {"hp": 31, "atk": 0, "def": 31, "spa": 31, "spd": 31, "spe": 31}, "item": "Eviolite", "teraType": "Electric", "role": "Bulky Support", "bvs": {"hp": 85, "atk": 80, "def": 90, "spa": 105, "spd": 95, "spe": 60}, "stats": {"hp": 270, "atk": 134, "def": 192, "spa": 217, "spd": 201, "spe": 144}, "types": ["Normal"]}}, {"Regigigas": {"name": "Regigigas", "species": "Regigigas", "speciesId": "regigigas", "gender": "N", "shiny": false, "level": 84, "moves": ["protect", "knockoff", "substitute", "bodyslam"], "ability": "Slow Start", "evs": {"hp": 85, "atk": 85, "def": 85, "spa": 85, "spd": 85, "spe": 85}, "ivs": {"hp": 31, "atk": 31, "def": 31, "spa": 31, "spd": 31, "spe": 31}, "item": "Leftovers", "teraType": "Poison", "role": "Bulky Attacker", "bvs": {"hp": 110, "atk": 160, "def": 110, "spa": 80, "spd": 110, "spe": 100}, "stats": {"hp": 322, "atk": 317, "def": 233, "spa": 183, "spd": 233, "spe": 216}, "types": ["Normal"]}, "Flutter Mane": {"name": "Flutter Mane", "species": "Flutter Mane", "speciesId": "fluttermane", "gender": "N", "shiny": false, "level": 74, "moves": ["moonblast", "mysticalfire", "shadowball", "calmmind"], "ability": "Protosynthesis", "evs": {"hp": 85, "atk": 0, "def": 85, "spa": 85, "spd": 85, "spe": 85}, "ivs": {"hp": 31, "atk": 0, "def": 31, "spa": 31, "spd": 31, "spe": 31}, "item": "Life Orb", "teraType": "Fire", "role": "Setup Sweeper", "bvs": {"hp": 55, "atk": 55, "def": 55, "spa": 135, "spd": 135, "spe": 135}, "stats": {"hp": 203, "atk": 86, "def": 124, "spa": 243, "spd": 243, "spe": 243}, "types": ["Ghost", "Fairy"]}, "Swanna": {"name": "Swanna", "species": "Swanna", "speciesId": "swanna", "gender": "F", "shiny": false, "level": 89, "moves": ["bravebird", "roost", "defog", "hydropump"], "ability": "Hydration", "evs": {"hp": 85, "atk": 85, "def": 85, "spa": 85, "spd": 85, "spe": 85}, "ivs": {"hp": 31, "atk": 31, "def": 31, "spa": 31, "spd": 31, "spe": 31}, "item": "Heavy-Duty Boots", "teraType": "Ground", "role": "Bulky Support", "bvs": {"hp": 75, "atk": 87, "def": 63, "spa": 87, "spd": 63, "spe": 98}, "stats": {"hp": 278, "atk": 206, "def": 163, "spa": 206, "spd": 163, "spe": 225}, "types": ["Water", "Flying"]}, "Gurdurr": {"name": "Gurdurr", "species": "Gurdurr", "speciesId": "gurdurr", "gender": "F", "shiny": false, "level": 85, "moves": ["knockoff", "machpunch", "bulkup", "drainpunch"], "ability": "Guts", "evs": {"hp": 85, "atk": 85, "def": 85, "spa": 85, "spd": 85, "spe": 85}, "ivs": {"hp": 31, "atk": 31, "def": 31, "spa": 31, "spd": 31, "spe": 31}, "item": "Eviolite", "teraType": "Steel", "role": "Bulky Attacker", "bvs": {"hp": 85, "atk": 105, "def": 85, "spa": 40, "spd": 50, "spe": 40}, "stats": {"hp": 283, "atk": 227, "def": 193, "spa": 117, "spd": 134, "spe": 117}, "types": ["Fighting"]}, "Greedent": {"name": "Greedent", "species": "Greedent", "speciesId": "greedent", "gender": "F", "shiny": false, "level": 86, "moves": ["doubleedge", "earthquake", "knockoff", "swordsdance"], "ability": "Cheek Pouch", "evs": {"hp": 85, "atk": 85, "def": 85, "spa": 85, "spd": 85, "spe": 85}, "ivs": {"hp": 31, "atk": 31, "def": 31, "spa": 31, "spd": 31, "spe": 31}, "item": "Sitrus Berry", "teraType": "Ghost", "role": "Bulky Setup", "bvs": {"hp": 120, "atk": 95, "def": 95, "spa": 55, "spd": 75, "spe": 20}, "stats": {"hp": 347, "atk": 213, "def": 213, "spa": 144, "spd": 178, "spe": 84}, "types": ["Normal"]}, "Emboar": {"name": "Emboar", "species": "Emboar", "speciesId": "emboar", "gender": "M", "shiny": false, "level": 84, "moves": ["headsmash", "closecombat", "flareblitz", "wildcharge"], "ability": "Reckless", "evs": {"hp": 85, "atk": 85, "def": 85, "spa": 85, "spd": 85, "spe": 85}, "ivs": {"hp": 31, "atk": 31, "def": 31, "spa": 31, "spd": 31, "spe": 31}, "item": "Choice Scarf", "teraType": "Fire", "role": "Fast Attacker", "bvs": {"hp": 110, "atk": 123, "def": 65, "spa": 100, "spd": 65, "spe": 65}, "stats": {"hp": 322, "atk": 255, "def": 157, "spa": 216, "spd": 157, "spe": 157}, "types": ["Fire", "Fighting"]}}]}