{"id": "gen9randombattle-2631703419", "format": "[Gen 9] Random Battle", "players": ["Jadasteel", "renz3554"], "log": "|j|\u2606Jadasteel\n|j|\u2606renz3554\n|t:|1781425025\n|gametype|singles\n|player|p1|Jadasteel|fantina|2046\n|player|p2|renz3554|266|2106\n|gen|9\n|tier|[Gen 9] Random Battle\n|rated|\n|rule|Species Clause: Limit one of each Pok\u00e9mon\n|rule|HP Percentage Mod: HP is shown in percentages\n|rule|Sleep Clause Mod: Limit one foe put to sleep\n|rule|Illusion Level Mod: Illusion disguises the Pok\u00e9mon's true level\n|\n|t:|1781425025\n|teamsize|p1|6\n|teamsize|p2|6\n|start\n|switch|p1a: Blaziken|Blaziken, L76, M|247/247\n|switch|p2a: Scovillain|Scovillain, L91, F|266/266\n|turn|1\n|inactive|Battle timer is ON: inactive players will automatically lose when time's up. (requested by renz3554)\n|\n|t:|1781425043\n|switch|p2a: Mightyena|Mightyena, L96, F|290/290\n|-ability|p2a: Mightyena|Intimidate|boost\n|-unboost|p1a: Blaziken|atk|1\n|move|p1a: Blaziken|Swords Dance|p1a: Blaziken\n|-boost|p1a: Blaziken|atk|2\n|\n|-ability|p1a: Blaziken|Speed Boost|boost\n|-boost|p1a: Blaziken|spe|1\n|upkeep\n|turn|2\n|\n|t:|1781425051\n|-terastallize|p2a: Mightyena|Fairy\n|move|p1a: Blaziken|Flare Blitz|p2a: Mightyena\n|-damage|p2a: Mightyena|43/290\n|-damage|p1a: Blaziken|165/247|[from] Recoil\n|-damage|p1a: Blaziken|141/247|[from] item: Life Orb\n|move|p2a: Mightyena|Play Rough|p1a: Blaziken\n|-damage|p1a: Blaziken|0 fnt\n|faint|p1a: Blaziken\n|\n|upkeep\n|\n|t:|1781425070\n|switch|p1a: Smeargle|Smeargle, L95, F|258/258\n|turn|3\n|\n|t:|1781425087\n|switch|p2a: Scovillain|Scovillain, L91, F|266/266\n|move|p1a: Smeargle|Spore|p2a: Scovillain\n|-immune|p2a: Scovillain\n|\n|upkeep\n|turn|4\n|\n|t:|1781425109\n|move|p2a: Scovillain|Energy Ball|p1a: Smeargle\n|-damage|p1a: Smeargle|80/258\n|move|p1a: Smeargle|Sticky Web|p2a: Scovillain\n|-sidestart|p2: renz3554|move: Sticky Web\n|\n|upkeep\n|turn|5\n|\n|t:|1781425121\n|move|p2a: Scovillain|Energy Ball|p1a: Smeargle\n|-damage|p1a: Smeargle|0 fnt\n|faint|p1a: Smeargle\n|\n|upkeep\n|\n|t:|1781425132\n|switch|p1a: Bisharp|Bisharp, L79, M|232/232\n|turn|6\n|\n|t:|1781425140\n|switch|p2a: Ampharos|Ampharos, L88, M|302/302\n|-activate|p2a: Ampharos|move: Sticky Web\n|-unboost|p2a: Ampharos|spe|1\n|move|p1a: Bisharp|Swords Dance|p1a: Bisharp\n|-boost|p1a: Bisharp|atk|2\n|\n|upkeep\n|turn|7\n|\n|t:|1781425160\n|-terastallize|p1a: Bisharp|Flying\n|move|p1a: Bisharp|Throat Chop|p2a: Ampharos\n|-damage|p2a: Ampharos|110/302\n|-start|p2a: Ampharos|Throat Chop|[silent]\n|move|p2a: Ampharos|Thunderbolt|p1a: Bisharp\n|-supereffective|p1a: Bisharp\n|-damage|p1a: Bisharp|0 fnt\n|faint|p1a: Bisharp\n|-damage|p2a: Ampharos|80/302|[from] item: Life Orb\n|\n|upkeep\n|inactive|Jadasteel has 120 seconds left.\n|\n|t:|1781425176\n|switch|p1a: Dusknoir|Dusknoir, L89, M|225/225\n|-item|p2a: Ampharos|Life Orb|[from] ability: Frisk|[of] p1a: Dusknoir\n|turn|8\n|\n|t:|1781425179\n|move|p1a: Dusknoir|Poltergeist|p2a: Ampharos\n|-activate|p2a: Ampharos|move: Poltergeist|Life Orb\n|-damage|p2a: Ampharos|0 fnt\n|faint|p2a: Ampharos\n|\n|upkeep\n|\n|t:|1781425184\n|switch|p2a: Polteageist|Polteageist-Antique, L78|222/222\n|-activate|p2a: Polteageist|move: Sticky Web\n|-unboost|p2a: Polteageist|spe|1\n|-enditem|p2a: Polteageist|White Herb\n|-clearnegativeboost|p2a: Polteageist|[silent]\n|turn|9\n|\n|t:|1781425194\n|switch|p1a: Revavroom|Revavroom, L79, M|256/256\n|move|p2a: Polteageist|Shell Smash|p2a: Polteageist\n|-unboost|p2a: Polteageist|def|1\n|-unboost|p2a: Polteageist|spd|1\n|-boost|p2a: Polteageist|atk|2\n|-boost|p2a: Polteageist|spa|2\n|-boost|p2a: Polteageist|spe|2\n|\n|upkeep\n|turn|10\n|\n|t:|1781425201\n|move|p2a: Polteageist|Stored Power|p1a: Revavroom\n|-damage|p1a: Revavroom|0 fnt\n|faint|p1a: Revavroom\n|\n|upkeep\n|\n|t:|1781425206\n|switch|p1a: Flygon|Flygon, L82, F|265/265\n|turn|11\n|\n|t:|1781425218\n|move|p2a: Polteageist|Stored Power|p1a: Flygon\n|-damage|p1a: Flygon|22/265\n|move|p1a: Flygon|Outrage|p2a: Polteageist\n|-damage|p2a: Polteageist|0 fnt\n|-start|p1a: Flygon|Disable|Outrage|[from] ability: Cursed Body|[of] p2a: Polteageist\n|faint|p2a: Polteageist\n|\n|upkeep\n|\n|t:|1781425228\n|switch|p2a: Revavroom|Revavroom, L79, M|256/256\n|-activate|p2a: Revavroom|move: Sticky Web\n|-unboost|p2a: Revavroom|spe|1\n|turn|12\n|\n|t:|1781425234\n|cant|p1a: Flygon|Disable|Outrage\n|move|p2a: Revavroom|Shift Gear|p2a: Revavroom\n|-boost|p2a: Revavroom|spe|2\n|-boost|p2a: Revavroom|atk|1\n|\n|-start|p1a: Flygon|confusion|[fatigue]\n|upkeep\n|-enditem|p1a: Flygon|Lum Berry|[eat]\n|-end|p1a: Flygon|confusion\n|turn|13\n|\n|t:|1781425242\n|move|p2a: Revavroom|Iron Head|p1a: Flygon\n|-damage|p1a: Flygon|0 fnt\n|faint|p1a: Flygon\n|-damage|p2a: Revavroom|231/256|[from] item: Life Orb\n|\n|upkeep\n|\n|t:|1781425245\n|switch|p1a: Dusknoir|Dusknoir, L89, M|225/225\n|-item|p2a: Revavroom|Life Orb|[from] ability: Frisk|[of] p1a: Dusknoir\n|turn|14\n|\n|t:|1781425253\n|move|p2a: Revavroom|Iron Head|p1a: Dusknoir\n|-damage|p1a: Dusknoir|111/225\n|-damage|p2a: Revavroom|206/256|[from] item: Life Orb\n|cant|p1a: Dusknoir|flinch\n|\n|-heal|p1a: Dusknoir|125/225|[from] item: Leftovers\n|upkeep\n|turn|15\n|\n|t:|1781425262\n|move|p2a: Revavroom|Iron Head|p1a: Dusknoir\n|-damage|p1a: Dusknoir|7/225\n|-damage|p2a: Revavroom|181/256|[from] item: Life Orb\n|move|p1a: Dusknoir|Poltergeist|p2a: Revavroom\n|-activate|p2a: Revavroom|move: Poltergeist|Life Orb\n|-damage|p2a: Revavroom|33/256\n|\n|-heal|p1a: Dusknoir|21/225|[from] item: Leftovers\n|upkeep\n|turn|16\n|-message|Jadasteel forfeited.\n|\n|win|renz3554\n|raw|Jadasteel's rating: 2046 &rarr; <strong>2029</strong><br />(-17 for losing)\n|raw|renz3554's rating: 2106 &rarr; <strong>2123</strong><br />(+17 for winning)\n", "inputlog": ">version a8376a258c1d4662feba110a92103f3664a72141\n>start {\"formatid\":\"gen9randombattle\",\"seed\":\"sodium,68af0e7c9eb15d595d6ee806a52c4737\",\"rated\":\"Rated battle\"}\n>player p1 {\"name\":\"Jadasteel\",\"avatar\":\"fantina\",\"rating\":2046,\"seed\":\"sodium,feedf91d3937f087a4f368821f1accd5\"}\n>player p2 {\"name\":\"renz3554\",\"avatar\":\"266\",\"rating\":2106,\"seed\":\"sodium,27272d53838e3630a6bcf47f42b219a5\"}\n>p1 move swordsdance\n>p2 switch 4\n>p1 move flareblitz\n>p2 move playrough terastallize\n>p1 switch 4\n>p1 move spore\n>p2 switch 4\n>p1 move stickyweb\n>p2 move energyball\n>p1 move ceaselessedge\n>p2 move energyball\n>p1 switch 3\n>p1 move swordsdance\n>p2 switch 3\n>p1 move throatchop terastallize\n>p2 move thunderbolt\n>p1 switch 5\n>p1 move poltergeist\n>p2 move thunderbolt\n>p2 switch 5\n>p1 switch 6\n>p2 move shellsmash\n>p1 move shiftgear\n>p2 move storedpower\n>p1 switch 2\n>p1 move outrage\n>p2 move storedpower\n>p2 switch 6\n>p1 move outrage\n>p2 move shiftgear\n>p1 move earthquake\n>p2 move ironhead\n>p1 switch 6\n>p1 move substitute\n>p2 move ironhead\n>p1 move poltergeist\n>p2 move ironhead\n>forcelose p1", "uploadtime": 1781425271, "views": 4, "formatid": "gen9randombattle", "rating": 2029, "private": 0, "password": null, "player_dets": [{"name": "Jadasteel", "avatar": "fantina", "rating": 2046, "seed": "sodium,feedf91d3937f087a4f368821f1accd5"}, {"name": "renz3554", "avatar": "266", "rating": 2106, "seed": "sodium,27272d53838e3630a6bcf47f42b219a5"}], "teams_full": [{"Blaziken": {"name": "Blaziken", "species": "Blaziken", "speciesId": "blaziken", "gender": "M", "shiny": false, "level": 76, "moves": ["knockoff", "flareblitz", "swordsdance", "closecombat"], "ability": "Speed Boost", "evs": {"hp": 85, "atk": 85, "def": 85, "spa": 85, "spd": 85, "spe": 85}, "ivs": {"hp": 31, "atk": 31, "def": 31, "spa": 31, "spd": 31, "spe": 31}, "item": "Life Orb", "teraType": "Dark", "role": "Setup Sweeper", "bvs": {"hp": 80, "atk": 120, "def": 70, "spa": 110, "spd": 70, "spe": 80}, "stats": {"hp": 247, "atk": 226, "def": 150, "spa": 211, "spd": 150, "spe": 166}, "types": ["Fire", "Fighting"]}, "Flygon": {"name": "Flygon", "species": "Flygon", "speciesId": "flygon", "gender": "F", "shiny": false, "level": 82, "moves": ["stoneedge", "dragondance", "outrage", "earthquake"], "ability": "Levitate", "evs": {"hp": 85, "atk": 85, "def": 85, "spa": 85, "spd": 85, "spe": 85}, "ivs": {"hp": 31, "atk": 31, "def": 31, "spa": 31, "spd": 31, "spe": 31}, "item": "Lum Berry", "teraType": "Ground", "role": "Fast Attacker", "bvs": {"hp": 80, "atk": 100, "def": 80, "spa": 80, "spd": 80, "spe": 100}, "stats": {"hp": 265, "atk": 211, "def": 178, "spa": 178, "spd": 178, "spe": 211}, "types": ["Ground", "Dragon"]}, "Bisharp": {"name": "Bisharp", "species": "Bisharp", "speciesId": "bisharp", "gender": "M", "shiny": false, "level": 79, "moves": ["throatchop", "suckerpunch", "swordsdance", "ironhead"], "ability": "Defiant", "evs": {"hp": 85, "atk": 85, "def": 85, "spa": 85, "spd": 85, "spe": 85}, "ivs": {"hp": 31, "atk": 31, "def": 31, "spa": 31, "spd": 31, "spe": 31}, "item": "Eviolite", "teraType": "Flying", "role": "Bulky Attacker", "bvs": {"hp": 65, "atk": 125, "def": 100, "spa": 60, "spd": 70, "spe": 70}, "stats": {"hp": 232, "atk": 243, "def": 204, "spa": 140, "spd": 156, "spe": 156}, "types": ["Dark", "Steel"]}, "Smeargle": {"name": "Smeargle", "species": "Smeargle", "speciesId": "smeargle", "gender": "F", "shiny": false, "level": 95, "moves": ["ceaselessedge", "stickyweb", "spore", "whirlwind"], "ability": "Own Tempo", "evs": {"hp": 85, "atk": 85, "def": 85, "spa": 85, "spd": 85, "spe": 85}, "ivs": {"hp": 31, "atk": 31, "def": 31, "spa": 31, "spd": 31, "spe": 31}, "item": "Focus Sash", "teraType": "Ghost", "role": "Fast Support", "bvs": {"hp": 55, "atk": 20, "def": 35, "spa": 20, "spd": 45, "spe": 75}, "stats": {"hp": 258, "atk": 92, "def": 120, "spa": 92, "spd": 139, "spe": 196}, "types": ["Normal"]}, "Dusknoir": {"name": "Dusknoir", "species": "Dusknoir", "speciesId": "dusknoir", "gender": "M", "shiny": false, "level": 89, "moves": ["painsplit", "substitute", "poltergeist", "focuspunch"], "ability": "Frisk", "evs": {"hp": 85, "atk": 85, "def": 85, "spa": 85, "spd": 85, "spe": 85}, "ivs": {"hp": 31, "atk": 31, "def": 31, "spa": 31, "spd": 31, "spe": 31}, "item": "Leftovers", "teraType": "Fighting", "role": "Bulky Attacker", "bvs": {"hp": 45, "atk": 100, "def": 135, "spa": 65, "spd": 135, "spe": 45}, "stats": {"hp": 225, "atk": 229, "def": 291, "spa": 166, "spd": 291, "spe": 131}, "types": ["Ghost"]}, "Revavroom": {"name": "Revavroom", "species": "Revavroom", "speciesId": "revavroom", "gender": "M", "shiny": false, "level": 79, "moves": ["highhorsepower", "ironhead", "gunkshot", "shiftgear"], "ability": "Filter", "evs": {"hp": 85, "atk": 85, "def": 85, "spa": 85, "spd": 85, "spe": 85}, "ivs": {"hp": 31, "atk": 31, "def": 31, "spa": 31, "spd": 31, "spe": 31}, "item": "Life Orb", "teraType": "Ground", "role": "Fast Attacker", "bvs": {"hp": 80, "atk": 119, "def": 90, "spa": 54, "spd": 67, "spe": 90}, "stats": {"hp": 256, "atk": 234, "def": 188, "spa": 131, "spd": 151, "spe": 188}, "types": ["Steel", "Poison"]}}, {"Scovillain": {"name": "Scovillain", "species": "Scovillain", "speciesId": "scovillain", "gender": "F", "shiny": false, "level": 91, "moves": ["flamethrower", "leafstorm", "overheat", "energyball"], "ability": "Chlorophyll", "evs": {"hp": 85, "atk": 0, "def": 85, "spa": 85, "spd": 85, "spe": 85}, "ivs": {"hp": 31, "atk": 0, "def": 31, "spa": 31, "spd": 31, "spe": 31}, "item": "Choice Scarf", "teraType": "Fire", "role": "Fast Attacker", "bvs": {"hp": 65, "atk": 108, "def": 65, "spa": 108, "spd": 65, "spe": 75}, "stats": {"hp": 266, "atk": 201, "def": 170, "spa": 248, "spd": 170, "spe": 188}, "types": ["Grass", "Fire"]}, "Zarude": {"name": "Zarude", "species": "Zarude-Dada", "speciesId": "zarude", "gender": "N", "shiny": false, "level": 77, "moves": ["powerwhip", "uturn", "knockoff", "closecombat"], "ability": "Leaf Guard", "evs": {"hp": 85, "atk": 85, "def": 85, "spa": 85, "spd": 85, "spe": 85}, "ivs": {"hp": 31, "atk": 31, "def": 31, "spa": 31, "spd": 31, "spe": 31}, "item": "Choice Scarf", "teraType": "Grass", "role": "Fast Attacker", "bvs": {"hp": 105, "atk": 120, "def": 105, "spa": 70, "spd": 95, "spe": 105}, "stats": {"hp": 288, "atk": 229, "def": 206, "spa": 152, "spd": 191, "spe": 206}, "types": ["Dark", "Grass"]}, "Ampharos": {"name": "Ampharos", "species": "Ampharos", "speciesId": "ampharos", "gender": "M", "shiny": false, "level": 88, "moves": ["agility", "focusblast", "thunderbolt", "dazzlinggleam"], "ability": "Static", "evs": {"hp": 85, "atk": 0, "def": 85, "spa": 85, "spd": 85, "spe": 85}, "ivs": {"hp": 31, "atk": 0, "def": 31, "spa": 31, "spd": 31, "spe": 31}, "item": "Life Orb", "teraType": "Electric", "role": "Wallbreaker", "bvs": {"hp": 90, "atk": 75, "def": 85, "spa": 115, "spd": 90, "spe": 55}, "stats": {"hp": 302, "atk": 137, "def": 200, "spa": 253, "spd": 209, "spe": 147}, "types": ["Electric"]}, "Mightyena": {"name": "Mightyena", "species": "Mightyena", "speciesId": "mightyena", "gender": "F", "shiny": false, "level": 96, "moves": ["throatchop", "poisonfang", "playrough", "suckerpunch"], "ability": "Intimidate", "evs": {"hp": 85, "atk": 85, "def": 85, "spa": 85, "spd": 85, "spe": 85}, "ivs": {"hp": 31, "atk": 31, "def": 31, "spa": 31, "spd": 31, "spe": 31}, "item": "Assault Vest", "teraType": "Fairy", "role": "AV Pivot", "bvs": {"hp": 70, "atk": 90, "def": 70, "spa": 60, "spd": 60, "spe": 70}, "stats": {"hp": 290, "atk": 227, "def": 189, "spa": 170, "spd": 170, "spe": 189}, "types": ["Dark"]}, "Polteageist": {"name": "Polteageist", "species": "Polteageist-Antique", "speciesId": "polteageist", "gender": "N", "shiny": false, "level": 78, "moves": ["shadowball", "storedpower", "shellsmash", "terablast"], "ability": "Cursed Body", "evs": {"hp": 85, "atk": 0, "def": 85, "spa": 85, "spd": 85, "spe": 85}, "ivs": {"hp": 31, "atk": 0, "def": 31, "spa": 31, "spd": 31, "spe": 31}, "item": "White Herb", "teraType": "Fighting", "role": "Tera Blast user", "bvs": {"hp": 60, "atk": 65, "def": 65, "spa": 134, "spd": 114, "spe": 70}, "stats": {"hp": 222, "atk": 106, "def": 146, "spa": 254, "spd": 223, "spe": 154}, "types": ["Ghost"]}, "Revavroom": {"name": "Revavroom", "species": "Revavroom", "speciesId": "revavroom", "gender": "M", "shiny": false, "level": 79, "moves": ["highhorsepower", "ironhead", "shiftgear", "gunkshot"], "ability": "Filter", "evs": {"hp": 85, "atk": 85, "def": 85, "spa": 85, "spd": 85, "spe": 85}, "ivs": {"hp": 31, "atk": 31, "def": 31, "spa": 31, "spd": 31, "spe": 31}, "item": "Life Orb", "teraType": "Ground", "role": "Fast Attacker", "bvs": {"hp": 80, "atk": 119, "def": 90, "spa": 54, "spd": 67, "spe": 90}, "stats": {"hp": 256, "atk": 234, "def": 188, "spa": 131, "spd": 151, "spe": 188}, "types": ["Steel", "Poison"]}}]}