{"id": "gen9randombattle-2631956669", "format": "[Gen 9] Random Battle", "players": ["hot limon", "Ze Memerr"], "log": "|j|\u2606hot limon\n|j|\u2606Ze Memerr\n|t:|1781459751\n|gametype|singles\n|player|p1|hot limon|2|1927\n|player|p2|Ze Memerr|101|1922\n|gen|9\n|tier|[Gen 9] Random Battle\n|rated|\n|rule|Species Clause: Limit one of each Pok\u00e9mon\n|rule|HP Percentage Mod: HP is shown in percentages\n|rule|Sleep Clause Mod: Limit one foe put to sleep\n|rule|Illusion Level Mod: Illusion disguises the Pok\u00e9mon's true level\n|\n|t:|1781459751\n|teamsize|p1|6\n|teamsize|p2|6\n|start\n|switch|p1a: Pecharunt|Pecharunt, L77|262/262\n|switch|p2a: Copperajah|Copperajah, L86, F|350/350\n|turn|1\n|inactive|Battle timer is ON: inactive players will automatically lose when time's up. (requested by hot limon)\n|\n|t:|1781459763\n|move|p1a: Pecharunt|Nasty Plot|p1a: Pecharunt\n|-boost|p1a: Pecharunt|spa|2\n|move|p2a: Copperajah|Heavy Slam|p1a: Pecharunt\n|-damage|p1a: Pecharunt|82/262\n|\n|-heal|p1a: Pecharunt|98/262|[from] item: Leftovers\n|upkeep\n|turn|2\n|\n|t:|1781459771\n|move|p1a: Pecharunt|Shadow Ball|p2a: Copperajah\n|-damage|p2a: Copperajah|196/350\n|-unboost|p2a: Copperajah|spd|1\n|move|p2a: Copperajah|Heavy Slam|p1a: Pecharunt\n|-damage|p1a: Pecharunt|0 fnt\n|faint|p1a: Pecharunt\n|\n|upkeep\n|\n|t:|1781459776\n|switch|p1a: Ceruledge|Ceruledge, L78, F|245/245\n|turn|3\n|\n|t:|1781459793\n|switch|p2a: Crawdaunt|Crawdaunt, L84, F|243/243\n|move|p1a: Ceruledge|Swords Dance|p1a: Ceruledge\n|-boost|p1a: Ceruledge|atk|2\n|\n|upkeep\n|turn|4\n|\n|t:|1781459809\n|move|p2a: Crawdaunt|Aqua Jet|p1a: Ceruledge\n|-supereffective|p1a: Ceruledge\n|-damage|p1a: Ceruledge|42/245\n|-ability|p1a: Ceruledge|Weak Armor|boost\n|-unboost|p1a: Ceruledge|def|1\n|-boost|p1a: Ceruledge|spe|2\n|-damage|p2a: Crawdaunt|219/243|[from] item: Life Orb\n|move|p1a: Ceruledge|Close Combat|p2a: Crawdaunt\n|-supereffective|p2a: Crawdaunt\n|-damage|p2a: Crawdaunt|0 fnt\n|-unboost|p1a: Ceruledge|def|1\n|-unboost|p1a: Ceruledge|spd|1\n|faint|p2a: Crawdaunt\n|\n|upkeep\n|\n|t:|1781459818\n|switch|p2a: Banette|Banette, L93, F|270/270\n|turn|5\n|inactive|hot limon has 120 seconds left.\n|l|\u2606hot limon\n|inactive|hot limon disconnected and has a minute to reconnect!\n|player|p1|\n|inactive|hot limon has 30 seconds to reconnect!\n|j|\u2606hot limon\n|inactive|hot limon reconnected and has 85 seconds left.\n|player|p1|hot limon|2|\n|\n|t:|1781459885\n|switch|p1a: Darkrai|Darkrai, L77|234/234\n|move|p2a: Banette|Shadow Sneak|p1a: Darkrai\n|-resisted|p1a: Darkrai\n|-damage|p1a: Darkrai|190/234\n|-damage|p2a: Banette|243/270|[from] item: Life Orb\n|\n|upkeep\n|turn|6\n|inactive|hot limon has 90 seconds left.\n|\n|t:|1781459896\n|switch|p2a: Glastrier|Glastrier, L86|312/312\n|move|p1a: Darkrai|Dark Pulse|p2a: Glastrier\n|-damage|p2a: Glastrier|203/312\n|-damage|p1a: Darkrai|167/234|[from] item: Life Orb\n|\n|upkeep\n|turn|7\n|inactive|hot limon has 90 seconds left.\n|\n|t:|1781459906\n|move|p1a: Darkrai|Hypnosis|p2a: Glastrier\n|-status|p2a: Glastrier|slp|[from] move: Hypnosis\n|cant|p2a: Glastrier|slp\n|\n|-damage|p2a: Glastrier|164/312 slp|[from] ability: Bad Dreams|[of] p1a: Darkrai\n|upkeep\n|turn|8\n|\n|t:|1781459917\n|switch|p2a: Blastoise|Blastoise, L80, M|258/258\n|move|p1a: Darkrai|Nasty Plot|p1a: Darkrai\n|-boost|p1a: Darkrai|spa|2\n|\n|upkeep\n|turn|9\n|inactive|hot limon has 90 seconds left.\n|inactive|hot limon has 60 seconds left.\n|inactive|hot limon has 30 seconds left.\n|inactive|hot limon has 20 seconds left.\n|inactive|hot limon has 15 seconds left.\n|inactive|hot limon has 10 seconds left.\n|inactive|hot limon has 5 seconds left.\n|-message|hot limon lost due to inactivity.\n|\n|win|Ze Memerr\n", "inputlog": ">version a8376a258c1d4662feba110a92103f3664a72141\n>start {\"formatid\":\"gen9randombattle\",\"seed\":\"sodium,3b1fc20c6bb3332700861918bec25bfb\",\"rated\":\"Rated battle\"}\n>player p1 {\"name\":\"hot limon\",\"avatar\":\"2\",\"rating\":1927,\"seed\":\"sodium,4ace767366b66cda2db4d5bc1b813bc1\"}\n>player p2 {\"name\":\"Ze Memerr\",\"avatar\":\"101\",\"rating\":1922,\"seed\":\"sodium,ecd9ebff8d92f9c59097b461f516cf2c\"}\n>p1 move nastyplot\n>p2 move heavyslam\n>p1 move shadowball\n>p2 move heavyslam\n>p1 switch 2\n>p1 move swordsdance\n>p2 switch 4\n>p1 move closecombat\n>p2 move aquajet\n>p2 switch 3\n>p1 switch 5\n>p2 move shadowsneak\n>p1 move darkpulse\n>p2 switch 6\n>p1 move hypnosis\n>p2 move iciclecrash\n>p1 move nastyplot\n>p2 switch 2\n>forcelose p1", "uploadtime": 1781459752, "views": 6, "formatid": "gen9randombattle", "rating": null, "private": 0, "password": null, "player_dets": [{"name": "hot limon", "avatar": "2", "rating": 1927, "seed": "sodium,4ace767366b66cda2db4d5bc1b813bc1"}, {"name": "Ze Memerr", "avatar": "101", "rating": 1922, "seed": "sodium,ecd9ebff8d92f9c59097b461f516cf2c"}], "teams_full": [{"Pecharunt": {"name": "Pecharunt", "species": "Pecharunt", "speciesId": "pecharunt", "gender": "N", "shiny": false, "level": 77, "moves": ["malignantchain", "recover", "shadowball", "nastyplot"], "ability": "Poison Puppeteer", "evs": {"hp": 85, "atk": 0, "def": 85, "spa": 85, "spd": 85, "spe": 85}, "ivs": {"hp": 31, "atk": 0, "def": 31, "spa": 31, "spd": 31, "spe": 31}, "item": "Leftovers", "teraType": "Dark", "role": "Bulky Attacker", "bvs": {"hp": 88, "atk": 88, "def": 160, "spa": 88, "spd": 88, "spe": 88}, "stats": {"hp": 262, "atk": 140, "def": 291, "spa": 180, "spd": 180, "spe": 180}}, "Ceruledge": {"name": "Ceruledge", "species": "Ceruledge", "speciesId": "ceruledge", "gender": "F", "shiny": false, "level": 78, "moves": ["closecombat", "bitterblade", "swordsdance", "poltergeist"], "ability": "Weak Armor", "evs": {"hp": 85, "atk": 85, "def": 85, "spa": 85, "spd": 85, "spe": 85}, "ivs": {"hp": 31, "atk": 31, "def": 31, "spa": 31, "spd": 31, "spe": 31}, "item": "Heavy-Duty Boots", "teraType": "Ghost", "role": "Setup Sweeper", "bvs": {"hp": 75, "atk": 125, "def": 80, "spa": 60, "spd": 100, "spe": 85}, "stats": {"hp": 245, "atk": 240, "def": 170, "spa": 139, "spd": 201, "spe": 178}}, "Conkeldurr": {"name": "Conkeldurr", "species": "Conkeldurr", "speciesId": "conkeldurr", "gender": "M", "shiny": false, "level": 80, "moves": ["facade", "knockoff", "machpunch", "closecombat"], "ability": "Guts", "evs": {"hp": 85, "atk": 85, "def": 85, "spa": 85, "spd": 85, "spe": 85}, "ivs": {"hp": 31, "atk": 31, "def": 31, "spa": 31, "spd": 31, "spe": 31}, "item": "Flame Orb", "teraType": "Normal", "role": "Wallbreaker", "bvs": {"hp": 105, "atk": 140, "def": 95, "spa": 55, "spd": 65, "spe": 45}, "stats": {"hp": 299, "atk": 270, "def": 198, "spa": 134, "spd": 150, "spe": 118}}, "Seviper": {"name": "Seviper", "species": "Seviper", "speciesId": "seviper", "gender": "M", "shiny": false, "level": 93, "moves": ["glare", "gunkshot", "gigadrain", "flamethrower"], "ability": "Infiltrator", "evs": {"hp": 85, "atk": 85, "def": 85, "spa": 85, "spd": 85, "spe": 85}, "ivs": {"hp": 31, "atk": 31, "def": 31, "spa": 31, "spd": 31, "spe": 31}, "item": "Life Orb", "teraType": "Grass", "role": "Fast Attacker", "bvs": {"hp": 73, "atk": 100, "def": 60, "spa": 100, "spd": 60, "spe": 65}, "stats": {"hp": 287, "atk": 239, "def": 164, "spa": 239, "spd": 164, "spe": 174}}, "Darkrai": {"name": "Darkrai", "species": "Darkrai", "speciesId": "darkrai", "gender": "N", "shiny": false, "level": 77, "moves": ["darkpulse", "nastyplot", "hypnosis", "sludgebomb"], "ability": "Bad Dreams", "evs": {"hp": 85, "atk": 0, "def": 85, "spa": 85, "spd": 85, "spe": 85}, "ivs": {"hp": 31, "atk": 0, "def": 31, "spa": 31, "spd": 31, "spe": 31}, "item": "Life Orb", "teraType": "Poison", "role": "Setup Sweeper", "bvs": {"hp": 70, "atk": 90, "def": 90, "spa": 135, "spd": 90, "spe": 125}, "stats": {"hp": 234, "atk": 143, "def": 183, "spa": 252, "spd": 183, "spe": 237}}, "Tornadus": {"name": "Tornadus", "species": "Tornadus-Therian", "speciesId": "tornadustherian", "gender": "M", "shiny": false, "level": 79, "moves": ["bleakwindstorm", "uturn", "heatwave", "focusblast"], "ability": "Regenerator", "evs": {"hp": 85, "atk": 85, "def": 85, "spa": 85, "spd": 85, "spe": 85}, "ivs": {"hp": 31, "atk": 31, "def": 31, "spa": 31, "spd": 31, "spe": 31}, "item": "Choice Specs", "teraType": "Flying", "role": "Fast Attacker", "bvs": {"hp": 79, "atk": 100, "def": 80, "spa": 110, "spd": 90, "spe": 121}, "stats": {"hp": 254, "atk": 204, "def": 172, "spa": 219, "spd": 188, "spe": 237}}}, {"Copperajah": {"name": "Copperajah", "species": "Copperajah", "speciesId": "copperajah", "gender": "F", "shiny": false, "level": 86, "moves": ["superpower", "heatcrash", "stoneedge", "heavyslam"], "ability": "Heavy Metal", "evs": {"hp": 85, "atk": 85, "def": 85, "spa": 85, "spd": 85, "spe": 85}, "ivs": {"hp": 31, "atk": 31, "def": 31, "spa": 31, "spd": 31, "spe": 31}, "item": "Choice Band", "teraType": "Flying", "role": "Bulky Attacker", "bvs": {"hp": 122, "atk": 130, "def": 69, "spa": 80, "spd": 69, "spe": 30}, "stats": {"hp": 350, "atk": 273, "def": 168, "spa": 187, "spd": 168, "spe": 101}}, "Blastoise": {"name": "Blastoise", "species": "Blastoise", "speciesId": "blastoise", "gender": "M", "shiny": false, "level": 80, "moves": ["terablast", "hydropump", "icebeam", "shellsmash"], "ability": "Torrent", "evs": {"hp": 85, "atk": 0, "def": 85, "spa": 85, "spd": 85, "spe": 85}, "ivs": {"hp": 31, "atk": 0, "def": 31, "spa": 31, "spd": 31, "spe": 31}, "item": "White Herb", "teraType": "Grass", "role": "Tera Blast user", "bvs": {"hp": 79, "atk": 83, "def": 100, "spa": 85, "spd": 105, "spe": 78}, "stats": {"hp": 258, "atk": 137, "def": 206, "spa": 182, "spd": 214, "spe": 171}}, "Banette": {"name": "Banette", "species": "Banette", "speciesId": "banette", "gender": "F", "shiny": false, "level": 93, "moves": ["shadowsneak", "swordsdance", "gunkshot", "poltergeist"], "ability": "Insomnia", "evs": {"hp": 85, "atk": 85, "def": 85, "spa": 85, "spd": 85, "spe": 85}, "ivs": {"hp": 31, "atk": 31, "def": 31, "spa": 31, "spd": 31, "spe": 31}, "item": "Life Orb", "teraType": "Poison", "role": "Wallbreaker", "bvs": {"hp": 64, "atk": 115, "def": 65, "spa": 83, "spd": 63, "spe": 65}, "stats": {"hp": 270, "atk": 267, "def": 174, "spa": 207, "spd": 170, "spe": 174}}, "Crawdaunt": {"name": "Crawdaunt", "species": "Crawdaunt", "speciesId": "crawdaunt", "gender": "F", "shiny": false, "level": 84, "moves": ["aquajet", "knockoff", "dragondance", "crabhammer"], "ability": "Adaptability", "evs": {"hp": 85, "atk": 85, "def": 85, "spa": 85, "spd": 85, "spe": 85}, "ivs": {"hp": 31, "atk": 31, "def": 31, "spa": 31, "spd": 31, "spe": 31}, "item": "Life Orb", "teraType": "Water", "role": "Setup Sweeper", "bvs": {"hp": 63, "atk": 120, "def": 85, "spa": 90, "spd": 55, "spe": 55}, "stats": {"hp": 243, "atk": 250, "def": 191, "spa": 199, "spd": 141, "spe": 141}}, "Dugtrio": {"name": "Dugtrio", "species": "Dugtrio", "speciesId": "dugtrio", "gender": "M", "shiny": false, "level": 84, "moves": ["suckerpunch", "stoneedge", "earthquake", "throatchop"], "ability": "Arena Trap", "evs": {"hp": 85, "atk": 85, "def": 85, "spa": 85, "spd": 85, "spe": 85}, "ivs": {"hp": 31, "atk": 31, "def": 31, "spa": 31, "spd": 31, "spe": 31}, "item": "Choice Band", "teraType": "Ground", "role": "Wallbreaker", "bvs": {"hp": 35, "atk": 100, "def": 50, "spa": 50, "spd": 70, "spe": 120}, "stats": {"hp": 196, "atk": 216, "def": 132, "spa": 132, "spd": 166, "spe": 250}}, "Glastrier": {"name": "Glastrier", "species": "Glastrier", "speciesId": "glastrier", "gender": "N", "shiny": false, "level": 86, "moves": ["closecombat", "highhorsepower", "iciclecrash", "swordsdance"], "ability": "Chilling Neigh", "evs": {"hp": 85, "atk": 85, "def": 85, "spa": 85, "spd": 85, "spe": 85}, "ivs": {"hp": 31, "atk": 31, "def": 31, "spa": 31, "spd": 31, "spe": 31}, "item": "Heavy-Duty Boots", "teraType": "Ground", "role": "Bulky Attacker", "bvs": {"hp": 100, "atk": 145, "def": 130, "spa": 65, "spd": 110, "spe": 30}, "stats": {"hp": 312, "atk": 299, "def": 273, "spa": 161, "spd": 238, "spe": 101}}}]}