{"id": "gen9randombattle-2631989372", "format": "[Gen 9] Random Battle", "players": ["UseTheHood", "ze xauk"], "log": "|j|\u2606UseTheHood\n|j|\u2606ze xauk\n|t:|1781463313\n|gametype|singles\n|player|p1|UseTheHood|170|1981\n|player|p2|ze xauk|cheren-gen5bw2|1999\n|gen|9\n|tier|[Gen 9] Random Battle\n|rated|\n|rule|Species Clause: Limit one of each Pok\u00e9mon\n|rule|HP Percentage Mod: HP is shown in percentages\n|rule|Sleep Clause Mod: Limit one foe put to sleep\n|rule|Illusion Level Mod: Illusion disguises the Pok\u00e9mon's true level\n|\n|t:|1781463313\n|teamsize|p1|6\n|teamsize|p2|6\n|start\n|switch|p1a: Chimecho|Chimecho, L93, M|290/290\n|switch|p2a: Lycanroc|Lycanroc-Midnight, L89, F|296/296\n|turn|1\n|inactive|Battle timer is ON: inactive players will automatically lose when time's up. (requested by ze xauk)\n|inactive|UseTheHood has 120 seconds left.\n|inactive|UseTheHood has 90 seconds left.\n|inactive|UseTheHood has 60 seconds left.\n|inactive|UseTheHood has 30 seconds left.\n|inactive|UseTheHood has 20 seconds left.\n|inactive|UseTheHood has 15 seconds left.\n|inactive|UseTheHood has 10 seconds left.\n|inactive|UseTheHood has 5 seconds left.\n|-message|UseTheHood lost due to inactivity.\n|\n|win|ze xauk\n|raw|UseTheHood's rating: 1981 &rarr; <strong>1962</strong><br />(-19 for losing)\n|raw|ze xauk's rating: 1999 &rarr; <strong>2018</strong><br />(+19 for winning)\n", "inputlog": ">version a8376a258c1d4662feba110a92103f3664a72141\n>start {\"formatid\":\"gen9randombattle\",\"seed\":\"sodium,499a4488cc461922edb493a5e3f0b116\",\"rated\":\"Rated battle\"}\n>player p1 {\"name\":\"UseTheHood\",\"avatar\":\"170\",\"rating\":1981,\"seed\":\"sodium,6c0ad4d689a58b112102036ccb9b85e1\"}\n>player p2 {\"name\":\"ze xauk\",\"avatar\":\"cheren-gen5bw2\",\"rating\":1999,\"seed\":\"sodium,901f3a61a1e55c8366eb88a921026fc1\"}\n>forcelose p1", "uploadtime": 1781463315, "views": 6, "formatid": "gen9randombattle", "rating": 1962, "private": 0, "password": null}