{"id": "gen9randombattle-2631750238", "format": "[Gen 9] Random Battle", "players": ["PineappleCats", "PTSree"], "log": "|j|\u2606PineappleCats\n|j|\u2606PTSree\n|t:|1781433583\n|gametype|singles\n|player|p1|PineappleCats|giovanni|1935\n|player|p2|PTSree|266|2008\n|gen|9\n|tier|[Gen 9] Random Battle\n|rated|\n|rule|Species Clause: Limit one of each Pok\u00e9mon\n|rule|HP Percentage Mod: HP is shown in percentages\n|rule|Sleep Clause Mod: Limit one foe put to sleep\n|rule|Illusion Level Mod: Illusion disguises the Pok\u00e9mon's true level\n|\n|t:|1781433583\n|teamsize|p1|6\n|teamsize|p2|6\n|start\n|switch|p1a: Bisharp|Bisharp, L79, F|232/232\n|switch|p2a: Magnezone|Magnezone, L85|258/258\n|turn|1\n|inactive|Battle timer is ON: inactive players will automatically lose when time's up. (requested by PineappleCats)\n|\n|t:|1781433599\n|-terastallize|p1a: Bisharp|Ghost\n|move|p1a: Bisharp|Swords Dance|p1a: Bisharp\n|-boost|p1a: Bisharp|atk|2\n|move|p2a: Magnezone|Body Press|p1a: Bisharp\n|-immune|p1a: Bisharp\n|\n|upkeep\n|turn|2\n|\n|t:|1781433607\n|move|p1a: Bisharp|Throat Chop|p2a: Magnezone\n|-damage|p2a: Magnezone|104/258\n|-start|p2a: Magnezone|Throat Chop|[silent]\n|move|p2a: Magnezone|Thunderbolt|p1a: Bisharp\n|-damage|p1a: Bisharp|133/232\n|\n|-heal|p2a: Magnezone|120/258|[from] item: Leftovers\n|upkeep\n|turn|3\n|\n|t:|1781433620\n|move|p1a: Bisharp|Throat Chop|p2a: Magnezone\n|-damage|p2a: Magnezone|0 fnt\n|faint|p2a: Magnezone\n|\n|upkeep\n|inactive|PTSree has 120 seconds left.\n|\n|t:|1781433649\n|switch|p2a: Ting-Lu|Ting-Lu, L78|370/370\n|-ability|p2a: Ting-Lu|Vessel of Ruin\n|turn|4\n|\n|t:|1781433653\n|move|p1a: Bisharp|Iron Head|p2a: Ting-Lu\n|-damage|p2a: Ting-Lu|232/370\n|move|p2a: Ting-Lu|Throat Chop|p1a: Bisharp\n|-supereffective|p1a: Bisharp\n|-damage|p1a: Bisharp|23/232\n|-start|p1a: Bisharp|Throat Chop|[silent]\n|\n|-heal|p2a: Ting-Lu|255/370|[from] item: Leftovers\n|upkeep\n|turn|5\n|\n|t:|1781433663\n|move|p1a: Bisharp|Iron Head|p2a: Ting-Lu\n|-damage|p2a: Ting-Lu|108/370\n|move|p2a: Ting-Lu|Throat Chop|p1a: Bisharp\n|-supereffective|p1a: Bisharp\n|-damage|p1a: Bisharp|0 fnt\n|faint|p1a: Bisharp\n|\n|-heal|p2a: Ting-Lu|131/370|[from] item: Leftovers\n|upkeep\n|\n|t:|1781433667\n|switch|p1a: Floatzel|Floatzel, L86, M|286/286\n|turn|6\n|\n|t:|1781433683\n|switch|p2a: Araquanid|Araquanid, L82, M|246/246\n|move|p1a: Floatzel|Flip Turn|p2a: Araquanid\n|-resisted|p2a: Araquanid\n|-damage|p2a: Araquanid|192/246\n|\n|t:|1781433688\n|switch|p1a: Mienshao|Mienshao, L83, F|244/244|[from] Flip Turn\n|\n|upkeep\n|turn|7\n|\n|t:|1781433696\n|switch|p2a: Dachsbun|Dachsbun, L92, F|254/254\n|move|p1a: Mienshao|Fake Out|p2a: Dachsbun\n|-damage|p2a: Dachsbun|230/254\n|\n|-heal|p2a: Dachsbun|245/254|[from] item: Leftovers\n|upkeep\n|turn|8\n|\n|t:|1781433701\n|move|p2a: Dachsbun|Play Rough|p1a: Mienshao\n|-supereffective|p1a: Mienshao\n|-damage|p1a: Mienshao|0 fnt\n|faint|p1a: Mienshao\n|\n|-heal|p2a: Dachsbun|254/254|[from] item: Leftovers\n|upkeep\n|\n|t:|1781433706\n|switch|p1a: Floatzel|Floatzel, L86, M|286/286\n|turn|9\n|\n|t:|1781433712\n|move|p2a: Dachsbun|Protect|p2a: Dachsbun\n|-singleturn|p2a: Dachsbun|Protect\n|move|p1a: Floatzel|Wave Crash|p2a: Dachsbun\n|-activate|p2a: Dachsbun|move: Protect\n|\n|upkeep\n|turn|10\n|\n|t:|1781433717\n|switch|p2a: Araquanid|Araquanid, L82, M|192/246\n|move|p1a: Floatzel|Wave Crash|p2a: Araquanid\n|-resisted|p2a: Araquanid\n|-damage|p2a: Araquanid|87/246\n|-damage|p1a: Floatzel|251/286|[from] Recoil\n|\n|upkeep\n|turn|11\n|\n|t:|1781433723\n|move|p1a: Floatzel|Wave Crash|p2a: Araquanid\n|-resisted|p2a: Araquanid\n|-damage|p2a: Araquanid|0 fnt\n|faint|p2a: Araquanid\n|-damage|p1a: Floatzel|222/286|[from] Recoil\n|\n|upkeep\n|inactive|PTSree has 120 seconds left.\n|inactive|PTSree has 90 seconds left.\n|\n|t:|1781433784\n|switch|p2a: Dachsbun|Dachsbun, L92, F|254/254\n|turn|12\n|\n|t:|1781433796\n|move|p1a: Floatzel|Wave Crash|p2a: Dachsbun\n|-damage|p2a: Dachsbun|107/254\n|-damage|p1a: Floatzel|173/286|[from] Recoil\n|move|p2a: Dachsbun|Play Rough|p1a: Floatzel\n|-damage|p1a: Floatzel|35/286\n|-unboost|p1a: Floatzel|atk|1\n|\n|-heal|p2a: Dachsbun|122/254|[from] item: Leftovers\n|upkeep\n|turn|13\n|\n|t:|1781433811\n|switch|p1a: Krookodile|Krookodile, L79, F|280/280\n|-ability|p1a: Krookodile|Intimidate|boost\n|-unboost|p2a: Dachsbun|atk|1\n|move|p2a: Dachsbun|Play Rough|p1a: Krookodile|[miss]\n|-miss|p2a: Dachsbun|p1a: Krookodile\n|\n|-heal|p2a: Dachsbun|137/254|[from] item: Leftovers\n|upkeep\n|turn|14\n|inactive|PTSree has 90 seconds left.\n|\n|t:|1781433855\n|move|p2a: Dachsbun|Play Rough|p1a: Krookodile\n|-supereffective|p1a: Krookodile\n|-damage|p1a: Krookodile|136/280\n|move|p1a: Krookodile|Earthquake|p2a: Dachsbun\n|-damage|p2a: Dachsbun|8/254\n|\n|-heal|p2a: Dachsbun|23/254|[from] item: Leftovers\n|upkeep\n|turn|15\n|\n|t:|1781433862\n|move|p2a: Dachsbun|Play Rough|p1a: Krookodile\n|-supereffective|p1a: Krookodile\n|-crit|p1a: Krookodile\n|-damage|p1a: Krookodile|0 fnt\n|faint|p1a: Krookodile\n|\n|-heal|p2a: Dachsbun|38/254|[from] item: Leftovers\n|upkeep\n|\n|t:|1781433864\n|switch|p1a: Floatzel|Floatzel, L86, M|35/286\n|turn|16\n|\n|t:|1781433874\n|move|p2a: Dachsbun|Protect|p2a: Dachsbun\n|-singleturn|p2a: Dachsbun|Protect\n|move|p1a: Floatzel|Flip Turn|p2a: Dachsbun\n|-activate|p2a: Dachsbun|move: Protect\n|\n|-heal|p2a: Dachsbun|53/254|[from] item: Leftovers\n|upkeep\n|turn|17\n|inactive|PTSree has 60 seconds left.\n|\n|t:|1781433915\n|switch|p2a: Ting-Lu|Ting-Lu, L78|131/370\n|-ability|p2a: Ting-Lu|Vessel of Ruin\n|move|p1a: Floatzel|Flip Turn|p2a: Ting-Lu\n|-supereffective|p2a: Ting-Lu\n|-damage|p2a: Ting-Lu|0 fnt\n|faint|p2a: Ting-Lu\n|\n|t:|1781433932\n|switch|p1a: Piloswine|Piloswine, L85, F|309/309|[from] Flip Turn\n|\n|upkeep\n|inactive|PTSree has 30 seconds left.\n|inactive|PTSree has 20 seconds left.\n|inactive|PTSree has 15 seconds left.\n|\n|t:|1781433978\n|switch|p2a: Grimmsnarl|Grimmsnarl, L83, M|293/293\n|turn|18\n|inactive|PTSree has 25 seconds left this turn.\n|inactive|PTSree has 20 seconds left.\n|\n|t:|1781433985\n|move|p2a: Grimmsnarl|Spirit Break|p1a: Piloswine\n|-damage|p1a: Piloswine|242/309\n|-unboost|p1a: Piloswine|spa|1\n|move|p1a: Piloswine|Stealth Rock|p2a: Grimmsnarl\n|-sidestart|p2: PTSree|move: Stealth Rock\n|\n|upkeep\n|turn|19\n|inactive|PTSree has 30 seconds left this turn.\n|inactive|PTSree has 20 seconds left.\n|\n|t:|1781433996\n|move|p2a: Grimmsnarl|Spirit Break|p1a: Piloswine\n|-crit|p1a: Piloswine\n|-damage|p1a: Piloswine|143/309\n|-unboost|p1a: Piloswine|spa|1\n|move|p1a: Piloswine|Earthquake|p2a: Grimmsnarl\n|-damage|p2a: Grimmsnarl|149/293\n|\n|-heal|p2a: Grimmsnarl|167/293|[from] item: Leftovers\n|upkeep\n|turn|20\n|inactive|PTSree has 30 seconds left this turn.\n|\n|t:|1781434002\n|move|p2a: Grimmsnarl|Spirit Break|p1a: Piloswine\n|-damage|p1a: Piloswine|83/309\n|-unboost|p1a: Piloswine|spa|1\n|move|p1a: Piloswine|Earthquake|p2a: Grimmsnarl\n|-damage|p2a: Grimmsnarl|28/293\n|\n|-heal|p2a: Grimmsnarl|46/293|[from] item: Leftovers\n|upkeep\n|turn|21\n|inactive|PTSree has 30 seconds left.\n|\n|t:|1781434012\n|move|p2a: Grimmsnarl|Sucker Punch|p1a: Piloswine\n|-damage|p1a: Piloswine|25/309\n|move|p1a: Piloswine|Earthquake|p2a: Grimmsnarl\n|-damage|p2a: Grimmsnarl|0 fnt\n|faint|p2a: Grimmsnarl\n|\n|upkeep\n|inactive|PTSree has 30 seconds left.\n|\n|t:|1781434019\n|switch|p2a: Dachsbun|Dachsbun, L92, F|53/254\n|-damage|p2a: Dachsbun|22/254|[from] Stealth Rock\n|turn|22\n|inactive|PTSree has 30 seconds left.\n|inactive|PTSree has 20 seconds left.\n|\n|t:|1781434041\n|move|p2a: Dachsbun|Protect|p2a: Dachsbun\n|-singleturn|p2a: Dachsbun|Protect\n|move|p1a: Piloswine|Ice Shard|p2a: Dachsbun\n|-activate|p2a: Dachsbun|move: Protect\n|\n|-heal|p2a: Dachsbun|37/254|[from] item: Leftovers\n|upkeep\n|turn|23\n|inactive|PTSree has 30 seconds left this turn.\n|\n|t:|1781434044\n|move|p2a: Dachsbun|Play Rough|p1a: Piloswine\n|-damage|p1a: Piloswine|0 fnt\n|faint|p1a: Piloswine\n|\n|-heal|p2a: Dachsbun|52/254|[from] item: Leftovers\n|upkeep\n|\n|t:|1781434047\n|switch|p1a: Floatzel|Floatzel, L86, M|35/286\n|turn|24\n|\n|t:|1781434053\n|move|p2a: Dachsbun|Protect|p2a: Dachsbun\n|-singleturn|p2a: Dachsbun|Protect\n|move|p1a: Floatzel|Wave Crash|p2a: Dachsbun\n|-activate|p2a: Dachsbun|move: Protect\n|\n|-heal|p2a: Dachsbun|67/254|[from] item: Leftovers\n|upkeep\n|turn|25\n|\n|t:|1781434058\n|move|p1a: Floatzel|Wave Crash|p2a: Dachsbun\n|-damage|p2a: Dachsbun|0 fnt\n|faint|p2a: Dachsbun\n|-damage|p1a: Floatzel|13/286|[from] Recoil\n|\n|upkeep\n|\n|t:|1781434061\n|switch|p2a: Dugtrio|Dugtrio, L84, F|196/196\n|-damage|p2a: Dugtrio|184/196|[from] Stealth Rock\n|turn|26\n|inactive|PTSree has 60 seconds left.\n|\n|t:|1781434067\n|move|p2a: Dugtrio|Earthquake|p1a: Floatzel\n|-damage|p1a: Floatzel|0 fnt\n|faint|p1a: Floatzel\n|-damage|p2a: Dugtrio|165/196|[from] item: Life Orb\n|\n|upkeep\n|\n|t:|1781434069\n|switch|p1a: Hydrapple|Hydrapple, L83, F|312/312\n|turn|27\n|\n|t:|1781434081\n|-terastallize|p2a: Dugtrio|Ghost\n|move|p2a: Dugtrio|Swords Dance|p2a: Dugtrio\n|-boost|p2a: Dugtrio|atk|2\n|move|p1a: Hydrapple|Fickle Beam|p2a: Dugtrio\n|-damage|p2a: Dugtrio|0 fnt\n|faint|p2a: Dugtrio\n|\n|win|PineappleCats\n", "inputlog": ">version a8376a258c1d4662feba110a92103f3664a72141\n>start {\"formatid\":\"gen9randombattle\",\"seed\":\"sodium,eeaced1cd1a22a0e90058029eb9a2db4\",\"rated\":\"Rated battle\"}\n>player p1 {\"name\":\"PineappleCats\",\"avatar\":\"giovanni\",\"rating\":1935,\"seed\":\"sodium,93c6c4ccdeb12834fc832fe38ce0e5be\"}\n>player p2 {\"name\":\"PTSree\",\"avatar\":\"266\",\"rating\":2008,\"seed\":\"sodium,6f1bf72c47d1c27dc53a5a4195ad18b6\"}\n>p1 move swordsdance terastallize\n>p2 move bodypress\n>p1 move throatchop\n>p2 move thunderbolt\n>p1 move throatchop\n>p2 move thunderbolt\n>p2 switch 4\n>p1 move ironhead\n>p2 move throatchop\n>p1 move ironhead\n>p2 move throatchop\n>p1 switch 2\n>p1 move flipturn\n>p2 switch 6\n>p1 switch 6\n>p1 move fakeout\n>p2 switch 2\n>p1 move uturn\n>p2 move playrough\n>p1 switch 6\n>p1 move wavecrash\n>p2 move protect\n>p1 move wavecrash\n>p2 switch 2\n>p1 move wavecrash\n>p2 move leechlife\n>p2 switch 2\n>p1 move wavecrash\n>p2 move playrough\n>p1 switch 4\n>p2 move playrough\n>p1 move earthquake\n>p2 move playrough\n>p1 move earthquake\n>p2 move playrough\n>p1 switch 4\n>p1 move flipturn\n>p2 move protect\n>p1 move flipturn\n>p2 switch 6\n>p1 switch 3\n>p2 switch 5\n>p1 move stealthrock\n>p2 move spiritbreak\n>p1 move earthquake\n>p2 move spiritbreak\n>p1 move earthquake\n>p2 move spiritbreak\n>p1 move earthquake\n>p2 move suckerpunch\n>p2 switch 6\n>p1 move iceshard\n>p2 move protect\n>p1 move earthquake\n>p2 move playrough\n>p1 switch 3\n>p1 move wavecrash\n>p2 move protect\n>p1 move wavecrash\n>p2 move playrough\n>p2 switch 3\n>p1 move wavecrash\n>p2 move earthquake\n>p1 switch 5\n>p1 move ficklebeam\n>p2 move swordsdance terastallize", "uploadtime": 1781433584, "views": 8, "formatid": "gen9randombattle", "rating": null, "private": 0, "password": null, "player_dets": [{"name": "PineappleCats", "avatar": "giovanni", "rating": 1935, "seed": "sodium,93c6c4ccdeb12834fc832fe38ce0e5be"}, {"name": "PTSree", "avatar": "266", "rating": 2008, "seed": "sodium,6f1bf72c47d1c27dc53a5a4195ad18b6"}], "teams_full": [{"Bisharp": {"name": "Bisharp", "species": "Bisharp", "speciesId": "bisharp", "gender": "F", "shiny": false, "level": 79, "moves": ["suckerpunch", "swordsdance", "ironhead", "throatchop"], "ability": "Defiant", "evs": {"hp": 85, "atk": 85, "def": 85, "spa": 85, "spd": 85, "spe": 85}, "ivs": {"hp": 31, "atk": 31, "def": 31, "spa": 31, "spd": 31, "spe": 31}, "item": "Eviolite", "teraType": "Ghost", "role": "Bulky Attacker", "bvs": {"hp": 65, "atk": 125, "def": 100, "spa": 60, "spd": 70, "spe": 70}, "stats": {"hp": 232, "atk": 243, "def": 204, "spa": 140, "spd": 156, "spe": 156}}, "Floatzel": {"name": "Floatzel", "species": "Floatzel", "speciesId": "floatzel", "gender": "M", "shiny": false, "level": 86, "moves": ["flipturn", "icespinner", "crunch", "wavecrash"], "ability": "Water Veil", "evs": {"hp": 85, "atk": 85, "def": 85, "spa": 85, "spd": 85, "spe": 85}, "ivs": {"hp": 31, "atk": 31, "def": 31, "spa": 31, "spd": 31, "spe": 31}, "item": "Choice Band", "teraType": "Water", "role": "Wallbreaker", "bvs": {"hp": 85, "atk": 105, "def": 55, "spa": 85, "spd": 50, "spe": 115}, "stats": {"hp": 286, "atk": 230, "def": 144, "spa": 195, "spd": 135, "spe": 247}}, "Piloswine": {"name": "Piloswine", "species": "Piloswine", "speciesId": "piloswine", "gender": "F", "shiny": false, "level": 85, "moves": ["earthquake", "iceshard", "iciclecrash", "stealthrock"], "ability": "Thick Fat", "evs": {"hp": 85, "atk": 85, "def": 85, "spa": 85, "spd": 85, "spe": 85}, "ivs": {"hp": 31, "atk": 31, "def": 31, "spa": 31, "spd": 31, "spe": 31}, "item": "Eviolite", "teraType": "Dragon", "role": "Bulky Support", "bvs": {"hp": 100, "atk": 100, "def": 80, "spa": 60, "spd": 60, "spe": 50}, "stats": {"hp": 309, "atk": 219, "def": 185, "spa": 151, "spd": 151, "spe": 134}}, "Krookodile": {"name": "Krookodile", "species": "Krookodile", "speciesId": "krookodile", "gender": "F", "shiny": false, "level": 79, "moves": ["gunkshot", "knockoff", "earthquake", "stoneedge"], "ability": "Intimidate", "evs": {"hp": 85, "atk": 85, "def": 85, "spa": 85, "spd": 85, "spe": 85}, "ivs": {"hp": 31, "atk": 31, "def": 31, "spa": 31, "spd": 31, "spe": 31}, "item": "Choice Band", "teraType": "Poison", "role": "Fast Attacker", "bvs": {"hp": 95, "atk": 117, "def": 80, "spa": 65, "spd": 70, "spe": 92}, "stats": {"hp": 280, "atk": 230, "def": 172, "spa": 148, "spd": 156, "spe": 191}}, "Hydrapple": {"name": "Hydrapple", "species": "Hydrapple", "speciesId": "hydrapple", "gender": "F", "shiny": false, "level": 83, "moves": ["dracometeor", "ficklebeam", "earthpower", "leafstorm"], "ability": "Regenerator", "evs": {"hp": 85, "atk": 0, "def": 85, "spa": 85, "spd": 85, "spe": 85}, "ivs": {"hp": 31, "atk": 0, "def": 31, "spa": 31, "spd": 31, "spe": 31}, "item": "Choice Specs", "teraType": "Dragon", "role": "Wallbreaker", "bvs": {"hp": 106, "atk": 80, "def": 110, "spa": 120, "spd": 80, "spe": 44}, "stats": {"hp": 312, "atk": 137, "def": 230, "spa": 247, "spd": 180, "spe": 121}}, "Mienshao": {"name": "Mienshao", "species": "Mienshao", "speciesId": "mienshao", "gender": "F", "shiny": false, "level": 83, "moves": ["fakeout", "uturn", "knockoff", "closecombat"], "ability": "Regenerator", "evs": {"hp": 85, "atk": 85, "def": 85, "spa": 85, "spd": 85, "spe": 85}, "ivs": {"hp": 31, "atk": 31, "def": 31, "spa": 31, "spd": 31, "spe": 31}, "item": "Assault Vest", "teraType": "Dark", "role": "AV Pivot", "bvs": {"hp": 65, "atk": 125, "def": 60, "spa": 95, "spd": 60, "spe": 105}, "stats": {"hp": 244, "atk": 255, "def": 147, "spa": 205, "spd": 147, "spe": 222}}}, {"Magnezone": {"name": "Magnezone", "species": "Magnezone", "speciesId": "magnezone", "gender": "N", "shiny": false, "level": 85, "moves": ["thunderbolt", "bodypress", "flashcannon", "irondefense"], "ability": "Magnet Pull", "evs": {"hp": 85, "atk": 0, "def": 85, "spa": 85, "spd": 85, "spe": 85}, "ivs": {"hp": 31, "atk": 0, "def": 31, "spa": 31, "spd": 31, "spe": 31}, "item": "Leftovers", "teraType": "Fighting", "role": "Bulky Setup", "bvs": {"hp": 70, "atk": 70, "def": 115, "spa": 130, "spd": 90, "spe": 60}, "stats": {"hp": 258, "atk": 124, "def": 244, "spa": 270, "spd": 202, "spe": 151}}, "Dachsbun": {"name": "Dachsbun", "species": "Dachsbun", "speciesId": "dachsbun", "gender": "F", "shiny": false, "level": 92, "moves": ["yawn", "wish", "playrough", "protect"], "ability": "Well-Baked Body", "evs": {"hp": 85, "atk": 85, "def": 85, "spa": 85, "spd": 85, "spe": 85}, "ivs": {"hp": 31, "atk": 31, "def": 31, "spa": 31, "spd": 31, "spe": 31}, "item": "Leftovers", "teraType": "Steel", "role": "Bulky Support", "bvs": {"hp": 57, "atk": 80, "def": 115, "spa": 50, "spd": 80, "spe": 95}, "stats": {"hp": 254, "atk": 200, "def": 264, "spa": 144, "spd": 200, "spe": 227}}, "Dugtrio": {"name": "Dugtrio", "species": "Dugtrio", "speciesId": "dugtrio", "gender": "F", "shiny": false, "level": 84, "moves": ["suckerpunch", "earthquake", "stoneedge", "swordsdance"], "ability": "Arena Trap", "evs": {"hp": 85, "atk": 85, "def": 85, "spa": 85, "spd": 85, "spe": 85}, "ivs": {"hp": 31, "atk": 31, "def": 31, "spa": 31, "spd": 31, "spe": 31}, "item": "Life Orb", "teraType": "Ghost", "role": "Fast Support", "bvs": {"hp": 35, "atk": 100, "def": 50, "spa": 50, "spd": 70, "spe": 120}, "stats": {"hp": 196, "atk": 216, "def": 132, "spa": 132, "spd": 166, "spe": 250}}, "Ting-Lu": {"name": "Ting-Lu", "species": "Ting-Lu", "speciesId": "tinglu", "gender": "N", "shiny": false, "level": 78, "moves": ["spikes", "stealthrock", "throatchop", "earthquake"], "ability": "Vessel of Ruin", "evs": {"hp": 85, "atk": 85, "def": 85, "spa": 85, "spd": 85, "spe": 85}, "ivs": {"hp": 31, "atk": 31, "def": 31, "spa": 31, "spd": 31, "spe": 31}, "item": "Leftovers", "teraType": "Poison", "role": "Bulky Support", "bvs": {"hp": 155, "atk": 110, "def": 125, "spa": 55, "spd": 80, "spe": 45}, "stats": {"hp": 370, "atk": 217, "def": 240, "spa": 131, "spd": 170, "spe": 115}}, "Grimmsnarl": {"name": "Grimmsnarl", "species": "Grimmsnarl", "speciesId": "grimmsnarl", "gender": "M", "shiny": false, "level": 83, "moves": ["thunderwave", "suckerpunch", "partingshot", "spiritbreak"], "ability": "Prankster", "evs": {"hp": 85, "atk": 85, "def": 85, "spa": 85, "spd": 85, "spe": 85}, "ivs": {"hp": 31, "atk": 31, "def": 31, "spa": 31, "spd": 31, "spe": 31}, "item": "Leftovers", "teraType": "Poison", "role": "Bulky Attacker", "bvs": {"hp": 95, "atk": 120, "def": 65, "spa": 95, "spd": 75, "spe": 60}, "stats": {"hp": 293, "atk": 247, "def": 156, "spa": 205, "spd": 172, "spe": 147}}, "Araquanid": {"name": "Araquanid", "species": "Araquanid", "speciesId": "araquanid", "gender": "M", "shiny": false, "level": 82, "moves": ["leechlife", "liquidation", "stickyweb", "hydropump"], "ability": "Water Bubble", "evs": {"hp": 85, "atk": 85, "def": 85, "spa": 85, "spd": 85, "spe": 85}, "ivs": {"hp": 31, "atk": 31, "def": 31, "spa": 31, "spd": 31, "spe": 31}, "item": "Heavy-Duty Boots", "teraType": "Ground", "role": "Bulky Attacker", "bvs": {"hp": 68, "atk": 70, "def": 92, "spa": 50, "spd": 132, "spe": 42}, "stats": {"hp": 246, "atk": 162, "def": 198, "spa": 129, "spd": 264, "spe": 116}}}]}