{"id": "gen9randombattle-2631957766", "format": "[Gen 9] Random Battle", "players": ["Jefejenaro", "Astrokid11"], "log": "|j|\u2606Jefejenaro\n|j|\u2606Astrokid11\n|t:|1781459864\n|gametype|singles\n|player|p1|Jefejenaro|wallace|1971\n|player|p2|Astrokid11|2|1959\n|gen|9\n|tier|[Gen 9] Random Battle\n|rated|\n|rule|Species Clause: Limit one of each Pok\u00e9mon\n|rule|HP Percentage Mod: HP is shown in percentages\n|rule|Sleep Clause Mod: Limit one foe put to sleep\n|rule|Illusion Level Mod: Illusion disguises the Pok\u00e9mon's true level\n|\n|t:|1781459864\n|teamsize|p1|6\n|teamsize|p2|6\n|start\n|switch|p1a: Meowstic|Meowstic-F, L89, F|277/277\n|switch|p2a: Arboliva|Arboliva, L91, F|288/288\n|turn|1\n|inactive|Battle timer is ON: inactive players will automatically lose when time's up. (requested by Astrokid11)\n|\n|t:|1781459896\n|switch|p2a: Qwilfish|Qwilfish-Hisui, L83, M|244/244\n|-ability|p2a: Qwilfish|Intimidate|boost\n|-unboost|p1a: Meowstic|atk|1\n|-ability|p1a: Meowstic|Competitive|boost\n|-boost|p1a: Meowstic|spa|2\n|move|p1a: Meowstic|Nasty Plot|p1a: Meowstic\n|-boost|p1a: Meowstic|spa|2\n|\n|upkeep\n|turn|2\n|inactive|Jefejenaro has 120 seconds left.\n|\n|t:|1781459932\n|-terastallize|p1a: Meowstic|Fairy\n|move|p1a: Meowstic|Alluring Voice|p2a: Qwilfish\n|-damage|p2a: Qwilfish|0 fnt\n|faint|p2a: Qwilfish\n|-damage|p1a: Meowstic|250/277|[from] item: Life Orb\n|\n|upkeep\n|\n|t:|1781459961\n|switch|p2a: Gholdengo|Gholdengo, L77|261/261\n|turn|3\n|inactive|Jefejenaro has 120 seconds left.\n|\n|t:|1781459986\n|move|p2a: Gholdengo|Make It Rain|p1a: Meowstic\n|-supereffective|p1a: Meowstic\n|-damage|p1a: Meowstic|0 fnt\n|-unboost|p2a: Gholdengo|spa|1\n|faint|p1a: Meowstic\n|\n|upkeep\n|l|\u2606Astrokid11\n|inactive|Astrokid11 disconnected and has a minute to reconnect!\n|player|p2|\n|\n|t:|1781459999\n|switch|p1a: Krookodile|Krookodile, L79, M|280/280\n|-ability|p1a: Krookodile|Intimidate|boost\n|-unboost|p2a: Gholdengo|atk|1\n|turn|4\n|j|\u2606Astrokid11\n|inactive|Astrokid11 reconnected and has 130 seconds left.\n|player|p2|Astrokid11|2|\n|inactive|Astrokid11 has 120 seconds left.\n|\n|t:|1781460031\n|switch|p2a: Arceus|Arceus-Dragon, L71|288/288\n|move|p1a: Krookodile|Knock Off|p2a: Arceus\n|-damage|p2a: Arceus|186/288\n|\n|upkeep\n|turn|5\n|inactive|Astrokid11 has 120 seconds left.\n|\n|t:|1781460043\n|switch|p2a: Lumineon|Lumineon, L93, M|279/279\n|switch|p1a: Dialga|Dialga, L73|266/266\n|-ability|p1a: Dialga|Pressure\n|\n|upkeep\n|turn|6\n|inactive|Jefejenaro has 120 seconds left.\n|\n|t:|1781460066\n|switch|p2a: Gholdengo|Gholdengo, L77|261/261\n|move|p1a: Dialga|Draco Meteor|p2a: Gholdengo\n|-resisted|p2a: Gholdengo\n|-damage|p2a: Gholdengo|182/261\n|-unboost|p1a: Dialga|spa|2\n|\n|upkeep\n|turn|7\n|\n|t:|1781460078\n|switch|p1a: Krookodile|Krookodile, L79, M|280/280\n|-ability|p1a: Krookodile|Intimidate|boost\n|-unboost|p2a: Gholdengo|atk|1\n|move|p2a: Gholdengo|Focus Blast|p1a: Krookodile|[miss]\n|-miss|p2a: Gholdengo|p1a: Krookodile\n|\n|upkeep\n|turn|8\n|\n|t:|1781460085\n|switch|p1a: Okidogi|Okidogi, L77, M|262/262\n|move|p2a: Gholdengo|Focus Blast|p1a: Okidogi\n|-resisted|p1a: Okidogi\n|-damage|p1a: Okidogi|215/262\n|-unboost|p1a: Okidogi|spd|1\n|\n|-heal|p1a: Okidogi|231/262|[from] item: Leftovers\n|upkeep\n|turn|9\n|\n|t:|1781460091\n|switch|p2a: Arceus|Arceus-Dragon, L71|186/288\n|move|p1a: Okidogi|Knock Off|p2a: Arceus\n|-damage|p2a: Arceus|139/288\n|-status|p2a: Arceus|tox|[from] ability: Toxic Chain|[of] p1a: Okidogi\n|\n|-heal|p1a: Okidogi|247/262|[from] item: Leftovers\n|-damage|p2a: Arceus|121/288 tox|[from] psn\n|upkeep\n|turn|10\n|inactive|Jefejenaro has 120 seconds left.\n|\n|t:|1781460117\n|switch|p1a: Dialga|Dialga, L73|266/266\n|-ability|p1a: Dialga|Pressure\n|move|p2a: Arceus|Outrage|p1a: Dialga\n|-damage|p1a: Dialga|154/266\n|\n|-damage|p2a: Arceus|85/288 tox|[from] psn\n|upkeep\n|turn|11\n|\n|t:|1781460129\n|move|p2a: Arceus|Outrage|p1a: Dialga|[from] lockedmove\n|-damage|p1a: Dialga|36/266\n|move|p1a: Dialga|Heavy Slam|p2a: Arceus\n|-damage|p2a: Arceus|34/288 tox\n|\n|-damage|p2a: Arceus|0 fnt|[from] psn\n|faint|p2a: Arceus\n|upkeep\n|\n|t:|1781460145\n|switch|p2a: Lumineon|Lumineon, L93, M|279/279\n|turn|12\n|\n|t:|1781460165\n|move|p2a: Lumineon|Ice Beam|p1a: Dialga\n|-damage|p1a: Dialga|0 fnt\n|faint|p1a: Dialga\n|-damage|p2a: Lumineon|252/279|[from] item: Life Orb\n|\n|upkeep\n|\n|t:|1781460175\n|switch|p1a: Okidogi|Okidogi, L77, M|247/262\n|turn|13\n|\n|t:|1781460191\n|move|p2a: Lumineon|Hydro Pump|p1a: Okidogi\n|-damage|p1a: Okidogi|91/262\n|-damage|p2a: Lumineon|225/279|[from] item: Life Orb\n|move|p1a: Okidogi|Knock Off|p2a: Lumineon\n|-damage|p2a: Lumineon|155/279\n|-enditem|p2a: Lumineon|Life Orb|[from] move: Knock Off|[of] p1a: Okidogi\n|\n|-heal|p1a: Okidogi|107/262|[from] item: Leftovers\n|upkeep\n|turn|14\n|\n|t:|1781460202\n|move|p2a: Lumineon|Hydro Pump|p1a: Okidogi|[miss]\n|-miss|p2a: Lumineon|p1a: Okidogi\n|move|p1a: Okidogi|Drain Punch|p2a: Lumineon\n|-damage|p2a: Lumineon|67/279\n|-heal|p1a: Okidogi|151/262|[from] drain|[of] p2a: Lumineon\n|-status|p2a: Lumineon|tox|[from] ability: Toxic Chain|[of] p1a: Okidogi\n|\n|-heal|p1a: Okidogi|167/262|[from] item: Leftovers\n|-damage|p2a: Lumineon|50/279 tox|[from] psn\n|upkeep\n|turn|15\n|\n|t:|1781460206\n|move|p2a: Lumineon|Hydro Pump|p1a: Okidogi\n|-damage|p1a: Okidogi|44/262\n|move|p1a: Okidogi|Drain Punch|p2a: Lumineon\n|-damage|p2a: Lumineon|0 fnt\n|-heal|p1a: Okidogi|69/262|[from] drain|[of] p2a: Lumineon\n|faint|p2a: Lumineon\n|\n|-heal|p1a: Okidogi|85/262|[from] item: Leftovers\n|upkeep\n|\n|t:|1781460211\n|switch|p2a: Cinccino|Cinccino, L83, M|260/260\n|turn|16\n|\n|t:|1781460215\n|move|p2a: Cinccino|Tail Slap|p1a: Okidogi\n|-damage|p1a: Okidogi|52/262\n|-damage|p1a: Okidogi|16/262\n|-damage|p1a: Okidogi|0 fnt\n|faint|p1a: Okidogi\n|-hitcount|p1: Okidogi|3\n|\n|upkeep\n|\n|t:|1781460218\n|switch|p1a: Krookodile|Krookodile, L79, M|280/280\n|-ability|p1a: Krookodile|Intimidate|boost\n|-unboost|p2a: Cinccino|atk|1\n|turn|17\n|\n|t:|1781460222\n|-terastallize|p2a: Cinccino|Grass\n|move|p2a: Cinccino|Bullet Seed|p1a: Krookodile\n|-supereffective|p1a: Krookodile\n|-damage|p1a: Krookodile|218/280\n|-supereffective|p1a: Krookodile\n|-damage|p1a: Krookodile|162/280\n|-supereffective|p1a: Krookodile\n|-damage|p1a: Krookodile|102/280\n|-supereffective|p1a: Krookodile\n|-damage|p1a: Krookodile|42/280\n|-hitcount|p1a: Krookodile|4\n|move|p1a: Krookodile|Knock Off|p2a: Cinccino\n|-damage|p2a: Cinccino|40/260\n|-enditem|p2a: Cinccino|Loaded Dice|[from] move: Knock Off|[of] p1a: Krookodile\n|\n|upkeep\n|turn|18\n|\n|t:|1781460246\n|switch|p1a: Vivillon|Vivillon-Elegant, L83, M|268/268\n|move|p2a: Cinccino|U-turn|p1a: Vivillon\n|-resisted|p1a: Vivillon\n|-damage|p1a: Vivillon|245/268\n|\n|t:|1781460263\n|switch|p2a: Gholdengo|Gholdengo, L77|182/261|[from] U-turn\n|\n|upkeep\n|turn|19\n|inactive|Jefejenaro has 120 seconds left.\n|\n|t:|1781460303\n|move|p2a: Gholdengo|Trick|p1a: Vivillon\n|-activate|p2a: Gholdengo|move: Trick|[of] p1a: Vivillon\n|-item|p1a: Vivillon|Choice Scarf|[from] move: Trick\n|-item|p2a: Gholdengo|Heavy-Duty Boots|[from] move: Trick\n|move|p1a: Vivillon|Quiver Dance|p1a: Vivillon\n|-boost|p1a: Vivillon|spa|1\n|-boost|p1a: Vivillon|spd|1\n|-boost|p1a: Vivillon|spe|1\n|\n|upkeep\n|turn|20\n|\n|t:|1781460312\n|switch|p1a: Krookodile|Krookodile, L79, M|42/280\n|-ability|p1a: Krookodile|Intimidate|boost\n|-unboost|p2a: Gholdengo|atk|1\n|move|p2a: Gholdengo|Make It Rain|p1a: Krookodile\n|-damage|p1a: Krookodile|0 fnt\n|-unboost|p2a: Gholdengo|spa|1\n|faint|p1a: Krookodile\n|\n|upkeep\n|\n|t:|1781460317\n|switch|p1a: Bombirdier|Bombirdier, L85, F|258/258\n|turn|21\n|\n|t:|1781460330\n|move|p1a: Bombirdier|Knock Off|p2a: Gholdengo\n|-supereffective|p2a: Gholdengo\n|-damage|p2a: Gholdengo|0 fnt\n|-enditem|p2a: Gholdengo|Heavy-Duty Boots|[from] move: Knock Off|[of] p1a: Bombirdier\n|faint|p2a: Gholdengo\n|\n|upkeep\n|\n|t:|1781460342\n|switch|p2a: Arboliva|Arboliva, L91, F|288/288\n|turn|22\n|inactive|Jefejenaro has 120 seconds left.\n|\n|t:|1781460371\n|move|p1a: Bombirdier|Brave Bird|p2a: Arboliva\n|-supereffective|p2a: Arboliva\n|-damage|p2a: Arboliva|48/288\n|-enditem|p2a: Arboliva|Sitrus Berry|[eat]\n|-heal|p2a: Arboliva|120/288|[from] item: Sitrus Berry\n|-damage|p1a: Bombirdier|179/258|[from] Recoil\n|move|p2a: Arboliva|Hyper Voice|p1a: Bombirdier\n|-damage|p1a: Bombirdier|37/258\n|\n|-item|p2a: Arboliva|Sitrus Berry|[from] ability: Harvest\n|upkeep\n|-enditem|p2a: Arboliva|Sitrus Berry|[eat]\n|-heal|p2a: Arboliva|192/288|[from] item: Sitrus Berry\n|turn|23\n|\n|t:|1781460382\n|move|p1a: Bombirdier|Brave Bird|p2a: Arboliva\n|-supereffective|p2a: Arboliva\n|-damage|p2a: Arboliva|0 fnt\n|faint|p2a: Arboliva\n|-damage|p1a: Bombirdier|0 fnt|[from] Recoil\n|faint|p1a: Bombirdier\n|\n|upkeep\n|\n|t:|1781460385\n|switch|p1a: Vivillon|Vivillon-Elegant, L83, M|245/268\n|switch|p2a: Cinccino|Cinccino, L83, M, tera:Grass|40/260\n|turn|24\n|inactive|Jefejenaro has 120 seconds left.\n|\n|t:|1781460405\n|move|p1a: Vivillon|Tera Blast|p2a: Cinccino\n|-damage|p2a: Cinccino|0 fnt\n|faint|p2a: Cinccino\n|\n|win|Jefejenaro\n", "inputlog": ">version a8376a258c1d4662feba110a92103f3664a72141\n>start {\"formatid\":\"gen9randombattle\",\"seed\":\"sodium,c62804607013e577bf95b31626c28125\",\"rated\":\"Rated battle\"}\n>player p1 {\"name\":\"Jefejenaro\",\"avatar\":\"wallace\",\"rating\":1971,\"seed\":\"sodium,b912fd36fc69e2ff58442c9175ddc6d9\"}\n>player p2 {\"name\":\"Astrokid11\",\"avatar\":\"2\",\"rating\":1959,\"seed\":\"sodium,0862cfefa850eec53e62df3665a5a086\"}\n>p1 move nastyplot\n>p2 switch 2\n>p1 move alluringvoice terastallize\n>p2 move crunch\n>p2 switch 4\n>p1 move thunderbolt\n>p2 move makeitrain\n>p1 switch 3\n>p1 move knockoff\n>p2 switch 6\n>p1 switch 6\n>p2 switch 5\n>p1 move dracometeor\n>p2 switch 6\n>p1 switch 6\n>p2 move focusblast\n>p1 switch 4\n>p2 move focusblast\n>p1 move knockoff\n>p2 switch 5\n>p1 switch 6\n>p2 move outrage\n>p1 move heavyslam\n>p2 move outrage\n>p2 switch 6\n>p1 move dracometeor\n>p2 move icebeam\n>p1 switch 6\n>p1 move knockoff\n>p2 move hydropump\n>p1 move drainpunch\n>p2 move hydropump\n>p1 move drainpunch\n>p2 move hydropump\n>p2 switch 3\n>p1 move knockoff\n>p2 move tailslap\n>p1 switch 4\n>p1 move knockoff\n>p2 move bulletseed terastallize\n>p1 switch 5\n>p2 move uturn\n>p2 switch 5\n>p1 move quiverdance\n>p2 move trick\n>p1 switch 5\n>p2 move makeitrain\n>p1 switch 2\n>p1 move knockoff\n>p2 move makeitrain\n>p2 switch 2\n>p1 move bravebird\n>p2 move hypervoice\n>p1 move bravebird\n>p2 move hypervoice\n>p1 switch 5\n>p2 switch 5\n>p1 move terablast\n>p2 move tripleaxel", "uploadtime": 1781459866, "views": 10, "formatid": "gen9randombattle", "rating": null, "private": 0, "password": null, "player_dets": [{"name": "Jefejenaro", "avatar": "wallace", "rating": 1971, "seed": "sodium,b912fd36fc69e2ff58442c9175ddc6d9"}, {"name": "Astrokid11", "avatar": "2", "rating": 1959, "seed": "sodium,0862cfefa850eec53e62df3665a5a086"}], "teams_full": [{"Meowstic": {"name": "Meowstic", "species": "Meowstic-F", "speciesId": "meowsticf", "gender": "F", "shiny": false, "level": 89, "moves": ["thunderbolt", "psychic", "alluringvoice", "nastyplot"], "ability": "Competitive", "evs": {"hp": 85, "atk": 0, "def": 85, "spa": 85, "spd": 85, "spe": 85}, "ivs": {"hp": 31, "atk": 0, "def": 31, "spa": 31, "spd": 31, "spe": 31}, "item": "Life Orb", "teraType": "Fairy", "role": "Setup Sweeper", "bvs": {"hp": 74, "atk": 48, "def": 76, "spa": 83, "spd": 81, "spe": 104}, "stats": {"hp": 277, "atk": 90, "def": 186, "spa": 199, "spd": 195, "spe": 236}, "types": ["Psychic"]}, "Bombirdier": {"name": "Bombirdier", "species": "Bombirdier", "speciesId": "bombirdier", "gender": "F", "shiny": false, "level": 85, "moves": ["bravebird", "stealthrock", "roost", "knockoff"], "ability": "Big Pecks", "evs": {"hp": 85, "atk": 85, "def": 85, "spa": 85, "spd": 85, "spe": 85}, "ivs": {"hp": 31, "atk": 31, "def": 31, "spa": 31, "spd": 31, "spe": 31}, "item": "Heavy-Duty Boots", "teraType": "Steel", "role": "Bulky Support", "bvs": {"hp": 70, "atk": 103, "def": 85, "spa": 60, "spd": 85, "spe": 82}, "stats": {"hp": 258, "atk": 224, "def": 193, "spa": 151, "spd": 193, "spe": 188}, "types": ["Flying", "Dark"]}, "Krookodile": {"name": "Krookodile", "species": "Krookodile", "speciesId": "krookodile", "gender": "M", "shiny": false, "level": 79, "moves": ["stoneedge", "knockoff", "gunkshot", "earthquake"], "ability": "Intimidate", "evs": {"hp": 85, "atk": 85, "def": 85, "spa": 85, "spd": 85, "spe": 85}, "ivs": {"hp": 31, "atk": 31, "def": 31, "spa": 31, "spd": 31, "spe": 31}, "item": "Choice Band", "teraType": "Poison", "role": "Fast Attacker", "bvs": {"hp": 95, "atk": 117, "def": 80, "spa": 65, "spd": 70, "spe": 92}, "stats": {"hp": 280, "atk": 230, "def": 172, "spa": 148, "spd": 156, "spe": 191}, "types": ["Ground", "Dark"]}, "Okidogi": {"name": "Okidogi", "species": "Okidogi", "speciesId": "okidogi", "gender": "M", "shiny": false, "level": 77, "moves": ["bulkup", "drainpunch", "knockoff", "gunkshot"], "ability": "Toxic Chain", "evs": {"hp": 85, "atk": 85, "def": 85, "spa": 85, "spd": 85, "spe": 85}, "ivs": {"hp": 31, "atk": 31, "def": 31, "spa": 31, "spd": 31, "spe": 31}, "item": "Leftovers", "teraType": "Dark", "role": "Bulky Setup", "bvs": {"hp": 88, "atk": 128, "def": 115, "spa": 58, "spd": 86, "spe": 80}, "stats": {"hp": 262, "atk": 242, "def": 222, "spa": 134, "spd": 177, "spe": 168}, "types": ["Poison", "Fighting"]}, "Vivillon": {"name": "Vivillon", "species": "Vivillon-Elegant", "speciesId": "vivillon", "gender": "M", "shiny": false, "level": 83, "moves": ["hurricane", "sleeppowder", "quiverdance", "terablast"], "ability": "Compound Eyes", "evs": {"hp": 85, "atk": 0, "def": 85, "spa": 85, "spd": 85, "spe": 85}, "ivs": {"hp": 31, "atk": 0, "def": 31, "spa": 31, "spd": 31, "spe": 31}, "item": "Heavy-Duty Boots", "teraType": "Ground", "role": "Tera Blast user", "bvs": {"hp": 80, "atk": 52, "def": 50, "spa": 90, "spd": 50, "spe": 89}, "stats": {"hp": 268, "atk": 91, "def": 131, "spa": 197, "spd": 131, "spe": 195}, "types": ["Bug", "Flying"]}, "Dialga": {"name": "Dialga", "species": "Dialga", "speciesId": "dialga", "gender": "N", "shiny": false, "level": 73, "moves": ["dracometeor", "heavyslam", "dragontail", "fireblast"], "ability": "Pressure", "evs": {"hp": 85, "atk": 85, "def": 85, "spa": 85, "spd": 85, "spe": 85}, "ivs": {"hp": 31, "atk": 31, "def": 31, "spa": 31, "spd": 31, "spe": 31}, "item": "Assault Vest", "teraType": "Flying", "role": "AV Pivot", "bvs": {"hp": 100, "atk": 120, "def": 120, "spa": 150, "spd": 100, "spe": 90}, "stats": {"hp": 266, "atk": 218, "def": 218, "spa": 261, "spd": 188, "spe": 174}, "types": ["Steel", "Dragon"]}}, {"Arboliva": {"name": "Arboliva", "species": "Arboliva", "speciesId": "arboliva", "gender": "F", "shiny": false, "level": 91, "moves": ["substitute", "protect", "leechseed", "hypervoice"], "ability": "Harvest", "evs": {"hp": 77, "atk": 0, "def": 85, "spa": 85, "spd": 85, "spe": 85}, "ivs": {"hp": 31, "atk": 0, "def": 31, "spa": 31, "spd": 31, "spe": 31}, "item": "Sitrus Berry", "teraType": "Water", "role": "Bulky Support", "bvs": {"hp": 78, "atk": 69, "def": 90, "spa": 125, "spd": 109, "spe": 39}, "stats": {"hp": 288, "atk": 130, "def": 216, "spa": 279, "spd": 250, "spe": 123}, "types": ["Grass", "Normal"]}, "Qwilfish": {"name": "Qwilfish", "species": "Qwilfish-Hisui", "speciesId": "qwilfishhisui", "gender": "M", "shiny": false, "level": 83, "moves": ["gunkshot", "crunch", "spikes", "taunt"], "ability": "Intimidate", "evs": {"hp": 85, "atk": 85, "def": 85, "spa": 85, "spd": 85, "spe": 85}, "ivs": {"hp": 31, "atk": 31, "def": 31, "spa": 31, "spd": 31, "spe": 31}, "item": "Eviolite", "teraType": "Flying", "role": "Bulky Support", "bvs": {"hp": 65, "atk": 95, "def": 85, "spa": 55, "spd": 55, "spe": 85}, "stats": {"hp": 244, "atk": 205, "def": 189, "spa": 139, "spd": 139, "spe": 189}, "types": ["Dark", "Poison"]}, "Cinccino": {"name": "Cinccino", "species": "Cinccino", "speciesId": "cinccino", "gender": "M", "shiny": false, "level": 83, "moves": ["uturn", "bulletseed", "tripleaxel", "tailslap"], "ability": "Technician", "evs": {"hp": 85, "atk": 85, "def": 85, "spa": 85, "spd": 85, "spe": 85}, "ivs": {"hp": 31, "atk": 31, "def": 31, "spa": 31, "spd": 31, "spe": 31}, "item": "Loaded Dice", "teraType": "Grass", "role": "Fast Attacker", "bvs": {"hp": 75, "atk": 95, "def": 60, "spa": 65, "spd": 60, "spe": 115}, "stats": {"hp": 260, "atk": 205, "def": 147, "spa": 156, "spd": 147, "spe": 239}, "types": ["Normal"]}, "Gholdengo": {"name": "Gholdengo", "species": "Gholdengo", "speciesId": "gholdengo", "gender": "N", "shiny": false, "level": 77, "moves": ["makeitrain", "trick", "focusblast", "shadowball"], "ability": "Good as Gold", "evs": {"hp": 85, "atk": 0, "def": 85, "spa": 85, "spd": 85, "spe": 85}, "ivs": {"hp": 31, "atk": 0, "def": 31, "spa": 31, "spd": 31, "spe": 31}, "item": "Choice Scarf", "teraType": "Steel", "role": "Bulky Attacker", "bvs": {"hp": 87, "atk": 60, "def": 95, "spa": 133, "spd": 91, "spe": 84}, "stats": {"hp": 261, "atk": 97, "def": 191, "spa": 249, "spd": 185, "spe": 174}, "types": ["Steel", "Ghost"]}, "Lumineon": {"name": "Lumineon", "species": "Lumineon", "speciesId": "lumineon", "gender": "M", "shiny": false, "level": 93, "moves": ["hydropump", "icebeam", "encore", "alluringvoice"], "ability": "Storm Drain", "evs": {"hp": 85, "atk": 0, "def": 85, "spa": 85, "spd": 85, "spe": 85}, "ivs": {"hp": 31, "atk": 0, "def": 31, "spa": 31, "spd": 31, "spe": 31}, "item": "Life Orb", "teraType": "Water", "role": "Fast Attacker", "bvs": {"hp": 69, "atk": 69, "def": 76, "spa": 69, "spd": 86, "spe": 91}, "stats": {"hp": 279, "atk": 133, "def": 194, "spa": 181, "spd": 213, "spe": 222}, "types": ["Water"]}, "Arceus": {"name": "Arceus", "species": "Arceus-Dragon", "speciesId": "arceusdragon", "gender": "N", "shiny": false, "level": 71, "moves": ["dragondance", "flareblitz", "outrage", "heavyslam"], "ability": "Multitype", "evs": {"hp": 85, "atk": 85, "def": 85, "spa": 85, "spd": 85, "spe": 85}, "ivs": {"hp": 31, "atk": 31, "def": 31, "spa": 31, "spd": 31, "spe": 31}, "item": "Draco Plate", "teraType": "Steel", "role": "Bulky Setup", "bvs": {"hp": 120, "atk": 120, "def": 120, "spa": 120, "spd": 120, "spe": 120}, "stats": {"hp": 288, "atk": 212, "def": 212, "spa": 212, "spd": 212, "spe": 212}, "types": ["Dragon"]}}]}