{"id": "gen9randombattle-2631842202", "format": "[Gen 9] Random Battle", "players": ["laius", "Micael Lopes"], "log": "|j|\u2606laius\n|j|\u2606Micael Lopes\n|t:|1781447020\n|gametype|singles\n|player|p1|laius|101|1616\n|player|p2|Micael Lopes|benga|1602\n|gen|9\n|tier|[Gen 9] Random Battle\n|rated|\n|rule|Species Clause: Limit one of each Pok\u00e9mon\n|rule|HP Percentage Mod: HP is shown in percentages\n|rule|Sleep Clause Mod: Limit one foe put to sleep\n|rule|Illusion Level Mod: Illusion disguises the Pok\u00e9mon's true level\n|\n|t:|1781447020\n|teamsize|p1|6\n|teamsize|p2|6\n|start\n|switch|p1a: Azelf|Azelf, L82|257/257\n|switch|p2a: Eelektross|Eelektross, L87, F|290/290\n|turn|1\n|inactive|Battle timer is ON: inactive players will automatically lose when time's up. (requested by Micael Lopes)\n|\n|t:|1781447030\n|move|p1a: Azelf|Knock Off|p2a: Eelektross\n|-damage|p2a: Eelektross|190/290\n|-enditem|p2a: Eelektross|Leftovers|[from] move: Knock Off|[of] p1a: Azelf\n|-damage|p1a: Azelf|232/257|[from] item: Life Orb\n|move|p2a: Eelektross|Knock Off|p1a: Azelf\n|-supereffective|p1a: Azelf\n|-damage|p1a: Azelf|30/257\n|-enditem|p1a: Azelf|Life Orb|[from] move: Knock Off|[of] p2a: Eelektross\n|\n|upkeep\n|turn|2\n|\n|t:|1781447053\n|switch|p1a: Golurk|Golurk, L87|297/297\n|move|p2a: Eelektross|Drain Punch|p1a: Golurk\n|-immune|p1a: Golurk\n|\n|upkeep\n|turn|3\n|\n|t:|1781447064\n|switch|p2a: Weezing|Weezing-Galar, L86, M|252/252\n|move|p1a: Golurk|Dynamic Punch|p2a: Weezing\n|-resisted|p2a: Weezing\n|-damage|p2a: Weezing|228/252\n|-start|p2a: Weezing|confusion\n|\n|-heal|p2a: Weezing|243/252|[from] item: Leftovers\n|upkeep\n|turn|4\n|\n|t:|1781447081\n|switch|p1a: Dragalge|Dragalge, L88, F|258/258\n|-activate|p2a: Weezing|confusion\n|move|p2a: Weezing|Will-O-Wisp|p1a: Dragalge\n|-status|p1a: Dragalge|brn\n|\n|-heal|p2a: Weezing|252/252|[from] item: Leftovers\n|-damage|p1a: Dragalge|242/258 brn|[from] brn\n|upkeep\n|turn|5\n|\n|t:|1781447088\n|switch|p2a: Gurdurr|Gurdurr, L85, F|283/283\n|move|p1a: Dragalge|Sludge Wave|p2a: Gurdurr\n|-damage|p2a: Gurdurr|69/283\n|\n|-damage|p1a: Dragalge|226/258 brn|[from] brn\n|upkeep\n|turn|6\n|inactive|laius has 120 seconds left.\n|\n|t:|1781447129\n|-terastallize|p2a: Gurdurr|Steel\n|move|p1a: Dragalge|Sludge Wave|p2a: Gurdurr\n|-immune|p2a: Gurdurr\n|move|p2a: Gurdurr|Knock Off|p1a: Dragalge\n|-crit|p1a: Dragalge\n|-damage|p1a: Dragalge|115/258 brn\n|-enditem|p1a: Dragalge|Choice Specs|[from] move: Knock Off|[of] p2a: Gurdurr\n|\n|-damage|p1a: Dragalge|99/258 brn|[from] brn\n|upkeep\n|turn|7\n|\n|t:|1781447140\n|switch|p1a: Hitmontop|Hitmontop, L88, M|231/231\n|move|p2a: Gurdurr|Mach Punch|p1a: Hitmontop\n|-damage|p1a: Hitmontop|188/231\n|\n|-heal|p1a: Hitmontop|202/231|[from] item: Leftovers\n|upkeep\n|turn|8\n|\n|t:|1781447148\n|switch|p2a: Weezing|Weezing-Galar, L86, M|252/252\n|move|p1a: Hitmontop|Close Combat|p2a: Weezing\n|-resisted|p2a: Weezing\n|-damage|p2a: Weezing|225/252\n|-unboost|p1a: Hitmontop|def|1\n|-unboost|p1a: Hitmontop|spd|1\n|\n|-heal|p1a: Hitmontop|216/231|[from] item: Leftovers\n|-heal|p2a: Weezing|240/252|[from] item: Leftovers\n|upkeep\n|turn|9\n|\n|t:|1781447169\n|switch|p1a: Dragalge|Dragalge, L88, F|99/258 brn\n|move|p2a: Weezing|Strange Steam|p1a: Dragalge\n|-damage|p1a: Dragalge|32/258 brn\n|\n|-heal|p2a: Weezing|252/252|[from] item: Leftovers\n|-damage|p1a: Dragalge|16/258 brn|[from] brn\n|upkeep\n|turn|10\n|\n|t:|1781447187\n|move|p2a: Weezing|Strange Steam|p1a: Dragalge\n|-damage|p1a: Dragalge|0 fnt\n|faint|p1a: Dragalge\n|\n|upkeep\n|\n|t:|1781447207\n|switch|p1a: Iron Moth|Iron Moth, L78|253/253\n|turn|11\n|\n|t:|1781447219\n|switch|p2a: Cinccino|Cinccino, L83, M|260/260\n|move|p1a: Iron Moth|Fire Blast|p2a: Cinccino\n|-damage|p2a: Cinccino|70/260\n|\n|upkeep\n|turn|12\n|inactive|laius has 90 seconds left.\n|inactive|laius has 60 seconds left.\n|\n|t:|1781447278\n|-end|p1a: Iron Moth|Quark Drive|[silent]\n|switch|p1a: Hitmontop|Hitmontop, L88, M|216/231\n|move|p2a: Cinccino|Tidy Up|p2a: Cinccino\n|-boost|p2a: Cinccino|atk|1\n|-boost|p2a: Cinccino|spe|1\n|\n|-heal|p1a: Hitmontop|230/231|[from] item: Leftovers\n|upkeep\n|turn|13\n|\n|t:|1781447285\n|move|p2a: Cinccino|Tail Slap|p1a: Hitmontop\n|-damage|p1a: Hitmontop|179/231\n|-damage|p1a: Hitmontop|128/231\n|-crit|p1a: Hitmontop\n|-damage|p1a: Hitmontop|43/231\n|-damage|p1a: Hitmontop|0 fnt\n|faint|p1a: Hitmontop\n|-hitcount|p1: Hitmontop|4\n|\n|upkeep\n|\n|t:|1781447294\n|switch|p1a: Spiritomb|Spiritomb, L89, M|234/234\n|turn|14\n|\n|t:|1781447302\n|switch|p2a: Weezing|Weezing-Galar, L86, M|252/252\n|move|p1a: Spiritomb|Sucker Punch||[still]\n|-fail|p1a: Spiritomb\n|\n|upkeep\n|turn|15\n|\n|t:|1781447313\n|switch|p2a: Meloetta|Meloetta, L82|298/298\n|switch|p1a: Iron Moth|Iron Moth, L78|253/253\n|\n|upkeep\n|turn|16\n|\n|t:|1781447323\n|move|p1a: Iron Moth|Fire Blast|p2a: Meloetta\n|-damage|p2a: Meloetta|184/298\n|move|p2a: Meloetta|Relic Song|p1a: Iron Moth\n|-damage|p1a: Iron Moth|144/253\n|-formechange|p2a: Meloetta|Meloetta-Pirouette|[msg]\n|-damage|p2a: Meloetta|155/298|[from] item: Life Orb\n|\n|upkeep\n|turn|17\n|\n|t:|1781447338\n|move|p2a: Meloetta|Knock Off|p1a: Iron Moth\n|-damage|p1a: Iron Moth|0 fnt\n|-enditem|p1a: Iron Moth|Heavy-Duty Boots|[from] move: Knock Off|[of] p2a: Meloetta\n|faint|p1a: Iron Moth\n|-end|p1a: Iron Moth|Quark Drive|[silent]\n|-damage|p2a: Meloetta|126/298|[from] item: Life Orb\n|\n|upkeep\n|\n|t:|1781447348\n|switch|p1a: Spiritomb|Spiritomb, L89, M|234/234\n|turn|18\n|\n|t:|1781447373\n|move|p2a: Meloetta|Knock Off|p1a: Spiritomb\n|-damage|p1a: Spiritomb|142/234\n|-enditem|p1a: Spiritomb|Leftovers|[from] move: Knock Off|[of] p2a: Meloetta\n|-damage|p2a: Meloetta|97/298|[from] item: Life Orb\n|move|p1a: Spiritomb|Foul Play|p2a: Meloetta\n|-resisted|p2a: Meloetta\n|-damage|p2a: Meloetta|31/298\n|\n|upkeep\n|turn|19\n|\n|t:|1781447384\n|switch|p2a: Weezing|Weezing-Galar, L86, M|252/252\n|move|p1a: Spiritomb|Sucker Punch||[still]\n|-fail|p1a: Spiritomb\n|\n|upkeep\n|turn|20\n|\n|t:|1781447391\n|move|p2a: Weezing|Will-O-Wisp|p1a: Spiritomb\n|-status|p1a: Spiritomb|brn\n|move|p1a: Spiritomb|Pain Split|p2a: Weezing\n|-sethp|p2a: Weezing|197/252|[from] move: Pain Split|[silent]\n|-sethp|p1a: Spiritomb|197/234 brn|[from] move: Pain Split\n|\n|-heal|p2a: Weezing|212/252|[from] item: Leftovers\n|-damage|p1a: Spiritomb|183/234 brn|[from] brn\n|upkeep\n|turn|21\n|inactive|laius has 90 seconds left.\n|inactive|Micael Lopes has 120 seconds left.\n|\n|t:|1781447417\n|move|p2a: Weezing|Strange Steam|p1a: Spiritomb\n|-supereffective|p1a: Spiritomb\n|-damage|p1a: Spiritomb|45/234 brn\n|move|p1a: Spiritomb|Poltergeist|p2a: Weezing\n|-activate|p2a: Weezing|move: Poltergeist|Leftovers\n|-damage|p2a: Weezing|163/252\n|\n|-heal|p2a: Weezing|178/252|[from] item: Leftovers\n|-damage|p1a: Spiritomb|31/234 brn|[from] brn\n|upkeep\n|turn|22\n|inactive|laius has 90 seconds left.\n|\n|t:|1781447430\n|move|p2a: Weezing|Strange Steam|p1a: Spiritomb\n|-supereffective|p1a: Spiritomb\n|-damage|p1a: Spiritomb|0 fnt\n|faint|p1a: Spiritomb\n|\n|-heal|p2a: Weezing|193/252|[from] item: Leftovers\n|upkeep\n|\n|t:|1781447435\n|switch|p1a: Golurk|Golurk, L87|297/297\n|turn|23\n|inactive|laius has 90 seconds left.\n|\n|t:|1781447443\n|move|p2a: Weezing|Will-O-Wisp|p1a: Golurk\n|-status|p1a: Golurk|brn\n|move|p1a: Golurk|Poltergeist|p2a: Weezing\n|-activate|p2a: Weezing|move: Poltergeist|Leftovers\n|-damage|p2a: Weezing|102/252\n|\n|-heal|p2a: Weezing|117/252|[from] item: Leftovers\n|-damage|p1a: Golurk|279/297 brn|[from] brn\n|upkeep\n|turn|24\n|inactive|laius has 90 seconds left.\n|\n|t:|1781447455\n|move|p2a: Weezing|Strange Steam|p1a: Golurk\n|-damage|p1a: Golurk|188/297 brn\n|move|p1a: Golurk|Poltergeist|p2a: Weezing\n|-activate|p2a: Weezing|move: Poltergeist|Leftovers\n|-damage|p2a: Weezing|25/252\n|\n|-heal|p2a: Weezing|40/252|[from] item: Leftovers\n|-damage|p1a: Golurk|170/297 brn|[from] brn\n|upkeep\n|turn|25\n|\n|t:|1781447478\n|switch|p2a: Meloetta|Meloetta, L82|31/298\n|move|p1a: Golurk|Poltergeist|p2a: Meloetta\n|-immune|p2a: Meloetta\n|\n|-damage|p1a: Golurk|152/297 brn|[from] brn\n|upkeep\n|turn|26\n|inactive|laius has 90 seconds left.\n|inactive|laius has 60 seconds left.\n|inactive|laius has 30 seconds left.\n|inactive|laius has 20 seconds left.\n|inactive|laius has 15 seconds left.\n|inactive|laius has 10 seconds left.\n|inactive|laius has 5 seconds left.\n|-message|laius lost due to inactivity.\n|\n|win|Micael Lopes\n|raw|laius's rating: 1616 &rarr; <strong>1598</strong><br />(-18 for losing)\n|raw|Micael Lopes's rating: 1643 &rarr; <strong>1661</strong><br />(+18 for winning)\n|c|\u2606Micael Lopes|**__Sexy game.__**\n|l|\u2606laius\n|player|p1|\n", "inputlog": ">version a8376a258c1d4662feba110a92103f3664a72141\n>start {\"formatid\":\"gen9randombattle\",\"seed\":\"sodium,00ac14deffc0dd0cdccbecfbd75a4f59\",\"rated\":\"Rated battle\"}\n>player p1 {\"name\":\"laius\",\"avatar\":\"101\",\"rating\":1616,\"seed\":\"sodium,90487906c3c36e6424943fbe4afceca1\"}\n>player p2 {\"name\":\"Micael Lopes\",\"avatar\":\"benga\",\"rating\":1602,\"seed\":\"sodium,08119ee18fed8c712f725e58ee2ab3dc\"}\n>p1 move knockoff\n>p2 move knockoff\n>p1 switch 4\n>p2 move drainpunch\n>p1 move dynamicpunch\n>p2 switch 3\n>p1 switch 3\n>p2 move willowisp\n>p1 move sludgewave\n>p2 switch 2\n>p1 move sludgewave\n>p2 move knockoff terastallize\n>p1 switch 5\n>p2 move machpunch\n>p1 move closecombat\n>p2 switch 2\n>p1 switch 5\n>p2 move strangesteam\n>p1 move sludgewave\n>p2 move strangesteam\n>p1 switch 6\n>p1 move fireblast\n>p2 switch 4\n>p1 switch 5\n>p2 move tidyup\n>p1 move rapidspin\n>p2 move tailslap\n>p1 switch 2\n>p1 move suckerpunch\n>p2 switch 4\n>p1 switch 5\n>p2 switch 5\n>p1 move fireblast\n>p2 move relicsong\n>p1 move fireblast\n>p2 move knockoff\n>p1 switch 5\n>p1 move foulplay\n>p2 move knockoff\n>p1 move suckerpunch\n>p2 switch 5\n>p1 move painsplit\n>p2 move willowisp\n>p1 move poltergeist\n>p2 move strangesteam\n>p1 move painsplit\n>p2 move strangesteam\n>p1 switch 3\n>p1 move poltergeist\n>p2 move willowisp\n>p1 move poltergeist\n>p2 move strangesteam\n>p1 move poltergeist\n>p2 switch 5\n>forcelose p1", "uploadtime": 1781447602, "views": 10, "formatid": "gen9randombattle", "rating": 1598, "private": 0, "password": null, "player_dets": [{"name": "laius", "avatar": "101", "rating": 1616, "seed": "sodium,90487906c3c36e6424943fbe4afceca1"}, {"name": "Micael Lopes", "avatar": "benga", "rating": 1602, "seed": "sodium,08119ee18fed8c712f725e58ee2ab3dc"}], "teams_full": [{"Azelf": {"name": "Azelf", "species": "Azelf", "speciesId": "azelf", "gender": "N", "shiny": false, "level": 82, "moves": ["explosion", "psychic", "knockoff", "encore"], "ability": "Levitate", "evs": {"hp": 85, "atk": 85, "def": 85, "spa": 85, "spd": 85, "spe": 85}, "ivs": {"hp": 31, "atk": 31, "def": 31, "spa": 31, "spd": 31, "spe": 31}, "item": "Life Orb", "teraType": "Dark", "role": "Fast Support", "bvs": {"hp": 75, "atk": 125, "def": 70, "spa": 125, "spd": 70, "spe": 115}, "stats": {"hp": 257, "atk": 252, "def": 162, "spa": 252, "spd": 162, "spe": 236}}, "Spiritomb": {"name": "Spiritomb", "species": "Spiritomb", "speciesId": "spiritomb", "gender": "M", "shiny": false, "level": 89, "moves": ["poltergeist", "painsplit", "suckerpunch", "foulplay"], "ability": "Infiltrator", "evs": {"hp": 85, "atk": 85, "def": 85, "spa": 85, "spd": 85, "spe": 85}, "ivs": {"hp": 31, "atk": 31, "def": 31, "spa": 31, "spd": 31, "spe": 31}, "item": "Leftovers", "teraType": "Poison", "role": "Bulky Support", "bvs": {"hp": 50, "atk": 92, "def": 108, "spa": 92, "spd": 108, "spe": 35}, "stats": {"hp": 234, "atk": 215, "def": 243, "spa": 215, "spd": 243, "spe": 113}}, "Dragalge": {"name": "Dragalge", "species": "Dragalge", "speciesId": "dragalge", "gender": "F", "shiny": false, "level": 88, "moves": ["flipturn", "sludgewave", "dracometeor", "focusblast"], "ability": "Adaptability", "evs": {"hp": 85, "atk": 85, "def": 85, "spa": 85, "spd": 85, "spe": 85}, "ivs": {"hp": 31, "atk": 31, "def": 31, "spa": 31, "spd": 31, "spe": 31}, "item": "Choice Specs", "teraType": "Fighting", "role": "Bulky Attacker", "bvs": {"hp": 65, "atk": 75, "def": 90, "spa": 97, "spd": 123, "spe": 44}, "stats": {"hp": 258, "atk": 182, "def": 209, "spa": 221, "spd": 267, "spe": 128}}, "Golurk": {"name": "Golurk", "species": "Golurk", "speciesId": "golurk", "gender": "N", "shiny": false, "level": 87, "moves": ["stoneedge", "earthquake", "dynamicpunch", "poltergeist"], "ability": "No Guard", "evs": {"hp": 85, "atk": 85, "def": 85, "spa": 85, "spd": 85, "spe": 85}, "ivs": {"hp": 31, "atk": 31, "def": 31, "spa": 31, "spd": 31, "spe": 31}, "item": "Choice Band", "teraType": "Fighting", "role": "Wallbreaker", "bvs": {"hp": 89, "atk": 124, "def": 80, "spa": 55, "spd": 80, "spe": 55}, "stats": {"hp": 297, "atk": 266, "def": 189, "spa": 145, "spd": 189, "spe": 145}}, "Hitmontop": {"name": "Hitmontop", "species": "Hitmontop", "speciesId": "hitmontop", "gender": "M", "shiny": false, "level": 88, "moves": ["rapidspin", "closecombat", "bulkup", "tripleaxel"], "ability": "Technician", "evs": {"hp": 85, "atk": 85, "def": 85, "spa": 85, "spd": 85, "spe": 85}, "ivs": {"hp": 31, "atk": 31, "def": 31, "spa": 31, "spd": 31, "spe": 31}, "item": "Leftovers", "teraType": "Ice", "role": "Bulky Setup", "bvs": {"hp": 50, "atk": 95, "def": 95, "spa": 35, "spd": 110, "spe": 70}, "stats": {"hp": 231, "atk": 217, "def": 217, "spa": 112, "spd": 244, "spe": 173}}, "Iron Moth": {"name": "Iron Moth", "species": "Iron Moth", "speciesId": "ironmoth", "gender": "N", "shiny": false, "level": 78, "moves": ["morningsun", "fireblast", "energyball", "sludgewave"], "ability": "Quark Drive", "evs": {"hp": 85, "atk": 0, "def": 85, "spa": 85, "spd": 85, "spe": 85}, "ivs": {"hp": 31, "atk": 0, "def": 31, "spa": 31, "spd": 31, "spe": 31}, "item": "Heavy-Duty Boots", "teraType": "Fire", "role": "Fast Attacker", "bvs": {"hp": 80, "atk": 70, "def": 60, "spa": 140, "spd": 110, "spe": 110}, "stats": {"hp": 253, "atk": 114, "def": 139, "spa": 263, "spd": 217, "spe": 217}}}, {"Eelektross": {"name": "Eelektross", "species": "Eelektross", "speciesId": "eelektross", "gender": "F", "shiny": false, "level": 87, "moves": ["knockoff", "coil", "supercellslam", "drainpunch"], "ability": "Levitate", "evs": {"hp": 85, "atk": 85, "def": 85, "spa": 85, "spd": 85, "spe": 85}, "ivs": {"hp": 31, "atk": 31, "def": 31, "spa": 31, "spd": 31, "spe": 31}, "item": "Leftovers", "teraType": "Fighting", "role": "Bulky Setup", "bvs": {"hp": 85, "atk": 115, "def": 80, "spa": 105, "spd": 80, "spe": 50}, "stats": {"hp": 290, "atk": 250, "def": 189, "spa": 232, "spd": 189, "spe": 137}}, "Gurdurr": {"name": "Gurdurr", "species": "Gurdurr", "speciesId": "gurdurr", "gender": "F", "shiny": false, "level": 85, "moves": ["drainpunch", "knockoff", "machpunch", "defog"], "ability": "Guts", "evs": {"hp": 85, "atk": 85, "def": 85, "spa": 85, "spd": 85, "spe": 85}, "ivs": {"hp": 31, "atk": 31, "def": 31, "spa": 31, "spd": 31, "spe": 31}, "item": "Eviolite", "teraType": "Steel", "role": "Bulky Attacker", "bvs": {"hp": 85, "atk": 105, "def": 85, "spa": 40, "spd": 50, "spe": 40}, "stats": {"hp": 283, "atk": 227, "def": 193, "spa": 117, "spd": 134, "spe": 117}}, "Weezing": {"name": "Weezing", "species": "Weezing-Galar", "speciesId": "weezinggalar", "gender": "M", "shiny": false, "level": 86, "moves": ["strangesteam", "fireblast", "willowisp", "gunkshot"], "ability": "Levitate", "evs": {"hp": 85, "atk": 85, "def": 85, "spa": 85, "spd": 85, "spe": 85}, "ivs": {"hp": 31, "atk": 31, "def": 31, "spa": 31, "spd": 31, "spe": 31}, "item": "Leftovers", "teraType": "Steel", "role": "Bulky Support", "bvs": {"hp": 65, "atk": 90, "def": 120, "spa": 85, "spd": 70, "spe": 60}, "stats": {"hp": 252, "atk": 204, "def": 256, "spa": 195, "spd": 170, "spe": 152}}, "Cinccino": {"name": "Cinccino", "species": "Cinccino", "speciesId": "cinccino", "gender": "M", "shiny": false, "level": 83, "moves": ["tidyup", "tailslap", "bulletseed", "tripleaxel"], "ability": "Technician", "evs": {"hp": 85, "atk": 85, "def": 85, "spa": 85, "spd": 85, "spe": 85}, "ivs": {"hp": 31, "atk": 31, "def": 31, "spa": 31, "spd": 31, "spe": 31}, "item": "Loaded Dice", "teraType": "Normal", "role": "Fast Attacker", "bvs": {"hp": 75, "atk": 95, "def": 60, "spa": 65, "spd": 60, "spe": 115}, "stats": {"hp": 260, "atk": 205, "def": 147, "spa": 156, "spd": 147, "spe": 239}}, "Meloetta": {"name": "Meloetta", "species": "Meloetta", "speciesId": "meloetta", "gender": "N", "shiny": false, "level": 82, "moves": ["tripleaxel", "knockoff", "relicsong", "closecombat"], "ability": "Serene Grace", "evs": {"hp": 85, "atk": 85, "def": 85, "spa": 85, "spd": 85, "spe": 85}, "ivs": {"hp": 31, "atk": 31, "def": 31, "spa": 31, "spd": 31, "spe": 31}, "item": "Life Orb", "teraType": "Fighting", "role": "Wallbreaker", "bvs": {"hp": 100, "atk": 77, "def": 77, "spa": 128, "spd": 128, "spe": 90}, "stats": {"hp": 298, "atk": 173, "def": 173, "spa": 257, "spd": 257, "spe": 195}}, "Hitmonlee": {"name": "Hitmonlee", "species": "Hitmonlee", "speciesId": "hitmonlee", "gender": "M", "shiny": false, "level": 85, "moves": ["swordsdance", "closecombat", "knockoff", "stoneedge"], "ability": "Unburden", "evs": {"hp": 85, "atk": 85, "def": 85, "spa": 85, "spd": 85, "spe": 85}, "ivs": {"hp": 31, "atk": 31, "def": 31, "spa": 31, "spd": 31, "spe": 31}, "item": "White Herb", "teraType": "Fighting", "role": "Setup Sweeper", "bvs": {"hp": 50, "atk": 120, "def": 53, "spa": 35, "spd": 110, "spe": 87}, "stats": {"hp": 224, "atk": 253, "def": 139, "spa": 108, "spd": 236, "spe": 197}}}]}