{"id": "gen9randombattle-2631585392", "format": "[Gen 9] Random Battle", "players": ["claydolconnoisseur", "qetjdncfgh"], "log": "|j|\u2606claydolconnoisseur\n|j|\u2606qetjdncfgh\n|t:|1781404830\n|gametype|singles\n|player|p1|claydolconnoisseur|burglar-gen1|1066\n|player|p2|qetjdncfgh|265|1055\n|gen|9\n|tier|[Gen 9] Random Battle\n|rated|\n|rule|Species Clause: Limit one of each Pok\u00e9mon\n|rule|HP Percentage Mod: HP is shown in percentages\n|rule|Sleep Clause Mod: Limit one foe put to sleep\n|rule|Illusion Level Mod: Illusion disguises the Pok\u00e9mon's true level\n|\n|t:|1781404830\n|teamsize|p1|6\n|teamsize|p2|6\n|start\n|switch|p1a: Porygon2|Porygon2, L81|270/270\n|switch|p2a: Swalot|Swalot, L90, M|326/326\n|-ability|p1a: Porygon2|Download|boost\n|-boost|p1a: Porygon2|spa|1\n|turn|1\n|inactive|Battle timer is ON: inactive players will automatically lose when time's up. (requested by claydolconnoisseur)\n|\n|t:|1781404842\n|move|p2a: Swalot|Toxic|p1a: Porygon2\n|-status|p1a: Porygon2|tox\n|move|p1a: Porygon2|Tri Attack|p2a: Swalot\n|-damage|p2a: Swalot|196/326\n|\n|-heal|p2a: Swalot|216/326|[from] item: Leftovers\n|-damage|p1a: Porygon2|254/270 tox|[from] psn\n|upkeep\n|turn|2\n|\n|t:|1781404853\n|move|p2a: Swalot|Protect|p2a: Swalot\n|-singleturn|p2a: Swalot|Protect\n|move|p1a: Porygon2|Tri Attack|p2a: Swalot\n|-activate|p2a: Swalot|move: Protect\n|\n|-heal|p2a: Swalot|236/326|[from] item: Leftovers\n|-damage|p1a: Porygon2|222/270 tox|[from] psn\n|upkeep\n|turn|3\n|\n|t:|1781404861\n|move|p2a: Swalot|Earthquake|p1a: Porygon2\n|-crit|p1a: Porygon2\n|-damage|p1a: Porygon2|151/270 tox\n|move|p1a: Porygon2|Tri Attack|p2a: Swalot\n|-crit|p2a: Swalot\n|-damage|p2a: Swalot|59/326\n|-status|p2a: Swalot|par\n|\n|-heal|p2a: Swalot|79/326 par|[from] item: Leftovers\n|-damage|p1a: Porygon2|103/270 tox|[from] psn\n|upkeep\n|turn|4\n|\n|t:|1781404872\n|cant|p2a: Swalot|par\n|move|p1a: Porygon2|Recover|p1a: Porygon2\n|-heal|p1a: Porygon2|238/270 tox\n|\n|-heal|p2a: Swalot|99/326 par|[from] item: Leftovers\n|-damage|p1a: Porygon2|174/270 tox|[from] psn\n|upkeep\n|turn|5\n|\n|t:|1781404880\n|switch|p1a: Okidogi|Okidogi, L77, M|262/262\n|move|p2a: Swalot|Protect||[still]\n|-fail|p2a: Swalot\n|\n|-heal|p2a: Swalot|119/326 par|[from] item: Leftovers\n|upkeep\n|turn|6\n|\n|t:|1781404887\n|move|p1a: Okidogi|High Horsepower|p2a: Swalot\n|-supereffective|p2a: Swalot\n|-damage|p2a: Swalot|0 fnt\n|faint|p2a: Swalot\n|\n|upkeep\n|\n|t:|1781404892\n|switch|p2a: Palossand|Palossand, L89, F|296/296\n|turn|7\n|\n|t:|1781404911\n|switch|p1a: Porygon2|Porygon2, L81|174/270 tox\n|-ability|p1a: Porygon2|Download|boost\n|-boost|p1a: Porygon2|spa|1\n|move|p2a: Palossand|Earth Power|p1a: Porygon2\n|-damage|p1a: Porygon2|104/270 tox\n|\n|-damage|p1a: Porygon2|88/270 tox|[from] psn\n|upkeep\n|turn|8\n|inactive|qetjdncfgh has 120 seconds left.\n|\n|t:|1781404948\n|move|p1a: Porygon2|Recover|p1a: Porygon2\n|-heal|p1a: Porygon2|223/270 tox\n|move|p2a: Palossand|Earth Power|p1a: Porygon2\n|-damage|p1a: Porygon2|153/270 tox\n|\n|-damage|p1a: Porygon2|121/270 tox|[from] psn\n|upkeep\n|turn|9\n|inactive|qetjdncfgh has 120 seconds left.\n|\n|t:|1781404956\n|move|p1a: Porygon2|Ice Beam|p2a: Palossand\n|-supereffective|p2a: Palossand\n|-damage|p2a: Palossand|106/296\n|move|p2a: Palossand|Earth Power|p1a: Porygon2\n|-damage|p1a: Porygon2|46/270 tox\n|\n|-heal|p2a: Palossand|124/296|[from] item: Leftovers\n|-damage|p1a: Porygon2|0 fnt|[from] psn\n|faint|p1a: Porygon2\n|upkeep\n|\n|t:|1781404965\n|switch|p1a: Serperior|Serperior, L79, F|248/248\n|turn|10\n|\n|t:|1781404974\n|move|p1a: Serperior|Leaf Storm|p2a: Palossand\n|-supereffective|p2a: Palossand\n|-damage|p2a: Palossand|0 fnt\n|-boost|p1a: Serperior|spa|2\n|faint|p2a: Palossand\n|\n|upkeep\n|\n|t:|1781404986\n|switch|p2a: Orthworm|Orthworm, L88, M|266/266\n|turn|11\n|\n|t:|1781405000\n|move|p1a: Serperior|Leaf Storm|p2a: Orthworm\n|-resisted|p2a: Orthworm\n|-damage|p2a: Orthworm|129/266\n|-boost|p1a: Serperior|spa|2\n|move|p2a: Orthworm|Heavy Slam|p1a: Serperior\n|-damage|p1a: Serperior|149/248\n|\n|-heal|p1a: Serperior|164/248|[from] item: Leftovers\n|-heal|p2a: Orthworm|145/266|[from] item: Leftovers\n|upkeep\n|turn|12\n|inactive|qetjdncfgh has 120 seconds left.\n|\n|t:|1781405039\n|move|p1a: Serperior|Leaf Storm|p2a: Orthworm\n|-resisted|p2a: Orthworm\n|-crit|p2a: Orthworm\n|-damage|p2a: Orthworm|0 fnt\n|-boost|p1a: Serperior|spa|2\n|faint|p2a: Orthworm\n|\n|-heal|p1a: Serperior|179/248|[from] item: Leftovers\n|upkeep\n|inactive|qetjdncfgh has 90 seconds left.\n|inactive|qetjdncfgh has 60 seconds left.\n|inactive|qetjdncfgh has 30 seconds left.\n|inactive|qetjdncfgh has 20 seconds left.\n|inactive|qetjdncfgh has 15 seconds left.\n|inactive|qetjdncfgh has 10 seconds left.\n|inactive|qetjdncfgh has 5 seconds left.\n|-message|qetjdncfgh lost due to inactivity.\n|\n|win|claydolconnoisseur\n|raw|claydolconnoisseur's rating: 1066 &rarr; <strong>1095</strong><br />(+29 for winning)\n|raw|qetjdncfgh's rating: 1055 &rarr; <strong>1037</strong><br />(-18 for losing)\n", "inputlog": ">version a8376a258c1d4662feba110a92103f3664a72141\n>start {\"formatid\":\"gen9randombattle\",\"seed\":\"sodium,f0ea01da0175f34d3cac67ebac7064f8\",\"rated\":\"Rated battle\"}\n>player p1 {\"name\":\"claydolconnoisseur\",\"avatar\":\"burglar-gen1\",\"rating\":1066,\"seed\":\"sodium,430bac21dc6809400cbba75bb9714c26\"}\n>player p2 {\"name\":\"qetjdncfgh\",\"avatar\":\"265\",\"rating\":1055,\"seed\":\"sodium,a933bc269a4cbd09bed717a00d661569\"}\n>p1 move triattack\n>p2 move toxic\n>p1 move triattack\n>p2 move protect\n>p1 move triattack\n>p2 move earthquake\n>p1 move recover\n>p2 move protect\n>p1 switch 2\n>p2 move protect\n>p1 move highhorsepower\n>p2 move earthquake\n>p2 switch 3\n>p1 switch 2\n>p2 move earthpower\n>p1 move recover\n>p2 move earthpower\n>p1 move icebeam\n>p2 move earthpower\n>p1 switch 4\n>p1 move leafstorm\n>p2 move sludgebomb\n>p2 switch 2\n>p1 move leafstorm\n>p2 move heavyslam\n>p1 move leafstorm\n>p2 move heavyslam\n>forcelose p2", "uploadtime": 1781405160, "views": 4, "formatid": "gen9randombattle", "rating": 1037, "private": 0, "password": null, "player_dets": [{"name": "claydolconnoisseur", "avatar": "burglar-gen1", "rating": 1066, "seed": "sodium,430bac21dc6809400cbba75bb9714c26"}, {"name": "qetjdncfgh", "avatar": "265", "rating": 1055, "seed": "sodium,a933bc269a4cbd09bed717a00d661569"}], "teams_full": [{"Porygon2": {"name": "Porygon2", "species": "Porygon2", "speciesId": "porygon2", "gender": "N", "shiny": false, "level": 81, "moves": ["icebeam", "discharge", "triattack", "recover"], "ability": "Download", "evs": {"hp": 85, "atk": 0, "def": 85, "spa": 85, "spd": 85, "spe": 85}, "ivs": {"hp": 31, "atk": 0, "def": 31, "spa": 31, "spd": 31, "spe": 31}, "item": "Eviolite", "teraType": "Poison", "role": "Bulky Support", "bvs": {"hp": 85, "atk": 80, "def": 90, "spa": 105, "spd": 95, "spe": 60}, "stats": {"hp": 270, "atk": 134, "def": 192, "spa": 217, "spd": 201, "spe": 144}}, "Okidogi": {"name": "Okidogi", "species": "Okidogi", "speciesId": "okidogi", "gender": "M", "shiny": false, "level": 77, "moves": ["gunkshot", "drainpunch", "knockoff", "highhorsepower"], "ability": "Toxic Chain", "evs": {"hp": 85, "atk": 85, "def": 85, "spa": 85, "spd": 85, "spe": 85}, "ivs": {"hp": 31, "atk": 31, "def": 31, "spa": 31, "spd": 31, "spe": 31}, "item": "Assault Vest", "teraType": "Dark", "role": "AV Pivot", "bvs": {"hp": 88, "atk": 128, "def": 115, "spa": 58, "spd": 86, "spe": 80}, "stats": {"hp": 262, "atk": 242, "def": 222, "spa": 134, "spd": 177, "spe": 168}}, "Bellibolt": {"name": "Bellibolt", "species": "Bellibolt", "speciesId": "bellibolt", "gender": "M", "shiny": false, "level": 84, "moves": ["slackoff", "voltswitch", "muddywater", "thunderbolt"], "ability": "Electromorphosis", "evs": {"hp": 85, "atk": 0, "def": 85, "spa": 85, "spd": 85, "spe": 85}, "ivs": {"hp": 31, "atk": 0, "def": 31, "spa": 31, "spd": 31, "spe": 31}, "item": "Leftovers", "teraType": "Electric", "role": "Bulky Attacker", "bvs": {"hp": 109, "atk": 64, "def": 91, "spa": 103, "spd": 83, "spe": 45}, "stats": {"hp": 320, "atk": 112, "def": 201, "spa": 221, "spd": 188, "spe": 124}}, "Serperior": {"name": "Serperior", "species": "Serperior", "speciesId": "serperior", "gender": "F", "shiny": false, "level": 79, "moves": ["substitute", "dragonpulse", "leafstorm", "leechseed"], "ability": "Contrary", "evs": {"hp": 85, "atk": 0, "def": 85, "spa": 85, "spd": 85, "spe": 85}, "ivs": {"hp": 31, "atk": 0, "def": 31, "spa": 31, "spd": 31, "spe": 31}, "item": "Leftovers", "teraType": "Water", "role": "Fast Attacker", "bvs": {"hp": 75, "atk": 75, "def": 95, "spa": 75, "spd": 95, "spe": 113}, "stats": {"hp": 248, "atk": 123, "def": 196, "spa": 164, "spd": 196, "spe": 224}}, "Pachirisu": {"name": "Pachirisu", "species": "Pachirisu", "speciesId": "pachirisu", "gender": "M", "shiny": false, "level": 96, "moves": ["nuzzle", "uturn", "superfang", "thunderbolt"], "ability": "Volt Absorb", "evs": {"hp": 85, "atk": 85, "def": 85, "spa": 85, "spd": 85, "spe": 85}, "ivs": {"hp": 31, "atk": 31, "def": 31, "spa": 31, "spd": 31, "spe": 31}, "item": "Assault Vest", "teraType": "Flying", "role": "AV Pivot", "bvs": {"hp": 60, "atk": 45, "def": 70, "spa": 45, "spd": 90, "spe": 95}, "stats": {"hp": 271, "atk": 141, "def": 189, "spa": 141, "spd": 227, "spe": 237}}, "Giratina": {"name": "Giratina", "species": "Giratina-Origin", "speciesId": "giratinaorigin", "gender": "N", "shiny": false, "level": 72, "moves": ["dracometeor", "dragontail", "poltergeist", "defog"], "ability": "Levitate", "evs": {"hp": 85, "atk": 85, "def": 85, "spa": 85, "spd": 85, "spe": 85}, "ivs": {"hp": 31, "atk": 31, "def": 31, "spa": 31, "spd": 31, "spe": 31}, "item": "Griseous Core", "teraType": "Ghost", "role": "Fast Attacker", "bvs": {"hp": 150, "atk": 120, "def": 100, "spa": 120, "spd": 100, "spe": 90}, "stats": {"hp": 335, "atk": 215, "def": 186, "spa": 215, "spd": 186, "spe": 172}}}, {"Swalot": {"name": "Swalot", "species": "Swalot", "speciesId": "swalot", "gender": "M", "shiny": false, "level": 90, "moves": ["sludgebomb", "protect", "earthquake", "toxic"], "ability": "Liquid Ooze", "evs": {"hp": 85, "atk": 85, "def": 85, "spa": 85, "spd": 85, "spe": 85}, "ivs": {"hp": 31, "atk": 31, "def": 31, "spa": 31, "spd": 31, "spe": 31}, "item": "Leftovers", "teraType": "Ground", "role": "Bulky Support", "bvs": {"hp": 100, "atk": 73, "def": 83, "spa": 73, "spd": 83, "spe": 55}, "stats": {"hp": 326, "atk": 183, "def": 201, "spa": 183, "spd": 201, "spe": 150}}, "Orthworm": {"name": "Orthworm", "species": "Orthworm", "speciesId": "orthworm", "gender": "M", "shiny": false, "level": 88, "moves": ["heavyslam", "bodypress", "stealthrock", "spikes"], "ability": "Earth Eater", "evs": {"hp": 85, "atk": 85, "def": 85, "spa": 85, "spd": 85, "spe": 85}, "ivs": {"hp": 31, "atk": 31, "def": 31, "spa": 31, "spd": 31, "spe": 31}, "item": "Leftovers", "teraType": "Electric", "role": "Bulky Attacker", "bvs": {"hp": 70, "atk": 85, "def": 145, "spa": 60, "spd": 55, "spe": 65}, "stats": {"hp": 266, "atk": 200, "def": 305, "spa": 156, "spd": 147, "spe": 165}}, "Palossand": {"name": "Palossand", "species": "Palossand", "speciesId": "palossand", "gender": "F", "shiny": false, "level": 89, "moves": ["sludgebomb", "shadowball", "earthpower", "shoreup"], "ability": "Water Compaction", "evs": {"hp": 85, "atk": 0, "def": 85, "spa": 85, "spd": 85, "spe": 85}, "ivs": {"hp": 31, "atk": 0, "def": 31, "spa": 31, "spd": 31, "spe": 31}, "item": "Leftovers", "teraType": "Water", "role": "Bulky Support", "bvs": {"hp": 85, "atk": 75, "def": 110, "spa": 100, "spd": 75, "spe": 35}, "stats": {"hp": 296, "atk": 138, "def": 247, "spa": 229, "spd": 184, "spe": 113}}, "Piloswine": {"name": "Piloswine", "species": "Piloswine", "speciesId": "piloswine", "gender": "F", "shiny": false, "level": 85, "moves": ["earthquake", "iceshard", "roar", "iciclecrash"], "ability": "Thick Fat", "evs": {"hp": 85, "atk": 85, "def": 85, "spa": 85, "spd": 85, "spe": 85}, "ivs": {"hp": 31, "atk": 31, "def": 31, "spa": 31, "spd": 31, "spe": 31}, "item": "Eviolite", "teraType": "Dragon", "role": "Bulky Support", "bvs": {"hp": 100, "atk": 100, "def": 80, "spa": 60, "spd": 60, "spe": 50}, "stats": {"hp": 309, "atk": 219, "def": 185, "spa": 151, "spd": 151, "spe": 134}}, "Kingdra": {"name": "Kingdra", "species": "Kingdra", "speciesId": "kingdra", "gender": "M", "shiny": false, "level": 84, "moves": ["wavecrash", "waterfall", "outrage", "dragondance"], "ability": "Sniper", "evs": {"hp": 85, "atk": 85, "def": 85, "spa": 85, "spd": 85, "spe": 85}, "ivs": {"hp": 31, "atk": 31, "def": 31, "spa": 31, "spd": 31, "spe": 31}, "item": "Lum Berry", "teraType": "Water", "role": "Setup Sweeper", "bvs": {"hp": 75, "atk": 95, "def": 95, "spa": 95, "spd": 95, "spe": 85}, "stats": {"hp": 263, "atk": 208, "def": 208, "spa": 208, "spd": 208, "spe": 191}}, "Manaphy": {"name": "Manaphy", "species": "Manaphy", "speciesId": "manaphy", "gender": "N", "shiny": false, "level": 78, "moves": ["tailglow", "surf", "icebeam", "energyball"], "ability": "Hydration", "evs": {"hp": 85, "atk": 0, "def": 85, "spa": 85, "spd": 85, "spe": 85}, "ivs": {"hp": 31, "atk": 0, "def": 31, "spa": 31, "spd": 31, "spe": 31}, "item": "Leftovers", "teraType": "Grass", "role": "Bulky Setup", "bvs": {"hp": 100, "atk": 100, "def": 100, "spa": 100, "spd": 100, "spe": 100}, "stats": {"hp": 284, "atk": 161, "def": 201, "spa": 201, "spd": 201, "spe": 201}}}]}