{"id": "gen9randombattle-2631890231", "format": "[Gen 9] Random Battle", "players": ["arrdamoin", "personanongrattata"], "log": "|j|\u2606arrdamoin\n|j|\u2606personanongrattata\n|t:|1781452498\n|gametype|singles\n|player|p1|arrdamoin|flint|2125\n|player|p2|personanongrattata|youngster-gen4dp|2141\n|gen|9\n|tier|[Gen 9] Random Battle\n|rated|\n|rule|Species Clause: Limit one of each Pok\u00e9mon\n|rule|HP Percentage Mod: HP is shown in percentages\n|rule|Sleep Clause Mod: Limit one foe put to sleep\n|rule|Illusion Level Mod: Illusion disguises the Pok\u00e9mon's true level\n|\n|t:|1781452498\n|teamsize|p1|6\n|teamsize|p2|6\n|start\n|switch|p1a: Duraludon|Duraludon, L82, F|249/249\n|switch|p2a: Rhydon|Rhydon, L85, F|317/317\n|turn|1\n|inactive|Battle timer is ON: inactive players will automatically lose when time's up. (requested by personanongrattata)\n|\n|t:|1781452507\n|move|p1a: Duraludon|Flash Cannon|p2a: Rhydon\n|-supereffective|p2a: Rhydon\n|-damage|p2a: Rhydon|119/317\n|move|p2a: Rhydon|Earthquake|p1a: Duraludon\n|-supereffective|p1a: Duraludon\n|-damage|p1a: Duraludon|85/249\n|\n|upkeep\n|turn|2\n|\n|t:|1781452511\n|switch|p2a: Pyroar|Pyroar, L88, F|295/295\n|-ability|p2a: Pyroar|Unnerve\n|move|p1a: Duraludon|Flash Cannon|p2a: Pyroar\n|-resisted|p2a: Pyroar\n|-damage|p2a: Pyroar|235/295\n|\n|upkeep\n|turn|3\n|\n|t:|1781452517\n|switch|p1a: Toxapex|Toxapex, L82, M|216/216\n|move|p2a: Pyroar|Will-O-Wisp|p1a: Toxapex\n|-status|p1a: Toxapex|brn\n|\n|-damage|p1a: Toxapex|203/216 brn|[from] brn\n|upkeep\n|turn|4\n|\n|t:|1781452533\n|switch|p2a: Galvantula|Galvantula, L82, M|249/249\n|move|p1a: Toxapex|Toxic|p2a: Galvantula\n|-status|p2a: Galvantula|tox\n|\n|-damage|p2a: Galvantula|234/249 tox|[from] psn\n|-damage|p1a: Toxapex|190/216 brn|[from] brn\n|upkeep\n|turn|5\n|\n|t:|1781452537\n|switch|p1a: Ariados|Ariados, L95, M|287/287\n|move|p2a: Galvantula|Sticky Web|p1a: Ariados\n|-sidestart|p1: arrdamoin|move: Sticky Web\n|\n|-damage|p2a: Galvantula|204/249 tox|[from] psn\n|upkeep\n|turn|6\n|\n|t:|1781452556\n|switch|p2a: Pyroar|Pyroar, L88, F|235/295\n|-ability|p2a: Pyroar|Unnerve\n|move|p1a: Ariados|Sticky Web|p2a: Pyroar\n|-sidestart|p2: personanongrattata|move: Sticky Web\n|\n|upkeep\n|turn|7\n|\n|t:|1781452561\n|switch|p1a: Toxapex|Toxapex, L82, M|216/216 brn\n|-activate|p1a: Toxapex|move: Sticky Web\n|-unboost|p1a: Toxapex|spe|1\n|move|p2a: Pyroar|Fire Blast|p1a: Toxapex\n|-resisted|p1a: Toxapex\n|-damage|p1a: Toxapex|164/216 brn\n|\n|-damage|p1a: Toxapex|151/216 brn|[from] brn\n|upkeep\n|turn|8\n|\n|t:|1781452568\n|move|p2a: Pyroar|Hyper Voice|p1a: Toxapex\n|-damage|p1a: Toxapex|66/216 brn\n|move|p1a: Toxapex|Toxic|p2a: Pyroar\n|-status|p2a: Pyroar|tox\n|\n|-damage|p2a: Pyroar|217/295 tox|[from] psn\n|-damage|p1a: Toxapex|53/216 brn|[from] brn\n|upkeep\n|turn|9\n|\n|t:|1781452574\n|switch|p1a: Dipplin|Dipplin, L88, M|284/284\n|-activate|p1a: Dipplin|move: Sticky Web\n|-unboost|p1a: Dipplin|spe|1\n|move|p2a: Pyroar|Hyper Voice|p1a: Dipplin\n|-crit|p1a: Dipplin\n|-damage|p1a: Dipplin|160/284\n|\n|-damage|p2a: Pyroar|181/295 tox|[from] psn\n|upkeep\n|turn|10\n|\n|t:|1781452603\n|switch|p2a: Mew|Mew, L82|298/298\n|-activate|p2a: Mew|move: Sticky Web\n|-unboost|p2a: Mew|spe|1\n|move|p1a: Dipplin|Recover|p1a: Dipplin\n|-heal|p1a: Dipplin|284/284\n|\n|upkeep\n|turn|11\n|\n|t:|1781452608\n|move|p2a: Mew|Nasty Plot|p2a: Mew\n|-boost|p2a: Mew|spa|2\n|move|p1a: Dipplin|Dragon Pulse|p2a: Mew\n|-damage|p2a: Mew|202/298\n|\n|upkeep\n|turn|12\n|inactive|personanongrattata has 120 seconds left.\n|\n|t:|1781452638\n|move|p2a: Mew|Bug Buzz|p1a: Dipplin\n|-supereffective|p1a: Dipplin\n|-damage|p1a: Dipplin|76/284\n|-unboost|p1a: Dipplin|spd|1\n|-damage|p2a: Mew|173/298|[from] item: Life Orb\n|move|p1a: Dipplin|Dragon Tail|p2a: Mew\n|-damage|p2a: Mew|112/298\n|drag|p2a: Slaking|Slaking, L84, F|389/389\n|-activate|p2a: Slaking|move: Sticky Web\n|-unboost|p2a: Slaking|spe|1\n|\n|upkeep\n|turn|13\n|\n|t:|1781452648\n|move|p2a: Slaking|Knock Off|p1a: Dipplin\n|-damage|p1a: Dipplin|0 fnt\n|-enditem|p1a: Dipplin|Eviolite|[from] move: Knock Off|[of] p2a: Slaking\n|faint|p1a: Dipplin\n|\n|upkeep\n|\n|t:|1781452661\n|switch|p1a: Arceus|Arceus-Ground, L70|284/284\n|-activate|p1a: Arceus|move: Sticky Web\n|-unboost|p1a: Arceus|spe|1\n|turn|14\n|\n|t:|1781452669\n|switch|p2a: Rhydon|Rhydon, L85, F|119/317\n|-activate|p2a: Rhydon|move: Sticky Web\n|-unboost|p2a: Rhydon|spe|1\n|move|p1a: Arceus|Calm Mind|p1a: Arceus\n|-boost|p1a: Arceus|spa|1\n|-boost|p1a: Arceus|spd|1\n|\n|upkeep\n|turn|15\n|\n|t:|1781452672\n|move|p1a: Arceus|Judgment|p2a: Rhydon\n|-supereffective|p2a: Rhydon\n|-damage|p2a: Rhydon|0 fnt\n|faint|p2a: Rhydon\n|\n|upkeep\n|\n|t:|1781452680\n|switch|p2a: Slaking|Slaking, L84, F|389/389\n|-activate|p2a: Slaking|move: Sticky Web\n|-unboost|p2a: Slaking|spe|1\n|turn|16\n|\n|t:|1781452688\n|move|p2a: Slaking|Double-Edge|p1a: Arceus\n|-damage|p1a: Arceus|37/284\n|-damage|p2a: Slaking|307/389|[from] Recoil\n|move|p1a: Arceus|Recover|p1a: Arceus\n|-heal|p1a: Arceus|179/284\n|\n|upkeep\n|turn|17\n|\n|t:|1781452710\n|switch|p2a: Galvantula|Galvantula, L82, M|204/249 tox\n|move|p1a: Arceus|Recover|p1a: Arceus\n|-heal|p1a: Arceus|284/284\n|\n|-damage|p2a: Galvantula|189/249 tox|[from] psn\n|upkeep\n|turn|18\n|\n|t:|1781452720\n|move|p2a: Galvantula|Energy Ball|p1a: Arceus\n|-supereffective|p1a: Arceus\n|-damage|p1a: Arceus|212/284\n|move|p1a: Arceus|Judgment|p2a: Galvantula\n|-damage|p2a: Galvantula|0 fnt\n|faint|p2a: Galvantula\n|\n|upkeep\n|\n|t:|1781452735\n|switch|p2a: Slaking|Slaking, L84, F|307/389\n|-activate|p2a: Slaking|move: Sticky Web\n|-unboost|p2a: Slaking|spe|1\n|turn|19\n|\n|t:|1781452744\n|switch|p1a: Carbink|Carbink, L90|236/236\n|-activate|p1a: Carbink|move: Sticky Web\n|-fail|p1a: Carbink|unboost|[from] ability: Clear Body|[of] p1a: Carbink\n|move|p2a: Slaking|Double-Edge|p1a: Carbink\n|-resisted|p1a: Carbink\n|-damage|p1a: Carbink|156/236\n|-damage|p2a: Slaking|281/389|[from] Recoil\n|\n|upkeep\n|turn|20\n|\n|t:|1781452771\n|switch|p2a: Mew|Mew, L82|112/298\n|-activate|p2a: Mew|move: Sticky Web\n|-unboost|p2a: Mew|spe|1\n|move|p1a: Carbink|Iron Defense|p1a: Carbink\n|-boost|p1a: Carbink|def|2\n|\n|upkeep\n|turn|21\n|\n|t:|1781452777\n|move|p1a: Carbink|Rest|p1a: Carbink\n|-status|p1a: Carbink|slp|[from] move: Rest\n|-heal|p1a: Carbink|236/236 slp|[silent]\n|-enditem|p1a: Carbink|Chesto Berry|[eat]\n|-curestatus|p1a: Carbink|slp|[msg]\n|move|p2a: Mew|Aura Sphere|p1a: Carbink\n|-damage|p1a: Carbink|194/236\n|-damage|p2a: Mew|83/298|[from] item: Life Orb\n|\n|upkeep\n|turn|22\n|\n|t:|1781452782\n|move|p1a: Carbink|Moonblast|p2a: Mew\n|-damage|p2a: Mew|14/298\n|move|p2a: Mew|Aura Sphere|p1a: Carbink\n|-damage|p1a: Carbink|150/236\n|-damage|p2a: Mew|0 fnt|[from] item: Life Orb\n|faint|p2a: Mew\n|\n|upkeep\n|\n|t:|1781452790\n|switch|p2a: Delphox|Delphox, L84, M|263/263\n|turn|23\n|\n|t:|1781452797\n|move|p2a: Delphox|Nasty Plot|p2a: Delphox\n|-boost|p2a: Delphox|spa|2\n|move|p1a: Carbink|Iron Defense|p1a: Carbink\n|-boost|p1a: Carbink|def|2\n|\n|upkeep\n|turn|24\n|inactive|personanongrattata has 120 seconds left.\n|\n|t:|1781452828\n|move|p2a: Delphox|Fire Blast|p1a: Carbink\n|-resisted|p1a: Carbink\n|-damage|p1a: Carbink|75/236\n|-status|p1a: Carbink|brn\n|move|p1a: Carbink|Body Press|p2a: Delphox\n|-resisted|p2a: Delphox\n|-damage|p2a: Delphox|189/263\n|\n|-damage|p1a: Carbink|61/236 brn|[from] brn\n|upkeep\n|turn|25\n|\n|t:|1781452834\n|move|p2a: Delphox|Grass Knot|p1a: Carbink\n|-supereffective|p1a: Carbink\n|-damage|p1a: Carbink|17/236 brn\n|move|p1a: Carbink|Iron Defense|p1a: Carbink\n|-boost|p1a: Carbink|def|2\n|\n|-damage|p1a: Carbink|3/236 brn|[from] brn\n|upkeep\n|turn|26\n|\n|t:|1781452837\n|move|p2a: Delphox|Grass Knot|p1a: Carbink\n|-supereffective|p1a: Carbink\n|-crit|p1a: Carbink\n|-damage|p1a: Carbink|0 fnt\n|faint|p1a: Carbink\n|\n|upkeep\n|\n|t:|1781452858\n|switch|p1a: Ariados|Ariados, L95, M|287/287\n|turn|27\n|\n|t:|1781452881\n|-terastallize|p2a: Delphox|Grass\n|-terastallize|p1a: Ariados|Ghost\n|move|p2a: Delphox|Fire Blast|p1a: Ariados|[miss]\n|-miss|p2a: Delphox|p1a: Ariados\n|move|p1a: Ariados|Megahorn|p2a: Delphox\n|-supereffective|p2a: Delphox\n|-damage|p2a: Delphox|0 fnt\n|faint|p2a: Delphox\n|\n|upkeep\n|\n|t:|1781452888\n|switch|p2a: Slaking|Slaking, L84, F|281/389\n|-activate|p2a: Slaking|move: Sticky Web\n|-unboost|p2a: Slaking|spe|1\n|turn|28\n|\n|t:|1781452892\n|switch|p1a: Arceus|Arceus-Ground, L70|212/284\n|-activate|p1a: Arceus|move: Sticky Web\n|-unboost|p1a: Arceus|spe|1\n|move|p2a: Slaking|Knock Off|p1a: Arceus\n|-damage|p1a: Arceus|119/284\n|\n|upkeep\n|turn|29\n|\n|t:|1781452895\n|switch|p2a: Pyroar|Pyroar, L88, F|181/295 tox\n|-ability|p2a: Pyroar|Unnerve\n|move|p1a: Arceus|Recover|p1a: Arceus\n|-heal|p1a: Arceus|261/284\n|\n|-damage|p2a: Pyroar|163/295 tox|[from] psn\n|upkeep\n|turn|30\n|\n|t:|1781452898\n|move|p2a: Pyroar|Fire Blast|p1a: Arceus\n|-damage|p1a: Arceus|120/284\n|move|p1a: Arceus|Judgment|p2a: Pyroar\n|-supereffective|p2a: Pyroar\n|-damage|p2a: Pyroar|0 fnt\n|faint|p2a: Pyroar\n|\n|upkeep\n|-message|personanongrattata forfeited.\n|\n|win|arrdamoin\n", "inputlog": ">version a8376a258c1d4662feba110a92103f3664a72141\n>start {\"formatid\":\"gen9randombattle\",\"seed\":\"sodium,0f72579ea8e5b096f6861d768a6db26d\",\"rated\":\"Rated battle\"}\n>player p1 {\"name\":\"arrdamoin\",\"avatar\":\"flint\",\"rating\":2125,\"seed\":\"sodium,f4293c25abd904d71f8e077aec9bb67b\"}\n>player p2 {\"name\":\"personanongrattata\",\"avatar\":\"youngster-gen4dp\",\"rating\":2141,\"seed\":\"sodium,b1ef864c7e6442f4cbfd1728d9587898\"}\n>p1 move flashcannon\n>p2 move earthquake\n>p1 move flashcannon\n>p2 switch 2\n>p1 switch 2\n>p2 move willowisp\n>p1 move toxic\n>p2 switch 5\n>p1 switch 4\n>p2 move stickyweb\n>p1 move stickyweb\n>p2 switch 5\n>p1 switch 4\n>p2 move fireblast\n>p1 move toxic\n>p2 move hypervoice\n>p1 switch 5\n>p2 move hypervoice\n>p1 move recover\n>p2 switch 3\n>p1 move dragonpulse\n>p2 move nastyplot\n>p1 move dragontail\n>p2 move bugbuzz\n>p1 move recover\n>p2 move knockoff\n>p1 switch 6\n>p1 move calmmind\n>p2 switch 2\n>p1 move judgment\n>p2 move earthquake\n>p2 switch 2\n>p1 move recover\n>p2 move doubleedge\n>p1 move recover\n>p2 switch 5\n>p1 move judgment\n>p2 move energyball\n>p2 switch 5\n>p1 switch 3\n>p2 move doubleedge\n>p1 move irondefense\n>p2 switch 6\n>p1 move rest\n>p2 move aurasphere\n>p1 move moonblast\n>p2 move aurasphere\n>p2 switch 4\n>p1 move irondefense\n>p2 move nastyplot\n>p1 move bodypress\n>p2 move fireblast\n>p1 move irondefense\n>p2 move grassknot\n>p1 move rest\n>p2 move grassknot\n>p1 switch 4\n>p1 move megahorn terastallize\n>p2 move fireblast terastallize\n>p2 switch 6\n>p1 switch 3\n>p2 move knockoff\n>p1 move recover\n>p2 switch 3\n>p1 move judgment\n>p2 move fireblast\n>forcelose p2", "uploadtime": 1781452500, "views": 5, "formatid": "gen9randombattle", "rating": null, "private": 0, "password": null, "player_dets": [{"name": "arrdamoin", "avatar": "flint", "rating": 2125, "seed": "sodium,f4293c25abd904d71f8e077aec9bb67b"}, {"name": "personanongrattata", "avatar": "youngster-gen4dp", "rating": 2141, "seed": "sodium,b1ef864c7e6442f4cbfd1728d9587898"}], "teams_full": [{"Duraludon": {"name": "Duraludon", "species": "Duraludon", "speciesId": "duraludon", "gender": "F", "shiny": false, "level": 82, "moves": ["dragontail", "bodypress", "flashcannon", "dracometeor"], "ability": "Light Metal", "evs": {"hp": 85, "atk": 85, "def": 85, "spa": 85, "spd": 85, "spe": 85}, "ivs": {"hp": 31, "atk": 31, "def": 31, "spa": 31, "spd": 31, "spe": 31}, "item": "Eviolite", "teraType": "Fighting", "role": "Bulky Attacker", "bvs": {"hp": 70, "atk": 95, "def": 115, "spa": 120, "spd": 50, "spe": 85}, "stats": {"hp": 249, "atk": 203, "def": 236, "spa": 244, "spd": 129, "spe": 187}, "types": ["Steel", "Dragon"]}, "Toxapex": {"name": "Toxapex", "species": "Toxapex", "speciesId": "toxapex", "gender": "M", "shiny": false, "level": 82, "moves": ["recover", "haze", "toxic", "liquidation"], "ability": "Regenerator", "evs": {"hp": 85, "atk": 85, "def": 85, "spa": 85, "spd": 85, "spe": 85}, "ivs": {"hp": 31, "atk": 31, "def": 31, "spa": 31, "spd": 31, "spe": 31}, "item": "Rocky Helmet", "teraType": "Grass", "role": "Bulky Support", "bvs": {"hp": 50, "atk": 63, "def": 152, "spa": 53, "spd": 142, "spe": 35}, "stats": {"hp": 216, "atk": 150, "def": 296, "spa": 134, "spd": 280, "spe": 105}, "types": ["Poison", "Water"]}, "Carbink": {"name": "Carbink", "species": "Carbink", "speciesId": "carbink", "gender": "N", "shiny": false, "level": 90, "moves": ["bodypress", "rest", "moonblast", "irondefense"], "ability": "Clear Body", "evs": {"hp": 85, "atk": 0, "def": 85, "spa": 85, "spd": 85, "spe": 85}, "ivs": {"hp": 31, "atk": 0, "def": 31, "spa": 31, "spd": 31, "spe": 31}, "item": "Chesto Berry", "teraType": "Fighting", "role": "Fast Bulky Setup", "bvs": {"hp": 50, "atk": 50, "def": 150, "spa": 50, "spd": 150, "spe": 50}, "stats": {"hp": 236, "atk": 95, "def": 321, "spa": 141, "spd": 321, "spe": 141}, "types": ["Rock", "Fairy"]}, "Ariados": {"name": "Ariados", "species": "Ariados", "speciesId": "ariados", "gender": "M", "shiny": false, "level": 95, "moves": ["stickyweb", "toxicspikes", "poisonjab", "megahorn"], "ability": "Swarm", "evs": {"hp": 85, "atk": 85, "def": 85, "spa": 85, "spd": 85, "spe": 85}, "ivs": {"hp": 31, "atk": 31, "def": 31, "spa": 31, "spd": 31, "spe": 31}, "item": "Heavy-Duty Boots", "teraType": "Ghost", "role": "Fast Support", "bvs": {"hp": 70, "atk": 90, "def": 70, "spa": 60, "spd": 70, "spe": 40}, "stats": {"hp": 287, "atk": 225, "def": 187, "spa": 168, "spd": 187, "spe": 130}, "types": ["Bug", "Poison"]}, "Dipplin": {"name": "Dipplin", "species": "Dipplin", "speciesId": "dipplin", "gender": "M", "shiny": false, "level": 88, "moves": ["dragonpulse", "gigadrain", "dragontail", "recover"], "ability": "Sticky Hold", "evs": {"hp": 85, "atk": 85, "def": 85, "spa": 85, "spd": 85, "spe": 85}, "ivs": {"hp": 31, "atk": 31, "def": 31, "spa": 31, "spd": 31, "spe": 31}, "item": "Eviolite", "teraType": "Steel", "role": "Bulky Attacker", "bvs": {"hp": 80, "atk": 80, "def": 110, "spa": 95, "spd": 80, "spe": 40}, "stats": {"hp": 284, "atk": 191, "def": 244, "spa": 217, "spd": 191, "spe": 121}, "types": ["Grass", "Dragon"]}, "Arceus": {"name": "Arceus", "species": "Arceus-Ground", "speciesId": "arceusground", "gender": "N", "shiny": false, "level": 70, "moves": ["calmmind", "judgment", "icebeam", "recover"], "ability": "Multitype", "evs": {"hp": 85, "atk": 0, "def": 85, "spa": 85, "spd": 85, "spe": 85}, "ivs": {"hp": 31, "atk": 0, "def": 31, "spa": 31, "spd": 31, "spe": 31}, "item": "Earth Plate", "teraType": "Ground", "role": "Bulky Setup", "bvs": {"hp": 120, "atk": 120, "def": 120, "spa": 120, "spd": 120, "spe": 120}, "stats": {"hp": 284, "atk": 173, "def": 209, "spa": 209, "spd": 209, "spe": 209}, "types": ["Ground"]}}, {"Rhydon": {"name": "Rhydon", "species": "Rhydon", "speciesId": "rhydon", "gender": "F", "shiny": false, "level": 85, "moves": ["megahorn", "stoneedge", "earthquake", "swordsdance"], "ability": "Lightning Rod", "evs": {"hp": 85, "atk": 85, "def": 85, "spa": 85, "spd": 85, "spe": 85}, "ivs": {"hp": 31, "atk": 31, "def": 31, "spa": 31, "spd": 31, "spe": 31}, "item": "Eviolite", "teraType": "Flying", "role": "Bulky Attacker", "bvs": {"hp": 105, "atk": 130, "def": 120, "spa": 45, "spd": 45, "spe": 40}, "stats": {"hp": 317, "atk": 270, "def": 253, "spa": 125, "spd": 125, "spe": 117}, "types": ["Ground", "Rock"]}, "Pyroar": {"name": "Pyroar", "species": "Pyroar", "speciesId": "pyroar", "gender": "F", "shiny": false, "level": 88, "moves": ["darkpulse", "willowisp", "fireblast", "hypervoice"], "ability": "Unnerve", "evs": {"hp": 85, "atk": 0, "def": 85, "spa": 85, "spd": 85, "spe": 85}, "ivs": {"hp": 31, "atk": 0, "def": 31, "spa": 31, "spd": 31, "spe": 31}, "item": "Heavy-Duty Boots", "teraType": "Fire", "role": "Fast Attacker", "bvs": {"hp": 86, "atk": 68, "def": 72, "spa": 109, "spd": 66, "spe": 106}, "stats": {"hp": 295, "atk": 124, "def": 177, "spa": 242, "spd": 166, "spe": 237}, "types": ["Fire", "Normal"]}, "Mew": {"name": "Mew", "species": "Mew", "speciesId": "mew", "gender": "N", "shiny": false, "level": 82, "moves": ["nastyplot", "psyshock", "aurasphere", "bugbuzz"], "ability": "Synchronize", "evs": {"hp": 85, "atk": 0, "def": 85, "spa": 85, "spd": 85, "spe": 85}, "ivs": {"hp": 31, "atk": 0, "def": 31, "spa": 31, "spd": 31, "spe": 31}, "item": "Life Orb", "teraType": "Fighting", "role": "Fast Bulky Setup", "bvs": {"hp": 100, "atk": 100, "def": 100, "spa": 100, "spd": 100, "spe": 100}, "stats": {"hp": 298, "atk": 169, "def": 211, "spa": 211, "spd": 211, "spe": 211}, "types": ["Psychic"]}, "Delphox": {"name": "Delphox", "species": "Delphox", "speciesId": "delphox", "gender": "M", "shiny": false, "level": 84, "moves": ["nastyplot", "fireblast", "psyshock", "grassknot"], "ability": "Blaze", "evs": {"hp": 85, "atk": 0, "def": 85, "spa": 85, "spd": 85, "spe": 85}, "ivs": {"hp": 31, "atk": 0, "def": 31, "spa": 31, "spd": 31, "spe": 31}, "item": "Heavy-Duty Boots", "teraType": "Grass", "role": "Fast Attacker", "bvs": {"hp": 75, "atk": 69, "def": 72, "spa": 114, "spd": 100, "spe": 104}, "stats": {"hp": 263, "atk": 120, "def": 169, "spa": 240, "spd": 216, "spe": 223}, "types": ["Fire", "Psychic"]}, "Galvantula": {"name": "Galvantula", "species": "Galvantula", "speciesId": "galvantula", "gender": "M", "shiny": false, "level": 82, "moves": ["bugbuzz", "stickyweb", "thunder", "energyball"], "ability": "Compound Eyes", "evs": {"hp": 85, "atk": 0, "def": 85, "spa": 85, "spd": 85, "spe": 85}, "ivs": {"hp": 31, "atk": 0, "def": 31, "spa": 31, "spd": 31, "spe": 31}, "item": "Heavy-Duty Boots", "teraType": "Electric", "role": "Fast Support", "bvs": {"hp": 70, "atk": 77, "def": 60, "spa": 97, "spd": 60, "spe": 108}, "stats": {"hp": 249, "atk": 131, "def": 146, "spa": 206, "spd": 146, "spe": 224}, "types": ["Bug", "Electric"]}, "Slaking": {"name": "Slaking", "species": "Slaking", "speciesId": "slaking", "gender": "F", "shiny": false, "level": 84, "moves": ["earthquake", "doubleedge", "gigaimpact", "knockoff"], "ability": "Truant", "evs": {"hp": 85, "atk": 85, "def": 85, "spa": 85, "spd": 85, "spe": 85}, "ivs": {"hp": 31, "atk": 31, "def": 31, "spa": 31, "spd": 31, "spe": 31}, "item": "Choice Band", "teraType": "Ground", "role": "Wallbreaker", "bvs": {"hp": 150, "atk": 160, "def": 100, "spa": 95, "spd": 65, "spe": 100}, "stats": {"hp": 389, "atk": 317, "def": 216, "spa": 208, "spd": 157, "spe": 216}, "types": ["Normal"]}}]}