{"id": "gen9randombattle-2631879474", "format": "[Gen 9] Random Battle", "players": ["Scarf bonsley", "barretjd"], "log": "|j|\u2606Scarf bonsley\n|j|\u2606barretjd\n|t:|1781451309\n|gametype|singles\n|player|p1|Scarf bonsley|marlon|2220\n|player|p2|barretjd|101|2239\n|gen|9\n|tier|[Gen 9] Random Battle\n|rated|\n|rule|Species Clause: Limit one of each Pok\u00e9mon\n|rule|HP Percentage Mod: HP is shown in percentages\n|rule|Sleep Clause Mod: Limit one foe put to sleep\n|rule|Illusion Level Mod: Illusion disguises the Pok\u00e9mon's true level\n|\n|t:|1781451309\n|teamsize|p1|6\n|teamsize|p2|6\n|start\n|switch|p1a: Copperajah|Copperajah, L86, F|350/350\n|switch|p2a: Dragalge|Dragalge, L88, M|258/258\n|turn|1\n|\n|t:|1781451326\n|move|p2a: Dragalge|Flip Turn|p1a: Copperajah\n|-damage|p1a: Copperajah|304/350\n|inactive|Battle timer is ON: inactive players will automatically lose when time's up. (requested by Scarf bonsley)\n|\n|t:|1781451329\n|switch|p2a: Metagross|Metagross, L79|256/256|[from] Flip Turn\n|move|p1a: Copperajah|Iron Head|p2a: Metagross\n|-resisted|p2a: Metagross\n|-damage|p2a: Metagross|188/256\n|\n|upkeep\n|turn|2\n|\n|t:|1781451357\n|switch|p1a: Kricketune|Kricketune, L99, F|312/312\n|move|p2a: Metagross|Earthquake|p1a: Kricketune\n|-resisted|p1a: Kricketune\n|-damage|p1a: Kricketune|266/312\n|\n|upkeep\n|turn|3\n|\n|t:|1781451366\n|move|p1a: Kricketune|Sticky Web|p2a: Metagross\n|-sidestart|p2: barretjd|move: Sticky Web\n|move|p2a: Metagross|Agility|p2a: Metagross\n|-boost|p2a: Metagross|spe|2\n|\n|upkeep\n|turn|4\n|\n|t:|1781451373\n|move|p2a: Metagross|Psychic Fangs|p1a: Kricketune\n|-damage|p1a: Kricketune|140/312\n|move|p1a: Kricketune|Pounce|p2a: Metagross\n|-crit|p2a: Metagross\n|-damage|p2a: Metagross|62/256\n|\n|upkeep\n|turn|5\n|\n|t:|1781451381\n|switch|p1a: Copperajah|Copperajah, L86, F|304/350\n|move|p2a: Metagross|Heavy Slam|p1a: Copperajah\n|-resisted|p1a: Copperajah\n|-damage|p1a: Copperajah|277/350\n|\n|upkeep\n|turn|6\n|\n|t:|1781451386\n|move|p2a: Metagross|Earthquake|p1a: Copperajah\n|-supereffective|p1a: Copperajah\n|-damage|p1a: Copperajah|81/350\n|move|p1a: Copperajah|Superpower|p2a: Metagross\n|-crit|p2a: Metagross\n|-damage|p2a: Metagross|0 fnt\n|-unboost|p1a: Copperajah|atk|1\n|-unboost|p1a: Copperajah|def|1\n|faint|p2a: Metagross\n|-damage|p1a: Copperajah|46/350|[from] item: Life Orb\n|\n|upkeep\n|\n|t:|1781451403\n|switch|p2a: Fezandipiti|Fezandipiti, L82, M|278/278\n|-activate|p2a: Fezandipiti|move: Sticky Web\n|-unboost|p2a: Fezandipiti|spe|1\n|turn|7\n|\n|t:|1781451406\n|move|p2a: Fezandipiti|Beat Up|p1a: Copperajah\n|-damage|p1a: Copperajah|31/350\n|-damage|p1a: Copperajah|20/350\n|-damage|p1a: Copperajah|5/350\n|-damage|p1a: Copperajah|0 fnt\n|faint|p1a: Copperajah\n|-hitcount|p1: Copperajah|4\n|\n|upkeep\n|\n|t:|1781451410\n|switch|p1a: Mamoswine|Mamoswine, L81, F|311/311\n|turn|8\n|j| matilda1\n|\n|t:|1781451430\n|switch|p2a: Illumise|Illumise, L91, F|266/266\n|move|p1a: Mamoswine|Earthquake|p2a: Illumise\n|-resisted|p2a: Illumise\n|-damage|p2a: Illumise|170/266\n|\n|upkeep\n|turn|9\n|\n|t:|1781451438\n|switch|p1a: Magcargo|Magcargo, L95, M|268/268\n|move|p2a: Illumise|Bug Buzz|p1a: Magcargo\n|-resisted|p1a: Magcargo\n|-damage|p1a: Magcargo|223/268\n|\n|upkeep\n|turn|10\n|\n|t:|1781451453\n|switch|p2a: Dragalge|Dragalge, L88, M|258/258\n|-activate|p2a: Dragalge|move: Sticky Web\n|-unboost|p2a: Dragalge|spe|1\n|switch|p1a: Mamoswine|Mamoswine, L81, F|311/311\n|\n|upkeep\n|turn|11\n|\n|t:|1781451459\n|switch|p2a: Illumise|Illumise, L91, F|170/266\n|move|p1a: Mamoswine|Earthquake|p2a: Illumise\n|-resisted|p2a: Illumise\n|-damage|p2a: Illumise|65/266\n|\n|upkeep\n|turn|12\n|\n|t:|1781451464\n|switch|p1a: Magcargo|Magcargo, L95, M|223/268\n|move|p2a: Illumise|Roost|p2a: Illumise\n|-heal|p2a: Illumise|198/266\n|-singleturn|p2a: Illumise|move: Roost\n|\n|upkeep\n|turn|13\n|\n|t:|1781451467\n|switch|p2a: Dragalge|Dragalge, L88, M|258/258\n|-activate|p2a: Dragalge|move: Sticky Web\n|-unboost|p2a: Dragalge|spe|1\n|move|p1a: Magcargo|Lava Plume|p2a: Dragalge\n|-resisted|p2a: Dragalge\n|-damage|p2a: Dragalge|219/258\n|-status|p2a: Dragalge|brn\n|\n|-damage|p2a: Dragalge|203/258 brn|[from] brn\n|upkeep\n|turn|14\n|\n|t:|1781451475\n|move|p1a: Magcargo|Power Gem|p2a: Dragalge\n|-damage|p2a: Dragalge|133/258 brn\n|move|p2a: Dragalge|Focus Blast|p1a: Magcargo\n|-supereffective|p1a: Magcargo\n|-damage|p1a: Magcargo|0 fnt\n|faint|p1a: Magcargo\n|\n|-damage|p2a: Dragalge|117/258 brn|[from] brn\n|upkeep\n|\n|t:|1781451480\n|switch|p1a: Mamoswine|Mamoswine, L81, F|311/311\n|turn|15\n|\n|t:|1781451486\n|switch|p2a: Illumise|Illumise, L91, F|198/266\n|move|p1a: Mamoswine|Earthquake|p2a: Illumise\n|-resisted|p2a: Illumise\n|-damage|p2a: Illumise|99/266\n|\n|upkeep\n|turn|16\n|\n|t:|1781451489\n|move|p2a: Illumise|Roost|p2a: Illumise\n|-heal|p2a: Illumise|232/266\n|-singleturn|p2a: Illumise|move: Roost\n|move|p1a: Mamoswine|Earthquake|p2a: Illumise\n|-resisted|p2a: Illumise\n|-damage|p2a: Illumise|130/266\n|\n|upkeep\n|turn|17\n|\n|t:|1781451492\n|move|p2a: Illumise|Roost|p2a: Illumise\n|-heal|p2a: Illumise|263/266\n|-singleturn|p2a: Illumise|move: Roost\n|move|p1a: Mamoswine|Earthquake|p2a: Illumise\n|-resisted|p2a: Illumise\n|-damage|p2a: Illumise|164/266\n|\n|upkeep\n|turn|18\n|\n|t:|1781451495\n|switch|p1a: Kricketune|Kricketune, L99, F|140/312\n|move|p2a: Illumise|Bug Buzz|p1a: Kricketune\n|-damage|p1a: Kricketune|25/312\n|-unboost|p1a: Kricketune|spd|1\n|\n|upkeep\n|turn|19\n|\n|t:|1781451499\n|move|p2a: Illumise|Bug Buzz|p1a: Kricketune\n|-damage|p1a: Kricketune|0 fnt\n|faint|p1a: Kricketune\n|\n|upkeep\n|\n|t:|1781451500\n|switch|p1a: Blaziken|Blaziken, L76, F|247/247\n|turn|20\n|\n|t:|1781451503\n|move|p2a: Illumise|Thunder Wave|p1a: Blaziken\n|-status|p1a: Blaziken|par\n|move|p1a: Blaziken|Flare Blitz|p2a: Illumise\n|-supereffective|p2a: Illumise\n|-damage|p2a: Illumise|0 fnt\n|faint|p2a: Illumise\n|-damage|p1a: Blaziken|193/247 par|[from] Recoil\n|-damage|p1a: Blaziken|169/247 par|[from] item: Life Orb\n|\n|-ability|p1a: Blaziken|Speed Boost|boost\n|-boost|p1a: Blaziken|spe|1\n|upkeep\n|\n|t:|1781451510\n|switch|p2a: Espathra|Espathra, L80, M|283/283\n|-activate|p2a: Espathra|move: Sticky Web\n|-unboost|p2a: Espathra|spe|1\n|turn|21\n|\n|t:|1781451513\n|move|p2a: Espathra|Substitute|p2a: Espathra\n|-start|p2a: Espathra|Substitute\n|-damage|p2a: Espathra|213/283\n|move|p1a: Blaziken|Flare Blitz|p2a: Espathra\n|-end|p2a: Espathra|Substitute\n|-damage|p1a: Blaziken|146/247 par|[from] Recoil|[of] p2a: Espathra\n|-damage|p1a: Blaziken|122/247 par|[from] item: Life Orb\n|\n|-heal|p2a: Espathra|230/283|[from] item: Leftovers\n|-ability|p2a: Espathra|Speed Boost|boost\n|-boost|p2a: Espathra|spe|1\n|-ability|p1a: Blaziken|Speed Boost|boost\n|-boost|p1a: Blaziken|spe|1\n|upkeep\n|turn|22\n|\n|t:|1781451536\n|move|p2a: Espathra|Substitute|p2a: Espathra\n|-start|p2a: Espathra|Substitute\n|-damage|p2a: Espathra|160/283\n|move|p1a: Blaziken|Flare Blitz|p2a: Espathra\n|-end|p2a: Espathra|Substitute\n|-damage|p1a: Blaziken|99/247 par|[from] Recoil|[of] p2a: Espathra\n|-damage|p1a: Blaziken|75/247 par|[from] item: Life Orb\n|\n|-heal|p2a: Espathra|177/283|[from] item: Leftovers\n|-ability|p2a: Espathra|Speed Boost|boost\n|-boost|p2a: Espathra|spe|1\n|-ability|p1a: Blaziken|Speed Boost|boost\n|-boost|p1a: Blaziken|spe|1\n|upkeep\n|turn|23\n|\n|t:|1781451548\n|move|p2a: Espathra|Substitute|p2a: Espathra\n|-start|p2a: Espathra|Substitute\n|-damage|p2a: Espathra|107/283\n|move|p1a: Blaziken|Flare Blitz|p2a: Espathra\n|-end|p2a: Espathra|Substitute\n|-damage|p1a: Blaziken|52/247 par|[from] Recoil|[of] p2a: Espathra\n|-damage|p1a: Blaziken|28/247 par|[from] item: Life Orb\n|\n|-heal|p2a: Espathra|124/283|[from] item: Leftovers\n|-ability|p2a: Espathra|Speed Boost|boost\n|-boost|p2a: Espathra|spe|1\n|-ability|p1a: Blaziken|Speed Boost|boost\n|-boost|p1a: Blaziken|spe|1\n|upkeep\n|turn|24\n|\n|t:|1781451556\n|move|p2a: Espathra|Dazzling Gleam|p1a: Blaziken\n|-damage|p1a: Blaziken|0 fnt\n|faint|p1a: Blaziken\n|\n|-heal|p2a: Espathra|141/283|[from] item: Leftovers\n|-ability|p2a: Espathra|Speed Boost|boost\n|-boost|p2a: Espathra|spe|1\n|upkeep\n|\n|t:|1781451561\n|switch|p1a: Mamoswine|Mamoswine, L81, F|311/311\n|turn|25\n|\n|t:|1781451577\n|move|p2a: Espathra|Substitute|p2a: Espathra\n|-start|p2a: Espathra|Substitute\n|-damage|p2a: Espathra|71/283\n|move|p1a: Mamoswine|Earthquake|p2a: Espathra\n|-crit|p2a: Espathra\n|-end|p2a: Espathra|Substitute\n|\n|-heal|p2a: Espathra|88/283|[from] item: Leftovers\n|-ability|p2a: Espathra|Speed Boost|boost\n|-boost|p2a: Espathra|spe|1\n|upkeep\n|turn|26\n|l| matilda1\n|\n|t:|1781451585\n|move|p2a: Espathra|Substitute|p2a: Espathra\n|-start|p2a: Espathra|Substitute\n|-damage|p2a: Espathra|18/283\n|move|p1a: Mamoswine|Earthquake|p2a: Espathra\n|-end|p2a: Espathra|Substitute\n|\n|-heal|p2a: Espathra|35/283|[from] item: Leftovers\n|-ability|p2a: Espathra|Speed Boost|boost\n|-boost|p2a: Espathra|spe|1\n|upkeep\n|turn|27\n|\n|t:|1781451590\n|move|p2a: Espathra|Stored Power|p1a: Mamoswine\n|-damage|p1a: Mamoswine|133/311\n|move|p1a: Mamoswine|Earthquake|p2a: Espathra\n|-damage|p2a: Espathra|0 fnt\n|faint|p2a: Espathra\n|\n|upkeep\n|\n|t:|1781451598\n|switch|p2a: Dunsparce|Dunsparce, L86, F|312/312\n|-activate|p2a: Dunsparce|move: Sticky Web\n|-unboost|p2a: Dunsparce|spe|1\n|turn|28\n|\n|t:|1781451603\n|switch|p1a: Deoxys|Deoxys-Attack, L72|191/191\n|-ability|p1a: Deoxys|Pressure\n|move|p2a: Dunsparce|Body Slam|p1a: Deoxys\n|-damage|p1a: Deoxys|0 fnt\n|faint|p1a: Deoxys\n|\n|upkeep\n|-message|Scarf bonsley forfeited.\n|\n|win|barretjd\n", "inputlog": ">version a8376a258c1d4662feba110a92103f3664a72141\n>start {\"formatid\":\"gen9randombattle\",\"seed\":\"sodium,170c49b61a188dcc32ebfc3afc9eefd9\",\"rated\":\"Rated battle\"}\n>player p1 {\"name\":\"Scarf bonsley\",\"avatar\":\"marlon\",\"rating\":2220,\"seed\":\"sodium,b30cc3e0492c2f164fdd0a697f30ca80\"}\n>player p2 {\"name\":\"barretjd\",\"avatar\":\"101\",\"rating\":2239,\"seed\":\"sodium,964b897bb0dfb49642ef7da6cd1c9606\"}\n>p1 move ironhead\n>p2 move flipturn\n>p2 switch 6\n>p1 switch 5\n>p2 move earthquake\n>p1 move stickyweb\n>p2 move agility\n>p1 move pounce\n>p2 move psychicfangs\n>p1 switch 5\n>p2 move heavyslam\n>p1 move superpower\n>p2 move earthquake\n>p2 switch 2\n>p1 move ironhead\n>p2 move beatup\n>p1 switch 2\n>p1 move earthquake\n>p2 switch 3\n>p1 switch 4\n>p2 move bugbuzz\n>p1 switch 4\n>p2 switch 6\n>p1 move earthquake\n>p2 switch 6\n>p1 switch 4\n>p2 move roost\n>p1 move lavaplume\n>p2 switch 6\n>p1 move powergem\n>p2 move focusblast\n>p1 switch 4\n>p1 move earthquake\n>p2 switch 6\n>p1 move earthquake\n>p2 move roost\n>p1 move earthquake\n>p2 move roost\n>p1 switch 5\n>p2 move bugbuzz\n>p1 move pounce\n>p2 move bugbuzz\n>p1 switch 3\n>p1 move flareblitz\n>p2 move thunderwave\n>p2 switch 5\n>p1 move flareblitz\n>p2 move substitute\n>p1 move flareblitz\n>p2 move substitute\n>p1 move flareblitz\n>p2 move substitute\n>p1 move flareblitz\n>p2 move dazzlinggleam\n>p1 switch 5\n>p1 move earthquake\n>p2 move substitute\n>p1 move earthquake\n>p2 move substitute\n>p1 move earthquake\n>p2 move storedpower\n>p2 switch 4\n>p1 switch 6\n>p2 move bodyslam\n>forcelose p1", "uploadtime": 1781451310, "views": 5, "formatid": "gen9randombattle", "rating": null, "private": 0, "password": null, "player_dets": [{"name": "Scarf bonsley", "avatar": "marlon", "rating": 2220, "seed": "sodium,b30cc3e0492c2f164fdd0a697f30ca80"}, {"name": "barretjd", "avatar": "101", "rating": 2239, "seed": "sodium,964b897bb0dfb49642ef7da6cd1c9606"}], "teams_full": [{"Copperajah": {"name": "Copperajah", "species": "Copperajah", "speciesId": "copperajah", "gender": "F", "shiny": false, "level": 86, "moves": ["rockslide", "superpower", "ironhead", "playrough"], "ability": "Sheer Force", "evs": {"hp": 85, "atk": 85, "def": 85, "spa": 85, "spd": 85, "spe": 85}, "ivs": {"hp": 31, "atk": 31, "def": 31, "spa": 31, "spd": 31, "spe": 31}, "item": "Life Orb", "teraType": "Fairy", "role": "Wallbreaker", "bvs": {"hp": 122, "atk": 130, "def": 69, "spa": 80, "spd": 69, "spe": 30}, "stats": {"hp": 350, "atk": 273, "def": 168, "spa": 187, "spd": 168, "spe": 101}, "types": ["Steel"]}, "Mamoswine": {"name": "Mamoswine", "species": "Mamoswine", "speciesId": "mamoswine", "gender": "F", "shiny": false, "level": 81, "moves": ["earthquake", "iceshard", "knockoff", "iciclecrash"], "ability": "Thick Fat", "evs": {"hp": 85, "atk": 85, "def": 85, "spa": 85, "spd": 85, "spe": 85}, "ivs": {"hp": 31, "atk": 31, "def": 31, "spa": 31, "spd": 31, "spe": 31}, "item": "Choice Band", "teraType": "Ground", "role": "Wallbreaker", "bvs": {"hp": 110, "atk": 130, "def": 80, "spa": 70, "spd": 60, "spe": 80}, "stats": {"hp": 311, "atk": 257, "def": 176, "spa": 160, "spd": 144, "spe": 176}, "types": ["Ice", "Ground"]}, "Blaziken": {"name": "Blaziken", "species": "Blaziken", "speciesId": "blaziken", "gender": "F", "shiny": false, "level": 76, "moves": ["closecombat", "protect", "flareblitz", "swordsdance"], "ability": "Speed Boost", "evs": {"hp": 85, "atk": 85, "def": 85, "spa": 85, "spd": 85, "spe": 85}, "ivs": {"hp": 31, "atk": 31, "def": 31, "spa": 31, "spd": 31, "spe": 31}, "item": "Life Orb", "teraType": "Fighting", "role": "Setup Sweeper", "bvs": {"hp": 80, "atk": 120, "def": 70, "spa": 110, "spd": 70, "spe": 80}, "stats": {"hp": 247, "atk": 226, "def": 150, "spa": 211, "spd": 150, "spe": 166}, "types": ["Fire", "Fighting"]}, "Magcargo": {"name": "Magcargo", "species": "Magcargo", "speciesId": "magcargo", "gender": "M", "shiny": false, "level": 95, "moves": ["powergem", "recover", "lavaplume", "yawn"], "ability": "Flame Body", "evs": {"hp": 85, "atk": 0, "def": 85, "spa": 85, "spd": 85, "spe": 85}, "ivs": {"hp": 31, "atk": 0, "def": 31, "spa": 31, "spd": 31, "spe": 31}, "item": "Heavy-Duty Boots", "teraType": "Grass", "role": "Bulky Support", "bvs": {"hp": 60, "atk": 50, "def": 120, "spa": 90, "spd": 80, "spe": 30}, "stats": {"hp": 268, "atk": 100, "def": 282, "spa": 225, "spd": 206, "spe": 111}, "types": ["Fire", "Rock"]}, "Kricketune": {"name": "Kricketune", "species": "Kricketune", "speciesId": "kricketune", "gender": "F", "shiny": false, "level": 99, "moves": ["taunt", "knockoff", "pounce", "stickyweb"], "ability": "Technician", "evs": {"hp": 85, "atk": 85, "def": 85, "spa": 85, "spd": 85, "spe": 85}, "ivs": {"hp": 31, "atk": 31, "def": 31, "spa": 31, "spd": 31, "spe": 31}, "item": "Heavy-Duty Boots", "teraType": "Ghost", "role": "Fast Support", "bvs": {"hp": 77, "atk": 85, "def": 51, "spa": 55, "spd": 51, "spe": 65}, "stats": {"hp": 312, "atk": 224, "def": 157, "spa": 165, "spd": 157, "spe": 185}, "types": ["Bug"]}, "Deoxys": {"name": "Deoxys", "species": "Deoxys-Attack", "speciesId": "deoxysattack", "gender": "N", "shiny": false, "level": 72, "moves": ["psychoboost", "superpower", "knockoff", "icebeam"], "ability": "Pressure", "evs": {"hp": 85, "atk": 85, "def": 85, "spa": 85, "spd": 85, "spe": 85}, "ivs": {"hp": 31, "atk": 31, "def": 31, "spa": 31, "spd": 31, "spe": 31}, "item": "Life Orb", "teraType": "Dark", "role": "Wallbreaker", "bvs": {"hp": 50, "atk": 180, "def": 20, "spa": 180, "spd": 20, "spe": 150}, "stats": {"hp": 191, "atk": 301, "def": 71, "spa": 301, "spd": 71, "spe": 258}, "types": ["Psychic"]}}, {"Dragalge": {"name": "Dragalge", "species": "Dragalge", "speciesId": "dragalge", "gender": "M", "shiny": false, "level": 88, "moves": ["dracometeor", "sludgewave", "flipturn", "focusblast"], "ability": "Adaptability", "evs": {"hp": 85, "atk": 85, "def": 85, "spa": 85, "spd": 85, "spe": 85}, "ivs": {"hp": 31, "atk": 31, "def": 31, "spa": 31, "spd": 31, "spe": 31}, "item": "Choice Specs", "teraType": "Fighting", "role": "Bulky Attacker", "bvs": {"hp": 65, "atk": 75, "def": 90, "spa": 97, "spd": 123, "spe": 44}, "stats": {"hp": 258, "atk": 182, "def": 209, "spa": 221, "spd": 267, "spe": 128}, "types": ["Poison", "Dragon"]}, "Fezandipiti": {"name": "Fezandipiti", "species": "Fezandipiti", "speciesId": "fezandipiti", "gender": "M", "shiny": false, "level": 82, "moves": ["moonblast", "beatup", "roost", "gunkshot"], "ability": "Toxic Chain", "evs": {"hp": 85, "atk": 85, "def": 85, "spa": 85, "spd": 85, "spe": 85}, "ivs": {"hp": 31, "atk": 31, "def": 31, "spa": 31, "spd": 31, "spe": 31}, "item": "Leftovers", "teraType": "Dark", "role": "Bulky Attacker", "bvs": {"hp": 88, "atk": 91, "def": 82, "spa": 70, "spd": 125, "spe": 99}, "stats": {"hp": 278, "atk": 196, "def": 182, "spa": 162, "spd": 252, "spe": 210}, "types": ["Poison", "Fairy"]}, "Illumise": {"name": "Illumise", "species": "Illumise", "speciesId": "illumise", "gender": "F", "shiny": false, "level": 91, "moves": ["bugbuzz", "thunderwave", "encore", "roost"], "ability": "Prankster", "evs": {"hp": 85, "atk": 0, "def": 85, "spa": 85, "spd": 85, "spe": 85}, "ivs": {"hp": 31, "atk": 0, "def": 31, "spa": 31, "spd": 31, "spe": 31}, "item": "Heavy-Duty Boots", "teraType": "Steel", "role": "Bulky Support", "bvs": {"hp": 65, "atk": 47, "def": 75, "spa": 73, "spd": 85, "spe": 85}, "stats": {"hp": 266, "atk": 90, "def": 188, "spa": 185, "spd": 207, "spe": 207}, "types": ["Bug"]}, "Dunsparce": {"name": "Dunsparce", "species": "Dunsparce", "speciesId": "dunsparce", "gender": "F", "shiny": false, "level": 86, "moves": ["bodyslam", "coil", "earthquake", "roost"], "ability": "Serene Grace", "evs": {"hp": 85, "atk": 85, "def": 85, "spa": 85, "spd": 85, "spe": 85}, "ivs": {"hp": 31, "atk": 31, "def": 31, "spa": 31, "spd": 31, "spe": 31}, "item": "Eviolite", "teraType": "Ground", "role": "Bulky Setup", "bvs": {"hp": 100, "atk": 70, "def": 70, "spa": 65, "spd": 65, "spe": 45}, "stats": {"hp": 312, "atk": 170, "def": 170, "spa": 161, "spd": 161, "spe": 127}, "types": ["Normal"]}, "Espathra": {"name": "Espathra", "species": "Espathra", "speciesId": "espathra", "gender": "M", "shiny": false, "level": 80, "moves": ["substitute", "dazzlinggleam", "storedpower", "calmmind"], "ability": "Speed Boost", "evs": {"hp": 85, "atk": 0, "def": 85, "spa": 85, "spd": 85, "spe": 85}, "ivs": {"hp": 31, "atk": 0, "def": 31, "spa": 31, "spd": 31, "spe": 31}, "item": "Leftovers", "teraType": "Fairy", "role": "Fast Bulky Setup", "bvs": {"hp": 95, "atk": 60, "def": 60, "spa": 101, "spd": 60, "spe": 105}, "stats": {"hp": 283, "atk": 101, "def": 142, "spa": 208, "spd": 142, "spe": 214}, "types": ["Psychic"]}, "Metagross": {"name": "Metagross", "species": "Metagross", "speciesId": "metagross", "gender": "N", "shiny": false, "level": 79, "moves": ["agility", "psychicfangs", "earthquake", "heavyslam"], "ability": "Clear Body", "evs": {"hp": 85, "atk": 85, "def": 85, "spa": 85, "spd": 85, "spe": 85}, "ivs": {"hp": 31, "atk": 31, "def": 31, "spa": 31, "spd": 31, "spe": 31}, "item": "Weakness Policy", "teraType": "Ground", "role": "Bulky Setup", "bvs": {"hp": 80, "atk": 135, "def": 130, "spa": 95, "spd": 90, "spe": 70}, "stats": {"hp": 256, "atk": 259, "def": 251, "spa": 196, "spd": 188, "spe": 156}, "types": ["Steel", "Psychic"]}}]}