{"id": "gen9randombattle-2631626514", "format": "[Gen 9] Random Battle", "players": ["moomoo798", "Ara Ara Armin"], "log": "|j|\u2606moomoo798\n|j|\u2606Ara Ara Armin\n|t:|1781410977\n|gametype|singles\n|player|p1|moomoo798|jasmine|1973\n|player|p2|Ara Ara Armin|102|2009\n|gen|9\n|tier|[Gen 9] Random Battle\n|rated|\n|rule|Species Clause: Limit one of each Pok\u00e9mon\n|rule|HP Percentage Mod: HP is shown in percentages\n|rule|Sleep Clause Mod: Limit one foe put to sleep\n|rule|Illusion Level Mod: Illusion disguises the Pok\u00e9mon's true level\n|\n|t:|1781410977\n|teamsize|p1|6\n|teamsize|p2|6\n|start\n|switch|p1a: Hitmonchan|Hitmonchan, L87, M|229/229\n|switch|p2a: Walking Wake|Walking Wake, L79|286/286\n|turn|1\n|inactive|Battle timer is ON: inactive players will automatically lose when time's up. (requested by moomoo798)\n|inactive|Ara Ara Armin has 120 seconds left.\n|\n|t:|1781411026\n|switch|p1a: Dedenne|Dedenne, L88, M|261/261\n|move|p2a: Walking Wake|Sunny Day|p2a: Walking Wake\n|-weather|SunnyDay\n|-activate|p2a: Walking Wake|ability: Protosynthesis\n|-start|p2a: Walking Wake|protosynthesisspa\n|\n|-weather|SunnyDay|[upkeep]\n|upkeep\n|turn|2\n|\n|t:|1781411046\n|-terastallize|p2a: Walking Wake|Fire\n|move|p1a: Dedenne|Nuzzle|p2a: Walking Wake\n|-damage|p2a: Walking Wake|270/286\n|-status|p2a: Walking Wake|par\n|move|p2a: Walking Wake|Flamethrower|p1a: Dedenne\n|-damage|p1a: Dedenne|0 fnt\n|faint|p1a: Dedenne\n|-damage|p2a: Walking Wake|242/286 par|[from] item: Life Orb\n|\n|-weather|SunnyDay|[upkeep]\n|upkeep\n|inactive|moomoo798 has 120 seconds left.\n|\n|t:|1781411070\n|switch|p1a: Gardevoir|Gardevoir, L83, F|249/249\n|turn|3\n|\n|t:|1781411079\n|move|p1a: Gardevoir|Psyshock|p2a: Walking Wake\n|-damage|p2a: Walking Wake|133/286 par\n|move|p2a: Walking Wake|Flamethrower|p1a: Gardevoir\n|-damage|p1a: Gardevoir|35/249\n|-damage|p2a: Walking Wake|105/286 par|[from] item: Life Orb\n|\n|-weather|SunnyDay|[upkeep]\n|upkeep\n|turn|4\n|\n|t:|1781411084\n|move|p1a: Gardevoir|Psyshock|p2a: Walking Wake\n|-damage|p2a: Walking Wake|6/286 par\n|cant|p2a: Walking Wake|par\n|\n|-weather|SunnyDay|[upkeep]\n|upkeep\n|turn|5\n|\n|t:|1781411089\n|move|p1a: Gardevoir|Psyshock|p2a: Walking Wake\n|-damage|p2a: Walking Wake|0 fnt\n|faint|p2a: Walking Wake\n|-end|p2a: Walking Wake|Protosynthesis|[silent]\n|\n|-weather|none\n|upkeep\n|\n|t:|1781411107\n|switch|p2a: Tinkaton|Tinkaton, L82, F|274/274\n|-ability|p1a: Gardevoir|Mold Breaker|Trace|[from] ability: Trace|[of] p2a: Tinkaton\n|-ability|p1a: Gardevoir|Mold Breaker\n|-ability|p2a: Tinkaton|Mold Breaker\n|turn|6\n|inactive|moomoo798 has 120 seconds left.\n|\n|t:|1781411163\n|switch|p1a: Toxtricity|Toxtricity, L82, M|257/257\n|move|p2a: Tinkaton|Swords Dance|p2a: Tinkaton\n|-boost|p2a: Tinkaton|atk|2\n|\n|upkeep\n|turn|7\n|inactive|Ara Ara Armin has 120 seconds left.\n|\n|t:|1781411211\n|move|p2a: Tinkaton|Swords Dance|p2a: Tinkaton\n|-boost|p2a: Tinkaton|atk|2\n|move|p1a: Toxtricity|Shift Gear|p1a: Toxtricity\n|-boost|p1a: Toxtricity|spe|2\n|-boost|p1a: Toxtricity|atk|1\n|\n|upkeep\n|turn|8\n|inactive|moomoo798 has 90 seconds left.\n|\n|t:|1781411244\n|move|p1a: Toxtricity|Overdrive|p2a: Tinkaton\n|-damage|p2a: Tinkaton|174/274\n|-enditem|p1a: Toxtricity|Throat Spray\n|-boost|p1a: Toxtricity|spa|1|[from] item: Throat Spray\n|move|p2a: Tinkaton|Swords Dance|p2a: Tinkaton\n|-boost|p2a: Tinkaton|atk|2\n|\n|-heal|p2a: Tinkaton|191/274|[from] item: Leftovers\n|upkeep\n|turn|9\n|\n|t:|1781411253\n|move|p2a: Tinkaton|Protect|p2a: Tinkaton\n|-singleturn|p2a: Tinkaton|Protect\n|move|p1a: Toxtricity|Overdrive|p2a: Tinkaton\n|-activate|p2a: Tinkaton|move: Protect\n|\n|-heal|p2a: Tinkaton|208/274|[from] item: Leftovers\n|upkeep\n|turn|10\n|\n|t:|1781411257\n|move|p1a: Toxtricity|Overdrive|p2a: Tinkaton\n|-damage|p2a: Tinkaton|43/274\n|move|p2a: Tinkaton|Gigaton Hammer|p1a: Toxtricity\n|-resisted|p1a: Toxtricity\n|-crit|p1a: Toxtricity\n|-damage|p1a: Toxtricity|0 fnt\n|faint|p1a: Toxtricity\n|\n|-heal|p2a: Tinkaton|60/274|[from] item: Leftovers\n|upkeep\n|inactive|moomoo798 has 90 seconds left.\n|\n|t:|1781411279\n|switch|p1a: Gardevoir|Gardevoir, L83, F|35/249\n|-ability|p1a: Gardevoir|Mold Breaker|Trace|[from] ability: Trace|[of] p2a: Tinkaton\n|-ability|p1a: Gardevoir|Mold Breaker\n|turn|11\n|\n|t:|1781411286\n|move|p2a: Tinkaton|Protect|p2a: Tinkaton\n|-singleturn|p2a: Tinkaton|Protect\n|move|p1a: Gardevoir|Focus Blast|p2a: Tinkaton\n|-activate|p2a: Tinkaton|move: Protect\n|\n|-heal|p2a: Tinkaton|77/274|[from] item: Leftovers\n|upkeep\n|turn|12\n|\n|t:|1781411302\n|move|p1a: Gardevoir|Focus Blast|p2a: Tinkaton\n|-crit|p2a: Tinkaton\n|-damage|p2a: Tinkaton|0 fnt\n|faint|p2a: Tinkaton\n|\n|upkeep\n|\n|t:|1781411308\n|switch|p2a: Bruxish|Bruxish, L85, F|254/254\n|turn|13\n|inactive|moomoo798 has 90 seconds left.\n|\n|t:|1781411351\n|move|p1a: Gardevoir|Focus Blast|p2a: Bruxish|[miss]\n|-miss|p1a: Gardevoir|p2a: Bruxish\n|move|p2a: Bruxish|Psychic Fangs|p1a: Gardevoir\n|-resisted|p1a: Gardevoir\n|-damage|p1a: Gardevoir|0 fnt\n|faint|p1a: Gardevoir\n|\n|upkeep\n|\n|t:|1781411362\n|switch|p1a: Feraligatr|Feraligatr, L79, F|264/264\n|turn|14\n|\n|t:|1781411369\n|move|p2a: Bruxish|Psychic Fangs|p1a: Feraligatr\n|-damage|p1a: Feraligatr|48/264\n|move|p1a: Feraligatr|Dragon Dance|p1a: Feraligatr\n|-boost|p1a: Feraligatr|atk|1\n|-boost|p1a: Feraligatr|spe|1\n|\n|upkeep\n|turn|15\n|\n|t:|1781411387\n|move|p1a: Feraligatr|Crunch|p2a: Bruxish\n|-supereffective|p2a: Bruxish\n|-damage|p2a: Bruxish|0 fnt\n|faint|p2a: Bruxish\n|\n|upkeep\n|\n|t:|1781411406\n|switch|p2a: Registeel|Registeel, L81|262/262\n|turn|16\n|inactive|moomoo798 has 60 seconds left.\n|inactive|moomoo798 has 30 seconds left.\n|inactive|moomoo798 has 20 seconds left.\n|inactive|moomoo798 has 15 seconds left.\n|\n|t:|1781411478\n|move|p1a: Feraligatr|Liquidation|p2a: Registeel\n|-damage|p2a: Registeel|110/262\n|move|p2a: Registeel|Iron Defense|p2a: Registeel\n|-boost|p2a: Registeel|def|2\n|\n|upkeep\n|turn|17\n|inactive|moomoo798 has 25 seconds left this turn.\n|inactive|moomoo798 has 20 seconds left.\n|inactive|moomoo798 has 15 seconds left.\n|\n|t:|1781411492\n|switch|p1a: Chesnaught|Chesnaught, L84, F|285/285\n|move|p2a: Registeel|Rest|p2a: Registeel\n|-status|p2a: Registeel|slp|[from] move: Rest\n|-heal|p2a: Registeel|262/262 slp|[silent]\n|-enditem|p2a: Registeel|Chesto Berry|[eat]\n|-curestatus|p2a: Registeel|slp|[msg]\n|\n|upkeep\n|turn|18\n|inactive|moomoo798 has 25 seconds left this turn.\n|\n|t:|1781411502\n|move|p1a: Chesnaught|Iron Defense|p1a: Chesnaught\n|-boost|p1a: Chesnaught|def|2\n|move|p2a: Registeel|Body Press|p1a: Chesnaught\n|-damage|p1a: Chesnaught|227/285\n|\n|-heal|p1a: Chesnaught|244/285|[from] item: Leftovers\n|upkeep\n|turn|19\n|\n|t:|1781411514\n|move|p1a: Chesnaught|Trailblaze|p2a: Registeel\n|-resisted|p2a: Registeel\n|-damage|p2a: Registeel|253/262\n|-boost|p1a: Chesnaught|spe|1\n|move|p2a: Registeel|Iron Defense|p2a: Registeel\n|-boost|p2a: Registeel|def|2\n|\n|-heal|p1a: Chesnaught|261/285|[from] item: Leftovers\n|upkeep\n|turn|20\n|inactive|moomoo798 has 30 seconds left.\n|inactive|moomoo798 has 20 seconds left.\n|inactive|moomoo798 has 15 seconds left.\n|\n|t:|1781411546\n|move|p1a: Chesnaught|Iron Defense|p1a: Chesnaught\n|-boost|p1a: Chesnaught|def|2\n|move|p2a: Registeel|Iron Defense|p2a: Registeel\n|-boost|p2a: Registeel|def|2\n|\n|-heal|p1a: Chesnaught|278/285|[from] item: Leftovers\n|upkeep\n|turn|21\n|inactive|moomoo798 has 25 seconds left this turn.\n|\n|t:|1781411549\n|move|p1a: Chesnaught|Iron Defense|p1a: Chesnaught\n|-boost|p1a: Chesnaught|def|2\n|move|p2a: Registeel|Iron Defense|p2a: Registeel\n|-boost|p2a: Registeel|def|0\n|\n|-heal|p1a: Chesnaught|285/285|[from] item: Leftovers\n|upkeep\n|turn|22\n|\n|t:|1781411553\n|move|p1a: Chesnaught|Body Press|p2a: Registeel\n|-supereffective|p2a: Registeel\n|-damage|p2a: Registeel|121/262\n|move|p2a: Registeel|Body Press|p1a: Chesnaught\n|-damage|p1a: Chesnaught|223/285\n|\n|-heal|p1a: Chesnaught|240/285|[from] item: Leftovers\n|upkeep\n|turn|23\n|\n|t:|1781411560\n|move|p1a: Chesnaught|Body Press|p2a: Registeel\n|-supereffective|p2a: Registeel\n|-damage|p2a: Registeel|0 fnt\n|faint|p2a: Registeel\n|\n|-heal|p1a: Chesnaught|257/285|[from] item: Leftovers\n|upkeep\n|\n|t:|1781411563\n|switch|p2a: Toxtricity|Toxtricity, L82, F|257/257\n|turn|24\n|\n|t:|1781411571\n|move|p1a: Chesnaught|Body Press|p2a: Toxtricity\n|-resisted|p2a: Toxtricity\n|-damage|p2a: Toxtricity|8/257\n|move|p2a: Toxtricity|Sludge Wave|p1a: Chesnaught\n|-supereffective|p1a: Chesnaught\n|-damage|p1a: Chesnaught|0 fnt\n|faint|p1a: Chesnaught\n|\n|upkeep\n|\n|t:|1781411581\n|switch|p1a: Hitmonchan|Hitmonchan, L87, M|229/229\n|turn|25\n|\n|t:|1781411594\n|move|p1a: Hitmonchan|Knock Off|p2a: Toxtricity\n|-damage|p2a: Toxtricity|0 fnt\n|-enditem|p2a: Toxtricity|Choice Specs|[from] move: Knock Off|[of] p1a: Hitmonchan\n|faint|p2a: Toxtricity\n|\n|upkeep\n|\n|t:|1781411595\n|switch|p2a: Lilligant|Lilligant-Hisui, L79, F|240/240\n|turn|26\n|\n|t:|1781411603\n|switch|p1a: Feraligatr|Feraligatr, L79, F|48/264\n|move|p2a: Lilligant|Victory Dance|p2a: Lilligant\n|-boost|p2a: Lilligant|atk|1\n|-boost|p2a: Lilligant|def|1\n|-boost|p2a: Lilligant|spe|1\n|\n|upkeep\n|turn|27\n|\n|t:|1781411608\n|move|p2a: Lilligant|Leaf Blade|p1a: Feraligatr|[miss]\n|-miss|p2a: Lilligant|p1a: Feraligatr\n|move|p1a: Feraligatr|Ice Punch|p2a: Lilligant\n|-supereffective|p2a: Lilligant\n|-damage|p2a: Lilligant|107/240\n|\n|upkeep\n|turn|28\n|\n|t:|1781411611\n|move|p2a: Lilligant|Leaf Blade|p1a: Feraligatr\n|-supereffective|p1a: Feraligatr\n|-damage|p1a: Feraligatr|0 fnt\n|faint|p1a: Feraligatr\n|-damage|p2a: Lilligant|83/240|[from] item: Life Orb\n|\n|upkeep\n|\n|t:|1781411613\n|switch|p1a: Hitmonchan|Hitmonchan, L87, M|229/229\n|turn|29\n|\n|t:|1781411628\n|-terastallize|p1a: Hitmonchan|Poison\n|move|p2a: Lilligant|Close Combat|p1a: Hitmonchan\n|-resisted|p1a: Hitmonchan\n|-damage|p1a: Hitmonchan|47/229\n|-unboost|p2a: Lilligant|def|1\n|-unboost|p2a: Lilligant|spd|1\n|-damage|p2a: Lilligant|59/240|[from] item: Life Orb\n|move|p1a: Hitmonchan|Poison Jab|p2a: Lilligant\n|-supereffective|p2a: Lilligant\n|-damage|p2a: Lilligant|0 fnt\n|faint|p2a: Lilligant\n|\n|win|moomoo798\n", "inputlog": ">version a8376a258c1d4662feba110a92103f3664a72141\n>start {\"formatid\":\"gen9randombattle\",\"seed\":\"sodium,5959a1da97bcaa69bfc8cb43119bd1d3\",\"rated\":\"Rated battle\"}\n>player p1 {\"name\":\"moomoo798\",\"avatar\":\"jasmine\",\"rating\":1973,\"seed\":\"sodium,33abfcf8d5729e270fe6e3197b5b4d18\"}\n>player p2 {\"name\":\"Ara Ara Armin\",\"avatar\":\"102\",\"rating\":2009,\"seed\":\"sodium,f50df8eb0126c23bed7fbb6d7dcaff26\"}\n>p1 switch 6\n>p2 move sunnyday\n>p1 move nuzzle\n>p2 move flamethrower terastallize\n>p1 switch 2\n>p1 move psyshock\n>p2 move flamethrower\n>p1 move psyshock\n>p2 move hydrosteam\n>p1 move psyshock\n>p2 move hydrosteam\n>p2 switch 3\n>p1 switch 4\n>p2 move swordsdance\n>p1 move shiftgear\n>p2 move swordsdance\n>p1 move overdrive\n>p2 move swordsdance\n>p1 move overdrive\n>p2 move protect\n>p1 move overdrive\n>p2 move gigatonhammer\n>p1 switch 4\n>p1 move focusblast\n>p2 move protect\n>p1 move focusblast\n>p2 move gigatonhammer\n>p2 switch 2\n>p1 move focusblast\n>p2 move psychicfangs\n>p1 switch 3\n>p1 move dragondance\n>p2 move psychicfangs\n>p1 move crunch\n>p2 move psychicfangs\n>p2 switch 4\n>p1 move liquidation\n>p2 move irondefense\n>p1 switch 5\n>p2 move rest\n>p1 move irondefense\n>p2 move bodypress\n>p1 move trailblaze\n>p2 move irondefense\n>p1 move irondefense\n>p2 move irondefense\n>p1 move irondefense\n>p2 move irondefense\n>p1 move bodypress\n>p2 move bodypress\n>p1 move bodypress\n>p2 move bodypress\n>p2 switch 6\n>p1 move bodypress\n>p2 move sludgewave\n>p1 switch 6\n>p1 move knockoff\n>p2 move sludgewave\n>p2 switch 5\n>p1 switch 5\n>p2 move victorydance\n>p1 move icepunch\n>p2 move leafblade\n>p1 move icepunch\n>p2 move leafblade\n>p1 switch 5\n>p1 move poisonjab terastallize\n>p2 move closecombat", "uploadtime": 1781410979, "views": 7, "formatid": "gen9randombattle", "rating": null, "private": 0, "password": null, "player_dets": [{"name": "moomoo798", "avatar": "jasmine", "rating": 1973, "seed": "sodium,33abfcf8d5729e270fe6e3197b5b4d18"}, {"name": "Ara Ara Armin", "avatar": "102", "rating": 2009, "seed": "sodium,f50df8eb0126c23bed7fbb6d7dcaff26"}], "teams_full": [{"Hitmonchan": {"name": "Hitmonchan", "species": "Hitmonchan", "speciesId": "hitmonchan", "gender": "M", "shiny": false, "level": 87, "moves": ["bulkup", "poisonjab", "knockoff", "drainpunch"], "ability": "Iron Fist", "evs": {"hp": 85, "atk": 85, "def": 85, "spa": 85, "spd": 85, "spe": 85}, "ivs": {"hp": 31, "atk": 31, "def": 31, "spa": 31, "spd": 31, "spe": 31}, "item": "Leftovers", "teraType": "Poison", "role": "Bulky Setup", "bvs": {"hp": 50, "atk": 105, "def": 79, "spa": 35, "spd": 110, "spe": 76}, "stats": {"hp": 229, "atk": 232, "def": 187, "spa": 111, "spd": 241, "spe": 182}, "types": ["Fighting"]}, "Gardevoir": {"name": "Gardevoir", "species": "Gardevoir", "speciesId": "gardevoir", "gender": "F", "shiny": false, "level": 83, "moves": ["moonblast", "focusblast", "trick", "psyshock"], "ability": "Trace", "evs": {"hp": 85, "atk": 0, "def": 85, "spa": 85, "spd": 85, "spe": 85}, "ivs": {"hp": 31, "atk": 0, "def": 31, "spa": 31, "spd": 31, "spe": 31}, "item": "Choice Scarf", "teraType": "Fighting", "role": "Fast Attacker", "bvs": {"hp": 68, "atk": 65, "def": 65, "spa": 125, "spd": 115, "spe": 80}, "stats": {"hp": 249, "atk": 112, "def": 156, "spa": 255, "spd": 239, "spe": 180}, "types": ["Psychic", "Fairy"]}, "Feraligatr": {"name": "Feraligatr", "species": "Feraligatr", "speciesId": "feraligatr", "gender": "F", "shiny": false, "level": 79, "moves": ["crunch", "liquidation", "icepunch", "dragondance"], "ability": "Sheer Force", "evs": {"hp": 85, "atk": 85, "def": 85, "spa": 85, "spd": 85, "spe": 85}, "ivs": {"hp": 31, "atk": 31, "def": 31, "spa": 31, "spd": 31, "spe": 31}, "item": "Life Orb", "teraType": "Dragon", "role": "Fast Bulky Setup", "bvs": {"hp": 85, "atk": 105, "def": 100, "spa": 79, "spd": 83, "spe": 78}, "stats": {"hp": 264, "atk": 211, "def": 204, "spa": 170, "spd": 177, "spe": 169}, "types": ["Water"]}, "Toxtricity": {"name": "Toxtricity", "species": "Toxtricity", "speciesId": "toxtricity", "gender": "M", "shiny": false, "level": 82, "moves": ["boomburst", "shiftgear", "gunkshot", "overdrive"], "ability": "Punk Rock", "evs": {"hp": 85, "atk": 85, "def": 85, "spa": 85, "spd": 85, "spe": 85}, "ivs": {"hp": 31, "atk": 31, "def": 31, "spa": 31, "spd": 31, "spe": 31}, "item": "Throat Spray", "teraType": "Normal", "role": "Setup Sweeper", "bvs": {"hp": 75, "atk": 98, "def": 70, "spa": 114, "spd": 70, "spe": 75}, "stats": {"hp": 257, "atk": 208, "def": 162, "spa": 234, "spd": 162, "spe": 170}, "types": ["Electric", "Poison"]}, "Chesnaught": {"name": "Chesnaught", "species": "Chesnaught", "speciesId": "chesnaught", "gender": "F", "shiny": false, "level": 84, "moves": ["irondefense", "bodypress", "trailblaze", "synthesis"], "ability": "Bulletproof", "evs": {"hp": 85, "atk": 85, "def": 85, "spa": 85, "spd": 85, "spe": 85}, "ivs": {"hp": 31, "atk": 31, "def": 31, "spa": 31, "spd": 31, "spe": 31}, "item": "Leftovers", "teraType": "Steel", "role": "Fast Bulky Setup", "bvs": {"hp": 88, "atk": 107, "def": 122, "spa": 74, "spd": 75, "spe": 64}, "stats": {"hp": 285, "atk": 228, "def": 253, "spa": 173, "spd": 174, "spe": 156}, "types": ["Grass", "Fighting"]}, "Dedenne": {"name": "Dedenne", "species": "Dedenne", "speciesId": "dedenne", "gender": "M", "shiny": false, "level": 88, "moves": ["superfang", "dazzlinggleam", "thunderbolt", "nuzzle"], "ability": "Cheek Pouch", "evs": {"hp": 85, "atk": 85, "def": 85, "spa": 85, "spd": 85, "spe": 85}, "ivs": {"hp": 31, "atk": 31, "def": 31, "spa": 31, "spd": 31, "spe": 31}, "item": "Sitrus Berry", "teraType": "Flying", "role": "Fast Support", "bvs": {"hp": 67, "atk": 58, "def": 57, "spa": 81, "spd": 67, "spe": 101}, "stats": {"hp": 261, "atk": 152, "def": 151, "spa": 193, "spd": 168, "spe": 228}, "types": ["Electric", "Fairy"]}}, {"Walking Wake": {"name": "Walking Wake", "species": "Walking Wake", "speciesId": "walkingwake", "gender": "N", "shiny": false, "level": 79, "moves": ["flamethrower", "sunnyday", "dracometeor", "hydrosteam"], "ability": "Protosynthesis", "evs": {"hp": 85, "atk": 0, "def": 85, "spa": 85, "spd": 85, "spe": 85}, "ivs": {"hp": 31, "atk": 0, "def": 31, "spa": 31, "spd": 31, "spe": 31}, "item": "Life Orb", "teraType": "Fire", "role": "Fast Attacker", "bvs": {"hp": 99, "atk": 83, "def": 91, "spa": 125, "spd": 83, "spe": 109}, "stats": {"hp": 286, "atk": 136, "def": 189, "spa": 243, "spd": 177, "spe": 218}, "types": ["Water", "Dragon"]}, "Bruxish": {"name": "Bruxish", "species": "Bruxish", "speciesId": "bruxish", "gender": "F", "shiny": false, "level": 85, "moves": ["psychicfangs", "wavecrash", "aquajet", "crunch"], "ability": "Strong Jaw", "evs": {"hp": 85, "atk": 85, "def": 85, "spa": 85, "spd": 85, "spe": 85}, "ivs": {"hp": 31, "atk": 31, "def": 31, "spa": 31, "spd": 31, "spe": 31}, "item": "Choice Band", "teraType": "Dark", "role": "Fast Attacker", "bvs": {"hp": 68, "atk": 105, "def": 70, "spa": 70, "spd": 70, "spe": 92}, "stats": {"hp": 254, "atk": 227, "def": 168, "spa": 168, "spd": 168, "spe": 205}, "types": ["Water", "Psychic"]}, "Tinkaton": {"name": "Tinkaton", "species": "Tinkaton", "speciesId": "tinkaton", "gender": "F", "shiny": false, "level": 82, "moves": ["swordsdance", "gigatonhammer", "protect", "playrough"], "ability": "Mold Breaker", "evs": {"hp": 85, "atk": 85, "def": 85, "spa": 85, "spd": 85, "spe": 85}, "ivs": {"hp": 31, "atk": 31, "def": 31, "spa": 31, "spd": 31, "spe": 31}, "item": "Leftovers", "teraType": "Steel", "role": "Bulky Setup", "bvs": {"hp": 85, "atk": 75, "def": 77, "spa": 70, "spd": 105, "spe": 94}, "stats": {"hp": 274, "atk": 170, "def": 173, "spa": 162, "spd": 219, "spe": 201}, "types": ["Fairy", "Steel"]}, "Registeel": {"name": "Registeel", "species": "Registeel", "speciesId": "registeel", "gender": "N", "shiny": false, "level": 81, "moves": ["irondefense", "bodypress", "rest", "ironhead"], "ability": "Clear Body", "evs": {"hp": 85, "atk": 85, "def": 85, "spa": 85, "spd": 85, "spe": 85}, "ivs": {"hp": 31, "atk": 31, "def": 31, "spa": 31, "spd": 31, "spe": 31}, "item": "Chesto Berry", "teraType": "Fighting", "role": "Bulky Setup", "bvs": {"hp": 80, "atk": 75, "def": 150, "spa": 75, "spd": 150, "spe": 50}, "stats": {"hp": 262, "atk": 168, "def": 290, "spa": 168, "spd": 290, "spe": 128}, "types": ["Steel"]}, "Lilligant": {"name": "Lilligant", "species": "Lilligant-Hisui", "speciesId": "lilliganthisui", "gender": "F", "shiny": false, "level": 79, "moves": ["sleeppowder", "leafblade", "victorydance", "closecombat"], "ability": "Hustle", "evs": {"hp": 85, "atk": 85, "def": 85, "spa": 85, "spd": 85, "spe": 85}, "ivs": {"hp": 31, "atk": 31, "def": 31, "spa": 31, "spd": 31, "spe": 31}, "item": "Life Orb", "teraType": "Fighting", "role": "Setup Sweeper", "bvs": {"hp": 70, "atk": 105, "def": 75, "spa": 50, "spd": 75, "spe": 105}, "stats": {"hp": 240, "atk": 211, "def": 164, "spa": 125, "spd": 164, "spe": 211}, "types": ["Grass", "Fighting"]}, "Toxtricity": {"name": "Toxtricity", "species": "Toxtricity", "speciesId": "toxtricity", "gender": "F", "shiny": false, "level": 82, "moves": ["voltswitch", "sludgewave", "boomburst", "overdrive"], "ability": "Punk Rock", "evs": {"hp": 85, "atk": 0, "def": 85, "spa": 85, "spd": 85, "spe": 85}, "ivs": {"hp": 31, "atk": 0, "def": 31, "spa": 31, "spd": 31, "spe": 31}, "item": "Choice Specs", "teraType": "Normal", "role": "Fast Attacker", "bvs": {"hp": 75, "atk": 98, "def": 70, "spa": 114, "spd": 70, "spe": 75}, "stats": {"hp": 257, "atk": 165, "def": 162, "spa": 234, "spd": 162, "spe": 170}, "types": ["Electric", "Poison"]}}]}