{"id": "gen9randombattle-2631977271", "format": "[Gen 9] Random Battle", "players": ["Tm0dre1", "FORMIGUEI"], "log": "|j|\u2606Tm0dre1\n|j|\u2606FORMIGUEI\n|t:|1781461983\n|gametype|singles\n|player|p1|Tm0dre1|169|1337\n|player|p2|FORMIGUEI|rocketgruntf|1361\n|gen|9\n|tier|[Gen 9] Random Battle\n|rated|\n|rule|Species Clause: Limit one of each Pok\u00e9mon\n|rule|HP Percentage Mod: HP is shown in percentages\n|rule|Sleep Clause Mod: Limit one foe put to sleep\n|rule|Illusion Level Mod: Illusion disguises the Pok\u00e9mon's true level\n|\n|t:|1781461983\n|teamsize|p1|6\n|teamsize|p2|6\n|start\n|switch|p1a: Arbok|Arbok, L87, M|246/246\n|switch|p2a: Thundurus|Thundurus, L80, M|258/258\n|-ability|p1a: Arbok|Intimidate|boost\n|-unboost|p2a: Thundurus|atk|1\n|turn|1\n|inactive|Battle timer is ON: inactive players will automatically lose when time's up. (requested by FORMIGUEI)\n|\n|t:|1781461997\n|move|p2a: Thundurus|Thunder Wave|p1a: Arbok\n|-status|p1a: Arbok|par\n|move|p1a: Arbok|Toxic Spikes|p2a: Thundurus\n|-sidestart|p2: FORMIGUEI|move: Toxic Spikes\n|\n|upkeep\n|turn|2\n|\n|t:|1781462018\n|switch|p2a: Pecharunt|Pecharunt, L77|262/262\n|-sideend|p2: FORMIGUEI|move: Toxic Spikes|[of] p2a: Pecharunt\n|move|p1a: Arbok|Toxic Spikes|p2a: Pecharunt\n|-sidestart|p2: FORMIGUEI|move: Toxic Spikes\n|\n|upkeep\n|turn|3\n|\n|t:|1781462026\n|move|p2a: Pecharunt|Nasty Plot|p2a: Pecharunt\n|-boost|p2a: Pecharunt|spa|2\n|move|p1a: Arbok|Earthquake|p2a: Pecharunt\n|-supereffective|p2a: Pecharunt\n|-damage|p2a: Pecharunt|162/262\n|\n|-heal|p2a: Pecharunt|178/262|[from] item: Leftovers\n|upkeep\n|turn|4\n|\n|t:|1781462037\n|move|p2a: Pecharunt|Shadow Ball|p1a: Arbok\n|-damage|p1a: Arbok|105/246 par\n|cant|p1a: Arbok|par\n|\n|-heal|p2a: Pecharunt|194/262|[from] item: Leftovers\n|upkeep\n|turn|5\n|\n|t:|1781462048\n|move|p2a: Pecharunt|Nasty Plot|p2a: Pecharunt\n|-boost|p2a: Pecharunt|spa|2\n|move|p1a: Arbok|Knock Off|p2a: Pecharunt\n|-supereffective|p2a: Pecharunt\n|-damage|p2a: Pecharunt|102/262\n|-enditem|p2a: Pecharunt|Leftovers|[from] move: Knock Off|[of] p1a: Arbok\n|\n|upkeep\n|turn|6\n|\n|t:|1781462054\n|move|p2a: Pecharunt|Shadow Ball|p1a: Arbok\n|-damage|p1a: Arbok|0 fnt\n|faint|p1a: Arbok\n|\n|upkeep\n|\n|t:|1781462070\n|switch|p1a: Altaria|Altaria, L89, M|278/278\n|turn|7\n|\n|t:|1781462080\n|switch|p2a: Thundurus|Thundurus, L80, M|258/258\n|move|p1a: Altaria|Earthquake|p2a: Thundurus\n|-immune|p2a: Thundurus\n|\n|upkeep\n|turn|8\n|\n|t:|1781462090\n|move|p2a: Thundurus|Thunder Wave|p1a: Altaria|[miss]\n|-miss|p2a: Thundurus|p1a: Altaria\n|move|p1a: Altaria|Dragon Dance|p1a: Altaria\n|-boost|p1a: Altaria|atk|1\n|-boost|p1a: Altaria|spe|1\n|\n|upkeep\n|turn|9\n|\n|t:|1781462098\n|move|p2a: Thundurus|Thunder Wave|p1a: Altaria|[miss]\n|-miss|p2a: Thundurus|p1a: Altaria\n|move|p1a: Altaria|Dragon Dance|p1a: Altaria\n|-boost|p1a: Altaria|atk|1\n|-boost|p1a: Altaria|spe|1\n|\n|upkeep\n|turn|10\n|\n|t:|1781462105\n|-terastallize|p2a: Thundurus|Steel\n|move|p2a: Thundurus|Thunder Wave|p1a: Altaria|[miss]\n|-miss|p2a: Thundurus|p1a: Altaria\n|move|p1a: Altaria|Dragon Dance|p1a: Altaria\n|-boost|p1a: Altaria|atk|1\n|-boost|p1a: Altaria|spe|1\n|\n|upkeep\n|turn|11\n|\n|t:|1781462117\n|move|p1a: Altaria|Earthquake|p2a: Thundurus\n|-supereffective|p2a: Thundurus\n|-damage|p2a: Thundurus|0 fnt\n|faint|p2a: Thundurus\n|\n|upkeep\n|\n|t:|1781462121\n|switch|p2a: Pecharunt|Pecharunt, L77|102/262\n|-sideend|p2: FORMIGUEI|move: Toxic Spikes|[of] p2a: Pecharunt\n|turn|12\n|c|\u2606Tm0dre1|LOL\n|\n|t:|1781462127\n|move|p1a: Altaria|Earthquake|p2a: Pecharunt\n|-supereffective|p2a: Pecharunt\n|-damage|p2a: Pecharunt|0 fnt\n|faint|p2a: Pecharunt\n|\n|upkeep\n|\n|t:|1781462134\n|switch|p2a: Iron Thorns|Iron Thorns, L83|302/302\n|turn|13\n|\n|t:|1781462139\n|move|p1a: Altaria|Earthquake|p2a: Iron Thorns\n|-supereffective|p2a: Iron Thorns\n|-damage|p2a: Iron Thorns|0 fnt\n|faint|p2a: Iron Thorns\n|-end|p2a: Iron Thorns|Quark Drive|[silent]\n|\n|upkeep\n|\n|t:|1781462144\n|switch|p2a: Greninja|Greninja, L80, M|246/246\n|turn|14\n|c|\u2606Tm0dre1|Swept\n|\n|t:|1781462154\n|move|p1a: Altaria|Brave Bird|p2a: Greninja\n|-damage|p2a: Greninja|0 fnt\n|faint|p2a: Greninja\n|-damage|p1a: Altaria|197/278|[from] Recoil\n|\n|upkeep\n|\n|t:|1781462160\n|switch|p2a: Kleavor|Kleavor, L78, M|237/237\n|turn|15\n|\n|t:|1781462165\n|move|p1a: Altaria|Brave Bird|p2a: Kleavor\n|-damage|p2a: Kleavor|0 fnt\n|faint|p2a: Kleavor\n|-damage|p1a: Altaria|119/278|[from] Recoil\n|\n|upkeep\n|\n|t:|1781462170\n|switch|p2a: Mimikyu|Mimikyu, L79, M|216/216\n|turn|16\n|\n|t:|1781462174\n|move|p1a: Altaria|Roost|p1a: Altaria\n|-heal|p1a: Altaria|258/278\n|-singleturn|p1a: Altaria|move: Roost\n|move|p2a: Mimikyu|Play Rough|p1a: Altaria|[miss]\n|-miss|p2a: Mimikyu|p1a: Altaria\n|\n|upkeep\n|turn|17\n|\n|t:|1781462182\n|move|p1a: Altaria|Earthquake|p2a: Mimikyu\n|-activate|p2a: Mimikyu|ability: Disguise\n|-damage|p2a: Mimikyu|216/216\n|detailschange|p2a: Mimikyu|Mimikyu-Busted, L79, M\n|-damage|p2a: Mimikyu|189/216|[from] pokemon: Mimikyu-Busted\n|move|p2a: Mimikyu|Play Rough|p1a: Altaria\n|-supereffective|p1a: Altaria\n|-damage|p1a: Altaria|76/278\n|-damage|p2a: Mimikyu|168/216|[from] item: Life Orb\n|\n|upkeep\n|turn|18\n|\n|t:|1781462194\n|move|p2a: Mimikyu|Shadow Sneak|p1a: Altaria\n|-damage|p1a: Altaria|33/278\n|-damage|p2a: Mimikyu|147/216|[from] item: Life Orb\n|move|p1a: Altaria|Earthquake|p2a: Mimikyu\n|-damage|p2a: Mimikyu|0 fnt\n|faint|p2a: Mimikyu\n|\n|win|Tm0dre1\n|raw|Tm0dre1's rating: 1337 &rarr; <strong>1358</strong><br />(+21 for winning)\n|raw|FORMIGUEI's rating: 1361 &rarr; <strong>1340</strong><br />(-21 for losing)\n", "inputlog": ">version a8376a258c1d4662feba110a92103f3664a72141\n>start {\"formatid\":\"gen9randombattle\",\"seed\":\"sodium,3fb457b9fd3f7254d1e956d969780283\",\"rated\":\"Rated battle\"}\n>player p1 {\"name\":\"Tm0dre1\",\"avatar\":\"169\",\"rating\":1337,\"seed\":\"sodium,34e1e86be7220d70eba04df903a77dab\"}\n>player p2 {\"name\":\"FORMIGUEI\",\"avatar\":\"rocketgruntf\",\"rating\":1361,\"seed\":\"sodium,4e371ef59abb092243ea4fdd37646bf2\"}\n>p1 move toxicspikes\n>p2 move thunderwave\n>p1 move toxicspikes\n>p2 switch 3\n>p1 move earthquake\n>p2 move nastyplot\n>p1 move knockoff\n>p2 move shadowball\n>p1 move knockoff\n>p2 move nastyplot\n>p1 move earthquake\n>p2 move shadowball\n>p1 switch 3\n>p1 move earthquake\n>p2 switch 3\n>p1 move dragondance\n>p2 move thunderwave\n>p1 move dragondance\n>p2 move thunderwave\n>p1 move dragondance\n>p2 move thunderwave terastallize\n>p1 move earthquake\n>p2 move thunderbolt\n>p2 switch 3\n>chat \u2606Tm0dre1|LOL\n>p1 move earthquake\n>p2 move malignantchain\n>p2 switch 2\n>p1 move earthquake\n>p2 move wildcharge\n>p2 switch 6\n>chat \u2606Tm0dre1|Swept\n>p1 move bravebird\n>p2 move darkpulse\n>p2 switch 4\n>p1 move bravebird\n>p2 move stoneaxe\n>p2 switch 5\n>p1 move roost\n>p2 move playrough\n>p1 move earthquake\n>p2 move playrough\n>p1 move earthquake\n>p2 move shadowsneak", "uploadtime": 1781462199, "views": 22, "formatid": "gen9randombattle", "rating": 1340, "private": 0, "password": null, "player_dets": [{"name": "Tm0dre1", "avatar": "169", "rating": 1337, "seed": "sodium,34e1e86be7220d70eba04df903a77dab"}, {"name": "FORMIGUEI", "avatar": "rocketgruntf", "rating": 1361, "seed": "sodium,4e371ef59abb092243ea4fdd37646bf2"}], "teams_full": [{"Arbok": {"name": "Arbok", "species": "Arbok", "speciesId": "arbok", "gender": "M", "shiny": false, "level": 87, "moves": ["earthquake", "toxicspikes", "gunkshot", "knockoff"], "ability": "Intimidate", "evs": {"hp": 85, "atk": 85, "def": 85, "spa": 85, "spd": 85, "spe": 85}, "ivs": {"hp": 31, "atk": 31, "def": 31, "spa": 31, "spd": 31, "spe": 31}, "item": "Focus Sash", "teraType": "Ground", "role": "Fast Support", "bvs": {"hp": 60, "atk": 95, "def": 69, "spa": 65, "spd": 79, "spe": 80}, "stats": {"hp": 246, "atk": 215, "def": 170, "spa": 163, "spd": 187, "spe": 189}, "types": ["Poison"]}, "Cobalion": {"name": "Cobalion", "species": "Cobalion", "speciesId": "cobalion", "gender": "N", "shiny": false, "level": 80, "moves": ["aurasphere", "flashcannon", "vacuumwave", "calmmind"], "ability": "Justified", "evs": {"hp": 85, "atk": 0, "def": 85, "spa": 85, "spd": 85, "spe": 85}, "ivs": {"hp": 31, "atk": 0, "def": 31, "spa": 31, "spd": 31, "spe": 31}, "item": "Leftovers", "teraType": "Water", "role": "Bulky Setup", "bvs": {"hp": 91, "atk": 90, "def": 129, "spa": 90, "spd": 72, "spe": 108}, "stats": {"hp": 277, "atk": 149, "def": 253, "spa": 190, "spd": 161, "spe": 219}, "types": ["Steel", "Fighting"]}, "Altaria": {"name": "Altaria", "species": "Altaria", "speciesId": "altaria", "gender": "M", "shiny": false, "level": 89, "moves": ["bravebird", "earthquake", "roost", "dragondance"], "ability": "Natural Cure", "evs": {"hp": 85, "atk": 85, "def": 85, "spa": 85, "spd": 85, "spe": 85}, "ivs": {"hp": 31, "atk": 31, "def": 31, "spa": 31, "spd": 31, "spe": 31}, "item": "Heavy-Duty Boots", "teraType": "Steel", "role": "Bulky Setup", "bvs": {"hp": 75, "atk": 70, "def": 90, "spa": 70, "spd": 105, "spe": 80}, "stats": {"hp": 278, "atk": 175, "def": 211, "spa": 175, "spd": 238, "spe": 193}, "types": ["Dragon", "Flying"]}, "Volcanion": {"name": "Volcanion", "species": "Volcanion", "speciesId": "volcanion", "gender": "N", "shiny": false, "level": 79, "moves": ["steameruption", "earthpower", "haze", "flamethrower"], "ability": "Water Absorb", "evs": {"hp": 85, "atk": 0, "def": 85, "spa": 85, "spd": 85, "spe": 85}, "ivs": {"hp": 31, "atk": 0, "def": 31, "spa": 31, "spd": 31, "spe": 31}, "item": "Heavy-Duty Boots", "teraType": "Ground", "role": "Bulky Attacker", "bvs": {"hp": 80, "atk": 110, "def": 120, "spa": 130, "spd": 90, "spe": 70}, "stats": {"hp": 256, "atk": 178, "def": 235, "spa": 251, "spd": 188, "spe": 156}, "types": ["Fire", "Water"]}, "Gurdurr": {"name": "Gurdurr", "species": "Gurdurr", "speciesId": "gurdurr", "gender": "F", "shiny": false, "level": 85, "moves": ["knockoff", "drainpunch", "bulkup", "machpunch"], "ability": "Guts", "evs": {"hp": 85, "atk": 85, "def": 85, "spa": 85, "spd": 85, "spe": 85}, "ivs": {"hp": 31, "atk": 31, "def": 31, "spa": 31, "spd": 31, "spe": 31}, "item": "Eviolite", "teraType": "Steel", "role": "Bulky Attacker", "bvs": {"hp": 85, "atk": 105, "def": 85, "spa": 40, "spd": 50, "spe": 40}, "stats": {"hp": 283, "atk": 227, "def": 193, "spa": 117, "spd": 134, "spe": 117}, "types": ["Fighting"]}, "Crawdaunt": {"name": "Crawdaunt", "species": "Crawdaunt", "speciesId": "crawdaunt", "gender": "M", "shiny": false, "level": 84, "moves": ["crabhammer", "knockoff", "aquajet", "dragondance"], "ability": "Adaptability", "evs": {"hp": 85, "atk": 85, "def": 85, "spa": 85, "spd": 85, "spe": 85}, "ivs": {"hp": 31, "atk": 31, "def": 31, "spa": 31, "spd": 31, "spe": 31}, "item": "Life Orb", "teraType": "Water", "role": "Setup Sweeper", "bvs": {"hp": 63, "atk": 120, "def": 85, "spa": 90, "spd": 55, "spe": 55}, "stats": {"hp": 243, "atk": 250, "def": 191, "spa": 199, "spd": 141, "spe": 141}, "types": ["Water", "Dark"]}}, {"Thundurus": {"name": "Thundurus", "species": "Thundurus", "speciesId": "thundurus", "gender": "M", "shiny": false, "level": 80, "moves": ["uturn", "thunderwave", "thunderbolt", "sludgewave"], "ability": "Prankster", "evs": {"hp": 85, "atk": 85, "def": 85, "spa": 85, "spd": 85, "spe": 85}, "ivs": {"hp": 31, "atk": 31, "def": 31, "spa": 31, "spd": 31, "spe": 31}, "item": "Heavy-Duty Boots", "teraType": "Steel", "role": "Fast Attacker", "bvs": {"hp": 79, "atk": 115, "def": 70, "spa": 125, "spd": 80, "spe": 111}, "stats": {"hp": 258, "atk": 230, "def": 158, "spa": 246, "spd": 174, "spe": 224}, "types": ["Electric", "Flying"]}, "Iron Thorns": {"name": "Iron Thorns", "species": "Iron Thorns", "speciesId": "ironthorns", "gender": "N", "shiny": false, "level": 83, "moves": ["stoneedge", "voltswitch", "stealthrock", "wildcharge"], "ability": "Quark Drive", "evs": {"hp": 85, "atk": 85, "def": 85, "spa": 85, "spd": 85, "spe": 85}, "ivs": {"hp": 31, "atk": 31, "def": 31, "spa": 31, "spd": 31, "spe": 31}, "item": "Heavy-Duty Boots", "teraType": "Flying", "role": "Fast Support", "bvs": {"hp": 100, "atk": 134, "def": 110, "spa": 70, "spd": 84, "spe": 72}, "stats": {"hp": 302, "atk": 270, "def": 230, "spa": 164, "spd": 187, "spe": 167}, "types": ["Rock", "Electric"]}, "Pecharunt": {"name": "Pecharunt", "species": "Pecharunt", "speciesId": "pecharunt", "gender": "N", "shiny": false, "level": 77, "moves": ["nastyplot", "recover", "shadowball", "malignantchain"], "ability": "Poison Puppeteer", "evs": {"hp": 85, "atk": 0, "def": 85, "spa": 85, "spd": 85, "spe": 85}, "ivs": {"hp": 31, "atk": 0, "def": 31, "spa": 31, "spd": 31, "spe": 31}, "item": "Leftovers", "teraType": "Dark", "role": "Bulky Attacker", "bvs": {"hp": 88, "atk": 88, "def": 160, "spa": 88, "spd": 88, "spe": 88}, "stats": {"hp": 262, "atk": 140, "def": 291, "spa": 180, "spd": 180, "spe": 180}, "types": ["Poison", "Ghost"]}, "Kleavor": {"name": "Kleavor", "species": "Kleavor", "speciesId": "kleavor", "gender": "M", "shiny": false, "level": 78, "moves": ["closecombat", "xscissor", "stoneaxe", "swordsdance"], "ability": "Sharpness", "evs": {"hp": 85, "atk": 85, "def": 85, "spa": 85, "spd": 85, "spe": 85}, "ivs": {"hp": 31, "atk": 31, "def": 31, "spa": 31, "spd": 31, "spe": 31}, "item": "Heavy-Duty Boots", "teraType": "Bug", "role": "Bulky Attacker", "bvs": {"hp": 70, "atk": 135, "def": 95, "spa": 45, "spd": 70, "spe": 85}, "stats": {"hp": 237, "atk": 256, "def": 193, "spa": 115, "spd": 154, "spe": 178}, "types": ["Bug", "Rock"]}, "Mimikyu": {"name": "Mimikyu", "species": "Mimikyu", "speciesId": "mimikyu", "gender": "M", "shiny": false, "level": 79, "moves": ["swordsdance", "shadowclaw", "playrough", "shadowsneak"], "ability": "Disguise", "evs": {"hp": 85, "atk": 85, "def": 85, "spa": 85, "spd": 85, "spe": 85}, "ivs": {"hp": 31, "atk": 31, "def": 31, "spa": 31, "spd": 31, "spe": 31}, "item": "Life Orb", "teraType": "Ghost", "role": "Fast Bulky Setup", "bvs": {"hp": 55, "atk": 90, "def": 80, "spa": 50, "spd": 105, "spe": 96}, "stats": {"hp": 216, "atk": 188, "def": 172, "spa": 125, "spd": 211, "spe": 197}, "types": ["Ghost", "Fairy"]}, "Greninja": {"name": "Greninja", "species": "Greninja", "speciesId": "greninja", "gender": "M", "shiny": false, "level": 80, "moves": ["uturn", "darkpulse", "gunkshot", "hydropump"], "ability": "Protean", "evs": {"hp": 85, "atk": 85, "def": 85, "spa": 85, "spd": 85, "spe": 85}, "ivs": {"hp": 31, "atk": 31, "def": 31, "spa": 31, "spd": 31, "spe": 31}, "item": "Life Orb", "teraType": "Water", "role": "Fast Attacker", "bvs": {"hp": 72, "atk": 95, "def": 67, "spa": 103, "spd": 71, "spe": 122}, "stats": {"hp": 246, "atk": 198, "def": 153, "spa": 211, "spd": 160, "spe": 241}, "types": ["Water", "Dark"]}}]}