{"id": "gen9randombattle-2631789173", "format": "[Gen 9] Random Battle", "players": ["kormorano", "jsjsiis"], "log": "|j|\u2606kormorano\n|j|\u2606jsjsiis\n|t:|1781439899\n|gametype|singles\n|player|p1|kormorano|102|2052\n|player|p2|jsjsiis|1|2051\n|gen|9\n|tier|[Gen 9] Random Battle\n|rated|\n|rule|Species Clause: Limit one of each Pok\u00e9mon\n|rule|HP Percentage Mod: HP is shown in percentages\n|rule|Sleep Clause Mod: Limit one foe put to sleep\n|rule|Illusion Level Mod: Illusion disguises the Pok\u00e9mon's true level\n|\n|t:|1781439899\n|teamsize|p1|6\n|teamsize|p2|6\n|start\n|switch|p1a: Plusle|Plusle, L95, F|235/235\n|switch|p2a: Charizard|Charizard, L85, F|271/271\n|turn|1\n|inactive|Battle timer is ON: inactive players will automatically lose when time's up. (requested by kormorano)\n|\n|t:|1781439912\n|switch|p2a: Rillaboom|Rillaboom, L79, M|288/288\n|-fieldstart|move: Grassy Terrain|[from] ability: Grassy Surge|[of] p2a: Rillaboom\n|move|p1a: Plusle|Nasty Plot|p1a: Plusle\n|-boost|p1a: Plusle|spa|2\n|\n|upkeep\n|turn|2\n|\n|t:|1781439933\n|move|p2a: Rillaboom|Grassy Glide|p1a: Plusle\n|-damage|p1a: Plusle|72/235\n|replace|p1a: Zoroark|Zoroark, L83, M\n|-end|p1a: Zoroark|Illusion\n|-hint|Illusion Level Mod is active, so this Pok\u00e9mon's true level was hidden.\n|move|p1a: Zoroark|Sludge Bomb|p2a: Rillaboom\n|-supereffective|p2a: Rillaboom\n|-damage|p2a: Rillaboom|0 fnt\n|faint|p2a: Rillaboom\n|-damage|p1a: Zoroark|49/235|[from] item: Life Orb\n|\n|-heal|p1a: Zoroark|63/235|[from] Grassy Terrain\n|upkeep\n|\n|t:|1781439944\n|switch|p2a: Minun|Minun, L95, F|268/268\n|turn|3\n|\n|t:|1781439960\n|switch|p1a: Sylveon|Sylveon, L85, F|300/300\n|move|p2a: Minun|Alluring Voice|p1a: Sylveon\n|-damage|p1a: Sylveon|247/300\n|-damage|p2a: Minun|242/268|[from] item: Life Orb\n|\n|-heal|p2a: Minun|258/268|[from] Grassy Terrain\n|-heal|p1a: Sylveon|265/300|[from] Grassy Terrain\n|-heal|p1a: Sylveon|283/300|[from] item: Leftovers\n|upkeep\n|turn|4\n|\n|t:|1781439971\n|move|p2a: Minun|Nasty Plot|p2a: Minun\n|-boost|p2a: Minun|spa|2\n|move|p1a: Sylveon|Calm Mind|p1a: Sylveon\n|-boost|p1a: Sylveon|spa|1\n|-boost|p1a: Sylveon|spd|1\n|\n|-heal|p2a: Minun|268/268|[from] Grassy Terrain\n|-heal|p1a: Sylveon|300/300|[from] Grassy Terrain\n|upkeep\n|turn|5\n|\n|t:|1781439976\n|move|p1a: Sylveon|Protect|p1a: Sylveon\n|-singleturn|p1a: Sylveon|Protect\n|move|p2a: Minun|Encore|p1a: Sylveon\n|-activate|p1a: Sylveon|move: Protect\n|\n|-fieldend|move: Grassy Terrain\n|upkeep\n|turn|6\n|\n|t:|1781439978\n|move|p2a: Minun|Encore|p1a: Sylveon\n|-start|p1a: Sylveon|Encore\n|move|p1a: Sylveon|Protect||[still]\n|-fail|p1a: Sylveon\n|\n|upkeep\n|turn|7\n|\n|t:|1781439984\n|switch|p1a: Plusle|Plusle, L95, F|63/235\n|move|p2a: Minun|Alluring Voice|p1a: Plusle\n|-supereffective|p1a: Plusle\n|-damage|p1a: Plusle|0 fnt\n|replace|p1a: Zoroark|Zoroark, L83, M\n|-end|p1a: Zoroark|Illusion\n|faint|p1a: Zoroark\n|-damage|p2a: Minun|242/268|[from] item: Life Orb\n|\n|upkeep\n|\n|t:|1781439986\n|switch|p1a: Cinccino|Cinccino, L83, M|260/260\n|turn|8\n|\n|t:|1781439994\n|-terastallize|p1a: Cinccino|Normal\n|move|p1a: Cinccino|Tail Slap|p2a: Minun\n|-damage|p2a: Minun|178/268\n|-damage|p2a: Minun|114/268\n|-damage|p2a: Minun|46/268\n|-damage|p2a: Minun|0 fnt\n|faint|p2a: Minun\n|-hitcount|p2: Minun|4\n|\n|upkeep\n|\n|t:|1781439999\n|switch|p2a: Keldeo|Keldeo-Resolute, L79|273/273\n|turn|9\n|\n|t:|1781440004\n|switch|p1a: Sylveon|Sylveon, L85, F|300/300\n|move|p2a: Keldeo|Secret Sword|p1a: Sylveon\n|-resisted|p1a: Sylveon\n|-damage|p1a: Sylveon|237/300\n|\n|-heal|p1a: Sylveon|255/300|[from] item: Leftovers\n|upkeep\n|turn|10\n|\n|t:|1781440009\n|switch|p2a: Charizard|Charizard, L85, F|271/271\n|move|p1a: Sylveon|Wish|p1a: Sylveon\n|\n|-heal|p1a: Sylveon|273/300|[from] item: Leftovers\n|upkeep\n|turn|11\n|\n|t:|1781440013\n|switch|p1a: Plusle|Plusle, L95, F|268/268\n|move|p2a: Charizard|Swords Dance|p2a: Charizard\n|-boost|p2a: Charizard|atk|2\n|\n|upkeep\n|turn|12\n|\n|t:|1781440018\n|switch|p2a: Grimmsnarl|Grimmsnarl, L83, M|293/293\n|move|p1a: Plusle|Thunderbolt|p2a: Grimmsnarl\n|-damage|p2a: Grimmsnarl|118/293\n|-damage|p1a: Plusle|242/268|[from] item: Life Orb\n|\n|-heal|p2a: Grimmsnarl|136/293|[from] item: Leftovers\n|upkeep\n|turn|13\n|\n|t:|1781440026\n|switch|p1a: Sylveon|Sylveon, L85, F|273/300\n|move|p2a: Grimmsnarl|Taunt|p1a: Sylveon\n|-start|p1a: Sylveon|move: Taunt\n|\n|-heal|p1a: Sylveon|291/300|[from] item: Leftovers\n|-heal|p2a: Grimmsnarl|154/293|[from] item: Leftovers\n|upkeep\n|turn|14\n|\n|t:|1781440031\n|switch|p2a: Charizard|Charizard, L85, F|271/271\n|move|p1a: Sylveon|Hyper Voice|p2a: Charizard\n|-resisted|p2a: Charizard\n|-damage|p2a: Charizard|201/271\n|\n|-heal|p1a: Sylveon|300/300|[from] item: Leftovers\n|upkeep\n|turn|15\n|\n|t:|1781440038\n|switch|p1a: Cinccino|Cinccino, L83, M, tera:Normal|260/260\n|move|p2a: Charizard|Swords Dance|p2a: Charizard\n|-boost|p2a: Charizard|atk|2\n|\n|upkeep\n|turn|16\n|\n|t:|1781440040\n|move|p1a: Cinccino|Tail Slap|p2a: Charizard\n|-damage|p2a: Charizard|143/271\n|-damage|p2a: Charizard|83/271\n|-damage|p2a: Charizard|29/271\n|-damage|p2a: Charizard|0 fnt\n|faint|p2a: Charizard\n|-hitcount|p2: Charizard|4\n|\n|upkeep\n|\n|t:|1781440046\n|switch|p2a: Grimmsnarl|Grimmsnarl, L83, M|154/293\n|turn|17\n|\n|t:|1781440050\n|switch|p1a: Plusle|Plusle, L95, F|242/268\n|move|p2a: Grimmsnarl|Spirit Break|p1a: Plusle\n|-damage|p1a: Plusle|107/268\n|-unboost|p1a: Plusle|spa|1\n|\n|-heal|p2a: Grimmsnarl|172/293|[from] item: Leftovers\n|upkeep\n|turn|18\n|\n|t:|1781440053\n|move|p2a: Grimmsnarl|Sucker Punch|p1a: Plusle\n|-crit|p1a: Plusle\n|-damage|p1a: Plusle|0 fnt\n|faint|p1a: Plusle\n|\n|-heal|p2a: Grimmsnarl|190/293|[from] item: Leftovers\n|upkeep\n|\n|t:|1781440056\n|switch|p1a: Sylveon|Sylveon, L85, F|300/300\n|turn|19\n|\n|t:|1781440064\n|move|p2a: Grimmsnarl|Thunder Wave|p1a: Sylveon\n|-status|p1a: Sylveon|par\n|move|p1a: Sylveon|Hyper Voice|p2a: Grimmsnarl\n|-supereffective|p2a: Grimmsnarl\n|-damage|p2a: Grimmsnarl|0 fnt\n|faint|p2a: Grimmsnarl\n|\n|upkeep\n|\n|t:|1781440071\n|switch|p2a: Keldeo|Keldeo-Resolute, L79|273/273\n|turn|20\n|\n|t:|1781440075\n|switch|p1a: Medicham|Medicham, L86, M|243/243\n|-terastallize|p2a: Keldeo|Steel\n|move|p2a: Keldeo|Calm Mind|p2a: Keldeo\n|-boost|p2a: Keldeo|spa|1\n|-boost|p2a: Keldeo|spd|1\n|\n|upkeep\n|turn|21\n|\n|t:|1781440078\n|move|p2a: Keldeo|Hydro Pump|p1a: Medicham\n|-damage|p1a: Medicham|32/243\n|move|p1a: Medicham|Close Combat|p2a: Keldeo\n|-supereffective|p2a: Keldeo\n|-damage|p2a: Keldeo|0 fnt\n|-unboost|p1a: Medicham|def|1\n|-unboost|p1a: Medicham|spd|1\n|faint|p2a: Keldeo\n|\n|upkeep\n|\n|t:|1781440081\n|switch|p2a: Zangoose|Zangoose, L85, M|263/263\n|turn|22\n|\n|t:|1781440084\n|move|p2a: Zangoose|Knock Off|p1a: Medicham\n|-damage|p1a: Medicham|0 fnt\n|-enditem|p1a: Medicham|Choice Band|[from] move: Knock Off|[of] p2a: Zangoose\n|faint|p1a: Medicham\n|\n|-status|p2a: Zangoose|tox|[from] item: Toxic Orb\n|upkeep\n|\n|t:|1781440092\n|switch|p1a: Cinccino|Cinccino, L83, M, tera:Normal|260/260\n|turn|23\n|\n|t:|1781440099\n|move|p1a: Cinccino|U-turn|p2a: Zangoose\n|-damage|p2a: Zangoose|200/263 tox\n|\n|t:|1781440100\n|switch|p1a: Scrafty|Scrafty, L83, F|244/244|[from] U-turn\n|-ability|p1a: Scrafty|Intimidate|boost\n|-unboost|p2a: Zangoose|atk|1\n|move|p2a: Zangoose|Facade|p1a: Scrafty\n|-damage|p1a: Scrafty|108/244\n|\n|-heal|p1a: Scrafty|123/244|[from] item: Leftovers\n|-damage|p2a: Zangoose|184/263 tox|[from] psn\n|upkeep\n|turn|24\n|\n|t:|1781440104\n|move|p2a: Zangoose|Close Combat|p1a: Scrafty\n|-supereffective|p1a: Scrafty\n|-damage|p1a: Scrafty|0 fnt\n|-unboost|p2a: Zangoose|def|1\n|-unboost|p2a: Zangoose|spd|1\n|faint|p1a: Scrafty\n|\n|-damage|p2a: Zangoose|152/263 tox|[from] psn\n|upkeep\n|\n|t:|1781440110\n|switch|p1a: Cinccino|Cinccino, L83, M, tera:Normal|260/260\n|turn|25\n|\n|t:|1781440112\n|move|p1a: Cinccino|Bullet Seed|p2a: Zangoose\n|-damage|p2a: Zangoose|97/263 tox\n|-damage|p2a: Zangoose|45/263 tox\n|-damage|p2a: Zangoose|0 fnt\n|faint|p2a: Zangoose\n|-hitcount|p2: Zangoose|3\n|\n|win|kormorano\n", "inputlog": ">version a8376a258c1d4662feba110a92103f3664a72141\n>start {\"formatid\":\"gen9randombattle\",\"seed\":\"sodium,ff00ae1a32c13f525c4c415aaf019ed6\",\"rated\":\"Rated battle\"}\n>player p1 {\"name\":\"kormorano\",\"avatar\":\"102\",\"rating\":2052,\"seed\":\"sodium,02129d0ff76727f221cbc5305b8f17ef\"}\n>player p2 {\"name\":\"jsjsiis\",\"avatar\":\"1\",\"rating\":2051,\"seed\":\"sodium,0415163ca8487df2d7dd2430bc8d7ff3\"}\n>p1 move nastyplot\n>p2 switch 3\n>p1 move sludgebomb\n>p2 move grassyglide\n>p2 switch 4\n>p1 switch 5\n>p2 move alluringvoice\n>p1 move calmmind\n>p2 move nastyplot\n>p1 move protect\n>p2 move encore\n>p1 move hypervoice\n>p2 move encore\n>p1 switch 5\n>p2 move alluringvoice\n>p1 switch 4\n>p1 move tailslap terastallize\n>p2 move thunderbolt\n>p2 switch 6\n>p1 switch 5\n>p2 move secretsword\n>p1 move wish\n>p2 switch 3\n>p1 switch 6\n>p2 move swordsdance\n>p1 move thunderbolt\n>p2 switch 5\n>p1 switch 6\n>p2 move taunt\n>p1 move hypervoice\n>p2 switch 5\n>p1 switch 5\n>p2 move swordsdance\n>p1 move tailslap\n>p2 move flareblitz\n>p2 switch 5\n>p1 switch 6\n>p2 move spiritbreak\n>p1 move alluringvoice\n>p2 move suckerpunch\n>p1 switch 5\n>p1 move hypervoice\n>p2 move thunderwave\n>p2 switch 3\n>p1 switch 3\n>p2 move calmmind terastallize\n>p1 move closecombat\n>p2 move hydropump\n>p2 switch 2\n>p1 move closecombat\n>p2 move knockoff\n>p1 switch 6\n>p1 move uturn\n>p2 move facade\n>p1 switch 2\n>p1 move drainpunch\n>p2 move closecombat\n>p1 switch 2\n>p1 move bulletseed\n>p2 move facade", "uploadtime": 1781439901, "views": 4, "formatid": "gen9randombattle", "rating": null, "private": 0, "password": null, "player_dets": [{"name": "kormorano", "avatar": "102", "rating": 2052, "seed": "sodium,02129d0ff76727f221cbc5305b8f17ef"}, {"name": "jsjsiis", "avatar": "1", "rating": 2051, "seed": "sodium,0415163ca8487df2d7dd2430bc8d7ff3"}], "teams_full": [{"Zoroark": {"name": "Zoroark", "species": "Zoroark", "speciesId": "zoroark", "gender": "M", "shiny": false, "level": 83, "moves": ["nastyplot", "encore", "sludgebomb", "darkpulse"], "ability": "Illusion", "evs": {"hp": 85, "atk": 0, "def": 85, "spa": 85, "spd": 85, "spe": 85}, "ivs": {"hp": 31, "atk": 0, "def": 31, "spa": 31, "spd": 31, "spe": 31}, "item": "Life Orb", "teraType": "Poison", "role": "Setup Sweeper", "bvs": {"hp": 60, "atk": 105, "def": 60, "spa": 120, "spd": 60, "spe": 105}, "stats": {"hp": 235, "atk": 179, "def": 147, "spa": 247, "spd": 147, "spe": 222}, "types": ["Dark"]}, "Scrafty": {"name": "Scrafty", "species": "Scrafty", "speciesId": "scrafty", "gender": "F", "shiny": false, "level": 83, "moves": ["knockoff", "drainpunch", "poisonjab", "dragondance"], "ability": "Intimidate", "evs": {"hp": 85, "atk": 85, "def": 85, "spa": 85, "spd": 85, "spe": 85}, "ivs": {"hp": 31, "atk": 31, "def": 31, "spa": 31, "spd": 31, "spe": 31}, "item": "Leftovers", "teraType": "Poison", "role": "Bulky Attacker", "bvs": {"hp": 65, "atk": 90, "def": 115, "spa": 45, "spd": 115, "spe": 58}, "stats": {"hp": 244, "atk": 197, "def": 239, "spa": 122, "spd": 239, "spe": 144}, "types": ["Dark", "Fighting"]}, "Medicham": {"name": "Medicham", "species": "Medicham", "speciesId": "medicham", "gender": "M", "shiny": false, "level": 86, "moves": ["bulletpunch", "zenheadbutt", "closecombat", "trick"], "ability": "Pure Power", "evs": {"hp": 85, "atk": 85, "def": 85, "spa": 85, "spd": 85, "spe": 85}, "ivs": {"hp": 31, "atk": 31, "def": 31, "spa": 31, "spd": 31, "spe": 31}, "item": "Choice Band", "teraType": "Fighting", "role": "Fast Attacker", "bvs": {"hp": 60, "atk": 60, "def": 75, "spa": 60, "spd": 75, "spe": 80}, "stats": {"hp": 243, "atk": 152, "def": 178, "spa": 152, "spd": 178, "spe": 187}, "types": ["Fighting", "Psychic"]}, "Cinccino": {"name": "Cinccino", "species": "Cinccino", "speciesId": "cinccino", "gender": "M", "shiny": false, "level": 83, "moves": ["tripleaxel", "uturn", "bulletseed", "tailslap"], "ability": "Technician", "evs": {"hp": 85, "atk": 85, "def": 85, "spa": 85, "spd": 85, "spe": 85}, "ivs": {"hp": 31, "atk": 31, "def": 31, "spa": 31, "spd": 31, "spe": 31}, "item": "Loaded Dice", "teraType": "Normal", "role": "Fast Attacker", "bvs": {"hp": 75, "atk": 95, "def": 60, "spa": 65, "spd": 60, "spe": 115}, "stats": {"hp": 260, "atk": 205, "def": 147, "spa": 156, "spd": 147, "spe": 239}, "types": ["Normal"]}, "Sylveon": {"name": "Sylveon", "species": "Sylveon", "speciesId": "sylveon", "gender": "F", "shiny": false, "level": 85, "moves": ["calmmind", "wish", "hypervoice", "protect"], "ability": "Pixilate", "evs": {"hp": 85, "atk": 0, "def": 85, "spa": 85, "spd": 85, "spe": 85}, "ivs": {"hp": 31, "atk": 0, "def": 31, "spa": 31, "spd": 31, "spe": 31}, "item": "Leftovers", "teraType": "Steel", "role": "Bulky Setup", "bvs": {"hp": 95, "atk": 65, "def": 65, "spa": 110, "spd": 130, "spe": 60}, "stats": {"hp": 300, "atk": 115, "def": 159, "spa": 236, "spd": 270, "spe": 151}, "types": ["Fairy"]}, "Plusle": {"name": "Plusle", "species": "Plusle", "speciesId": "plusle", "gender": "F", "shiny": false, "level": 95, "moves": ["alluringvoice", "thunderbolt", "nastyplot", "grassknot"], "ability": "Lightning Rod", "evs": {"hp": 85, "atk": 0, "def": 85, "spa": 85, "spd": 85, "spe": 85}, "ivs": {"hp": 31, "atk": 0, "def": 31, "spa": 31, "spd": 31, "spe": 31}, "item": "Life Orb", "teraType": "Electric", "role": "Setup Sweeper", "bvs": {"hp": 60, "atk": 50, "def": 40, "spa": 85, "spd": 75, "spe": 95}, "stats": {"hp": 268, "atk": 100, "def": 130, "spa": 215, "spd": 196, "spe": 234}, "types": ["Electric"]}}, {"Charizard": {"name": "Charizard", "species": "Charizard", "speciesId": "charizard", "gender": "F", "shiny": false, "level": 85, "moves": ["swordsdance", "flareblitz", "earthquake", "outrage"], "ability": "Blaze", "evs": {"hp": 85, "atk": 85, "def": 85, "spa": 85, "spd": 85, "spe": 85}, "ivs": {"hp": 31, "atk": 31, "def": 31, "spa": 31, "spd": 31, "spe": 31}, "item": "Heavy-Duty Boots", "teraType": "Ground", "role": "Setup Sweeper", "bvs": {"hp": 78, "atk": 84, "def": 78, "spa": 109, "spd": 85, "spe": 100}, "stats": {"hp": 271, "atk": 192, "def": 181, "spa": 234, "spd": 193, "spe": 219}, "types": ["Fire", "Flying"]}, "Zangoose": {"name": "Zangoose", "species": "Zangoose", "speciesId": "zangoose", "gender": "M", "shiny": false, "level": 85, "moves": ["closecombat", "quickattack", "knockoff", "facade"], "ability": "Toxic Boost", "evs": {"hp": 85, "atk": 85, "def": 85, "spa": 85, "spd": 85, "spe": 85}, "ivs": {"hp": 31, "atk": 31, "def": 31, "spa": 31, "spd": 31, "spe": 31}, "item": "Toxic Orb", "teraType": "Normal", "role": "Fast Attacker", "bvs": {"hp": 73, "atk": 115, "def": 60, "spa": 60, "spd": 60, "spe": 90}, "stats": {"hp": 263, "atk": 244, "def": 151, "spa": 151, "spd": 151, "spe": 202}, "types": ["Normal"]}, "Rillaboom": {"name": "Rillaboom", "species": "Rillaboom", "speciesId": "rillaboom", "gender": "M", "shiny": false, "level": 79, "moves": ["uturn", "knockoff", "woodhammer", "grassyglide"], "ability": "Grassy Surge", "evs": {"hp": 85, "atk": 85, "def": 85, "spa": 85, "spd": 85, "spe": 85}, "ivs": {"hp": 31, "atk": 31, "def": 31, "spa": 31, "spd": 31, "spe": 31}, "item": "Choice Band", "teraType": "Grass", "role": "Wallbreaker", "bvs": {"hp": 100, "atk": 125, "def": 90, "spa": 60, "spd": 70, "spe": 85}, "stats": {"hp": 288, "atk": 243, "def": 188, "spa": 140, "spd": 156, "spe": 180}, "types": ["Grass"]}, "Minun": {"name": "Minun", "species": "Minun", "speciesId": "minun", "gender": "F", "shiny": false, "level": 95, "moves": ["encore", "nastyplot", "thunderbolt", "alluringvoice"], "ability": "Volt Absorb", "evs": {"hp": 85, "atk": 0, "def": 85, "spa": 85, "spd": 85, "spe": 85}, "ivs": {"hp": 31, "atk": 0, "def": 31, "spa": 31, "spd": 31, "spe": 31}, "item": "Life Orb", "teraType": "Fairy", "role": "Setup Sweeper", "bvs": {"hp": 60, "atk": 40, "def": 50, "spa": 75, "spd": 85, "spe": 95}, "stats": {"hp": 268, "atk": 81, "def": 149, "spa": 196, "spd": 215, "spe": 234}, "types": ["Electric"]}, "Grimmsnarl": {"name": "Grimmsnarl", "species": "Grimmsnarl", "speciesId": "grimmsnarl", "gender": "M", "shiny": false, "level": 83, "moves": ["spiritbreak", "suckerpunch", "thunderwave", "taunt"], "ability": "Prankster", "evs": {"hp": 85, "atk": 85, "def": 85, "spa": 85, "spd": 85, "spe": 85}, "ivs": {"hp": 31, "atk": 31, "def": 31, "spa": 31, "spd": 31, "spe": 31}, "item": "Leftovers", "teraType": "Steel", "role": "Bulky Attacker", "bvs": {"hp": 95, "atk": 120, "def": 65, "spa": 95, "spd": 75, "spe": 60}, "stats": {"hp": 293, "atk": 247, "def": 156, "spa": 205, "spd": 172, "spe": 147}, "types": ["Dark", "Fairy"]}, "Keldeo": {"name": "Keldeo", "species": "Keldeo-Resolute", "speciesId": "keldeoresolute", "gender": "N", "shiny": false, "level": 79, "moves": ["secretsword", "calmmind", "substitute", "hydropump"], "ability": "Justified", "evs": {"hp": 85, "atk": 0, "def": 85, "spa": 85, "spd": 85, "spe": 85}, "ivs": {"hp": 31, "atk": 0, "def": 31, "spa": 31, "spd": 31, "spe": 31}, "item": "Leftovers", "teraType": "Steel", "role": "Bulky Setup", "bvs": {"hp": 91, "atk": 72, "def": 90, "spa": 129, "spd": 90, "spe": 108}, "stats": {"hp": 273, "atk": 118, "def": 188, "spa": 249, "spd": 188, "spe": 216}, "types": ["Water", "Fighting"]}}]}