{"id": "gen9randombattle-2631371655", "format": "[Gen 9] Random Battle", "players": ["SSlimeyy", "UnviaSai"], "log": "|j|\u2606SSlimeyy\n|j|\u2606UnviaSai\n|t:|1781376824\n|gametype|singles\n|player|p1|SSlimeyy|266|2183\n|player|p2|UnviaSai|unknown|2165\n|gen|9\n|tier|[Gen 9] Random Battle\n|rated|\n|rule|Species Clause: Limit one of each Pok\u00e9mon\n|rule|HP Percentage Mod: HP is shown in percentages\n|rule|Sleep Clause Mod: Limit one foe put to sleep\n|rule|Illusion Level Mod: Illusion disguises the Pok\u00e9mon's true level\n|\n|t:|1781376824\n|teamsize|p1|6\n|teamsize|p2|6\n|start\n|switch|p1a: Illumise|Illumise, L91, F|266/266\n|switch|p2a: Dialga|Dialga, L73|266/266\n|-ability|p2a: Dialga|Pressure\n|turn|1\n|\n|t:|1781376832\n|move|p1a: Illumise|Thunder Wave|p2a: Dialga\n|-status|p2a: Dialga|par\n|move|p2a: Dialga|Fire Blast|p1a: Illumise\n|-supereffective|p1a: Illumise\n|-damage|p1a: Illumise|120/266\n|\n|upkeep\n|turn|2\n|inactive|Battle timer is ON: inactive players will automatically lose when time's up. (requested by SSlimeyy)\n|\n|t:|1781376841\n|move|p1a: Illumise|Roost|p1a: Illumise\n|-heal|p1a: Illumise|253/266\n|-singleturn|p1a: Illumise|move: Roost\n|move|p2a: Dialga|Fire Blast|p1a: Illumise\n|-supereffective|p1a: Illumise\n|-damage|p1a: Illumise|87/266\n|\n|upkeep\n|turn|3\n|\n|t:|1781376844\n|move|p1a: Illumise|Roost|p1a: Illumise\n|-heal|p1a: Illumise|220/266\n|-singleturn|p1a: Illumise|move: Roost\n|cant|p2a: Dialga|par\n|\n|upkeep\n|turn|4\n|\n|t:|1781376852\n|switch|p1a: Braviary|Braviary, L85, M|309/309\n|move|p2a: Dialga|Dragon Tail|p1a: Braviary\n|-damage|p1a: Braviary|246/309\n|drag|p1a: Dipplin|Dipplin, L88, F|284/284\n|\n|upkeep\n|turn|5\n|\n|t:|1781376857\n|move|p1a: Dipplin|Dragon Pulse|p2a: Dialga\n|-damage|p2a: Dialga|200/266 par\n|cant|p2a: Dialga|par\n|\n|upkeep\n|turn|6\n|\n|t:|1781376861\n|move|p2a: Dialga|Draco Meteor|p1a: Dipplin\n|-supereffective|p1a: Dipplin\n|-damage|p1a: Dipplin|74/284\n|-unboost|p2a: Dialga|spa|2\n|move|p1a: Dipplin|Dragon Tail|p2a: Dialga|[miss]\n|-miss|p1a: Dipplin|p2a: Dialga\n|\n|upkeep\n|turn|7\n|\n|t:|1781376864\n|move|p1a: Dipplin|Recover|p1a: Dipplin\n|-heal|p1a: Dipplin|216/284\n|cant|p2a: Dialga|par\n|\n|upkeep\n|turn|8\n|\n|t:|1781376867\n|move|p1a: Dipplin|Dragon Pulse|p2a: Dialga\n|-damage|p2a: Dialga|130/266 par\n|cant|p2a: Dialga|par\n|\n|upkeep\n|turn|9\n|\n|t:|1781376871\n|move|p1a: Dipplin|Dragon Pulse|p2a: Dialga\n|-damage|p2a: Dialga|61/266 par\n|move|p2a: Dialga|Dragon Tail|p1a: Dipplin\n|-supereffective|p1a: Dipplin\n|-damage|p1a: Dipplin|156/284\n|drag|p1a: Illumise|Illumise, L91, F|220/266\n|\n|upkeep\n|turn|10\n|\n|t:|1781376877\n|move|p1a: Illumise|Encore|p2a: Dialga\n|-start|p2a: Dialga|Encore\n|cant|p2a: Dialga|par\n|\n|upkeep\n|turn|11\n|\n|t:|1781376879\n|move|p1a: Illumise|Bug Buzz|p2a: Dialga\n|-resisted|p2a: Dialga\n|-damage|p2a: Dialga|27/266 par\n|move|p2a: Dialga|Dragon Tail|p1a: Illumise\n|-crit|p1a: Illumise\n|-damage|p1a: Illumise|135/266\n|drag|p1a: Braviary|Braviary, L85, M|246/309\n|\n|upkeep\n|turn|12\n|\n|t:|1781376884\n|move|p1a: Braviary|Brave Bird|p2a: Dialga\n|-resisted|p2a: Dialga\n|-crit|p2a: Dialga\n|-damage|p2a: Dialga|0 fnt\n|faint|p2a: Dialga\n|-damage|p1a: Braviary|237/309|[from] Recoil\n|\n|upkeep\n|\n|t:|1781376891\n|switch|p2a: Politoed|Politoed, L88, F|302/302\n|-weather|RainDance|[from] ability: Drizzle|[of] p2a: Politoed\n|turn|13\n|\n|t:|1781376895\n|switch|p1a: Illumise|Illumise, L91, F|135/266\n|move|p2a: Politoed|Ice Beam|p1a: Illumise\n|-damage|p1a: Illumise|76/266\n|\n|-weather|RainDance|[upkeep]\n|upkeep\n|turn|14\n|\n|t:|1781376898\n|move|p1a: Illumise|Thunder Wave|p2a: Politoed\n|-status|p2a: Politoed|par\n|cant|p2a: Politoed|par\n|\n|-weather|RainDance|[upkeep]\n|upkeep\n|turn|15\n|\n|t:|1781376900\n|move|p1a: Illumise|Roost|p1a: Illumise\n|-heal|p1a: Illumise|209/266\n|-singleturn|p1a: Illumise|move: Roost\n|move|p2a: Politoed|Hydro Pump|p1a: Illumise\n|-damage|p1a: Illumise|49/266\n|\n|-weather|RainDance|[upkeep]\n|upkeep\n|turn|16\n|\n|t:|1781376906\n|move|p1a: Illumise|Roost|p1a: Illumise\n|-heal|p1a: Illumise|182/266\n|-singleturn|p1a: Illumise|move: Roost\n|move|p2a: Politoed|Hydro Pump|p1a: Illumise\n|-damage|p1a: Illumise|20/266\n|\n|-weather|RainDance|[upkeep]\n|upkeep\n|turn|17\n|\n|t:|1781376909\n|move|p1a: Illumise|Bug Buzz|p2a: Politoed\n|-damage|p2a: Politoed|218/302 par\n|move|p2a: Politoed|Hydro Pump|p1a: Illumise\n|-damage|p1a: Illumise|0 fnt\n|faint|p1a: Illumise\n|\n|-weather|none\n|upkeep\n|\n|t:|1781376915\n|switch|p1a: Scovillain|Scovillain, L91, M|266/266\n|turn|18\n|\n|t:|1781376921\n|switch|p2a: Hydrapple|Hydrapple, L83, M|312/312\n|move|p1a: Scovillain|Energy Ball|p2a: Hydrapple\n|-resisted|p2a: Hydrapple\n|-crit|p2a: Hydrapple\n|-damage|p2a: Hydrapple|280/312\n|\n|upkeep\n|turn|19\n|\n|t:|1781376925\n|switch|p1a: Braviary|Braviary, L85, M|237/309\n|move|p2a: Hydrapple|Fickle Beam|p1a: Braviary|[anim] Fickle Beam All Out\n|-activate|p2a: Hydrapple|move: Fickle Beam\n|-damage|p1a: Braviary|23/309\n|\n|upkeep\n|turn|20\n|\n|t:|1781376928\n|switch|p2a: Dusknoir|Dusknoir, L89, M|225/225\n|-item|p1a: Braviary|Heavy-Duty Boots|[from] ability: Frisk|[of] p2a: Dusknoir\n|move|p1a: Braviary|Roost|p1a: Braviary\n|-heal|p1a: Braviary|178/309\n|-singleturn|p1a: Braviary|move: Roost\n|\n|upkeep\n|turn|21\n|\n|t:|1781376941\n|move|p1a: Braviary|Bulk Up|p1a: Braviary\n|-boost|p1a: Braviary|atk|1\n|-boost|p1a: Braviary|def|1\n|move|p2a: Dusknoir|Substitute|p2a: Dusknoir\n|-start|p2a: Dusknoir|Substitute\n|-damage|p2a: Dusknoir|169/225\n|\n|-heal|p2a: Dusknoir|183/225|[from] item: Leftovers\n|upkeep\n|turn|22\n|\n|t:|1781376948\n|-singleturn|p2a: Dusknoir|move: Focus Punch\n|move|p1a: Braviary|Brave Bird|p2a: Dusknoir\n|-end|p2a: Dusknoir|Substitute\n|-damage|p1a: Braviary|160/309|[from] Recoil|[of] p2a: Dusknoir\n|move|p2a: Dusknoir|Focus Punch|p1a: Braviary\n|-damage|p1a: Braviary|62/309\n|\n|-heal|p2a: Dusknoir|197/225|[from] item: Leftovers\n|upkeep\n|turn|23\n|\n|t:|1781376955\n|-singleturn|p2a: Dusknoir|move: Focus Punch\n|move|p1a: Braviary|Roost|p1a: Braviary\n|-heal|p1a: Braviary|217/309\n|-singleturn|p1a: Braviary|move: Roost\n|move|p2a: Dusknoir|Focus Punch|p1a: Braviary\n|-supereffective|p1a: Braviary\n|-damage|p1a: Braviary|25/309\n|\n|-heal|p2a: Dusknoir|211/225|[from] item: Leftovers\n|upkeep\n|turn|24\n|\n|t:|1781376958\n|-singleturn|p2a: Dusknoir|move: Focus Punch\n|move|p1a: Braviary|Brave Bird|p2a: Dusknoir\n|-damage|p2a: Dusknoir|54/225\n|-damage|p1a: Braviary|0 fnt|[from] Recoil\n|faint|p1a: Braviary\n|cant|p2a: Dusknoir|Focus Punch|Focus Punch\n|\n|-heal|p2a: Dusknoir|68/225|[from] item: Leftovers\n|upkeep\n|\n|t:|1781376961\n|switch|p1a: Wugtrio|Wugtrio, L91, F|212/212\n|turn|25\n|\n|t:|1781376965\n|switch|p2a: Hydrapple|Hydrapple, L83, M|312/312\n|move|p1a: Wugtrio|Throat Chop|p2a: Hydrapple\n|-damage|p2a: Hydrapple|233/312\n|-start|p2a: Hydrapple|Throat Chop|[silent]\n|\n|upkeep\n|turn|26\n|\n|t:|1781376972\n|switch|p1a: Dipplin|Dipplin, L88, F|156/284\n|move|p2a: Hydrapple|Fickle Beam|p1a: Dipplin\n|-supereffective|p1a: Dipplin\n|-damage|p1a: Dipplin|30/284\n|\n|-end|p2a: Hydrapple|Throat Chop|[silent]\n|upkeep\n|turn|27\n|\n|t:|1781376979\n|move|p1a: Dipplin|Dragon Pulse|p2a: Hydrapple\n|-supereffective|p2a: Hydrapple\n|-damage|p2a: Hydrapple|89/312\n|move|p2a: Hydrapple|Fickle Beam|p1a: Dipplin\n|-supereffective|p1a: Dipplin\n|-damage|p1a: Dipplin|0 fnt\n|faint|p1a: Dipplin\n|\n|upkeep\n|\n|t:|1781376983\n|switch|p1a: Scovillain|Scovillain, L91, M|266/266\n|turn|28\n|\n|t:|1781376987\n|switch|p2a: Politoed|Politoed, L88, F|218/302 par\n|-weather|RainDance|[from] ability: Drizzle|[of] p2a: Politoed\n|move|p1a: Scovillain|Flamethrower|p2a: Politoed\n|-resisted|p2a: Politoed\n|-damage|p2a: Politoed|193/302 par\n|\n|-weather|RainDance|[upkeep]\n|upkeep\n|turn|29\n|\n|t:|1781376991\n|switch|p1a: Dondozo|Dondozo, L78, F|362/362\n|move|p2a: Politoed|Rest|p2a: Politoed\n|-status|p2a: Politoed|slp|[from] move: Rest\n|-heal|p2a: Politoed|302/302 slp|[silent]\n|-enditem|p2a: Politoed|Chesto Berry|[eat]\n|-curestatus|p2a: Politoed|slp|[msg]\n|\n|-weather|RainDance|[upkeep]\n|upkeep\n|turn|30\n|-message|SSlimeyy forfeited.\n|\n|win|UnviaSai\n", "inputlog": ">version a8376a258c1d4662feba110a92103f3664a72141\n>start {\"formatid\":\"gen9randombattle\",\"seed\":\"sodium,5617d34719bae41612537b26e37e8bdb\",\"rated\":\"Rated battle\"}\n>player p1 {\"name\":\"SSlimeyy\",\"avatar\":\"266\",\"rating\":2183,\"seed\":\"sodium,5237074cc2a0d8c93d563ee58f66c88c\"}\n>player p2 {\"name\":\"UnviaSai\",\"avatar\":\"unknown\",\"rating\":2165,\"seed\":\"sodium,4e2ed6a6017a9bd912f91ed09ffb6386\"}\n>p1 move thunderwave\n>p2 move fireblast\n>p1 move roost\n>p2 move fireblast\n>p1 move roost\n>p2 move fireblast\n>p1 switch 4\n>p2 move dragontail\n>p1 move dragonpulse\n>p2 move dragontail\n>p1 move dragontail\n>p2 move dracometeor\n>p1 move recover\n>p2 move dragontail\n>p1 move dragonpulse\n>p2 move dragontail\n>p1 move dragonpulse\n>p2 move dragontail\n>p1 move encore\n>p2 move heavyslam\n>p1 move bugbuzz\n>p2 move dragontail\n>p1 move bravebird\n>p2 move dragontail\n>p2 switch 3\n>p1 switch 3\n>p2 move icebeam\n>p1 move thunderwave\n>p2 move hydropump\n>p1 move roost\n>p2 move hydropump\n>p1 move roost\n>p2 move hydropump\n>p1 move bugbuzz\n>p2 move hydropump\n>p1 switch 2\n>p1 move energyball\n>p2 switch 4\n>p1 switch 3\n>p2 move ficklebeam\n>p1 move roost\n>p2 switch 2\n>p1 move bulkup\n>p2 move substitute\n>p1 move bravebird\n>p2 move focuspunch\n>p1 move roost\n>p2 move focuspunch\n>p1 move bravebird\n>p2 move focuspunch\n>p1 switch 6\n>p1 move throatchop\n>p2 switch 2\n>p1 switch 4\n>p2 move ficklebeam\n>p1 move dragonpulse\n>p2 move ficklebeam\n>p1 switch 3\n>p1 move flamethrower\n>p2 switch 4\n>p1 switch 5\n>p2 move rest\n>forcelose p1", "uploadtime": 1781376826, "views": 8, "formatid": "gen9randombattle", "rating": null, "private": 0, "password": null, "player_dets": [{"name": "SSlimeyy", "avatar": "266", "rating": 2183, "seed": "sodium,5237074cc2a0d8c93d563ee58f66c88c"}, {"name": "UnviaSai", "avatar": "unknown", "rating": 2165, "seed": "sodium,4e2ed6a6017a9bd912f91ed09ffb6386"}], "teams_full": [{"Illumise": {"name": "Illumise", "species": "Illumise", "speciesId": "illumise", "gender": "F", "shiny": false, "level": 91, "moves": ["roost", "thunderwave", "bugbuzz", "encore"], "ability": "Prankster", "evs": {"hp": 85, "atk": 0, "def": 85, "spa": 85, "spd": 85, "spe": 85}, "ivs": {"hp": 31, "atk": 0, "def": 31, "spa": 31, "spd": 31, "spe": 31}, "item": "Heavy-Duty Boots", "teraType": "Steel", "role": "Bulky Support", "bvs": {"hp": 65, "atk": 47, "def": 75, "spa": 73, "spd": 85, "spe": 85}, "stats": {"hp": 266, "atk": 90, "def": 188, "spa": 185, "spd": 207, "spe": 207}, "types": ["Bug"]}, "Scovillain": {"name": "Scovillain", "species": "Scovillain", "speciesId": "scovillain", "gender": "M", "shiny": false, "level": 91, "moves": ["flamethrower", "overheat", "energyball", "leafstorm"], "ability": "Chlorophyll", "evs": {"hp": 85, "atk": 0, "def": 85, "spa": 85, "spd": 85, "spe": 85}, "ivs": {"hp": 31, "atk": 0, "def": 31, "spa": 31, "spd": 31, "spe": 31}, "item": "Choice Scarf", "teraType": "Fire", "role": "Fast Attacker", "bvs": {"hp": 65, "atk": 108, "def": 65, "spa": 108, "spd": 65, "spe": 75}, "stats": {"hp": 266, "atk": 201, "def": 170, "spa": 248, "spd": 170, "spe": 188}, "types": ["Grass", "Fire"]}, "Dipplin": {"name": "Dipplin", "species": "Dipplin", "speciesId": "dipplin", "gender": "F", "shiny": false, "level": 88, "moves": ["gigadrain", "dragontail", "dragonpulse", "recover"], "ability": "Sticky Hold", "evs": {"hp": 85, "atk": 85, "def": 85, "spa": 85, "spd": 85, "spe": 85}, "ivs": {"hp": 31, "atk": 31, "def": 31, "spa": 31, "spd": 31, "spe": 31}, "item": "Eviolite", "teraType": "Steel", "role": "Bulky Attacker", "bvs": {"hp": 80, "atk": 80, "def": 110, "spa": 95, "spd": 80, "spe": 40}, "stats": {"hp": 284, "atk": 191, "def": 244, "spa": 217, "spd": 191, "spe": 121}, "types": ["Grass", "Dragon"]}, "Braviary": {"name": "Braviary", "species": "Braviary", "speciesId": "braviary", "gender": "M", "shiny": false, "level": 85, "moves": ["roost", "bulkup", "bravebird", "closecombat"], "ability": "Defiant", "evs": {"hp": 85, "atk": 85, "def": 85, "spa": 85, "spd": 85, "spe": 85}, "ivs": {"hp": 31, "atk": 31, "def": 31, "spa": 31, "spd": 31, "spe": 31}, "item": "Heavy-Duty Boots", "teraType": "Steel", "role": "Fast Bulky Setup", "bvs": {"hp": 100, "atk": 123, "def": 75, "spa": 57, "spd": 75, "spe": 80}, "stats": {"hp": 309, "atk": 258, "def": 176, "spa": 146, "spd": 176, "spe": 185}, "types": ["Normal", "Flying"]}, "Dondozo": {"name": "Dondozo", "species": "Dondozo", "speciesId": "dondozo", "gender": "F", "shiny": false, "level": 78, "moves": ["wavecrash", "curse", "rest", "sleeptalk"], "ability": "Unaware", "evs": {"hp": 85, "atk": 85, "def": 85, "spa": 85, "spd": 85, "spe": 85}, "ivs": {"hp": 31, "atk": 31, "def": 31, "spa": 31, "spd": 31, "spe": 31}, "item": "Leftovers", "teraType": "Fairy", "role": "Bulky Setup", "bvs": {"hp": 150, "atk": 100, "def": 115, "spa": 65, "spd": 65, "spe": 35}, "stats": {"hp": 362, "atk": 201, "def": 224, "spa": 146, "spd": 146, "spe": 100}, "types": ["Water"]}, "Wugtrio": {"name": "Wugtrio", "species": "Wugtrio", "speciesId": "wugtrio", "gender": "F", "shiny": false, "level": 91, "moves": ["throatchop", "stompingtantrum", "aquajet", "liquidation"], "ability": "Gooey", "evs": {"hp": 85, "atk": 85, "def": 85, "spa": 85, "spd": 85, "spe": 85}, "ivs": {"hp": 31, "atk": 31, "def": 31, "spa": 31, "spd": 31, "spe": 31}, "item": "Choice Band", "teraType": "Ground", "role": "Fast Attacker", "bvs": {"hp": 35, "atk": 100, "def": 50, "spa": 50, "spd": 70, "spe": 120}, "stats": {"hp": 212, "atk": 234, "def": 143, "spa": 143, "spd": 179, "spe": 270}, "types": ["Water"]}}, {"Dialga": {"name": "Dialga", "species": "Dialga", "speciesId": "dialga", "gender": "N", "shiny": false, "level": 73, "moves": ["heavyslam", "dracometeor", "fireblast", "dragontail"], "ability": "Pressure", "evs": {"hp": 85, "atk": 85, "def": 85, "spa": 85, "spd": 85, "spe": 85}, "ivs": {"hp": 31, "atk": 31, "def": 31, "spa": 31, "spd": 31, "spe": 31}, "item": "Assault Vest", "teraType": "Dragon", "role": "AV Pivot", "bvs": {"hp": 100, "atk": 120, "def": 120, "spa": 150, "spd": 100, "spe": 90}, "stats": {"hp": 266, "atk": 218, "def": 218, "spa": 261, "spd": 188, "spe": 174}, "types": ["Steel", "Dragon"]}, "Dusknoir": {"name": "Dusknoir", "species": "Dusknoir", "speciesId": "dusknoir", "gender": "M", "shiny": false, "level": 89, "moves": ["painsplit", "substitute", "focuspunch", "poltergeist"], "ability": "Frisk", "evs": {"hp": 85, "atk": 85, "def": 85, "spa": 85, "spd": 85, "spe": 85}, "ivs": {"hp": 31, "atk": 31, "def": 31, "spa": 31, "spd": 31, "spe": 31}, "item": "Leftovers", "teraType": "Fighting", "role": "Bulky Attacker", "bvs": {"hp": 45, "atk": 100, "def": 135, "spa": 65, "spd": 135, "spe": 45}, "stats": {"hp": 225, "atk": 229, "def": 291, "spa": 166, "spd": 291, "spe": 131}, "types": ["Ghost"]}, "Politoed": {"name": "Politoed", "species": "Politoed", "speciesId": "politoed", "gender": "F", "shiny": false, "level": 88, "moves": ["hydropump", "hypnosis", "rest", "icebeam"], "ability": "Drizzle", "evs": {"hp": 85, "atk": 0, "def": 85, "spa": 85, "spd": 85, "spe": 85}, "ivs": {"hp": 31, "atk": 0, "def": 31, "spa": 31, "spd": 31, "spe": 31}, "item": "Chesto Berry", "teraType": "Water", "role": "Bulky Attacker", "bvs": {"hp": 90, "atk": 75, "def": 75, "spa": 90, "spd": 100, "spe": 70}, "stats": {"hp": 302, "atk": 137, "def": 182, "spa": 209, "spd": 226, "spe": 173}, "types": ["Water"]}, "Hydrapple": {"name": "Hydrapple", "species": "Hydrapple", "speciesId": "hydrapple", "gender": "M", "shiny": false, "level": 83, "moves": ["leafstorm", "ficklebeam", "dragontail", "earthpower"], "ability": "Regenerator", "evs": {"hp": 85, "atk": 85, "def": 85, "spa": 85, "spd": 85, "spe": 85}, "ivs": {"hp": 31, "atk": 31, "def": 31, "spa": 31, "spd": 31, "spe": 31}, "item": "Assault Vest", "teraType": "Steel", "role": "AV Pivot", "bvs": {"hp": 106, "atk": 80, "def": 110, "spa": 120, "spd": 80, "spe": 44}, "stats": {"hp": 312, "atk": 180, "def": 230, "spa": 247, "spd": 180, "spe": 121}, "types": ["Grass", "Dragon"]}, "Zangoose": {"name": "Zangoose", "species": "Zangoose", "speciesId": "zangoose", "gender": "M", "shiny": false, "level": 85, "moves": ["swordsdance", "knockoff", "facade", "quickattack"], "ability": "Toxic Boost", "evs": {"hp": 85, "atk": 85, "def": 85, "spa": 85, "spd": 85, "spe": 85}, "ivs": {"hp": 31, "atk": 31, "def": 31, "spa": 31, "spd": 31, "spe": 31}, "item": "Toxic Orb", "teraType": "Normal", "role": "Fast Attacker", "bvs": {"hp": 73, "atk": 115, "def": 60, "spa": 60, "spd": 60, "spe": 90}, "stats": {"hp": 263, "atk": 244, "def": 151, "spa": 151, "spd": 151, "spe": 202}, "types": ["Normal"]}, "Braviary": {"name": "Braviary", "species": "Braviary-Hisui", "speciesId": "braviaryhisui", "gender": "M", "shiny": false, "level": 85, "moves": ["heatwave", "psychic", "hurricane", "agility"], "ability": "Sheer Force", "evs": {"hp": 85, "atk": 0, "def": 85, "spa": 85, "spd": 85, "spe": 85}, "ivs": {"hp": 31, "atk": 0, "def": 31, "spa": 31, "spd": 31, "spe": 31}, "item": "Life Orb", "teraType": "Fire", "role": "Setup Sweeper", "bvs": {"hp": 110, "atk": 83, "def": 70, "spa": 112, "spd": 70, "spe": 65}, "stats": {"hp": 326, "atk": 146, "def": 168, "spa": 239, "spd": 168, "spe": 159}, "types": ["Psychic", "Flying"]}}]}