{"id": "gen9randombattle-2631952423", "format": "[Gen 9] Random Battle", "players": ["zeropepsi", "scampy789"], "log": "|j|\u2606zeropepsi\n|j|\u2606scampy789\n|t:|1781459287\n|gametype|singles\n|player|p1|zeropepsi|hilbert|1993\n|player|p2|scampy789|170|2035\n|gen|9\n|tier|[Gen 9] Random Battle\n|rated|\n|rule|Species Clause: Limit one of each Pok\u00e9mon\n|rule|HP Percentage Mod: HP is shown in percentages\n|rule|Sleep Clause Mod: Limit one foe put to sleep\n|rule|Illusion Level Mod: Illusion disguises the Pok\u00e9mon's true level\n|\n|t:|1781459287\n|teamsize|p1|6\n|teamsize|p2|6\n|start\n|switch|p1a: Rotom|Rotom, L88|231/231\n|switch|p2a: Revavroom|Revavroom, L79, M|256/256\n|turn|1\n|inactive|Battle timer is ON: inactive players will automatically lose when time's up. (requested by scampy789)\n|\n|t:|1781459301\n|switch|p2a: Komala|Komala, L88, M|258/258\n|-ability|p2a: Komala|Comatose\n|move|p1a: Rotom|Will-O-Wisp|p2a: Komala\n|-immune|p2a: Komala|[from] ability: Comatose\n|\n|upkeep\n|turn|2\n|\n|t:|1781459314\n|switch|p1a: Hippowdon|Hippowdon, L82, M|311/311\n|-weather|Sandstorm|[from] ability: Sand Stream|[of] p1a: Hippowdon\n|move|p2a: Komala|Knock Off|p1a: Hippowdon\n|-damage|p1a: Hippowdon|242/311\n|-enditem|p1a: Hippowdon|Leftovers|[from] move: Knock Off|[of] p2a: Komala\n|\n|-weather|Sandstorm|[upkeep]\n|-damage|p2a: Komala|242/258|[from] Sandstorm\n|upkeep\n|turn|3\n|\n|t:|1781459326\n|switch|p2a: Espeon|Espeon, L84, F|246/246\n|move|p1a: Hippowdon|Stealth Rock|p2a: Espeon\n|move|p2a: Espeon|Stealth Rock|p1a: Hippowdon|[from] ability: Magic Bounce\n|-sidestart|p1: zeropepsi|move: Stealth Rock\n|\n|-weather|Sandstorm|[upkeep]\n|-damage|p2a: Espeon|231/246|[from] Sandstorm\n|upkeep\n|turn|4\n|\n|t:|1781459338\n|move|p2a: Espeon|Psychic|p1a: Hippowdon\n|-damage|p1a: Hippowdon|59/311\n|-damage|p2a: Espeon|207/246|[from] item: Life Orb\n|move|p1a: Hippowdon|Earthquake|p2a: Espeon\n|-damage|p2a: Espeon|56/246\n|\n|-weather|Sandstorm|[upkeep]\n|-damage|p2a: Espeon|41/246|[from] Sandstorm\n|upkeep\n|turn|5\n|\n|t:|1781459350\n|move|p2a: Espeon|Psychic|p1a: Hippowdon\n|-damage|p1a: Hippowdon|0 fnt\n|faint|p1a: Hippowdon\n|-damage|p2a: Espeon|17/246|[from] item: Life Orb\n|\n|-weather|Sandstorm|[upkeep]\n|-damage|p2a: Espeon|2/246|[from] Sandstorm\n|upkeep\n|\n|t:|1781459359\n|switch|p1a: Talonflame|Talonflame, L83, F|265/265\n|turn|6\n|\n|t:|1781459389\n|move|p1a: Talonflame|Brave Bird|p2a: Espeon\n|-damage|p2a: Espeon|0 fnt\n|faint|p2a: Espeon\n|-damage|p1a: Talonflame|264/265|[from] Recoil\n|\n|-weather|none\n|upkeep\n|inactive|scampy789 has 120 seconds left.\n|\n|t:|1781459399\n|switch|p2a: Greninja|Greninja, L80, M|246/246\n|turn|7\n|\n|t:|1781459408\n|switch|p1a: Gothitelle|Gothitelle, L90, F|272/272\n|-damage|p1a: Gothitelle|238/272|[from] Stealth Rock\n|move|p2a: Greninja|Hydro Pump|p1a: Gothitelle\n|-damage|p1a: Gothitelle|113/272\n|-damage|p2a: Greninja|222/246|[from] item: Life Orb\n|\n|-heal|p1a: Gothitelle|130/272|[from] item: Leftovers\n|upkeep\n|turn|8\n|\n|t:|1781459417\n|move|p2a: Greninja|Dark Pulse|p1a: Gothitelle\n|-supereffective|p1a: Gothitelle\n|-damage|p1a: Gothitelle|0 fnt\n|faint|p1a: Gothitelle\n|-ability|p2a: Greninja|Battle Bond|boost\n|-boost|p2a: Greninja|atk|1\n|-boost|p2a: Greninja|spa|1\n|-boost|p2a: Greninja|spe|1\n|-activate|p2a: Greninja|ability: Battle Bond\n|-damage|p2a: Greninja|198/246|[from] item: Life Orb\n|\n|upkeep\n|\n|t:|1781459425\n|switch|p1a: Zebstrika|Zebstrika, L87, M|272/272\n|-damage|p1a: Zebstrika|238/272|[from] Stealth Rock\n|turn|9\n|\n|t:|1781459440\n|move|p2a: Greninja|Dark Pulse|p1a: Zebstrika\n|-damage|p1a: Zebstrika|42/272\n|-damage|p2a: Greninja|174/246|[from] item: Life Orb\n|cant|p1a: Zebstrika|flinch\n|\n|upkeep\n|turn|10\n|-message|zeropepsi forfeited.\n|\n|win|scampy789\n", "inputlog": ">version a8376a258c1d4662feba110a92103f3664a72141\n>start {\"formatid\":\"gen9randombattle\",\"seed\":\"sodium,04565ae22fe18ea70f2ed2a5413def3d\",\"rated\":\"Rated battle\"}\n>player p1 {\"name\":\"zeropepsi\",\"avatar\":\"hilbert\",\"rating\":1993,\"seed\":\"sodium,90dbba05ae61102f7205866136302fc1\"}\n>player p2 {\"name\":\"scampy789\",\"avatar\":\"170\",\"rating\":2035,\"seed\":\"sodium,1a136b669352c631800c81e90677396f\"}\n>p1 move willowisp\n>p2 switch 6\n>p1 switch 6\n>p2 move knockoff\n>p1 move stealthrock\n>p2 switch 5\n>p1 move earthquake\n>p2 move psychic\n>p1 move earthquake\n>p2 move psychic\n>p1 switch 4\n>p1 move bravebird\n>p2 move psychic\n>p2 switch 4\n>p1 switch 3\n>p2 move hydropump\n>p1 move thunderbolt\n>p2 move darkpulse\n>p1 switch 5\n>p1 move highhorsepower\n>p2 move darkpulse\n>forcelose p1", "uploadtime": 1781459289, "views": 4, "formatid": "gen9randombattle", "rating": null, "private": 0, "password": null, "player_dets": [{"name": "zeropepsi", "avatar": "hilbert", "rating": 1993, "seed": "sodium,90dbba05ae61102f7205866136302fc1"}, {"name": "scampy789", "avatar": "170", "rating": 2035, "seed": "sodium,1a136b669352c631800c81e90677396f"}], "teams_full": [{"Rotom": {"name": "Rotom", "species": "Rotom", "speciesId": "rotom", "gender": "N", "shiny": false, "level": 88, "moves": ["thunderbolt", "willowisp", "shadowball", "nastyplot"], "ability": "Levitate", "evs": {"hp": 85, "atk": 0, "def": 85, "spa": 85, "spd": 85, "spe": 85}, "ivs": {"hp": 31, "atk": 0, "def": 31, "spa": 31, "spd": 31, "spe": 31}, "item": "Life Orb", "teraType": "Electric", "role": "Fast Attacker", "bvs": {"hp": 50, "atk": 50, "def": 77, "spa": 95, "spd": 77, "spe": 91}, "stats": {"hp": 231, "atk": 93, "def": 186, "spa": 217, "spd": 186, "spe": 210}, "types": ["Electric", "Ghost"]}, "Kyogre": {"name": "Kyogre", "species": "Kyogre", "speciesId": "kyogre", "gender": "N", "shiny": false, "level": 71, "moves": ["thunder", "originpulse", "waterspout", "icebeam"], "ability": "Drizzle", "evs": {"hp": 85, "atk": 0, "def": 85, "spa": 85, "spd": 85, "spe": 85}, "ivs": {"hp": 31, "atk": 0, "def": 31, "spa": 31, "spd": 31, "spe": 31}, "item": "Choice Scarf", "teraType": "Water", "role": "Fast Attacker", "bvs": {"hp": 100, "atk": 100, "def": 90, "spa": 150, "spd": 140, "spe": 90}, "stats": {"hp": 259, "atk": 147, "def": 169, "spa": 254, "spd": 240, "spe": 169}, "types": ["Water"]}, "Gothitelle": {"name": "Gothitelle", "species": "Gothitelle", "speciesId": "gothitelle", "gender": "F", "shiny": false, "level": 90, "moves": ["thunderbolt", "psychicnoise", "darkpulse", "calmmind"], "ability": "Shadow Tag", "evs": {"hp": 85, "atk": 0, "def": 85, "spa": 85, "spd": 85, "spe": 85}, "ivs": {"hp": 31, "atk": 0, "def": 31, "spa": 31, "spd": 31, "spe": 31}, "item": "Leftovers", "teraType": "Steel", "role": "Bulky Setup", "bvs": {"hp": 70, "atk": 55, "def": 95, "spa": 95, "spd": 110, "spe": 65}, "stats": {"hp": 272, "atk": 104, "def": 222, "spa": 222, "spd": 249, "spe": 168}, "types": ["Psychic"]}, "Talonflame": {"name": "Talonflame", "species": "Talonflame", "speciesId": "talonflame", "gender": "F", "shiny": false, "level": 83, "moves": ["bravebird", "taunt", "overheat", "roost"], "ability": "Flame Body", "evs": {"hp": 85, "atk": 85, "def": 85, "spa": 85, "spd": 85, "spe": 85}, "ivs": {"hp": 31, "atk": 31, "def": 31, "spa": 31, "spd": 31, "spe": 31}, "item": "Heavy-Duty Boots", "teraType": "Dragon", "role": "Bulky Attacker", "bvs": {"hp": 78, "atk": 81, "def": 71, "spa": 74, "spd": 69, "spe": 126}, "stats": {"hp": 265, "atk": 182, "def": 166, "spa": 171, "spd": 162, "spe": 257}, "types": ["Fire", "Flying"]}, "Zebstrika": {"name": "Zebstrika", "species": "Zebstrika", "speciesId": "zebstrika", "gender": "M", "shiny": false, "level": 87, "moves": ["highhorsepower", "overheat", "voltswitch", "supercellslam"], "ability": "Sap Sipper", "evs": {"hp": 85, "atk": 85, "def": 85, "spa": 85, "spd": 85, "spe": 85}, "ivs": {"hp": 31, "atk": 31, "def": 31, "spa": 31, "spd": 31, "spe": 31}, "item": "Life Orb", "teraType": "Ground", "role": "Fast Attacker", "bvs": {"hp": 75, "atk": 100, "def": 63, "spa": 80, "spd": 63, "spe": 116}, "stats": {"hp": 272, "atk": 224, "def": 159, "spa": 189, "spd": 159, "spe": 252}, "types": ["Electric"]}, "Hippowdon": {"name": "Hippowdon", "species": "Hippowdon", "speciesId": "hippowdon", "gender": "M", "shiny": false, "level": 82, "moves": ["earthquake", "stealthrock", "slackoff", "stoneedge"], "ability": "Sand Stream", "evs": {"hp": 85, "atk": 85, "def": 85, "spa": 85, "spd": 85, "spe": 85}, "ivs": {"hp": 31, "atk": 31, "def": 31, "spa": 31, "spd": 31, "spe": 31}, "item": "Leftovers", "teraType": "Rock", "role": "Bulky Support", "bvs": {"hp": 108, "atk": 112, "def": 118, "spa": 68, "spd": 72, "spe": 47}, "stats": {"hp": 311, "atk": 231, "def": 241, "spa": 159, "spd": 165, "spe": 124}, "types": ["Ground"]}}, {"Revavroom": {"name": "Revavroom", "species": "Revavroom", "speciesId": "revavroom", "gender": "M", "shiny": false, "level": 79, "moves": ["gunkshot", "ironhead", "shiftgear", "highhorsepower"], "ability": "Filter", "evs": {"hp": 85, "atk": 85, "def": 85, "spa": 85, "spd": 85, "spe": 85}, "ivs": {"hp": 31, "atk": 31, "def": 31, "spa": 31, "spd": 31, "spe": 31}, "item": "Life Orb", "teraType": "Ground", "role": "Fast Attacker", "bvs": {"hp": 80, "atk": 119, "def": 90, "spa": 54, "spd": 67, "spe": 90}, "stats": {"hp": 256, "atk": 234, "def": 188, "spa": 131, "spd": 151, "spe": 188}, "types": ["Steel", "Poison"]}, "Arceus": {"name": "Arceus", "species": "Arceus-Grass", "speciesId": "arceusgrass", "gender": "N", "shiny": false, "level": 73, "moves": ["calmmind", "fireblast", "judgment", "recover"], "ability": "Multitype", "evs": {"hp": 85, "atk": 0, "def": 85, "spa": 85, "spd": 85, "spe": 85}, "ivs": {"hp": 31, "atk": 0, "def": 31, "spa": 31, "spd": 31, "spe": 31}, "item": "Meadow Plate", "teraType": "Fire", "role": "Bulky Setup", "bvs": {"hp": 120, "atk": 120, "def": 120, "spa": 120, "spd": 120, "spe": 120}, "stats": {"hp": 296, "atk": 180, "def": 218, "spa": 218, "spd": 218, "spe": 218}, "types": ["Grass"]}, "Galvantula": {"name": "Galvantula", "species": "Galvantula", "speciesId": "galvantula", "gender": "M", "shiny": false, "level": 82, "moves": ["energyball", "bugbuzz", "thunder", "stickyweb"], "ability": "Compound Eyes", "evs": {"hp": 85, "atk": 0, "def": 85, "spa": 85, "spd": 85, "spe": 85}, "ivs": {"hp": 31, "atk": 0, "def": 31, "spa": 31, "spd": 31, "spe": 31}, "item": "Heavy-Duty Boots", "teraType": "Electric", "role": "Fast Support", "bvs": {"hp": 70, "atk": 77, "def": 60, "spa": 97, "spd": 60, "spe": 108}, "stats": {"hp": 249, "atk": 131, "def": 146, "spa": 206, "spd": 146, "spe": 224}, "types": ["Bug", "Electric"]}, "Greninja": {"name": "Greninja", "species": "Greninja-Bond", "speciesId": "greninjabond", "gender": "M", "shiny": false, "level": 80, "moves": ["icebeam", "gunkshot", "darkpulse", "hydropump"], "ability": "Battle Bond", "evs": {"hp": 85, "atk": 85, "def": 85, "spa": 85, "spd": 85, "spe": 85}, "ivs": {"hp": 31, "atk": 31, "def": 31, "spa": 31, "spd": 31, "spe": 31}, "item": "Life Orb", "teraType": "Poison", "role": "Fast Attacker", "bvs": {"hp": 72, "atk": 95, "def": 67, "spa": 103, "spd": 71, "spe": 122}, "stats": {"hp": 246, "atk": 198, "def": 153, "spa": 211, "spd": 160, "spe": 241}, "types": ["Water", "Dark"]}, "Espeon": {"name": "Espeon", "species": "Espeon", "speciesId": "espeon", "gender": "F", "shiny": false, "level": 84, "moves": ["psychic", "calmmind", "shadowball", "alluringvoice"], "ability": "Magic Bounce", "evs": {"hp": 85, "atk": 0, "def": 85, "spa": 85, "spd": 85, "spe": 85}, "ivs": {"hp": 31, "atk": 0, "def": 31, "spa": 31, "spd": 31, "spe": 31}, "item": "Life Orb", "teraType": "Psychic", "role": "Fast Attacker", "bvs": {"hp": 65, "atk": 65, "def": 60, "spa": 130, "spd": 95, "spe": 110}, "stats": {"hp": 246, "atk": 114, "def": 149, "spa": 267, "spd": 208, "spe": 233}, "types": ["Psychic"]}, "Komala": {"name": "Komala", "species": "Komala", "speciesId": "komala", "gender": "M", "shiny": false, "level": 88, "moves": ["knockoff", "bodyslam", "earthquake", "rapidspin"], "ability": "Comatose", "evs": {"hp": 85, "atk": 85, "def": 85, "spa": 85, "spd": 85, "spe": 85}, "ivs": {"hp": 31, "atk": 31, "def": 31, "spa": 31, "spd": 31, "spe": 31}, "item": "Assault Vest", "teraType": "Ghost", "role": "Bulky Support", "bvs": {"hp": 65, "atk": 115, "def": 65, "spa": 75, "spd": 95, "spe": 65}, "stats": {"hp": 258, "atk": 253, "def": 165, "spa": 182, "spd": 217, "spe": 165}, "types": ["Normal"]}}]}