{"id": "gen9randombattle-2631723266", "format": "[Gen 9] Random Battle", "players": ["Oginotakashi", "medo6037"], "log": "|j|\u2606Oginotakashi\n|j|\u2606medo6037\n|t:|1781428772\n|gametype|singles\n|player|p1|Oginotakashi|1|2254\n|player|p2|medo6037|n|2228\n|gen|9\n|tier|[Gen 9] Random Battle\n|rated|\n|rule|Species Clause: Limit one of each Pok\u00e9mon\n|rule|HP Percentage Mod: HP is shown in percentages\n|rule|Sleep Clause Mod: Limit one foe put to sleep\n|rule|Illusion Level Mod: Illusion disguises the Pok\u00e9mon's true level\n|\n|t:|1781428772\n|teamsize|p1|6\n|teamsize|p2|6\n|start\n|switch|p1a: Emboar|Emboar, L84, F|322/322\n|switch|p2a: Brambleghast|Brambleghast, L88, M|240/240\n|turn|1\n|j| Deathler\n|l| Deathler\n|inactive|Battle timer is ON: inactive players will automatically lose when time's up. (requested by Oginotakashi)\n|inactive|medo6037 has 120 seconds left.\n|\n|t:|1781428832\n|move|p2a: Brambleghast|Poltergeist|p1a: Emboar\n|-activate|p1a: Emboar|move: Poltergeist|Leftovers\n|-damage|p1a: Emboar|127/322\n|move|p1a: Emboar|Flare Blitz|p2a: Brambleghast\n|-supereffective|p2a: Brambleghast\n|-damage|p2a: Brambleghast|0 fnt\n|faint|p2a: Brambleghast\n|-damage|p1a: Emboar|48/322|[from] Recoil\n|\n|-heal|p1a: Emboar|68/322|[from] item: Leftovers\n|upkeep\n|\n|t:|1781428839\n|switch|p2a: Kleavor|Kleavor, L78, M|237/237\n|turn|2\n|\n|t:|1781428847\n|switch|p1a: Iron Hands|Iron Hands, L79|373/373\n|move|p2a: Kleavor|Stone Axe|p1a: Iron Hands\n|-resisted|p1a: Iron Hands\n|-damage|p1a: Iron Hands|323/373\n|-sidestart|p1: Oginotakashi|move: Stealth Rock\n|\n|upkeep\n|turn|3\n|\n|t:|1781428854\n|move|p2a: Kleavor|U-turn|p1a: Iron Hands\n|-resisted|p1a: Iron Hands\n|-damage|p1a: Iron Hands|283/373\n|\n|t:|1781428856\n|switch|p2a: Toedscruel|Toedscruel, L87, M|281/281|[from] U-turn\n|move|p1a: Iron Hands|Heavy Slam|p2a: Toedscruel\n|-damage|p2a: Toedscruel|158/281\n|\n|-heal|p2a: Toedscruel|175/281|[from] item: Leftovers\n|upkeep\n|turn|4\n|\n|t:|1781428867\n|move|p2a: Toedscruel|Knock Off|p1a: Iron Hands\n|-resisted|p1a: Iron Hands\n|-damage|p1a: Iron Hands|257/373\n|-enditem|p1a: Iron Hands|Assault Vest|[from] move: Knock Off|[of] p2a: Toedscruel\n|move|p1a: Iron Hands|Drain Punch|p2a: Toedscruel\n|-damage|p2a: Toedscruel|57/281\n|-heal|p1a: Iron Hands|316/373|[from] drain|[of] p2a: Toedscruel\n|\n|-heal|p2a: Toedscruel|74/281|[from] item: Leftovers\n|upkeep\n|turn|5\n|\n|t:|1781428881\n|switch|p2a: Toxicroak|Toxicroak, L84, F|277/277\n|-end|p1a: Iron Hands|Quark Drive|[silent]\n|switch|p1a: Chien-Pao|Chien-Pao, L72|234/234\n|-damage|p1a: Chien-Pao|176/234|[from] Stealth Rock\n|-ability|p1a: Chien-Pao|Sword of Ruin\n|\n|upkeep\n|turn|6\n|inactive|medo6037 has 120 seconds left.\n|j| xmagic_7\n|\n|t:|1781428912\n|move|p1a: Chien-Pao|Icicle Crash|p2a: Toxicroak\n|-damage|p2a: Toxicroak|91/277\n|move|p2a: Toxicroak|Gunk Shot|p1a: Chien-Pao\n|-damage|p1a: Chien-Pao|0 fnt\n|faint|p1a: Chien-Pao\n|\n|upkeep\n|\n|t:|1781428937\n|switch|p1a: Delibird|Delibird, M|252/252\n|turn|7\n|\n|t:|1781428946\n|switch|p2a: Greedent|Greedent, L86, F|347/347\n|move|p1a: Delibird|Brave Bird|p2a: Greedent\n|-damage|p2a: Greedent|235/347\n|-damage|p1a: Delibird|215/252|[from] Recoil\n|\n|upkeep\n|turn|8\n|\n|t:|1781428957\n|move|p1a: Delibird|Rapid Spin|p2a: Greedent\n|-damage|p2a: Greedent|207/347\n|-boost|p1a: Delibird|spe|1\n|-sideend|p1: Oginotakashi|Stealth Rock|[from] move: Rapid Spin|[of] p1a: Delibird\n|move|p2a: Greedent|Swords Dance|p2a: Greedent\n|-boost|p2a: Greedent|atk|2\n|\n|upkeep\n|turn|9\n|\n|t:|1781428963\n|move|p1a: Delibird|Spikes|p2a: Greedent\n|-sidestart|p2: medo6037|Spikes\n|move|p2a: Greedent|Body Slam|p1a: Delibird\n|-crit|p1a: Delibird\n|-damage|p1a: Delibird|0 fnt\n|faint|p1a: Delibird\n|\n|upkeep\n|\n|t:|1781428968\n|switch|p1a: Emboar|Emboar, L84, F|68/322\n|turn|10\n|\n|t:|1781428976\n|move|p1a: Emboar|Drain Punch|p2a: Greedent\n|-supereffective|p2a: Greedent\n|-damage|p2a: Greedent|25/347\n|-heal|p1a: Emboar|159/322|[from] drain|[of] p2a: Greedent\n|-enditem|p2a: Greedent|Sitrus Berry|[eat]\n|-heal|p2a: Greedent|111/347|[from] item: Sitrus Berry\n|-heal|p2a: Greedent|226/347|[from] ability: Cheek Pouch\n|move|p2a: Greedent|Body Slam|p1a: Emboar\n|-crit|p1a: Emboar\n|-damage|p1a: Emboar|0 fnt\n|faint|p1a: Emboar\n|\n|upkeep\n|\n|t:|1781428981\n|switch|p1a: Iron Hands|Iron Hands, L79|316/373\n|turn|11\n|inactive|medo6037 has 120 seconds left.\n|\n|t:|1781429016\n|move|p1a: Iron Hands|Drain Punch|p2a: Greedent\n|-supereffective|p2a: Greedent\n|-damage|p2a: Greedent|52/347\n|-heal|p1a: Iron Hands|373/373|[from] drain|[of] p2a: Greedent\n|move|p2a: Greedent|Earthquake|p1a: Iron Hands\n|-supereffective|p1a: Iron Hands\n|-damage|p1a: Iron Hands|115/373\n|\n|upkeep\n|turn|12\n|inactive|medo6037 has 120 seconds left.\n|\n|t:|1781429024\n|move|p1a: Iron Hands|Drain Punch|p2a: Greedent\n|-supereffective|p2a: Greedent\n|-damage|p2a: Greedent|0 fnt\n|-heal|p1a: Iron Hands|141/373|[from] drain|[of] p2a: Greedent\n|faint|p2a: Greedent\n|\n|upkeep\n|inactive|medo6037 has 120 seconds left.\n|\n|t:|1781429036\n|switch|p2a: Toedscruel|Toedscruel, L87, M|74/281\n|-damage|p2a: Toedscruel|39/281|[from] Spikes\n|turn|13\n|\n|t:|1781429039\n|-end|p1a: Iron Hands|Quark Drive|[silent]\n|switch|p1a: Persian|Persian-Alola, L86, M|252/252\n|move|p2a: Toedscruel|Earth Power|p1a: Persian\n|-damage|p1a: Persian|152/252\n|\n|-heal|p2a: Toedscruel|56/281|[from] item: Leftovers\n|upkeep\n|turn|14\n|\n|t:|1781429047\n|move|p1a: Persian|Knock Off|p2a: Toedscruel\n|-damage|p2a: Toedscruel|0 fnt\n|-enditem|p2a: Toedscruel|Leftovers|[from] move: Knock Off|[of] p1a: Persian\n|faint|p2a: Toedscruel\n|\n|upkeep\n|\n|t:|1781429060\n|switch|p2a: Kleavor|Kleavor, L78, M|237/237\n|turn|15\n|\n|t:|1781429069\n|move|p1a: Persian|Thunder Wave|p2a: Kleavor\n|-status|p2a: Kleavor|par\n|move|p2a: Kleavor|U-turn|p1a: Persian\n|-supereffective|p1a: Persian\n|-damage|p1a: Persian|50/252\n|\n|t:|1781429075\n|switch|p2a: Toxicroak|Toxicroak, L84, F|91/277|[from] U-turn\n|-damage|p2a: Toxicroak|57/277|[from] Spikes\n|\n|upkeep\n|turn|16\n|\n|t:|1781429095\n|switch|p2a: Kleavor|Kleavor, L78, M|237/237 par\n|move|p1a: Persian|Thunder Wave|p2a: Kleavor\n|-fail|p2a: Kleavor|par\n|\n|upkeep\n|turn|17\n|\n|t:|1781429104\n|move|p1a: Persian|Knock Off|p2a: Kleavor\n|-damage|p2a: Kleavor|158/237 par\n|-enditem|p2a: Kleavor|Heavy-Duty Boots|[from] move: Knock Off|[of] p1a: Persian\n|move|p2a: Kleavor|Defog|p1a: Persian\n|-unboost|p1a: Persian|evasion|1\n|-sideend|p2: medo6037|Spikes|[from] move: Defog|[of] p2a: Kleavor\n|\n|upkeep\n|turn|18\n|\n|t:|1781429116\n|move|p1a: Persian|Knock Off|p2a: Kleavor\n|-damage|p2a: Kleavor|104/237 par\n|cant|p2a: Kleavor|par\n|\n|upkeep\n|turn|19\n|\n|t:|1781429130\n|move|p1a: Persian|Knock Off|p2a: Kleavor\n|-damage|p2a: Kleavor|47/237 par\n|move|p2a: Kleavor|U-turn|p1a: Persian\n|-supereffective|p1a: Persian\n|-damage|p1a: Persian|0 fnt\n|faint|p1a: Persian\n|\n|t:|1781429136\n|switch|p2a: Toxicroak|Toxicroak, L84, F|57/277|[from] U-turn\n|\n|upkeep\n|\n|t:|1781429138\n|switch|p1a: Raikou|Raikou, L81|278/278\n|-ability|p1a: Raikou|Pressure\n|turn|20\n|\n|t:|1781429144\n|switch|p2a: Kleavor|Kleavor, L78, M|47/237 par\n|move|p1a: Raikou|Substitute|p1a: Raikou\n|-start|p1a: Raikou|Substitute\n|-damage|p1a: Raikou|209/278\n|\n|-heal|p1a: Raikou|226/278|[from] item: Leftovers\n|upkeep\n|turn|21\n|\n|t:|1781429147\n|move|p1a: Raikou|Thunderbolt|p2a: Kleavor\n|-damage|p2a: Kleavor|0 fnt\n|faint|p2a: Kleavor\n|\n|-heal|p1a: Raikou|243/278|[from] item: Leftovers\n|upkeep\n|\n|t:|1781429150\n|switch|p2a: Lunala|Lunala, L70|308/308\n|turn|22\n|\n|t:|1781429153\n|move|p1a: Raikou|Calm Mind|p1a: Raikou\n|-boost|p1a: Raikou|spa|1\n|-boost|p1a: Raikou|spd|1\n|move|p2a: Lunala|Calm Mind|p2a: Lunala\n|-boost|p2a: Lunala|spa|1\n|-boost|p2a: Lunala|spd|1\n|\n|-heal|p1a: Raikou|260/278|[from] item: Leftovers\n|upkeep\n|turn|23\n|\n|t:|1781429155\n|move|p1a: Raikou|Calm Mind|p1a: Raikou\n|-boost|p1a: Raikou|spa|1\n|-boost|p1a: Raikou|spd|1\n|move|p2a: Lunala|Calm Mind|p2a: Lunala\n|-boost|p2a: Lunala|spa|1\n|-boost|p2a: Lunala|spd|1\n|\n|-heal|p1a: Raikou|277/278|[from] item: Leftovers\n|upkeep\n|turn|24\n|\n|t:|1781429158\n|move|p1a: Raikou|Calm Mind|p1a: Raikou\n|-boost|p1a: Raikou|spa|1\n|-boost|p1a: Raikou|spd|1\n|move|p2a: Lunala|Calm Mind|p2a: Lunala\n|-boost|p2a: Lunala|spa|1\n|-boost|p2a: Lunala|spd|1\n|\n|-heal|p1a: Raikou|278/278|[from] item: Leftovers\n|upkeep\n|turn|25\n|\n|t:|1781429162\n|move|p1a: Raikou|Calm Mind|p1a: Raikou\n|-boost|p1a: Raikou|spa|1\n|-boost|p1a: Raikou|spd|1\n|move|p2a: Lunala|Calm Mind|p2a: Lunala\n|-boost|p2a: Lunala|spa|1\n|-boost|p2a: Lunala|spd|1\n|\n|upkeep\n|turn|26\n|\n|t:|1781429164\n|move|p1a: Raikou|Calm Mind|p1a: Raikou\n|-boost|p1a: Raikou|spa|1\n|-boost|p1a: Raikou|spd|1\n|move|p2a: Lunala|Calm Mind|p2a: Lunala\n|-boost|p2a: Lunala|spa|1\n|-boost|p2a: Lunala|spd|1\n|\n|upkeep\n|turn|27\n|\n|t:|1781429165\n|move|p1a: Raikou|Calm Mind|p1a: Raikou\n|-boost|p1a: Raikou|spa|1\n|-boost|p1a: Raikou|spd|1\n|move|p2a: Lunala|Calm Mind|p2a: Lunala\n|-boost|p2a: Lunala|spa|1\n|-boost|p2a: Lunala|spd|1\n|\n|upkeep\n|turn|28\n|\n|t:|1781429174\n|-terastallize|p1a: Raikou|Water\n|move|p1a: Raikou|Scald|p2a: Lunala\n|-damage|p2a: Lunala|264/308\n|move|p2a: Lunala|Moongeist Beam|p1a: Raikou\n|-end|p1a: Raikou|Substitute\n|\n|-heal|p2a: Lunala|283/308|[from] item: Leftovers\n|upkeep\n|turn|29\n|\n|t:|1781429186\n|-terastallize|p2a: Lunala|Fairy\n|move|p1a: Raikou|Scald|p2a: Lunala\n|-damage|p2a: Lunala|187/308\n|move|p2a: Lunala|Moonblast|p1a: Raikou\n|-damage|p1a: Raikou|193/278\n|\n|-heal|p1a: Raikou|210/278|[from] item: Leftovers\n|-heal|p2a: Lunala|206/308|[from] item: Leftovers\n|upkeep\n|turn|30\n|\n|t:|1781429197\n|move|p1a: Raikou|Scald|p2a: Lunala\n|-damage|p2a: Lunala|113/308\n|move|p2a: Lunala|Moonblast|p1a: Raikou\n|-damage|p1a: Raikou|123/278\n|\n|-heal|p1a: Raikou|140/278|[from] item: Leftovers\n|-heal|p2a: Lunala|132/308|[from] item: Leftovers\n|upkeep\n|turn|31\n|\n|t:|1781429211\n|move|p1a: Raikou|Scald|p2a: Lunala\n|-damage|p2a: Lunala|32/308\n|move|p2a: Lunala|Moonlight|p2a: Lunala\n|-heal|p2a: Lunala|186/308\n|\n|-heal|p1a: Raikou|157/278|[from] item: Leftovers\n|-heal|p2a: Lunala|205/308|[from] item: Leftovers\n|upkeep\n|turn|32\n|\n|t:|1781429216\n|move|p1a: Raikou|Scald|p2a: Lunala\n|-damage|p2a: Lunala|114/308\n|-status|p2a: Lunala|brn\n|move|p2a: Lunala|Moonlight|p2a: Lunala\n|-heal|p2a: Lunala|268/308 brn\n|\n|-heal|p1a: Raikou|174/278|[from] item: Leftovers\n|-heal|p2a: Lunala|287/308 brn|[from] item: Leftovers\n|-damage|p2a: Lunala|268/308 brn|[from] brn\n|upkeep\n|turn|33\n|\n|t:|1781429219\n|move|p1a: Raikou|Thunderbolt|p2a: Lunala\n|-damage|p2a: Lunala|172/308 brn\n|move|p2a: Lunala|Moonblast|p1a: Raikou\n|-damage|p1a: Raikou|81/278\n|-unboost|p1a: Raikou|spa|1\n|\n|-heal|p1a: Raikou|98/278|[from] item: Leftovers\n|-heal|p2a: Lunala|191/308 brn|[from] item: Leftovers\n|-damage|p2a: Lunala|172/308 brn|[from] brn\n|upkeep\n|turn|34\n|\n|t:|1781429222\n|move|p1a: Raikou|Thunderbolt|p2a: Lunala\n|-damage|p2a: Lunala|85/308 brn\n|move|p2a: Lunala|Moonlight|p2a: Lunala\n|-heal|p2a: Lunala|239/308 brn\n|\n|-heal|p1a: Raikou|115/278|[from] item: Leftovers\n|-heal|p2a: Lunala|258/308 brn|[from] item: Leftovers\n|-damage|p2a: Lunala|239/308 brn|[from] brn\n|upkeep\n|turn|35\n|\n|t:|1781429226\n|move|p1a: Raikou|Thunderbolt|p2a: Lunala\n|-damage|p2a: Lunala|154/308 brn\n|move|p2a: Lunala|Moonblast|p1a: Raikou\n|-damage|p1a: Raikou|31/278\n|\n|-heal|p1a: Raikou|48/278|[from] item: Leftovers\n|-heal|p2a: Lunala|173/308 brn|[from] item: Leftovers\n|-damage|p2a: Lunala|154/308 brn|[from] brn\n|upkeep\n|turn|36\n|\n|t:|1781429233\n|move|p1a: Raikou|Thunderbolt|p2a: Lunala\n|-damage|p2a: Lunala|54/308 brn\n|move|p2a: Lunala|Moonblast|p1a: Raikou\n|-damage|p1a: Raikou|0 fnt\n|faint|p1a: Raikou\n|\n|-heal|p2a: Lunala|73/308 brn|[from] item: Leftovers\n|-damage|p2a: Lunala|54/308 brn|[from] brn\n|upkeep\n|\n|t:|1781429236\n|switch|p1a: Iron Hands|Iron Hands, L79|141/373\n|turn|37\n|-message|Oginotakashi forfeited.\n|\n|win|medo6037\n", "inputlog": ">version a8376a258c1d4662feba110a92103f3664a72141\n>start {\"formatid\":\"gen9randombattle\",\"seed\":\"sodium,f7ec8cb0cace7c31b86579e056731f35\",\"rated\":\"Rated battle\"}\n>player p1 {\"name\":\"Oginotakashi\",\"avatar\":\"1\",\"rating\":2254,\"seed\":\"sodium,0b1c6111d18df745dc51b3abb6472645\"}\n>player p2 {\"name\":\"medo6037\",\"avatar\":\"n\",\"rating\":2228,\"seed\":\"sodium,861fca3d033aa795c3a4b49d115f1ed6\"}\n>p1 move flareblitz\n>p2 move poltergeist\n>p2 switch 2\n>p1 switch 2\n>p2 move stoneaxe\n>p1 move heavyslam\n>p2 move uturn\n>p2 switch 6\n>p1 move drainpunch\n>p2 move knockoff\n>p1 switch 4\n>p2 switch 3\n>p1 move iciclecrash\n>p2 move gunkshot\n>p1 switch 5\n>p1 move bravebird\n>p2 switch 4\n>p1 move rapidspin\n>p2 move swordsdance\n>p1 move spikes\n>p2 move bodyslam\n>p1 switch 2\n>p1 move drainpunch\n>p2 move bodyslam\n>p1 switch 4\n>p1 move drainpunch\n>p2 move earthquake\n>p1 move drainpunch\n>p2 move bodyslam\n>p2 switch 3\n>p1 switch 6\n>p2 move earthpower\n>p1 move knockoff\n>p2 move leafstorm\n>p2 switch 6\n>p1 move thunderwave\n>p2 move uturn\n>p2 switch 4\n>p1 move thunderwave\n>p2 switch 4\n>p1 move knockoff\n>p2 move defog\n>p1 move knockoff\n>p2 move uturn\n>p1 move knockoff\n>p2 move uturn\n>p2 switch 4\n>p1 switch 3\n>p1 move substitute\n>p2 switch 4\n>p1 move thunderbolt\n>p2 move uturn\n>p2 switch 5\n>p1 move calmmind\n>p2 move calmmind\n>p1 move calmmind\n>p2 move calmmind\n>p1 move calmmind\n>p2 move calmmind\n>p1 move calmmind\n>p2 move calmmind\n>p1 move calmmind\n>p2 move calmmind\n>p1 move calmmind\n>p2 move calmmind\n>p1 move scald terastallize\n>p2 move moongeistbeam\n>p1 move scald\n>p2 move moonblast terastallize\n>p1 move scald\n>p2 move moonblast\n>p1 move scald\n>p2 move moonlight\n>p1 move scald\n>p2 move moonlight\n>p1 move thunderbolt\n>p2 move moonblast\n>p1 move thunderbolt\n>p2 move moonlight\n>p1 move thunderbolt\n>p2 move moonblast\n>p1 move thunderbolt\n>p2 move moonblast\n>p1 switch 6\n>forcelose p1", "uploadtime": 1781428773, "views": 4, "formatid": "gen9randombattle", "rating": null, "private": 0, "password": null, "player_dets": [{"name": "Oginotakashi", "avatar": "1", "rating": 2254, "seed": "sodium,0b1c6111d18df745dc51b3abb6472645"}, {"name": "medo6037", "avatar": "n", "rating": 2228, "seed": "sodium,861fca3d033aa795c3a4b49d115f1ed6"}], "teams_full": [{"Emboar": {"name": "Emboar", "species": "Emboar", "speciesId": "emboar", "gender": "F", "shiny": false, "level": 84, "moves": ["drainpunch", "flareblitz", "bulkup", "trailblaze"], "ability": "Reckless", "evs": {"hp": 85, "atk": 85, "def": 85, "spa": 85, "spd": 85, "spe": 85}, "ivs": {"hp": 31, "atk": 31, "def": 31, "spa": 31, "spd": 31, "spe": 31}, "item": "Leftovers", "teraType": "Fighting", "role": "Bulky Setup", "bvs": {"hp": 110, "atk": 123, "def": 65, "spa": 100, "spd": 65, "spe": 65}, "stats": {"hp": 322, "atk": 255, "def": 157, "spa": 216, "spd": 157, "spe": 157}, "types": ["Fire", "Fighting"]}, "Iron Hands": {"name": "Iron Hands", "species": "Iron Hands", "speciesId": "ironhands", "gender": "N", "shiny": false, "level": 79, "moves": ["voltswitch", "thunderpunch", "heavyslam", "drainpunch"], "ability": "Quark Drive", "evs": {"hp": 85, "atk": 85, "def": 85, "spa": 85, "spd": 85, "spe": 85}, "ivs": {"hp": 31, "atk": 31, "def": 31, "spa": 31, "spd": 31, "spe": 31}, "item": "Assault Vest", "teraType": "Fighting", "role": "AV Pivot", "bvs": {"hp": 154, "atk": 140, "def": 108, "spa": 50, "spd": 68, "spe": 50}, "stats": {"hp": 373, "atk": 267, "def": 216, "spa": 125, "spd": 153, "spe": 125}, "types": ["Fighting", "Electric"]}, "Raikou": {"name": "Raikou", "species": "Raikou", "speciesId": "raikou", "gender": "N", "shiny": false, "level": 81, "moves": ["calmmind", "scald", "thunderbolt", "substitute"], "ability": "Pressure", "evs": {"hp": 85, "atk": 0, "def": 85, "spa": 85, "spd": 85, "spe": 85}, "ivs": {"hp": 31, "atk": 0, "def": 31, "spa": 31, "spd": 31, "spe": 31}, "item": "Leftovers", "teraType": "Water", "role": "Bulky Setup", "bvs": {"hp": 90, "atk": 85, "def": 75, "spa": 115, "spd": 100, "spe": 115}, "stats": {"hp": 278, "atk": 142, "def": 168, "spa": 233, "spd": 209, "spe": 233}, "types": ["Electric"]}, "Chien-Pao": {"name": "Chien-Pao", "species": "Chien-Pao", "speciesId": "chienpao", "gender": "N", "shiny": false, "level": 72, "moves": ["crunch", "iceshard", "iciclecrash", "sacredsword"], "ability": "Sword of Ruin", "evs": {"hp": 85, "atk": 85, "def": 85, "spa": 85, "spd": 85, "spe": 85}, "ivs": {"hp": 31, "atk": 31, "def": 31, "spa": 31, "spd": 31, "spe": 31}, "item": "Choice Band", "teraType": "Dark", "role": "Wallbreaker", "bvs": {"hp": 80, "atk": 120, "def": 80, "spa": 90, "spd": 65, "spe": 135}, "stats": {"hp": 234, "atk": 215, "def": 157, "spa": 172, "spd": 136, "spe": 236}, "types": ["Dark", "Ice"]}, "Delibird": {"name": "Delibird", "species": "Delibird", "speciesId": "delibird", "gender": "M", "shiny": false, "level": 100, "moves": ["spikes", "bravebird", "freezedry", "rapidspin"], "ability": "Vital Spirit", "evs": {"hp": 85, "atk": 85, "def": 85, "spa": 85, "spd": 85, "spe": 85}, "ivs": {"hp": 31, "atk": 31, "def": 31, "spa": 31, "spd": 31, "spe": 31}, "item": "Heavy-Duty Boots", "teraType": "Ghost", "role": "Fast Support", "bvs": {"hp": 45, "atk": 55, "def": 45, "spa": 65, "spd": 45, "spe": 75}, "stats": {"hp": 252, "atk": 167, "def": 147, "spa": 187, "spd": 147, "spe": 207}, "types": ["Ice", "Flying"]}, "Persian": {"name": "Persian", "species": "Persian-Alola", "speciesId": "persianalola", "gender": "M", "shiny": false, "level": 86, "moves": ["thunderwave", "knockoff", "partingshot", "taunt"], "ability": "Fur Coat", "evs": {"hp": 85, "atk": 85, "def": 85, "spa": 85, "spd": 85, "spe": 85}, "ivs": {"hp": 31, "atk": 31, "def": 31, "spa": 31, "spd": 31, "spe": 31}, "item": "Heavy-Duty Boots", "teraType": "Ghost", "role": "Fast Support", "bvs": {"hp": 65, "atk": 60, "def": 60, "spa": 75, "spd": 65, "spe": 115}, "stats": {"hp": 252, "atk": 152, "def": 152, "spa": 178, "spd": 161, "spe": 247}, "types": ["Dark"]}}, {"Brambleghast": {"name": "Brambleghast", "species": "Brambleghast", "speciesId": "brambleghast", "gender": "M", "shiny": false, "level": 88, "moves": ["powerwhip", "poltergeist", "strengthsap", "spikes"], "ability": "Wind Rider", "evs": {"hp": 85, "atk": 85, "def": 85, "spa": 85, "spd": 85, "spe": 85}, "ivs": {"hp": 31, "atk": 31, "def": 31, "spa": 31, "spd": 31, "spe": 31}, "item": "Leftovers", "teraType": "Steel", "role": "Fast Support", "bvs": {"hp": 55, "atk": 115, "def": 70, "spa": 80, "spd": 70, "spe": 90}, "stats": {"hp": 240, "atk": 253, "def": 173, "spa": 191, "spd": 173, "spe": 209}, "types": ["Grass", "Ghost"]}, "Kleavor": {"name": "Kleavor", "species": "Kleavor", "speciesId": "kleavor", "gender": "M", "shiny": false, "level": 78, "moves": ["defog", "uturn", "xscissor", "stoneaxe"], "ability": "Sharpness", "evs": {"hp": 85, "atk": 85, "def": 85, "spa": 85, "spd": 85, "spe": 85}, "ivs": {"hp": 31, "atk": 31, "def": 31, "spa": 31, "spd": 31, "spe": 31}, "item": "Heavy-Duty Boots", "teraType": "Bug", "role": "Bulky Attacker", "bvs": {"hp": 70, "atk": 135, "def": 95, "spa": 45, "spd": 70, "spe": 85}, "stats": {"hp": 237, "atk": 256, "def": 193, "spa": 115, "spd": 154, "spe": 178}, "types": ["Bug", "Rock"]}, "Toxicroak": {"name": "Toxicroak", "species": "Toxicroak", "speciesId": "toxicroak", "gender": "F", "shiny": false, "level": 84, "moves": ["suckerpunch", "closecombat", "knockoff", "gunkshot"], "ability": "Dry Skin", "evs": {"hp": 85, "atk": 85, "def": 85, "spa": 85, "spd": 85, "spe": 85}, "ivs": {"hp": 31, "atk": 31, "def": 31, "spa": 31, "spd": 31, "spe": 31}, "item": "Choice Band", "teraType": "Dark", "role": "Fast Attacker", "bvs": {"hp": 83, "atk": 106, "def": 65, "spa": 86, "spd": 65, "spe": 85}, "stats": {"hp": 277, "atk": 226, "def": 157, "spa": 193, "spd": 157, "spe": 191}, "types": ["Poison", "Fighting"]}, "Greedent": {"name": "Greedent", "species": "Greedent", "speciesId": "greedent", "gender": "F", "shiny": false, "level": 86, "moves": ["swordsdance", "knockoff", "earthquake", "bodyslam"], "ability": "Cheek Pouch", "evs": {"hp": 85, "atk": 85, "def": 85, "spa": 85, "spd": 85, "spe": 85}, "ivs": {"hp": 31, "atk": 31, "def": 31, "spa": 31, "spd": 31, "spe": 31}, "item": "Sitrus Berry", "teraType": "Ghost", "role": "Bulky Setup", "bvs": {"hp": 120, "atk": 95, "def": 95, "spa": 55, "spd": 75, "spe": 20}, "stats": {"hp": 347, "atk": 213, "def": 213, "spa": 144, "spd": 178, "spe": 84}, "types": ["Normal"]}, "Lunala": {"name": "Lunala", "species": "Lunala", "speciesId": "lunala", "gender": "N", "shiny": false, "level": 70, "moves": ["moonlight", "calmmind", "moonblast", "moongeistbeam"], "ability": "Shadow Shield", "evs": {"hp": 85, "atk": 0, "def": 85, "spa": 85, "spd": 85, "spe": 85}, "ivs": {"hp": 31, "atk": 0, "def": 31, "spa": 31, "spd": 31, "spe": 31}, "item": "Leftovers", "teraType": "Fairy", "role": "Bulky Setup", "bvs": {"hp": 137, "atk": 113, "def": 89, "spa": 137, "spd": 107, "spe": 97}, "stats": {"hp": 308, "atk": 163, "def": 166, "spa": 233, "spd": 191, "spe": 177}, "types": ["Psychic", "Ghost"]}, "Toedscruel": {"name": "Toedscruel", "species": "Toedscruel", "speciesId": "toedscruel", "gender": "M", "shiny": false, "level": 87, "moves": ["knockoff", "earthpower", "leafstorm", "spore"], "ability": "Mycelium Might", "evs": {"hp": 85, "atk": 85, "def": 85, "spa": 85, "spd": 85, "spe": 85}, "ivs": {"hp": 31, "atk": 31, "def": 31, "spa": 31, "spd": 31, "spe": 31}, "item": "Leftovers", "teraType": "Water", "role": "Bulky Support", "bvs": {"hp": 80, "atk": 70, "def": 65, "spa": 80, "spd": 120, "spe": 100}, "stats": {"hp": 281, "atk": 172, "def": 163, "spa": 189, "spd": 259, "spe": 224}, "types": ["Ground", "Grass"]}}]}