{"id": "gen9randombattle-2631499281", "format": "[Gen 9] Random Battle", "players": ["zeropepsi", "duskwolf64"], "log": "|j|\u2606zeropepsi\n|j|\u2606duskwolf64\n|t:|1781392847\n|gametype|singles\n|player|p1|zeropepsi|hilbert|2045\n|player|p2|duskwolf64|hilbert|2063\n|gen|9\n|tier|[Gen 9] Random Battle\n|rated|\n|rule|Species Clause: Limit one of each Pok\u00e9mon\n|rule|HP Percentage Mod: HP is shown in percentages\n|rule|Sleep Clause Mod: Limit one foe put to sleep\n|rule|Illusion Level Mod: Illusion disguises the Pok\u00e9mon's true level\n|\n|t:|1781392847\n|teamsize|p1|6\n|teamsize|p2|6\n|start\n|switch|p1a: Qwilfish|Qwilfish, L86, M|252/252\n|switch|p2a: Floatzel|Floatzel, L86, F|286/286\n|-ability|p1a: Qwilfish|Intimidate|boost\n|-unboost|p2a: Floatzel|atk|1\n|turn|1\n|inactive|Battle timer is ON: inactive players will automatically lose when time's up. (requested by zeropepsi)\n|\n|t:|1781392860\n|move|p2a: Floatzel|Flip Turn|p1a: Qwilfish\n|-resisted|p1a: Qwilfish\n|-damage|p1a: Qwilfish|213/252\n|\n|t:|1781392865\n|switch|p2a: Palafin|Palafin, L77, M|281/281|[from] Flip Turn\n|move|p1a: Qwilfish|Gunk Shot|p2a: Palafin\n|-damage|p2a: Palafin|124/281\n|\n|-heal|p2a: Palafin|141/281|[from] item: Leftovers\n|upkeep\n|turn|2\n|\n|t:|1781392871\n|detailschange|p2a: Palafin|Palafin-Hero, L77, M\n|switch|p2a: Victreebel|Victreebel, L90, F|290/290\n|move|p1a: Qwilfish|Toxic|p2a: Victreebel\n|-immune|p2a: Victreebel\n|\n|upkeep\n|turn|3\n|\n|t:|1781392878\n|move|p1a: Qwilfish|Flip Turn|p2a: Victreebel\n|-resisted|p2a: Victreebel\n|-damage|p2a: Victreebel|254/290\n|\n|t:|1781392880\n|switch|p1a: Mandibuzz|Mandibuzz, L85, F|326/326|[from] Flip Turn\n|move|p2a: Victreebel|Sunny Day|p2a: Victreebel\n|-weather|SunnyDay\n|\n|-weather|SunnyDay|[upkeep]\n|upkeep\n|turn|4\n|\n|t:|1781392889\n|-terastallize|p2a: Victreebel|Fire\n|move|p2a: Victreebel|Weather Ball|p1a: Mandibuzz\n|-damage|p1a: Mandibuzz|110/326\n|-damage|p2a: Victreebel|225/290|[from] item: Life Orb\n|move|p1a: Mandibuzz|Foul Play|p2a: Victreebel\n|-damage|p2a: Victreebel|80/290\n|\n|-weather|SunnyDay|[upkeep]\n|upkeep\n|turn|5\n|\n|t:|1781392895\n|switch|p1a: Qwilfish|Qwilfish, L86, M|213/252\n|-ability|p1a: Qwilfish|Intimidate|boost\n|-unboost|p2a: Victreebel|atk|1\n|move|p2a: Victreebel|Weather Ball|p1a: Qwilfish\n|-resisted|p1a: Qwilfish\n|-damage|p1a: Qwilfish|34/252\n|-damage|p2a: Victreebel|51/290|[from] item: Life Orb\n|\n|-weather|SunnyDay|[upkeep]\n|upkeep\n|turn|6\n|\n|t:|1781392901\n|switch|p1a: Rotom|Rotom-Heat, L83|219/219\n|move|p2a: Victreebel|Weather Ball|p1a: Rotom\n|-resisted|p1a: Rotom\n|-damage|p1a: Rotom|119/219\n|-damage|p2a: Victreebel|22/290|[from] item: Life Orb\n|\n|-weather|SunnyDay|[upkeep]\n|upkeep\n|turn|7\n|\n|t:|1781392907\n|move|p2a: Victreebel|Sludge Wave|p1a: Rotom\n|-damage|p1a: Rotom|0 fnt\n|faint|p1a: Rotom\n|-damage|p2a: Victreebel|0 fnt|[from] item: Life Orb\n|faint|p2a: Victreebel\n|\n|-weather|none\n|upkeep\n|\n|t:|1781392917\n|switch|p1a: Kilowattrel|Kilowattrel, L83, M|252/252\n|switch|p2a: Floatzel|Floatzel, L86, F|286/286\n|turn|8\n|\n|t:|1781392920\n|switch|p2a: Electivire|Electivire, L84, F|263/263\n|move|p1a: Kilowattrel|Discharge|p2a: Electivire\n|-ability|p2a: Electivire|Motor Drive|boost\n|-boost|p2a: Electivire|spe|1\n|\n|upkeep\n|turn|9\n|\n|t:|1781392925\n|move|p2a: Electivire|Ice Punch|p1a: Kilowattrel\n|-supereffective|p1a: Kilowattrel\n|-damage|p1a: Kilowattrel|21/252\n|-damage|p2a: Electivire|237/263|[from] item: Life Orb\n|move|p1a: Kilowattrel|U-turn|p2a: Electivire\n|-crit|p2a: Electivire\n|-damage|p2a: Electivire|161/263\n|\n|t:|1781392930\n|switch|p1a: Azelf|Azelf, L82|257/257|[from] U-turn\n|\n|upkeep\n|turn|10\n|\n|t:|1781392933\n|move|p2a: Electivire|Supercell Slam|p1a: Azelf\n|-damage|p1a: Azelf|43/257\n|-damage|p2a: Electivire|135/263|[from] item: Life Orb\n|move|p1a: Azelf|Psychic|p2a: Electivire\n|-damage|p2a: Electivire|0 fnt\n|faint|p2a: Electivire\n|-damage|p1a: Azelf|18/257|[from] item: Life Orb\n|\n|upkeep\n|\n|t:|1781392954\n|switch|p2a: Palafin|Palafin-Hero, L77, M|141/281\n|-activate|p2a: Palafin|ability: Zero to Hero\n|turn|11\n|\n|t:|1781392958\n|move|p2a: Palafin|Jet Punch|p1a: Azelf\n|-damage|p1a: Azelf|0 fnt\n|faint|p1a: Azelf\n|\n|-heal|p2a: Palafin|158/281|[from] item: Leftovers\n|upkeep\n|\n|t:|1781392962\n|switch|p1a: Qwilfish|Qwilfish, L86, M|34/252\n|-ability|p1a: Qwilfish|Intimidate|boost\n|-unboost|p2a: Palafin|atk|1\n|turn|12\n|\n|t:|1781392974\n|move|p2a: Palafin|Bulk Up|p2a: Palafin\n|-boost|p2a: Palafin|atk|1\n|-boost|p2a: Palafin|def|1\n|move|p1a: Qwilfish|Toxic|p2a: Palafin\n|-status|p2a: Palafin|tox\n|\n|-heal|p2a: Palafin|175/281 tox|[from] item: Leftovers\n|-damage|p2a: Palafin|158/281 tox|[from] psn\n|upkeep\n|turn|13\n|\n|t:|1781392979\n|move|p2a: Palafin|Jet Punch|p1a: Qwilfish\n|-resisted|p1a: Qwilfish\n|-damage|p1a: Qwilfish|0 fnt\n|faint|p1a: Qwilfish\n|\n|-heal|p2a: Palafin|175/281 tox|[from] item: Leftovers\n|-damage|p2a: Palafin|141/281 tox|[from] psn\n|upkeep\n|\n|t:|1781392983\n|switch|p1a: Veluza|Veluza, L85, F|292/292\n|turn|14\n|\n|t:|1781392989\n|move|p2a: Palafin|Jet Punch|p1a: Veluza\n|-resisted|p1a: Veluza\n|-damage|p1a: Veluza|243/292\n|move|p1a: Veluza|Psycho Cut|p2a: Palafin\n|-damage|p2a: Palafin|59/281 tox\n|\n|-heal|p2a: Palafin|76/281 tox|[from] item: Leftovers\n|-damage|p2a: Palafin|25/281 tox|[from] psn\n|upkeep\n|turn|15\n|\n|t:|1781392996\n|switch|p2a: Perrserker|Perrserker, L89, M|269/269\n|move|p1a: Veluza|Psycho Cut|p2a: Perrserker\n|-resisted|p2a: Perrserker\n|-damage|p2a: Perrserker|213/269\n|\n|upkeep\n|turn|16\n|\n|t:|1781393002\n|switch|p1a: Kilowattrel|Kilowattrel, L83, M|21/252\n|move|p2a: Perrserker|U-turn|p1a: Kilowattrel\n|-resisted|p1a: Kilowattrel\n|-crit|p1a: Kilowattrel\n|-damage|p1a: Kilowattrel|0 fnt\n|faint|p1a: Kilowattrel\n|-damage|p2a: Perrserker|187/269|[from] item: Life Orb\n|\n|t:|1781393008\n|switch|p2a: Floatzel|Floatzel, L86, F|286/286|[from] U-turn\n|\n|upkeep\n|\n|t:|1781393011\n|switch|p1a: Veluza|Veluza, L85, F|243/292\n|turn|17\n|\n|t:|1781393015\n|move|p1a: Veluza|Flip Turn|p2a: Floatzel\n|-resisted|p2a: Floatzel\n|-damage|p2a: Floatzel|239/286\n|\n|t:|1781393017\n|switch|p1a: Mandibuzz|Mandibuzz, L85, F|110/326|[from] Flip Turn\n|move|p2a: Floatzel|Crunch|p1a: Mandibuzz\n|-resisted|p1a: Mandibuzz\n|-damage|p1a: Mandibuzz|68/326\n|\n|upkeep\n|turn|18\n|\n|t:|1781393025\n|switch|p2a: Perrserker|Perrserker, L89, M|187/269\n|move|p1a: Mandibuzz|Roost|p1a: Mandibuzz\n|-heal|p1a: Mandibuzz|231/326\n|-singleturn|p1a: Mandibuzz|move: Roost\n|\n|upkeep\n|turn|19\n|\n|t:|1781393032\n|move|p1a: Mandibuzz|Foul Play|p2a: Perrserker\n|-damage|p2a: Perrserker|81/269\n|move|p2a: Perrserker|Iron Head|p1a: Mandibuzz\n|-damage|p1a: Mandibuzz|78/326\n|-damage|p2a: Perrserker|55/269|[from] item: Life Orb\n|\n|upkeep\n|turn|20\n|\n|t:|1781393045\n|-terastallize|p1a: Mandibuzz|Steel\n|move|p1a: Mandibuzz|Roost|p1a: Mandibuzz\n|-heal|p1a: Mandibuzz|241/326\n|move|p2a: Perrserker|Iron Head|p1a: Mandibuzz\n|-resisted|p1a: Mandibuzz\n|-damage|p1a: Mandibuzz|163/326\n|-damage|p2a: Perrserker|29/269|[from] item: Life Orb\n|\n|upkeep\n|turn|21\n|\n|t:|1781393048\n|move|p1a: Mandibuzz|Foul Play|p2a: Perrserker\n|-damage|p2a: Perrserker|0 fnt\n|faint|p2a: Perrserker\n|\n|upkeep\n|\n|t:|1781393054\n|switch|p2a: Floatzel|Floatzel, L86, F|239/286\n|turn|22\n|\n|t:|1781393058\n|switch|p1a: Veluza|Veluza, L85, F|243/292\n|move|p2a: Floatzel|Wave Crash|p1a: Veluza\n|-resisted|p1a: Veluza\n|-damage|p1a: Veluza|118/292\n|-damage|p2a: Floatzel|198/286|[from] Recoil\n|\n|upkeep\n|turn|23\n|\n|t:|1781393061\n|move|p1a: Veluza|Psycho Cut|p2a: Floatzel\n|-crit|p2a: Floatzel\n|-damage|p2a: Floatzel|0 fnt\n|faint|p2a: Floatzel\n|\n|upkeep\n|\n|t:|1781393085\n|switch|p2a: Palafin|Palafin-Hero, L77, M|25/281 tox\n|turn|24\n|\n|t:|1781393088\n|move|p2a: Palafin|Jet Punch|p1a: Veluza\n|-resisted|p1a: Veluza\n|-damage|p1a: Veluza|76/292\n|move|p1a: Veluza|Psycho Cut|p2a: Palafin\n|-crit|p2a: Palafin\n|-damage|p2a: Palafin|0 fnt\n|faint|p2a: Palafin\n|\n|upkeep\n|-message|duskwolf64 forfeited.\n|\n|win|zeropepsi\n", "inputlog": ">version a8376a258c1d4662feba110a92103f3664a72141\n>start {\"formatid\":\"gen9randombattle\",\"seed\":\"sodium,10230c5533ce82c79941e5e3cac0c045\",\"rated\":\"Rated battle\"}\n>player p1 {\"name\":\"zeropepsi\",\"avatar\":\"hilbert\",\"rating\":2045,\"seed\":\"sodium,3b0f936feca0a574ab56f36649174ae3\"}\n>player p2 {\"name\":\"duskwolf64\",\"avatar\":\"hilbert\",\"rating\":2063,\"seed\":\"sodium,02964806635b772890fb85c78f367cb7\"}\n>p1 move gunkshot\n>p2 move flipturn\n>p2 switch 3\n>p1 move toxic\n>p2 switch 5\n>p1 move flipturn\n>p2 move sunnyday\n>p1 switch 3\n>p1 move foulplay\n>p2 move weatherball terastallize\n>p1 switch 3\n>p2 move weatherball\n>p1 switch 4\n>p2 move weatherball\n>p1 move voltswitch\n>p2 move sludgewave\n>p1 switch 5\n>p2 switch 3\n>p1 move discharge\n>p2 switch 4\n>p1 move uturn\n>p2 move icepunch\n>p1 switch 6\n>p1 move psychic\n>p2 move supercellslam\n>p2 switch 5\n>p1 move psychic\n>p2 move jetpunch\n>p1 switch 4\n>p1 move toxic\n>p2 move bulkup\n>p1 move painsplit\n>p2 move jetpunch\n>p1 switch 2\n>p1 move psychocut\n>p2 move jetpunch\n>p1 move psychocut\n>p2 switch 6\n>p1 switch 6\n>p2 move uturn\n>p2 switch 4\n>p1 switch 6\n>p1 move flipturn\n>p2 move crunch\n>p1 switch 3\n>p1 move roost\n>p2 switch 4\n>p1 move foulplay\n>p2 move ironhead\n>p1 move roost terastallize\n>p2 move ironhead\n>p1 move foulplay\n>p2 move closecombat\n>p2 switch 4\n>p1 switch 3\n>p2 move wavecrash\n>p1 move psychocut\n>p2 move wavecrash\n>p2 switch 6\n>p1 move psychocut\n>p2 move jetpunch\n>forcelose p2", "uploadtime": 1781392848, "views": 5, "formatid": "gen9randombattle", "rating": null, "private": 0, "password": null, "player_dets": [{"name": "zeropepsi", "avatar": "hilbert", "rating": 2045, "seed": "sodium,3b0f936feca0a574ab56f36649174ae3"}, {"name": "duskwolf64", "avatar": "hilbert", "rating": 2063, "seed": "sodium,02964806635b772890fb85c78f367cb7"}], "teams_full": [{"Qwilfish": {"name": "Qwilfish", "species": "Qwilfish", "speciesId": "qwilfish", "gender": "M", "shiny": false, "level": 86, "moves": ["painsplit", "toxic", "flipturn", "gunkshot"], "ability": "Intimidate", "evs": {"hp": 85, "atk": 85, "def": 85, "spa": 85, "spd": 85, "spe": 85}, "ivs": {"hp": 31, "atk": 31, "def": 31, "spa": 31, "spd": 31, "spe": 31}, "item": "Heavy-Duty Boots", "teraType": "Grass", "role": "Fast Support", "bvs": {"hp": 65, "atk": 95, "def": 85, "spa": 55, "spd": 55, "spe": 85}, "stats": {"hp": 252, "atk": 213, "def": 195, "spa": 144, "spd": 144, "spe": 195}}, "Veluza": {"name": "Veluza", "species": "Veluza", "speciesId": "veluza", "gender": "F", "shiny": false, "level": 85, "moves": ["aquacutter", "flipturn", "psychocut", "nightslash"], "ability": "Sharpness", "evs": {"hp": 85, "atk": 85, "def": 85, "spa": 85, "spd": 85, "spe": 85}, "ivs": {"hp": 31, "atk": 31, "def": 31, "spa": 31, "spd": 31, "spe": 31}, "item": "Choice Scarf", "teraType": "Dark", "role": "Fast Attacker", "bvs": {"hp": 90, "atk": 102, "def": 73, "spa": 78, "spd": 65, "spe": 70}, "stats": {"hp": 292, "atk": 222, "def": 173, "spa": 181, "spd": 159, "spe": 168}}, "Mandibuzz": {"name": "Mandibuzz", "species": "Mandibuzz", "speciesId": "mandibuzz", "gender": "F", "shiny": false, "level": 85, "moves": ["defog", "toxic", "foulplay", "roost"], "ability": "Overcoat", "evs": {"hp": 85, "atk": 0, "def": 85, "spa": 85, "spd": 85, "spe": 85}, "ivs": {"hp": 31, "atk": 0, "def": 31, "spa": 31, "spd": 31, "spe": 31}, "item": "Heavy-Duty Boots", "teraType": "Steel", "role": "Bulky Support", "bvs": {"hp": 110, "atk": 65, "def": 105, "spa": 55, "spd": 95, "spe": 80}, "stats": {"hp": 326, "atk": 115, "def": 227, "spa": 142, "spd": 210, "spe": 185}}, "Rotom": {"name": "Rotom", "species": "Rotom-Heat", "speciesId": "rotomheat", "gender": "N", "shiny": false, "level": 83, "moves": ["voltswitch", "overheat", "discharge", "willowisp"], "ability": "Levitate", "evs": {"hp": 85, "atk": 0, "def": 85, "spa": 85, "spd": 85, "spe": 85}, "ivs": {"hp": 31, "atk": 0, "def": 31, "spa": 31, "spd": 31, "spe": 31}, "item": "Heavy-Duty Boots", "teraType": "Steel", "role": "Bulky Support", "bvs": {"hp": 50, "atk": 65, "def": 107, "spa": 105, "spd": 107, "spe": 86}, "stats": {"hp": 219, "atk": 112, "def": 225, "spa": 222, "spd": 225, "spe": 190}}, "Kilowattrel": {"name": "Kilowattrel", "species": "Kilowattrel", "speciesId": "kilowattrel", "gender": "M", "shiny": false, "level": 83, "moves": ["hurricane", "roost", "discharge", "uturn"], "ability": "Volt Absorb", "evs": {"hp": 85, "atk": 85, "def": 85, "spa": 85, "spd": 85, "spe": 85}, "ivs": {"hp": 31, "atk": 31, "def": 31, "spa": 31, "spd": 31, "spe": 31}, "item": "Heavy-Duty Boots", "teraType": "Water", "role": "Bulky Attacker", "bvs": {"hp": 70, "atk": 70, "def": 60, "spa": 105, "spd": 60, "spe": 125}, "stats": {"hp": 252, "atk": 164, "def": 147, "spa": 222, "spd": 147, "spe": 255}}, "Azelf": {"name": "Azelf", "species": "Azelf", "speciesId": "azelf", "gender": "N", "shiny": false, "level": 82, "moves": ["nastyplot", "psychic", "fireblast", "dazzlinggleam"], "ability": "Levitate", "evs": {"hp": 85, "atk": 0, "def": 85, "spa": 85, "spd": 85, "spe": 85}, "ivs": {"hp": 31, "atk": 0, "def": 31, "spa": 31, "spd": 31, "spe": 31}, "item": "Life Orb", "teraType": "Fire", "role": "Fast Attacker", "bvs": {"hp": 75, "atk": 125, "def": 70, "spa": 125, "spd": 70, "spe": 115}, "stats": {"hp": 257, "atk": 210, "def": 162, "spa": 252, "spd": 162, "spe": 236}}}, {"Floatzel": {"name": "Floatzel", "species": "Floatzel", "speciesId": "floatzel", "gender": "F", "shiny": false, "level": 86, "moves": ["wavecrash", "icespinner", "crunch", "flipturn"], "ability": "Water Veil", "evs": {"hp": 85, "atk": 85, "def": 85, "spa": 85, "spd": 85, "spe": 85}, "ivs": {"hp": 31, "atk": 31, "def": 31, "spa": 31, "spd": 31, "spe": 31}, "item": "Choice Band", "teraType": "Water", "role": "Wallbreaker", "bvs": {"hp": 85, "atk": 105, "def": 55, "spa": 85, "spd": 50, "spe": 115}, "stats": {"hp": 286, "atk": 230, "def": 144, "spa": 195, "spd": 135, "spe": 247}}, "Virizion": {"name": "Virizion", "species": "Virizion", "speciesId": "virizion", "gender": "N", "shiny": false, "level": 82, "moves": ["closecombat", "stoneedge", "leafblade", "swordsdance"], "ability": "Justified", "evs": {"hp": 85, "atk": 85, "def": 85, "spa": 85, "spd": 85, "spe": 85}, "ivs": {"hp": 31, "atk": 31, "def": 31, "spa": 31, "spd": 31, "spe": 31}, "item": "Life Orb", "teraType": "Rock", "role": "Setup Sweeper", "bvs": {"hp": 91, "atk": 90, "def": 72, "spa": 90, "spd": 129, "spe": 108}, "stats": {"hp": 283, "atk": 195, "def": 165, "spa": 195, "spd": 259, "spe": 224}}, "Palafin": {"name": "Palafin", "species": "Palafin", "speciesId": "palafin", "gender": "M", "shiny": false, "level": 77, "moves": ["jetpunch", "bulkup", "drainpunch", "icepunch"], "ability": "Zero to Hero", "evs": {"hp": 85, "atk": 85, "def": 85, "spa": 85, "spd": 85, "spe": 85}, "ivs": {"hp": 31, "atk": 31, "def": 31, "spa": 31, "spd": 31, "spe": 31}, "item": "Leftovers", "teraType": "Steel", "role": "Bulky Setup", "bvs": {"hp": 100, "atk": 70, "def": 72, "spa": 53, "spd": 62, "spe": 100}, "stats": {"hp": 281, "atk": 152, "def": 155, "spa": 126, "spd": 140, "spe": 199}}, "Electivire": {"name": "Electivire", "species": "Electivire", "speciesId": "electivire", "gender": "F", "shiny": false, "level": 84, "moves": ["voltswitch", "supercellslam", "icepunch", "earthquake"], "ability": "Motor Drive", "evs": {"hp": 85, "atk": 85, "def": 85, "spa": 85, "spd": 85, "spe": 85}, "ivs": {"hp": 31, "atk": 31, "def": 31, "spa": 31, "spd": 31, "spe": 31}, "item": "Life Orb", "teraType": "Flying", "role": "Fast Attacker", "bvs": {"hp": 75, "atk": 123, "def": 67, "spa": 95, "spd": 85, "spe": 95}, "stats": {"hp": 263, "atk": 255, "def": 161, "spa": 208, "spd": 191, "spe": 208}}, "Victreebel": {"name": "Victreebel", "species": "Victreebel", "speciesId": "victreebel", "gender": "F", "shiny": false, "level": 90, "moves": ["weatherball", "powerwhip", "sunnyday", "sludgewave"], "ability": "Chlorophyll", "evs": {"hp": 85, "atk": 85, "def": 85, "spa": 85, "spd": 85, "spe": 85}, "ivs": {"hp": 31, "atk": 31, "def": 31, "spa": 31, "spd": 31, "spe": 31}, "item": "Life Orb", "teraType": "Fire", "role": "Fast Attacker", "bvs": {"hp": 80, "atk": 105, "def": 65, "spa": 100, "spd": 70, "spe": 70}, "stats": {"hp": 290, "atk": 240, "def": 168, "spa": 231, "spd": 177, "spe": 177}}, "Perrserker": {"name": "Perrserker", "species": "Perrserker", "speciesId": "perrserker", "gender": "M", "shiny": false, "level": 89, "moves": ["uturn", "closecombat", "stealthrock", "ironhead"], "ability": "Tough Claws", "evs": {"hp": 85, "atk": 85, "def": 85, "spa": 85, "spd": 85, "spe": 85}, "ivs": {"hp": 31, "atk": 31, "def": 31, "spa": 31, "spd": 31, "spe": 31}, "item": "Life Orb", "teraType": "Fighting", "role": "Fast Attacker", "bvs": {"hp": 70, "atk": 110, "def": 100, "spa": 50, "spd": 60, "spe": 50}, "stats": {"hp": 269, "atk": 247, "def": 229, "spa": 140, "spd": 158, "spe": 140}}}]}