{"id": "gen9randombattle-2631904126", "format": "[Gen 9] Random Battle", "players": ["rndmnwbe", "joonnabi"], "log": "|j|\u2606rndmnwbe\n|j|\u2606joonnabi\n|t:|1781453995\n|gametype|singles\n|player|p1|rndmnwbe|red|1881\n|player|p2|joonnabi|linebacker|1930\n|gen|9\n|tier|[Gen 9] Random Battle\n|rated|\n|rule|Species Clause: Limit one of each Pok\u00e9mon\n|rule|HP Percentage Mod: HP is shown in percentages\n|rule|Sleep Clause Mod: Limit one foe put to sleep\n|rule|Illusion Level Mod: Illusion disguises the Pok\u00e9mon's true level\n|\n|t:|1781453995\n|teamsize|p1|6\n|teamsize|p2|6\n|start\n|switch|p1a: Azelf|Azelf, L82|257/257\n|switch|p2a: Meloetta|Meloetta, L82|298/298\n|turn|1\n|inactive|Battle timer is ON: inactive players will automatically lose when time's up. (requested by rndmnwbe)\n|\n|t:|1781454010\n|move|p1a: Azelf|U-turn|p2a: Meloetta\n|-supereffective|p2a: Meloetta\n|-damage|p2a: Meloetta|168/298\n|\n|t:|1781454015\n|switch|p1a: Perrserker|Perrserker, L89, M|269/269|[from] U-turn\n|move|p2a: Meloetta|U-turn|p1a: Perrserker\n|-resisted|p1a: Perrserker\n|-damage|p1a: Perrserker|254/269\n|\n|t:|1781454034\n|switch|p2a: Slither Wing|Slither Wing, L81|270/270|[from] U-turn\n|\n|upkeep\n|turn|2\n|\n|t:|1781454058\n|move|p2a: Slither Wing|U-turn|p1a: Perrserker\n|-resisted|p1a: Perrserker\n|-damage|p1a: Perrserker|218/269\n|\n|t:|1781454068\n|-end|p2a: Slither Wing|Protosynthesis|[silent]\n|switch|p2a: Gyarados|Gyarados, L79, F|280/280|[from] U-turn\n|move|p1a: Perrserker|Iron Head|p2a: Gyarados\n|-resisted|p2a: Gyarados\n|-damage|p2a: Gyarados|157/280\n|\n|upkeep\n|turn|3\n|inactive|rndmnwbe has 120 seconds left.\n|\n|t:|1781454094\n|move|p2a: Gyarados|Dragon Dance|p2a: Gyarados\n|-boost|p2a: Gyarados|atk|1\n|-boost|p2a: Gyarados|spe|1\n|move|p1a: Perrserker|Iron Head|p2a: Gyarados\n|-resisted|p2a: Gyarados\n|-damage|p2a: Gyarados|32/280\n|\n|upkeep\n|turn|4\n|inactive|rndmnwbe has 120 seconds left.\n|\n|t:|1781454107\n|switch|p1a: Azelf|Azelf, L82|257/257\n|move|p2a: Gyarados|Earthquake|p1a: Azelf\n|-immune|p1a: Azelf|[from] ability: Levitate\n|\n|upkeep\n|turn|5\n|inactive|rndmnwbe has 120 seconds left.\n|\n|t:|1781454123\n|-terastallize|p2a: Gyarados|Flying\n|move|p2a: Gyarados|Tera Blast|p1a: Azelf|[anim] Tera Blast Flying\n|-damage|p1a: Azelf|49/257\n|move|p1a: Azelf|Psychic|p2a: Gyarados\n|-damage|p2a: Gyarados|0 fnt\n|faint|p2a: Gyarados\n|\n|upkeep\n|\n|t:|1781454150\n|switch|p2a: Primarina|Primarina, L83, F|268/268\n|turn|6\n|inactive|rndmnwbe has 120 seconds left.\n|\n|t:|1781454165\n|switch|p1a: Wigglytuff|Wigglytuff, L96, F|424/424\n|move|p2a: Primarina|Draining Kiss|p1a: Wigglytuff\n|-damage|p1a: Wigglytuff|345/424\n|\n|-heal|p1a: Wigglytuff|371/424|[from] item: Leftovers\n|upkeep\n|turn|7\n|\n|t:|1781454174\n|move|p2a: Primarina|Calm Mind|p2a: Primarina\n|-boost|p2a: Primarina|spa|1\n|-boost|p2a: Primarina|spd|1\n|move|p1a: Wigglytuff|Thunder Wave|p2a: Primarina\n|-status|p2a: Primarina|par\n|\n|-heal|p1a: Wigglytuff|397/424|[from] item: Leftovers\n|upkeep\n|turn|8\n|\n|t:|1781454185\n|switch|p1a: Perrserker|Perrserker, L89, M|218/269\n|move|p2a: Primarina|Calm Mind|p2a: Primarina\n|-boost|p2a: Primarina|spa|1\n|-boost|p2a: Primarina|spd|1\n|\n|upkeep\n|turn|9\n|\n|t:|1781454194\n|move|p1a: Perrserker|Iron Head|p2a: Primarina\n|-damage|p2a: Primarina|22/268 par\n|cant|p2a: Primarina|par\n|\n|-heal|p2a: Primarina|38/268 par|[from] item: Leftovers\n|upkeep\n|turn|10\n|\n|t:|1781454200\n|move|p1a: Perrserker|Iron Head|p2a: Primarina\n|-damage|p2a: Primarina|0 fnt\n|faint|p2a: Primarina\n|\n|upkeep\n|\n|t:|1781454202\n|switch|p2a: Slither Wing|Slither Wing, L81|270/270\n|turn|11\n|\n|t:|1781454214\n|switch|p1a: Gurdurr|Gurdurr, L85, F|283/283\n|move|p2a: Slither Wing|Close Combat|p1a: Gurdurr\n|-damage|p1a: Gurdurr|186/283\n|-unboost|p2a: Slither Wing|def|1\n|-unboost|p2a: Slither Wing|spd|1\n|\n|upkeep\n|turn|12\n|\n|t:|1781454224\n|move|p2a: Slither Wing|Close Combat|p1a: Gurdurr\n|-damage|p1a: Gurdurr|72/283\n|-unboost|p2a: Slither Wing|def|1\n|-unboost|p2a: Slither Wing|spd|1\n|move|p1a: Gurdurr|Bulk Up|p1a: Gurdurr\n|-boost|p1a: Gurdurr|atk|1\n|-boost|p1a: Gurdurr|def|1\n|\n|upkeep\n|turn|13\n|\n|t:|1781454234\n|move|p1a: Gurdurr|Mach Punch|p2a: Slither Wing\n|-resisted|p2a: Slither Wing\n|-damage|p2a: Slither Wing|192/270\n|move|p2a: Slither Wing|Close Combat|p1a: Gurdurr\n|-damage|p1a: Gurdurr|0 fnt\n|-unboost|p2a: Slither Wing|def|1\n|-unboost|p2a: Slither Wing|spd|1\n|faint|p1a: Gurdurr\n|\n|upkeep\n|inactive|rndmnwbe has 120 seconds left.\n|\n|t:|1781454274\n|switch|p1a: Azelf|Azelf, L82|49/257\n|turn|14\n|\n|t:|1781454294\n|-end|p2a: Slither Wing|Protosynthesis|[silent]\n|switch|p2a: Meloetta|Meloetta, L82|168/298\n|move|p1a: Azelf|Psychic|p2a: Meloetta\n|-resisted|p2a: Meloetta\n|-damage|p2a: Meloetta|109/298\n|\n|upkeep\n|turn|15\n|inactive|rndmnwbe has 120 seconds left.\n|\n|t:|1781454310\n|switch|p1a: Perrserker|Perrserker, L89, M|218/269\n|move|p2a: Meloetta|Hyper Voice|p1a: Perrserker\n|-resisted|p1a: Perrserker\n|-damage|p1a: Perrserker|113/269\n|\n|upkeep\n|turn|16\n|\n|t:|1781454319\n|move|p2a: Meloetta|Hyper Voice|p1a: Perrserker\n|-resisted|p1a: Perrserker\n|-damage|p1a: Perrserker|14/269\n|move|p1a: Perrserker|U-turn|p2a: Meloetta\n|-supereffective|p2a: Meloetta\n|-damage|p2a: Meloetta|0 fnt\n|faint|p2a: Meloetta\n|\n|t:|1781454330\n|switch|p1a: Azelf|Azelf, L82|49/257|[from] U-turn\n|\n|upkeep\n|\n|t:|1781454339\n|switch|p2a: Brambleghast|Brambleghast, L88, F|240/240\n|turn|17\n|\n|t:|1781454343\n|move|p1a: Azelf|Fire Blast|p2a: Brambleghast|[miss]\n|-miss|p1a: Azelf|p2a: Brambleghast\n|move|p2a: Brambleghast|Poltergeist|p1a: Azelf\n|-activate|p1a: Azelf|move: Poltergeist|Choice Specs\n|-supereffective|p1a: Azelf\n|-damage|p1a: Azelf|0 fnt\n|faint|p1a: Azelf\n|\n|upkeep\n|inactive|rndmnwbe has 120 seconds left.\n|\n|t:|1781454357\n|switch|p1a: Wigglytuff|Wigglytuff, L96, F|397/424\n|turn|18\n|inactive|rndmnwbe has 120 seconds left.\n|\n|t:|1781454387\n|move|p2a: Brambleghast|Power Whip|p1a: Wigglytuff\n|-damage|p1a: Wigglytuff|175/424\n|move|p1a: Wigglytuff|Alluring Voice|p2a: Brambleghast\n|-damage|p2a: Brambleghast|126/240\n|\n|-heal|p2a: Brambleghast|141/240|[from] item: Leftovers\n|-heal|p1a: Wigglytuff|201/424|[from] item: Leftovers\n|upkeep\n|turn|19\n|\n|t:|1781454394\n|move|p1a: Wigglytuff|Protect|p1a: Wigglytuff\n|-singleturn|p1a: Wigglytuff|Protect\n|move|p2a: Brambleghast|Power Whip|p1a: Wigglytuff\n|-activate|p1a: Wigglytuff|move: Protect\n|\n|-heal|p2a: Brambleghast|156/240|[from] item: Leftovers\n|-heal|p1a: Wigglytuff|227/424|[from] item: Leftovers\n|upkeep\n|turn|20\n|\n|t:|1781454403\n|move|p2a: Brambleghast|Power Whip|p1a: Wigglytuff\n|-damage|p1a: Wigglytuff|11/424\n|move|p1a: Wigglytuff|Thunder Wave|p2a: Brambleghast\n|-status|p2a: Brambleghast|par\n|\n|-heal|p1a: Wigglytuff|37/424|[from] item: Leftovers\n|-heal|p2a: Brambleghast|171/240 par|[from] item: Leftovers\n|upkeep\n|turn|21\n|\n|t:|1781454411\n|move|p1a: Wigglytuff|Protect|p1a: Wigglytuff\n|-singleturn|p1a: Wigglytuff|Protect\n|move|p2a: Brambleghast|Power Whip|p1a: Wigglytuff\n|-activate|p1a: Wigglytuff|move: Protect\n|\n|-heal|p1a: Wigglytuff|63/424|[from] item: Leftovers\n|-heal|p2a: Brambleghast|186/240 par|[from] item: Leftovers\n|upkeep\n|turn|22\n|\n|t:|1781454419\n|move|p1a: Wigglytuff|Wish|p1a: Wigglytuff\n|move|p2a: Brambleghast|Power Whip|p1a: Wigglytuff\n|-damage|p1a: Wigglytuff|0 fnt\n|faint|p1a: Wigglytuff\n|\n|-heal|p2a: Brambleghast|201/240 par|[from] item: Leftovers\n|upkeep\n|\n|t:|1781454434\n|switch|p1a: Perrserker|Perrserker, L89, M|14/269\n|turn|23\n|\n|t:|1781454446\n|move|p1a: Perrserker|Iron Head|p2a: Brambleghast\n|-damage|p2a: Brambleghast|0 fnt\n|faint|p2a: Brambleghast\n|\n|-heal|p1a: Perrserker|226/269|[from] move: Wish|[wisher] Wigglytuff\n|upkeep\n|\n|t:|1781454449\n|switch|p2a: Slither Wing|Slither Wing, L81|192/270\n|turn|24\n|\n|t:|1781454455\n|switch|p1a: Necrozma|Necrozma, L80|286/286\n|move|p2a: Slither Wing|Close Combat|p1a: Necrozma\n|-resisted|p1a: Necrozma\n|-damage|p1a: Necrozma|215/286\n|-unboost|p2a: Slither Wing|def|1\n|-unboost|p2a: Slither Wing|spd|1\n|\n|-heal|p1a: Necrozma|232/286|[from] item: Leftovers\n|upkeep\n|turn|25\n|\n|t:|1781454468\n|move|p2a: Slither Wing|Will-O-Wisp|p1a: Necrozma\n|-status|p1a: Necrozma|brn\n|move|p1a: Necrozma|Calm Mind|p1a: Necrozma\n|-boost|p1a: Necrozma|spa|1\n|-boost|p1a: Necrozma|spd|1\n|\n|-heal|p1a: Necrozma|249/286 brn|[from] item: Leftovers\n|-damage|p1a: Necrozma|232/286 brn|[from] brn\n|upkeep\n|turn|26\n|\n|t:|1781454484\n|move|p2a: Slither Wing|U-turn|p1a: Necrozma\n|-supereffective|p1a: Necrozma\n|-damage|p1a: Necrozma|109/286 brn\n|\n|t:|1781454485\n|-end|p2a: Slither Wing|Protosynthesis|[silent]\n|switch|p2a: Slither Wing|Slither Wing, L81|219/219|[from] U-turn\n|move|p1a: Necrozma|Photon Geyser|p2a: Slither Wing\n|-damage|p2a: Slither Wing|0 fnt\n|replace|p2a: Zoroark|Zoroark-Hisui, L80, F\n|-end|p2a: Zoroark|Illusion\n|-hint|Illusion Level Mod is active, so this Pok\u00e9mon's true level was hidden.\n|faint|p2a: Zoroark\n|\n|-heal|p1a: Necrozma|126/286 brn|[from] item: Leftovers\n|-damage|p1a: Necrozma|109/286 brn|[from] brn\n|upkeep\n|\n|t:|1781454495\n|switch|p2a: Slither Wing|Slither Wing, L81|192/270\n|turn|27\n|\n|t:|1781454509\n|-terastallize|p1a: Necrozma|Steel\n|move|p2a: Slither Wing|U-turn|p1a: Necrozma\n|-resisted|p1a: Necrozma\n|-damage|p1a: Necrozma|64/286 brn\n|move|p1a: Necrozma|Photon Geyser|p2a: Slither Wing\n|-supereffective|p2a: Slither Wing\n|-damage|p2a: Slither Wing|0 fnt\n|faint|p2a: Slither Wing\n|-end|p2a: Slither Wing|Protosynthesis|[silent]\n|\n|win|rndmnwbe\n|raw|rndmnwbe's rating: 1881 &rarr; <strong>1904</strong><br />(+23 for winning)\n|raw|joonnabi's rating: 1930 &rarr; <strong>1907</strong><br />(-23 for losing)\n", "inputlog": ">version a8376a258c1d4662feba110a92103f3664a72141\n>start {\"formatid\":\"gen9randombattle\",\"seed\":\"sodium,b54f13ac01b381684b37ee9e64d95b2a\",\"rated\":\"Rated battle\"}\n>player p1 {\"name\":\"rndmnwbe\",\"avatar\":\"red\",\"rating\":1881,\"seed\":\"sodium,5e7f5dffa0b3a92b613726c388da7bd7\"}\n>player p2 {\"name\":\"joonnabi\",\"avatar\":\"linebacker\",\"rating\":1930,\"seed\":\"sodium,148f9d4a578befc3939769499d5e9e8a\"}\n>p1 move uturn\n>p2 move uturn\n>p1 switch 6\n>p2 switch 4\n>p1 move ironhead\n>p2 move uturn\n>p2 switch 6\n>p1 move ironhead\n>p2 move dragondance\n>p1 switch 6\n>p2 move earthquake\n>p1 move psychic\n>p2 move terablast terastallize\n>p2 switch 5\n>p1 switch 4\n>p2 move drainingkiss\n>p1 move thunderwave\n>p2 move calmmind\n>p1 switch 6\n>p2 move calmmind\n>p1 move ironhead\n>p2 move psychicnoise\n>p1 move ironhead\n>p2 move psychicnoise\n>p2 switch 6\n>p1 switch 2\n>p2 move closecombat\n>p1 move bulkup\n>p2 move closecombat\n>p1 move machpunch\n>p2 move closecombat\n>p1 switch 4\n>p1 move psychic\n>p2 switch 4\n>p1 switch 2\n>p2 move hypervoice\n>p1 move uturn\n>p2 move hypervoice\n>p1 switch 2\n>p2 switch 2\n>p1 move fireblast\n>p2 move poltergeist\n>p1 switch 6\n>p1 move alluringvoice\n>p2 move powerwhip\n>p1 move protect\n>p2 move powerwhip\n>p1 move thunderwave\n>p2 move powerwhip\n>p1 move protect\n>p2 move powerwhip\n>p1 move wish\n>p2 move powerwhip\n>p1 switch 2\n>p1 move ironhead\n>p2 move poltergeist\n>p2 switch 4\n>p1 switch 5\n>p2 move closecombat\n>p1 move calmmind\n>p2 move willowisp\n>p1 move photongeyser\n>p2 move uturn\n>p2 switch 3\n>p2 switch 3\n>p1 move photongeyser terastallize\n>p2 move uturn", "uploadtime": 1781454509, "views": 9, "formatid": "gen9randombattle", "rating": 1904, "private": 0, "password": null, "player_dets": [{"name": "rndmnwbe", "avatar": "red", "rating": 1881, "seed": "sodium,5e7f5dffa0b3a92b613726c388da7bd7"}, {"name": "joonnabi", "avatar": "linebacker", "rating": 1930, "seed": "sodium,148f9d4a578befc3939769499d5e9e8a"}], "teams_full": [{"Azelf": {"name": "Azelf", "species": "Azelf", "speciesId": "azelf", "gender": "N", "shiny": false, "level": 82, "moves": ["uturn", "fireblast", "dazzlinggleam", "psychic"], "ability": "Levitate", "evs": {"hp": 85, "atk": 85, "def": 85, "spa": 85, "spd": 85, "spe": 85}, "ivs": {"hp": 31, "atk": 31, "def": 31, "spa": 31, "spd": 31, "spe": 31}, "item": "Choice Specs", "teraType": "Psychic", "role": "Fast Attacker", "bvs": {"hp": 75, "atk": 125, "def": 70, "spa": 125, "spd": 70, "spe": 115}, "stats": {"hp": 257, "atk": 252, "def": 162, "spa": 252, "spd": 162, "spe": 236}}, "Gurdurr": {"name": "Gurdurr", "species": "Gurdurr", "speciesId": "gurdurr", "gender": "F", "shiny": false, "level": 85, "moves": ["knockoff", "machpunch", "bulkup", "drainpunch"], "ability": "Guts", "evs": {"hp": 85, "atk": 85, "def": 85, "spa": 85, "spd": 85, "spe": 85}, "ivs": {"hp": 31, "atk": 31, "def": 31, "spa": 31, "spd": 31, "spe": 31}, "item": "Eviolite", "teraType": "Steel", "role": "Bulky Attacker", "bvs": {"hp": 85, "atk": 105, "def": 85, "spa": 40, "spd": 50, "spe": 40}, "stats": {"hp": 283, "atk": 227, "def": 193, "spa": 117, "spd": 134, "spe": 117}}, "Golduck": {"name": "Golduck", "species": "Golduck", "speciesId": "golduck", "gender": "F", "shiny": false, "level": 90, "moves": ["hydropump", "icebeam", "nastyplot", "encore"], "ability": "Cloud Nine", "evs": {"hp": 85, "atk": 0, "def": 85, "spa": 85, "spd": 85, "spe": 85}, "ivs": {"hp": 31, "atk": 0, "def": 31, "spa": 31, "spd": 31, "spe": 31}, "item": "Leftovers", "teraType": "Water", "role": "Bulky Setup", "bvs": {"hp": 80, "atk": 82, "def": 78, "spa": 95, "spd": 80, "spe": 85}, "stats": {"hp": 290, "atk": 152, "def": 192, "spa": 222, "spd": 195, "spe": 204}}, "Wigglytuff": {"name": "Wigglytuff", "species": "Wigglytuff", "speciesId": "wigglytuff", "gender": "F", "shiny": false, "level": 96, "moves": ["protect", "thunderwave", "alluringvoice", "wish"], "ability": "Competitive", "evs": {"hp": 85, "atk": 0, "def": 85, "spa": 85, "spd": 85, "spe": 85}, "ivs": {"hp": 31, "atk": 0, "def": 31, "spa": 31, "spd": 31, "spe": 31}, "item": "Leftovers", "teraType": "Poison", "role": "Bulky Support", "bvs": {"hp": 140, "atk": 70, "def": 45, "spa": 85, "spd": 50, "spe": 45}, "stats": {"hp": 424, "atk": 139, "def": 141, "spa": 218, "spd": 150, "spe": 141}}, "Necrozma": {"name": "Necrozma", "species": "Necrozma", "speciesId": "necrozma", "gender": "N", "shiny": false, "level": 80, "moves": ["heatwave", "moonlight", "calmmind", "photongeyser"], "ability": "Prism Armor", "evs": {"hp": 85, "atk": 0, "def": 85, "spa": 85, "spd": 85, "spe": 85}, "ivs": {"hp": 31, "atk": 0, "def": 31, "spa": 31, "spd": 31, "spe": 31}, "item": "Leftovers", "teraType": "Steel", "role": "Bulky Setup", "bvs": {"hp": 97, "atk": 107, "def": 101, "spa": 127, "spd": 89, "spe": 79}, "stats": {"hp": 286, "atk": 176, "def": 208, "spa": 249, "spd": 189, "spe": 173}}, "Perrserker": {"name": "Perrserker", "species": "Perrserker", "speciesId": "perrserker", "gender": "M", "shiny": false, "level": 89, "moves": ["closecombat", "uturn", "ironhead", "knockoff"], "ability": "Tough Claws", "evs": {"hp": 85, "atk": 85, "def": 85, "spa": 85, "spd": 85, "spe": 85}, "ivs": {"hp": 31, "atk": 31, "def": 31, "spa": 31, "spd": 31, "spe": 31}, "item": "Choice Band", "teraType": "Fighting", "role": "Fast Attacker", "bvs": {"hp": 70, "atk": 110, "def": 100, "spa": 50, "spd": 60, "spe": 50}, "stats": {"hp": 269, "atk": 247, "def": 229, "spa": 140, "spd": 158, "spe": 140}}}, {"Meloetta": {"name": "Meloetta", "species": "Meloetta", "speciesId": "meloetta", "gender": "N", "shiny": false, "level": 82, "moves": ["hypervoice", "focusblast", "uturn", "psyshock"], "ability": "Serene Grace", "evs": {"hp": 85, "atk": 85, "def": 85, "spa": 85, "spd": 85, "spe": 85}, "ivs": {"hp": 31, "atk": 31, "def": 31, "spa": 31, "spd": 31, "spe": 31}, "item": "Choice Specs", "teraType": "Psychic", "role": "Bulky Attacker", "bvs": {"hp": 100, "atk": 77, "def": 77, "spa": 128, "spd": 128, "spe": 90}, "stats": {"hp": 298, "atk": 173, "def": 173, "spa": 257, "spd": 257, "spe": 195}}, "Brambleghast": {"name": "Brambleghast", "species": "Brambleghast", "speciesId": "brambleghast", "gender": "F", "shiny": false, "level": 88, "moves": ["spikes", "powerwhip", "strengthsap", "poltergeist"], "ability": "Wind Rider", "evs": {"hp": 85, "atk": 85, "def": 85, "spa": 85, "spd": 85, "spe": 85}, "ivs": {"hp": 31, "atk": 31, "def": 31, "spa": 31, "spd": 31, "spe": 31}, "item": "Leftovers", "teraType": "Water", "role": "Fast Support", "bvs": {"hp": 55, "atk": 115, "def": 70, "spa": 80, "spd": 70, "spe": 90}, "stats": {"hp": 240, "atk": 253, "def": 173, "spa": 191, "spd": 173, "spe": 209}}, "Zoroark": {"name": "Zoroark", "species": "Zoroark-Hisui", "speciesId": "zoroarkhisui", "gender": "F", "shiny": false, "level": 80, "moves": ["focusblast", "willowisp", "poltergeist", "hypervoice"], "ability": "Illusion", "evs": {"hp": 85, "atk": 85, "def": 85, "spa": 85, "spd": 85, "spe": 85}, "ivs": {"hp": 31, "atk": 31, "def": 31, "spa": 31, "spd": 31, "spe": 31}, "item": "Life Orb", "teraType": "Normal", "role": "Fast Attacker", "bvs": {"hp": 55, "atk": 100, "def": 60, "spa": 125, "spd": 60, "spe": 110}, "stats": {"hp": 219, "atk": 206, "def": 142, "spa": 246, "spd": 142, "spe": 222}}, "Slither Wing": {"name": "Slither Wing", "species": "Slither Wing", "speciesId": "slitherwing", "gender": "N", "shiny": false, "level": 81, "moves": ["morningsun", "uturn", "willowisp", "closecombat"], "ability": "Protosynthesis", "evs": {"hp": 85, "atk": 85, "def": 85, "spa": 85, "spd": 85, "spe": 85}, "ivs": {"hp": 31, "atk": 31, "def": 31, "spa": 31, "spd": 31, "spe": 31}, "item": "Heavy-Duty Boots", "teraType": "Fire", "role": "Fast Support", "bvs": {"hp": 85, "atk": 135, "def": 79, "spa": 85, "spd": 105, "spe": 81}, "stats": {"hp": 270, "atk": 265, "def": 175, "spa": 184, "spd": 217, "spe": 178}}, "Primarina": {"name": "Primarina", "species": "Primarina", "speciesId": "primarina", "gender": "F", "shiny": false, "level": 83, "moves": ["psychicnoise", "moonblast", "calmmind", "drainingkiss"], "ability": "Liquid Voice", "evs": {"hp": 85, "atk": 0, "def": 85, "spa": 85, "spd": 85, "spe": 85}, "ivs": {"hp": 31, "atk": 0, "def": 31, "spa": 31, "spd": 31, "spe": 31}, "item": "Leftovers", "teraType": "Steel", "role": "Bulky Setup", "bvs": {"hp": 80, "atk": 74, "def": 74, "spa": 126, "spd": 116, "spe": 60}, "stats": {"hp": 268, "atk": 127, "def": 171, "spa": 257, "spd": 240, "spe": 147}}, "Gyarados": {"name": "Gyarados", "species": "Gyarados", "speciesId": "gyarados", "gender": "F", "shiny": false, "level": 79, "moves": ["dragondance", "waterfall", "earthquake", "terablast"], "ability": "Moxie", "evs": {"hp": 85, "atk": 85, "def": 85, "spa": 85, "spd": 85, "spe": 85}, "ivs": {"hp": 31, "atk": 31, "def": 31, "spa": 31, "spd": 31, "spe": 31}, "item": "Heavy-Duty Boots", "teraType": "Flying", "role": "Tera Blast user", "bvs": {"hp": 95, "atk": 125, "def": 79, "spa": 60, "spd": 100, "spe": 81}, "stats": {"hp": 280, "atk": 243, "def": 170, "spa": 140, "spd": 204, "spe": 174}}}]}