{"id": "gen9randombattle-2631752015", "format": "[Gen 9] Random Battle", "players": ["SmolVersion", "Crinjal"], "log": "|j|\u2606SmolVersion\n|j|\u2606Crinjal\n|t:|1781433886\n|gametype|singles\n|player|p1|SmolVersion|102|1963\n|player|p2|Crinjal|veteran|1986\n|gen|9\n|tier|[Gen 9] Random Battle\n|rated|\n|rule|Species Clause: Limit one of each Pok\u00e9mon\n|rule|HP Percentage Mod: HP is shown in percentages\n|rule|Sleep Clause Mod: Limit one foe put to sleep\n|rule|Illusion Level Mod: Illusion disguises the Pok\u00e9mon's true level\n|\n|t:|1781433886\n|teamsize|p1|6\n|teamsize|p2|6\n|start\n|switch|p1a: Noctowl|Noctowl, L95, F|344/344\n|switch|p2a: Victreebel|Victreebel, L90, M|290/290\n|turn|1\n|inactive|Battle timer is ON: inactive players will automatically lose when time's up. (requested by SmolVersion)\n|j| mrbird077\n|\n|t:|1781433924\n|switch|p2a: Dragalge|Dragalge, L88, F|258/258\n|move|p1a: Noctowl|Hurricane|p2a: Dragalge|[miss]\n|-miss|p1a: Noctowl|p2a: Dragalge\n|\n|upkeep\n|turn|2\n|\n|t:|1781433943\n|move|p1a: Noctowl|Nasty Plot|p1a: Noctowl\n|-boost|p1a: Noctowl|spa|2\n|move|p2a: Dragalge|Toxic|p1a: Noctowl\n|-status|p1a: Noctowl|tox\n|\n|-damage|p1a: Noctowl|323/344 tox|[from] psn\n|upkeep\n|turn|3\n|\n|t:|1781433957\n|switch|p2a: Houndstone|Houndstone, L86, F|264/264\n|move|p1a: Noctowl|Hurricane|p2a: Houndstone|[miss]\n|-miss|p1a: Noctowl|p2a: Houndstone\n|\n|-damage|p1a: Noctowl|281/344 tox|[from] psn\n|upkeep\n|turn|4\n|\n|t:|1781433978\n|move|p1a: Noctowl|Hurricane|p2a: Houndstone\n|-damage|p2a: Houndstone|9/264\n|-start|p2a: Houndstone|confusion\n|-activate|p2a: Houndstone|confusion\n|move|p2a: Houndstone|Rest|p2a: Houndstone\n|-status|p2a: Houndstone|slp|[from] move: Rest\n|-heal|p2a: Houndstone|264/264 slp|[silent]\n|\n|-damage|p1a: Noctowl|218/344 tox|[from] psn\n|upkeep\n|turn|5\n|\n|t:|1781433993\n|switch|p1a: Skuntank|Skuntank, L84, M|310/310\n|cant|p2a: Houndstone|slp\n|-end|p2a: Houndstone|confusion\n|move|p2a: Houndstone|Sleep Talk|p2a: Houndstone\n|move|p2a: Houndstone|Body Press|p1a: Skuntank|[from] move: Sleep Talk\n|-damage|p1a: Skuntank|229/310\n|\n|upkeep\n|turn|6\n|inactive|Crinjal has 120 seconds left.\n|\n|t:|1781434025\n|switch|p2a: Dragalge|Dragalge, L88, F|258/258\n|move|p1a: Skuntank|Knock Off|p2a: Dragalge\n|-damage|p2a: Dragalge|136/258\n|-enditem|p2a: Dragalge|Leftovers|[from] move: Knock Off|[of] p1a: Skuntank\n|-damage|p1a: Skuntank|198/310|[from] item: Life Orb\n|\n|upkeep\n|turn|7\n|\n|t:|1781434041\n|move|p1a: Skuntank|Knock Off|p2a: Dragalge\n|-damage|p2a: Dragalge|58/258\n|-damage|p1a: Skuntank|167/310|[from] item: Life Orb\n|move|p2a: Dragalge|Draco Meteor|p1a: Skuntank\n|-damage|p1a: Skuntank|0 fnt\n|-unboost|p2a: Dragalge|spa|2\n|faint|p1a: Skuntank\n|\n|upkeep\n|\n|t:|1781434059\n|switch|p1a: Lucario|Lucario, L84, M|255/255\n|turn|8\n|inactive|Crinjal has 120 seconds left.\n|\n|t:|1781434064\n|move|p1a: Lucario|Nasty Plot|p1a: Lucario\n|-boost|p1a: Lucario|spa|2\n|move|p2a: Dragalge|Focus Blast|p1a: Lucario\n|-supereffective|p1a: Lucario\n|-damage|p1a: Lucario|149/255\n|\n|upkeep\n|turn|9\n|inactive|Crinjal has 120 seconds left.\n|\n|t:|1781434075\n|move|p1a: Lucario|Flash Cannon|p2a: Dragalge\n|-damage|p2a: Dragalge|0 fnt\n|faint|p2a: Dragalge\n|-damage|p1a: Lucario|124/255|[from] item: Life Orb\n|\n|upkeep\n|inactive|Crinjal has 120 seconds left.\n|\n|t:|1781434091\n|switch|p2a: Indeedee|Indeedee, L84, M|238/238\n|-fieldstart|move: Psychic Terrain|[from] ability: Psychic Surge|[of] p2a: Indeedee\n|turn|10\n|l|\u2606SmolVersion\n|inactive|SmolVersion disconnected and has a minute to reconnect!\n|player|p1|\n|c|\u2606Crinjal|who are you bird\n|inactive|SmolVersion has 30 seconds to reconnect!\n|c|\u2606Crinjal|smol's friend?\n|inactive|SmolVersion has 20 seconds to reconnect!\n|inactive|SmolVersion has 15 seconds to reconnect!\n|inactive|SmolVersion has 10 seconds to reconnect!\n|inactive|SmolVersion has 5 seconds to reconnect!\n|-message|SmolVersion lost due to inactivity.\n|\n|win|Crinjal\n", "inputlog": ">version a8376a258c1d4662feba110a92103f3664a72141\n>start {\"formatid\":\"gen9randombattle\",\"seed\":\"sodium,5876a6cafd2a87e6f4ec3302369fe570\",\"rated\":\"Rated battle\"}\n>player p1 {\"name\":\"SmolVersion\",\"avatar\":\"102\",\"rating\":1963,\"seed\":\"sodium,6323aeaa13bf684c4e22db92866209ed\"}\n>player p2 {\"name\":\"Crinjal\",\"avatar\":\"veteran\",\"rating\":1986,\"seed\":\"sodium,ed7cad55735c62e4625bc7905e441769\"}\n>p1 move hurricane\n>p2 switch 6\n>p1 move nastyplot\n>p2 move toxic\n>p1 move hurricane\n>p2 switch 3\n>p1 move hurricane\n>p2 move rest\n>p1 switch 2\n>p2 move sleeptalk\n>p1 move knockoff\n>p2 switch 3\n>p1 move knockoff\n>p2 move dracometeor\n>p1 switch 4\n>p1 move nastyplot\n>p2 move focusblast\n>p1 move flashcannon\n>p2 move focusblast\n>p2 switch 2\n>chat \u2606Crinjal|who are you bird\n>chat \u2606Crinjal|smol's friend?\n>forcelose p1", "uploadtime": 1781433888, "views": 7, "formatid": "gen9randombattle", "rating": null, "private": 0, "password": null, "player_dets": [{"name": "SmolVersion", "avatar": "102", "rating": 1963, "seed": "sodium,6323aeaa13bf684c4e22db92866209ed"}, {"name": "Crinjal", "avatar": "veteran", "rating": 1986, "seed": "sodium,ed7cad55735c62e4625bc7905e441769"}], "teams_full": [{"Noctowl": {"name": "Noctowl", "species": "Noctowl", "speciesId": "noctowl", "gender": "F", "shiny": false, "level": 95, "moves": ["hypervoice", "nastyplot", "roost", "hurricane"], "ability": "Tinted Lens", "evs": {"hp": 85, "atk": 0, "def": 85, "spa": 85, "spd": 85, "spe": 85}, "ivs": {"hp": 31, "atk": 0, "def": 31, "spa": 31, "spd": 31, "spe": 31}, "item": "Heavy-Duty Boots", "teraType": "Ground", "role": "Bulky Attacker", "bvs": {"hp": 100, "atk": 50, "def": 50, "spa": 86, "spd": 96, "spe": 70}, "stats": {"hp": 344, "atk": 100, "def": 149, "spa": 217, "spd": 236, "spe": 187}, "types": ["Normal", "Flying"]}, "Skuntank": {"name": "Skuntank", "species": "Skuntank", "speciesId": "skuntank", "gender": "M", "shiny": false, "level": 84, "moves": ["knockoff", "taunt", "gunkshot", "fireblast"], "ability": "Aftermath", "evs": {"hp": 85, "atk": 85, "def": 85, "spa": 85, "spd": 85, "spe": 85}, "ivs": {"hp": 31, "atk": 31, "def": 31, "spa": 31, "spd": 31, "spe": 31}, "item": "Life Orb", "teraType": "Poison", "role": "Fast Support", "bvs": {"hp": 103, "atk": 93, "def": 67, "spa": 71, "spd": 61, "spe": 84}, "stats": {"hp": 310, "atk": 204, "def": 161, "spa": 167, "spd": 151, "spe": 189}, "types": ["Poison", "Dark"]}, "Talonflame": {"name": "Talonflame", "species": "Talonflame", "speciesId": "talonflame", "gender": "F", "shiny": false, "level": 83, "moves": ["flareblitz", "swordsdance", "bravebird", "terablast"], "ability": "Gale Wings", "evs": {"hp": 85, "atk": 85, "def": 85, "spa": 85, "spd": 85, "spe": 85}, "ivs": {"hp": 31, "atk": 31, "def": 31, "spa": 31, "spd": 31, "spe": 31}, "item": "Heavy-Duty Boots", "teraType": "Ground", "role": "Tera Blast user", "bvs": {"hp": 78, "atk": 81, "def": 71, "spa": 74, "spd": 69, "spe": 126}, "stats": {"hp": 265, "atk": 182, "def": 166, "spa": 171, "spd": 162, "spe": 257}, "types": ["Fire", "Flying"]}, "Lucario": {"name": "Lucario", "species": "Lucario", "speciesId": "lucario", "gender": "M", "shiny": false, "level": 84, "moves": ["focusblast", "nastyplot", "vacuumwave", "flashcannon"], "ability": "Inner Focus", "evs": {"hp": 85, "atk": 0, "def": 85, "spa": 85, "spd": 85, "spe": 85}, "ivs": {"hp": 31, "atk": 0, "def": 31, "spa": 31, "spd": 31, "spe": 31}, "item": "Life Orb", "teraType": "Fighting", "role": "Setup Sweeper", "bvs": {"hp": 70, "atk": 110, "def": 70, "spa": 115, "spd": 70, "spe": 90}, "stats": {"hp": 255, "atk": 189, "def": 166, "spa": 241, "spd": 166, "spe": 199}, "types": ["Fighting", "Steel"]}, "Trevenant": {"name": "Trevenant", "species": "Trevenant", "speciesId": "trevenant", "gender": "M", "shiny": false, "level": 89, "moves": ["protect", "toxic", "poltergeist", "drainpunch"], "ability": "Harvest", "evs": {"hp": 85, "atk": 85, "def": 85, "spa": 85, "spd": 85, "spe": 85}, "ivs": {"hp": 31, "atk": 31, "def": 31, "spa": 31, "spd": 31, "spe": 31}, "item": "Sitrus Berry", "teraType": "Steel", "role": "Bulky Support", "bvs": {"hp": 85, "atk": 110, "def": 76, "spa": 65, "spd": 82, "spe": 56}, "stats": {"hp": 296, "atk": 247, "def": 186, "spa": 166, "spd": 197, "spe": 150}, "types": ["Ghost", "Grass"]}, "Golurk": {"name": "Golurk", "species": "Golurk", "speciesId": "golurk", "gender": "N", "shiny": false, "level": 87, "moves": ["poltergeist", "stealthrock", "stoneedge", "earthquake"], "ability": "No Guard", "evs": {"hp": 85, "atk": 85, "def": 85, "spa": 85, "spd": 85, "spe": 85}, "ivs": {"hp": 31, "atk": 31, "def": 31, "spa": 31, "spd": 31, "spe": 31}, "item": "Life Orb", "teraType": "Ghost", "role": "Wallbreaker", "bvs": {"hp": 89, "atk": 124, "def": 80, "spa": 55, "spd": 80, "spe": 55}, "stats": {"hp": 297, "atk": 266, "def": 189, "spa": 145, "spd": 189, "spe": 145}, "types": ["Ground", "Ghost"]}}, {"Victreebel": {"name": "Victreebel", "species": "Victreebel", "speciesId": "victreebel", "gender": "M", "shiny": false, "level": 90, "moves": ["sunnyday", "sludgewave", "weatherball", "powerwhip"], "ability": "Chlorophyll", "evs": {"hp": 85, "atk": 85, "def": 85, "spa": 85, "spd": 85, "spe": 85}, "ivs": {"hp": 31, "atk": 31, "def": 31, "spa": 31, "spd": 31, "spe": 31}, "item": "Life Orb", "teraType": "Fire", "role": "Fast Attacker", "bvs": {"hp": 80, "atk": 105, "def": 65, "spa": 100, "spd": 70, "spe": 70}, "stats": {"hp": 290, "atk": 240, "def": 168, "spa": 231, "spd": 177, "spe": 177}, "types": ["Grass", "Poison"]}, "Indeedee": {"name": "Indeedee", "species": "Indeedee", "speciesId": "indeedee", "gender": "M", "shiny": false, "level": 84, "moves": ["healingwish", "dazzlinggleam", "expandingforce", "hypervoice"], "ability": "Psychic Surge", "evs": {"hp": 85, "atk": 0, "def": 85, "spa": 85, "spd": 85, "spe": 85}, "ivs": {"hp": 31, "atk": 0, "def": 31, "spa": 31, "spd": 31, "spe": 31}, "item": "Choice Scarf", "teraType": "Psychic", "role": "Fast Attacker", "bvs": {"hp": 60, "atk": 65, "def": 55, "spa": 105, "spd": 95, "spe": 95}, "stats": {"hp": 238, "atk": 114, "def": 141, "spa": 225, "spd": 208, "spe": 208}, "types": ["Psychic", "Normal"]}, "Houndstone": {"name": "Houndstone", "species": "Houndstone", "speciesId": "houndstone", "gender": "F", "shiny": false, "level": 86, "moves": ["sleeptalk", "bodypress", "rest", "poltergeist"], "ability": "Fluffy", "evs": {"hp": 85, "atk": 85, "def": 85, "spa": 85, "spd": 85, "spe": 85}, "ivs": {"hp": 31, "atk": 31, "def": 31, "spa": 31, "spd": 31, "spe": 31}, "item": "Leftovers", "teraType": "Fighting", "role": "Bulky Support", "bvs": {"hp": 72, "atk": 101, "def": 100, "spa": 50, "spd": 97, "spe": 68}, "stats": {"hp": 264, "atk": 223, "def": 221, "spa": 135, "spd": 216, "spe": 166}, "types": ["Ghost"]}, "Oricorio": {"name": "Oricorio", "species": "Oricorio-Pa'u", "speciesId": "oricoriopau", "gender": "F", "shiny": false, "level": 87, "moves": ["roost", "hurricane", "revelationdance", "quiverdance"], "ability": "Dancer", "evs": {"hp": 85, "atk": 0, "def": 85, "spa": 85, "spd": 85, "spe": 85}, "ivs": {"hp": 31, "atk": 0, "def": 31, "spa": 31, "spd": 31, "spe": 31}, "item": "Heavy-Duty Boots", "teraType": "Fighting", "role": "Setup Sweeper", "bvs": {"hp": 75, "atk": 70, "def": 70, "spa": 98, "spd": 70, "spe": 93}, "stats": {"hp": 272, "atk": 126, "def": 172, "spa": 220, "spd": 172, "spe": 212}, "types": ["Psychic", "Flying"]}, "Kyurem": {"name": "Kyurem", "species": "Kyurem-Black", "speciesId": "kyuremblack", "gender": "N", "shiny": false, "level": 71, "moves": ["scaleshot", "iciclespear", "dragondance", "terablast"], "ability": "Teravolt", "evs": {"hp": 85, "atk": 85, "def": 85, "spa": 85, "spd": 85, "spe": 85}, "ivs": {"hp": 31, "atk": 31, "def": 31, "spa": 31, "spd": 31, "spe": 31}, "item": "Loaded Dice", "teraType": "Ground", "role": "Tera Blast user", "bvs": {"hp": 125, "atk": 170, "def": 100, "spa": 120, "spd": 90, "spe": 95}, "stats": {"hp": 295, "atk": 283, "def": 183, "spa": 212, "spd": 169, "spe": 176}, "types": ["Dragon", "Ice"]}, "Dragalge": {"name": "Dragalge", "species": "Dragalge", "speciesId": "dragalge", "gender": "F", "shiny": false, "level": 88, "moves": ["focusblast", "toxic", "dracometeor", "sludgewave"], "ability": "Adaptability", "evs": {"hp": 85, "atk": 0, "def": 85, "spa": 85, "spd": 85, "spe": 85}, "ivs": {"hp": 31, "atk": 0, "def": 31, "spa": 31, "spd": 31, "spe": 31}, "item": "Leftovers", "teraType": "Fighting", "role": "Bulky Attacker", "bvs": {"hp": 65, "atk": 75, "def": 90, "spa": 97, "spd": 123, "spe": 44}, "stats": {"hp": 258, "atk": 137, "def": 209, "spa": 221, "spd": 267, "spe": 128}, "types": ["Poison", "Dragon"]}}]}