{"id": "gen9randombattle-2631673754", "format": "[Gen 9] Random Battle", "players": ["pixy.flower\u2206", "renzoprieto"], "log": "|j|\u2606pixy.flower\u2206\n|j|\u2606renzoprieto\n|t:|1781419228\n|gametype|singles\n|player|p1|pixy.flower\u2206|265|1131\n|player|p2|renzoprieto|ghetsis|1123\n|gen|9\n|tier|[Gen 9] Random Battle\n|rated|\n|rule|Species Clause: Limit one of each Pok\u00e9mon\n|rule|HP Percentage Mod: HP is shown in percentages\n|rule|Sleep Clause Mod: Limit one foe put to sleep\n|rule|Illusion Level Mod: Illusion disguises the Pok\u00e9mon's true level\n|\n|t:|1781419228\n|teamsize|p1|6\n|teamsize|p2|6\n|start\n|switch|p1a: Pikachu|Pikachu-Sinnoh, L93, M|216/216\n|switch|p2a: Zekrom|Zekrom, L71|259/259\n|-ability|p2a: Zekrom|Teravolt\n|turn|1\n|\n|t:|1781419249\n|move|p1a: Pikachu|Fake Out|p2a: Zekrom\n|-damage|p2a: Zekrom|215/259\n|cant|p2a: Zekrom|flinch\n|\n|-heal|p2a: Zekrom|231/259|[from] item: Leftovers\n|upkeep\n|turn|2\n|inactive|Battle timer is ON: inactive players will automatically lose when time's up. (requested by pixy.flower\u2206)\n|\n|t:|1781419266\n|move|p1a: Pikachu|Knock Off|p2a: Zekrom\n|-damage|p2a: Zekrom|125/259\n|-enditem|p2a: Zekrom|Leftovers|[from] move: Knock Off|[of] p1a: Pikachu\n|move|p2a: Zekrom|Dragon Dance|p2a: Zekrom\n|-boost|p2a: Zekrom|atk|1\n|-boost|p2a: Zekrom|spe|1\n|\n|upkeep\n|turn|3\n|inactive|pixy.flower\u2206 has 120 seconds left.\n|l|\u2606pixy.flower\u2206\n|inactive|pixy.flower\u2206 disconnected and has a minute to reconnect!\n|player|p1|\n|j|\u2606pixy.flower\u2206\n|inactive|pixy.flower\u2206 reconnected and has 100 seconds left.\n|player|p1|pixy.flower\u2206|265|\n|inactive|pixy.flower\u2206 has 90 seconds left.\n|\n|t:|1781419335\n|switch|p1a: Pawmot|Pawmot, L80, F|243/243\n|move|p2a: Zekrom|Outrage|p1a: Pawmot\n|-damage|p1a: Pawmot|2/243\n|\n|upkeep\n|turn|4\n|inactive|pixy.flower\u2206 has 90 seconds left.\n|\n|t:|1781419351\n|move|p2a: Zekrom|Outrage|p1a: Pawmot|[from] lockedmove\n|-damage|p1a: Pawmot|0 fnt\n|faint|p1a: Pawmot\n|\n|upkeep\n|\n|t:|1781419359\n|switch|p1a: Spiritomb|Spiritomb, L89, F|234/234\n|turn|5\n|\n|t:|1781419368\n|move|p1a: Spiritomb|Sucker Punch|p2a: Zekrom\n|-damage|p2a: Zekrom|49/259\n|move|p2a: Zekrom|Outrage|p1a: Spiritomb|[from] lockedmove\n|-damage|p1a: Spiritomb|63/234\n|-start|p2a: Zekrom|confusion|[fatigue]\n|\n|-heal|p1a: Spiritomb|77/234|[from] item: Leftovers\n|upkeep\n|turn|6\n|inactive|pixy.flower\u2206 has 90 seconds left.\n|\n|t:|1781419379\n|move|p1a: Spiritomb|Sucker Punch||[still]\n|-fail|p1a: Spiritomb\n|-activate|p2a: Zekrom|confusion\n|move|p2a: Zekrom|Substitute|p2a: Zekrom\n|-fail|p2a: Zekrom|move: Substitute|[weak]\n|\n|-heal|p1a: Spiritomb|91/234|[from] item: Leftovers\n|upkeep\n|turn|7\n|inactive|pixy.flower\u2206 has 90 seconds left.\n|\n|t:|1781419387\n|move|p1a: Spiritomb|Sucker Punch|p2a: Zekrom\n|-damage|p2a: Zekrom|0 fnt\n|faint|p2a: Zekrom\n|\n|-heal|p1a: Spiritomb|105/234|[from] item: Leftovers\n|upkeep\n|\n|t:|1781419396\n|switch|p2a: Rillaboom|Rillaboom, L79, F|288/288\n|-fieldstart|move: Grassy Terrain|[from] ability: Grassy Surge|[of] p2a: Rillaboom\n|turn|8\n|\n|t:|1781419407\n|move|p2a: Rillaboom|Wood Hammer|p1a: Spiritomb\n|-damage|p1a: Spiritomb|0 fnt\n|faint|p1a: Spiritomb\n|-damage|p2a: Rillaboom|253/288|[from] Recoil\n|\n|-heal|p2a: Rillaboom|271/288|[from] Grassy Terrain\n|upkeep\n|inactive|pixy.flower\u2206 has 90 seconds left.\n|\n|t:|1781419418\n|switch|p1a: Camerupt|Camerupt, L91, F|275/275\n|turn|9\n|\n|t:|1781419424\n|switch|p2a: Chansey|Chansey, L85, F|564/564\n|move|p1a: Camerupt|Stealth Rock|p2a: Chansey\n|-sidestart|p2: renzoprieto|move: Stealth Rock\n|\n|upkeep\n|turn|10\n|\n|t:|1781419439\n|move|p2a: Chansey|Seismic Toss|p1a: Camerupt\n|-damage|p1a: Camerupt|190/275\n|move|p1a: Camerupt|Will-O-Wisp|p2a: Chansey\n|-status|p2a: Chansey|brn\n|\n|-heal|p1a: Camerupt|207/275|[from] Grassy Terrain\n|-heal|p1a: Camerupt|224/275|[from] item: Leftovers\n|-damage|p2a: Chansey|529/564 brn|[from] brn\n|upkeep\n|turn|11\n|inactive|pixy.flower\u2206 has 90 seconds left.\n|\n|t:|1781419477\n|switch|p1a: Pikachu|Pikachu-Sinnoh, L93, M|216/216\n|move|p2a: Chansey|Seismic Toss|p1a: Pikachu\n|-damage|p1a: Pikachu|131/216\n|\n|-heal|p1a: Pikachu|144/216|[from] Grassy Terrain\n|-heal|p2a: Chansey|564/564 brn|[from] Grassy Terrain\n|-damage|p2a: Chansey|529/564 brn|[from] brn\n|upkeep\n|turn|12\n|\n|t:|1781419488\n|-curestatus|p2a: Chansey|brn|[from] ability: Natural Cure|[silent]\n|switch|p2a: Zarude|Zarude, L77|288/288\n|-damage|p2a: Zarude|252/288|[from] Stealth Rock\n|move|p1a: Pikachu|Knock Off|p2a: Zarude\n|-resisted|p2a: Zarude\n|-damage|p2a: Zarude|201/288\n|-enditem|p2a: Zarude|Leftovers|[from] move: Knock Off|[of] p1a: Pikachu\n|\n|-heal|p1a: Pikachu|157/216|[from] Grassy Terrain\n|-heal|p2a: Zarude|219/288|[from] Grassy Terrain\n|-fieldend|move: Grassy Terrain\n|upkeep\n|turn|13\n|\n|t:|1781419510\n|move|p1a: Pikachu|Surf|p2a: Zarude\n|-resisted|p2a: Zarude\n|-damage|p2a: Zarude|168/288\n|move|p2a: Zarude|Swords Dance|p2a: Zarude\n|-boost|p2a: Zarude|atk|2\n|\n|upkeep\n|turn|14\n|\n|t:|1781419523\n|move|p1a: Pikachu|Volt Tackle|p2a: Zarude\n|-resisted|p2a: Zarude\n|-damage|p2a: Zarude|76/288\n|-damage|p1a: Pikachu|127/216|[from] Recoil\n|move|p2a: Zarude|Synthesis|p2a: Zarude\n|-heal|p2a: Zarude|220/288\n|\n|upkeep\n|turn|15\n|\n|t:|1781419533\n|switch|p1a: Camerupt|Camerupt, L91, F|224/275\n|move|p2a: Zarude|Synthesis|p2a: Zarude\n|-heal|p2a: Zarude|288/288\n|\n|-heal|p1a: Camerupt|241/275|[from] item: Leftovers\n|upkeep\n|turn|16\n|\n|t:|1781419547\n|move|p2a: Zarude|Knock Off|p1a: Camerupt\n|-damage|p1a: Camerupt|1/275\n|-enditem|p1a: Camerupt|Leftovers|[from] move: Knock Off|[of] p2a: Zarude\n|move|p1a: Camerupt|Overheat|p2a: Zarude\n|-supereffective|p2a: Zarude\n|-crit|p2a: Zarude\n|-damage|p2a: Zarude|0 fnt\n|-unboost|p1a: Camerupt|spa|2\n|faint|p2a: Zarude\n|\n|upkeep\n|\n|t:|1781419556\n|switch|p2a: Rillaboom|Rillaboom, L79, F|271/288\n|-damage|p2a: Rillaboom|235/288|[from] Stealth Rock\n|-fieldstart|move: Grassy Terrain|[from] ability: Grassy Surge|[of] p2a: Rillaboom\n|turn|17\n|\n|t:|1781419563\n|move|p2a: Rillaboom|Grassy Glide|p1a: Camerupt\n|-damage|p1a: Camerupt|0 fnt\n|faint|p1a: Camerupt\n|\n|-heal|p2a: Rillaboom|253/288|[from] Grassy Terrain\n|upkeep\n|\n|t:|1781419574\n|switch|p1a: Oranguru|Oranguru, L92, F|315/315\n|turn|18\n|\n|t:|1781419585\n|switch|p2a: Chansey|Chansey, L85, F|529/564\n|-damage|p2a: Chansey|459/564|[from] Stealth Rock\n|move|p1a: Oranguru|Hyper Voice|p2a: Chansey\n|-crit|p2a: Chansey\n|-damage|p2a: Chansey|320/564\n|\n|-heal|p2a: Chansey|355/564|[from] Grassy Terrain\n|upkeep\n|turn|19\n|\n|t:|1781419596\n|switch|p1a: Pikachu|Pikachu-Sinnoh, L93, M|127/216\n|move|p2a: Chansey|Thunder Wave|p1a: Pikachu\n|-ability|p1a: Pikachu|Lightning Rod|boost\n|-boost|p1a: Pikachu|spa|1\n|\n|-heal|p1a: Pikachu|140/216|[from] Grassy Terrain\n|-heal|p2a: Chansey|390/564|[from] Grassy Terrain\n|upkeep\n|turn|20\n|\n|t:|1781419605\n|move|p1a: Pikachu|Fake Out|p2a: Chansey\n|-damage|p2a: Chansey|282/564\n|cant|p2a: Chansey|flinch\n|\n|-heal|p1a: Pikachu|153/216|[from] Grassy Terrain\n|-heal|p2a: Chansey|317/564|[from] Grassy Terrain\n|upkeep\n|turn|21\n|\n|t:|1781419618\n|move|p1a: Pikachu|Volt Tackle|p2a: Chansey\n|-damage|p2a: Chansey|0 fnt\n|faint|p2a: Chansey\n|-damage|p1a: Pikachu|48/216|[from] Recoil\n|\n|-heal|p1a: Pikachu|61/216|[from] Grassy Terrain\n|-fieldend|move: Grassy Terrain\n|upkeep\n|\n|t:|1781419624\n|switch|p2a: Rillaboom|Rillaboom, L79, F|253/288\n|-damage|p2a: Rillaboom|217/288|[from] Stealth Rock\n|-fieldstart|move: Grassy Terrain|[from] ability: Grassy Surge|[of] p2a: Rillaboom\n|turn|22\n|inactive|pixy.flower\u2206 has 90 seconds left.\n|\n|t:|1781419635\n|move|p1a: Pikachu|Knock Off|p2a: Rillaboom\n|-damage|p2a: Rillaboom|100/288\n|-enditem|p2a: Rillaboom|Choice Band|[from] move: Knock Off|[of] p1a: Pikachu\n|move|p2a: Rillaboom|Wood Hammer|p1a: Pikachu\n|-damage|p1a: Pikachu|0 fnt\n|faint|p1a: Pikachu\n|-damage|p2a: Rillaboom|80/288|[from] Recoil\n|\n|-heal|p2a: Rillaboom|98/288|[from] Grassy Terrain\n|upkeep\n|\n|t:|1781419647\n|switch|p1a: Oranguru|Oranguru, L92, F|315/315\n|turn|23\n|\n|t:|1781419653\n|move|p2a: Rillaboom|U-turn|p1a: Oranguru\n|-supereffective|p1a: Oranguru\n|-damage|p1a: Oranguru|211/315\n|\n|t:|1781419657\n|switch|p2a: Charizard|Charizard, L85, F|271/271|[from] U-turn\n|move|p1a: Oranguru|Hyper Voice|p2a: Charizard\n|-damage|p2a: Charizard|120/271\n|\n|-heal|p1a: Oranguru|230/315|[from] Grassy Terrain\n|upkeep\n|turn|24\n|\n|t:|1781419665\n|move|p2a: Charizard|Focus Blast|p1a: Oranguru\n|-damage|p1a: Oranguru|162/315\n|move|p1a: Oranguru|Hyper Voice|p2a: Charizard\n|-damage|p2a: Charizard|0 fnt\n|faint|p2a: Charizard\n|\n|-heal|p1a: Oranguru|181/315|[from] Grassy Terrain\n|upkeep\n|\n|t:|1781419674\n|switch|p2a: Rillaboom|Rillaboom, L79, F|98/288\n|-damage|p2a: Rillaboom|62/288|[from] Stealth Rock\n|turn|25\n|\n|t:|1781419684\n|switch|p1a: Palkia|Palkia, L75|259/259\n|-ability|p1a: Palkia|Pressure\n|move|p2a: Rillaboom|Wood Hammer|p1a: Palkia\n|-damage|p1a: Palkia|69/259\n|-damage|p2a: Rillaboom|0 fnt|[from] Recoil\n|faint|p2a: Rillaboom\n|\n|-heal|p1a: Palkia|85/259|[from] Grassy Terrain\n|upkeep\n|\n|t:|1781419694\n|switch|p2a: Okidogi|Okidogi, L77, M|262/262\n|-damage|p2a: Okidogi|246/262|[from] Stealth Rock\n|turn|26\n|\n|t:|1781419710\n|move|p1a: Palkia|Spacial Rend|p2a: Okidogi\n|-damage|p2a: Okidogi|84/262\n|move|p2a: Okidogi|Gunk Shot|p1a: Palkia\n|-damage|p1a: Palkia|0 fnt\n|faint|p1a: Palkia\n|\n|-heal|p2a: Okidogi|100/262|[from] Grassy Terrain\n|-heal|p2a: Okidogi|116/262|[from] item: Leftovers\n|-fieldend|move: Grassy Terrain\n|upkeep\n|\n|t:|1781419719\n|switch|p1a: Oranguru|Oranguru, L92, F|181/315\n|turn|27\n|\n|t:|1781419722\n|-terastallize|p2a: Okidogi|Dark\n|move|p2a: Okidogi|Knock Off|p1a: Oranguru\n|-supereffective|p1a: Oranguru\n|-damage|p1a: Oranguru|0 fnt\n|-enditem|p1a: Oranguru|Choice Specs|[from] move: Knock Off|[of] p2a: Okidogi\n|faint|p1a: Oranguru\n|\n|win|renzoprieto\n|raw|pixy.flower\u2206's rating: 1131 &rarr; <strong>1105</strong><br />(-26 for losing)\n|raw|renzoprieto's rating: 1123 &rarr; <strong>1149</strong><br />(+26 for winning)\n|l|\u2606pixy.flower\u2206\n|player|p1|\n", "inputlog": ">version a8376a258c1d4662feba110a92103f3664a72141\n>start {\"formatid\":\"gen9randombattle\",\"seed\":\"sodium,28d3578e21640d2324994f6056b00c52\",\"rated\":\"Rated battle\"}\n>player p1 {\"name\":\"pixy.flower\u2206\",\"avatar\":\"265\",\"rating\":1131,\"seed\":\"sodium,c9f579e9352b6a574e110c1b8196a90a\"}\n>player p2 {\"name\":\"renzoprieto\",\"avatar\":\"ghetsis\",\"rating\":1123,\"seed\":\"sodium,5bf3f25fb647747bf387dc2d1bf66c0c\"}\n>p1 move fakeout\n>p2 move dragondance\n>p1 move knockoff\n>p2 move dragondance\n>p1 switch 3\n>p2 move outrage\n>p1 move closecombat\n>p2 move outrage\n>p1 switch 5\n>p1 move suckerpunch\n>p2 move outrage\n>p1 move suckerpunch\n>p2 move substitute\n>p1 move suckerpunch\n>p2 move boltstrike\n>p2 switch 2\n>p1 move willowisp\n>p2 move woodhammer\n>p1 switch 2\n>p1 move stealthrock\n>p2 switch 6\n>p1 move willowisp\n>p2 move seismictoss\n>p1 switch 3\n>p2 move seismictoss\n>p1 move knockoff\n>p2 switch 4\n>p1 move surf\n>p2 move swordsdance\n>p1 move volttackle\n>p2 move synthesis\n>p1 switch 3\n>p2 move synthesis\n>p1 move overheat\n>p2 move knockoff\n>p2 switch 6\n>p1 move willowisp\n>p2 move grassyglide\n>p1 switch 4\n>p1 move hypervoice\n>p2 switch 4\n>p1 switch 3\n>p2 move thunderwave\n>p1 move fakeout\n>p2 move seismictoss\n>p1 move volttackle\n>p2 move seismictoss\n>p2 switch 4\n>p1 move knockoff\n>p2 move woodhammer\n>p1 switch 3\n>p1 move hypervoice\n>p2 move uturn\n>p2 switch 5\n>p1 move hypervoice\n>p2 move focusblast\n>p2 switch 5\n>p1 switch 6\n>p2 move woodhammer\n>p2 switch 3\n>p1 move spacialrend\n>p2 move gunkshot\n>p1 switch 6\n>p1 move psyshock\n>p2 move knockoff terastallize", "uploadtime": 1781419732, "views": 5, "formatid": "gen9randombattle", "rating": 1105, "private": 0, "password": null, "player_dets": [{"name": "pixy.flower\u2206", "avatar": "265", "rating": 1131, "seed": "sodium,c9f579e9352b6a574e110c1b8196a90a"}, {"name": "renzoprieto", "avatar": "ghetsis", "rating": 1123, "seed": "sodium,5bf3f25fb647747bf387dc2d1bf66c0c"}], "teams_full": [{"Pikachu": {"name": "Pikachu", "species": "Pikachu-Sinnoh", "speciesId": "pikachu", "gender": "M", "shiny": false, "level": 93, "moves": ["volttackle", "knockoff", "surf", "fakeout"], "ability": "Lightning Rod", "evs": {"hp": 85, "atk": 85, "def": 85, "spa": 85, "spd": 85, "spe": 85}, "ivs": {"hp": 31, "atk": 31, "def": 31, "spa": 31, "spd": 31, "spe": 31}, "item": "Light Ball", "teraType": "Water", "role": "Fast Attacker", "bvs": {"hp": 35, "atk": 55, "def": 40, "spa": 50, "spd": 50, "spe": 90}, "stats": {"hp": 216, "atk": 155, "def": 127, "spa": 146, "spd": 146, "spe": 220}, "types": ["Electric"]}, "Camerupt": {"name": "Camerupt", "species": "Camerupt", "speciesId": "camerupt", "gender": "F", "shiny": false, "level": 91, "moves": ["stealthrock", "earthquake", "overheat", "willowisp"], "ability": "Solid Rock", "evs": {"hp": 85, "atk": 85, "def": 85, "spa": 85, "spd": 85, "spe": 85}, "ivs": {"hp": 31, "atk": 31, "def": 31, "spa": 31, "spd": 31, "spe": 31}, "item": "Leftovers", "teraType": "Grass", "role": "Bulky Support", "bvs": {"hp": 70, "atk": 100, "def": 70, "spa": 105, "spd": 75, "spe": 40}, "stats": {"hp": 275, "atk": 234, "def": 179, "spa": 243, "spd": 188, "spe": 125}, "types": ["Fire", "Ground"]}, "Pawmot": {"name": "Pawmot", "species": "Pawmot", "speciesId": "pawmot", "gender": "F", "shiny": false, "level": 80, "moves": ["closecombat", "doubleshock", "revivalblessing", "nuzzle"], "ability": "Volt Absorb", "evs": {"hp": 85, "atk": 85, "def": 85, "spa": 85, "spd": 85, "spe": 85}, "ivs": {"hp": 31, "atk": 31, "def": 31, "spa": 31, "spd": 31, "spe": 31}, "item": "Leppa Berry", "teraType": "Electric", "role": "Fast Attacker", "bvs": {"hp": 70, "atk": 115, "def": 70, "spa": 70, "spd": 60, "spe": 105}, "stats": {"hp": 243, "atk": 230, "def": 158, "spa": 158, "spd": 142, "spe": 214}, "types": ["Electric", "Fighting"]}, "Oranguru": {"name": "Oranguru", "species": "Oranguru", "speciesId": "oranguru", "gender": "F", "shiny": false, "level": 92, "moves": ["trick", "focusblast", "hypervoice", "psyshock"], "ability": "Inner Focus", "evs": {"hp": 85, "atk": 0, "def": 85, "spa": 85, "spd": 85, "spe": 85}, "ivs": {"hp": 31, "atk": 0, "def": 31, "spa": 31, "spd": 31, "spe": 31}, "item": "Choice Specs", "teraType": "Fighting", "role": "Wallbreaker", "bvs": {"hp": 90, "atk": 60, "def": 80, "spa": 90, "spd": 110, "spe": 60}, "stats": {"hp": 315, "atk": 115, "def": 200, "spa": 218, "spd": 255, "spe": 163}, "types": ["Normal", "Psychic"]}, "Spiritomb": {"name": "Spiritomb", "species": "Spiritomb", "speciesId": "spiritomb", "gender": "F", "shiny": false, "level": 89, "moves": ["willowisp", "suckerpunch", "foulplay", "poltergeist"], "ability": "Infiltrator", "evs": {"hp": 85, "atk": 85, "def": 85, "spa": 85, "spd": 85, "spe": 85}, "ivs": {"hp": 31, "atk": 31, "def": 31, "spa": 31, "spd": 31, "spe": 31}, "item": "Leftovers", "teraType": "Poison", "role": "Bulky Support", "bvs": {"hp": 50, "atk": 92, "def": 108, "spa": 92, "spd": 108, "spe": 35}, "stats": {"hp": 234, "atk": 215, "def": 243, "spa": 215, "spd": 243, "spe": 113}, "types": ["Ghost", "Dark"]}, "Palkia": {"name": "Palkia", "species": "Palkia", "speciesId": "palkia", "gender": "N", "shiny": false, "level": 75, "moves": ["fireblast", "thunderwave", "spacialrend", "hydropump"], "ability": "Pressure", "evs": {"hp": 85, "atk": 0, "def": 85, "spa": 85, "spd": 85, "spe": 85}, "ivs": {"hp": 31, "atk": 0, "def": 31, "spa": 31, "spd": 31, "spe": 31}, "item": "Lustrous Orb", "teraType": "Water", "role": "Bulky Attacker", "bvs": {"hp": 90, "atk": 120, "def": 100, "spa": 150, "spd": 120, "spe": 100}, "stats": {"hp": 259, "atk": 185, "def": 194, "spa": 269, "spd": 224, "spe": 194}, "types": ["Water", "Dragon"]}}, {"Zekrom": {"name": "Zekrom", "species": "Zekrom", "speciesId": "zekrom", "gender": "N", "shiny": false, "level": 71, "moves": ["substitute", "dragondance", "outrage", "boltstrike"], "ability": "Teravolt", "evs": {"hp": 85, "atk": 85, "def": 85, "spa": 85, "spd": 85, "spe": 85}, "ivs": {"hp": 31, "atk": 31, "def": 31, "spa": 31, "spd": 31, "spe": 31}, "item": "Leftovers", "teraType": "Steel", "role": "Setup Sweeper", "bvs": {"hp": 100, "atk": 150, "def": 120, "spa": 120, "spd": 100, "spe": 90}, "stats": {"hp": 259, "atk": 254, "def": 212, "spa": 212, "spd": 183, "spe": 169}, "types": ["Dragon", "Electric"]}, "Rillaboom": {"name": "Rillaboom", "species": "Rillaboom", "speciesId": "rillaboom", "gender": "F", "shiny": false, "level": 79, "moves": ["grassyglide", "woodhammer", "highhorsepower", "uturn"], "ability": "Grassy Surge", "evs": {"hp": 85, "atk": 85, "def": 85, "spa": 85, "spd": 85, "spe": 85}, "ivs": {"hp": 31, "atk": 31, "def": 31, "spa": 31, "spd": 31, "spe": 31}, "item": "Choice Band", "teraType": "Grass", "role": "Fast Attacker", "bvs": {"hp": 100, "atk": 125, "def": 90, "spa": 60, "spd": 70, "spe": 85}, "stats": {"hp": 288, "atk": 243, "def": 188, "spa": 140, "spd": 156, "spe": 180}, "types": ["Grass"]}, "Okidogi": {"name": "Okidogi", "species": "Okidogi", "speciesId": "okidogi", "gender": "M", "shiny": false, "level": 77, "moves": ["bulkup", "knockoff", "gunkshot", "drainpunch"], "ability": "Toxic Chain", "evs": {"hp": 85, "atk": 85, "def": 85, "spa": 85, "spd": 85, "spe": 85}, "ivs": {"hp": 31, "atk": 31, "def": 31, "spa": 31, "spd": 31, "spe": 31}, "item": "Leftovers", "teraType": "Dark", "role": "Bulky Setup", "bvs": {"hp": 88, "atk": 128, "def": 115, "spa": 58, "spd": 86, "spe": 80}, "stats": {"hp": 262, "atk": 242, "def": 222, "spa": 134, "spd": 177, "spe": 168}, "types": ["Poison", "Fighting"]}, "Zarude": {"name": "Zarude", "species": "Zarude", "speciesId": "zarude", "gender": "N", "shiny": false, "level": 77, "moves": ["swordsdance", "knockoff", "synthesis", "powerwhip"], "ability": "Leaf Guard", "evs": {"hp": 85, "atk": 85, "def": 85, "spa": 85, "spd": 85, "spe": 85}, "ivs": {"hp": 31, "atk": 31, "def": 31, "spa": 31, "spd": 31, "spe": 31}, "item": "Leftovers", "teraType": "Dark", "role": "Fast Bulky Setup", "bvs": {"hp": 105, "atk": 120, "def": 105, "spa": 70, "spd": 95, "spe": 105}, "stats": {"hp": 288, "atk": 229, "def": 206, "spa": 152, "spd": 191, "spe": 206}, "types": ["Dark", "Grass"]}, "Charizard": {"name": "Charizard", "species": "Charizard", "speciesId": "charizard", "gender": "F", "shiny": false, "level": 85, "moves": ["flamethrower", "hurricane", "earthquake", "focusblast"], "ability": "Blaze", "evs": {"hp": 85, "atk": 85, "def": 85, "spa": 85, "spd": 85, "spe": 85}, "ivs": {"hp": 31, "atk": 31, "def": 31, "spa": 31, "spd": 31, "spe": 31}, "item": "Heavy-Duty Boots", "teraType": "Fire", "role": "Fast Attacker", "bvs": {"hp": 78, "atk": 84, "def": 78, "spa": 109, "spd": 85, "spe": 100}, "stats": {"hp": 271, "atk": 192, "def": 181, "spa": 234, "spd": 193, "spe": 219}, "types": ["Fire", "Flying"]}, "Chansey": {"name": "Chansey", "species": "Chansey", "speciesId": "chansey", "gender": "F", "shiny": false, "level": 85, "moves": ["softboiled", "thunderwave", "healbell", "seismictoss"], "ability": "Natural Cure", "evs": {"hp": 85, "atk": 0, "def": 85, "spa": 85, "spd": 85, "spe": 85}, "ivs": {"hp": 31, "atk": 0, "def": 31, "spa": 31, "spd": 31, "spe": 31}, "item": "Eviolite", "teraType": "Poison", "role": "Bulky Support", "bvs": {"hp": 250, "atk": 5, "def": 5, "spa": 35, "spd": 105, "spe": 50}, "stats": {"hp": 564, "atk": 13, "def": 57, "spa": 108, "spd": 227, "spe": 134}, "types": ["Normal"]}}]}