{"id": "gen9randombattle-2631618347", "format": "[Gen 9] Random Battle", "players": ["schleeby", "WhatEver2102"], "log": "|j|\u2606schleeby\n|j|\u2606WhatEver2102\n|t:|1781409694\n|gametype|singles\n|player|p1|schleeby|rosa|2029\n|player|p2|WhatEver2102|juan|2050\n|gen|9\n|tier|[Gen 9] Random Battle\n|rated|\n|rule|Species Clause: Limit one of each Pok\u00e9mon\n|rule|HP Percentage Mod: HP is shown in percentages\n|rule|Sleep Clause Mod: Limit one foe put to sleep\n|rule|Illusion Level Mod: Illusion disguises the Pok\u00e9mon's true level\n|\n|t:|1781409694\n|teamsize|p1|6\n|teamsize|p2|6\n|start\n|switch|p1a: Wugtrio|Wugtrio, L91, F|212/212\n|switch|p2a: Gouging Fire|Gouging Fire, L74|277/277\n|turn|1\n|inactive|Battle timer is ON: inactive players will automatically lose when time's up. (requested by schleeby)\n|inactive|WhatEver2102 has 120 seconds left.\n|\n|t:|1781409758\n|-end|p2a: Gouging Fire|Protosynthesis|[silent]\n|switch|p2a: Dunsparce|Dunsparce, L86, F|312/312\n|move|p1a: Wugtrio|Liquidation|p2a: Dunsparce\n|-damage|p2a: Dunsparce|198/312\n|-unboost|p2a: Dunsparce|def|1\n|\n|upkeep\n|turn|2\n|\n|t:|1781409763\n|move|p1a: Wugtrio|Liquidation|p2a: Dunsparce\n|-damage|p2a: Dunsparce|0 fnt\n|faint|p2a: Dunsparce\n|\n|upkeep\n|\n|t:|1781409768\n|switch|p2a: Eelektross|Eelektross, L87, F|290/290\n|turn|3\n|\n|t:|1781409773\n|switch|p1a: Pachirisu|Pachirisu, L96, F|271/271\n|move|p2a: Eelektross|Supercell Slam|p1a: Pachirisu\n|-immune|p1a: Pachirisu|[from] ability: Volt Absorb\n|-damage|p2a: Eelektross|145/290|[from] supercellslam\n|\n|-heal|p2a: Eelektross|163/290|[from] item: Leftovers\n|upkeep\n|turn|4\n|\n|t:|1781409782\n|move|p1a: Pachirisu|Encore|p2a: Eelektross\n|-start|p2a: Eelektross|Encore\n|move|p2a: Eelektross|Supercell Slam|p1a: Pachirisu\n|-immune|p1a: Pachirisu|[from] ability: Volt Absorb\n|-damage|p2a: Eelektross|18/290|[from] supercellslam\n|\n|-heal|p2a: Eelektross|36/290|[from] item: Leftovers\n|upkeep\n|turn|5\n|\n|t:|1781409788\n|switch|p2a: Quagsire|Quagsire, L84, F|297/297\n|move|p1a: Pachirisu|U-turn|p2a: Quagsire\n|-damage|p2a: Quagsire|259/297\n|\n|t:|1781409802\n|switch|p1a: Greninja|Greninja, L80, M|246/246|[from] U-turn\n|\n|-heal|p2a: Quagsire|277/297|[from] item: Leftovers\n|upkeep\n|turn|6\n|\n|t:|1781409811\n|move|p1a: Greninja|Grass Knot|p2a: Quagsire\n|-start|p1a: Greninja|typechange|Grass|[from] ability: Protean\n|-supereffective|p2a: Quagsire\n|-damage|p2a: Quagsire|0 fnt\n|faint|p2a: Quagsire\n|\n|upkeep\n|\n|t:|1781409817\n|switch|p2a: Gardevoir|Gardevoir, L83, M|249/249\n|-ability|p2a: Gardevoir|Protean|Trace|[from] ability: Trace|[of] p1a: Greninja\n|turn|7\n|\n|t:|1781409827\n|switch|p1a: Gothitelle|Gothitelle, L90, M|272/272\n|move|p2a: Gardevoir|Moonblast|p1a: Gothitelle\n|-start|p2a: Gardevoir|typechange|Fairy|[from] ability: Protean\n|-damage|p1a: Gothitelle|169/272\n|-unboost|p1a: Gothitelle|spa|1\n|\n|upkeep\n|turn|8\n|\n|t:|1781409833\n|move|p2a: Gardevoir|Moonblast|p1a: Gothitelle\n|-damage|p1a: Gothitelle|69/272\n|move|p1a: Gothitelle|Dark Pulse|p2a: Gardevoir\n|-resisted|p2a: Gardevoir\n|-damage|p2a: Gardevoir|231/249\n|\n|upkeep\n|turn|9\n|\n|t:|1781409836\n|move|p2a: Gardevoir|Moonblast|p1a: Gothitelle\n|-damage|p1a: Gothitelle|0 fnt\n|faint|p1a: Gothitelle\n|\n|upkeep\n|\n|t:|1781409839\n|switch|p1a: Wugtrio|Wugtrio, L91, F|212/212\n|turn|10\n|\n|t:|1781409842\n|move|p2a: Gardevoir|Moonblast|p1a: Wugtrio\n|-damage|p1a: Wugtrio|70/212\n|move|p1a: Wugtrio|Liquidation|p2a: Gardevoir\n|-damage|p2a: Gardevoir|18/249\n|\n|upkeep\n|turn|11\n|\n|t:|1781409848\n|switch|p1a: Pachirisu|Pachirisu, L96, F|271/271\n|move|p2a: Gardevoir|Moonblast|p1a: Pachirisu\n|-damage|p1a: Pachirisu|160/271\n|-unboost|p1a: Pachirisu|spa|1\n|\n|upkeep\n|turn|12\n|\n|t:|1781409853\n|move|p2a: Gardevoir|Moonblast|p1a: Pachirisu\n|-damage|p1a: Pachirisu|61/271\n|move|p1a: Pachirisu|Discharge|p2a: Gardevoir\n|-damage|p2a: Gardevoir|0 fnt\n|faint|p2a: Gardevoir\n|\n|upkeep\n|\n|t:|1781409860\n|switch|p2a: Eelektross|Eelektross, L87, F|36/290\n|turn|13\n|\n|t:|1781409865\n|move|p1a: Pachirisu|U-turn|p2a: Eelektross\n|-damage|p2a: Eelektross|0 fnt\n|faint|p2a: Eelektross\n|\n|t:|1781409870\n|switch|p1a: Wugtrio|Wugtrio, L91, F|70/212|[from] U-turn\n|\n|upkeep\n|\n|t:|1781409877\n|switch|p2a: Gouging Fire|Gouging Fire, L74|277/277\n|turn|14\n|\n|t:|1781409880\n|move|p1a: Wugtrio|Liquidation|p2a: Gouging Fire\n|-damage|p2a: Gouging Fire|139/277\n|move|p2a: Gouging Fire|Dragon Dance|p2a: Gouging Fire\n|-boost|p2a: Gouging Fire|atk|1\n|-boost|p2a: Gouging Fire|spe|1\n|\n|upkeep\n|turn|15\n|\n|t:|1781409892\n|move|p1a: Wugtrio|Liquidation|p2a: Gouging Fire\n|-damage|p2a: Gouging Fire|0 fnt\n|faint|p2a: Gouging Fire\n|-end|p2a: Gouging Fire|Protosynthesis|[silent]\n|\n|upkeep\n|-message|WhatEver2102 forfeited.\n|\n|win|schleeby\n", "inputlog": ">version a8376a258c1d4662feba110a92103f3664a72141\n>start {\"formatid\":\"gen9randombattle\",\"seed\":\"sodium,c03e1997de4878e010633d8c23667900\",\"rated\":\"Rated battle\"}\n>player p1 {\"name\":\"schleeby\",\"avatar\":\"rosa\",\"rating\":2029,\"seed\":\"sodium,34eddaf9d4b967b7e33a0006e4130bc5\"}\n>player p2 {\"name\":\"WhatEver2102\",\"avatar\":\"juan\",\"rating\":2050,\"seed\":\"sodium,580f6d5329e3a283971b4d308039e451\"}\n>p1 move liquidation\n>p2 switch 5\n>p1 move liquidation\n>p2 move bodyslam\n>p2 switch 3\n>p1 switch 6\n>p2 move supercellslam\n>p1 move encore\n>p2 move knockoff\n>p1 move uturn\n>p2 switch 2\n>p1 switch 4\n>p1 move grassknot\n>p2 move toxic\n>p2 switch 6\n>p1 switch 3\n>p2 move moonblast\n>p1 move darkpulse\n>p2 move moonblast\n>p1 move darkpulse\n>p2 move moonblast\n>p1 switch 6\n>p1 move liquidation\n>p2 move moonblast\n>p1 switch 4\n>p2 move moonblast\n>p1 move discharge\n>p2 move moonblast\n>p2 switch 2\n>p1 move uturn\n>p2 move drainpunch\n>p1 switch 4\n>p2 switch 5\n>p1 move liquidation\n>p2 move dragondance\n>p1 move liquidation\n>p2 move dragondance\n>forcelose p2", "uploadtime": 1781409697, "views": 6, "formatid": "gen9randombattle", "rating": null, "private": 0, "password": null, "player_dets": [{"name": "schleeby", "avatar": "rosa", "rating": 2029, "seed": "sodium,34eddaf9d4b967b7e33a0006e4130bc5"}, {"name": "WhatEver2102", "avatar": "juan", "rating": 2050, "seed": "sodium,580f6d5329e3a283971b4d308039e451"}], "teams_full": [{"Wugtrio": {"name": "Wugtrio", "species": "Wugtrio", "speciesId": "wugtrio", "gender": "F", "shiny": false, "level": 91, "moves": ["liquidation", "throatchop", "stompingtantrum", "aquajet"], "ability": "Gooey", "evs": {"hp": 85, "atk": 85, "def": 85, "spa": 85, "spd": 85, "spe": 85}, "ivs": {"hp": 31, "atk": 31, "def": 31, "spa": 31, "spd": 31, "spe": 31}, "item": "Choice Band", "teraType": "Water", "role": "Fast Attacker", "bvs": {"hp": 35, "atk": 100, "def": 50, "spa": 50, "spd": 70, "spe": 120}, "stats": {"hp": 212, "atk": 234, "def": 143, "spa": 143, "spd": 179, "spe": 270}}, "Ninetales": {"name": "Ninetales", "species": "Ninetales-Alola", "speciesId": "ninetalesalola", "gender": "M", "shiny": false, "level": 78, "moves": ["encore", "blizzard", "moonblast", "auroraveil"], "ability": "Snow Warning", "evs": {"hp": 85, "atk": 0, "def": 85, "spa": 85, "spd": 85, "spe": 85}, "ivs": {"hp": 31, "atk": 0, "def": 31, "spa": 31, "spd": 31, "spe": 31}, "item": "Light Clay", "teraType": "Steel", "role": "Fast Support", "bvs": {"hp": 73, "atk": 67, "def": 75, "spa": 81, "spd": 100, "spe": 109}, "stats": {"hp": 242, "atk": 109, "def": 162, "spa": 171, "spd": 201, "spe": 215}}, "Gothitelle": {"name": "Gothitelle", "species": "Gothitelle", "speciesId": "gothitelle", "gender": "M", "shiny": false, "level": 90, "moves": ["darkpulse", "focusblast", "psychic", "trick"], "ability": "Shadow Tag", "evs": {"hp": 85, "atk": 0, "def": 85, "spa": 85, "spd": 85, "spe": 85}, "ivs": {"hp": 31, "atk": 0, "def": 31, "spa": 31, "spd": 31, "spe": 31}, "item": "Choice Scarf", "teraType": "Dark", "role": "Fast Attacker", "bvs": {"hp": 70, "atk": 55, "def": 95, "spa": 95, "spd": 110, "spe": 65}, "stats": {"hp": 272, "atk": 104, "def": 222, "spa": 222, "spd": 249, "spe": 168}}, "Greninja": {"name": "Greninja", "species": "Greninja", "speciesId": "greninja", "gender": "M", "shiny": false, "level": 80, "moves": ["darkpulse", "icebeam", "grassknot", "hydropump"], "ability": "Protean", "evs": {"hp": 85, "atk": 0, "def": 85, "spa": 85, "spd": 85, "spe": 85}, "ivs": {"hp": 31, "atk": 0, "def": 31, "spa": 31, "spd": 31, "spe": 31}, "item": "Choice Specs", "teraType": "Dark", "role": "Fast Attacker", "bvs": {"hp": 72, "atk": 95, "def": 67, "spa": 103, "spd": 71, "spe": 122}, "stats": {"hp": 246, "atk": 157, "def": 153, "spa": 211, "spd": 160, "spe": 241}}, "Latias": {"name": "Latias", "species": "Latias", "speciesId": "latias", "gender": "F", "shiny": false, "level": 79, "moves": ["calmmind", "recover", "dracometeor", "psyshock"], "ability": "Levitate", "evs": {"hp": 85, "atk": 0, "def": 85, "spa": 85, "spd": 85, "spe": 85}, "ivs": {"hp": 31, "atk": 0, "def": 31, "spa": 31, "spd": 31, "spe": 31}, "item": "Soul Dew", "teraType": "Steel", "role": "Fast Bulky Setup", "bvs": {"hp": 80, "atk": 80, "def": 90, "spa": 110, "spd": 130, "spe": 110}, "stats": {"hp": 256, "atk": 131, "def": 188, "spa": 219, "spd": 251, "spe": 219}}, "Pachirisu": {"name": "Pachirisu", "species": "Pachirisu", "speciesId": "pachirisu", "gender": "F", "shiny": false, "level": 96, "moves": ["superfang", "uturn", "encore", "discharge"], "ability": "Volt Absorb", "evs": {"hp": 85, "atk": 85, "def": 85, "spa": 85, "spd": 85, "spe": 85}, "ivs": {"hp": 31, "atk": 31, "def": 31, "spa": 31, "spd": 31, "spe": 31}, "item": "Heavy-Duty Boots", "teraType": "Flying", "role": "Fast Support", "bvs": {"hp": 60, "atk": 45, "def": 70, "spa": 45, "spd": 90, "spe": 95}, "stats": {"hp": 271, "atk": 141, "def": 189, "spa": 141, "spd": 227, "spe": 237}}}, {"Gouging Fire": {"name": "Gouging Fire", "species": "Gouging Fire", "speciesId": "gougingfire", "gender": "N", "shiny": false, "level": 74, "moves": ["dragondance", "heatcrash", "outrage", "earthquake"], "ability": "Protosynthesis", "evs": {"hp": 85, "atk": 85, "def": 85, "spa": 85, "spd": 85, "spe": 85}, "ivs": {"hp": 31, "atk": 31, "def": 31, "spa": 31, "spd": 31, "spe": 31}, "item": "Heavy-Duty Boots", "teraType": "Ground", "role": "Setup Sweeper", "bvs": {"hp": 105, "atk": 115, "def": 121, "spa": 65, "spd": 93, "spe": 91}, "stats": {"hp": 277, "atk": 213, "def": 222, "spa": 139, "spd": 181, "spe": 178}}, "Quagsire": {"name": "Quagsire", "species": "Quagsire", "speciesId": "quagsire", "gender": "F", "shiny": false, "level": 84, "moves": ["recover", "spikes", "toxic", "earthquake"], "ability": "Unaware", "evs": {"hp": 85, "atk": 85, "def": 85, "spa": 85, "spd": 85, "spe": 85}, "ivs": {"hp": 31, "atk": 31, "def": 31, "spa": 31, "spd": 31, "spe": 31}, "item": "Leftovers", "teraType": "Steel", "role": "Bulky Support", "bvs": {"hp": 95, "atk": 85, "def": 85, "spa": 65, "spd": 65, "spe": 35}, "stats": {"hp": 297, "atk": 191, "def": 191, "spa": 157, "spd": 157, "spe": 107}}, "Eelektross": {"name": "Eelektross", "species": "Eelektross", "speciesId": "eelektross", "gender": "F", "shiny": false, "level": 87, "moves": ["coil", "knockoff", "drainpunch", "supercellslam"], "ability": "Levitate", "evs": {"hp": 85, "atk": 85, "def": 85, "spa": 85, "spd": 85, "spe": 85}, "ivs": {"hp": 31, "atk": 31, "def": 31, "spa": 31, "spd": 31, "spe": 31}, "item": "Leftovers", "teraType": "Fighting", "role": "Bulky Setup", "bvs": {"hp": 85, "atk": 115, "def": 80, "spa": 105, "spd": 80, "spe": 50}, "stats": {"hp": 290, "atk": 250, "def": 189, "spa": 232, "spd": 189, "spe": 137}}, "Charizard": {"name": "Charizard", "species": "Charizard", "speciesId": "charizard", "gender": "M", "shiny": false, "level": 85, "moves": ["earthquake", "dragondance", "outrage", "flareblitz"], "ability": "Blaze", "evs": {"hp": 85, "atk": 85, "def": 85, "spa": 85, "spd": 85, "spe": 85}, "ivs": {"hp": 31, "atk": 31, "def": 31, "spa": 31, "spd": 31, "spe": 31}, "item": "Heavy-Duty Boots", "teraType": "Dragon", "role": "Setup Sweeper", "bvs": {"hp": 78, "atk": 84, "def": 78, "spa": 109, "spd": 85, "spe": 100}, "stats": {"hp": 271, "atk": 192, "def": 181, "spa": 234, "spd": 193, "spe": 219}}, "Dunsparce": {"name": "Dunsparce", "species": "Dunsparce", "speciesId": "dunsparce", "gender": "F", "shiny": false, "level": 86, "moves": ["bodyslam", "earthquake", "roost", "coil"], "ability": "Serene Grace", "evs": {"hp": 85, "atk": 85, "def": 85, "spa": 85, "spd": 85, "spe": 85}, "ivs": {"hp": 31, "atk": 31, "def": 31, "spa": 31, "spd": 31, "spe": 31}, "item": "Eviolite", "teraType": "Ground", "role": "Bulky Setup", "bvs": {"hp": 100, "atk": 70, "def": 70, "spa": 65, "spd": 65, "spe": 45}, "stats": {"hp": 312, "atk": 170, "def": 170, "spa": 161, "spd": 161, "spe": 127}}, "Gardevoir": {"name": "Gardevoir", "species": "Gardevoir", "speciesId": "gardevoir", "gender": "M", "shiny": false, "level": 83, "moves": ["psyshock", "moonblast", "healingwish", "focusblast"], "ability": "Trace", "evs": {"hp": 85, "atk": 0, "def": 85, "spa": 85, "spd": 85, "spe": 85}, "ivs": {"hp": 31, "atk": 0, "def": 31, "spa": 31, "spd": 31, "spe": 31}, "item": "Choice Scarf", "teraType": "Fighting", "role": "Fast Attacker", "bvs": {"hp": 68, "atk": 65, "def": 65, "spa": 125, "spd": 115, "spe": 80}, "stats": {"hp": 249, "atk": 112, "def": 156, "spa": 255, "spd": 239, "spe": 180}}}]}