{"id": "gen9randombattle-2631453154", "format": "[Gen 9] Random Battle", "players": ["hudsonrain", "feraligatr08"], "log": "|j|\u2606hudsonrain\n|j|\u2606feraligatr08\n|t:|1781386511\n|gametype|singles\n|player|p1|hudsonrain|266|2077\n|player|p2|feraligatr08|colress|2120\n|gen|9\n|tier|[Gen 9] Random Battle\n|rated|\n|rule|Species Clause: Limit one of each Pok\u00e9mon\n|rule|HP Percentage Mod: HP is shown in percentages\n|rule|Sleep Clause Mod: Limit one foe put to sleep\n|rule|Illusion Level Mod: Illusion disguises the Pok\u00e9mon's true level\n|\n|t:|1781386511\n|teamsize|p1|6\n|teamsize|p2|6\n|start\n|switch|p1a: Spidops|Spidops, L96, M|271/271\n|switch|p2a: Medicham|Medicham, L86, M|243/243\n|turn|1\n|\n|t:|1781386518\n|move|p2a: Medicham|Zen Headbutt|p1a: Spidops\n|-damage|p1a: Spidops|166/271\n|cant|p1a: Spidops|flinch\n|\n|upkeep\n|turn|2\n|inactive|Battle timer is ON: inactive players will automatically lose when time's up. (requested by hudsonrain)\n|\n|t:|1781386533\n|move|p2a: Medicham|Zen Headbutt|p1a: Spidops|[miss]\n|-miss|p2a: Medicham|p1a: Spidops\n|move|p1a: Spidops|Sticky Web|p2a: Medicham\n|-sidestart|p2: feraligatr08|move: Sticky Web\n|\n|upkeep\n|turn|3\n|\n|t:|1781386536\n|switch|p1a: Bisharp|Bisharp, L79, F|232/232\n|move|p2a: Medicham|Zen Headbutt|p1a: Bisharp\n|-immune|p1a: Bisharp\n|\n|upkeep\n|turn|4\n|\n|t:|1781386547\n|switch|p2a: Avalugg|Avalugg, L88, M|310/310\n|move|p1a: Bisharp|Stealth Rock|p2a: Avalugg\n|-sidestart|p2: feraligatr08|move: Stealth Rock\n|\n|upkeep\n|turn|5\n|\n|t:|1781386550\n|switch|p1a: Gengar|Gengar, L81, M|230/230\n|move|p2a: Avalugg|Rapid Spin|p1a: Gengar\n|-immune|p1a: Gengar\n|\n|upkeep\n|turn|6\n|\n|t:|1781386554\n|switch|p2a: Farigiraf|Farigiraf, L90, M|362/362\n|-activate|p2a: Farigiraf|move: Sticky Web\n|-unboost|p2a: Farigiraf|spe|1\n|-damage|p2a: Farigiraf|317/362|[from] Stealth Rock\n|move|p1a: Gengar|Shadow Ball|p2a: Farigiraf\n|-immune|p2a: Farigiraf\n|\n|-heal|p2a: Farigiraf|339/362|[from] item: Leftovers\n|upkeep\n|turn|7\n|\n|t:|1781386562\n|switch|p1a: Bisharp|Bisharp, L79, F|232/232\n|move|p2a: Farigiraf|Wish|p2a: Farigiraf\n|\n|-heal|p2a: Farigiraf|361/362|[from] item: Leftovers\n|upkeep\n|turn|8\n|\n|t:|1781386592\n|switch|p1a: Volcarona|Volcarona, L77, M|257/257\n|switch|p2a: Avalugg|Avalugg, L88, M|310/310\n|\n|upkeep\n|turn|9\n|\n|t:|1781386604\n|move|p1a: Volcarona|Fire Blast|p2a: Avalugg|[miss]\n|-miss|p1a: Volcarona|p2a: Avalugg\n|move|p2a: Avalugg|Rapid Spin|p1a: Volcarona\n|-damage|p1a: Volcarona|200/257\n|-boost|p2a: Avalugg|spe|1\n|-sideend|p2: feraligatr08|Stealth Rock|[from] move: Rapid Spin|[of] p2a: Avalugg\n|-sideend|p2: feraligatr08|Sticky Web|[from] move: Rapid Spin|[of] p2a: Avalugg\n|\n|upkeep\n|turn|10\n|\n|t:|1781386615\n|switch|p2a: Quaquaval|Quaquaval, L79, F|264/264\n|move|p1a: Volcarona|Quiver Dance|p1a: Volcarona\n|-boost|p1a: Volcarona|spa|1\n|-boost|p1a: Volcarona|spd|1\n|-boost|p1a: Volcarona|spe|1\n|\n|upkeep\n|turn|11\n|\n|t:|1781386631\n|-terastallize|p1a: Volcarona|Grass\n|move|p1a: Volcarona|Giga Drain|p2a: Quaquaval\n|-supereffective|p2a: Quaquaval\n|-damage|p2a: Quaquaval|0 fnt\n|-heal|p1a: Volcarona|257/257|[from] drain|[of] p2a: Quaquaval\n|faint|p2a: Quaquaval\n|\n|upkeep\n|inactive|feraligatr08 has 120 seconds left.\n|\n|t:|1781386658\n|switch|p2a: Dusknoir|Dusknoir, L89, F|225/225\n|-item|p1a: Volcarona|Heavy-Duty Boots|[from] ability: Frisk|[of] p2a: Dusknoir\n|turn|12\n|\n|t:|1781386662\n|move|p1a: Volcarona|Fire Blast|p2a: Dusknoir\n|-damage|p2a: Dusknoir|89/225\n|move|p2a: Dusknoir|Leech Life|p1a: Volcarona\n|-supereffective|p1a: Volcarona\n|-damage|p1a: Volcarona|0 fnt\n|-heal|p2a: Dusknoir|218/225|[from] drain|[of] p1a: Volcarona\n|faint|p1a: Volcarona\n|\n|upkeep\n|\n|t:|1781386682\n|switch|p1a: Crabominable|Crabominable, L90, F|321/321\n|turn|13\n|\n|t:|1781386698\n|switch|p2a: Medicham|Medicham, L86, M|243/243\n|move|p1a: Crabominable|Knock Off|p2a: Medicham\n|-damage|p2a: Medicham|133/243\n|-enditem|p2a: Medicham|Choice Scarf|[from] move: Knock Off|[of] p1a: Crabominable\n|\n|upkeep\n|turn|14\n|\n|t:|1781386711\n|move|p2a: Medicham|Close Combat|p1a: Crabominable\n|-supereffective|p1a: Crabominable\n|-damage|p1a: Crabominable|0 fnt\n|-unboost|p2a: Medicham|def|1\n|-unboost|p2a: Medicham|spd|1\n|faint|p1a: Crabominable\n|\n|upkeep\n|\n|t:|1781386721\n|switch|p1a: Deoxys|Deoxys-Attack, L72|191/191\n|-ability|p1a: Deoxys|Pressure\n|turn|15\n|\n|t:|1781386740\n|move|p1a: Deoxys|Knock Off|p2a: Medicham\n|-damage|p2a: Medicham|16/243\n|-damage|p1a: Deoxys|172/191|[from] item: Life Orb\n|move|p2a: Medicham|Ice Punch|p1a: Deoxys\n|-damage|p1a: Deoxys|0 fnt\n|faint|p1a: Deoxys\n|\n|upkeep\n|inactive|hudsonrain has 120 seconds left.\n|inactive|hudsonrain has 90 seconds left.\n|inactive|hudsonrain has 60 seconds left.\n|inactive|hudsonrain has 30 seconds left.\n|inactive|hudsonrain has 20 seconds left.\n|inactive|hudsonrain has 15 seconds left.\n|inactive|hudsonrain has 10 seconds left.\n|inactive|hudsonrain has 5 seconds left.\n|-message|hudsonrain lost due to inactivity.\n|\n|win|feraligatr08\n", "inputlog": ">version a8376a258c1d4662feba110a92103f3664a72141\n>start {\"formatid\":\"gen9randombattle\",\"seed\":\"sodium,e74f383b40f3fa77889f3a5def6cf90c\",\"rated\":\"Rated battle\"}\n>player p1 {\"name\":\"hudsonrain\",\"avatar\":\"266\",\"rating\":2077,\"seed\":\"sodium,bb4aa96a314d6c199d2fd330f5abaab0\"}\n>player p2 {\"name\":\"feraligatr08\",\"avatar\":\"colress\",\"rating\":2120,\"seed\":\"sodium,24ed57038289accfd7b5e7ec03a0e336\"}\n>p1 move stickyweb\n>p2 move zenheadbutt\n>p1 move stickyweb\n>p2 move zenheadbutt\n>p1 switch 3\n>p2 move zenheadbutt\n>p1 move stealthrock\n>p2 switch 4\n>p1 switch 5\n>p2 move rapidspin\n>p1 move shadowball\n>p2 switch 6\n>p1 switch 5\n>p2 move wish\n>p1 switch 2\n>p2 switch 6\n>p1 move fireblast\n>p2 move rapidspin\n>p1 move quiverdance\n>p2 switch 5\n>p1 move gigadrain terastallize\n>p2 move aquastep\n>p2 switch 2\n>p1 move fireblast\n>p2 move leechlife\n>p1 switch 6\n>p1 move knockoff\n>p2 switch 4\n>p1 move icehammer\n>p2 move closecombat\n>p1 switch 4\n>p1 move knockoff\n>p2 move icepunch\n>forcelose p1", "uploadtime": 1781386513, "views": 6, "formatid": "gen9randombattle", "rating": null, "private": 0, "password": null, "player_dets": [{"name": "hudsonrain", "avatar": "266", "rating": 2077, "seed": "sodium,bb4aa96a314d6c199d2fd330f5abaab0"}, {"name": "feraligatr08", "avatar": "colress", "rating": 2120, "seed": "sodium,24ed57038289accfd7b5e7ec03a0e336"}], "teams_full": [{"Spidops": {"name": "Spidops", "species": "Spidops", "speciesId": "spidops", "gender": "M", "shiny": false, "level": 96, "moves": ["knockoff", "uturn", "circlethrow", "stickyweb"], "ability": "Stakeout", "evs": {"hp": 85, "atk": 85, "def": 85, "spa": 85, "spd": 85, "spe": 85}, "ivs": {"hp": 31, "atk": 31, "def": 31, "spa": 31, "spd": 31, "spe": 31}, "item": "Heavy-Duty Boots", "teraType": "Ghost", "role": "Bulky Support", "bvs": {"hp": 60, "atk": 79, "def": 92, "spa": 52, "spd": 86, "spe": 35}, "stats": {"hp": 271, "atk": 206, "def": 231, "spa": 154, "spd": 220, "spe": 122}}, "Volcarona": {"name": "Volcarona", "species": "Volcarona", "speciesId": "volcarona", "gender": "M", "shiny": false, "level": 77, "moves": ["fireblast", "bugbuzz", "gigadrain", "quiverdance"], "ability": "Swarm", "evs": {"hp": 85, "atk": 0, "def": 85, "spa": 85, "spd": 85, "spe": 85}, "ivs": {"hp": 31, "atk": 0, "def": 31, "spa": 31, "spd": 31, "spe": 31}, "item": "Heavy-Duty Boots", "teraType": "Grass", "role": "Fast Bulky Setup", "bvs": {"hp": 85, "atk": 60, "def": 65, "spa": 135, "spd": 105, "spe": 100}, "stats": {"hp": 257, "atk": 97, "def": 145, "spa": 252, "spd": 206, "spe": 199}}, "Bisharp": {"name": "Bisharp", "species": "Bisharp", "speciesId": "bisharp", "gender": "F", "shiny": false, "level": 79, "moves": ["ironhead", "stealthrock", "throatchop", "suckerpunch"], "ability": "Defiant", "evs": {"hp": 85, "atk": 85, "def": 85, "spa": 85, "spd": 85, "spe": 85}, "ivs": {"hp": 31, "atk": 31, "def": 31, "spa": 31, "spd": 31, "spe": 31}, "item": "Eviolite", "teraType": "Flying", "role": "Bulky Attacker", "bvs": {"hp": 65, "atk": 125, "def": 100, "spa": 60, "spd": 70, "spe": 70}, "stats": {"hp": 232, "atk": 243, "def": 204, "spa": 140, "spd": 156, "spe": 156}}, "Deoxys": {"name": "Deoxys", "species": "Deoxys-Attack", "speciesId": "deoxysattack", "gender": "N", "shiny": false, "level": 72, "moves": ["psychoboost", "superpower", "knockoff", "icebeam"], "ability": "Pressure", "evs": {"hp": 85, "atk": 85, "def": 85, "spa": 85, "spd": 85, "spe": 85}, "ivs": {"hp": 31, "atk": 31, "def": 31, "spa": 31, "spd": 31, "spe": 31}, "item": "Life Orb", "teraType": "Dark", "role": "Wallbreaker", "bvs": {"hp": 50, "atk": 180, "def": 20, "spa": 180, "spd": 20, "spe": 150}, "stats": {"hp": 191, "atk": 301, "def": 71, "spa": 301, "spd": 71, "spe": 258}}, "Gengar": {"name": "Gengar", "species": "Gengar", "speciesId": "gengar", "gender": "M", "shiny": false, "level": 81, "moves": ["willowisp", "focusblast", "shadowball", "sludgewave"], "ability": "Cursed Body", "evs": {"hp": 85, "atk": 0, "def": 85, "spa": 85, "spd": 85, "spe": 85}, "ivs": {"hp": 31, "atk": 0, "def": 31, "spa": 31, "spd": 31, "spe": 31}, "item": "Life Orb", "teraType": "Dark", "role": "Fast Attacker", "bvs": {"hp": 60, "atk": 65, "def": 60, "spa": 130, "spd": 75, "spe": 110}, "stats": {"hp": 230, "atk": 110, "def": 144, "spa": 257, "spd": 168, "spe": 225}}, "Crabominable": {"name": "Crabominable", "species": "Crabominable", "speciesId": "crabominable", "gender": "F", "shiny": false, "level": 90, "moves": ["earthquake", "icehammer", "drainpunch", "knockoff"], "ability": "Iron Fist", "evs": {"hp": 85, "atk": 85, "def": 85, "spa": 85, "spd": 85, "spe": 85}, "ivs": {"hp": 31, "atk": 31, "def": 31, "spa": 31, "spd": 31, "spe": 31}, "item": "Assault Vest", "teraType": "Fighting", "role": "AV Pivot", "bvs": {"hp": 97, "atk": 132, "def": 77, "spa": 62, "spd": 67, "spe": 43}, "stats": {"hp": 321, "atk": 289, "def": 190, "spa": 163, "spd": 172, "spe": 129}}}, {"Medicham": {"name": "Medicham", "species": "Medicham", "speciesId": "medicham", "gender": "M", "shiny": false, "level": 86, "moves": ["trick", "closecombat", "zenheadbutt", "icepunch"], "ability": "Pure Power", "evs": {"hp": 85, "atk": 85, "def": 85, "spa": 85, "spd": 85, "spe": 85}, "ivs": {"hp": 31, "atk": 31, "def": 31, "spa": 31, "spd": 31, "spe": 31}, "item": "Choice Scarf", "teraType": "Fighting", "role": "Fast Attacker", "bvs": {"hp": 60, "atk": 60, "def": 75, "spa": 60, "spd": 75, "spe": 80}, "stats": {"hp": 243, "atk": 152, "def": 178, "spa": 152, "spd": 178, "spe": 187}}, "Dusknoir": {"name": "Dusknoir", "species": "Dusknoir", "speciesId": "dusknoir", "gender": "F", "shiny": false, "level": 89, "moves": ["shadowsneak", "poltergeist", "leechlife", "earthquake"], "ability": "Frisk", "evs": {"hp": 85, "atk": 85, "def": 85, "spa": 85, "spd": 85, "spe": 85}, "ivs": {"hp": 31, "atk": 31, "def": 31, "spa": 31, "spd": 31, "spe": 31}, "item": "Choice Band", "teraType": "Ghost", "role": "Wallbreaker", "bvs": {"hp": 45, "atk": 100, "def": 135, "spa": 65, "spd": 135, "spe": 45}, "stats": {"hp": 225, "atk": 229, "def": 291, "spa": 166, "spd": 291, "spe": 131}}, "Revavroom": {"name": "Revavroom", "species": "Revavroom", "speciesId": "revavroom", "gender": "F", "shiny": false, "level": 79, "moves": ["gunkshot", "highhorsepower", "ironhead", "shiftgear"], "ability": "Filter", "evs": {"hp": 85, "atk": 85, "def": 85, "spa": 85, "spd": 85, "spe": 85}, "ivs": {"hp": 31, "atk": 31, "def": 31, "spa": 31, "spd": 31, "spe": 31}, "item": "Life Orb", "teraType": "Ground", "role": "Fast Attacker", "bvs": {"hp": 80, "atk": 119, "def": 90, "spa": 54, "spd": 67, "spe": 90}, "stats": {"hp": 256, "atk": 234, "def": 188, "spa": 131, "spd": 151, "spe": 188}}, "Avalugg": {"name": "Avalugg", "species": "Avalugg", "speciesId": "avalugg", "gender": "M", "shiny": false, "level": 88, "moves": ["bodypress", "avalanche", "rapidspin", "recover"], "ability": "Sturdy", "evs": {"hp": 85, "atk": 85, "def": 85, "spa": 85, "spd": 85, "spe": 85}, "ivs": {"hp": 31, "atk": 31, "def": 31, "spa": 31, "spd": 31, "spe": 31}, "item": "Heavy-Duty Boots", "teraType": "Fighting", "role": "Bulky Support", "bvs": {"hp": 95, "atk": 117, "def": 184, "spa": 44, "spd": 46, "spe": 28}, "stats": {"hp": 310, "atk": 256, "def": 374, "spa": 128, "spd": 131, "spe": 100}}, "Quaquaval": {"name": "Quaquaval", "species": "Quaquaval", "speciesId": "quaquaval", "gender": "F", "shiny": false, "level": 79, "moves": ["closecombat", "aquastep", "roost", "swordsdance"], "ability": "Moxie", "evs": {"hp": 85, "atk": 85, "def": 85, "spa": 85, "spd": 85, "spe": 85}, "ivs": {"hp": 31, "atk": 31, "def": 31, "spa": 31, "spd": 31, "spe": 31}, "item": "Leftovers", "teraType": "Steel", "role": "Bulky Attacker", "bvs": {"hp": 85, "atk": 120, "def": 80, "spa": 85, "spd": 75, "spe": 85}, "stats": {"hp": 264, "atk": 235, "def": 172, "spa": 180, "spd": 164, "spe": 180}}, "Farigiraf": {"name": "Farigiraf", "species": "Farigiraf", "speciesId": "farigiraf", "gender": "M", "shiny": false, "level": 90, "moves": ["wish", "protect", "bodyslam", "psychicnoise"], "ability": "Sap Sipper", "evs": {"hp": 85, "atk": 85, "def": 85, "spa": 85, "spd": 85, "spe": 85}, "ivs": {"hp": 31, "atk": 31, "def": 31, "spa": 31, "spd": 31, "spe": 31}, "item": "Leftovers", "teraType": "Ground", "role": "Bulky Support", "bvs": {"hp": 120, "atk": 90, "def": 70, "spa": 110, "spd": 70, "spe": 60}, "stats": {"hp": 362, "atk": 213, "def": 177, "spa": 249, "spd": 177, "spe": 159}}}]}