{"id": "gen9randombattle-2631978691", "format": "[Gen 9] Random Battle", "players": ["Unneeded", "MattGSG"], "log": "|j|\u2606Unneeded\n|j|\u2606MattGSG\n|t:|1781462139\n|gametype|singles\n|player|p1|Unneeded|lucas|1947\n|player|p2|MattGSG|2|1900\n|gen|9\n|tier|[Gen 9] Random Battle\n|rated|\n|rule|Species Clause: Limit one of each Pok\u00e9mon\n|rule|HP Percentage Mod: HP is shown in percentages\n|rule|Sleep Clause Mod: Limit one foe put to sleep\n|rule|Illusion Level Mod: Illusion disguises the Pok\u00e9mon's true level\n|\n|t:|1781462139\n|teamsize|p1|6\n|teamsize|p2|6\n|start\n|switch|p1a: Iron Thorns|Iron Thorns, L83|302/302\n|switch|p2a: Iron Thorns|Iron Thorns, L83|302/302\n|turn|1\n|inactive|Battle timer is ON: inactive players will automatically lose when time's up. (requested by Unneeded)\n|\n|t:|1781462155\n|move|p1a: Iron Thorns|Spikes|p2a: Iron Thorns\n|-sidestart|p2: MattGSG|Spikes\n|move|p2a: Iron Thorns|Volt Switch|p1a: Iron Thorns\n|-resisted|p1a: Iron Thorns\n|-damage|p1a: Iron Thorns|270/302\n|\n|t:|1781462159\n|-end|p2a: Iron Thorns|Quark Drive|[silent]\n|switch|p2a: Gastrodon|Gastrodon-East, L86, M|331/331|[from] Volt Switch\n|-damage|p2a: Gastrodon|290/331|[from] Spikes\n|\n|-heal|p2a: Gastrodon|310/331|[from] item: Leftovers\n|upkeep\n|turn|2\n|\n|t:|1781462173\n|-end|p1a: Iron Thorns|Quark Drive|[silent]\n|switch|p1a: Pelipper|Pelipper, L86, F|243/243\n|-weather|RainDance|[from] ability: Drizzle|[of] p1a: Pelipper\n|move|p2a: Gastrodon|Stealth Rock|p1a: Pelipper\n|-sidestart|p1: Unneeded|move: Stealth Rock\n|\n|-weather|RainDance|[upkeep]\n|-heal|p2a: Gastrodon|330/331|[from] item: Leftovers\n|upkeep\n|turn|3\n|\n|t:|1781462186\n|move|p1a: Pelipper|Hurricane|p2a: Gastrodon\n|-damage|p2a: Gastrodon|210/331\n|-start|p2a: Gastrodon|confusion\n|-activate|p2a: Gastrodon|confusion\n|-damage|p2a: Gastrodon|180/331|[from] confusion\n|\n|-weather|RainDance|[upkeep]\n|-heal|p2a: Gastrodon|200/331|[from] item: Leftovers\n|upkeep\n|turn|4\n|\n|t:|1781462192\n|move|p1a: Pelipper|Hurricane|p2a: Gastrodon\n|-damage|p2a: Gastrodon|67/331\n|-activate|p2a: Gastrodon|confusion\n|-damage|p2a: Gastrodon|34/331|[from] confusion\n|\n|-weather|RainDance|[upkeep]\n|-heal|p2a: Gastrodon|54/331|[from] item: Leftovers\n|upkeep\n|turn|5\n|\n|t:|1781462198\n|move|p1a: Pelipper|Hurricane|p2a: Gastrodon\n|-damage|p2a: Gastrodon|0 fnt\n|faint|p2a: Gastrodon\n|\n|-weather|RainDance|[upkeep]\n|upkeep\n|\n|t:|1781462202\n|switch|p2a: Iron Thorns|Iron Thorns, L83|302/302\n|-damage|p2a: Iron Thorns|265/302|[from] Spikes\n|turn|6\n|\n|t:|1781462210\n|switch|p1a: Whimsicott|Whimsicott, L84, F|238/238\n|move|p2a: Iron Thorns|Stone Edge|p1a: Whimsicott\n|-damage|p1a: Whimsicott|103/238\n|\n|-weather|none\n|upkeep\n|turn|7\n|\n|t:|1781462215\n|move|p1a: Whimsicott|Giga Drain|p2a: Iron Thorns\n|-supereffective|p2a: Iron Thorns\n|-damage|p2a: Iron Thorns|173/302\n|-heal|p1a: Whimsicott|149/238|[from] drain|[of] p2a: Iron Thorns\n|move|p2a: Iron Thorns|Ice Punch|p1a: Whimsicott\n|-supereffective|p1a: Whimsicott\n|-damage|p1a: Whimsicott|19/238\n|\n|upkeep\n|turn|8\n|\n|t:|1781462225\n|move|p1a: Whimsicott|U-turn|p2a: Iron Thorns\n|-damage|p2a: Iron Thorns|141/302\n|\n|t:|1781462247\n|switch|p1a: Cresselia|Cresselia, L80, F|323/323|[from] U-turn\n|-damage|p1a: Cresselia|283/323|[from] Stealth Rock\n|move|p2a: Iron Thorns|Ice Punch|p1a: Cresselia\n|-damage|p1a: Cresselia|222/323\n|\n|-heal|p1a: Cresselia|242/323|[from] item: Leftovers\n|upkeep\n|turn|9\n|\n|t:|1781462253\n|move|p1a: Cresselia|Calm Mind|p1a: Cresselia\n|-boost|p1a: Cresselia|spa|1\n|-boost|p1a: Cresselia|spd|1\n|move|p2a: Iron Thorns|Volt Switch|p1a: Cresselia\n|-damage|p1a: Cresselia|212/323\n|\n|t:|1781462256\n|-end|p2a: Iron Thorns|Quark Drive|[silent]\n|switch|p2a: Spidops|Spidops, L96, F|271/271|[from] Volt Switch\n|\n|-heal|p1a: Cresselia|232/323|[from] item: Leftovers\n|upkeep\n|turn|10\n|\n|t:|1781462265\n|move|p1a: Cresselia|Psyshock|p2a: Spidops\n|-damage|p2a: Spidops|181/271\n|move|p2a: Spidops|Sticky Web|p1a: Cresselia\n|-sidestart|p1: Unneeded|move: Sticky Web\n|\n|-heal|p1a: Cresselia|252/323|[from] item: Leftovers\n|upkeep\n|turn|11\n|\n|t:|1781462268\n|move|p1a: Cresselia|Psyshock|p2a: Spidops\n|-damage|p2a: Spidops|102/271\n|move|p2a: Spidops|Circle Throw|p1a: Cresselia\n|-resisted|p1a: Cresselia\n|-damage|p1a: Cresselia|232/323\n|drag|p1a: Pelipper|Pelipper, L86, F|243/243\n|-weather|RainDance|[from] ability: Drizzle|[of] p1a: Pelipper\n|\n|-weather|RainDance|[upkeep]\n|upkeep\n|turn|12\n|\n|t:|1781462275\n|move|p1a: Pelipper|Hurricane|p2a: Spidops\n|-supereffective|p2a: Spidops\n|-crit|p2a: Spidops\n|-damage|p2a: Spidops|0 fnt\n|faint|p2a: Spidops\n|\n|-weather|RainDance|[upkeep]\n|upkeep\n|\n|t:|1781462277\n|switch|p2a: Iron Thorns|Iron Thorns, L83|141/302\n|-damage|p2a: Iron Thorns|104/302|[from] Spikes\n|turn|13\n|\n|t:|1781462289\n|switch|p1a: Whimsicott|Whimsicott, L84, F|19/238\n|move|p2a: Iron Thorns|Stone Edge|p1a: Whimsicott\n|-damage|p1a: Whimsicott|0 fnt\n|faint|p1a: Whimsicott\n|\n|-weather|RainDance|[upkeep]\n|upkeep\n|\n|t:|1781462305\n|switch|p1a: Beartic|Beartic, L91, M|321/321\n|-damage|p1a: Beartic|241/321|[from] Stealth Rock\n|-activate|p1a: Beartic|move: Sticky Web\n|-unboost|p1a: Beartic|spe|1\n|turn|14\n|\n|t:|1781462313\n|move|p1a: Beartic|Close Combat|p2a: Iron Thorns\n|-supereffective|p2a: Iron Thorns\n|-damage|p2a: Iron Thorns|0 fnt\n|-unboost|p1a: Beartic|def|1\n|-unboost|p1a: Beartic|spd|1\n|faint|p2a: Iron Thorns\n|-end|p2a: Iron Thorns|Quark Drive|[silent]\n|\n|-weather|RainDance|[upkeep]\n|upkeep\n|\n|t:|1781462329\n|switch|p2a: Misdreavus|Misdreavus, L90, M|254/254\n|turn|15\n|\n|t:|1781462341\n|switch|p1a: Bombirdier|Bombirdier, L85, F|258/258\n|-damage|p1a: Bombirdier|194/258|[from] Stealth Rock\n|move|p2a: Misdreavus|Calm Mind|p2a: Misdreavus\n|-boost|p2a: Misdreavus|spa|1\n|-boost|p2a: Misdreavus|spd|1\n|\n|-weather|none\n|upkeep\n|turn|16\n|\n|t:|1781462347\n|-terastallize|p2a: Misdreavus|Fairy\n|move|p1a: Bombirdier|Knock Off|p2a: Misdreavus\n|-resisted|p2a: Misdreavus\n|-damage|p2a: Misdreavus|209/254\n|-enditem|p2a: Misdreavus|Eviolite|[from] move: Knock Off|[of] p1a: Bombirdier\n|move|p2a: Misdreavus|Draining Kiss|p1a: Bombirdier\n|-supereffective|p1a: Bombirdier\n|-damage|p1a: Bombirdier|0 fnt\n|-heal|p2a: Misdreavus|254/254|[from] drain|[of] p1a: Bombirdier\n|faint|p1a: Bombirdier\n|\n|upkeep\n|\n|t:|1781462358\n|switch|p1a: Iron Thorns|Iron Thorns, L83|270/302\n|turn|17\n|\n|t:|1781462364\n|move|p2a: Misdreavus|Will-O-Wisp|p1a: Iron Thorns\n|-status|p1a: Iron Thorns|brn\n|move|p1a: Iron Thorns|Wild Charge|p2a: Misdreavus\n|-damage|p2a: Misdreavus|178/254\n|-damage|p1a: Iron Thorns|251/302 brn|[from] Recoil\n|\n|-damage|p1a: Iron Thorns|233/302 brn|[from] brn\n|upkeep\n|turn|18\n|\n|t:|1781462370\n|move|p2a: Misdreavus|Calm Mind|p2a: Misdreavus\n|-boost|p2a: Misdreavus|spa|1\n|-boost|p2a: Misdreavus|spd|1\n|move|p1a: Iron Thorns|Volt Switch|p2a: Misdreavus\n|-damage|p2a: Misdreavus|151/254\n|\n|t:|1781462373\n|-end|p1a: Iron Thorns|Quark Drive|[silent]\n|switch|p1a: Cresselia|Cresselia, L80, F|232/323|[from] Volt Switch\n|-damage|p1a: Cresselia|192/323|[from] Stealth Rock\n|\n|-heal|p1a: Cresselia|212/323|[from] item: Leftovers\n|upkeep\n|turn|19\n|\n|t:|1781462378\n|-terastallize|p1a: Cresselia|Poison\n|move|p2a: Misdreavus|Shadow Ball|p1a: Cresselia\n|-damage|p1a: Cresselia|71/323\n|move|p1a: Cresselia|Calm Mind|p1a: Cresselia\n|-boost|p1a: Cresselia|spa|1\n|-boost|p1a: Cresselia|spd|1\n|\n|-heal|p1a: Cresselia|91/323|[from] item: Leftovers\n|upkeep\n|turn|20\n|\n|t:|1781462382\n|move|p2a: Misdreavus|Shadow Ball|p1a: Cresselia\n|-damage|p1a: Cresselia|0 fnt\n|faint|p1a: Cresselia\n|\n|upkeep\n|-message|Unneeded forfeited.\n|\n|win|MattGSG\n", "inputlog": ">version a8376a258c1d4662feba110a92103f3664a72141\n>start {\"formatid\":\"gen9randombattle\",\"seed\":\"sodium,31071d6e70ae98c4d893ce1e68ef91af\",\"rated\":\"Rated battle\"}\n>player p1 {\"name\":\"Unneeded\",\"avatar\":\"lucas\",\"rating\":1947,\"seed\":\"sodium,d6595edfc9604ace9bc7712f1c8cd792\"}\n>player p2 {\"name\":\"MattGSG\",\"avatar\":\"2\",\"rating\":1900,\"seed\":\"sodium,a3b0faf640aa8654d782480df6693505\"}\n>p1 move spikes\n>p2 move voltswitch\n>p2 switch 4\n>p1 switch 2\n>p2 move stealthrock\n>p1 move hurricane\n>p2 move sludgebomb\n>p1 move hurricane\n>p2 move recover\n>p1 move hurricane\n>p2 move recover\n>p2 switch 4\n>p1 switch 5\n>p2 move stoneedge\n>p1 move gigadrain\n>p2 move icepunch\n>p1 move uturn\n>p2 move icepunch\n>p1 switch 3\n>p1 move calmmind\n>p2 move voltswitch\n>p2 switch 6\n>p1 move psyshock\n>p2 move stickyweb\n>p1 move psyshock\n>p2 move circlethrow\n>p1 move hurricane\n>p2 move knockoff\n>p2 switch 6\n>p1 switch 3\n>p2 move stoneedge\n>p1 switch 6\n>p1 move closecombat\n>p2 move stoneedge\n>p2 switch 5\n>p1 switch 4\n>p2 move calmmind\n>p1 move knockoff\n>p2 move drainingkiss terastallize\n>p1 switch 2\n>p1 move wildcharge\n>p2 move willowisp\n>p1 move voltswitch\n>p2 move calmmind\n>p1 switch 5\n>p1 move calmmind terastallize\n>p2 move shadowball\n>p1 move moonlight\n>p2 move shadowball\n>forcelose p1", "uploadtime": 1781462141, "views": 5, "formatid": "gen9randombattle", "rating": null, "private": 0, "password": null, "player_dets": [{"name": "Unneeded", "avatar": "lucas", "rating": 1947, "seed": "sodium,d6595edfc9604ace9bc7712f1c8cd792"}, {"name": "MattGSG", "avatar": "2", "rating": 1900, "seed": "sodium,a3b0faf640aa8654d782480df6693505"}], "teams_full": [{"Iron Thorns": {"name": "Iron Thorns", "species": "Iron Thorns", "speciesId": "ironthorns", "gender": "N", "shiny": false, "level": 83, "moves": ["wildcharge", "stoneedge", "voltswitch", "spikes"], "ability": "Quark Drive", "evs": {"hp": 85, "atk": 85, "def": 85, "spa": 85, "spd": 85, "spe": 85}, "ivs": {"hp": 31, "atk": 31, "def": 31, "spa": 31, "spd": 31, "spe": 31}, "item": "Heavy-Duty Boots", "teraType": "Grass", "role": "Fast Support", "bvs": {"hp": 100, "atk": 134, "def": 110, "spa": 70, "spd": 84, "spe": 72}, "stats": {"hp": 302, "atk": 270, "def": 230, "spa": 164, "spd": 187, "spe": 167}}, "Pelipper": {"name": "Pelipper", "species": "Pelipper", "speciesId": "pelipper", "gender": "F", "shiny": false, "level": 86, "moves": ["roost", "hurricane", "surf", "uturn"], "ability": "Drizzle", "evs": {"hp": 85, "atk": 85, "def": 85, "spa": 85, "spd": 85, "spe": 85}, "ivs": {"hp": 31, "atk": 31, "def": 31, "spa": 31, "spd": 31, "spe": 31}, "item": "Heavy-Duty Boots", "teraType": "Water", "role": "Bulky Attacker", "bvs": {"hp": 60, "atk": 50, "def": 100, "spa": 95, "spd": 70, "spe": 65}, "stats": {"hp": 243, "atk": 135, "def": 221, "spa": 213, "spd": 170, "spe": 161}}, "Cresselia": {"name": "Cresselia", "species": "Cresselia", "speciesId": "cresselia", "gender": "F", "shiny": false, "level": 80, "moves": ["moonlight", "calmmind", "thunderbolt", "psyshock"], "ability": "Levitate", "evs": {"hp": 85, "atk": 0, "def": 85, "spa": 85, "spd": 85, "spe": 85}, "ivs": {"hp": 31, "atk": 0, "def": 31, "spa": 31, "spd": 31, "spe": 31}, "item": "Leftovers", "teraType": "Poison", "role": "Bulky Setup", "bvs": {"hp": 120, "atk": 70, "def": 110, "spa": 75, "spd": 120, "spe": 85}, "stats": {"hp": 323, "atk": 117, "def": 222, "spa": 166, "spd": 238, "spe": 182}}, "Bombirdier": {"name": "Bombirdier", "species": "Bombirdier", "speciesId": "bombirdier", "gender": "F", "shiny": false, "level": 85, "moves": ["bravebird", "stoneedge", "knockoff", "uturn"], "ability": "Rocky Payload", "evs": {"hp": 85, "atk": 85, "def": 85, "spa": 85, "spd": 85, "spe": 85}, "ivs": {"hp": 31, "atk": 31, "def": 31, "spa": 31, "spd": 31, "spe": 31}, "item": "Choice Scarf", "teraType": "Rock", "role": "Fast Attacker", "bvs": {"hp": 70, "atk": 103, "def": 85, "spa": 60, "spd": 85, "spe": 82}, "stats": {"hp": 258, "atk": 224, "def": 193, "spa": 151, "spd": 193, "spe": 188}}, "Whimsicott": {"name": "Whimsicott", "species": "Whimsicott", "speciesId": "whimsicott", "gender": "F", "shiny": false, "level": 84, "moves": ["gigadrain", "stunspore", "uturn", "moonblast"], "ability": "Prankster", "evs": {"hp": 85, "atk": 85, "def": 85, "spa": 85, "spd": 85, "spe": 85}, "ivs": {"hp": 31, "atk": 31, "def": 31, "spa": 31, "spd": 31, "spe": 31}, "item": "Heavy-Duty Boots", "teraType": "Steel", "role": "Fast Support", "bvs": {"hp": 60, "atk": 67, "def": 85, "spa": 77, "spd": 75, "spe": 116}, "stats": {"hp": 238, "atk": 161, "def": 191, "spa": 178, "spd": 174, "spe": 243}}, "Beartic": {"name": "Beartic", "species": "Beartic", "speciesId": "beartic", "gender": "M", "shiny": false, "level": 91, "moves": ["iciclecrash", "closecombat", "aquajet", "earthquake"], "ability": "Swift Swim", "evs": {"hp": 85, "atk": 85, "def": 85, "spa": 85, "spd": 85, "spe": 85}, "ivs": {"hp": 31, "atk": 31, "def": 31, "spa": 31, "spd": 31, "spe": 31}, "item": "Choice Band", "teraType": "Fighting", "role": "Wallbreaker", "bvs": {"hp": 95, "atk": 130, "def": 80, "spa": 70, "spd": 80, "spe": 50}, "stats": {"hp": 321, "atk": 288, "def": 197, "spa": 179, "spd": 197, "spe": 143}}}, {"Iron Thorns": {"name": "Iron Thorns", "species": "Iron Thorns", "speciesId": "ironthorns", "gender": "N", "shiny": false, "level": 83, "moves": ["icepunch", "stoneedge", "voltswitch", "wildcharge"], "ability": "Quark Drive", "evs": {"hp": 85, "atk": 85, "def": 85, "spa": 85, "spd": 85, "spe": 85}, "ivs": {"hp": 31, "atk": 31, "def": 31, "spa": 31, "spd": 31, "spe": 31}, "item": "Assault Vest", "teraType": "Water", "role": "Fast Support", "bvs": {"hp": 100, "atk": 134, "def": 110, "spa": 70, "spd": 84, "spe": 72}, "stats": {"hp": 302, "atk": 270, "def": 230, "spa": 164, "spd": 187, "spe": 167}}, "Kyurem": {"name": "Kyurem", "species": "Kyurem", "speciesId": "kyurem", "gender": "N", "shiny": false, "level": 77, "moves": ["earthpower", "outrage", "freezedry", "icebeam"], "ability": "Pressure", "evs": {"hp": 85, "atk": 85, "def": 85, "spa": 85, "spd": 85, "spe": 85}, "ivs": {"hp": 31, "atk": 31, "def": 31, "spa": 31, "spd": 31, "spe": 31}, "item": "Heavy-Duty Boots", "teraType": "Ground", "role": "Wallbreaker", "bvs": {"hp": 125, "atk": 130, "def": 90, "spa": 130, "spd": 90, "spe": 95}, "stats": {"hp": 319, "atk": 245, "def": 183, "spa": 245, "spd": 183, "spe": 191}}, "Sawsbuck": {"name": "Sawsbuck", "species": "Sawsbuck-Winter", "speciesId": "sawsbuck", "gender": "M", "shiny": false, "level": 88, "moves": ["highhorsepower", "swordsdance", "doubleedge", "hornleech"], "ability": "Sap Sipper", "evs": {"hp": 85, "atk": 85, "def": 85, "spa": 85, "spd": 85, "spe": 85}, "ivs": {"hp": 31, "atk": 31, "def": 31, "spa": 31, "spd": 31, "spe": 31}, "item": "Life Orb", "teraType": "Ground", "role": "Setup Sweeper", "bvs": {"hp": 80, "atk": 100, "def": 70, "spa": 60, "spd": 70, "spe": 95}, "stats": {"hp": 284, "atk": 226, "def": 173, "spa": 156, "spd": 173, "spe": 217}}, "Gastrodon": {"name": "Gastrodon", "species": "Gastrodon-East", "speciesId": "gastrodon", "gender": "M", "shiny": false, "level": 86, "moves": ["sludgebomb", "recover", "stealthrock", "earthquake"], "ability": "Storm Drain", "evs": {"hp": 85, "atk": 85, "def": 85, "spa": 85, "spd": 85, "spe": 85}, "ivs": {"hp": 31, "atk": 31, "def": 31, "spa": 31, "spd": 31, "spe": 31}, "item": "Leftovers", "teraType": "Poison", "role": "Bulky Support", "bvs": {"hp": 111, "atk": 83, "def": 68, "spa": 92, "spd": 82, "spe": 39}, "stats": {"hp": 331, "atk": 192, "def": 166, "spa": 207, "spd": 190, "spe": 116}}, "Misdreavus": {"name": "Misdreavus", "species": "Misdreavus", "speciesId": "misdreavus", "gender": "M", "shiny": false, "level": 90, "moves": ["drainingkiss", "calmmind", "willowisp", "shadowball"], "ability": "Levitate", "evs": {"hp": 85, "atk": 0, "def": 85, "spa": 85, "spd": 85, "spe": 85}, "ivs": {"hp": 31, "atk": 0, "def": 31, "spa": 31, "spd": 31, "spe": 31}, "item": "Eviolite", "teraType": "Fairy", "role": "Bulky Setup", "bvs": {"hp": 60, "atk": 60, "def": 60, "spa": 85, "spd": 85, "spe": 85}, "stats": {"hp": 254, "atk": 113, "def": 159, "spa": 204, "spd": 204, "spe": 204}}, "Spidops": {"name": "Spidops", "species": "Spidops", "speciesId": "spidops", "gender": "F", "shiny": false, "level": 96, "moves": ["stickyweb", "knockoff", "circlethrow", "spikes"], "ability": "Stakeout", "evs": {"hp": 85, "atk": 85, "def": 85, "spa": 85, "spd": 85, "spe": 85}, "ivs": {"hp": 31, "atk": 31, "def": 31, "spa": 31, "spd": 31, "spe": 31}, "item": "Heavy-Duty Boots", "teraType": "Ghost", "role": "Bulky Support", "bvs": {"hp": 60, "atk": 79, "def": 92, "spa": 52, "spd": 86, "spe": 35}, "stats": {"hp": 271, "atk": 206, "def": 231, "spa": 154, "spd": 220, "spe": 122}}}]}