{"id": "gen9randombattle-2631944761", "format": "[Gen 9] Random Battle", "players": ["schleeby", "zegaaagalaaa"], "log": "|j|\u2606schleeby\n|j|\u2606zegaaagalaaa\n|t:|1781458449\n|gametype|singles\n|player|p1|schleeby|rosa|2012\n|player|p2|zegaaagalaaa|266|2083\n|gen|9\n|tier|[Gen 9] Random Battle\n|rated|\n|rule|Species Clause: Limit one of each Pok\u00e9mon\n|rule|HP Percentage Mod: HP is shown in percentages\n|rule|Sleep Clause Mod: Limit one foe put to sleep\n|rule|Illusion Level Mod: Illusion disguises the Pok\u00e9mon's true level\n|\n|t:|1781458449\n|teamsize|p1|6\n|teamsize|p2|6\n|start\n|switch|p1a: Slither Wing|Slither Wing, L81|270/270\n|switch|p2a: Delibird|Delibird, F|252/252\n|turn|1\n|inactive|Battle timer is ON: inactive players will automatically lose when time's up. (requested by zegaaagalaaa)\n|\n|t:|1781458458\n|move|p1a: Slither Wing|Flare Blitz|p2a: Delibird\n|-supereffective|p2a: Delibird\n|-damage|p2a: Delibird|0 fnt\n|faint|p2a: Delibird\n|-damage|p1a: Slither Wing|187/270|[from] Recoil\n|\n|upkeep\n|\n|t:|1781458468\n|switch|p2a: Sudowoodo|Sudowoodo, L94, M|284/284\n|turn|2\n|\n|t:|1781458480\n|-end|p1a: Slither Wing|Protosynthesis|[silent]\n|switch|p1a: Milotic|Milotic, L83, F|293/293\n|move|p2a: Sudowoodo|Head Smash|p1a: Milotic|[miss]\n|-miss|p2a: Sudowoodo|p1a: Milotic\n|\n|upkeep\n|turn|3\n|\n|t:|1781458505\n|switch|p2a: Mismagius|Mismagius, L86, M|243/243\n|move|p1a: Milotic|Scald|p2a: Mismagius\n|-damage|p2a: Mismagius|165/243\n|\n|-heal|p2a: Mismagius|180/243|[from] item: Leftovers\n|upkeep\n|turn|4\n|\n|t:|1781458522\n|move|p2a: Mismagius|Nasty Plot|p2a: Mismagius\n|-boost|p2a: Mismagius|spa|2\n|move|p1a: Milotic|Dragon Tail|p2a: Mismagius\n|-damage|p2a: Mismagius|143/243\n|drag|p2a: Mewtwo|Mewtwo, L72|272/272\n|-ability|p2a: Mewtwo|Unnerve\n|\n|upkeep\n|turn|5\n|\n|t:|1781458533\n|switch|p1a: Tyranitar|Tyranitar, L78, F|284/284\n|-weather|Sandstorm|[from] ability: Sand Stream|[of] p1a: Tyranitar\n|move|p2a: Mewtwo|Psystrike|p1a: Tyranitar\n|-immune|p1a: Tyranitar\n|\n|-weather|Sandstorm|[upkeep]\n|-damage|p2a: Mewtwo|255/272|[from] Sandstorm\n|upkeep\n|turn|6\n|inactive|zegaaagalaaa has 120 seconds left.\n|-message|zegaaagalaaa forfeited.\n|\n|win|schleeby\n", "inputlog": ">version a8376a258c1d4662feba110a92103f3664a72141\n>start {\"formatid\":\"gen9randombattle\",\"seed\":\"sodium,fee49dd8c611c3731c3f2e8c478b9ae1\",\"rated\":\"Rated battle\"}\n>player p1 {\"name\":\"schleeby\",\"avatar\":\"rosa\",\"rating\":2012,\"seed\":\"sodium,9504592beabe1115d576e8fd14ac57e6\"}\n>player p2 {\"name\":\"zegaaagalaaa\",\"avatar\":\"266\",\"rating\":2083,\"seed\":\"sodium,ec9bf97be60861d0b59d2e66eeb4ba5d\"}\n>p1 move flareblitz\n>p2 move spikes\n>p2 switch 5\n>p1 switch 3\n>p2 move headsmash\n>p1 move scald\n>p2 switch 2\n>p1 move dragontail\n>p2 move nastyplot\n>p1 switch 2\n>p2 move psystrike\n>forcelose p2", "uploadtime": 1781458450, "views": 5, "formatid": "gen9randombattle", "rating": null, "private": 0, "password": null, "player_dets": [{"name": "schleeby", "avatar": "rosa", "rating": 2012, "seed": "sodium,9504592beabe1115d576e8fd14ac57e6"}, {"name": "zegaaagalaaa", "avatar": "266", "rating": 2083, "seed": "sodium,ec9bf97be60861d0b59d2e66eeb4ba5d"}], "teams_full": [{"Slither Wing": {"name": "Slither Wing", "species": "Slither Wing", "speciesId": "slitherwing", "gender": "N", "shiny": false, "level": 81, "moves": ["flareblitz", "uturn", "closecombat", "wildcharge"], "ability": "Protosynthesis", "evs": {"hp": 85, "atk": 85, "def": 85, "spa": 85, "spd": 85, "spe": 85}, "ivs": {"hp": 31, "atk": 31, "def": 31, "spa": 31, "spd": 31, "spe": 31}, "item": "Choice Scarf", "teraType": "Electric", "role": "Fast Attacker", "bvs": {"hp": 85, "atk": 135, "def": 79, "spa": 85, "spd": 105, "spe": 81}, "stats": {"hp": 270, "atk": 265, "def": 175, "spa": 184, "spd": 217, "spe": 178}, "types": ["Bug", "Fighting"]}, "Tyranitar": {"name": "Tyranitar", "species": "Tyranitar", "speciesId": "tyranitar", "gender": "F", "shiny": false, "level": 78, "moves": ["earthquake", "knockoff", "icebeam", "stoneedge"], "ability": "Sand Stream", "evs": {"hp": 85, "atk": 85, "def": 85, "spa": 85, "spd": 85, "spe": 85}, "ivs": {"hp": 31, "atk": 31, "def": 31, "spa": 31, "spd": 31, "spe": 31}, "item": "Assault Vest", "teraType": "Rock", "role": "Bulky Support", "bvs": {"hp": 100, "atk": 134, "def": 110, "spa": 95, "spd": 100, "spe": 61}, "stats": {"hp": 284, "atk": 254, "def": 217, "spa": 193, "spd": 201, "spe": 140}, "types": ["Rock", "Dark"]}, "Milotic": {"name": "Milotic", "species": "Milotic", "speciesId": "milotic", "gender": "F", "shiny": false, "level": 83, "moves": ["scald", "icebeam", "dragontail", "recover"], "ability": "Competitive", "evs": {"hp": 85, "atk": 85, "def": 85, "spa": 85, "spd": 85, "spe": 85}, "ivs": {"hp": 31, "atk": 31, "def": 31, "spa": 31, "spd": 31, "spe": 31}, "item": "Leftovers", "teraType": "Steel", "role": "Bulky Attacker", "bvs": {"hp": 95, "atk": 60, "def": 79, "spa": 100, "spd": 125, "spe": 81}, "stats": {"hp": 293, "atk": 147, "def": 179, "spa": 214, "spd": 255, "spe": 182}, "types": ["Water"]}, "Iron Moth": {"name": "Iron Moth", "species": "Iron Moth", "speciesId": "ironmoth", "gender": "N", "shiny": false, "level": 78, "moves": ["fireblast", "uturn", "energyball", "sludgewave"], "ability": "Quark Drive", "evs": {"hp": 85, "atk": 85, "def": 85, "spa": 85, "spd": 85, "spe": 85}, "ivs": {"hp": 31, "atk": 31, "def": 31, "spa": 31, "spd": 31, "spe": 31}, "item": "Choice Specs", "teraType": "Grass", "role": "Fast Attacker", "bvs": {"hp": 80, "atk": 70, "def": 60, "spa": 140, "spd": 110, "spe": 110}, "stats": {"hp": 253, "atk": 154, "def": 139, "spa": 263, "spd": 217, "spe": 217}, "types": ["Fire", "Poison"]}, "Kyurem": {"name": "Kyurem", "species": "Kyurem-White", "speciesId": "kyuremwhite", "gender": "N", "shiny": false, "level": 73, "moves": ["icebeam", "fusionflare", "freezedry", "dracometeor"], "ability": "Turboblaze", "evs": {"hp": 85, "atk": 0, "def": 85, "spa": 85, "spd": 85, "spe": 85}, "ivs": {"hp": 31, "atk": 0, "def": 31, "spa": 31, "spd": 31, "spe": 31}, "item": "Choice Scarf", "teraType": "Dragon", "role": "Bulky Attacker", "bvs": {"hp": 125, "atk": 120, "def": 90, "spa": 170, "spd": 100, "spe": 95}, "stats": {"hp": 303, "atk": 180, "def": 174, "spa": 291, "spd": 188, "spe": 181}, "types": ["Dragon", "Ice"]}, "Gumshoos": {"name": "Gumshoos", "species": "Gumshoos", "speciesId": "gumshoos", "gender": "F", "shiny": false, "level": 95, "moves": ["knockoff", "earthquake", "doubleedge", "uturn"], "ability": "Adaptability", "evs": {"hp": 85, "atk": 85, "def": 85, "spa": 85, "spd": 85, "spe": 85}, "ivs": {"hp": 31, "atk": 31, "def": 31, "spa": 31, "spd": 31, "spe": 31}, "item": "Choice Band", "teraType": "Ground", "role": "Fast Attacker", "bvs": {"hp": 88, "atk": 110, "def": 60, "spa": 55, "spd": 60, "spe": 45}, "stats": {"hp": 321, "atk": 263, "def": 168, "spa": 158, "spd": 168, "spe": 139}, "types": ["Normal"]}}, {"Delibird": {"name": "Delibird", "species": "Delibird", "speciesId": "delibird", "gender": "F", "shiny": false, "level": 100, "moves": ["bravebird", "spikes", "rapidspin", "freezedry"], "ability": "Insomnia", "evs": {"hp": 85, "atk": 85, "def": 85, "spa": 85, "spd": 85, "spe": 85}, "ivs": {"hp": 31, "atk": 31, "def": 31, "spa": 31, "spd": 31, "spe": 31}, "item": "Heavy-Duty Boots", "teraType": "Ghost", "role": "Fast Support", "bvs": {"hp": 45, "atk": 55, "def": 45, "spa": 65, "spd": 45, "spe": 75}, "stats": {"hp": 252, "atk": 167, "def": 147, "spa": 187, "spd": 147, "spe": 207}, "types": ["Ice", "Flying"]}, "Mismagius": {"name": "Mismagius", "species": "Mismagius", "speciesId": "mismagius", "gender": "M", "shiny": false, "level": 86, "moves": ["dazzlinggleam", "substitute", "shadowball", "nastyplot"], "ability": "Levitate", "evs": {"hp": 85, "atk": 0, "def": 85, "spa": 85, "spd": 85, "spe": 85}, "ivs": {"hp": 31, "atk": 0, "def": 31, "spa": 31, "spd": 31, "spe": 31}, "item": "Leftovers", "teraType": "Fairy", "role": "Setup Sweeper", "bvs": {"hp": 60, "atk": 60, "def": 60, "spa": 105, "spd": 105, "spe": 105}, "stats": {"hp": 243, "atk": 108, "def": 152, "spa": 230, "spd": 230, "spe": 230}, "types": ["Ghost"]}, "Mewtwo": {"name": "Mewtwo", "species": "Mewtwo", "speciesId": "mewtwo", "gender": "N", "shiny": false, "level": 72, "moves": ["recover", "nastyplot", "psystrike", "fireblast"], "ability": "Unnerve", "evs": {"hp": 85, "atk": 0, "def": 85, "spa": 85, "spd": 85, "spe": 85}, "ivs": {"hp": 31, "atk": 0, "def": 31, "spa": 31, "spd": 31, "spe": 31}, "item": "Life Orb", "teraType": "Fire", "role": "Setup Sweeper", "bvs": {"hp": 106, "atk": 110, "def": 90, "spa": 154, "spd": 90, "spe": 130}, "stats": {"hp": 272, "atk": 163, "def": 172, "spa": 264, "spd": 172, "spe": 229}, "types": ["Psychic"]}, "Hydrapple": {"name": "Hydrapple", "species": "Hydrapple", "speciesId": "hydrapple", "gender": "M", "shiny": false, "level": 83, "moves": ["gigadrain", "ficklebeam", "nastyplot", "earthpower"], "ability": "Regenerator", "evs": {"hp": 85, "atk": 0, "def": 85, "spa": 85, "spd": 85, "spe": 85}, "ivs": {"hp": 31, "atk": 0, "def": 31, "spa": 31, "spd": 31, "spe": 31}, "item": "Life Orb", "teraType": "Steel", "role": "Fast Bulky Setup", "bvs": {"hp": 106, "atk": 80, "def": 110, "spa": 120, "spd": 80, "spe": 44}, "stats": {"hp": 312, "atk": 137, "def": 230, "spa": 247, "spd": 180, "spe": 121}, "types": ["Grass", "Dragon"]}, "Sudowoodo": {"name": "Sudowoodo", "species": "Sudowoodo", "speciesId": "sudowoodo", "gender": "M", "shiny": false, "level": 94, "moves": ["earthquake", "headsmash", "woodhammer", "suckerpunch"], "ability": "Rock Head", "evs": {"hp": 85, "atk": 85, "def": 85, "spa": 85, "spd": 85, "spe": 85}, "ivs": {"hp": 31, "atk": 31, "def": 31, "spa": 31, "spd": 31, "spe": 31}, "item": "Choice Band", "teraType": "Rock", "role": "Bulky Attacker", "bvs": {"hp": 70, "atk": 100, "def": 115, "spa": 30, "spd": 65, "spe": 30}, "stats": {"hp": 284, "atk": 241, "def": 270, "spa": 110, "spd": 176, "spe": 110}, "types": ["Rock"]}, "Azelf": {"name": "Azelf", "species": "Azelf", "speciesId": "azelf", "gender": "N", "shiny": false, "level": 82, "moves": ["fireblast", "taunt", "psychic", "knockoff"], "ability": "Levitate", "evs": {"hp": 85, "atk": 85, "def": 85, "spa": 85, "spd": 85, "spe": 85}, "ivs": {"hp": 31, "atk": 31, "def": 31, "spa": 31, "spd": 31, "spe": 31}, "item": "Life Orb", "teraType": "Fire", "role": "Fast Support", "bvs": {"hp": 75, "atk": 125, "def": 70, "spa": 125, "spd": 70, "spe": 115}, "stats": {"hp": 257, "atk": 252, "def": 162, "spa": 252, "spd": 162, "spe": 236}, "types": ["Psychic"]}}]}