{"id": "gen9randombattle-2631588036", "format": "[Gen 9] Random Battle", "players": ["pswdjj", "morgandorfer"], "log": "|j|\u2606pswdjj\n|j|\u2606morgandorfer\n|t:|1781405188\n|gametype|singles\n|player|p1|pswdjj|bugcatcher-gen4dp|1621\n|player|p2|morgandorfer|camper|1580\n|gen|9\n|tier|[Gen 9] Random Battle\n|rated|\n|rule|Species Clause: Limit one of each Pok\u00e9mon\n|rule|HP Percentage Mod: HP is shown in percentages\n|rule|Sleep Clause Mod: Limit one foe put to sleep\n|rule|Illusion Level Mod: Illusion disguises the Pok\u00e9mon's true level\n|\n|t:|1781405188\n|teamsize|p1|6\n|teamsize|p2|6\n|start\n|switch|p1a: Hypno|Hypno, L95, F|315/315\n|switch|p2a: Girafarig|Girafarig, L89, F|269/269\n|turn|1\n|inactive|Battle timer is ON: inactive players will automatically lose when time's up. (requested by pswdjj)\n|inactive|pswdjj has 120 seconds left.\n|\n|t:|1781405234\n|switch|p1a: Malamar|Malamar, L82, M|275/275\n|move|p2a: Girafarig|Nasty Plot|p2a: Girafarig\n|-boost|p2a: Girafarig|spa|2\n|\n|upkeep\n|turn|2\n|\n|t:|1781405243\n|move|p2a: Girafarig|Hyper Voice|p1a: Malamar\n|-damage|p1a: Malamar|56/275\n|move|p1a: Malamar|Superpower|p2a: Girafarig\n|-damage|p2a: Girafarig|204/269\n|-boost|p1a: Malamar|atk|1\n|-boost|p1a: Malamar|def|1\n|\n|-heal|p1a: Malamar|73/275|[from] item: Leftovers\n|upkeep\n|turn|3\n|\n|t:|1781405250\n|switch|p1a: Mimikyu|Mimikyu, L79, M|216/216\n|move|p2a: Girafarig|Thunderbolt|p1a: Mimikyu\n|-activate|p1a: Mimikyu|ability: Disguise\n|-damage|p1a: Mimikyu|216/216\n|detailschange|p1a: Mimikyu|Mimikyu-Busted, L79, M\n|-damage|p1a: Mimikyu|189/216|[from] pokemon: Mimikyu-Busted\n|\n|upkeep\n|turn|4\n|\n|t:|1781405263\n|move|p2a: Girafarig|Thunderbolt|p1a: Mimikyu\n|-damage|p1a: Mimikyu|59/216\n|move|p1a: Mimikyu|Play Rough|p2a: Girafarig\n|-damage|p2a: Girafarig|117/269\n|-damage|p1a: Mimikyu|38/216|[from] item: Life Orb\n|\n|upkeep\n|turn|5\n|\n|t:|1781405268\n|move|p2a: Girafarig|Thunderbolt|p1a: Mimikyu\n|-damage|p1a: Mimikyu|0 fnt\n|faint|p1a: Mimikyu\n|\n|upkeep\n|\n|t:|1781405272\n|switch|p1a: Minun|Minun, L95, M|268/268\n|turn|6\n|\n|t:|1781405282\n|switch|p2a: Luxray|Luxray, L88, F|283/283\n|move|p1a: Minun|Thunderbolt|p2a: Luxray\n|-resisted|p2a: Luxray\n|-damage|p2a: Luxray|214/283\n|-damage|p1a: Minun|242/268|[from] item: Life Orb\n|\n|-status|p2a: Luxray|brn|[from] item: Flame Orb\n|upkeep\n|turn|7\n|\n|t:|1781405290\n|switch|p1a: Malamar|Malamar, L82, M|73/275\n|move|p2a: Luxray|Trailblaze|p1a: Malamar\n|-damage|p1a: Malamar|2/275\n|-boost|p2a: Luxray|spe|1\n|\n|-heal|p1a: Malamar|19/275|[from] item: Leftovers\n|-damage|p2a: Luxray|197/283 brn|[from] brn\n|upkeep\n|turn|8\n|\n|t:|1781405298\n|move|p2a: Luxray|Trailblaze|p1a: Malamar\n|-damage|p1a: Malamar|0 fnt\n|-boost|p2a: Luxray|spe|1\n|faint|p1a: Malamar\n|\n|-damage|p2a: Luxray|180/283 brn|[from] brn\n|upkeep\n|\n|t:|1781405311\n|switch|p1a: Hypno|Hypno, L95, F|315/315\n|turn|9\n|l|\u2606morgandorfer\n|inactive|morgandorfer disconnected and has a minute to reconnect!\n|player|p2|\n|j|\u2606morgandorfer\n|inactive|morgandorfer reconnected and has 130 seconds left.\n|player|p2|morgandorfer|camper|\n|inactive|morgandorfer has 120 seconds left.\n|\n|t:|1781405342\n|move|p1a: Hypno|Protect|p1a: Hypno\n|-singleturn|p1a: Hypno|Protect\n|move|p2a: Luxray|Facade|p1a: Hypno\n|-activate|p1a: Hypno|move: Protect\n|\n|-damage|p2a: Luxray|163/283 brn|[from] brn\n|upkeep\n|turn|10\n|inactive|morgandorfer has 120 seconds left.\n|\n|t:|1781405371\n|move|p2a: Luxray|Facade|p1a: Hypno\n|-damage|p1a: Hypno|111/315\n|move|p1a: Hypno|Psychic Noise|p2a: Luxray\n|-damage|p2a: Luxray|79/283 brn\n|-start|p2a: Luxray|move: Heal Block\n|\n|-heal|p1a: Hypno|130/315|[from] item: Leftovers\n|-damage|p2a: Luxray|62/283 brn|[from] brn\n|upkeep\n|turn|11\n|\n|t:|1781405378\n|move|p1a: Hypno|Protect|p1a: Hypno\n|-singleturn|p1a: Hypno|Protect\n|move|p2a: Luxray|Throat Chop|p1a: Hypno\n|-activate|p1a: Hypno|move: Protect\n|\n|-heal|p1a: Hypno|149/315|[from] item: Leftovers\n|-damage|p2a: Luxray|45/283 brn|[from] brn\n|-end|p2a: Luxray|move: Heal Block\n|upkeep\n|turn|12\n|inactive|morgandorfer has 120 seconds left.\n|\n|t:|1781405394\n|switch|p1a: Venomoth|Venomoth, L84, F|255/255\n|move|p2a: Luxray|Facade|p1a: Venomoth\n|-damage|p1a: Venomoth|0 fnt\n|faint|p1a: Venomoth\n|\n|-damage|p2a: Luxray|28/283 brn|[from] brn\n|upkeep\n|\n|t:|1781405400\n|switch|p1a: Hypno|Hypno, L95, F|149/315\n|turn|13\n|\n|t:|1781405409\n|move|p1a: Hypno|Protect|p1a: Hypno\n|-singleturn|p1a: Hypno|Protect\n|move|p2a: Luxray|Facade|p1a: Hypno\n|-activate|p1a: Hypno|move: Protect\n|\n|-heal|p1a: Hypno|168/315|[from] item: Leftovers\n|-damage|p2a: Luxray|11/283 brn|[from] brn\n|upkeep\n|turn|14\n|inactive|pswdjj has 120 seconds left.\n|inactive|pswdjj has 90 seconds left.\n|c|\u2606morgandorfer|Bye\n|c|\u2606morgandorfer|Nice try\n|inactive|pswdjj has 60 seconds left.\n|inactive|pswdjj has 30 seconds left.\n|inactive|pswdjj has 20 seconds left.\n|l|\u2606morgandorfer\n|inactive|morgandorfer disconnected and has a minute to reconnect!\n|player|p2|\n|inactive|pswdjj has 15 seconds left.\n|inactive|pswdjj has 10 seconds left.\n|inactive|pswdjj has 5 seconds left.\n|-message|pswdjj lost due to inactivity.\n|\n|win|morgandorfer\n|raw|pswdjj's rating: 1621 &rarr; <strong>1599</strong><br />(-22 for losing)\n|raw|morgandorfer's rating: 1580 &rarr; <strong>1602</strong><br />(+22 for winning)\n|j|\u2606morgandorfer\n|player|p2|morgandorfer|camper|\n", "inputlog": ">version a8376a258c1d4662feba110a92103f3664a72141\n>start {\"formatid\":\"gen9randombattle\",\"seed\":\"sodium,d54a6a72fb4574fc8f6e7ef57506edfd\",\"rated\":\"Rated battle\"}\n>player p1 {\"name\":\"pswdjj\",\"avatar\":\"bugcatcher-gen4dp\",\"rating\":1621,\"seed\":\"sodium,9d489a5749e71b58780618ac7ea0ba4a\"}\n>player p2 {\"name\":\"morgandorfer\",\"avatar\":\"camper\",\"rating\":1580,\"seed\":\"sodium,36c2ebed8303bff6c814ae93eabc8b80\"}\n>p1 switch 3\n>p2 move nastyplot\n>p1 move superpower\n>p2 move hypervoice\n>p1 switch 5\n>p2 move thunderbolt\n>p1 move playrough\n>p2 move thunderbolt\n>p1 move playrough\n>p2 move thunderbolt\n>p1 switch 6\n>p1 move thunderbolt\n>p2 switch 6\n>p1 switch 5\n>p2 move trailblaze\n>p1 move knockoff\n>p2 move trailblaze\n>p1 switch 3\n>p1 move protect\n>p2 move facade\n>p1 move psychicnoise\n>p2 move facade\n>p1 move protect\n>p2 move throatchop\n>p1 switch 2\n>p2 move facade\n>p1 switch 2\n>p1 move protect\n>p2 move facade\n>chat \u2606morgandorfer|Bye\n>chat \u2606morgandorfer|Nice try\n>forcelose p1", "uploadtime": 1781405623, "views": 4, "formatid": "gen9randombattle", "rating": 1599, "private": 0, "password": null, "player_dets": [{"name": "pswdjj", "avatar": "bugcatcher-gen4dp", "rating": 1621, "seed": "sodium,9d489a5749e71b58780618ac7ea0ba4a"}, {"name": "morgandorfer", "avatar": "camper", "rating": 1580, "seed": "sodium,36c2ebed8303bff6c814ae93eabc8b80"}], "teams_full": [{"Hypno": {"name": "Hypno", "species": "Hypno", "speciesId": "hypno", "gender": "F", "shiny": false, "level": 95, "moves": ["focusblast", "protect", "psychicnoise", "toxic"], "ability": "Insomnia", "evs": {"hp": 85, "atk": 0, "def": 85, "spa": 85, "spd": 85, "spe": 85}, "ivs": {"hp": 31, "atk": 0, "def": 31, "spa": 31, "spd": 31, "spe": 31}, "item": "Leftovers", "teraType": "Dark", "role": "Bulky Attacker", "bvs": {"hp": 85, "atk": 73, "def": 70, "spa": 73, "spd": 115, "spe": 67}, "stats": {"hp": 315, "atk": 143, "def": 187, "spa": 193, "spd": 272, "spe": 181}, "types": ["Psychic"]}, "Venomoth": {"name": "Venomoth", "species": "Venomoth", "speciesId": "venomoth", "gender": "F", "shiny": false, "level": 84, "moves": ["bugbuzz", "quiverdance", "sludgewave", "sleeppowder"], "ability": "Tinted Lens", "evs": {"hp": 85, "atk": 0, "def": 85, "spa": 85, "spd": 85, "spe": 85}, "ivs": {"hp": 31, "atk": 0, "def": 31, "spa": 31, "spd": 31, "spe": 31}, "item": "Heavy-Duty Boots", "teraType": "Poison", "role": "Setup Sweeper", "bvs": {"hp": 70, "atk": 65, "def": 60, "spa": 90, "spd": 75, "spe": 90}, "stats": {"hp": 255, "atk": 114, "def": 149, "spa": 199, "spd": 174, "spe": 199}, "types": ["Bug", "Poison"]}, "Malamar": {"name": "Malamar", "species": "Malamar", "speciesId": "malamar", "gender": "M", "shiny": false, "level": 82, "moves": ["knockoff", "superpower", "sleeptalk", "rest"], "ability": "Contrary", "evs": {"hp": 85, "atk": 85, "def": 85, "spa": 85, "spd": 85, "spe": 85}, "ivs": {"hp": 31, "atk": 31, "def": 31, "spa": 31, "spd": 31, "spe": 31}, "item": "Leftovers", "teraType": "Fighting", "role": "Bulky Setup", "bvs": {"hp": 86, "atk": 92, "def": 88, "spa": 68, "spd": 75, "spe": 73}, "stats": {"hp": 275, "atk": 198, "def": 191, "spa": 159, "spd": 170, "spe": 167}, "types": ["Dark", "Psychic"]}, "Pincurchin": {"name": "Pincurchin", "species": "Pincurchin", "speciesId": "pincurchin", "gender": "F", "shiny": false, "level": 100, "moves": ["spikes", "recover", "discharge", "scald"], "ability": "Electric Surge", "evs": {"hp": 85, "atk": 0, "def": 85, "spa": 85, "spd": 85, "spe": 85}, "ivs": {"hp": 31, "atk": 0, "def": 31, "spa": 31, "spd": 31, "spe": 31}, "item": "Leftovers", "teraType": "Water", "role": "Bulky Attacker", "bvs": {"hp": 48, "atk": 101, "def": 95, "spa": 91, "spd": 85, "spe": 15}, "stats": {"hp": 258, "atk": 207, "def": 247, "spa": 239, "spd": 227, "spe": 87}, "types": ["Electric"]}, "Mimikyu": {"name": "Mimikyu", "species": "Mimikyu", "speciesId": "mimikyu", "gender": "M", "shiny": false, "level": 79, "moves": ["playrough", "drainpunch", "shadowsneak", "swordsdance"], "ability": "Disguise", "evs": {"hp": 85, "atk": 85, "def": 85, "spa": 85, "spd": 85, "spe": 85}, "ivs": {"hp": 31, "atk": 31, "def": 31, "spa": 31, "spd": 31, "spe": 31}, "item": "Life Orb", "teraType": "Fairy", "role": "Setup Sweeper", "bvs": {"hp": 55, "atk": 90, "def": 80, "spa": 50, "spd": 105, "spe": 96}, "stats": {"hp": 216, "atk": 188, "def": 172, "spa": 125, "spd": 211, "spe": 197}, "types": ["Ghost", "Fairy"]}, "Minun": {"name": "Minun", "species": "Minun", "speciesId": "minun", "gender": "M", "shiny": false, "level": 95, "moves": ["nastyplot", "encore", "grassknot", "thunderbolt"], "ability": "Volt Absorb", "evs": {"hp": 85, "atk": 0, "def": 85, "spa": 85, "spd": 85, "spe": 85}, "ivs": {"hp": 31, "atk": 0, "def": 31, "spa": 31, "spd": 31, "spe": 31}, "item": "Life Orb", "teraType": "Grass", "role": "Setup Sweeper", "bvs": {"hp": 60, "atk": 40, "def": 50, "spa": 75, "spd": 85, "spe": 95}, "stats": {"hp": 268, "atk": 81, "def": 149, "spa": 196, "spd": 215, "spe": 234}, "types": ["Electric"]}}, {"Girafarig": {"name": "Girafarig", "species": "Girafarig", "speciesId": "girafarig", "gender": "F", "shiny": false, "level": 89, "moves": ["thunderbolt", "hypervoice", "nastyplot", "psyshock"], "ability": "Sap Sipper", "evs": {"hp": 85, "atk": 0, "def": 85, "spa": 85, "spd": 85, "spe": 85}, "ivs": {"hp": 31, "atk": 0, "def": 31, "spa": 31, "spd": 31, "spe": 31}, "item": "Eviolite", "teraType": "Normal", "role": "Fast Bulky Setup", "bvs": {"hp": 70, "atk": 80, "def": 65, "spa": 90, "spd": 65, "spe": 85}, "stats": {"hp": 269, "atk": 147, "def": 166, "spa": 211, "spd": 166, "spe": 202}, "types": ["Normal", "Psychic"]}, "Mimikyu": {"name": "Mimikyu", "species": "Mimikyu", "speciesId": "mimikyu", "gender": "M", "shiny": false, "level": 79, "moves": ["playrough", "drainpunch", "swordsdance", "shadowsneak"], "ability": "Disguise", "evs": {"hp": 85, "atk": 85, "def": 85, "spa": 85, "spd": 85, "spe": 85}, "ivs": {"hp": 31, "atk": 31, "def": 31, "spa": 31, "spd": 31, "spe": 31}, "item": "Life Orb", "teraType": "Fairy", "role": "Setup Sweeper", "bvs": {"hp": 55, "atk": 90, "def": 80, "spa": 50, "spd": 105, "spe": 96}, "stats": {"hp": 216, "atk": 188, "def": 172, "spa": 125, "spd": 211, "spe": 197}, "types": ["Ghost", "Fairy"]}, "Leafeon": {"name": "Leafeon", "species": "Leafeon", "speciesId": "leafeon", "gender": "F", "shiny": false, "level": 88, "moves": ["knockoff", "swordsdance", "leafblade", "doubleedge"], "ability": "Chlorophyll", "evs": {"hp": 85, "atk": 85, "def": 85, "spa": 85, "spd": 85, "spe": 85}, "ivs": {"hp": 31, "atk": 31, "def": 31, "spa": 31, "spd": 31, "spe": 31}, "item": "Life Orb", "teraType": "Dark", "role": "Setup Sweeper", "bvs": {"hp": 65, "atk": 110, "def": 130, "spa": 60, "spd": 65, "spe": 95}, "stats": {"hp": 258, "atk": 244, "def": 279, "spa": 156, "spd": 165, "spe": 217}, "types": ["Grass"]}, "Gardevoir": {"name": "Gardevoir", "species": "Gardevoir", "speciesId": "gardevoir", "gender": "M", "shiny": false, "level": 83, "moves": ["psychic", "mysticalfire", "moonblast", "focusblast"], "ability": "Trace", "evs": {"hp": 85, "atk": 0, "def": 85, "spa": 85, "spd": 85, "spe": 85}, "ivs": {"hp": 31, "atk": 0, "def": 31, "spa": 31, "spd": 31, "spe": 31}, "item": "Choice Specs", "teraType": "Fighting", "role": "Fast Attacker", "bvs": {"hp": 68, "atk": 65, "def": 65, "spa": 125, "spd": 115, "spe": 80}, "stats": {"hp": 249, "atk": 112, "def": 156, "spa": 255, "spd": 239, "spe": 180}, "types": ["Psychic", "Fairy"]}, "Vespiquen": {"name": "Vespiquen", "species": "Vespiquen", "speciesId": "vespiquen", "gender": "F", "shiny": false, "level": 99, "moves": ["uturn", "roost", "toxicspikes", "hurricane"], "ability": "Pressure", "evs": {"hp": 85, "atk": 85, "def": 85, "spa": 85, "spd": 85, "spe": 85}, "ivs": {"hp": 31, "atk": 31, "def": 31, "spa": 31, "spd": 31, "spe": 31}, "item": "Heavy-Duty Boots", "teraType": "Steel", "role": "Bulky Support", "bvs": {"hp": 70, "atk": 80, "def": 102, "spa": 80, "spd": 102, "spe": 40}, "stats": {"hp": 299, "atk": 214, "def": 258, "spa": 214, "spd": 258, "spe": 135}, "types": ["Bug", "Flying"]}, "Luxray": {"name": "Luxray", "species": "Luxray", "speciesId": "luxray", "gender": "F", "shiny": false, "level": 88, "moves": ["trailblaze", "facade", "throatchop", "supercellslam"], "ability": "Guts", "evs": {"hp": 81, "atk": 85, "def": 85, "spa": 85, "spd": 85, "spe": 85}, "ivs": {"hp": 31, "atk": 31, "def": 31, "spa": 31, "spd": 31, "spe": 31}, "item": "Flame Orb", "teraType": "Normal", "role": "Setup Sweeper", "bvs": {"hp": 80, "atk": 120, "def": 79, "spa": 95, "spd": 79, "spe": 70}, "stats": {"hp": 283, "atk": 261, "def": 189, "spa": 217, "spd": 189, "spe": 173}, "types": ["Electric"]}}]}