{"id": "gen9randombattle-2631753375", "format": "[Gen 9] Random Battle", "players": ["lauriek", "nirhc"], "log": "|j|\u2606lauriek\n|j|\u2606nirhc\n|t:|1781434117\n|gametype|singles\n|player|p1|lauriek|266|1419\n|player|p2|nirhc|hiker-gen4|1444\n|gen|9\n|tier|[Gen 9] Random Battle\n|rated|\n|rule|Species Clause: Limit one of each Pok\u00e9mon\n|rule|HP Percentage Mod: HP is shown in percentages\n|rule|Sleep Clause Mod: Limit one foe put to sleep\n|rule|Illusion Level Mod: Illusion disguises the Pok\u00e9mon's true level\n|\n|t:|1781434117\n|teamsize|p1|6\n|teamsize|p2|6\n|start\n|switch|p1a: Electrode|Electrode-Hisui, L87|246/246\n|switch|p2a: Gogoat|Gogoat, L88, M|360/360\n|turn|1\n|inactive|Battle timer is ON: inactive players will automatically lose when time's up. (requested by lauriek)\n|\n|t:|1781434134\n|switch|p1a: Jirachi|Jirachi, L80|291/291\n|switch|p2a: Iron Moth|Iron Moth, L78|253/253\n|\n|upkeep\n|turn|2\n|\n|t:|1781434146\n|switch|p1a: Inteleon|Inteleon, L81, F|246/246\n|move|p2a: Iron Moth|Fire Blast|p1a: Inteleon|[miss]\n|-miss|p2a: Iron Moth|p1a: Inteleon\n|\n|upkeep\n|turn|3\n|inactive|nirhc has 120 seconds left.\n|\n|t:|1781434186\n|-end|p2a: Iron Moth|Quark Drive|[silent]\n|switch|p2a: Gogoat|Gogoat, L88, M|360/360\n|move|p1a: Inteleon|Scald|p2a: Gogoat\n|-resisted|p2a: Gogoat\n|-damage|p2a: Gogoat|284/360\n|-status|p2a: Gogoat|brn\n|\n|-heal|p2a: Gogoat|306/360 brn|[from] item: Leftovers\n|-damage|p2a: Gogoat|284/360 brn|[from] brn\n|upkeep\n|turn|4\n|inactive|nirhc has 120 seconds left.\n|\n|t:|1781434199\n|switch|p1a: Jirachi|Jirachi, L80|291/291\n|move|p2a: Gogoat|Horn Leech|p1a: Jirachi\n|-resisted|p1a: Jirachi\n|-crit|p1a: Jirachi\n|-damage|p1a: Jirachi|261/291\n|-heal|p2a: Gogoat|299/360 brn|[from] drain|[of] p1a: Jirachi\n|\n|-heal|p1a: Jirachi|279/291|[from] item: Leftovers\n|-heal|p2a: Gogoat|321/360 brn|[from] item: Leftovers\n|-damage|p2a: Gogoat|299/360 brn|[from] brn\n|upkeep\n|turn|5\n|inactive|nirhc has 120 seconds left.\n|l|\u2606nirhc\n|inactive|nirhc disconnected and has a minute to reconnect!\n|player|p2|\n|j|\u2606nirhc\n|inactive|nirhc reconnected and has 105 seconds left.\n|player|p2|nirhc|hiker-gen4|\n|inactive|nirhc has 90 seconds left.\n|\n|t:|1781434243\n|switch|p2a: Morpeko|Morpeko, L88, F|245/245\n|move|p1a: Jirachi|Wish|p1a: Jirachi\n|\n|-heal|p1a: Jirachi|291/291|[from] item: Leftovers\n|-formechange|p2a: Morpeko|Morpeko-Hangry||[from] ability: Hunger Switch\n|upkeep\n|turn|6\n|inactive|nirhc has 90 seconds left.\n|inactive|lauriek has 120 seconds left.\n|\n|t:|1781434276\n|switch|p1a: Tyranitar|Tyranitar, L78, M|284/284\n|-weather|Sandstorm|[from] ability: Sand Stream|[of] p1a: Tyranitar\n|move|p2a: Morpeko|Aura Wheel|p1a: Tyranitar\n|-resisted|p1a: Tyranitar\n|-damage|p1a: Tyranitar|230/284\n|-boost|p2a: Morpeko|spe|1\n|\n|-weather|Sandstorm|[upkeep]\n|-damage|p2a: Morpeko|230/245|[from] Sandstorm\n|-heal|p1a: Tyranitar|284/284|[from] move: Wish|[wisher] Jirachi\n|-heal|p2a: Morpeko|245/245|[from] item: Leftovers\n|-formechange|p2a: Morpeko|Morpeko||[from] ability: Hunger Switch\n|upkeep\n|turn|7\n|inactive|nirhc has 90 seconds left.\n|inactive|lauriek has 120 seconds left.\n|inactive|nirhc has 60 seconds left.\n|\n|t:|1781434316\n|switch|p2a: Crawdaunt|Crawdaunt, L84, F|243/243\n|move|p1a: Tyranitar|Knock Off|p2a: Crawdaunt\n|-resisted|p2a: Crawdaunt\n|-damage|p2a: Crawdaunt|189/243\n|-enditem|p2a: Crawdaunt|Choice Band|[from] move: Knock Off|[of] p1a: Tyranitar\n|\n|-weather|Sandstorm|[upkeep]\n|-damage|p2a: Crawdaunt|174/243|[from] Sandstorm\n|upkeep\n|turn|8\n|inactive|lauriek has 120 seconds left.\n|\n|t:|1781434345\n|switch|p1a: Sawsbuck|Sawsbuck-Summer, L88, M|284/284\n|move|p2a: Crawdaunt|Crabhammer|p1a: Sawsbuck\n|-resisted|p1a: Sawsbuck\n|-damage|p1a: Sawsbuck|185/284\n|\n|-weather|Sandstorm|[upkeep]\n|-damage|p1a: Sawsbuck|168/284|[from] Sandstorm\n|-damage|p2a: Crawdaunt|159/243|[from] Sandstorm\n|upkeep\n|turn|9\n|inactive|nirhc has 60 seconds left.\n|\n|t:|1781434380\n|move|p1a: Sawsbuck|Headbutt|p2a: Crawdaunt\n|-damage|p2a: Crawdaunt|45/243\n|-damage|p1a: Sawsbuck|140/284|[from] item: Life Orb\n|cant|p2a: Crawdaunt|flinch\n|\n|-weather|Sandstorm|[upkeep]\n|-damage|p1a: Sawsbuck|123/284|[from] Sandstorm\n|-damage|p2a: Crawdaunt|30/243|[from] Sandstorm\n|upkeep\n|turn|10\n|\n|t:|1781434389\n|switch|p2a: Houndstone|Houndstone, L86, M|264/264\n|move|p1a: Sawsbuck|Horn Leech|p2a: Houndstone\n|-damage|p2a: Houndstone|217/264\n|-heal|p1a: Sawsbuck|147/284|[from] drain|[of] p2a: Houndstone\n|-damage|p1a: Sawsbuck|119/284|[from] item: Life Orb\n|\n|-weather|none\n|upkeep\n|turn|11\n|inactive|lauriek has 120 seconds left.\n|\n|t:|1781434399\n|move|p1a: Sawsbuck|Horn Leech|p2a: Houndstone\n|-damage|p2a: Houndstone|168/264\n|-heal|p1a: Sawsbuck|144/284|[from] drain|[of] p2a: Houndstone\n|-damage|p1a: Sawsbuck|116/284|[from] item: Life Orb\n|move|p2a: Houndstone|Body Press|p1a: Sawsbuck\n|-supereffective|p1a: Sawsbuck\n|-damage|p1a: Sawsbuck|0 fnt\n|faint|p1a: Sawsbuck\n|\n|upkeep\n|\n|t:|1781434406\n|switch|p1a: Electrode|Electrode-Hisui, L87|246/246\n|turn|12\n|inactive|lauriek has 120 seconds left.\n|\n|t:|1781434425\n|switch|p2a: Morpeko|Morpeko, L88, F|245/245\n|move|p1a: Electrode|Leech Seed|p2a: Morpeko\n|-start|p2a: Morpeko|move: Leech Seed\n|\n|-damage|p2a: Morpeko|215/245|[from] Leech Seed|[of] p1a: Electrode\n|-formechange|p2a: Morpeko|Morpeko-Hangry||[from] ability: Hunger Switch\n|upkeep\n|turn|13\n|\n|t:|1781434431\n|move|p1a: Electrode|Giga Drain|p2a: Morpeko\n|-damage|p2a: Morpeko|119/245\n|move|p2a: Morpeko|Knock Off|p1a: Electrode\n|-damage|p1a: Electrode|111/246\n|-enditem|p1a: Electrode|Leftovers|[from] move: Knock Off|[of] p2a: Morpeko\n|\n|-heal|p2a: Morpeko|134/245|[from] item: Leftovers\n|-damage|p2a: Morpeko|104/245|[from] Leech Seed|[of] p1a: Electrode\n|-heal|p1a: Electrode|141/246|[silent]\n|-formechange|p2a: Morpeko|Morpeko||[from] ability: Hunger Switch\n|upkeep\n|turn|14\n|\n|t:|1781434437\n|move|p1a: Electrode|Giga Drain|p2a: Morpeko\n|-damage|p2a: Morpeko|8/245\n|-heal|p1a: Electrode|189/246|[from] drain|[of] p2a: Morpeko\n|move|p2a: Morpeko|Rapid Spin|p1a: Electrode\n|-damage|p1a: Electrode|145/246\n|-boost|p2a: Morpeko|spe|1\n|-end|p2a: Morpeko|Leech Seed|[from] move: Rapid Spin|[of] p2a: Morpeko\n|\n|-heal|p2a: Morpeko|23/245|[from] item: Leftovers\n|-formechange|p2a: Morpeko|Morpeko-Hangry||[from] ability: Hunger Switch\n|upkeep\n|turn|15\n|\n|t:|1781434441\n|move|p2a: Morpeko|Aura Wheel|p1a: Electrode\n|-damage|p1a: Electrode|12/246\n|-boost|p2a: Morpeko|spe|1\n|move|p1a: Electrode|Giga Drain|p2a: Morpeko\n|-damage|p2a: Morpeko|0 fnt\n|-heal|p1a: Electrode|24/246|[from] drain|[of] p2a: Morpeko\n|faint|p2a: Morpeko\n|\n|upkeep\n|\n|t:|1781434445\n|switch|p2a: Crawdaunt|Crawdaunt, L84, F|30/243\n|turn|16\n|\n|t:|1781434451\n|move|p2a: Crawdaunt|Aqua Jet|p1a: Electrode\n|-resisted|p1a: Electrode\n|-damage|p1a: Electrode|0 fnt\n|faint|p1a: Electrode\n|\n|upkeep\n|\n|t:|1781434464\n|switch|p1a: Inteleon|Inteleon, L81, F|246/246\n|turn|17\n|\n|t:|1781434480\n|move|p1a: Inteleon|U-turn|p2a: Crawdaunt\n|-supereffective|p2a: Crawdaunt\n|-damage|p2a: Crawdaunt|0 fnt\n|faint|p2a: Crawdaunt\n|\n|t:|1781434493\n|switch|p1a: Tyranitar|Tyranitar, L78, M|284/284|[from] U-turn\n|-weather|Sandstorm|[from] ability: Sand Stream|[of] p1a: Tyranitar\n|\n|-weather|Sandstorm|[upkeep]\n|upkeep\n|\n|t:|1781434508\n|switch|p2a: Houndstone|Houndstone, L86, M|168/264\n|turn|18\n|\n|t:|1781434515\n|move|p2a: Houndstone|Body Press|p1a: Tyranitar\n|-supereffective|p1a: Tyranitar\n|-damage|p1a: Tyranitar|0 fnt\n|faint|p1a: Tyranitar\n|\n|-weather|Sandstorm|[upkeep]\n|-damage|p2a: Houndstone|152/264|[from] Sandstorm\n|upkeep\n|\n|t:|1781434533\n|switch|p1a: Inteleon|Inteleon, L81, F|246/246\n|turn|19\n|inactive|nirhc has 120 seconds left.\n|\n|t:|1781434544\n|switch|p2a: Gogoat|Gogoat, L88, M|299/360 brn\n|move|p1a: Inteleon|Hydro Pump|p2a: Gogoat\n|-resisted|p2a: Gogoat\n|-damage|p2a: Gogoat|192/360 brn\n|\n|-weather|Sandstorm|[upkeep]\n|-damage|p1a: Inteleon|231/246|[from] Sandstorm\n|-damage|p2a: Gogoat|170/360 brn|[from] Sandstorm\n|-heal|p2a: Gogoat|192/360 brn|[from] item: Leftovers\n|-damage|p2a: Gogoat|170/360 brn|[from] brn\n|upkeep\n|turn|20\n|\n|t:|1781434550\n|switch|p1a: Kleavor|Kleavor, L78, M|237/237\n|move|p2a: Gogoat|Horn Leech|p1a: Kleavor\n|-damage|p1a: Kleavor|194/237\n|-heal|p2a: Gogoat|192/360 brn|[from] drain|[of] p1a: Kleavor\n|\n|-weather|Sandstorm|[upkeep]\n|-damage|p2a: Gogoat|170/360 brn|[from] Sandstorm\n|-heal|p2a: Gogoat|192/360 brn|[from] item: Leftovers\n|-damage|p2a: Gogoat|170/360 brn|[from] brn\n|upkeep\n|turn|21\n|inactive|nirhc has 120 seconds left.\n|\n|t:|1781434578\n|move|p1a: Kleavor|Stone Axe|p2a: Gogoat\n|-crit|p2a: Gogoat\n|-damage|p2a: Gogoat|0 fnt\n|-sidestart|p2: nirhc|move: Stealth Rock\n|faint|p2a: Gogoat\n|\n|-weather|none\n|upkeep\n|inactive|nirhc has 90 seconds left.\n|\n|t:|1781434612\n|switch|p2a: Pincurchin|Pincurchin, M|258/258\n|-damage|p2a: Pincurchin|226/258|[from] Stealth Rock\n|-fieldstart|move: Electric Terrain|[from] ability: Electric Surge|[of] p2a: Pincurchin\n|turn|22\n|\n|t:|1781434621\n|move|p1a: Kleavor|Stone Axe|p2a: Pincurchin\n|-damage|p2a: Pincurchin|75/258\n|move|p2a: Pincurchin|Zing Zap|p1a: Kleavor\n|-damage|p1a: Kleavor|22/237\n|\n|-heal|p2a: Pincurchin|91/258|[from] item: Leftovers\n|upkeep\n|turn|23\n|inactive|nirhc has 90 seconds left.\n|\n|t:|1781434643\n|switch|p1a: Jirachi|Jirachi, L80|291/291\n|move|p2a: Pincurchin|Zing Zap|p1a: Jirachi\n|-damage|p1a: Jirachi|137/291\n|\n|-heal|p1a: Jirachi|155/291|[from] item: Leftovers\n|-heal|p2a: Pincurchin|107/258|[from] item: Leftovers\n|upkeep\n|turn|24\n|\n|t:|1781434653\n|move|p1a: Jirachi|Protect|p1a: Jirachi\n|-singleturn|p1a: Jirachi|Protect\n|move|p2a: Pincurchin|Zing Zap|p1a: Jirachi\n|-activate|p1a: Jirachi|move: Protect\n|\n|-heal|p1a: Jirachi|173/291|[from] item: Leftovers\n|-heal|p2a: Pincurchin|123/258|[from] item: Leftovers\n|upkeep\n|turn|25\n|\n|t:|1781434662\n|move|p1a: Jirachi|Wish|p1a: Jirachi\n|move|p2a: Pincurchin|Zing Zap|p1a: Jirachi\n|-damage|p1a: Jirachi|31/291\n|\n|-heal|p1a: Jirachi|49/291|[from] item: Leftovers\n|-heal|p2a: Pincurchin|139/258|[from] item: Leftovers\n|upkeep\n|turn|26\n|\n|t:|1781434673\n|move|p1a: Jirachi|Protect|p1a: Jirachi\n|-singleturn|p1a: Jirachi|Protect\n|move|p2a: Pincurchin|Recover|p2a: Pincurchin\n|-heal|p2a: Pincurchin|258/258\n|\n|-heal|p1a: Jirachi|194/291|[from] move: Wish|[wisher] Jirachi\n|-heal|p1a: Jirachi|212/291|[from] item: Leftovers\n|-fieldend|move: Electric Terrain\n|upkeep\n|turn|27\n|\n|t:|1781434677\n|move|p1a: Jirachi|Wish|p1a: Jirachi\n|move|p2a: Pincurchin|Curse|p2a: Pincurchin\n|-unboost|p2a: Pincurchin|spe|1\n|-boost|p2a: Pincurchin|atk|1\n|-boost|p2a: Pincurchin|def|1\n|\n|-heal|p1a: Jirachi|230/291|[from] item: Leftovers\n|upkeep\n|turn|28\n|inactive|nirhc has 120 seconds left.\n|\n|t:|1781434695\n|move|p1a: Jirachi|U-turn|p2a: Pincurchin\n|-damage|p2a: Pincurchin|235/258\n|\n|t:|1781434697\n|switch|p1a: Kleavor|Kleavor, L78, M|22/237|[from] U-turn\n|move|p2a: Pincurchin|Zing Zap|p1a: Kleavor\n|-damage|p1a: Kleavor|0 fnt\n|faint|p1a: Kleavor\n|\n|-heal|p2a: Pincurchin|251/258|[from] item: Leftovers\n|upkeep\n|\n|t:|1781434706\n|switch|p1a: Inteleon|Inteleon, L81, F|231/246\n|turn|29\n|\n|t:|1781434713\n|-terastallize|p2a: Pincurchin|Grass\n|move|p1a: Inteleon|Ice Beam|p2a: Pincurchin\n|-supereffective|p2a: Pincurchin\n|-damage|p2a: Pincurchin|57/258\n|-status|p2a: Pincurchin|frz\n|cant|p2a: Pincurchin|frz\n|\n|-heal|p2a: Pincurchin|73/258 frz|[from] item: Leftovers\n|upkeep\n|turn|30\n|\n|t:|1781434719\n|move|p1a: Inteleon|Ice Beam|p2a: Pincurchin\n|-supereffective|p2a: Pincurchin\n|-damage|p2a: Pincurchin|0 fnt\n|faint|p2a: Pincurchin\n|\n|upkeep\n|c|\u2606nirhc|fuck this shit\n|\n|t:|1781434733\n|switch|p2a: Houndstone|Houndstone, L86, M|152/264\n|-damage|p2a: Houndstone|119/264|[from] Stealth Rock\n|turn|31\n|\n|t:|1781434744\n|move|p1a: Inteleon|Ice Beam|p2a: Houndstone\n|-damage|p2a: Houndstone|20/264\n|move|p2a: Houndstone|Poltergeist|p1a: Inteleon\n|-activate|p1a: Inteleon|move: Poltergeist|Choice Specs\n|-damage|p1a: Inteleon|0 fnt\n|faint|p1a: Inteleon\n|\n|upkeep\n|\n|t:|1781434747\n|switch|p1a: Jirachi|Jirachi, L80|230/291\n|turn|32\n|inactive|nirhc has 120 seconds left.\n|\n|t:|1781434780\n|-terastallize|p1a: Jirachi|Water\n|move|p1a: Jirachi|Iron Head|p2a: Houndstone\n|-damage|p2a: Houndstone|0 fnt\n|faint|p2a: Houndstone\n|\n|-heal|p1a: Jirachi|248/291|[from] item: Leftovers\n|upkeep\n|\n|t:|1781434783\n|switch|p2a: Iron Moth|Iron Moth, L78|253/253\n|turn|33\n|\n|t:|1781434799\n|move|p2a: Iron Moth|Energy Ball|p1a: Jirachi\n|-supereffective|p1a: Jirachi\n|-damage|p1a: Jirachi|108/291\n|move|p1a: Jirachi|Iron Head|p2a: Iron Moth\n|-resisted|p2a: Iron Moth\n|-damage|p2a: Iron Moth|199/253\n|\n|-heal|p1a: Jirachi|126/291|[from] item: Leftovers\n|upkeep\n|turn|34\n|\n|t:|1781434810\n|move|p2a: Iron Moth|Energy Ball|p1a: Jirachi\n|-supereffective|p1a: Jirachi\n|-damage|p1a: Jirachi|0 fnt\n|faint|p1a: Jirachi\n|\n|win|nirhc\n|raw|lauriek's rating: 1419 &rarr; <strong>1400</strong><br />(-19 for losing)\n|raw|nirhc's rating: 1444 &rarr; <strong>1463</strong><br />(+19 for winning)\n|l|\u2606nirhc\n|player|p2|\n", "inputlog": ">version a8376a258c1d4662feba110a92103f3664a72141\n>start {\"formatid\":\"gen9randombattle\",\"seed\":\"sodium,f8e9fcced4891df12890041b3cfcd46f\",\"rated\":\"Rated battle\"}\n>player p1 {\"name\":\"lauriek\",\"avatar\":\"266\",\"rating\":1419,\"seed\":\"sodium,ec715de8b9c3f5770579922fd89efb74\"}\n>player p2 {\"name\":\"nirhc\",\"avatar\":\"hiker-gen4\",\"rating\":1444,\"seed\":\"sodium,5ffb3e0a982b0fed9e531e42d160fd43\"}\n>p1 switch 4\n>p2 switch 3\n>p1 switch 2\n>p2 move fireblast\n>p1 move scald\n>p2 switch 3\n>p1 switch 2\n>p2 move hornleech\n>p1 move wish\n>p2 switch 5\n>p1 switch 6\n>p2 move aurawheel\n>p1 move knockoff\n>p2 switch 4\n>p1 switch 5\n>p2 move crabhammer\n>p1 move headbutt\n>p2 move closecombat\n>p1 move hornleech\n>p2 switch 2\n>p1 move hornleech\n>p2 move bodypress\n>p1 switch 4\n>p1 move leechseed\n>p2 switch 4\n>p1 move gigadrain\n>p2 move knockoff\n>p1 move gigadrain\n>p2 move rapidspin\n>p1 move gigadrain\n>p2 move aurawheel\n>p2 switch 2\n>p1 move gigadrain\n>p2 move aquajet\n>p1 switch 2\n>p1 move uturn\n>p2 move closecombat\n>p1 switch 5\n>p2 switch 4\n>p1 move knockoff\n>p2 move bodypress\n>p1 switch 5\n>p1 move hydropump\n>p2 switch 5\n>p1 switch 3\n>p2 move hornleech\n>p1 move stoneaxe\n>p2 move hornleech\n>p2 switch 6\n>p1 move stoneaxe\n>p2 move zingzap\n>p1 switch 6\n>p2 move zingzap\n>p1 move protect\n>p2 move zingzap\n>p1 move wish\n>p2 move zingzap\n>p1 move protect\n>p2 move recover\n>p1 move wish\n>p2 move curse\n>p1 move uturn\n>p2 move zingzap\n>p1 switch 6\n>p1 switch 3\n>p1 move icebeam\n>p2 move zingzap terastallize\n>p1 move icebeam\n>p2 move zingzap\n>chat \u2606nirhc|fuck this shit\n>p2 switch 5\n>p1 move icebeam\n>p2 move poltergeist\n>p1 switch 6\n>p1 move ironhead terastallize\n>p2 move poltergeist\n>p2 switch 3\n>p1 move ironhead\n>p2 move energyball\n>p1 move uturn\n>p2 move energyball", "uploadtime": 1781434728, "views": 3, "formatid": "gen9randombattle", "rating": 1400, "private": 0, "password": null, "player_dets": [{"name": "lauriek", "avatar": "266", "rating": 1419, "seed": "sodium,ec715de8b9c3f5770579922fd89efb74"}, {"name": "nirhc", "avatar": "hiker-gen4", "rating": 1444, "seed": "sodium,5ffb3e0a982b0fed9e531e42d160fd43"}], "teams_full": [{"Electrode": {"name": "Electrode", "species": "Electrode-Hisui", "speciesId": "electrodehisui", "gender": "N", "shiny": false, "level": 87, "moves": ["thunderbolt", "substitute", "leechseed", "gigadrain"], "ability": "Soundproof", "evs": {"hp": 85, "atk": 0, "def": 85, "spa": 85, "spd": 85, "spe": 85}, "ivs": {"hp": 31, "atk": 0, "def": 31, "spa": 31, "spd": 31, "spe": 31}, "item": "Leftovers", "teraType": "Poison", "role": "Fast Support", "bvs": {"hp": 60, "atk": 50, "def": 70, "spa": 80, "spd": 80, "spe": 150}, "stats": {"hp": 246, "atk": 92, "def": 172, "spa": 189, "spd": 189, "spe": 311}, "types": ["Electric", "Grass"]}, "Inteleon": {"name": "Inteleon", "species": "Inteleon", "speciesId": "inteleon", "gender": "F", "shiny": false, "level": 81, "moves": ["hydropump", "scald", "icebeam", "uturn"], "ability": "Torrent", "evs": {"hp": 85, "atk": 85, "def": 85, "spa": 85, "spd": 85, "spe": 85}, "ivs": {"hp": 31, "atk": 31, "def": 31, "spa": 31, "spd": 31, "spe": 31}, "item": "Choice Specs", "teraType": "Water", "role": "Wallbreaker", "bvs": {"hp": 70, "atk": 85, "def": 65, "spa": 125, "spd": 65, "spe": 120}, "stats": {"hp": 246, "atk": 184, "def": 152, "spa": 249, "spd": 152, "spe": 241}, "types": ["Water"]}, "Kleavor": {"name": "Kleavor", "species": "Kleavor", "speciesId": "kleavor", "gender": "M", "shiny": false, "level": 78, "moves": ["closecombat", "uturn", "xscissor", "stoneaxe"], "ability": "Sharpness", "evs": {"hp": 85, "atk": 85, "def": 85, "spa": 85, "spd": 85, "spe": 85}, "ivs": {"hp": 31, "atk": 31, "def": 31, "spa": 31, "spd": 31, "spe": 31}, "item": "Choice Band", "teraType": "Fighting", "role": "Bulky Attacker", "bvs": {"hp": 70, "atk": 135, "def": 95, "spa": 45, "spd": 70, "spe": 85}, "stats": {"hp": 237, "atk": 256, "def": 193, "spa": 115, "spd": 154, "spe": 178}, "types": ["Bug", "Rock"]}, "Jirachi": {"name": "Jirachi", "species": "Jirachi", "speciesId": "jirachi", "gender": "N", "shiny": false, "level": 80, "moves": ["wish", "protect", "uturn", "ironhead"], "ability": "Serene Grace", "evs": {"hp": 85, "atk": 85, "def": 85, "spa": 85, "spd": 85, "spe": 85}, "ivs": {"hp": 31, "atk": 31, "def": 31, "spa": 31, "spd": 31, "spe": 31}, "item": "Leftovers", "teraType": "Water", "role": "Bulky Support", "bvs": {"hp": 100, "atk": 100, "def": 100, "spa": 100, "spd": 100, "spe": 100}, "stats": {"hp": 291, "atk": 206, "def": 206, "spa": 206, "spd": 206, "spe": 206}, "types": ["Steel", "Psychic"]}, "Sawsbuck": {"name": "Sawsbuck", "species": "Sawsbuck-Summer", "speciesId": "sawsbuck", "gender": "M", "shiny": false, "level": 88, "moves": ["highhorsepower", "headbutt", "hornleech", "swordsdance"], "ability": "Serene Grace", "evs": {"hp": 85, "atk": 85, "def": 85, "spa": 85, "spd": 85, "spe": 85}, "ivs": {"hp": 31, "atk": 31, "def": 31, "spa": 31, "spd": 31, "spe": 31}, "item": "Life Orb", "teraType": "Normal", "role": "Fast Attacker", "bvs": {"hp": 80, "atk": 100, "def": 70, "spa": 60, "spd": 70, "spe": 95}, "stats": {"hp": 284, "atk": 226, "def": 173, "spa": 156, "spd": 173, "spe": 217}, "types": ["Normal", "Grass"]}, "Tyranitar": {"name": "Tyranitar", "species": "Tyranitar", "speciesId": "tyranitar", "gender": "M", "shiny": false, "level": 78, "moves": ["thunderwave", "stoneedge", "knockoff", "dragontail"], "ability": "Sand Stream", "evs": {"hp": 85, "atk": 85, "def": 85, "spa": 85, "spd": 85, "spe": 85}, "ivs": {"hp": 31, "atk": 31, "def": 31, "spa": 31, "spd": 31, "spe": 31}, "item": "Leftovers", "teraType": "Ghost", "role": "Bulky Support", "bvs": {"hp": 100, "atk": 134, "def": 110, "spa": 95, "spd": 100, "spe": 61}, "stats": {"hp": 284, "atk": 254, "def": 217, "spa": 193, "spd": 201, "spe": 140}, "types": ["Rock", "Dark"]}}, {"Gogoat": {"name": "Gogoat", "species": "Gogoat", "speciesId": "gogoat", "gender": "M", "shiny": false, "level": 88, "moves": ["milkdrink", "hornleech", "rockslide", "bulkup"], "ability": "Sap Sipper", "evs": {"hp": 85, "atk": 85, "def": 85, "spa": 85, "spd": 85, "spe": 85}, "ivs": {"hp": 31, "atk": 31, "def": 31, "spa": 31, "spd": 31, "spe": 31}, "item": "Leftovers", "teraType": "Water", "role": "Bulky Setup", "bvs": {"hp": 123, "atk": 100, "def": 62, "spa": 97, "spd": 81, "spe": 68}, "stats": {"hp": 360, "atk": 226, "def": 159, "spa": 221, "spd": 193, "spe": 170}, "types": ["Grass"]}, "Houndstone": {"name": "Houndstone", "species": "Houndstone", "speciesId": "houndstone", "gender": "M", "shiny": false, "level": 86, "moves": ["poltergeist", "bodypress", "trick", "shadowsneak"], "ability": "Fluffy", "evs": {"hp": 85, "atk": 85, "def": 85, "spa": 85, "spd": 85, "spe": 85}, "ivs": {"hp": 31, "atk": 31, "def": 31, "spa": 31, "spd": 31, "spe": 31}, "item": "Choice Band", "teraType": "Fighting", "role": "Bulky Attacker", "bvs": {"hp": 72, "atk": 101, "def": 100, "spa": 50, "spd": 97, "spe": 68}, "stats": {"hp": 264, "atk": 223, "def": 221, "spa": 135, "spd": 216, "spe": 166}, "types": ["Ghost"]}, "Iron Moth": {"name": "Iron Moth", "species": "Iron Moth", "speciesId": "ironmoth", "gender": "N", "shiny": false, "level": 78, "moves": ["energyball", "fireblast", "toxicspikes", "sludgewave"], "ability": "Quark Drive", "evs": {"hp": 85, "atk": 0, "def": 85, "spa": 85, "spd": 85, "spe": 85}, "ivs": {"hp": 31, "atk": 0, "def": 31, "spa": 31, "spd": 31, "spe": 31}, "item": "Heavy-Duty Boots", "teraType": "Fire", "role": "Fast Attacker", "bvs": {"hp": 80, "atk": 70, "def": 60, "spa": 140, "spd": 110, "spe": 110}, "stats": {"hp": 253, "atk": 114, "def": 139, "spa": 263, "spd": 217, "spe": 217}, "types": ["Fire", "Poison"]}, "Crawdaunt": {"name": "Crawdaunt", "species": "Crawdaunt", "speciesId": "crawdaunt", "gender": "F", "shiny": false, "level": 84, "moves": ["knockoff", "crabhammer", "closecombat", "aquajet"], "ability": "Adaptability", "evs": {"hp": 85, "atk": 85, "def": 85, "spa": 85, "spd": 85, "spe": 85}, "ivs": {"hp": 31, "atk": 31, "def": 31, "spa": 31, "spd": 31, "spe": 31}, "item": "Choice Band", "teraType": "Fighting", "role": "Fast Attacker", "bvs": {"hp": 63, "atk": 120, "def": 85, "spa": 90, "spd": 55, "spe": 55}, "stats": {"hp": 243, "atk": 250, "def": 191, "spa": 199, "spd": 141, "spe": 141}, "types": ["Water", "Dark"]}, "Morpeko": {"name": "Morpeko", "species": "Morpeko", "speciesId": "morpeko", "gender": "F", "shiny": false, "level": 88, "moves": ["protect", "aurawheel", "rapidspin", "knockoff"], "ability": "Hunger Switch", "evs": {"hp": 85, "atk": 85, "def": 85, "spa": 85, "spd": 85, "spe": 85}, "ivs": {"hp": 31, "atk": 31, "def": 31, "spa": 31, "spd": 31, "spe": 31}, "item": "Leftovers", "teraType": "Electric", "role": "Bulky Attacker", "bvs": {"hp": 58, "atk": 95, "def": 58, "spa": 70, "spd": 58, "spe": 97}, "stats": {"hp": 245, "atk": 217, "def": 152, "spa": 173, "spd": 152, "spe": 221}, "types": ["Electric", "Dark"]}, "Pincurchin": {"name": "Pincurchin", "species": "Pincurchin", "speciesId": "pincurchin", "gender": "M", "shiny": false, "level": 100, "moves": ["liquidation", "curse", "zingzap", "recover"], "ability": "Electric Surge", "evs": {"hp": 85, "atk": 85, "def": 85, "spa": 85, "spd": 85, "spe": 85}, "ivs": {"hp": 31, "atk": 31, "def": 31, "spa": 31, "spd": 31, "spe": 31}, "item": "Leftovers", "teraType": "Grass", "role": "Bulky Setup", "bvs": {"hp": 48, "atk": 101, "def": 95, "spa": 91, "spd": 85, "spe": 15}, "stats": {"hp": 258, "atk": 259, "def": 247, "spa": 239, "spd": 227, "spe": 87}, "types": ["Electric"]}}]}