{"id": "gen9randombattle-2631709617", "format": "[Gen 9] Random Battle", "players": ["latias999999999", "FrankiFtl"], "log": "|j|\u2606latias999999999\n|j|\u2606FrankiFtl\n|t:|1781426191\n|gametype|singles\n|player|p1|latias999999999|gardenia|2101\n|player|p2|FrankiFtl|clerk|2105\n|gen|9\n|tier|[Gen 9] Random Battle\n|rated|\n|rule|Species Clause: Limit one of each Pok\u00e9mon\n|rule|HP Percentage Mod: HP is shown in percentages\n|rule|Sleep Clause Mod: Limit one foe put to sleep\n|rule|Illusion Level Mod: Illusion disguises the Pok\u00e9mon's true level\n|\n|t:|1781426191\n|teamsize|p1|6\n|teamsize|p2|6\n|start\n|switch|p1a: Avalugg|Avalugg-Hisui, L90, F|317/317\n|switch|p2a: Jumpluff|Jumpluff, L87, M|271/271\n|turn|1\n|inactive|Battle timer is ON: inactive players will automatically lose when time's up. (requested by latias999999999)\n|\n|t:|1781426202\n|switch|p2a: Gurdurr|Gurdurr, L85, F|283/283\n|move|p1a: Avalugg|Avalanche|p2a: Gurdurr\n|-crit|p2a: Gurdurr\n|-damage|p2a: Gurdurr|180/283\n|\n|upkeep\n|turn|2\n|\n|t:|1781426212\n|switch|p1a: Alcremie|Alcremie-Ruby-Swirl, L90, F|263/263\n|move|p2a: Gurdurr|Knock Off|p1a: Alcremie\n|-resisted|p1a: Alcremie\n|-damage|p1a: Alcremie|223/263\n|-enditem|p1a: Alcremie|Leftovers|[from] move: Knock Off|[of] p2a: Gurdurr\n|\n|upkeep\n|turn|3\n|\n|t:|1781426217\n|switch|p2a: Jumpluff|Jumpluff, L87, M|271/271\n|move|p1a: Alcremie|Alluring Voice|p2a: Jumpluff\n|-damage|p2a: Jumpluff|175/271\n|\n|upkeep\n|turn|4\n|\n|t:|1781426225\n|move|p2a: Jumpluff|Acrobatics|p1a: Alcremie\n|-damage|p1a: Alcremie|141/263\n|move|p1a: Alcremie|Calm Mind|p1a: Alcremie\n|-boost|p1a: Alcremie|spa|1\n|-boost|p1a: Alcremie|spd|1\n|\n|upkeep\n|turn|5\n|\n|t:|1781426229\n|move|p2a: Jumpluff|Encore|p1a: Alcremie\n|-block|p1a: Alcremie|ability: Aroma Veil|[of] p1a: Alcremie\n|move|p1a: Alcremie|Recover|p1a: Alcremie\n|-heal|p1a: Alcremie|263/263\n|\n|upkeep\n|turn|6\n|\n|t:|1781426234\n|switch|p2a: Kricketune|Kricketune, L99, M|312/312\n|move|p1a: Alcremie|Alluring Voice|p2a: Kricketune\n|-damage|p2a: Kricketune|105/312\n|\n|upkeep\n|turn|7\n|\n|t:|1781426238\n|move|p2a: Kricketune|Pounce|p1a: Alcremie\n|-resisted|p1a: Alcremie\n|-damage|p1a: Alcremie|210/263\n|-unboost|p1a: Alcremie|spe|1\n|move|p1a: Alcremie|Alluring Voice|p2a: Kricketune\n|-damage|p2a: Kricketune|0 fnt\n|faint|p2a: Kricketune\n|\n|upkeep\n|\n|t:|1781426244\n|switch|p2a: Latios|Latios, L78, M|253/253\n|turn|8\n|\n|t:|1781426247\n|-terastallize|p2a: Latios|Steel\n|move|p2a: Latios|Calm Mind|p2a: Latios\n|-boost|p2a: Latios|spa|1\n|-boost|p2a: Latios|spd|1\n|move|p1a: Alcremie|Alluring Voice|p2a: Latios\n|-resisted|p2a: Latios\n|-damage|p2a: Latios|208/253\n|-start|p2a: Latios|confusion\n|\n|upkeep\n|turn|9\n|\n|t:|1781426262\n|switch|p1a: Gouging Fire|Gouging Fire, L74|277/277\n|-activate|p2a: Latios|confusion\n|move|p2a: Latios|Calm Mind|p2a: Latios\n|-boost|p2a: Latios|spa|1\n|-boost|p2a: Latios|spd|1\n|\n|upkeep\n|turn|10\n|\n|t:|1781426267\n|-terastallize|p1a: Gouging Fire|Fairy\n|-activate|p2a: Latios|confusion\n|move|p2a: Latios|Draco Meteor|p1a: Gouging Fire\n|-immune|p1a: Gouging Fire\n|move|p1a: Gouging Fire|Dragon Dance|p1a: Gouging Fire\n|-boost|p1a: Gouging Fire|atk|1\n|-boost|p1a: Gouging Fire|spe|1\n|\n|upkeep\n|turn|11\n|\n|t:|1781426281\n|switch|p2a: Jumpluff|Jumpluff, L87, M|175/271\n|move|p1a: Gouging Fire|Dragon Dance|p1a: Gouging Fire\n|-boost|p1a: Gouging Fire|atk|1\n|-boost|p1a: Gouging Fire|spe|1\n|\n|upkeep\n|turn|12\n|\n|t:|1781426284\n|move|p1a: Gouging Fire|Heat Crash|p2a: Jumpluff\n|-supereffective|p2a: Jumpluff\n|-damage|p2a: Jumpluff|0 fnt\n|faint|p2a: Jumpluff\n|\n|upkeep\n|\n|t:|1781426287\n|switch|p2a: Palossand|Palossand, L89, M|296/296\n|turn|13\n|-message|FrankiFtl forfeited.\n|\n|win|latias999999999\n|raw|latias999999999's rating: 2101 &rarr; <strong>2121</strong><br />(+20 for winning)\n|raw|FrankiFtl's rating: 2105 &rarr; <strong>2085</strong><br />(-20 for losing)\n", "inputlog": ">version a8376a258c1d4662feba110a92103f3664a72141\n>start {\"formatid\":\"gen9randombattle\",\"seed\":\"sodium,682c0ff30465c88402684c01e2a74d6a\",\"rated\":\"Rated battle\"}\n>player p1 {\"name\":\"latias999999999\",\"avatar\":\"gardenia\",\"rating\":2101,\"seed\":\"sodium,94d5bf70e87bd8cd2202195824c1a6fa\"}\n>player p2 {\"name\":\"FrankiFtl\",\"avatar\":\"clerk\",\"rating\":2105,\"seed\":\"sodium,d0946ce94ae4137a0b5da2624eeb2da7\"}\n>p1 move avalanche\n>p2 switch 5\n>p1 switch 5\n>p2 move knockoff\n>p1 move alluringvoice\n>p2 switch 5\n>p1 move calmmind\n>p2 move acrobatics\n>p1 move recover\n>p2 move encore\n>p1 move alluringvoice\n>p2 switch 2\n>p1 move alluringvoice\n>p2 move pounce\n>p2 switch 4\n>p1 move alluringvoice\n>p2 move calmmind terastallize\n>p1 switch 2\n>p2 move calmmind\n>p1 move dragondance terastallize\n>p2 move dracometeor\n>p1 move dragondance\n>p2 switch 2\n>p1 move heatcrash\n>p2 move encore\n>p2 switch 6\n>forcelose p2", "uploadtime": 1781426193, "views": 6, "formatid": "gen9randombattle", "rating": 2085, "private": 0, "password": null, "player_dets": [{"name": "latias999999999", "avatar": "gardenia", "rating": 2101, "seed": "sodium,94d5bf70e87bd8cd2202195824c1a6fa"}, {"name": "FrankiFtl", "avatar": "clerk", "rating": 2105, "seed": "sodium,d0946ce94ae4137a0b5da2624eeb2da7"}], "teams_full": [{"Avalugg": {"name": "Avalugg", "species": "Avalugg-Hisui", "speciesId": "avalugghisui", "gender": "F", "shiny": false, "level": 90, "moves": ["recover", "avalanche", "stoneedge", "rapidspin"], "ability": "Sturdy", "evs": {"hp": 85, "atk": 85, "def": 85, "spa": 85, "spd": 85, "spe": 85}, "ivs": {"hp": 31, "atk": 31, "def": 31, "spa": 31, "spd": 31, "spe": 31}, "item": "Heavy-Duty Boots", "teraType": "Ghost", "role": "Bulky Attacker", "bvs": {"hp": 95, "atk": 127, "def": 184, "spa": 34, "spd": 36, "spe": 38}, "stats": {"hp": 317, "atk": 280, "def": 383, "spa": 113, "spd": 116, "spe": 120}, "types": ["Ice", "Rock"]}, "Gouging Fire": {"name": "Gouging Fire", "species": "Gouging Fire", "speciesId": "gougingfire", "gender": "N", "shiny": false, "level": 74, "moves": ["dragondance", "morningsun", "heatcrash", "outrage"], "ability": "Protosynthesis", "evs": {"hp": 85, "atk": 85, "def": 85, "spa": 85, "spd": 85, "spe": 85}, "ivs": {"hp": 31, "atk": 31, "def": 31, "spa": 31, "spd": 31, "spe": 31}, "item": "Heavy-Duty Boots", "teraType": "Fairy", "role": "Bulky Setup", "bvs": {"hp": 105, "atk": 115, "def": 121, "spa": 65, "spd": 93, "spe": 91}, "stats": {"hp": 277, "atk": 213, "def": 222, "spa": 139, "spd": 181, "spe": 178}, "types": ["Fire", "Dragon"]}, "Flapple": {"name": "Flapple", "species": "Flapple", "speciesId": "flapple", "gender": "F", "shiny": false, "level": 88, "moves": ["outrage", "suckerpunch", "gravapple", "uturn"], "ability": "Hustle", "evs": {"hp": 85, "atk": 85, "def": 85, "spa": 85, "spd": 85, "spe": 85}, "ivs": {"hp": 31, "atk": 31, "def": 31, "spa": 31, "spd": 31, "spe": 31}, "item": "Choice Band", "teraType": "Dragon", "role": "Fast Attacker", "bvs": {"hp": 70, "atk": 110, "def": 80, "spa": 95, "spd": 60, "spe": 70}, "stats": {"hp": 266, "atk": 244, "def": 191, "spa": 217, "spd": 156, "spe": 173}, "types": ["Grass", "Dragon"]}, "Golduck": {"name": "Golduck", "species": "Golduck", "speciesId": "golduck", "gender": "F", "shiny": false, "level": 90, "moves": ["nastyplot", "icebeam", "hydropump", "grassknot"], "ability": "Cloud Nine", "evs": {"hp": 85, "atk": 0, "def": 85, "spa": 85, "spd": 85, "spe": 85}, "ivs": {"hp": 31, "atk": 0, "def": 31, "spa": 31, "spd": 31, "spe": 31}, "item": "Life Orb", "teraType": "Water", "role": "Fast Attacker", "bvs": {"hp": 80, "atk": 82, "def": 78, "spa": 95, "spd": 80, "spe": 85}, "stats": {"hp": 290, "atk": 152, "def": 192, "spa": 222, "spd": 195, "spe": 204}, "types": ["Water"]}, "Alcremie": {"name": "Alcremie", "species": "Alcremie-Ruby-Swirl", "speciesId": "alcremie", "gender": "F", "shiny": false, "level": 90, "moves": ["recover", "calmmind", "alluringvoice", "psyshock"], "ability": "Aroma Veil", "evs": {"hp": 85, "atk": 0, "def": 85, "spa": 85, "spd": 85, "spe": 85}, "ivs": {"hp": 31, "atk": 0, "def": 31, "spa": 31, "spd": 31, "spe": 31}, "item": "Leftovers", "teraType": "Steel", "role": "Bulky Setup", "bvs": {"hp": 65, "atk": 60, "def": 75, "spa": 110, "spd": 121, "spe": 64}, "stats": {"hp": 263, "atk": 113, "def": 186, "spa": 249, "spd": 269, "spe": 167}, "types": ["Fairy"]}, "Tauros": {"name": "Tauros", "species": "Tauros-Paldea-Aqua", "speciesId": "taurospaldeaaqua", "gender": "M", "shiny": false, "level": 81, "moves": ["closecombat", "stoneedge", "aquajet", "wavecrash"], "ability": "Intimidate", "evs": {"hp": 85, "atk": 85, "def": 85, "spa": 85, "spd": 85, "spe": 85}, "ivs": {"hp": 31, "atk": 31, "def": 31, "spa": 31, "spd": 31, "spe": 31}, "item": "Choice Band", "teraType": "Water", "role": "Wallbreaker", "bvs": {"hp": 75, "atk": 110, "def": 105, "spa": 30, "spd": 70, "spe": 100}, "stats": {"hp": 254, "atk": 225, "def": 217, "spa": 95, "spd": 160, "spe": 209}, "types": ["Fighting", "Water"]}}, {"Jumpluff": {"name": "Jumpluff", "species": "Jumpluff", "speciesId": "jumpluff", "gender": "M", "shiny": false, "level": 87, "moves": ["sleeppowder", "strengthsap", "encore", "acrobatics"], "ability": "Infiltrator", "evs": {"hp": 81, "atk": 85, "def": 85, "spa": 85, "spd": 85, "spe": 85}, "ivs": {"hp": 31, "atk": 31, "def": 31, "spa": 31, "spd": 31, "spe": 31}, "item": "", "teraType": "Steel", "role": "Bulky Attacker", "bvs": {"hp": 75, "atk": 55, "def": 70, "spa": 55, "spd": 95, "spe": 110}, "stats": {"hp": 271, "atk": 145, "def": 172, "spa": 145, "spd": 215, "spe": 241}, "types": ["Grass", "Flying"]}, "Kricketune": {"name": "Kricketune", "species": "Kricketune", "speciesId": "kricketune", "gender": "M", "shiny": false, "level": 99, "moves": ["knockoff", "taunt", "pounce", "stickyweb"], "ability": "Technician", "evs": {"hp": 85, "atk": 85, "def": 85, "spa": 85, "spd": 85, "spe": 85}, "ivs": {"hp": 31, "atk": 31, "def": 31, "spa": 31, "spd": 31, "spe": 31}, "item": "Heavy-Duty Boots", "teraType": "Ghost", "role": "Fast Support", "bvs": {"hp": 77, "atk": 85, "def": 51, "spa": 55, "spd": 51, "spe": 65}, "stats": {"hp": 312, "atk": 224, "def": 157, "spa": 165, "spd": 157, "spe": 185}, "types": ["Bug"]}, "Ninetales": {"name": "Ninetales", "species": "Ninetales-Alola", "speciesId": "ninetalesalola", "gender": "F", "shiny": false, "level": 78, "moves": ["moonblast", "encore", "blizzard", "auroraveil"], "ability": "Snow Warning", "evs": {"hp": 85, "atk": 0, "def": 85, "spa": 85, "spd": 85, "spe": 85}, "ivs": {"hp": 31, "atk": 0, "def": 31, "spa": 31, "spd": 31, "spe": 31}, "item": "Light Clay", "teraType": "Steel", "role": "Fast Support", "bvs": {"hp": 73, "atk": 67, "def": 75, "spa": 81, "spd": 100, "spe": 109}, "stats": {"hp": 242, "atk": 109, "def": 162, "spa": 171, "spd": 201, "spe": 215}, "types": ["Ice", "Fairy"]}, "Latios": {"name": "Latios", "species": "Latios", "speciesId": "latios", "gender": "M", "shiny": false, "level": 78, "moves": ["psyshock", "dracometeor", "calmmind", "recover"], "ability": "Levitate", "evs": {"hp": 85, "atk": 0, "def": 85, "spa": 85, "spd": 85, "spe": 85}, "ivs": {"hp": 31, "atk": 0, "def": 31, "spa": 31, "spd": 31, "spe": 31}, "item": "Soul Dew", "teraType": "Steel", "role": "Bulky Setup", "bvs": {"hp": 80, "atk": 90, "def": 80, "spa": 130, "spd": 110, "spe": 110}, "stats": {"hp": 253, "atk": 145, "def": 170, "spa": 248, "spd": 217, "spe": 217}, "types": ["Dragon", "Psychic"]}, "Gurdurr": {"name": "Gurdurr", "species": "Gurdurr", "speciesId": "gurdurr", "gender": "F", "shiny": false, "level": 85, "moves": ["drainpunch", "knockoff", "machpunch", "defog"], "ability": "Guts", "evs": {"hp": 85, "atk": 85, "def": 85, "spa": 85, "spd": 85, "spe": 85}, "ivs": {"hp": 31, "atk": 31, "def": 31, "spa": 31, "spd": 31, "spe": 31}, "item": "Eviolite", "teraType": "Steel", "role": "Bulky Attacker", "bvs": {"hp": 85, "atk": 105, "def": 85, "spa": 40, "spd": 50, "spe": 40}, "stats": {"hp": 283, "atk": 227, "def": 193, "spa": 117, "spd": 134, "spe": 117}, "types": ["Fighting"]}, "Palossand": {"name": "Palossand", "species": "Palossand", "speciesId": "palossand", "gender": "M", "shiny": false, "level": 89, "moves": ["shoreup", "sludgebomb", "shadowball", "earthpower"], "ability": "Water Compaction", "evs": {"hp": 85, "atk": 0, "def": 85, "spa": 85, "spd": 85, "spe": 85}, "ivs": {"hp": 31, "atk": 0, "def": 31, "spa": 31, "spd": 31, "spe": 31}, "item": "Leftovers", "teraType": "Poison", "role": "Bulky Support", "bvs": {"hp": 85, "atk": 75, "def": 110, "spa": 100, "spd": 75, "spe": 35}, "stats": {"hp": 296, "atk": 138, "def": 247, "spa": 229, "spd": 184, "spe": 113}, "types": ["Ghost", "Ground"]}}]}