{"id": "gen9randombattle-2631776068", "format": "[Gen 9] Random Battle", "players": ["Crinjal", "regu2"], "log": "|j|\u2606Crinjal\n|j|\u2606regu2\n|t:|1781437878\n|gametype|singles\n|player|p1|Crinjal|veteran|2033\n|player|p2|regu2|2|1992\n|gen|9\n|tier|[Gen 9] Random Battle\n|rated|\n|rule|Species Clause: Limit one of each Pok\u00e9mon\n|rule|HP Percentage Mod: HP is shown in percentages\n|rule|Sleep Clause Mod: Limit one foe put to sleep\n|rule|Illusion Level Mod: Illusion disguises the Pok\u00e9mon's true level\n|\n|t:|1781437878\n|teamsize|p1|6\n|teamsize|p2|6\n|start\n|switch|p1a: Haxorus|Haxorus, L77, F|244/244\n|switch|p2a: Walking Wake|Walking Wake, L79|286/286\n|-ability|p1a: Haxorus|Mold Breaker\n|turn|1\n|inactive|Battle timer is ON: inactive players will automatically lose when time's up. (requested by regu2)\n|\n|t:|1781437895\n|switch|p1a: Bronzong|Bronzong, L88|261/261\n|move|p2a: Walking Wake|Draco Meteor|p1a: Bronzong\n|-resisted|p1a: Bronzong\n|-damage|p1a: Bronzong|172/261\n|-unboost|p2a: Walking Wake|spa|2\n|\n|-heal|p1a: Bronzong|188/261|[from] item: Leftovers\n|upkeep\n|turn|2\n|\n|t:|1781437903\n|-end|p2a: Walking Wake|Protosynthesis|[silent]\n|switch|p2a: Magcargo|Magcargo, L95, F|268/268\n|move|p1a: Bronzong|Hypnosis|p2a: Magcargo|[miss]\n|-miss|p1a: Bronzong|p2a: Magcargo\n|\n|-heal|p1a: Bronzong|204/261|[from] item: Leftovers\n|upkeep\n|turn|3\n|\n|t:|1781437910\n|move|p2a: Magcargo|Fire Blast|p1a: Bronzong\n|-supereffective|p1a: Bronzong\n|-damage|p1a: Bronzong|0 fnt\n|faint|p1a: Bronzong\n|\n|upkeep\n|\n|t:|1781437918\n|switch|p1a: Luvdisc|Luvdisc, M|247/247\n|turn|4\n|\n|t:|1781437924\n|switch|p2a: Yanmega|Yanmega, L82, F|275/275\n|move|p1a: Luvdisc|Substitute|p1a: Luvdisc\n|-start|p1a: Luvdisc|Substitute\n|-damage|p1a: Luvdisc|186/247\n|\n|upkeep\n|turn|5\n|\n|t:|1781437932\n|move|p1a: Luvdisc|Surf|p2a: Yanmega\n|-damage|p2a: Yanmega|164/275\n|move|p2a: Yanmega|Bug Buzz|p1a: Luvdisc\n|-damage|p1a: Luvdisc|15/247\n|\n|upkeep\n|turn|6\n|\n|t:|1781437942\n|move|p1a: Luvdisc|Endeavor|p2a: Yanmega\n|-damage|p2a: Yanmega|15/275\n|move|p2a: Yanmega|Bug Buzz|p1a: Luvdisc\n|-damage|p1a: Luvdisc|0 fnt\n|faint|p1a: Luvdisc\n|\n|upkeep\n|\n|t:|1781437952\n|switch|p1a: Banette|Banette, L93, F|270/270\n|turn|7\n|\n|t:|1781437957\n|move|p1a: Banette|Shadow Sneak|p2a: Yanmega\n|-damage|p2a: Yanmega|0 fnt\n|faint|p2a: Yanmega\n|-damage|p1a: Banette|243/270|[from] item: Life Orb\n|\n|upkeep\n|\n|t:|1781437960\n|switch|p2a: Ninetales|Ninetales-Alola, L78, F|242/242\n|-weather|Snowscape|[from] ability: Snow Warning|[of] p2a: Ninetales\n|turn|8\n|\n|t:|1781437968\n|move|p2a: Ninetales|Aurora Veil|p2a: Ninetales\n|-sidestart|p2: regu2|move: Aurora Veil\n|move|p1a: Banette|Swords Dance|p1a: Banette\n|-boost|p1a: Banette|atk|2\n|\n|-weather|Snowscape|[upkeep]\n|upkeep\n|turn|9\n|\n|t:|1781437972\n|move|p2a: Ninetales|Blizzard|p1a: Banette\n|-damage|p1a: Banette|140/270\n|move|p1a: Banette|Gunk Shot|p2a: Ninetales\n|-supereffective|p2a: Ninetales\n|-damage|p2a: Ninetales|11/242\n|-damage|p1a: Banette|113/270|[from] item: Life Orb\n|\n|-weather|Snowscape|[upkeep]\n|upkeep\n|turn|10\n|\n|t:|1781437978\n|move|p1a: Banette|Shadow Sneak|p2a: Ninetales\n|-damage|p2a: Ninetales|0 fnt\n|faint|p2a: Ninetales\n|-damage|p1a: Banette|86/270|[from] item: Life Orb\n|\n|-weather|Snowscape|[upkeep]\n|upkeep\n|\n|t:|1781437980\n|switch|p2a: Shiftry|Shiftry, L89, F|305/305\n|turn|11\n|\n|t:|1781437989\n|move|p2a: Shiftry|Knock Off|p1a: Banette\n|-supereffective|p1a: Banette\n|-damage|p1a: Banette|0 fnt\n|-enditem|p1a: Banette|Life Orb|[from] move: Knock Off|[of] p2a: Shiftry\n|faint|p1a: Banette\n|\n|-weather|Snowscape|[upkeep]\n|upkeep\n|\n|t:|1781438014\n|switch|p1a: Salamence|Salamence, L77, F|273/273\n|-ability|p1a: Salamence|Intimidate|boost\n|-unboost|p2a: Shiftry|atk|1\n|turn|12\n|\n|t:|1781438022\n|switch|p1a: Skeledirge|Skeledirge, L79, F|294/294\n|move|p2a: Shiftry|Will-O-Wisp|p1a: Skeledirge\n|-immune|p1a: Skeledirge\n|\n|-weather|none\n|upkeep\n|turn|13\n|\n|t:|1781438029\n|switch|p1a: Salamence|Salamence, L77, F|273/273\n|-ability|p1a: Salamence|Intimidate|boost\n|-unboost|p2a: Shiftry|atk|1\n|move|p2a: Shiftry|Knock Off|p1a: Salamence\n|-damage|p1a: Salamence|207/273\n|-enditem|p1a: Salamence|Heavy-Duty Boots|[from] move: Knock Off|[of] p2a: Shiftry\n|\n|upkeep\n|turn|14\n|\n|t:|1781438037\n|switch|p1a: Skeledirge|Skeledirge, L79, F|294/294\n|move|p2a: Shiftry|Knock Off|p1a: Skeledirge\n|-supereffective|p1a: Skeledirge\n|-damage|p1a: Skeledirge|78/294\n|-enditem|p1a: Skeledirge|Heavy-Duty Boots|[from] move: Knock Off|[of] p2a: Shiftry\n|\n|upkeep\n|turn|15\n|\n|t:|1781438044\n|move|p2a: Shiftry|Will-O-Wisp|p1a: Skeledirge\n|-immune|p1a: Skeledirge\n|move|p1a: Skeledirge|Flame Charge|p2a: Shiftry\n|-supereffective|p2a: Shiftry\n|-damage|p2a: Shiftry|256/305\n|-boost|p1a: Skeledirge|spe|1\n|\n|-sideend|p2: regu2|move: Aurora Veil\n|upkeep\n|turn|16\n|\n|t:|1781438056\n|move|p1a: Skeledirge|Slack Off|p1a: Skeledirge\n|-heal|p1a: Skeledirge|225/294\n|move|p2a: Shiftry|Knock Off|p1a: Skeledirge\n|-supereffective|p1a: Skeledirge\n|-damage|p1a: Skeledirge|73/294\n|\n|upkeep\n|turn|17\n|\n|t:|1781438062\n|move|p1a: Skeledirge|Torch Song|p2a: Shiftry\n|-supereffective|p2a: Shiftry\n|-damage|p2a: Shiftry|58/305\n|-boost|p1a: Skeledirge|spa|1\n|move|p2a: Shiftry|Knock Off|p1a: Skeledirge\n|-supereffective|p1a: Skeledirge\n|-damage|p1a: Skeledirge|0 fnt\n|faint|p1a: Skeledirge\n|\n|upkeep\n|\n|t:|1781438070\n|switch|p1a: Salamence|Salamence, L77, F|207/273\n|-ability|p1a: Salamence|Intimidate|boost\n|-unboost|p2a: Shiftry|atk|1\n|turn|18\n|\n|t:|1781438076\n|switch|p2a: Magcargo|Magcargo, L95, F|268/268\n|move|p1a: Salamence|Dragon Dance|p1a: Salamence\n|-boost|p1a: Salamence|atk|1\n|-boost|p1a: Salamence|spe|1\n|\n|upkeep\n|turn|19\n|\n|t:|1781438084\n|-terastallize|p2a: Magcargo|Dragon\n|move|p1a: Salamence|Earthquake|p2a: Magcargo\n|-damage|p2a: Magcargo|195/268\n|-ability|p2a: Magcargo|Weak Armor|boost\n|-unboost|p2a: Magcargo|def|1\n|-boost|p2a: Magcargo|spe|2\n|move|p2a: Magcargo|Shell Smash|p2a: Magcargo\n|-unboost|p2a: Magcargo|def|1\n|-unboost|p2a: Magcargo|spd|1\n|-boost|p2a: Magcargo|atk|2\n|-boost|p2a: Magcargo|spa|2\n|-boost|p2a: Magcargo|spe|2\n|\n|upkeep\n|turn|20\n|\n|t:|1781438092\n|move|p2a: Magcargo|Fire Blast|p1a: Salamence\n|-resisted|p1a: Salamence\n|-damage|p1a: Salamence|46/273\n|-status|p1a: Salamence|brn\n|move|p1a: Salamence|Outrage|p2a: Magcargo\n|-supereffective|p2a: Magcargo\n|-damage|p2a: Magcargo|0 fnt\n|faint|p2a: Magcargo\n|\n|-damage|p1a: Salamence|29/273 brn|[from] brn\n|upkeep\n|\n|t:|1781438097\n|switch|p2a: Shiftry|Shiftry, L89, F|58/305\n|turn|21\n|\n|t:|1781438100\n|move|p1a: Salamence|Outrage|p2a: Shiftry|[from] lockedmove\n|-damage|p2a: Shiftry|0 fnt\n|faint|p2a: Shiftry\n|\n|-damage|p1a: Salamence|12/273 brn|[from] brn\n|upkeep\n|\n|t:|1781438106\n|switch|p2a: Clawitzer|Clawitzer, L87, M|265/265\n|turn|22\n|\n|t:|1781438109\n|move|p1a: Salamence|Outrage|p2a: Clawitzer|[from] lockedmove\n|-damage|p2a: Clawitzer|168/265\n|-start|p1a: Salamence|confusion|[fatigue]\n|move|p2a: Clawitzer|U-turn|p1a: Salamence\n|-resisted|p1a: Salamence\n|-damage|p1a: Salamence|0 fnt\n|faint|p1a: Salamence\n|\n|t:|1781438114\n|switch|p2a: Walking Wake|Walking Wake, L79|286/286|[from] U-turn\n|\n|upkeep\n|\n|t:|1781438120\n|switch|p1a: Haxorus|Haxorus, L77, F|244/244\n|-ability|p1a: Haxorus|Mold Breaker\n|turn|23\n|\n|t:|1781438130\n|-terastallize|p1a: Haxorus|Steel\n|move|p2a: Walking Wake|Flamethrower|p1a: Haxorus\n|-supereffective|p1a: Haxorus\n|-damage|p1a: Haxorus|0 fnt\n|faint|p1a: Haxorus\n|\n|win|regu2\n", "inputlog": ">version a8376a258c1d4662feba110a92103f3664a72141\n>start {\"formatid\":\"gen9randombattle\",\"seed\":\"sodium,ad4b6e569d1dcc5b8efc1ed15e07c5c9\",\"rated\":\"Rated battle\"}\n>player p1 {\"name\":\"Crinjal\",\"avatar\":\"veteran\",\"rating\":2033,\"seed\":\"sodium,6b46be4d559e163bc26e35fca8a8fea9\"}\n>player p2 {\"name\":\"regu2\",\"avatar\":\"2\",\"rating\":1992,\"seed\":\"sodium,a433123c28c840f900124ac64aacbb1a\"}\n>p1 switch 5\n>p2 move dracometeor\n>p1 move hypnosis\n>p2 switch 2\n>p1 move hypnosis\n>p2 move fireblast\n>p1 switch 2\n>p1 move substitute\n>p2 switch 5\n>p1 move surf\n>p2 move bugbuzz\n>p1 move endeavor\n>p2 move bugbuzz\n>p1 switch 6\n>p1 move shadowsneak\n>p2 move bugbuzz\n>p2 switch 3\n>p1 move swordsdance\n>p2 move auroraveil\n>p1 move gunkshot\n>p2 move blizzard\n>p1 move shadowsneak\n>p2 move blizzard\n>p2 switch 4\n>p1 move gunkshot\n>p2 move knockoff\n>p1 switch 3\n>p1 switch 4\n>p2 move willowisp\n>p1 switch 4\n>p2 move knockoff\n>p1 switch 4\n>p2 move knockoff\n>p1 move flamecharge\n>p2 move willowisp\n>p1 move slackoff\n>p2 move knockoff\n>p1 move torchsong\n>p2 move knockoff\n>p1 switch 4\n>p1 move dragondance\n>p2 switch 5\n>p1 move earthquake\n>p2 move shellsmash terastallize\n>p1 move outrage\n>p2 move fireblast\n>p2 switch 5\n>p1 move outrage\n>p2 move willowisp\n>p2 switch 6\n>p1 move outrage\n>p2 move uturn\n>p2 switch 2\n>p1 switch 5\n>p1 move scaleshot terastallize\n>p2 move flamethrower", "uploadtime": 1781437880, "views": 11, "formatid": "gen9randombattle", "rating": null, "private": 0, "password": null, "player_dets": [{"name": "Crinjal", "avatar": "veteran", "rating": 2033, "seed": "sodium,6b46be4d559e163bc26e35fca8a8fea9"}, {"name": "regu2", "avatar": "2", "rating": 1992, "seed": "sodium,a433123c28c840f900124ac64aacbb1a"}], "teams_full": [{"Haxorus": {"name": "Haxorus", "species": "Haxorus", "speciesId": "haxorus", "gender": "F", "shiny": false, "level": 77, "moves": ["swordsdance", "closecombat", "ironhead", "scaleshot"], "ability": "Mold Breaker", "evs": {"hp": 85, "atk": 85, "def": 85, "spa": 85, "spd": 85, "spe": 85}, "ivs": {"hp": 31, "atk": 31, "def": 31, "spa": 31, "spd": 31, "spe": 31}, "item": "Loaded Dice", "teraType": "Steel", "role": "Fast Bulky Setup", "bvs": {"hp": 76, "atk": 147, "def": 90, "spa": 60, "spd": 70, "spe": 97}, "stats": {"hp": 244, "atk": 271, "def": 183, "spa": 137, "spd": 152, "spe": 194}}, "Luvdisc": {"name": "Luvdisc", "species": "Luvdisc", "speciesId": "luvdisc", "gender": "M", "shiny": false, "level": 100, "moves": ["substitute", "surf", "whirlpool", "endeavor"], "ability": "Swift Swim", "evs": {"hp": 81, "atk": 0, "def": 85, "spa": 85, "spd": 85, "spe": 85}, "ivs": {"hp": 31, "atk": 0, "def": 31, "spa": 31, "spd": 31, "spe": 31}, "item": "Heavy-Duty Boots", "teraType": "Ground", "role": "Fast Support", "bvs": {"hp": 43, "atk": 30, "def": 55, "spa": 40, "spd": 65, "spe": 97}, "stats": {"hp": 247, "atk": 65, "def": 167, "spa": 137, "spd": 187, "spe": 251}}, "Salamence": {"name": "Salamence", "species": "Salamence", "speciesId": "salamence", "gender": "F", "shiny": false, "level": 77, "moves": ["dualwingbeat", "dragondance", "earthquake", "outrage"], "ability": "Intimidate", "evs": {"hp": 85, "atk": 85, "def": 85, "spa": 85, "spd": 85, "spe": 85}, "ivs": {"hp": 31, "atk": 31, "def": 31, "spa": 31, "spd": 31, "spe": 31}, "item": "Heavy-Duty Boots", "teraType": "Ground", "role": "Setup Sweeper", "bvs": {"hp": 95, "atk": 135, "def": 80, "spa": 110, "spd": 80, "spe": 100}, "stats": {"hp": 273, "atk": 252, "def": 168, "spa": 214, "spd": 168, "spe": 199}}, "Skeledirge": {"name": "Skeledirge", "species": "Skeledirge", "speciesId": "skeledirge", "gender": "F", "shiny": false, "level": 79, "moves": ["torchsong", "slackoff", "flamecharge", "shadowball"], "ability": "Unaware", "evs": {"hp": 85, "atk": 85, "def": 85, "spa": 85, "spd": 85, "spe": 85}, "ivs": {"hp": 31, "atk": 31, "def": 31, "spa": 31, "spd": 31, "spe": 31}, "item": "Heavy-Duty Boots", "teraType": "Water", "role": "Bulky Attacker", "bvs": {"hp": 104, "atk": 75, "def": 100, "spa": 110, "spd": 75, "spe": 66}, "stats": {"hp": 294, "atk": 164, "def": 204, "spa": 219, "spd": 164, "spe": 150}}, "Bronzong": {"name": "Bronzong", "species": "Bronzong", "speciesId": "bronzong", "gender": "N", "shiny": false, "level": 88, "moves": ["hypnosis", "psychicnoise", "stealthrock", "earthquake"], "ability": "Levitate", "evs": {"hp": 85, "atk": 85, "def": 85, "spa": 85, "spd": 85, "spe": 85}, "ivs": {"hp": 31, "atk": 31, "def": 31, "spa": 31, "spd": 31, "spe": 31}, "item": "Leftovers", "teraType": "Water", "role": "Bulky Support", "bvs": {"hp": 67, "atk": 89, "def": 116, "spa": 79, "spd": 116, "spe": 33}, "stats": {"hp": 261, "atk": 207, "def": 254, "spa": 189, "spd": 254, "spe": 108}}, "Banette": {"name": "Banette", "species": "Banette", "speciesId": "banette", "gender": "F", "shiny": false, "level": 93, "moves": ["shadowsneak", "swordsdance", "gunkshot", "poltergeist"], "ability": "Insomnia", "evs": {"hp": 85, "atk": 85, "def": 85, "spa": 85, "spd": 85, "spe": 85}, "ivs": {"hp": 31, "atk": 31, "def": 31, "spa": 31, "spd": 31, "spe": 31}, "item": "Life Orb", "teraType": "Ghost", "role": "Wallbreaker", "bvs": {"hp": 64, "atk": 115, "def": 65, "spa": 83, "spd": 63, "spe": 65}, "stats": {"hp": 270, "atk": 267, "def": 174, "spa": 207, "spd": 170, "spe": 174}}}, {"Walking Wake": {"name": "Walking Wake", "species": "Walking Wake", "speciesId": "walkingwake", "gender": "N", "shiny": false, "level": 79, "moves": ["flipturn", "flamethrower", "dracometeor", "hydropump"], "ability": "Protosynthesis", "evs": {"hp": 85, "atk": 85, "def": 85, "spa": 85, "spd": 85, "spe": 85}, "ivs": {"hp": 31, "atk": 31, "def": 31, "spa": 31, "spd": 31, "spe": 31}, "item": "Choice Specs", "teraType": "Water", "role": "Wallbreaker", "bvs": {"hp": 99, "atk": 83, "def": 91, "spa": 125, "spd": 83, "spe": 109}, "stats": {"hp": 286, "atk": 177, "def": 189, "spa": 243, "spd": 177, "spe": 218}}, "Magcargo": {"name": "Magcargo", "species": "Magcargo", "speciesId": "magcargo", "gender": "F", "shiny": false, "level": 95, "moves": ["shellsmash", "earthpower", "fireblast", "powergem"], "ability": "Weak Armor", "evs": {"hp": 85, "atk": 0, "def": 85, "spa": 85, "spd": 85, "spe": 85}, "ivs": {"hp": 31, "atk": 0, "def": 31, "spa": 31, "spd": 31, "spe": 31}, "item": "Heavy-Duty Boots", "teraType": "Dragon", "role": "Setup Sweeper", "bvs": {"hp": 60, "atk": 50, "def": 120, "spa": 90, "spd": 80, "spe": 30}, "stats": {"hp": 268, "atk": 100, "def": 282, "spa": 225, "spd": 206, "spe": 111}}, "Ninetales": {"name": "Ninetales", "species": "Ninetales-Alola", "speciesId": "ninetalesalola", "gender": "F", "shiny": false, "level": 78, "moves": ["nastyplot", "auroraveil", "blizzard", "moonblast"], "ability": "Snow Warning", "evs": {"hp": 85, "atk": 0, "def": 85, "spa": 85, "spd": 85, "spe": 85}, "ivs": {"hp": 31, "atk": 0, "def": 31, "spa": 31, "spd": 31, "spe": 31}, "item": "Light Clay", "teraType": "Steel", "role": "Fast Support", "bvs": {"hp": 73, "atk": 67, "def": 75, "spa": 81, "spd": 100, "spe": 109}, "stats": {"hp": 242, "atk": 109, "def": 162, "spa": 171, "spd": 201, "spe": 215}}, "Shiftry": {"name": "Shiftry", "species": "Shiftry", "speciesId": "shiftry", "gender": "F", "shiny": false, "level": 89, "moves": ["knockoff", "willowisp", "defog", "leafstorm"], "ability": "Wind Rider", "evs": {"hp": 85, "atk": 85, "def": 85, "spa": 85, "spd": 85, "spe": 85}, "ivs": {"hp": 31, "atk": 31, "def": 31, "spa": 31, "spd": 31, "spe": 31}, "item": "Heavy-Duty Boots", "teraType": "Dark", "role": "Fast Support", "bvs": {"hp": 90, "atk": 100, "def": 60, "spa": 90, "spd": 60, "spe": 80}, "stats": {"hp": 305, "atk": 229, "def": 158, "spa": 211, "spd": 158, "spe": 193}}, "Yanmega": {"name": "Yanmega", "species": "Yanmega", "speciesId": "yanmega", "gender": "F", "shiny": false, "level": 82, "moves": ["gigadrain", "airslash", "uturn", "bugbuzz"], "ability": "Tinted Lens", "evs": {"hp": 85, "atk": 85, "def": 85, "spa": 85, "spd": 85, "spe": 85}, "ivs": {"hp": 31, "atk": 31, "def": 31, "spa": 31, "spd": 31, "spe": 31}, "item": "Choice Specs", "teraType": "Bug", "role": "Wallbreaker", "bvs": {"hp": 86, "atk": 76, "def": 86, "spa": 116, "spd": 56, "spe": 95}, "stats": {"hp": 275, "atk": 172, "def": 188, "spa": 237, "spd": 139, "spe": 203}}, "Clawitzer": {"name": "Clawitzer", "species": "Clawitzer", "speciesId": "clawitzer", "gender": "M", "shiny": false, "level": 87, "moves": ["dragonpulse", "uturn", "aurasphere", "waterpulse"], "ability": "Mega Launcher", "evs": {"hp": 85, "atk": 85, "def": 85, "spa": 85, "spd": 85, "spe": 85}, "ivs": {"hp": 31, "atk": 31, "def": 31, "spa": 31, "spd": 31, "spe": 31}, "item": "Assault Vest", "teraType": "Dragon", "role": "AV Pivot", "bvs": {"hp": 71, "atk": 73, "def": 88, "spa": 120, "spd": 89, "spe": 59}, "stats": {"hp": 265, "atk": 177, "def": 203, "spa": 259, "spd": 205, "spe": 152}}}]}