{"id": "gen9randombattle-2631733937", "format": "[Gen 9] Random Battle", "players": ["sylwalker", "Ennetty"], "log": "|j|\u2606sylwalker\n|j|\u2606Ennetty\n|t:|1781430697\n|gametype|singles\n|player|p1|sylwalker|170|1371\n|player|p2|Ennetty|265|1406\n|gen|9\n|tier|[Gen 9] Random Battle\n|rated|\n|rule|Species Clause: Limit one of each Pok\u00e9mon\n|rule|HP Percentage Mod: HP is shown in percentages\n|rule|Sleep Clause Mod: Limit one foe put to sleep\n|rule|Illusion Level Mod: Illusion disguises the Pok\u00e9mon's true level\n|\n|t:|1781430697\n|teamsize|p1|6\n|teamsize|p2|6\n|start\n|switch|p1a: Barraskewda|Barraskewda, L81, F|231/231\n|switch|p2a: Gumshoos|Gumshoos, L95, M|321/321\n|turn|1\n|inactive|Battle timer is ON: inactive players will automatically lose when time's up. (requested by Ennetty)\n|\n|t:|1781430705\n|move|p1a: Barraskewda|Close Combat|p2a: Gumshoos\n|-supereffective|p2a: Gumshoos\n|-damage|p2a: Gumshoos|0 fnt\n|-unboost|p1a: Barraskewda|def|1\n|-unboost|p1a: Barraskewda|spd|1\n|faint|p2a: Gumshoos\n|\n|upkeep\n|\n|t:|1781430722\n|switch|p2a: Meganium|Meganium, L90, M|290/290\n|turn|2\n|\n|t:|1781430736\n|move|p1a: Barraskewda|Close Combat|p2a: Meganium\n|-damage|p2a: Meganium|166/290\n|-unboost|p1a: Barraskewda|def|1\n|-unboost|p1a: Barraskewda|spd|1\n|move|p2a: Meganium|Knock Off|p1a: Barraskewda\n|-damage|p1a: Barraskewda|49/231\n|-enditem|p1a: Barraskewda|Choice Band|[from] move: Knock Off|[of] p2a: Meganium\n|\n|-heal|p2a: Meganium|184/290|[from] item: Leftovers\n|upkeep\n|turn|3\n|\n|t:|1781430753\n|move|p1a: Barraskewda|Flip Turn|p2a: Meganium\n|-resisted|p2a: Meganium\n|-damage|p2a: Meganium|151/290\n|\n|t:|1781430762\n|switch|p1a: Clefable|Clefable, L83, M|293/293|[from] Flip Turn\n|move|p2a: Meganium|Petal Blizzard|p1a: Clefable\n|-damage|p1a: Clefable|175/293\n|\n|-heal|p2a: Meganium|169/290|[from] item: Leftovers\n|-heal|p1a: Clefable|193/293|[from] item: Leftovers\n|upkeep\n|turn|4\n|\n|t:|1781430776\n|move|p2a: Meganium|Knock Off|p1a: Clefable\n|-resisted|p1a: Clefable\n|-damage|p1a: Clefable|154/293\n|-enditem|p1a: Clefable|Leftovers|[from] move: Knock Off|[of] p2a: Meganium\n|move|p1a: Clefable|Thunder Wave|p2a: Meganium\n|-status|p2a: Meganium|par\n|\n|-heal|p2a: Meganium|187/290 par|[from] item: Leftovers\n|upkeep\n|turn|5\n|\n|t:|1781430784\n|move|p1a: Clefable|Fire Blast|p2a: Meganium\n|-supereffective|p2a: Meganium\n|-damage|p2a: Meganium|67/290 par\n|cant|p2a: Meganium|par\n|\n|-heal|p2a: Meganium|85/290 par|[from] item: Leftovers\n|upkeep\n|turn|6\n|\n|t:|1781430791\n|switch|p2a: Golduck|Golduck, L90, F|290/290\n|-ability|p2a: Golduck|Cloud Nine\n|move|p1a: Clefable|Fire Blast|p2a: Golduck\n|-resisted|p2a: Golduck\n|-damage|p2a: Golduck|255/290\n|\n|-heal|p2a: Golduck|273/290|[from] item: Leftovers\n|upkeep\n|turn|7\n|\n|t:|1781430796\n|move|p2a: Golduck|Nasty Plot|p2a: Golduck\n|-boost|p2a: Golduck|spa|2\n|move|p1a: Clefable|Thunder Wave|p2a: Golduck\n|-status|p2a: Golduck|par\n|\n|-heal|p2a: Golduck|290/290 par|[from] item: Leftovers\n|upkeep\n|turn|8\n|\n|t:|1781430800\n|move|p1a: Clefable|Moonblast|p2a: Golduck\n|-damage|p2a: Golduck|191/290 par\n|-unboost|p2a: Golduck|spa|1\n|cant|p2a: Golduck|par\n|\n|-heal|p2a: Golduck|209/290 par|[from] item: Leftovers\n|upkeep\n|turn|9\n|\n|t:|1781430805\n|move|p1a: Clefable|Moonblast|p2a: Golduck\n|-damage|p2a: Golduck|107/290 par\n|-unboost|p2a: Golduck|spa|1\n|move|p2a: Golduck|Hydro Pump|p1a: Clefable\n|-damage|p1a: Clefable|33/293\n|\n|-heal|p2a: Golduck|125/290 par|[from] item: Leftovers\n|upkeep\n|turn|10\n|\n|t:|1781430817\n|move|p1a: Clefable|Moonlight|p1a: Clefable\n|-heal|p1a: Clefable|179/293\n|move|p2a: Golduck|Grass Knot|p1a: Clefable\n|-damage|p1a: Clefable|134/293\n|\n|-heal|p2a: Golduck|143/290 par|[from] item: Leftovers\n|upkeep\n|turn|11\n|\n|t:|1781430825\n|move|p1a: Clefable|Moonblast|p2a: Golduck\n|-damage|p2a: Golduck|49/290 par\n|cant|p2a: Golduck|par\n|\n|-heal|p2a: Golduck|67/290 par|[from] item: Leftovers\n|upkeep\n|turn|12\n|\n|t:|1781430843\n|switch|p2a: Froslass|Froslass, L87, F|263/263\n|move|p1a: Clefable|Moonblast|p2a: Froslass\n|-damage|p2a: Froslass|151/263\n|\n|upkeep\n|turn|13\n|\n|t:|1781430865\n|move|p2a: Froslass|Taunt|p1a: Clefable\n|-start|p1a: Clefable|move: Taunt\n|cant|p1a: Clefable|move: Taunt|Thunder Wave\n|\n|upkeep\n|turn|14\n|\n|t:|1781430871\n|move|p2a: Froslass|Poltergeist||[still]\n|-fail|p2a: Froslass\n|move|p1a: Clefable|Fire Blast|p2a: Froslass\n|-supereffective|p2a: Froslass\n|-crit|p2a: Froslass\n|-damage|p2a: Froslass|0 fnt\n|faint|p2a: Froslass\n|\n|upkeep\n|\n|t:|1781430877\n|switch|p2a: Greedent|Greedent, L86, F|347/347\n|turn|15\n|\n|t:|1781430881\n|move|p1a: Clefable|Moonblast|p2a: Greedent\n|-damage|p2a: Greedent|244/347\n|move|p2a: Greedent|Swords Dance|p2a: Greedent\n|-boost|p2a: Greedent|atk|2\n|\n|-end|p1a: Clefable|move: Taunt\n|upkeep\n|turn|16\n|\n|t:|1781430888\n|move|p1a: Clefable|Thunder Wave|p2a: Greedent\n|-status|p2a: Greedent|par\n|move|p2a: Greedent|Earthquake|p1a: Clefable\n|-damage|p1a: Clefable|56/293\n|\n|upkeep\n|turn|17\n|\n|t:|1781430894\n|move|p1a: Clefable|Moonlight|p1a: Clefable\n|-heal|p1a: Clefable|202/293\n|move|p2a: Greedent|Swords Dance|p2a: Greedent\n|-boost|p2a: Greedent|atk|2\n|\n|upkeep\n|turn|18\n|\n|t:|1781430902\n|move|p1a: Clefable|Moonblast|p2a: Greedent\n|-damage|p2a: Greedent|135/347 par\n|-enditem|p2a: Greedent|Sitrus Berry|[eat]\n|-heal|p2a: Greedent|221/347 par|[from] item: Sitrus Berry\n|-heal|p2a: Greedent|336/347 par|[from] ability: Cheek Pouch\n|move|p2a: Greedent|Body Slam|p1a: Clefable\n|-damage|p1a: Clefable|90/293\n|-status|p1a: Clefable|par\n|\n|upkeep\n|turn|19\n|\n|t:|1781430917\n|move|p1a: Clefable|Moonblast|p2a: Greedent\n|-damage|p2a: Greedent|227/347 par\n|move|p2a: Greedent|Body Slam|p1a: Clefable\n|-damage|p1a: Clefable|0 fnt\n|faint|p1a: Clefable\n|\n|upkeep\n|\n|t:|1781430931\n|switch|p1a: Medicham|Medicham, L86, F|243/243\n|turn|20\n|\n|t:|1781430940\n|-terastallize|p2a: Greedent|Ghost\n|move|p1a: Medicham|Close Combat|p2a: Greedent\n|-immune|p2a: Greedent\n|move|p2a: Greedent|Knock Off|p1a: Medicham\n|-damage|p1a: Medicham|12/243\n|-enditem|p1a: Medicham|Choice Scarf|[from] move: Knock Off|[of] p2a: Greedent\n|\n|upkeep\n|turn|21\n|\n|t:|1781430951\n|move|p1a: Medicham|Zen Headbutt|p2a: Greedent\n|-damage|p2a: Greedent|110/347 par\n|cant|p2a: Greedent|par\n|\n|upkeep\n|turn|22\n|\n|t:|1781430959\n|move|p1a: Medicham|Zen Headbutt|p2a: Greedent\n|-damage|p2a: Greedent|0 fnt\n|faint|p2a: Greedent\n|\n|upkeep\n|\n|t:|1781430964\n|switch|p2a: Golduck|Golduck, L90, F|67/290 par\n|-ability|p2a: Golduck|Cloud Nine\n|turn|23\n|\n|t:|1781430968\n|move|p1a: Medicham|Zen Headbutt|p2a: Golduck\n|-damage|p2a: Golduck|0 fnt\n|faint|p2a: Golduck\n|\n|upkeep\n|\n|t:|1781430971\n|switch|p2a: Pincurchin|Pincurchin, F|258/258\n|-fieldstart|move: Electric Terrain|[from] ability: Electric Surge|[of] p2a: Pincurchin\n|turn|24\n|\n|t:|1781430976\n|move|p1a: Medicham|Trick|p2a: Pincurchin\n|-activate|p1a: Medicham|move: Trick|[of] p2a: Pincurchin\n|-enditem|p2a: Pincurchin|Leftovers|[silent]|[from] move: Trick\n|-item|p1a: Medicham|Leftovers|[from] move: Trick\n|move|p2a: Pincurchin|Scald|p1a: Medicham\n|-damage|p1a: Medicham|0 fnt\n|faint|p1a: Medicham\n|\n|upkeep\n|\n|t:|1781430989\n|switch|p1a: Barraskewda|Barraskewda, L81, F|49/231\n|turn|25\n|\n|t:|1781430992\n|move|p1a: Barraskewda|Waterfall|p2a: Pincurchin\n|-damage|p2a: Pincurchin|185/258\n|cant|p2a: Pincurchin|flinch\n|\n|upkeep\n|turn|26\n|\n|t:|1781430997\n|move|p1a: Barraskewda|Waterfall|p2a: Pincurchin\n|-damage|p2a: Pincurchin|107/258\n|move|p2a: Pincurchin|Thunderbolt|p1a: Barraskewda\n|-supereffective|p1a: Barraskewda\n|-damage|p1a: Barraskewda|0 fnt\n|faint|p1a: Barraskewda\n|\n|upkeep\n|\n|t:|1781431005\n|switch|p1a: Pincurchin|Pincurchin, M|258/258\n|turn|27\n|\n|t:|1781431008\n|move|p2a: Pincurchin|Scald|p1a: Pincurchin\n|-damage|p1a: Pincurchin|190/258\n|move|p1a: Pincurchin|Spikes|p2a: Pincurchin\n|-sidestart|p2: Ennetty|Spikes\n|\n|-heal|p1a: Pincurchin|206/258|[from] item: Leftovers\n|upkeep\n|turn|28\n|\n|t:|1781431013\n|move|p2a: Pincurchin|Scald|p1a: Pincurchin\n|-damage|p1a: Pincurchin|142/258\n|move|p1a: Pincurchin|Spikes|p2a: Pincurchin\n|-sidestart|p2: Ennetty|Spikes\n|\n|-heal|p1a: Pincurchin|158/258|[from] item: Leftovers\n|-fieldend|move: Electric Terrain\n|upkeep\n|turn|29\n|\n|t:|1781431019\n|move|p1a: Pincurchin|Spikes|p2a: Pincurchin\n|-sidestart|p2: Ennetty|Spikes\n|move|p2a: Pincurchin|Toxic Spikes|p1a: Pincurchin\n|-sidestart|p1: sylwalker|move: Toxic Spikes\n|\n|-heal|p1a: Pincurchin|174/258|[from] item: Leftovers\n|upkeep\n|turn|30\n|\n|t:|1781431023\n|move|p2a: Pincurchin|Toxic Spikes|p1a: Pincurchin\n|-sidestart|p1: sylwalker|move: Toxic Spikes\n|move|p1a: Pincurchin|Recover|p1a: Pincurchin\n|-heal|p1a: Pincurchin|258/258\n|\n|upkeep\n|turn|31\n|\n|t:|1781431026\n|move|p2a: Pincurchin|Scald|p1a: Pincurchin\n|-damage|p1a: Pincurchin|186/258\n|-status|p1a: Pincurchin|brn\n|move|p1a: Pincurchin|Scald|p2a: Pincurchin\n|-damage|p2a: Pincurchin|41/258\n|\n|-heal|p1a: Pincurchin|202/258 brn|[from] item: Leftovers\n|-damage|p1a: Pincurchin|186/258 brn|[from] brn\n|upkeep\n|turn|32\n|\n|t:|1781431031\n|move|p1a: Pincurchin|Scald|p2a: Pincurchin\n|-damage|p2a: Pincurchin|0 fnt\n|faint|p2a: Pincurchin\n|\n|-heal|p1a: Pincurchin|202/258 brn|[from] item: Leftovers\n|-damage|p1a: Pincurchin|186/258 brn|[from] brn\n|upkeep\n|\n|t:|1781431035\n|switch|p2a: Meganium|Meganium, L90, M|85/290 par\n|-damage|p2a: Meganium|13/290 par|[from] Spikes\n|turn|33\n|\n|t:|1781431042\n|cant|p2a: Meganium|par\n|move|p1a: Pincurchin|Discharge|p2a: Meganium\n|-resisted|p2a: Meganium\n|-damage|p2a: Meganium|0 fnt\n|faint|p2a: Meganium\n|\n|win|sylwalker\n|raw|sylwalker's rating: 1371 &rarr; <strong>1393</strong><br />(+22 for winning)\n|raw|Ennetty's rating: 1406 &rarr; <strong>1384</strong><br />(-22 for losing)\n|l|\u2606Ennetty\n|player|p2|\n", "inputlog": ">version a8376a258c1d4662feba110a92103f3664a72141\n>start {\"formatid\":\"gen9randombattle\",\"seed\":\"sodium,6d4a8072e93ec729f69a3dbe963c22e3\",\"rated\":\"Rated battle\"}\n>player p1 {\"name\":\"sylwalker\",\"avatar\":\"170\",\"rating\":1371,\"seed\":\"sodium,4e4b3642ba1a1461210e0cb74e19afd4\"}\n>player p2 {\"name\":\"Ennetty\",\"avatar\":\"265\",\"rating\":1406,\"seed\":\"sodium,170ff85b7dc9cd400a526a2edc492996\"}\n>p1 move closecombat\n>p2 move knockoff\n>p2 switch 4\n>p1 move closecombat\n>p2 move knockoff\n>p1 move flipturn\n>p2 move petalblizzard\n>p1 switch 4\n>p1 move thunderwave\n>p2 move knockoff\n>p1 move fireblast\n>p2 move swordsdance\n>p1 move fireblast\n>p2 switch 5\n>p1 move thunderwave\n>p2 move nastyplot\n>p1 move moonblast\n>p2 move encore\n>p1 move moonblast\n>p2 move hydropump\n>p1 move moonlight\n>p2 move grassknot\n>p1 move moonblast\n>p2 move encore\n>p1 move moonblast\n>p2 switch 3\n>p1 move thunderwave\n>p2 move taunt\n>p1 move fireblast\n>p2 move poltergeist\n>p2 switch 6\n>p1 move moonblast\n>p2 move swordsdance\n>p1 move thunderwave\n>p2 move earthquake\n>p1 move moonlight\n>p2 move swordsdance\n>p1 move moonblast\n>p2 move bodyslam\n>p1 move moonblast\n>p2 move bodyslam\n>p1 switch 3\n>p1 move closecombat\n>p2 move knockoff terastallize\n>p1 move zenheadbutt\n>p2 move knockoff\n>p1 move zenheadbutt\n>p2 move knockoff\n>p2 switch 3\n>p1 move zenheadbutt\n>p2 move grassknot\n>p2 switch 2\n>p1 move trick\n>p2 move scald\n>p1 switch 4\n>p1 move waterfall\n>p2 move thunderbolt\n>p1 move waterfall\n>p2 move thunderbolt\n>p1 switch 5\n>p1 move spikes\n>p2 move scald\n>p1 move spikes\n>p2 move scald\n>p1 move spikes\n>p2 move toxicspikes\n>p1 move recover\n>p2 move toxicspikes\n>p1 move scald\n>p2 move scald\n>p1 move scald\n>p2 move recover\n>p2 switch 5\n>p1 move discharge\n>p2 move earthquake", "uploadtime": 1781431048, "views": 7, "formatid": "gen9randombattle", "rating": 1384, "private": 0, "password": null, "player_dets": [{"name": "sylwalker", "avatar": "170", "rating": 1371, "seed": "sodium,4e4b3642ba1a1461210e0cb74e19afd4"}, {"name": "Ennetty", "avatar": "265", "rating": 1406, "seed": "sodium,170ff85b7dc9cd400a526a2edc492996"}], "teams_full": [{"Barraskewda": {"name": "Barraskewda", "species": "Barraskewda", "speciesId": "barraskewda", "gender": "F", "shiny": false, "level": 81, "moves": ["flipturn", "closecombat", "throatchop", "waterfall"], "ability": "Swift Swim", "evs": {"hp": 85, "atk": 85, "def": 85, "spa": 85, "spd": 85, "spe": 85}, "ivs": {"hp": 31, "atk": 31, "def": 31, "spa": 31, "spd": 31, "spe": 31}, "item": "Choice Band", "teraType": "Fighting", "role": "Wallbreaker", "bvs": {"hp": 61, "atk": 123, "def": 60, "spa": 60, "spd": 50, "spe": 136}, "stats": {"hp": 231, "atk": 246, "def": 144, "spa": 144, "spd": 128, "spe": 267}}, "Malamar": {"name": "Malamar", "species": "Malamar", "speciesId": "malamar", "gender": "F", "shiny": false, "level": 82, "moves": ["knockoff", "psychocut", "superpower", "rest"], "ability": "Contrary", "evs": {"hp": 85, "atk": 85, "def": 85, "spa": 85, "spd": 85, "spe": 85}, "ivs": {"hp": 31, "atk": 31, "def": 31, "spa": 31, "spd": 31, "spe": 31}, "item": "Chesto Berry", "teraType": "Steel", "role": "Fast Bulky Setup", "bvs": {"hp": 86, "atk": 92, "def": 88, "spa": 68, "spd": 75, "spe": 73}, "stats": {"hp": 275, "atk": 198, "def": 191, "spa": 159, "spd": 170, "spe": 167}}, "Medicham": {"name": "Medicham", "species": "Medicham", "speciesId": "medicham", "gender": "F", "shiny": false, "level": 86, "moves": ["icepunch", "closecombat", "zenheadbutt", "trick"], "ability": "Pure Power", "evs": {"hp": 85, "atk": 85, "def": 85, "spa": 85, "spd": 85, "spe": 85}, "ivs": {"hp": 31, "atk": 31, "def": 31, "spa": 31, "spd": 31, "spe": 31}, "item": "Choice Scarf", "teraType": "Fighting", "role": "Fast Attacker", "bvs": {"hp": 60, "atk": 60, "def": 75, "spa": 60, "spd": 75, "spe": 80}, "stats": {"hp": 243, "atk": 152, "def": 178, "spa": 152, "spd": 178, "spe": 187}}, "Clefable": {"name": "Clefable", "species": "Clefable", "speciesId": "clefable", "gender": "M", "shiny": false, "level": 83, "moves": ["moonlight", "thunderwave", "moonblast", "fireblast"], "ability": "Unaware", "evs": {"hp": 85, "atk": 0, "def": 85, "spa": 85, "spd": 85, "spe": 85}, "ivs": {"hp": 31, "atk": 0, "def": 31, "spa": 31, "spd": 31, "spe": 31}, "item": "Leftovers", "teraType": "Steel", "role": "Bulky Support", "bvs": {"hp": 95, "atk": 70, "def": 73, "spa": 95, "spd": 90, "spe": 60}, "stats": {"hp": 293, "atk": 121, "def": 169, "spa": 205, "spd": 197, "spe": 147}}, "Pincurchin": {"name": "Pincurchin", "species": "Pincurchin", "speciesId": "pincurchin", "gender": "M", "shiny": false, "level": 100, "moves": ["scald", "spikes", "discharge", "recover"], "ability": "Electric Surge", "evs": {"hp": 85, "atk": 0, "def": 85, "spa": 85, "spd": 85, "spe": 85}, "ivs": {"hp": 31, "atk": 0, "def": 31, "spa": 31, "spd": 31, "spe": 31}, "item": "Leftovers", "teraType": "Water", "role": "Bulky Attacker", "bvs": {"hp": 48, "atk": 101, "def": 95, "spa": 91, "spd": 85, "spe": 15}, "stats": {"hp": 258, "atk": 207, "def": 247, "spa": 239, "spd": 227, "spe": 87}}, "Rhydon": {"name": "Rhydon", "species": "Rhydon", "speciesId": "rhydon", "gender": "F", "shiny": false, "level": 85, "moves": ["swordsdance", "megahorn", "earthquake", "stoneedge"], "ability": "Lightning Rod", "evs": {"hp": 85, "atk": 85, "def": 85, "spa": 85, "spd": 85, "spe": 85}, "ivs": {"hp": 31, "atk": 31, "def": 31, "spa": 31, "spd": 31, "spe": 31}, "item": "Eviolite", "teraType": "Water", "role": "Bulky Attacker", "bvs": {"hp": 105, "atk": 130, "def": 120, "spa": 45, "spd": 45, "spe": 40}, "stats": {"hp": 317, "atk": 270, "def": 253, "spa": 125, "spd": 125, "spe": 117}}}, {"Gumshoos": {"name": "Gumshoos", "species": "Gumshoos", "speciesId": "gumshoos", "gender": "M", "shiny": false, "level": 95, "moves": ["knockoff", "earthquake", "doubleedge", "uturn"], "ability": "Stakeout", "evs": {"hp": 85, "atk": 85, "def": 85, "spa": 85, "spd": 85, "spe": 85}, "ivs": {"hp": 31, "atk": 31, "def": 31, "spa": 31, "spd": 31, "spe": 31}, "item": "Choice Band", "teraType": "Normal", "role": "Wallbreaker", "bvs": {"hp": 88, "atk": 110, "def": 60, "spa": 55, "spd": 60, "spe": 45}, "stats": {"hp": 321, "atk": 263, "def": 168, "spa": 158, "spd": 168, "spe": 139}}, "Pincurchin": {"name": "Pincurchin", "species": "Pincurchin", "speciesId": "pincurchin", "gender": "F", "shiny": false, "level": 100, "moves": ["scald", "toxicspikes", "recover", "thunderbolt"], "ability": "Electric Surge", "evs": {"hp": 85, "atk": 0, "def": 85, "spa": 85, "spd": 85, "spe": 85}, "ivs": {"hp": 31, "atk": 0, "def": 31, "spa": 31, "spd": 31, "spe": 31}, "item": "Leftovers", "teraType": "Water", "role": "Bulky Attacker", "bvs": {"hp": 48, "atk": 101, "def": 95, "spa": 91, "spd": 85, "spe": 15}, "stats": {"hp": 258, "atk": 207, "def": 247, "spa": 239, "spd": 227, "spe": 87}}, "Froslass": {"name": "Froslass", "species": "Froslass", "speciesId": "froslass", "gender": "F", "shiny": false, "level": 87, "moves": ["poltergeist", "destinybond", "tripleaxel", "taunt"], "ability": "Cursed Body", "evs": {"hp": 81, "atk": 85, "def": 85, "spa": 85, "spd": 85, "spe": 85}, "ivs": {"hp": 31, "atk": 31, "def": 31, "spa": 31, "spd": 31, "spe": 31}, "item": "Wide Lens", "teraType": "Ice", "role": "Fast Support", "bvs": {"hp": 70, "atk": 80, "def": 70, "spa": 80, "spd": 70, "spe": 110}, "stats": {"hp": 263, "atk": 189, "def": 172, "spa": 189, "spd": 172, "spe": 241}}, "Meganium": {"name": "Meganium", "species": "Meganium", "speciesId": "meganium", "gender": "M", "shiny": false, "level": 90, "moves": ["knockoff", "earthquake", "petalblizzard", "swordsdance"], "ability": "Overgrow", "evs": {"hp": 85, "atk": 85, "def": 85, "spa": 85, "spd": 85, "spe": 85}, "ivs": {"hp": 31, "atk": 31, "def": 31, "spa": 31, "spd": 31, "spe": 31}, "item": "Leftovers", "teraType": "Water", "role": "Bulky Setup", "bvs": {"hp": 80, "atk": 82, "def": 100, "spa": 83, "spd": 100, "spe": 80}, "stats": {"hp": 290, "atk": 199, "def": 231, "spa": 201, "spd": 231, "spe": 195}}, "Golduck": {"name": "Golduck", "species": "Golduck", "speciesId": "golduck", "gender": "F", "shiny": false, "level": 90, "moves": ["encore", "hydropump", "grassknot", "nastyplot"], "ability": "Cloud Nine", "evs": {"hp": 85, "atk": 0, "def": 85, "spa": 85, "spd": 85, "spe": 85}, "ivs": {"hp": 31, "atk": 0, "def": 31, "spa": 31, "spd": 31, "spe": 31}, "item": "Leftovers", "teraType": "Water", "role": "Bulky Setup", "bvs": {"hp": 80, "atk": 82, "def": 78, "spa": 95, "spd": 80, "spe": 85}, "stats": {"hp": 290, "atk": 152, "def": 192, "spa": 222, "spd": 195, "spe": 204}}, "Greedent": {"name": "Greedent", "species": "Greedent", "speciesId": "greedent", "gender": "F", "shiny": false, "level": 86, "moves": ["knockoff", "swordsdance", "bodyslam", "earthquake"], "ability": "Cheek Pouch", "evs": {"hp": 85, "atk": 85, "def": 85, "spa": 85, "spd": 85, "spe": 85}, "ivs": {"hp": 31, "atk": 31, "def": 31, "spa": 31, "spd": 31, "spe": 31}, "item": "Sitrus Berry", "teraType": "Ghost", "role": "Bulky Setup", "bvs": {"hp": 120, "atk": 95, "def": 95, "spa": 55, "spd": 75, "spe": 20}, "stats": {"hp": 347, "atk": 213, "def": 213, "spa": 144, "spd": 178, "spe": 84}}}]}