{"id": "gen9randombattle-2631462462", "format": "[Gen 9] Random Battle", "players": ["Sekkari-", "KlausUnbound"], "log": "|badge|p2|bronze|gen9randombattle|100-9\n|uhtml|medal-msg|<div class=\"broadcast-blue\">Curious what those medals under the avatar are? PS now has Ladder Seasons! For more information, check out the <a href=\"https://www.smogon.com/forums/threads/3740067/\">thread on Smogon.</a></div>\n|j|\u2606Sekkari-\n|j|\u2606KlausUnbound\n|t:|1781387686\n|gametype|singles\n|player|p1|Sekkari-|170|2221\n|player|p2|KlausUnbound|heroine2-conquest|2308\n|gen|9\n|tier|[Gen 9] Random Battle\n|rated|\n|rule|Species Clause: Limit one of each Pok\u00e9mon\n|rule|HP Percentage Mod: HP is shown in percentages\n|rule|Sleep Clause Mod: Limit one foe put to sleep\n|rule|Illusion Level Mod: Illusion disguises the Pok\u00e9mon's true level\n|\n|t:|1781387686\n|teamsize|p1|6\n|teamsize|p2|6\n|start\n|switch|p1a: Cyclizar|Cyclizar, L83, M|252/252\n|switch|p2a: Darkrai|Darkrai, L77|234/234\n|turn|1\n|inactive|Battle timer is ON: inactive players will automatically lose when time's up. (requested by KlausUnbound)\n|j| rufoush\n|\n|t:|1781387704\n|switch|p2a: Meganium|Meganium, L90, F|290/290\n|move|p1a: Cyclizar|Shed Tail|p1a: Cyclizar\n|-start|p1a: Cyclizar|Substitute|[from] move: Shed Tail\n|-damage|p1a: Cyclizar|126/252\n|j| NoobZepo\n|\n|t:|1781387721\n|switch|p1a: Enamorus|Enamorus-Therian, L83, F|259/259|[from] Shed Tail\n|\n|upkeep\n|turn|2\n|\n|t:|1781387733\n|move|p2a: Meganium|Energy Ball|p1a: Enamorus\n|-resisted|p1a: Enamorus\n|-activate|p1a: Enamorus|move: Substitute|[damage]\n|move|p1a: Enamorus|Moonblast|p2a: Meganium\n|-damage|p2a: Meganium|139/290\n|\n|-heal|p2a: Meganium|157/290|[from] item: Leftovers\n|upkeep\n|turn|3\n|\n|t:|1781387740\n|move|p2a: Meganium|Energy Ball|p1a: Enamorus\n|-resisted|p1a: Enamorus\n|-end|p1a: Enamorus|Substitute\n|move|p1a: Enamorus|Moonblast|p2a: Meganium\n|-damage|p2a: Meganium|4/290\n|\n|-heal|p2a: Meganium|22/290|[from] item: Leftovers\n|upkeep\n|turn|4\n|\n|t:|1781387743\n|move|p2a: Meganium|Knock Off|p1a: Enamorus\n|-resisted|p1a: Enamorus\n|-damage|p1a: Enamorus|231/259\n|-enditem|p1a: Enamorus|Choice Specs|[from] move: Knock Off|[of] p2a: Meganium\n|move|p1a: Enamorus|Moonblast|p2a: Meganium\n|-damage|p2a: Meganium|0 fnt\n|faint|p2a: Meganium\n|\n|upkeep\n|\n|t:|1781387763\n|switch|p2a: Calyrex|Calyrex-Ice, L72|263/263\n|-ability|p2a: Calyrex|As One\n|-ability|p2a: Calyrex|Unnerve\n|turn|5\n|l| NoobZepo\n|l| rufoush\n|\n|t:|1781387772\n|switch|p1a: Volbeat|Volbeat, L90, M|263/263\n|move|p2a: Calyrex|Glacial Lance|p1a: Volbeat\n|-damage|p1a: Volbeat|115/263\n|\n|upkeep\n|turn|6\n|\n|t:|1781387785\n|move|p1a: Volbeat|Lunge|p2a: Calyrex\n|-supereffective|p2a: Calyrex\n|-damage|p2a: Calyrex|131/263\n|-unboost|p2a: Calyrex|atk|1\n|move|p2a: Calyrex|Glacial Lance|p1a: Volbeat\n|-damage|p1a: Volbeat|9/263\n|\n|upkeep\n|turn|7\n|\n|t:|1781387807\n|switch|p2a: Toxtricity|Toxtricity, L82, M|257/257\n|move|p1a: Volbeat|Roost|p1a: Volbeat\n|-heal|p1a: Volbeat|141/263\n|-singleturn|p1a: Volbeat|move: Roost\n|\n|upkeep\n|turn|8\n|\n|t:|1781387820\n|move|p1a: Volbeat|Roost|p1a: Volbeat\n|-heal|p1a: Volbeat|263/263\n|-singleturn|p1a: Volbeat|move: Roost\n|move|p2a: Toxtricity|Boomburst|p1a: Volbeat\n|-damage|p1a: Volbeat|123/263\n|-enditem|p2a: Toxtricity|Throat Spray\n|-boost|p2a: Toxtricity|spa|1|[from] item: Throat Spray\n|\n|upkeep\n|turn|9\n|\n|t:|1781387831\n|move|p1a: Volbeat|Encore|p2a: Toxtricity\n|-start|p2a: Toxtricity|Encore\n|move|p2a: Toxtricity|Boomburst|p1a: Volbeat\n|-damage|p1a: Volbeat|0 fnt\n|faint|p1a: Volbeat\n|\n|upkeep\n|\n|t:|1781387833\n|switch|p1a: Iron Boulder|Iron Boulder, L77|265/265\n|turn|10\n|\n|t:|1781387841\n|switch|p2a: Donphan|Donphan, L84, M|288/288\n|move|p1a: Iron Boulder|Mighty Cleave|p2a: Donphan\n|-resisted|p2a: Donphan\n|-damage|p2a: Donphan|236/288\n|-damage|p1a: Iron Boulder|239/265|[from] item: Life Orb\n|\n|-heal|p2a: Donphan|254/288|[from] item: Leftovers\n|upkeep\n|turn|11\n|j| rufoush\n|\n|t:|1781387852\n|-end|p1a: Iron Boulder|Quark Drive|[silent]\n|switch|p1a: Enamorus|Enamorus-Therian, L83, F|231/259\n|switch|p2a: Toxtricity|Toxtricity, L82, M|257/257\n|\n|upkeep\n|turn|12\n|\n|t:|1781387859\n|move|p2a: Toxtricity|Overdrive|p1a: Enamorus\n|-supereffective|p1a: Enamorus\n|-damage|p1a: Enamorus|25/259\n|move|p1a: Enamorus|Earth Power|p2a: Toxtricity\n|-supereffective|p2a: Toxtricity\n|-damage|p2a: Toxtricity|0 fnt\n|faint|p2a: Toxtricity\n|\n|upkeep\n|\n|t:|1781387866\n|switch|p2a: Calyrex|Calyrex-Ice, L72|131/263\n|-ability|p2a: Calyrex|As One\n|-ability|p2a: Calyrex|Unnerve\n|turn|13\n|\n|t:|1781387869\n|move|p1a: Enamorus|Mystical Fire|p2a: Calyrex\n|-supereffective|p2a: Calyrex\n|-damage|p2a: Calyrex|7/263\n|-unboost|p2a: Calyrex|spa|1\n|move|p2a: Calyrex|Trick Room|p2a: Calyrex\n|-fieldstart|move: Trick Room|[of] p2a: Calyrex\n|\n|upkeep\n|turn|14\n|\n|t:|1781387876\n|move|p2a: Calyrex|Glacial Lance|p1a: Enamorus\n|-supereffective|p1a: Enamorus\n|-damage|p1a: Enamorus|0 fnt\n|faint|p1a: Enamorus\n|-ability|p2a: Calyrex|Chilling Neigh|boost\n|-boost|p2a: Calyrex|atk|1\n|\n|upkeep\n|\n|t:|1781387881\n|switch|p1a: Flapple|Flapple, L88, M|266/266\n|turn|15\n|\n|t:|1781387883\n|move|p1a: Flapple|Sucker Punch|p2a: Calyrex\n|-supereffective|p2a: Calyrex\n|-damage|p2a: Calyrex|0 fnt\n|faint|p2a: Calyrex\n|\n|upkeep\n|\n|t:|1781387887\n|switch|p2a: Minior|Minior, L79|224/224\n|-formechange|p2a: Minior|Minior-Meteor||[from] ability: Shields Down\n|turn|16\n|\n|t:|1781387902\n|move|p2a: Minior|Earthquake|p1a: Flapple\n|-resisted|p1a: Flapple\n|-crit|p1a: Flapple\n|-damage|p1a: Flapple|234/266\n|move|p1a: Flapple|Grav Apple|p2a: Minior\n|-damage|p2a: Minior|82/224\n|-unboost|p2a: Minior|def|1\n|-enditem|p2a: Minior|White Herb\n|-clearnegativeboost|p2a: Minior|[silent]\n|\n|-formechange|p2a: Minior|Minior||[from] ability: Shields Down\n|upkeep\n|turn|17\n|\n|t:|1781387909\n|move|p1a: Flapple|Grav Apple|p2a: Minior\n|-damage|p2a: Minior|0 fnt\n|faint|p2a: Minior\n|\n|-fieldend|move: Trick Room\n|upkeep\n|\n|t:|1781387912\n|switch|p2a: Donphan|Donphan, L84, M|254/288\n|turn|18\n|\n|t:|1781387916\n|move|p1a: Flapple|Grav Apple|p2a: Donphan\n|-supereffective|p2a: Donphan\n|-damage|p2a: Donphan|32/288\n|-unboost|p2a: Donphan|def|1\n|move|p2a: Donphan|Knock Off|p1a: Flapple\n|-crit|p1a: Flapple\n|-damage|p1a: Flapple|118/266\n|-enditem|p1a: Flapple|Lum Berry|[from] move: Knock Off|[of] p2a: Donphan\n|\n|-heal|p2a: Donphan|50/288|[from] item: Leftovers\n|upkeep\n|turn|19\n|\n|t:|1781387925\n|move|p1a: Flapple|Grav Apple|p2a: Donphan|[miss]\n|-miss|p1a: Flapple|p2a: Donphan\n|move|p2a: Donphan|Rapid Spin|p1a: Flapple\n|-damage|p1a: Flapple|74/266\n|-boost|p2a: Donphan|spe|1\n|\n|-heal|p2a: Donphan|68/288|[from] item: Leftovers\n|upkeep\n|turn|20\n|\n|t:|1781387929\n|move|p1a: Flapple|Sucker Punch||[still]\n|-fail|p1a: Flapple\n|move|p2a: Donphan|Stealth Rock|p1a: Flapple\n|-sidestart|p1: Sekkari-|move: Stealth Rock\n|\n|-heal|p2a: Donphan|86/288|[from] item: Leftovers\n|upkeep\n|turn|21\n|\n|t:|1781387934\n|move|p1a: Flapple|Sucker Punch|p2a: Donphan\n|-damage|p2a: Donphan|0 fnt\n|faint|p2a: Donphan\n|\n|upkeep\n|\n|t:|1781387936\n|switch|p2a: Darkrai|Darkrai, L77|234/234\n|turn|22\n|\n|t:|1781387942\n|move|p2a: Darkrai|Substitute|p2a: Darkrai\n|-start|p2a: Darkrai|Substitute\n|-damage|p2a: Darkrai|176/234\n|move|p1a: Flapple|Dragon Dance|p1a: Flapple\n|-boost|p1a: Flapple|atk|1\n|-boost|p1a: Flapple|spe|1\n|\n|-heal|p2a: Darkrai|190/234|[from] item: Leftovers\n|upkeep\n|turn|23\n|\n|t:|1781387945\n|move|p1a: Flapple|Grav Apple|p2a: Darkrai\n|-end|p2a: Darkrai|Substitute\n|move|p2a: Darkrai|Dark Pulse|p1a: Flapple\n|-damage|p1a: Flapple|0 fnt\n|faint|p1a: Flapple\n|\n|-heal|p2a: Darkrai|204/234|[from] item: Leftovers\n|upkeep\n|\n|t:|1781387953\n|switch|p1a: Falinks|Falinks, L84|246/246\n|-damage|p1a: Falinks|231/246|[from] Stealth Rock\n|turn|24\n|\n|t:|1781387963\n|move|p2a: Darkrai|Substitute|p2a: Darkrai\n|-start|p2a: Darkrai|Substitute\n|-damage|p2a: Darkrai|146/234\n|move|p1a: Falinks|No Retreat|p1a: Falinks\n|-boost|p1a: Falinks|atk|1\n|-boost|p1a: Falinks|def|1\n|-boost|p1a: Falinks|spa|1\n|-boost|p1a: Falinks|spd|1\n|-boost|p1a: Falinks|spe|1\n|-start|p1a: Falinks|move: No Retreat\n|\n|-heal|p2a: Darkrai|160/234|[from] item: Leftovers\n|upkeep\n|turn|25\n|\n|t:|1781387966\n|move|p1a: Falinks|Iron Head|p2a: Darkrai\n|-end|p2a: Darkrai|Substitute\n|-damage|p1a: Falinks|207/246|[from] item: Life Orb\n|move|p2a: Darkrai|Nasty Plot|p2a: Darkrai\n|-boost|p2a: Darkrai|spa|2\n|\n|-heal|p2a: Darkrai|174/234|[from] item: Leftovers\n|upkeep\n|turn|26\n|\n|t:|1781387976\n|-terastallize|p2a: Darkrai|Poison\n|move|p1a: Falinks|Close Combat|p2a: Darkrai\n|-resisted|p2a: Darkrai\n|-damage|p2a: Darkrai|51/234\n|-unboost|p1a: Falinks|def|1\n|-unboost|p1a: Falinks|spd|1\n|-damage|p1a: Falinks|183/246|[from] item: Life Orb\n|move|p2a: Darkrai|Sludge Bomb|p1a: Falinks\n|-damage|p1a: Falinks|0 fnt\n|faint|p1a: Falinks\n|\n|-heal|p2a: Darkrai|65/234|[from] item: Leftovers\n|upkeep\n|\n|t:|1781387983\n|switch|p1a: Cyclizar|Cyclizar, L83, M|210/252\n|turn|27\n|\n|t:|1781387990\n|move|p1a: Cyclizar|Knock Off|p2a: Darkrai\n|-damage|p2a: Darkrai|0 fnt\n|-enditem|p2a: Darkrai|Leftovers|[from] move: Knock Off|[of] p1a: Cyclizar\n|faint|p2a: Darkrai\n|\n|win|Sekkari-\n", "inputlog": ">version a8376a258c1d4662feba110a92103f3664a72141\n>start {\"formatid\":\"gen9randombattle\",\"seed\":\"sodium,dac5df97496d16b59bd3770f1f711f08\",\"rated\":\"Rated battle\"}\n>player p1 {\"name\":\"Sekkari-\",\"avatar\":\"170\",\"rating\":2221,\"seed\":\"sodium,d63daff585f8eaf32fd63e2c4ef6060a\"}\n>player p2 {\"name\":\"KlausUnbound\",\"avatar\":\"heroine2-conquest\",\"rating\":2308,\"seed\":\"sodium,0144ef70c4ad10c9cd110b096492856d\"}\n>p1 move shedtail\n>p2 switch 6\n>p1 switch 2\n>p1 move moonblast\n>p2 move energyball\n>p1 move moonblast\n>p2 move energyball\n>p1 move moonblast\n>p2 move knockoff\n>p2 switch 4\n>p1 switch 5\n>p2 move glaciallance\n>p1 move lunge\n>p2 move glaciallance\n>p1 move roost\n>p2 switch 5\n>p1 move roost\n>p2 move boomburst\n>p1 move encore\n>p2 move shiftgear\n>p1 switch 4\n>p1 move mightycleave\n>p2 switch 2\n>p1 switch 5\n>p2 switch 2\n>p1 move earthpower\n>p2 move overdrive\n>p2 switch 5\n>p1 move mysticalfire\n>p2 move trickroom\n>p1 move mysticalfire\n>p2 move glaciallance\n>p1 switch 3\n>p1 move suckerpunch\n>p2 move glaciallance\n>p2 switch 3\n>p1 move gravapple\n>p2 move earthquake\n>p1 move gravapple\n>p2 move acrobatics\n>p2 switch 2\n>p1 move gravapple\n>p2 move knockoff\n>p1 move gravapple\n>p2 move rapidspin\n>p1 move suckerpunch\n>p2 move stealthrock\n>p1 move suckerpunch\n>p2 move earthquake\n>p2 switch 6\n>p1 move dragondance\n>p2 move substitute\n>p1 move gravapple\n>p2 move darkpulse\n>p1 switch 6\n>p1 move noretreat\n>p2 move substitute\n>p1 move ironhead\n>p2 move nastyplot\n>p1 move closecombat\n>p2 move sludgebomb terastallize\n>p1 switch 2\n>p1 move knockoff\n>p2 move substitute", "uploadtime": 1781387688, "views": 9, "formatid": "gen9randombattle", "rating": null, "private": 0, "password": null, "player_dets": [{"name": "Sekkari-", "avatar": "170", "rating": 2221, "seed": "sodium,d63daff585f8eaf32fd63e2c4ef6060a"}, {"name": "KlausUnbound", "avatar": "heroine2-conquest", "rating": 2308, "seed": "sodium,0144ef70c4ad10c9cd110b096492856d"}], "teams_full": [{"Cyclizar": {"name": "Cyclizar", "species": "Cyclizar", "speciesId": "cyclizar", "gender": "M", "shiny": false, "level": 83, "moves": ["dracometeor", "rapidspin", "shedtail", "knockoff"], "ability": "Regenerator", "evs": {"hp": 85, "atk": 85, "def": 85, "spa": 85, "spd": 85, "spe": 85}, "ivs": {"hp": 31, "atk": 31, "def": 31, "spa": 31, "spd": 31, "spe": 31}, "item": "Heavy-Duty Boots", "teraType": "Steel", "role": "Fast Support", "bvs": {"hp": 70, "atk": 95, "def": 65, "spa": 85, "spd": 65, "spe": 121}, "stats": {"hp": 252, "atk": 205, "def": 156, "spa": 189, "spd": 156, "spe": 249}}, "Enamorus": {"name": "Enamorus", "species": "Enamorus-Therian", "speciesId": "enamorustherian", "gender": "F", "shiny": false, "level": 83, "moves": ["moonblast", "earthpower", "mysticalfire", "psychic"], "ability": "Overcoat", "evs": {"hp": 85, "atk": 0, "def": 85, "spa": 85, "spd": 85, "spe": 85}, "ivs": {"hp": 31, "atk": 0, "def": 31, "spa": 31, "spd": 31, "spe": 31}, "item": "Choice Specs", "teraType": "Fairy", "role": "Bulky Attacker", "bvs": {"hp": 74, "atk": 115, "def": 110, "spa": 135, "spd": 100, "spe": 46}, "stats": {"hp": 259, "atk": 195, "def": 230, "spa": 272, "spd": 214, "spe": 124}}, "Flapple": {"name": "Flapple", "species": "Flapple", "speciesId": "flapple", "gender": "M", "shiny": false, "level": 88, "moves": ["gravapple", "suckerpunch", "dragondance", "outrage"], "ability": "Hustle", "evs": {"hp": 85, "atk": 85, "def": 85, "spa": 85, "spd": 85, "spe": 85}, "ivs": {"hp": 31, "atk": 31, "def": 31, "spa": 31, "spd": 31, "spe": 31}, "item": "Lum Berry", "teraType": "Dragon", "role": "Fast Attacker", "bvs": {"hp": 70, "atk": 110, "def": 80, "spa": 95, "spd": 60, "spe": 70}, "stats": {"hp": 266, "atk": 244, "def": 191, "spa": 217, "spd": 156, "spe": 173}}, "Iron Boulder": {"name": "Iron Boulder", "species": "Iron Boulder", "speciesId": "ironboulder", "gender": "N", "shiny": false, "level": 77, "moves": ["zenheadbutt", "swordsdance", "mightycleave", "closecombat"], "ability": "Quark Drive", "evs": {"hp": 85, "atk": 85, "def": 85, "spa": 85, "spd": 85, "spe": 85}, "ivs": {"hp": 31, "atk": 31, "def": 31, "spa": 31, "spd": 31, "spe": 31}, "item": "Life Orb", "teraType": "Fighting", "role": "Setup Sweeper", "bvs": {"hp": 90, "atk": 120, "def": 80, "spa": 68, "spd": 108, "spe": 124}, "stats": {"hp": 265, "atk": 229, "def": 168, "spa": 149, "spd": 211, "spe": 236}}, "Volbeat": {"name": "Volbeat", "species": "Volbeat", "speciesId": "volbeat", "gender": "M", "shiny": false, "level": 90, "moves": ["thunderwave", "lunge", "roost", "encore"], "ability": "Prankster", "evs": {"hp": 85, "atk": 85, "def": 85, "spa": 85, "spd": 85, "spe": 85}, "ivs": {"hp": 31, "atk": 31, "def": 31, "spa": 31, "spd": 31, "spe": 31}, "item": "Heavy-Duty Boots", "teraType": "Steel", "role": "Bulky Attacker", "bvs": {"hp": 65, "atk": 73, "def": 75, "spa": 47, "spd": 85, "spe": 85}, "stats": {"hp": 263, "atk": 183, "def": 186, "spa": 136, "spd": 204, "spe": 204}}, "Falinks": {"name": "Falinks", "species": "Falinks", "speciesId": "falinks", "gender": "N", "shiny": false, "level": 84, "moves": ["knockoff", "ironhead", "closecombat", "noretreat"], "ability": "Defiant", "evs": {"hp": 85, "atk": 85, "def": 85, "spa": 85, "spd": 85, "spe": 85}, "ivs": {"hp": 31, "atk": 31, "def": 31, "spa": 31, "spd": 31, "spe": 31}, "item": "Life Orb", "teraType": "Steel", "role": "Setup Sweeper", "bvs": {"hp": 65, "atk": 100, "def": 100, "spa": 70, "spd": 60, "spe": 75}, "stats": {"hp": 246, "atk": 216, "def": 216, "spa": 166, "spd": 149, "spe": 174}}}, {"Darkrai": {"name": "Darkrai", "species": "Darkrai", "speciesId": "darkrai", "gender": "N", "shiny": false, "level": 77, "moves": ["nastyplot", "substitute", "darkpulse", "sludgebomb"], "ability": "Bad Dreams", "evs": {"hp": 85, "atk": 0, "def": 85, "spa": 85, "spd": 85, "spe": 85}, "ivs": {"hp": 31, "atk": 0, "def": 31, "spa": 31, "spd": 31, "spe": 31}, "item": "Leftovers", "teraType": "Poison", "role": "Setup Sweeper", "bvs": {"hp": 70, "atk": 90, "def": 90, "spa": 135, "spd": 90, "spe": 125}, "stats": {"hp": 234, "atk": 143, "def": 183, "spa": 252, "spd": 183, "spe": 237}}, "Donphan": {"name": "Donphan", "species": "Donphan", "speciesId": "donphan", "gender": "M", "shiny": false, "level": 84, "moves": ["stealthrock", "rapidspin", "knockoff", "earthquake"], "ability": "Sturdy", "evs": {"hp": 85, "atk": 85, "def": 85, "spa": 85, "spd": 85, "spe": 85}, "ivs": {"hp": 31, "atk": 31, "def": 31, "spa": 31, "spd": 31, "spe": 31}, "item": "Leftovers", "teraType": "Dragon", "role": "Bulky Support", "bvs": {"hp": 90, "atk": 120, "def": 120, "spa": 60, "spd": 60, "spe": 50}, "stats": {"hp": 288, "atk": 250, "def": 250, "spa": 149, "spd": 149, "spe": 132}}, "Minior": {"name": "Minior", "species": "Minior", "speciesId": "minior", "gender": "N", "shiny": false, "level": 79, "moves": ["acrobatics", "earthquake", "powergem", "shellsmash"], "ability": "Shields Down", "evs": {"hp": 85, "atk": 85, "def": 85, "spa": 85, "spd": 85, "spe": 85}, "ivs": {"hp": 31, "atk": 31, "def": 31, "spa": 31, "spd": 31, "spe": 31}, "item": "White Herb", "teraType": "Flying", "role": "Setup Sweeper", "bvs": {"hp": 60, "atk": 100, "def": 60, "spa": 100, "spd": 60, "spe": 120}, "stats": {"hp": 224, "atk": 204, "def": 140, "spa": 204, "spd": 140, "spe": 235}}, "Calyrex": {"name": "Calyrex", "species": "Calyrex-Ice", "speciesId": "calyrexice", "gender": "N", "shiny": false, "level": 72, "moves": ["highhorsepower", "glaciallance", "trickroom", "closecombat"], "ability": "As One (Glastrier)", "evs": {"hp": 85, "atk": 85, "def": 85, "spa": 85, "spd": 85, "spe": 0}, "ivs": {"hp": 31, "atk": 31, "def": 31, "spa": 31, "spd": 31, "spe": 0}, "item": "Heavy-Duty Boots", "teraType": "Ground", "role": "Wallbreaker", "bvs": {"hp": 100, "atk": 165, "def": 150, "spa": 85, "spd": 130, "spe": 50}, "stats": {"hp": 263, "atk": 280, "def": 258, "spa": 164, "spd": 229, "spe": 77}}, "Toxtricity": {"name": "Toxtricity", "species": "Toxtricity", "speciesId": "toxtricity", "gender": "M", "shiny": false, "level": 82, "moves": ["overdrive", "boomburst", "shiftgear", "gunkshot"], "ability": "Punk Rock", "evs": {"hp": 85, "atk": 85, "def": 85, "spa": 85, "spd": 85, "spe": 85}, "ivs": {"hp": 31, "atk": 31, "def": 31, "spa": 31, "spd": 31, "spe": 31}, "item": "Throat Spray", "teraType": "Normal", "role": "Setup Sweeper", "bvs": {"hp": 75, "atk": 98, "def": 70, "spa": 114, "spd": 70, "spe": 75}, "stats": {"hp": 257, "atk": 208, "def": 162, "spa": 234, "spd": 162, "spe": 170}}, "Meganium": {"name": "Meganium", "species": "Meganium", "speciesId": "meganium", "gender": "F", "shiny": false, "level": 90, "moves": ["synthesis", "knockoff", "encore", "energyball"], "ability": "Overgrow", "evs": {"hp": 85, "atk": 85, "def": 85, "spa": 85, "spd": 85, "spe": 85}, "ivs": {"hp": 31, "atk": 31, "def": 31, "spa": 31, "spd": 31, "spe": 31}, "item": "Leftovers", "teraType": "Poison", "role": "Bulky Attacker", "bvs": {"hp": 80, "atk": 82, "def": 100, "spa": 83, "spd": 100, "spe": 80}, "stats": {"hp": 290, "atk": 199, "def": 231, "spa": 201, "spd": 231, "spe": 195}}}]}