{"id": "gen9randombattle-2631431522", "format": "[Gen 9] Random Battle", "players": ["pukeko_damn", "PretzelEra"], "log": "|j|\u2606pukeko_damn\n|j|\u2606PretzelEra\n|t:|1781383851\n|gametype|singles\n|player|p1|pukeko_damn|fisherman-gen4|1340\n|player|p2|PretzelEra|2|1347\n|gen|9\n|tier|[Gen 9] Random Battle\n|rated|\n|rule|Species Clause: Limit one of each Pok\u00e9mon\n|rule|HP Percentage Mod: HP is shown in percentages\n|rule|Sleep Clause Mod: Limit one foe put to sleep\n|rule|Illusion Level Mod: Illusion disguises the Pok\u00e9mon's true level\n|\n|t:|1781383851\n|teamsize|p1|6\n|teamsize|p2|6\n|start\n|switch|p1a: Darkrai|Darkrai, L77|234/234\n|switch|p2a: Avalugg|Avalugg, L88, M|310/310\n|turn|1\n|inactive|Battle timer is ON: inactive players will automatically lose when time's up. (requested by PretzelEra)\n|inactive|pukeko_damn also wants the timer to be on.\n|\n|t:|1781383862\n|move|p1a: Darkrai|Hypnosis|p2a: Avalugg\n|-status|p2a: Avalugg|slp|[from] move: Hypnosis\n|cant|p2a: Avalugg|slp\n|\n|-damage|p2a: Avalugg|272/310 slp|[from] ability: Bad Dreams|[of] p1a: Darkrai\n|upkeep\n|turn|2\n|\n|t:|1781383875\n|switch|p2a: Wigglytuff|Wigglytuff, L96, F|424/424\n|move|p1a: Darkrai|Nasty Plot|p1a: Darkrai\n|-boost|p1a: Darkrai|spa|2\n|\n|upkeep\n|turn|3\n|\n|t:|1781383881\n|move|p1a: Darkrai|Sludge Bomb|p2a: Wigglytuff\n|-supereffective|p2a: Wigglytuff\n|-damage|p2a: Wigglytuff|0 fnt\n|faint|p2a: Wigglytuff\n|-damage|p1a: Darkrai|211/234|[from] item: Life Orb\n|\n|upkeep\n|\n|t:|1781383885\n|switch|p2a: Medicham|Medicham, L86, M|243/243\n|turn|4\n|\n|t:|1781383893\n|move|p1a: Darkrai|Dark Pulse|p2a: Medicham\n|-damage|p2a: Medicham|0 fnt\n|faint|p2a: Medicham\n|-damage|p1a: Darkrai|188/234|[from] item: Life Orb\n|\n|upkeep\n|\n|t:|1781383895\n|switch|p2a: Blaziken|Blaziken, L76, F|247/247\n|turn|5\n|\n|t:|1781383905\n|-terastallize|p2a: Blaziken|Fighting\n|move|p1a: Darkrai|Sludge Bomb|p2a: Blaziken\n|-damage|p2a: Blaziken|12/247\n|-damage|p1a: Darkrai|165/234|[from] item: Life Orb\n|move|p2a: Blaziken|Swords Dance|p2a: Blaziken\n|-boost|p2a: Blaziken|atk|2\n|\n|-ability|p2a: Blaziken|Speed Boost|boost\n|-boost|p2a: Blaziken|spe|1\n|upkeep\n|turn|6\n|\n|t:|1781383911\n|switch|p1a: Qwilfish|Qwilfish, L86, F|252/252\n|-ability|p1a: Qwilfish|Intimidate|boost\n|-unboost|p2a: Blaziken|atk|1\n|move|p2a: Blaziken|Close Combat|p1a: Qwilfish\n|-resisted|p1a: Qwilfish\n|-damage|p1a: Qwilfish|91/252\n|-unboost|p2a: Blaziken|def|1\n|-unboost|p2a: Blaziken|spd|1\n|-damage|p2a: Blaziken|0 fnt|[from] item: Life Orb\n|faint|p2a: Blaziken\n|\n|upkeep\n|\n|t:|1781383922\n|switch|p2a: Raichu|Raichu-Alola, L87, F|246/246\n|turn|7\n|\n|t:|1781383927\n|switch|p1a: Bisharp|Bisharp, L79, M|232/232\n|move|p2a: Raichu|Nasty Plot|p2a: Raichu\n|-boost|p2a: Raichu|spa|2\n|\n|upkeep\n|turn|8\n|\n|t:|1781383934\n|move|p1a: Bisharp|Sucker Punch|p2a: Raichu\n|-supereffective|p2a: Raichu\n|-damage|p2a: Raichu|12/246\n|move|p2a: Raichu|Thunderbolt|p1a: Bisharp\n|-damage|p1a: Bisharp|29/232\n|-damage|p2a: Raichu|0 fnt|[from] item: Life Orb\n|faint|p2a: Raichu\n|\n|upkeep\n|\n|t:|1781383937\n|switch|p2a: Avalugg|Avalugg, L88, M|272/310 slp\n|turn|9\n|\n|t:|1781383945\n|move|p1a: Bisharp|Iron Head|p2a: Avalugg\n|-supereffective|p2a: Avalugg\n|-damage|p2a: Avalugg|182/310 slp\n|cant|p2a: Avalugg|slp\n|\n|upkeep\n|turn|10\n|\n|t:|1781383947\n|move|p1a: Bisharp|Iron Head|p2a: Avalugg\n|-supereffective|p2a: Avalugg\n|-damage|p2a: Avalugg|92/310 slp\n|cant|p2a: Avalugg|slp\n|\n|upkeep\n|turn|11\n|\n|t:|1781383949\n|move|p1a: Bisharp|Iron Head|p2a: Avalugg\n|-supereffective|p2a: Avalugg\n|-damage|p2a: Avalugg|0 fnt\n|faint|p2a: Avalugg\n|\n|upkeep\n|\n|t:|1781383951\n|switch|p2a: Reshiram|Reshiram, L76|277/277\n|-ability|p2a: Reshiram|Turboblaze\n|turn|12\n|\n|t:|1781383955\n|move|p1a: Bisharp|Sucker Punch|p2a: Reshiram\n|-damage|p2a: Reshiram|198/277\n|move|p2a: Reshiram|Earth Power|p1a: Bisharp\n|-supereffective|p1a: Bisharp\n|-damage|p1a: Bisharp|0 fnt\n|faint|p1a: Bisharp\n|\n|upkeep\n|\n|t:|1781383958\n|switch|p1a: Qwilfish|Qwilfish, L86, F|91/252\n|-ability|p1a: Qwilfish|Intimidate|boost\n|-unboost|p2a: Reshiram|atk|1\n|turn|13\n|\n|t:|1781383964\n|move|p1a: Qwilfish|Toxic|p2a: Reshiram\n|-status|p2a: Reshiram|tox\n|move|p2a: Reshiram|Earth Power|p1a: Qwilfish\n|-supereffective|p1a: Qwilfish\n|-damage|p1a: Qwilfish|0 fnt\n|faint|p1a: Qwilfish\n|\n|-damage|p2a: Reshiram|181/277 tox|[from] psn\n|upkeep\n|\n|t:|1781383967\n|switch|p1a: Drednaw|Drednaw, L81, M|278/278\n|turn|14\n|\n|t:|1781383971\n|move|p2a: Reshiram|Earth Power|p1a: Drednaw\n|-supereffective|p1a: Drednaw\n|-damage|p1a: Drednaw|76/278\n|move|p1a: Drednaw|Shell Smash|p1a: Drednaw\n|-unboost|p1a: Drednaw|def|1\n|-unboost|p1a: Drednaw|spd|1\n|-boost|p1a: Drednaw|atk|2\n|-boost|p1a: Drednaw|spa|2\n|-boost|p1a: Drednaw|spe|2\n|-enditem|p1a: Drednaw|White Herb\n|-clearnegativeboost|p1a: Drednaw|[silent]\n|\n|-damage|p2a: Reshiram|147/277 tox|[from] psn\n|upkeep\n|turn|15\n|\n|t:|1781383975\n|move|p1a: Drednaw|Liquidation|p2a: Reshiram\n|-damage|p2a: Reshiram|0 fnt\n|faint|p2a: Reshiram\n|\n|win|pukeko_damn\n|raw|pukeko_damn's rating: 1340 &rarr; <strong>1360</strong><br />(+20 for winning)\n|raw|PretzelEra's rating: 1347 &rarr; <strong>1327</strong><br />(-20 for losing)\n|l|\u2606PretzelEra\n|player|p2|\n|c|\u2606pukeko_damn|gg\n", "inputlog": ">version a8376a258c1d4662feba110a92103f3664a72141\n>start {\"formatid\":\"gen9randombattle\",\"seed\":\"sodium,b60ef3a4d37686b1988c1f499d1f55c0\",\"rated\":\"Rated battle\"}\n>player p1 {\"name\":\"pukeko_damn\",\"avatar\":\"fisherman-gen4\",\"rating\":1340,\"seed\":\"sodium,bcebb40af23d1257beb0f496febee9c4\"}\n>player p2 {\"name\":\"PretzelEra\",\"avatar\":\"2\",\"rating\":1347,\"seed\":\"sodium,6e260af94b73c9f345bc17874ca27362\"}\n>p1 move hypnosis\n>p2 move bodypress\n>p1 move nastyplot\n>p2 switch 2\n>p1 move sludgebomb\n>p2 move knockoff\n>p2 switch 6\n>p1 move darkpulse\n>p2 move trick\n>p2 switch 3\n>p1 move sludgebomb\n>p2 move swordsdance terastallize\n>p1 switch 4\n>p2 move closecombat\n>p2 switch 5\n>p1 switch 6\n>p2 move nastyplot\n>p1 move suckerpunch\n>p2 move thunderbolt\n>p2 switch 2\n>p1 move ironhead\n>p2 move rapidspin\n>p1 move ironhead\n>p2 move recover\n>p1 move ironhead\n>p2 move recover\n>p2 switch 4\n>p1 move suckerpunch\n>p2 move earthpower\n>p1 switch 6\n>p1 move toxic\n>p2 move earthpower\n>p1 switch 3\n>p1 move shellsmash\n>p2 move earthpower\n>p1 move liquidation\n>p2 move earthpower", "uploadtime": 1781383980, "views": 14, "formatid": "gen9randombattle", "rating": 1327, "private": 0, "password": null, "player_dets": [{"name": "pukeko_damn", "avatar": "fisherman-gen4", "rating": 1340, "seed": "sodium,bcebb40af23d1257beb0f496febee9c4"}, {"name": "PretzelEra", "avatar": "2", "rating": 1347, "seed": "sodium,6e260af94b73c9f345bc17874ca27362"}], "teams_full": [{"Darkrai": {"name": "Darkrai", "species": "Darkrai", "speciesId": "darkrai", "gender": "N", "shiny": false, "level": 77, "moves": ["sludgebomb", "hypnosis", "nastyplot", "darkpulse"], "ability": "Bad Dreams", "evs": {"hp": 85, "atk": 0, "def": 85, "spa": 85, "spd": 85, "spe": 85}, "ivs": {"hp": 31, "atk": 0, "def": 31, "spa": 31, "spd": 31, "spe": 31}, "item": "Life Orb", "teraType": "Poison", "role": "Setup Sweeper", "bvs": {"hp": 70, "atk": 90, "def": 90, "spa": 135, "spd": 90, "spe": 125}, "stats": {"hp": 234, "atk": 143, "def": 183, "spa": 252, "spd": 183, "spe": 237}}, "Garchomp": {"name": "Garchomp", "species": "Garchomp", "speciesId": "garchomp", "gender": "F", "shiny": false, "level": 74, "moves": ["spikes", "dragontail", "earthquake", "outrage"], "ability": "Rough Skin", "evs": {"hp": 85, "atk": 85, "def": 85, "spa": 85, "spd": 85, "spe": 85}, "ivs": {"hp": 31, "atk": 31, "def": 31, "spa": 31, "spd": 31, "spe": 31}, "item": "Rocky Helmet", "teraType": "Steel", "role": "Fast Support", "bvs": {"hp": 108, "atk": 130, "def": 95, "spa": 80, "spd": 85, "spe": 102}, "stats": {"hp": 282, "atk": 235, "def": 184, "spa": 161, "spd": 169, "spe": 194}}, "Drednaw": {"name": "Drednaw", "species": "Drednaw", "speciesId": "drednaw", "gender": "M", "shiny": false, "level": 81, "moves": ["earthquake", "shellsmash", "liquidation", "stoneedge"], "ability": "Shell Armor", "evs": {"hp": 85, "atk": 85, "def": 85, "spa": 85, "spd": 85, "spe": 85}, "ivs": {"hp": 31, "atk": 31, "def": 31, "spa": 31, "spd": 31, "spe": 31}, "item": "White Herb", "teraType": "Ground", "role": "Fast Bulky Setup", "bvs": {"hp": 90, "atk": 115, "def": 90, "spa": 48, "spd": 68, "spe": 74}, "stats": {"hp": 278, "atk": 233, "def": 192, "spa": 124, "spd": 157, "spe": 167}}, "Qwilfish": {"name": "Qwilfish", "species": "Qwilfish", "speciesId": "qwilfish", "gender": "F", "shiny": false, "level": 86, "moves": ["painsplit", "gunkshot", "flipturn", "toxic"], "ability": "Intimidate", "evs": {"hp": 85, "atk": 85, "def": 85, "spa": 85, "spd": 85, "spe": 85}, "ivs": {"hp": 31, "atk": 31, "def": 31, "spa": 31, "spd": 31, "spe": 31}, "item": "Heavy-Duty Boots", "teraType": "Grass", "role": "Fast Support", "bvs": {"hp": 65, "atk": 95, "def": 85, "spa": 55, "spd": 55, "spe": 85}, "stats": {"hp": 252, "atk": 213, "def": 195, "spa": 144, "spd": 144, "spe": 195}}, "Hitmonlee": {"name": "Hitmonlee", "species": "Hitmonlee", "speciesId": "hitmonlee", "gender": "M", "shiny": false, "level": 85, "moves": ["knockoff", "poisonjab", "swordsdance", "closecombat"], "ability": "Unburden", "evs": {"hp": 85, "atk": 85, "def": 85, "spa": 85, "spd": 85, "spe": 85}, "ivs": {"hp": 31, "atk": 31, "def": 31, "spa": 31, "spd": 31, "spe": 31}, "item": "White Herb", "teraType": "Fighting", "role": "Setup Sweeper", "bvs": {"hp": 50, "atk": 120, "def": 53, "spa": 35, "spd": 110, "spe": 87}, "stats": {"hp": 224, "atk": 253, "def": 139, "spa": 108, "spd": 236, "spe": 197}}, "Bisharp": {"name": "Bisharp", "species": "Bisharp", "speciesId": "bisharp", "gender": "M", "shiny": false, "level": 79, "moves": ["suckerpunch", "ironhead", "stealthrock", "throatchop"], "ability": "Defiant", "evs": {"hp": 85, "atk": 85, "def": 85, "spa": 85, "spd": 85, "spe": 85}, "ivs": {"hp": 31, "atk": 31, "def": 31, "spa": 31, "spd": 31, "spe": 31}, "item": "Eviolite", "teraType": "Ghost", "role": "Bulky Attacker", "bvs": {"hp": 65, "atk": 125, "def": 100, "spa": 60, "spd": 70, "spe": 70}, "stats": {"hp": 232, "atk": 243, "def": 204, "spa": 140, "spd": 156, "spe": 156}}}, {"Avalugg": {"name": "Avalugg", "species": "Avalugg", "speciesId": "avalugg", "gender": "M", "shiny": false, "level": 88, "moves": ["avalanche", "rapidspin", "bodypress", "recover"], "ability": "Sturdy", "evs": {"hp": 85, "atk": 85, "def": 85, "spa": 85, "spd": 85, "spe": 85}, "ivs": {"hp": 31, "atk": 31, "def": 31, "spa": 31, "spd": 31, "spe": 31}, "item": "Heavy-Duty Boots", "teraType": "Fighting", "role": "Bulky Support", "bvs": {"hp": 95, "atk": 117, "def": 184, "spa": 44, "spd": 46, "spe": 28}, "stats": {"hp": 310, "atk": 256, "def": 374, "spa": 128, "spd": 131, "spe": 100}}, "Wigglytuff": {"name": "Wigglytuff", "species": "Wigglytuff", "speciesId": "wigglytuff", "gender": "F", "shiny": false, "level": 96, "moves": ["alluringvoice", "knockoff", "wish", "protect"], "ability": "Competitive", "evs": {"hp": 85, "atk": 85, "def": 85, "spa": 85, "spd": 85, "spe": 85}, "ivs": {"hp": 31, "atk": 31, "def": 31, "spa": 31, "spd": 31, "spe": 31}, "item": "Leftovers", "teraType": "Poison", "role": "Bulky Support", "bvs": {"hp": 140, "atk": 70, "def": 45, "spa": 85, "spd": 50, "spe": 45}, "stats": {"hp": 424, "atk": 189, "def": 141, "spa": 218, "spd": 150, "spe": 141}}, "Blaziken": {"name": "Blaziken", "species": "Blaziken", "speciesId": "blaziken", "gender": "F", "shiny": false, "level": 76, "moves": ["swordsdance", "stoneedge", "closecombat", "flareblitz"], "ability": "Speed Boost", "evs": {"hp": 85, "atk": 85, "def": 85, "spa": 85, "spd": 85, "spe": 85}, "ivs": {"hp": 31, "atk": 31, "def": 31, "spa": 31, "spd": 31, "spe": 31}, "item": "Life Orb", "teraType": "Fighting", "role": "Setup Sweeper", "bvs": {"hp": 80, "atk": 120, "def": 70, "spa": 110, "spd": 70, "spe": 80}, "stats": {"hp": 247, "atk": 226, "def": 150, "spa": 211, "spd": 150, "spe": 166}}, "Reshiram": {"name": "Reshiram", "species": "Reshiram", "speciesId": "reshiram", "gender": "N", "shiny": false, "level": 76, "moves": ["earthpower", "dracometeor", "blueflare", "dragontail"], "ability": "Turboblaze", "evs": {"hp": 85, "atk": 85, "def": 85, "spa": 85, "spd": 85, "spe": 85}, "ivs": {"hp": 31, "atk": 31, "def": 31, "spa": 31, "spd": 31, "spe": 31}, "item": "Heavy-Duty Boots", "teraType": "Ground", "role": "Fast Attacker", "bvs": {"hp": 100, "atk": 120, "def": 100, "spa": 150, "spd": 120, "spe": 90}, "stats": {"hp": 277, "atk": 226, "def": 196, "spa": 272, "spd": 226, "spe": 181}}, "Raichu": {"name": "Raichu", "species": "Raichu-Alola", "speciesId": "raichualola", "gender": "F", "shiny": false, "level": 87, "moves": ["nastyplot", "thunderbolt", "psyshock", "surf"], "ability": "Surge Surfer", "evs": {"hp": 85, "atk": 0, "def": 85, "spa": 85, "spd": 85, "spe": 85}, "ivs": {"hp": 31, "atk": 0, "def": 31, "spa": 31, "spd": 31, "spe": 31}, "item": "Life Orb", "teraType": "Water", "role": "Setup Sweeper", "bvs": {"hp": 60, "atk": 85, "def": 50, "spa": 95, "spd": 85, "spe": 110}, "stats": {"hp": 246, "atk": 152, "def": 137, "spa": 215, "spd": 198, "spe": 241}}, "Medicham": {"name": "Medicham", "species": "Medicham", "speciesId": "medicham", "gender": "M", "shiny": false, "level": 86, "moves": ["closecombat", "trick", "zenheadbutt", "bulletpunch"], "ability": "Pure Power", "evs": {"hp": 85, "atk": 85, "def": 85, "spa": 85, "spd": 85, "spe": 85}, "ivs": {"hp": 31, "atk": 31, "def": 31, "spa": 31, "spd": 31, "spe": 31}, "item": "Choice Band", "teraType": "Fighting", "role": "Fast Attacker", "bvs": {"hp": 60, "atk": 60, "def": 75, "spa": 60, "spd": 75, "spe": 80}, "stats": {"hp": 243, "atk": 152, "def": 178, "spa": 152, "spd": 178, "spe": 187}}}]}