{"id": "gen9randombattle-2631729021", "format": "[Gen 9] Random Battle", "players": ["xbox350", "AlakazamHer"], "log": "|j|\u2606xbox350\n|j|\u2606AlakazamHer\n|t:|1781429820\n|gametype|singles\n|player|p1|xbox350|schoolkid-gen4|2072\n|player|p2|AlakazamHer|170|2045\n|gen|9\n|tier|[Gen 9] Random Battle\n|rated|\n|rule|Species Clause: Limit one of each Pok\u00e9mon\n|rule|HP Percentage Mod: HP is shown in percentages\n|rule|Sleep Clause Mod: Limit one foe put to sleep\n|rule|Illusion Level Mod: Illusion disguises the Pok\u00e9mon's true level\n|\n|t:|1781429820\n|teamsize|p1|6\n|teamsize|p2|6\n|start\n|switch|p1a: Samurott|Samurott-Hisui, L77, M|265/265\n|switch|p2a: Piloswine|Piloswine, L85, M|309/309\n|turn|1\n|inactive|Battle timer is ON: inactive players will automatically lose when time's up. (requested by xbox350)\n|\n|t:|1781429829\n|switch|p2a: Leavanny|Leavanny, L86, M|269/269\n|move|p1a: Samurott|Ceaseless Edge|p2a: Leavanny\n|-damage|p2a: Leavanny|144/269\n|-sidestart|p2: AlakazamHer|Spikes\n|-damage|p1a: Samurott|239/265|[from] item: Life Orb\n|\n|upkeep\n|turn|2\n|\n|t:|1781429835\n|switch|p1a: Scizor|Scizor, L79, F|240/240\n|move|p2a: Leavanny|Sticky Web|p1a: Scizor\n|-sidestart|p1: xbox350|move: Sticky Web\n|\n|upkeep\n|turn|3\n|\n|t:|1781429841\n|move|p2a: Leavanny|Knock Off|p1a: Scizor\n|-crit|p1a: Scizor\n|-damage|p1a: Scizor|135/240\n|-enditem|p1a: Scizor|Choice Band|[from] move: Knock Off|[of] p2a: Leavanny\n|move|p1a: Scizor|U-turn|p2a: Leavanny\n|-supereffective|p2a: Leavanny\n|-damage|p2a: Leavanny|0 fnt\n|faint|p2a: Leavanny\n|\n|t:|1781429850\n|switch|p1a: Samurott|Samurott-Hisui, L77, M|239/265|[from] U-turn\n|-activate|p1a: Samurott|move: Sticky Web\n|-unboost|p1a: Samurott|spe|1\n|\n|upkeep\n|\n|t:|1781429854\n|switch|p2a: Morpeko|Morpeko, L88, F|245/245\n|-damage|p2a: Morpeko|215/245|[from] Spikes\n|turn|4\n|\n|t:|1781429859\n|switch|p1a: Thundurus|Thundurus-Therian, L80, M|258/258\n|move|p2a: Morpeko|Rapid Spin|p1a: Thundurus\n|-damage|p1a: Thundurus|212/258\n|-boost|p2a: Morpeko|spe|1\n|-sideend|p2: AlakazamHer|Spikes|[from] move: Rapid Spin|[of] p2a: Morpeko\n|\n|-heal|p2a: Morpeko|230/245|[from] item: Leftovers\n|-formechange|p2a: Morpeko|Morpeko-Hangry||[from] ability: Hunger Switch\n|upkeep\n|turn|5\n|\n|t:|1781429866\n|switch|p2a: Piloswine|Piloswine, L85, M|309/309\n|move|p1a: Thundurus|Focus Blast|p2a: Piloswine\n|-supereffective|p2a: Piloswine\n|-damage|p2a: Piloswine|129/309\n|\n|upkeep\n|turn|6\n|\n|t:|1781429872\n|move|p1a: Thundurus|Focus Blast|p2a: Piloswine\n|-supereffective|p2a: Piloswine\n|-damage|p2a: Piloswine|0 fnt\n|faint|p2a: Piloswine\n|\n|upkeep\n|\n|t:|1781429874\n|switch|p2a: Armarouge|Armarouge, L80, M|267/267\n|turn|7\n|\n|t:|1781429885\n|switch|p1a: Entei|Entei, L78|307/307\n|-activate|p1a: Entei|move: Sticky Web\n|-unboost|p1a: Entei|spe|1\n|move|p2a: Armarouge|Armor Cannon|p1a: Entei\n|-resisted|p1a: Entei\n|-damage|p1a: Entei|175/307\n|-unboost|p2a: Armarouge|def|1\n|-unboost|p2a: Armarouge|spd|1\n|\n|upkeep\n|turn|8\n|\n|t:|1781429900\n|switch|p2a: Golduck|Golduck, L90, F|290/290\n|-ability|p2a: Golduck|Cloud Nine\n|move|p1a: Entei|Stomping Tantrum|p2a: Golduck\n|-damage|p2a: Golduck|207/290\n|\n|upkeep\n|turn|9\n|\n|t:|1781429911\n|move|p2a: Golduck|Hydro Pump|p1a: Entei\n|-supereffective|p1a: Entei\n|-damage|p1a: Entei|0 fnt\n|faint|p1a: Entei\n|\n|upkeep\n|\n|t:|1781429914\n|switch|p1a: Samurott|Samurott-Hisui, L77, M|239/265\n|-activate|p1a: Samurott|move: Sticky Web\n|-unboost|p1a: Samurott|spe|1\n|turn|10\n|\n|t:|1781429918\n|switch|p2a: Morpeko|Morpeko, L88, F|230/245\n|move|p1a: Samurott|Ceaseless Edge|p2a: Morpeko\n|-resisted|p2a: Morpeko\n|-damage|p2a: Morpeko|156/245\n|-sidestart|p2: AlakazamHer|Spikes\n|-damage|p1a: Samurott|213/265|[from] item: Life Orb\n|\n|-heal|p2a: Morpeko|171/245|[from] item: Leftovers\n|-formechange|p2a: Morpeko|Morpeko-Hangry||[from] ability: Hunger Switch\n|upkeep\n|turn|11\n|\n|t:|1781429922\n|move|p2a: Morpeko|Rapid Spin|p1a: Samurott\n|-damage|p1a: Samurott|165/265\n|-boost|p2a: Morpeko|spe|1\n|-sideend|p2: AlakazamHer|Spikes|[from] move: Rapid Spin|[of] p2a: Morpeko\n|move|p1a: Samurott|Razor Shell|p2a: Morpeko\n|-damage|p2a: Morpeko|6/245\n|-unboost|p2a: Morpeko|def|1\n|-damage|p1a: Samurott|139/265|[from] item: Life Orb\n|\n|-heal|p2a: Morpeko|21/245|[from] item: Leftovers\n|-formechange|p2a: Morpeko|Morpeko||[from] ability: Hunger Switch\n|upkeep\n|turn|12\n|\n|t:|1781429927\n|move|p1a: Samurott|Sucker Punch|p2a: Morpeko\n|-resisted|p2a: Morpeko\n|-damage|p2a: Morpeko|0 fnt\n|faint|p2a: Morpeko\n|-damage|p1a: Samurott|113/265|[from] item: Life Orb\n|\n|upkeep\n|\n|t:|1781429938\n|switch|p2a: Plusle|Plusle, L95, F|268/268\n|turn|13\n|\n|t:|1781429942\n|move|p2a: Plusle|Alluring Voice|p1a: Samurott\n|-supereffective|p1a: Samurott\n|-damage|p1a: Samurott|0 fnt\n|faint|p1a: Samurott\n|-damage|p2a: Plusle|242/268|[from] item: Life Orb\n|\n|upkeep\n|\n|t:|1781429946\n|switch|p1a: Mismagius|Mismagius, L86, F|243/243\n|turn|14\n|\n|t:|1781429953\n|move|p2a: Plusle|Nasty Plot|p2a: Plusle\n|-boost|p2a: Plusle|spa|2\n|move|p1a: Mismagius|Shadow Ball|p2a: Plusle\n|-damage|p2a: Plusle|109/268\n|-damage|p1a: Mismagius|219/243|[from] item: Life Orb\n|\n|upkeep\n|turn|15\n|\n|t:|1781429968\n|move|p2a: Plusle|Thunderbolt|p1a: Mismagius\n|-damage|p1a: Mismagius|0 fnt\n|faint|p1a: Mismagius\n|-damage|p2a: Plusle|83/268|[from] item: Life Orb\n|\n|upkeep\n|\n|t:|1781429972\n|switch|p1a: Thundurus|Thundurus-Therian, L80, M|212/258\n|turn|16\n|\n|t:|1781429976\n|move|p1a: Thundurus|Psychic|p2a: Plusle\n|-damage|p2a: Plusle|2/268\n|move|p2a: Plusle|Alluring Voice|p1a: Thundurus\n|-damage|p1a: Thundurus|25/258\n|-damage|p2a: Plusle|0 fnt|[from] item: Life Orb\n|faint|p2a: Plusle\n|\n|upkeep\n|\n|t:|1781429998\n|switch|p2a: Armarouge|Armarouge, L80, M|267/267\n|turn|17\n|\n|t:|1781430017\n|switch|p1a: Hatterene|Hatterene, L85, F|236/236\n|-activate|p1a: Hatterene|move: Sticky Web\n|-unboost|p1a: Hatterene|spe|1\n|move|p2a: Armarouge|Armor Cannon|p1a: Hatterene\n|-damage|p1a: Hatterene|103/236\n|-unboost|p2a: Armarouge|def|1\n|-unboost|p2a: Armarouge|spd|1\n|\n|upkeep\n|turn|18\n|\n|t:|1781430037\n|move|p2a: Armarouge|Armor Cannon|p1a: Hatterene\n|-damage|p1a: Hatterene|0 fnt\n|-unboost|p2a: Armarouge|def|1\n|-unboost|p2a: Armarouge|spd|1\n|faint|p1a: Hatterene\n|\n|upkeep\n|\n|t:|1781430045\n|switch|p1a: Thundurus|Thundurus-Therian, L80, M|25/258\n|turn|19\n|inactive|AlakazamHer has 120 seconds left.\n|inactive|AlakazamHer has 90 seconds left.\n|\n|t:|1781430110\n|switch|p2a: Golduck|Golduck, L90, F|207/290\n|-ability|p2a: Golduck|Cloud Nine\n|move|p1a: Thundurus|Volt Switch|p2a: Golduck\n|-supereffective|p2a: Golduck\n|-damage|p2a: Golduck|3/290\n|\n|t:|1781430114\n|switch|p1a: Scizor|Scizor, L79, F|135/240|[from] Volt Switch\n|-activate|p1a: Scizor|move: Sticky Web\n|-unboost|p1a: Scizor|spe|1\n|\n|upkeep\n|turn|20\n|inactive|AlakazamHer has 90 seconds left.\n|\n|t:|1781430130\n|move|p2a: Golduck|Hydro Pump|p1a: Scizor\n|-crit|p1a: Scizor\n|-damage|p1a: Scizor|0 fnt\n|faint|p1a: Scizor\n|\n|upkeep\n|\n|t:|1781430133\n|switch|p1a: Thundurus|Thundurus-Therian, L80, M|25/258\n|turn|21\n|\n|t:|1781430135\n|move|p1a: Thundurus|Thunderbolt|p2a: Golduck\n|-supereffective|p2a: Golduck\n|-damage|p2a: Golduck|0 fnt\n|faint|p2a: Golduck\n|\n|upkeep\n|\n|t:|1781430136\n|switch|p2a: Armarouge|Armarouge, L80, M|267/267\n|turn|22\n|\n|t:|1781430139\n|-terastallize|p2a: Armarouge|Grass\n|move|p1a: Thundurus|Thunderbolt|p2a: Armarouge\n|-resisted|p2a: Armarouge\n|-damage|p2a: Armarouge|196/267\n|move|p2a: Armarouge|Armor Cannon|p1a: Thundurus\n|-damage|p1a: Thundurus|0 fnt\n|-unboost|p2a: Armarouge|def|1\n|-unboost|p2a: Armarouge|spd|1\n|faint|p1a: Thundurus\n|\n|win|AlakazamHer\n|raw|xbox350's rating: 2072 &rarr; <strong>2050</strong><br />(-22 for losing)\n|raw|AlakazamHer's rating: 2045 &rarr; <strong>2067</strong><br />(+22 for winning)\n", "inputlog": ">version a8376a258c1d4662feba110a92103f3664a72141\n>start {\"formatid\":\"gen9randombattle\",\"seed\":\"sodium,2b63c1e6cdb00b7d1266564b25cdf78a\",\"rated\":\"Rated battle\"}\n>player p1 {\"name\":\"xbox350\",\"avatar\":\"schoolkid-gen4\",\"rating\":2072,\"seed\":\"sodium,cd1f05cdd9b374dd35ddb518997db884\"}\n>player p2 {\"name\":\"AlakazamHer\",\"avatar\":\"170\",\"rating\":2045,\"seed\":\"sodium,6680890dc51cc77c02a76e8f349cf77a\"}\n>p1 move ceaselessedge\n>p2 switch 4\n>p1 switch 5\n>p2 move stickyweb\n>p1 move uturn\n>p2 move knockoff\n>p1 switch 5\n>p2 switch 6\n>p1 switch 4\n>p2 move rapidspin\n>p1 move focusblast\n>p2 switch 4\n>p1 move focusblast\n>p2 move stealthrock\n>p2 switch 3\n>p1 switch 3\n>p2 move armorcannon\n>p1 move stompingtantrum\n>p2 switch 5\n>p1 move stompingtantrum\n>p2 move hydropump\n>p1 switch 4\n>p1 move ceaselessedge\n>p2 switch 4\n>p1 move razorshell\n>p2 move rapidspin\n>p1 move suckerpunch\n>p2 move knockoff\n>p2 switch 2\n>p1 move ceaselessedge\n>p2 move alluringvoice\n>p1 switch 6\n>p1 move shadowball\n>p2 move nastyplot\n>p1 move shadowball\n>p2 move thunderbolt\n>p1 switch 3\n>p1 move psychic\n>p2 move alluringvoice\n>p2 switch 5\n>p1 switch 2\n>p2 move armorcannon\n>p1 move nuzzle\n>p2 move armorcannon\n>p1 switch 2\n>p1 move voltswitch\n>p2 switch 4\n>p1 switch 5\n>p1 move knockoff\n>p2 move hydropump\n>p1 switch 5\n>p1 move thunderbolt\n>p2 move hydropump\n>p2 switch 4\n>p1 move thunderbolt\n>p2 move armorcannon terastallize", "uploadtime": 1781429822, "views": 7, "formatid": "gen9randombattle", "rating": 2050, "private": 0, "password": null, "player_dets": [{"name": "xbox350", "avatar": "schoolkid-gen4", "rating": 2072, "seed": "sodium,cd1f05cdd9b374dd35ddb518997db884"}, {"name": "AlakazamHer", "avatar": "170", "rating": 2045, "seed": "sodium,6680890dc51cc77c02a76e8f349cf77a"}], "teams_full": [{"Samurott": {"name": "Samurott", "species": "Samurott-Hisui", "speciesId": "samurotthisui", "gender": "M", "shiny": false, "level": 77, "moves": ["suckerpunch", "swordsdance", "razorshell", "ceaselessedge"], "ability": "Sharpness", "evs": {"hp": 85, "atk": 85, "def": 85, "spa": 85, "spd": 85, "spe": 85}, "ivs": {"hp": 31, "atk": 31, "def": 31, "spa": 31, "spd": 31, "spe": 31}, "item": "Life Orb", "teraType": "Water", "role": "Fast Attacker", "bvs": {"hp": 90, "atk": 108, "def": 80, "spa": 100, "spd": 65, "spe": 85}, "stats": {"hp": 265, "atk": 211, "def": 168, "spa": 199, "spd": 145, "spe": 175}}, "Hatterene": {"name": "Hatterene", "species": "Hatterene", "speciesId": "hatterene", "gender": "F", "shiny": false, "level": 85, "moves": ["mysticalfire", "nuzzle", "psychic", "drainingkiss"], "ability": "Magic Bounce", "evs": {"hp": 85, "atk": 85, "def": 85, "spa": 85, "spd": 85, "spe": 85}, "ivs": {"hp": 31, "atk": 31, "def": 31, "spa": 31, "spd": 31, "spe": 31}, "item": "Assault Vest", "teraType": "Fairy", "role": "AV Pivot", "bvs": {"hp": 57, "atk": 90, "def": 95, "spa": 136, "spd": 103, "spe": 29}, "stats": {"hp": 236, "atk": 202, "def": 210, "spa": 280, "spd": 224, "spe": 98}}, "Entei": {"name": "Entei", "species": "Entei", "speciesId": "entei", "gender": "N", "shiny": false, "level": 78, "moves": ["flareblitz", "extremespeed", "stompingtantrum", "sacredfire"], "ability": "Inner Focus", "evs": {"hp": 85, "atk": 85, "def": 85, "spa": 85, "spd": 85, "spe": 85}, "ivs": {"hp": 31, "atk": 31, "def": 31, "spa": 31, "spd": 31, "spe": 31}, "item": "Choice Band", "teraType": "Fire", "role": "Wallbreaker", "bvs": {"hp": 115, "atk": 115, "def": 85, "spa": 90, "spd": 75, "spe": 100}, "stats": {"hp": 307, "atk": 224, "def": 178, "spa": 185, "spd": 162, "spe": 201}}, "Thundurus": {"name": "Thundurus", "species": "Thundurus-Therian", "speciesId": "thundurustherian", "gender": "M", "shiny": false, "level": 80, "moves": ["focusblast", "thunderbolt", "voltswitch", "psychic"], "ability": "Volt Absorb", "evs": {"hp": 85, "atk": 0, "def": 85, "spa": 85, "spd": 85, "spe": 85}, "ivs": {"hp": 31, "atk": 0, "def": 31, "spa": 31, "spd": 31, "spe": 31}, "item": "Choice Scarf", "teraType": "Psychic", "role": "Fast Attacker", "bvs": {"hp": 79, "atk": 105, "def": 70, "spa": 145, "spd": 80, "spe": 101}, "stats": {"hp": 258, "atk": 173, "def": 158, "spa": 278, "spd": 174, "spe": 208}}, "Scizor": {"name": "Scizor", "species": "Scizor", "speciesId": "scizor", "gender": "F", "shiny": false, "level": 79, "moves": ["closecombat", "knockoff", "uturn", "bulletpunch"], "ability": "Technician", "evs": {"hp": 85, "atk": 85, "def": 85, "spa": 85, "spd": 85, "spe": 85}, "ivs": {"hp": 31, "atk": 31, "def": 31, "spa": 31, "spd": 31, "spe": 31}, "item": "Choice Band", "teraType": "Steel", "role": "Wallbreaker", "bvs": {"hp": 70, "atk": 130, "def": 100, "spa": 55, "spd": 80, "spe": 65}, "stats": {"hp": 240, "atk": 251, "def": 204, "spa": 132, "spd": 172, "spe": 148}}, "Mismagius": {"name": "Mismagius", "species": "Mismagius", "speciesId": "mismagius", "gender": "F", "shiny": false, "level": 86, "moves": ["nastyplot", "dazzlinggleam", "shadowball", "mysticalfire"], "ability": "Levitate", "evs": {"hp": 85, "atk": 0, "def": 85, "spa": 85, "spd": 85, "spe": 85}, "ivs": {"hp": 31, "atk": 0, "def": 31, "spa": 31, "spd": 31, "spe": 31}, "item": "Life Orb", "teraType": "Fairy", "role": "Setup Sweeper", "bvs": {"hp": 60, "atk": 60, "def": 60, "spa": 105, "spd": 105, "spe": 105}, "stats": {"hp": 243, "atk": 108, "def": 152, "spa": 230, "spd": 230, "spe": 230}}}, {"Piloswine": {"name": "Piloswine", "species": "Piloswine", "speciesId": "piloswine", "gender": "M", "shiny": false, "level": 85, "moves": ["stealthrock", "earthquake", "iciclecrash", "roar"], "ability": "Thick Fat", "evs": {"hp": 85, "atk": 85, "def": 85, "spa": 85, "spd": 85, "spe": 85}, "ivs": {"hp": 31, "atk": 31, "def": 31, "spa": 31, "spd": 31, "spe": 31}, "item": "Eviolite", "teraType": "Dragon", "role": "Bulky Support", "bvs": {"hp": 100, "atk": 100, "def": 80, "spa": 60, "spd": 60, "spe": 50}, "stats": {"hp": 309, "atk": 219, "def": 185, "spa": 151, "spd": 151, "spe": 134}}, "Plusle": {"name": "Plusle", "species": "Plusle", "speciesId": "plusle", "gender": "F", "shiny": false, "level": 95, "moves": ["grassknot", "nastyplot", "alluringvoice", "thunderbolt"], "ability": "Lightning Rod", "evs": {"hp": 85, "atk": 0, "def": 85, "spa": 85, "spd": 85, "spe": 85}, "ivs": {"hp": 31, "atk": 0, "def": 31, "spa": 31, "spd": 31, "spe": 31}, "item": "Life Orb", "teraType": "Fairy", "role": "Setup Sweeper", "bvs": {"hp": 60, "atk": 50, "def": 40, "spa": 85, "spd": 75, "spe": 95}, "stats": {"hp": 268, "atk": 100, "def": 130, "spa": 215, "spd": 196, "spe": 234}}, "Armarouge": {"name": "Armarouge", "species": "Armarouge", "speciesId": "armarouge", "gender": "M", "shiny": false, "level": 80, "moves": ["psyshock", "armorcannon", "energyball", "aurasphere"], "ability": "Weak Armor", "evs": {"hp": 85, "atk": 0, "def": 85, "spa": 85, "spd": 85, "spe": 85}, "ivs": {"hp": 31, "atk": 0, "def": 31, "spa": 31, "spd": 31, "spe": 31}, "item": "Choice Specs", "teraType": "Grass", "role": "Wallbreaker", "bvs": {"hp": 85, "atk": 60, "def": 100, "spa": 125, "spd": 80, "spe": 75}, "stats": {"hp": 267, "atk": 101, "def": 206, "spa": 246, "spd": 174, "spe": 166}}, "Leavanny": {"name": "Leavanny", "species": "Leavanny", "speciesId": "leavanny", "gender": "M", "shiny": false, "level": 86, "moves": ["knockoff", "stickyweb", "bulletseed", "tripleaxel"], "ability": "Chlorophyll", "evs": {"hp": 85, "atk": 85, "def": 85, "spa": 85, "spd": 85, "spe": 85}, "ivs": {"hp": 31, "atk": 31, "def": 31, "spa": 31, "spd": 31, "spe": 31}, "item": "Loaded Dice", "teraType": "Ghost", "role": "Fast Attacker", "bvs": {"hp": 75, "atk": 103, "def": 80, "spa": 70, "spd": 80, "spe": 92}, "stats": {"hp": 269, "atk": 226, "def": 187, "spa": 170, "spd": 187, "spe": 207}}, "Golduck": {"name": "Golduck", "species": "Golduck", "speciesId": "golduck", "gender": "F", "shiny": false, "level": 90, "moves": ["hydropump", "flipturn", "icebeam", "grassknot"], "ability": "Cloud Nine", "evs": {"hp": 85, "atk": 85, "def": 85, "spa": 85, "spd": 85, "spe": 85}, "ivs": {"hp": 31, "atk": 31, "def": 31, "spa": 31, "spd": 31, "spe": 31}, "item": "Choice Specs", "teraType": "Grass", "role": "Fast Attacker", "bvs": {"hp": 80, "atk": 82, "def": 78, "spa": 95, "spd": 80, "spe": 85}, "stats": {"hp": 290, "atk": 199, "def": 192, "spa": 222, "spd": 195, "spe": 204}}, "Morpeko": {"name": "Morpeko", "species": "Morpeko", "speciesId": "morpeko", "gender": "F", "shiny": false, "level": 88, "moves": ["knockoff", "protect", "rapidspin", "aurawheel"], "ability": "Hunger Switch", "evs": {"hp": 85, "atk": 85, "def": 85, "spa": 85, "spd": 85, "spe": 85}, "ivs": {"hp": 31, "atk": 31, "def": 31, "spa": 31, "spd": 31, "spe": 31}, "item": "Leftovers", "teraType": "Electric", "role": "Bulky Attacker", "bvs": {"hp": 58, "atk": 95, "def": 58, "spa": 70, "spd": 58, "spe": 97}, "stats": {"hp": 245, "atk": 217, "def": 152, "spa": 173, "spd": 152, "spe": 221}}}]}