{"id": "gen9randombattle-2631892980", "format": "[Gen 9] Random Battle", "players": ["debtdue", "JustHaxRelax"], "log": "|badge|p1|bronze|gen9randombattle|100-9\n|uhtml|medal-msg|<div class=\"broadcast-blue\">Curious what those medals under the avatar are? PS now has Ladder Seasons! For more information, check out the <a href=\"https://www.smogon.com/forums/threads/3740067/\">thread on Smogon.</a></div>\n|j|\u2606debtdue\n|j|\u2606JustHaxRelax\n|t:|1781452795\n|gametype|singles\n|player|p1|debtdue|gentleman-gen4dp|2323\n|player|p2|JustHaxRelax|169|2282\n|gen|9\n|tier|[Gen 9] Random Battle\n|rated|\n|rule|Species Clause: Limit one of each Pok\u00e9mon\n|rule|HP Percentage Mod: HP is shown in percentages\n|rule|Sleep Clause Mod: Limit one foe put to sleep\n|rule|Illusion Level Mod: Illusion disguises the Pok\u00e9mon's true level\n|\n|t:|1781452795\n|teamsize|p1|6\n|teamsize|p2|6\n|start\n|switch|p1a: Staraptor|Staraptor, L79, F|263/263\n|switch|p2a: Meloetta|Meloetta, L82|298/298\n|turn|1\n|\n|t:|1781452830\n|move|p1a: Staraptor|U-turn|p2a: Meloetta\n|-supereffective|p2a: Meloetta\n|-damage|p2a: Meloetta|114/298\n|\n|t:|1781452833\n|switch|p1a: Cyclizar|Cyclizar, L83, F|252/252|[from] U-turn\n|move|p2a: Meloetta|Hyper Voice|p1a: Cyclizar\n|-damage|p1a: Cyclizar|117/252\n|\n|-heal|p2a: Meloetta|132/298|[from] item: Leftovers\n|upkeep\n|turn|2\n|j| wistwind\n|\n|t:|1781452848\n|move|p1a: Cyclizar|Knock Off|p2a: Meloetta\n|-supereffective|p2a: Meloetta\n|-damage|p2a: Meloetta|0 fnt\n|-enditem|p2a: Meloetta|Leftovers|[from] move: Knock Off|[of] p1a: Cyclizar\n|faint|p2a: Meloetta\n|\n|upkeep\n|\n|t:|1781452859\n|switch|p2a: Dragapult|Dragapult, L77, M|262/262\n|turn|3\n|\n|t:|1781452865\n|switch|p1a: Ribombee|Ribombee, L83, F|235/235\n|move|p2a: Dragapult|Dragon Dance|p2a: Dragapult\n|-boost|p2a: Dragapult|atk|1\n|-boost|p2a: Dragapult|spe|1\n|\n|upkeep\n|turn|4\n|\n|t:|1781452882\n|move|p2a: Dragapult|Fire Blast|p1a: Ribombee\n|-supereffective|p1a: Ribombee\n|-damage|p1a: Ribombee|19/235\n|-damage|p2a: Dragapult|236/262|[from] item: Life Orb\n|move|p1a: Ribombee|Stun Spore|p2a: Dragapult\n|-status|p2a: Dragapult|par\n|\n|upkeep\n|turn|5\n|\n|t:|1781452888\n|switch|p1a: Garganacl|Garganacl, L80, F|291/291\n|move|p2a: Dragapult|Tera Blast|p1a: Garganacl\n|-resisted|p1a: Garganacl\n|-damage|p1a: Garganacl|257/291\n|-damage|p2a: Dragapult|210/262 par|[from] item: Life Orb\n|\n|-heal|p1a: Garganacl|275/291|[from] item: Leftovers\n|upkeep\n|turn|6\n|\n|t:|1781452892\n|move|p2a: Dragapult|Dragon Darts|p1a: Garganacl\n|-damage|p1a: Garganacl|192/291\n|-anim|p2a: Dragapult|Dragon Darts|p1a: Garganacl\n|-damage|p1a: Garganacl|105/291\n|-damage|p2a: Dragapult|184/262 par|[from] item: Life Orb\n|move|p1a: Garganacl|Salt Cure|p2a: Dragapult\n|-damage|p2a: Dragapult|133/262 par\n|-start|p2a: Dragapult|Salt Cure\n|\n|-heal|p1a: Garganacl|123/291|[from] item: Leftovers\n|-damage|p2a: Dragapult|101/262 par|[from] Salt Cure\n|upkeep\n|turn|7\n|\n|t:|1781452898\n|switch|p1a: Ribombee|Ribombee, L83, F|19/235\n|cant|p2a: Dragapult|par\n|\n|-damage|p2a: Dragapult|69/262 par|[from] Salt Cure\n|upkeep\n|turn|8\n|\n|t:|1781452900\n|move|p1a: Ribombee|Sticky Web|p2a: Dragapult\n|-sidestart|p2: JustHaxRelax|move: Sticky Web\n|move|p2a: Dragapult|Tera Blast|p1a: Ribombee\n|-damage|p1a: Ribombee|0 fnt\n|faint|p1a: Ribombee\n|-damage|p2a: Dragapult|43/262 par|[from] item: Life Orb\n|\n|-damage|p2a: Dragapult|11/262 par|[from] Salt Cure\n|upkeep\n|\n|t:|1781452905\n|switch|p1a: Cyclizar|Cyclizar, L83, F|201/252\n|turn|9\n|\n|t:|1781452912\n|move|p1a: Cyclizar|Knock Off|p2a: Dragapult\n|-supereffective|p2a: Dragapult\n|-damage|p2a: Dragapult|0 fnt\n|-enditem|p2a: Dragapult|Life Orb|[from] move: Knock Off|[of] p1a: Cyclizar\n|faint|p2a: Dragapult\n|\n|upkeep\n|\n|t:|1781452915\n|switch|p2a: Sylveon|Sylveon, L85, F|300/300\n|-activate|p2a: Sylveon|move: Sticky Web\n|-unboost|p2a: Sylveon|spe|1\n|turn|10\n|\n|t:|1781452919\n|move|p1a: Cyclizar|Shed Tail|p1a: Cyclizar\n|-start|p1a: Cyclizar|Substitute|[from] move: Shed Tail\n|-damage|p1a: Cyclizar|75/252\n|\n|t:|1781452923\n|switch|p1a: Seviper|Seviper, L93, M|287/287|[from] Shed Tail\n|move|p2a: Sylveon|Hyper Voice|p1a: Seviper\n|-resisted|p1a: Seviper\n|-damage|p1a: Seviper|212/287\n|\n|-heal|p1a: Seviper|229/287|[from] item: Leftovers\n|upkeep\n|turn|11\n|-message|JustHaxRelax forfeited.\n|\n|win|debtdue\n", "inputlog": ">version a8376a258c1d4662feba110a92103f3664a72141\n>start {\"formatid\":\"gen9randombattle\",\"seed\":\"sodium,405ee7a7c5639517346d9d9e6f6a6e45\",\"rated\":\"Rated battle\"}\n>player p1 {\"name\":\"debtdue\",\"avatar\":\"gentleman-gen4dp\",\"rating\":2323,\"seed\":\"sodium,f2c140f2b6ca023198a0e93f32351aa7\"}\n>player p2 {\"name\":\"JustHaxRelax\",\"avatar\":\"169\",\"rating\":2282,\"seed\":\"sodium,8ea1b61bd18c1d69aa73a92284d422d5\"}\n>p1 move uturn\n>p2 move hypervoice\n>p1 switch 4\n>p1 move knockoff\n>p2 move hypervoice\n>p2 switch 6\n>p1 switch 3\n>p2 move dragondance\n>p1 move stunspore\n>p2 move fireblast\n>p1 switch 6\n>p2 move terablast\n>p1 move saltcure\n>p2 move dragondarts\n>p1 switch 6\n>p2 move dragondarts\n>p1 move stickyweb\n>p2 move terablast\n>p1 switch 3\n>p1 move knockoff\n>p2 move dragondarts\n>p2 switch 5\n>p1 move shedtail\n>p2 move hypervoice\n>p1 switch 5\n>forcelose p2", "uploadtime": 1781452797, "views": 5, "formatid": "gen9randombattle", "rating": null, "private": 0, "password": null, "player_dets": [{"name": "debtdue", "avatar": "gentleman-gen4dp", "rating": 2323, "seed": "sodium,f2c140f2b6ca023198a0e93f32351aa7"}, {"name": "JustHaxRelax", "avatar": "169", "rating": 2282, "seed": "sodium,8ea1b61bd18c1d69aa73a92284d422d5"}], "teams_full": [{"Staraptor": {"name": "Staraptor", "species": "Staraptor", "speciesId": "staraptor", "gender": "F", "shiny": false, "level": 79, "moves": ["bravebird", "doubleedge", "closecombat", "uturn"], "ability": "Reckless", "evs": {"hp": 81, "atk": 85, "def": 85, "spa": 85, "spd": 85, "spe": 85}, "ivs": {"hp": 31, "atk": 31, "def": 31, "spa": 31, "spd": 31, "spe": 31}, "item": "Choice Band", "teraType": "Flying", "role": "Fast Attacker", "bvs": {"hp": 85, "atk": 120, "def": 70, "spa": 50, "spd": 60, "spe": 100}, "stats": {"hp": 263, "atk": 235, "def": 156, "spa": 125, "spd": 140, "spe": 204}}, "Thundurus": {"name": "Thundurus", "species": "Thundurus", "speciesId": "thundurus", "gender": "M", "shiny": false, "level": 80, "moves": ["terablast", "focusblast", "thunderbolt", "nastyplot"], "ability": "Defiant", "evs": {"hp": 85, "atk": 85, "def": 85, "spa": 85, "spd": 85, "spe": 85}, "ivs": {"hp": 31, "atk": 31, "def": 31, "spa": 31, "spd": 31, "spe": 31}, "item": "Heavy-Duty Boots", "teraType": "Flying", "role": "Tera Blast user", "bvs": {"hp": 79, "atk": 115, "def": 70, "spa": 125, "spd": 80, "spe": 111}, "stats": {"hp": 258, "atk": 230, "def": 158, "spa": 246, "spd": 174, "spe": 224}}, "Ribombee": {"name": "Ribombee", "species": "Ribombee", "speciesId": "ribombee", "gender": "F", "shiny": false, "level": 83, "moves": ["stickyweb", "moonblast", "stunspore", "uturn"], "ability": "Shield Dust", "evs": {"hp": 85, "atk": 85, "def": 85, "spa": 85, "spd": 85, "spe": 85}, "ivs": {"hp": 31, "atk": 31, "def": 31, "spa": 31, "spd": 31, "spe": 31}, "item": "Heavy-Duty Boots", "teraType": "Ghost", "role": "Fast Support", "bvs": {"hp": 60, "atk": 55, "def": 60, "spa": 95, "spd": 70, "spe": 124}, "stats": {"hp": 235, "atk": 139, "def": 147, "spa": 205, "spd": 164, "spe": 254}}, "Cyclizar": {"name": "Cyclizar", "species": "Cyclizar", "speciesId": "cyclizar", "gender": "F", "shiny": false, "level": 83, "moves": ["knockoff", "shedtail", "dracometeor", "rapidspin"], "ability": "Regenerator", "evs": {"hp": 85, "atk": 85, "def": 85, "spa": 85, "spd": 85, "spe": 85}, "ivs": {"hp": 31, "atk": 31, "def": 31, "spa": 31, "spd": 31, "spe": 31}, "item": "Heavy-Duty Boots", "teraType": "Steel", "role": "Fast Support", "bvs": {"hp": 70, "atk": 95, "def": 65, "spa": 85, "spd": 65, "spe": 121}, "stats": {"hp": 252, "atk": 205, "def": 156, "spa": 189, "spd": 156, "spe": 249}}, "Seviper": {"name": "Seviper", "species": "Seviper", "speciesId": "seviper", "gender": "M", "shiny": false, "level": 93, "moves": ["swordsdance", "gunkshot", "earthquake", "trailblaze"], "ability": "Shed Skin", "evs": {"hp": 85, "atk": 85, "def": 85, "spa": 85, "spd": 85, "spe": 85}, "ivs": {"hp": 31, "atk": 31, "def": 31, "spa": 31, "spd": 31, "spe": 31}, "item": "Leftovers", "teraType": "Ground", "role": "Bulky Setup", "bvs": {"hp": 73, "atk": 100, "def": 60, "spa": 100, "spd": 60, "spe": 65}, "stats": {"hp": 287, "atk": 239, "def": 164, "spa": 239, "spd": 164, "spe": 174}}, "Garganacl": {"name": "Garganacl", "species": "Garganacl", "speciesId": "garganacl", "gender": "F", "shiny": false, "level": 80, "moves": ["recover", "bodypress", "irondefense", "saltcure"], "ability": "Purifying Salt", "evs": {"hp": 85, "atk": 85, "def": 85, "spa": 85, "spd": 85, "spe": 85}, "ivs": {"hp": 31, "atk": 31, "def": 31, "spa": 31, "spd": 31, "spe": 31}, "item": "Leftovers", "teraType": "Ghost", "role": "Bulky Setup", "bvs": {"hp": 100, "atk": 100, "def": 130, "spa": 45, "spd": 90, "spe": 35}, "stats": {"hp": 291, "atk": 206, "def": 254, "spa": 118, "spd": 190, "spe": 102}}}, {"Meloetta": {"name": "Meloetta", "species": "Meloetta", "speciesId": "meloetta", "gender": "N", "shiny": false, "level": 82, "moves": ["hypervoice", "focusblast", "calmmind", "psyshock"], "ability": "Serene Grace", "evs": {"hp": 85, "atk": 0, "def": 85, "spa": 85, "spd": 85, "spe": 85}, "ivs": {"hp": 31, "atk": 0, "def": 31, "spa": 31, "spd": 31, "spe": 31}, "item": "Leftovers", "teraType": "Psychic", "role": "Bulky Attacker", "bvs": {"hp": 100, "atk": 77, "def": 77, "spa": 128, "spd": 128, "spe": 90}, "stats": {"hp": 298, "atk": 131, "def": 173, "spa": 257, "spd": 257, "spe": 195}}, "Urshifu": {"name": "Urshifu", "species": "Urshifu-Rapid-Strike", "speciesId": "urshifurapidstrike", "gender": "F", "shiny": false, "level": 75, "moves": ["surgingstrikes", "closecombat", "icespinner", "aquajet"], "ability": "Unseen Fist", "evs": {"hp": 85, "atk": 85, "def": 85, "spa": 85, "spd": 85, "spe": 85}, "ivs": {"hp": 31, "atk": 31, "def": 31, "spa": 31, "spd": 31, "spe": 31}, "item": "Choice Band", "teraType": "Water", "role": "Fast Attacker", "bvs": {"hp": 100, "atk": 130, "def": 100, "spa": 63, "spd": 60, "spe": 97}, "stats": {"hp": 274, "atk": 239, "def": 194, "spa": 138, "spd": 134, "spe": 189}}, "Braviary": {"name": "Braviary", "species": "Braviary-Hisui", "speciesId": "braviaryhisui", "gender": "M", "shiny": false, "level": 85, "moves": ["heatwave", "agility", "hurricane", "psychic"], "ability": "Sheer Force", "evs": {"hp": 85, "atk": 0, "def": 85, "spa": 85, "spd": 85, "spe": 85}, "ivs": {"hp": 31, "atk": 0, "def": 31, "spa": 31, "spd": 31, "spe": 31}, "item": "Life Orb", "teraType": "Fire", "role": "Setup Sweeper", "bvs": {"hp": 110, "atk": 83, "def": 70, "spa": 112, "spd": 70, "spe": 65}, "stats": {"hp": 326, "atk": 146, "def": 168, "spa": 239, "spd": 168, "spe": 159}}, "Greninja": {"name": "Greninja", "species": "Greninja-Bond", "speciesId": "greninjabond", "gender": "M", "shiny": false, "level": 80, "moves": ["darkpulse", "gunkshot", "icebeam", "hydropump"], "ability": "Battle Bond", "evs": {"hp": 85, "atk": 85, "def": 85, "spa": 85, "spd": 85, "spe": 85}, "ivs": {"hp": 31, "atk": 31, "def": 31, "spa": 31, "spd": 31, "spe": 31}, "item": "Life Orb", "teraType": "Water", "role": "Fast Attacker", "bvs": {"hp": 72, "atk": 95, "def": 67, "spa": 103, "spd": 71, "spe": 122}, "stats": {"hp": 246, "atk": 198, "def": 153, "spa": 211, "spd": 160, "spe": 241}}, "Sylveon": {"name": "Sylveon", "species": "Sylveon", "speciesId": "sylveon", "gender": "F", "shiny": false, "level": 85, "moves": ["wish", "hypervoice", "calmmind", "protect"], "ability": "Pixilate", "evs": {"hp": 85, "atk": 0, "def": 85, "spa": 85, "spd": 85, "spe": 85}, "ivs": {"hp": 31, "atk": 0, "def": 31, "spa": 31, "spd": 31, "spe": 31}, "item": "Leftovers", "teraType": "Steel", "role": "Bulky Setup", "bvs": {"hp": 95, "atk": 65, "def": 65, "spa": 110, "spd": 130, "spe": 60}, "stats": {"hp": 300, "atk": 115, "def": 159, "spa": 236, "spd": 270, "spe": 151}}, "Dragapult": {"name": "Dragapult", "species": "Dragapult", "speciesId": "dragapult", "gender": "M", "shiny": false, "level": 77, "moves": ["dragondarts", "dragondance", "terablast", "fireblast"], "ability": "Clear Body", "evs": {"hp": 85, "atk": 85, "def": 85, "spa": 85, "spd": 85, "spe": 85}, "ivs": {"hp": 31, "atk": 31, "def": 31, "spa": 31, "spd": 31, "spe": 31}, "item": "Life Orb", "teraType": "Ghost", "role": "Tera Blast user", "bvs": {"hp": 88, "atk": 120, "def": 75, "spa": 100, "spd": 75, "spe": 142}, "stats": {"hp": 262, "atk": 229, "def": 160, "spa": 199, "spd": 160, "spe": 263}}}]}