{"id": "gen9randombattle-2631953585", "format": "[Gen 9] Random Battle", "players": ["isnothingeasy", "TTeTyLLloK"], "log": "|j|\u2606isnothingeasy\n|j|\u2606TTeTyLLloK\n|t:|1781459415\n|gametype|singles\n|player|p1|isnothingeasy|lady|1931\n|player|p2|TTeTyLLloK|bruno|2020\n|gen|9\n|tier|[Gen 9] Random Battle\n|rated|\n|rule|Species Clause: Limit one of each Pok\u00e9mon\n|rule|HP Percentage Mod: HP is shown in percentages\n|rule|Sleep Clause Mod: Limit one foe put to sleep\n|rule|Illusion Level Mod: Illusion disguises the Pok\u00e9mon's true level\n|\n|t:|1781459415\n|teamsize|p1|6\n|teamsize|p2|6\n|start\n|switch|p1a: Pikachu|Pikachu, L93, M|216/216\n|switch|p2a: Kingdra|Kingdra, L84, M|263/263\n|turn|1\n|inactive|Battle timer is ON: inactive players will automatically lose when time's up. (requested by TTeTyLLloK)\n|inactive|isnothingeasy has 120 seconds left.\n|\n|t:|1781459459\n|move|p1a: Pikachu|Fake Out|p2a: Kingdra\n|-damage|p2a: Kingdra|221/263\n|cant|p2a: Kingdra|flinch\n|\n|upkeep\n|turn|2\n|\n|t:|1781459464\n|move|p1a: Pikachu|Volt Tackle|p2a: Kingdra\n|-damage|p2a: Kingdra|25/263\n|-damage|p1a: Pikachu|151/216|[from] Recoil\n|move|p2a: Kingdra|Rain Dance|p2a: Kingdra\n|-weather|RainDance\n|\n|-weather|RainDance|[upkeep]\n|upkeep\n|turn|3\n|\n|t:|1781459469\n|switch|p1a: Gogoat|Gogoat, L88, F|360/360\n|move|p2a: Kingdra|Wave Crash|p1a: Gogoat\n|-resisted|p1a: Gogoat\n|-damage|p1a: Gogoat|211/360\n|-damage|p2a: Kingdra|0 fnt|[from] Recoil\n|faint|p2a: Kingdra\n|\n|-weather|RainDance|[upkeep]\n|-heal|p1a: Gogoat|233/360|[from] item: Leftovers\n|upkeep\n|\n|t:|1781459481\n|switch|p2a: Landorus|Landorus, L75, M|257/257\n|turn|4\n|\n|t:|1781459488\n|move|p2a: Landorus|Nasty Plot|p2a: Landorus\n|-boost|p2a: Landorus|spa|2\n|move|p1a: Gogoat|Horn Leech|p2a: Landorus\n|-damage|p2a: Landorus|166/257\n|-heal|p1a: Gogoat|279/360|[from] drain|[of] p2a: Landorus\n|\n|-weather|RainDance|[upkeep]\n|-heal|p1a: Gogoat|301/360|[from] item: Leftovers\n|upkeep\n|turn|5\n|\n|t:|1781459493\n|move|p2a: Landorus|Focus Blast|p1a: Gogoat|[miss]\n|-miss|p2a: Landorus|p1a: Gogoat\n|move|p1a: Gogoat|Horn Leech|p2a: Landorus\n|-damage|p2a: Landorus|67/257\n|-heal|p1a: Gogoat|351/360|[from] drain|[of] p2a: Landorus\n|\n|-weather|RainDance|[upkeep]\n|-heal|p1a: Gogoat|360/360|[from] item: Leftovers\n|upkeep\n|turn|6\n|\n|t:|1781459497\n|move|p2a: Landorus|Focus Blast|p1a: Gogoat|[miss]\n|-miss|p2a: Landorus|p1a: Gogoat\n|move|p1a: Gogoat|Horn Leech|p2a: Landorus\n|-damage|p2a: Landorus|0 fnt\n|faint|p2a: Landorus\n|\n|-weather|none\n|upkeep\n|\n|t:|1781459501\n|switch|p2a: Trevenant|Trevenant, L89, F|296/296\n|turn|7\n|\n|t:|1781459529\n|move|p1a: Gogoat|Bulk Up|p1a: Gogoat\n|-boost|p1a: Gogoat|atk|1\n|-boost|p1a: Gogoat|def|1\n|move|p2a: Trevenant|Will-O-Wisp|p1a: Gogoat\n|-status|p1a: Gogoat|brn\n|\n|-damage|p1a: Gogoat|338/360 brn|[from] brn\n|upkeep\n|turn|8\n|\n|t:|1781459534\n|move|p1a: Gogoat|Bulk Up|p1a: Gogoat\n|-boost|p1a: Gogoat|atk|1\n|-boost|p1a: Gogoat|def|1\n|move|p2a: Trevenant|Poltergeist|p1a: Gogoat\n|-activate|p1a: Gogoat|move: Poltergeist|Leftovers\n|-damage|p1a: Gogoat|217/360 brn\n|-damage|p2a: Trevenant|267/296|[from] item: Life Orb\n|\n|-heal|p1a: Gogoat|239/360 brn|[from] item: Leftovers\n|-damage|p1a: Gogoat|217/360 brn|[from] brn\n|upkeep\n|turn|9\n|inactive|isnothingeasy has 120 seconds left.\n|inactive|isnothingeasy has 90 seconds left.\n|\n|t:|1781459611\n|move|p1a: Gogoat|Bulk Up|p1a: Gogoat\n|-boost|p1a: Gogoat|atk|1\n|-boost|p1a: Gogoat|def|1\n|move|p2a: Trevenant|Poltergeist|p1a: Gogoat\n|-activate|p1a: Gogoat|move: Poltergeist|Leftovers\n|-damage|p1a: Gogoat|126/360 brn\n|-damage|p2a: Trevenant|238/296|[from] item: Life Orb\n|\n|-heal|p1a: Gogoat|148/360 brn|[from] item: Leftovers\n|-damage|p1a: Gogoat|126/360 brn|[from] brn\n|upkeep\n|turn|10\n|\n|t:|1781459626\n|switch|p2a: Typhlosion|Typhlosion-Hisui, L83, M|257/257\n|move|p1a: Gogoat|Milk Drink|p1a: Gogoat\n|-heal|p1a: Gogoat|306/360 brn\n|\n|-heal|p1a: Gogoat|328/360 brn|[from] item: Leftovers\n|-damage|p1a: Gogoat|306/360 brn|[from] brn\n|upkeep\n|turn|11\n|\n|t:|1781459631\n|move|p2a: Typhlosion|Eruption|p1a: Gogoat\n|-supereffective|p1a: Gogoat\n|-damage|p1a: Gogoat|0 fnt\n|faint|p1a: Gogoat\n|\n|upkeep\n|\n|t:|1781459636\n|switch|p1a: Dachsbun|Dachsbun, L92, M|254/254\n|turn|12\n|\n|t:|1781459644\n|switch|p2a: Trevenant|Trevenant, L89, F|238/296\n|move|p1a: Dachsbun|Yawn|p2a: Trevenant\n|-start|p2a: Trevenant|move: Yawn|[of] p1a: Dachsbun\n|\n|upkeep\n|turn|13\n|\n|t:|1781459651\n|move|p1a: Dachsbun|Play Rough|p2a: Trevenant\n|-damage|p2a: Trevenant|139/296\n|-unboost|p2a: Trevenant|atk|1\n|move|p2a: Trevenant|Horn Leech|p1a: Dachsbun\n|-damage|p1a: Dachsbun|196/254\n|-heal|p2a: Trevenant|168/296|[from] drain|[of] p1a: Dachsbun\n|-damage|p2a: Trevenant|139/296|[from] item: Life Orb\n|\n|-heal|p1a: Dachsbun|211/254|[from] item: Leftovers\n|-end|p2a: Trevenant|move: Yawn|[silent]\n|-status|p2a: Trevenant|slp\n|upkeep\n|turn|14\n|\n|t:|1781459663\n|-curestatus|p2a: Trevenant|slp|[from] ability: Natural Cure|[silent]\n|switch|p2a: Typhlosion|Typhlosion-Hisui, L83, M|257/257\n|move|p1a: Dachsbun|Play Rough|p2a: Typhlosion|[miss]\n|-miss|p1a: Dachsbun|p2a: Typhlosion\n|\n|-heal|p1a: Dachsbun|226/254|[from] item: Leftovers\n|upkeep\n|turn|15\n|\n|t:|1781459666\n|move|p1a: Dachsbun|Protect|p1a: Dachsbun\n|-singleturn|p1a: Dachsbun|Protect\n|move|p2a: Typhlosion|Shadow Ball|p1a: Dachsbun\n|-activate|p1a: Dachsbun|move: Protect\n|\n|-heal|p1a: Dachsbun|241/254|[from] item: Leftovers\n|upkeep\n|turn|16\n|\n|t:|1781459675\n|switch|p1a: Furret|Furret, L94, F|312/312\n|-item|p2a: Typhlosion|Choice Specs|[from] ability: Frisk|[of] p1a: Furret\n|move|p2a: Typhlosion|Shadow Ball|p1a: Furret\n|-immune|p1a: Furret\n|\n|upkeep\n|turn|17\n|\n|t:|1781459681\n|switch|p2a: Trevenant|Trevenant, L89, F|139/296\n|move|p1a: Furret|Knock Off|p2a: Trevenant\n|-supereffective|p2a: Trevenant\n|-damage|p2a: Trevenant|0 fnt\n|-enditem|p2a: Trevenant|Life Orb|[from] move: Knock Off|[of] p1a: Furret\n|faint|p2a: Trevenant\n|\n|upkeep\n|\n|t:|1781459689\n|switch|p2a: Morpeko|Morpeko, L88, M|245/245\n|turn|18\n|\n|t:|1781459693\n|switch|p1a: Dachsbun|Dachsbun, L92, M|241/254\n|move|p2a: Morpeko|Knock Off|p1a: Dachsbun\n|-resisted|p1a: Dachsbun\n|-crit|p1a: Dachsbun\n|-damage|p1a: Dachsbun|179/254\n|-enditem|p1a: Dachsbun|Leftovers|[from] move: Knock Off|[of] p2a: Morpeko\n|\n|-formechange|p2a: Morpeko|Morpeko-Hangry||[from] ability: Hunger Switch\n|upkeep\n|turn|19\n|\n|t:|1781459698\n|move|p2a: Morpeko|Protect|p2a: Morpeko\n|-singleturn|p2a: Morpeko|Protect\n|move|p1a: Dachsbun|Play Rough|p2a: Morpeko\n|-activate|p2a: Morpeko|move: Protect\n|\n|-formechange|p2a: Morpeko|Morpeko||[from] ability: Hunger Switch\n|upkeep\n|turn|20\n|\n|t:|1781459700\n|-terastallize|p2a: Morpeko|Electric\n|move|p1a: Dachsbun|Play Rough|p2a: Morpeko\n|-damage|p2a: Morpeko|113/245\n|-unboost|p2a: Morpeko|atk|1\n|move|p2a: Morpeko|Aura Wheel|p1a: Dachsbun\n|-damage|p1a: Dachsbun|89/254\n|-boost|p2a: Morpeko|spe|1\n|\n|-heal|p2a: Morpeko|128/245|[from] item: Leftovers\n|upkeep\n|turn|21\n|\n|t:|1781459708\n|switch|p1a: Pikachu|Pikachu, L93, M|151/216\n|move|p2a: Morpeko|Aura Wheel|p1a: Pikachu\n|-ability|p1a: Pikachu|Lightning Rod|boost\n|-boost|p1a: Pikachu|spa|1\n|\n|-heal|p2a: Morpeko|143/245|[from] item: Leftovers\n|upkeep\n|turn|22\n|\n|t:|1781459715\n|move|p1a: Pikachu|Fake Out|p2a: Morpeko\n|-damage|p2a: Morpeko|81/245\n|cant|p2a: Morpeko|flinch\n|\n|-heal|p2a: Morpeko|96/245|[from] item: Leftovers\n|upkeep\n|turn|23\n|\n|t:|1781459721\n|move|p2a: Morpeko|Knock Off|p1a: Pikachu\n|-damage|p1a: Pikachu|28/216\n|-enditem|p1a: Pikachu|Light Ball|[from] move: Knock Off|[of] p2a: Morpeko\n|move|p1a: Pikachu|Surf|p2a: Morpeko\n|-crit|p2a: Morpeko\n|-damage|p2a: Morpeko|0 fnt\n|faint|p2a: Morpeko\n|\n|upkeep\n|\n|t:|1781459731\n|switch|p2a: Palkia|Palkia-Origin, L72|249/249\n|-ability|p2a: Palkia|Pressure\n|turn|24\n|\n|t:|1781459748\n|move|p1a: Pikachu|Volt Tackle|p2a: Palkia\n|-damage|p2a: Palkia|137/249\n|-damage|p1a: Pikachu|0 fnt|[from] Recoil\n|faint|p1a: Pikachu\n|move|p2a: Palkia|Hydro Pump|p1: Pikachu|[notarget]\n|-fail|p2a: Palkia\n|\n|upkeep\n|\n|t:|1781459753\n|switch|p1a: Deoxys|Deoxys, L74|196/196\n|-ability|p1a: Deoxys|Pressure\n|turn|25\n|\n|t:|1781459757\n|move|p1a: Deoxys|Psycho Boost|p2a: Palkia\n|-damage|p2a: Palkia|0 fnt\n|-unboost|p1a: Deoxys|spa|2\n|faint|p2a: Palkia\n|-damage|p1a: Deoxys|177/196|[from] item: Life Orb\n|\n|upkeep\n|\n|t:|1781459759\n|switch|p2a: Typhlosion|Typhlosion-Hisui, L83, M|257/257\n|turn|26\n|\n|t:|1781459788\n|move|p1a: Deoxys|Knock Off|p2a: Typhlosion\n|-supereffective|p2a: Typhlosion\n|-damage|p2a: Typhlosion|28/257\n|-enditem|p2a: Typhlosion|Choice Specs|[from] move: Knock Off|[of] p1a: Deoxys\n|-damage|p1a: Deoxys|158/196|[from] item: Life Orb\n|move|p2a: Typhlosion|Focus Blast|p1a: Deoxys\n|-resisted|p1a: Deoxys\n|-damage|p1a: Deoxys|74/196\n|\n|upkeep\n|turn|27\n|\n|t:|1781459794\n|move|p1a: Deoxys|Knock Off|p2a: Typhlosion\n|-supereffective|p2a: Typhlosion\n|-crit|p2a: Typhlosion\n|-damage|p2a: Typhlosion|0 fnt\n|faint|p2a: Typhlosion\n|-damage|p1a: Deoxys|55/196|[from] item: Life Orb\n|\n|win|isnothingeasy\n", "inputlog": ">version a8376a258c1d4662feba110a92103f3664a72141\n>start {\"formatid\":\"gen9randombattle\",\"seed\":\"sodium,7477465556fe263a27208b1a063da850\",\"rated\":\"Rated battle\"}\n>player p1 {\"name\":\"isnothingeasy\",\"avatar\":\"lady\",\"rating\":1931,\"seed\":\"sodium,9e2b83142a875b2bd381c202f79ae2f7\"}\n>player p2 {\"name\":\"TTeTyLLloK\",\"avatar\":\"bruno\",\"rating\":2020,\"seed\":\"sodium,3dcfa878e72a684c7a5426d9ae2b7f54\"}\n>p1 move fakeout\n>p2 move raindance\n>p1 move volttackle\n>p2 move raindance\n>p1 switch 5\n>p2 move wavecrash\n>p2 switch 4\n>p1 move hornleech\n>p2 move nastyplot\n>p1 move hornleech\n>p2 move focusblast\n>p1 move hornleech\n>p2 move focusblast\n>p2 switch 6\n>p1 move bulkup\n>p2 move willowisp\n>p1 move bulkup\n>p2 move poltergeist\n>p1 move bulkup\n>p2 move poltergeist\n>p1 move milkdrink\n>p2 switch 2\n>p1 move earthquake\n>p2 move eruption\n>p1 switch 4\n>p1 move yawn\n>p2 switch 2\n>p1 move playrough\n>p2 move hornleech\n>p1 move playrough\n>p2 switch 2\n>p1 move protect\n>p2 move shadowball\n>p1 switch 2\n>p2 move shadowball\n>p1 move knockoff\n>p2 switch 2\n>p2 switch 3\n>p1 switch 2\n>p2 move knockoff\n>p1 move playrough\n>p2 move protect\n>p1 move playrough\n>p2 move aurawheel terastallize\n>p1 switch 5\n>p2 move aurawheel\n>p1 move fakeout\n>p2 move knockoff\n>p1 move surf\n>p2 move knockoff\n>p2 switch 5\n>p1 move volttackle\n>p2 move hydropump\n>p1 switch 3\n>p1 move psychoboost\n>p2 move thunderwave\n>p2 switch 2\n>p1 move knockoff\n>p2 move focusblast\n>p1 move knockoff\n>p2 move shadowball", "uploadtime": 1781459418, "views": 4, "formatid": "gen9randombattle", "rating": null, "private": 0, "password": null, "player_dets": [{"name": "isnothingeasy", "avatar": "lady", "rating": 1931, "seed": "sodium,9e2b83142a875b2bd381c202f79ae2f7"}, {"name": "TTeTyLLloK", "avatar": "bruno", "rating": 2020, "seed": "sodium,3dcfa878e72a684c7a5426d9ae2b7f54"}], "teams_full": [{"Pikachu": {"name": "Pikachu", "species": "Pikachu", "speciesId": "pikachu", "gender": "M", "shiny": false, "level": 93, "moves": ["surf", "fakeout", "volttackle", "voltswitch"], "ability": "Lightning Rod", "evs": {"hp": 85, "atk": 85, "def": 85, "spa": 85, "spd": 85, "spe": 85}, "ivs": {"hp": 31, "atk": 31, "def": 31, "spa": 31, "spd": 31, "spe": 31}, "item": "Light Ball", "teraType": "Water", "role": "Fast Attacker", "bvs": {"hp": 35, "atk": 55, "def": 40, "spa": 50, "spd": 50, "spe": 90}, "stats": {"hp": 216, "atk": 155, "def": 127, "spa": 146, "spd": 146, "spe": 220}, "types": ["Electric"]}, "Furret": {"name": "Furret", "species": "Furret", "speciesId": "furret", "gender": "F", "shiny": false, "level": 94, "moves": ["doubleedge", "uturn", "trick", "knockoff"], "ability": "Frisk", "evs": {"hp": 85, "atk": 85, "def": 85, "spa": 85, "spd": 85, "spe": 85}, "ivs": {"hp": 31, "atk": 31, "def": 31, "spa": 31, "spd": 31, "spe": 31}, "item": "Choice Band", "teraType": "Normal", "role": "Wallbreaker", "bvs": {"hp": 85, "atk": 76, "def": 64, "spa": 45, "spd": 55, "spe": 90}, "stats": {"hp": 312, "atk": 196, "def": 174, "spa": 138, "spd": 157, "spe": 223}, "types": ["Normal"]}, "Deoxys": {"name": "Deoxys", "species": "Deoxys", "speciesId": "deoxys", "gender": "N", "shiny": false, "level": 74, "moves": ["psychoboost", "knockoff", "superpower", "icebeam"], "ability": "Pressure", "evs": {"hp": 85, "atk": 85, "def": 85, "spa": 85, "spd": 85, "spe": 85}, "ivs": {"hp": 31, "atk": 31, "def": 31, "spa": 31, "spd": 31, "spe": 31}, "item": "Life Orb", "teraType": "Dark", "role": "Wallbreaker", "bvs": {"hp": 50, "atk": 150, "def": 50, "spa": 150, "spd": 50, "spe": 150}, "stats": {"hp": 196, "atk": 265, "def": 117, "spa": 265, "spd": 117, "spe": 265}, "types": ["Psychic"]}, "Dachsbun": {"name": "Dachsbun", "species": "Dachsbun", "speciesId": "dachsbun", "gender": "M", "shiny": false, "level": 92, "moves": ["protect", "yawn", "wish", "playrough"], "ability": "Well-Baked Body", "evs": {"hp": 85, "atk": 85, "def": 85, "spa": 85, "spd": 85, "spe": 85}, "ivs": {"hp": 31, "atk": 31, "def": 31, "spa": 31, "spd": 31, "spe": 31}, "item": "Leftovers", "teraType": "Steel", "role": "Bulky Support", "bvs": {"hp": 57, "atk": 80, "def": 115, "spa": 50, "spd": 80, "spe": 95}, "stats": {"hp": 254, "atk": 200, "def": 264, "spa": 144, "spd": 200, "spe": 227}, "types": ["Fairy"]}, "Gogoat": {"name": "Gogoat", "species": "Gogoat", "speciesId": "gogoat", "gender": "F", "shiny": false, "level": 88, "moves": ["bulkup", "milkdrink", "hornleech", "earthquake"], "ability": "Sap Sipper", "evs": {"hp": 85, "atk": 85, "def": 85, "spa": 85, "spd": 85, "spe": 85}, "ivs": {"hp": 31, "atk": 31, "def": 31, "spa": 31, "spd": 31, "spe": 31}, "item": "Leftovers", "teraType": "Ground", "role": "Bulky Setup", "bvs": {"hp": 123, "atk": 100, "def": 62, "spa": 97, "spd": 81, "spe": 68}, "stats": {"hp": 360, "atk": 226, "def": 159, "spa": 221, "spd": 193, "spe": 170}, "types": ["Grass"]}, "Luvdisc": {"name": "Luvdisc", "species": "Luvdisc", "speciesId": "luvdisc", "gender": "M", "shiny": false, "level": 100, "moves": ["whirlpool", "endeavor", "substitute", "surf"], "ability": "Swift Swim", "evs": {"hp": 81, "atk": 0, "def": 85, "spa": 85, "spd": 85, "spe": 85}, "ivs": {"hp": 31, "atk": 0, "def": 31, "spa": 31, "spd": 31, "spe": 31}, "item": "Heavy-Duty Boots", "teraType": "Ground", "role": "Fast Support", "bvs": {"hp": 43, "atk": 30, "def": 55, "spa": 40, "spd": 65, "spe": 97}, "stats": {"hp": 247, "atk": 65, "def": 167, "spa": 137, "spd": 187, "spe": 251}, "types": ["Water"]}}, {"Kingdra": {"name": "Kingdra", "species": "Kingdra", "speciesId": "kingdra", "gender": "M", "shiny": false, "level": 84, "moves": ["wavecrash", "dracometeor", "hurricane", "raindance"], "ability": "Swift Swim", "evs": {"hp": 85, "atk": 85, "def": 85, "spa": 85, "spd": 85, "spe": 85}, "ivs": {"hp": 31, "atk": 31, "def": 31, "spa": 31, "spd": 31, "spe": 31}, "item": "Life Orb", "teraType": "Water", "role": "Fast Attacker", "bvs": {"hp": 75, "atk": 95, "def": 95, "spa": 95, "spd": 95, "spe": 85}, "stats": {"hp": 263, "atk": 208, "def": 208, "spa": 208, "spd": 208, "spe": 191}, "types": ["Water", "Dragon"]}, "Typhlosion": {"name": "Typhlosion", "species": "Typhlosion-Hisui", "speciesId": "typhlosionhisui", "gender": "M", "shiny": false, "level": 83, "moves": ["shadowball", "focusblast", "fireblast", "eruption"], "ability": "Blaze", "evs": {"hp": 85, "atk": 0, "def": 85, "spa": 85, "spd": 85, "spe": 85}, "ivs": {"hp": 31, "atk": 0, "def": 31, "spa": 31, "spd": 31, "spe": 31}, "item": "Choice Specs", "teraType": "Fire", "role": "Fast Attacker", "bvs": {"hp": 73, "atk": 84, "def": 78, "spa": 119, "spd": 85, "spe": 95}, "stats": {"hp": 257, "atk": 144, "def": 177, "spa": 245, "spd": 189, "spe": 205}, "types": ["Fire", "Ghost"]}, "Morpeko": {"name": "Morpeko", "species": "Morpeko", "speciesId": "morpeko", "gender": "M", "shiny": false, "level": 88, "moves": ["rapidspin", "protect", "knockoff", "aurawheel"], "ability": "Hunger Switch", "evs": {"hp": 85, "atk": 85, "def": 85, "spa": 85, "spd": 85, "spe": 85}, "ivs": {"hp": 31, "atk": 31, "def": 31, "spa": 31, "spd": 31, "spe": 31}, "item": "Leftovers", "teraType": "Electric", "role": "Bulky Attacker", "bvs": {"hp": 58, "atk": 95, "def": 58, "spa": 70, "spd": 58, "spe": 97}, "stats": {"hp": 245, "atk": 217, "def": 152, "spa": 173, "spd": 152, "spe": 221}, "types": ["Electric", "Dark"]}, "Landorus": {"name": "Landorus", "species": "Landorus", "speciesId": "landorus", "gender": "M", "shiny": false, "level": 75, "moves": ["psychic", "focusblast", "earthpower", "nastyplot"], "ability": "Sheer Force", "evs": {"hp": 85, "atk": 0, "def": 85, "spa": 85, "spd": 85, "spe": 85}, "ivs": {"hp": 31, "atk": 0, "def": 31, "spa": 31, "spd": 31, "spe": 31}, "item": "Life Orb", "teraType": "Ground", "role": "Fast Attacker", "bvs": {"hp": 89, "atk": 125, "def": 90, "spa": 115, "spd": 80, "spe": 101}, "stats": {"hp": 257, "atk": 192, "def": 179, "spa": 216, "spd": 164, "spe": 195}, "types": ["Ground", "Flying"]}, "Palkia": {"name": "Palkia", "species": "Palkia-Origin", "speciesId": "palkiaorigin", "gender": "N", "shiny": false, "level": 72, "moves": ["thunderwave", "hydropump", "fireblast", "spacialrend"], "ability": "Pressure", "evs": {"hp": 85, "atk": 0, "def": 85, "spa": 85, "spd": 85, "spe": 85}, "ivs": {"hp": 31, "atk": 0, "def": 31, "spa": 31, "spd": 31, "spe": 31}, "item": "Lustrous Globe", "teraType": "Fire", "role": "Bulky Attacker", "bvs": {"hp": 90, "atk": 100, "def": 100, "spa": 150, "spd": 120, "spe": 120}, "stats": {"hp": 249, "atk": 149, "def": 186, "spa": 258, "spd": 215, "spe": 215}, "types": ["Water", "Dragon"]}, "Trevenant": {"name": "Trevenant", "species": "Trevenant", "speciesId": "trevenant", "gender": "F", "shiny": false, "level": 89, "moves": ["drainpunch", "willowisp", "poltergeist", "hornleech"], "ability": "Natural Cure", "evs": {"hp": 85, "atk": 85, "def": 85, "spa": 85, "spd": 85, "spe": 85}, "ivs": {"hp": 31, "atk": 31, "def": 31, "spa": 31, "spd": 31, "spe": 31}, "item": "Life Orb", "teraType": "Fighting", "role": "Wallbreaker", "bvs": {"hp": 85, "atk": 110, "def": 76, "spa": 65, "spd": 82, "spe": 56}, "stats": {"hp": 296, "atk": 247, "def": 186, "spa": 166, "spd": 197, "spe": 150}, "types": ["Ghost", "Grass"]}}]}