{"id": "gen9randombattle-2631908628", "format": "[Gen 9] Random Battle", "players": ["megamon20xx", "xau2020"], "log": "|j|\u2606megamon20xx\n|j|\u2606xau2020\n|t:|1781454479\n|gametype|singles\n|player|p1|megamon20xx|plasmagrunt-gen5bw|1513\n|player|p2|xau2020|rood|1467\n|gen|9\n|tier|[Gen 9] Random Battle\n|rated|\n|rule|Species Clause: Limit one of each Pok\u00e9mon\n|rule|HP Percentage Mod: HP is shown in percentages\n|rule|Sleep Clause Mod: Limit one foe put to sleep\n|rule|Illusion Level Mod: Illusion disguises the Pok\u00e9mon's true level\n|\n|t:|1781454479\n|teamsize|p1|6\n|teamsize|p2|6\n|start\n|switch|p1a: Crawdaunt|Crawdaunt, L84, M|243/243\n|switch|p2a: Empoleon|Empoleon, L84, F|278/278\n|turn|1\n|inactive|Battle timer is ON: inactive players will automatically lose when time's up. (requested by xau2020)\n|inactive|xau2020 has 120 seconds left.\n|\n|t:|1781454513\n|move|p2a: Empoleon|Stealth Rock|p1a: Crawdaunt\n|-sidestart|p1: megamon20xx|move: Stealth Rock\n|move|p1a: Crawdaunt|Dragon Dance|p1a: Crawdaunt\n|-boost|p1a: Crawdaunt|atk|1\n|-boost|p1a: Crawdaunt|spe|1\n|\n|upkeep\n|turn|2\n|\n|t:|1781454537\n|move|p1a: Crawdaunt|Dragon Dance|p1a: Crawdaunt\n|-boost|p1a: Crawdaunt|atk|1\n|-boost|p1a: Crawdaunt|spe|1\n|move|p2a: Empoleon|Roar|p1a: Crawdaunt\n|drag|p1a: Magmortar|Magmortar, L88, F|275/275\n|\n|upkeep\n|turn|3\n|\n|t:|1781454546\n|move|p1a: Magmortar|Focus Blast|p2a: Empoleon\n|-supereffective|p2a: Empoleon\n|-damage|p2a: Empoleon|90/278\n|move|p2a: Empoleon|Surf|p1a: Magmortar\n|-supereffective|p1a: Magmortar\n|-damage|p1a: Magmortar|83/275\n|\n|-heal|p2a: Empoleon|107/278|[from] item: Leftovers\n|upkeep\n|turn|4\n|\n|t:|1781454555\n|switch|p2a: Skeledirge|Skeledirge, L79, F|294/294\n|move|p1a: Magmortar|Taunt|p2a: Skeledirge\n|-start|p2a: Skeledirge|move: Taunt\n|\n|upkeep\n|turn|5\n|\n|t:|1781454567\n|switch|p1a: Rhydon|Rhydon, L85, M|317/317\n|-damage|p1a: Rhydon|298/317|[from] Stealth Rock\n|move|p2a: Skeledirge|Torch Song|p1a: Rhydon\n|-resisted|p1a: Rhydon\n|-damage|p1a: Rhydon|255/317\n|-boost|p2a: Skeledirge|spa|1\n|\n|upkeep\n|turn|6\n|\n|t:|1781454592\n|-terastallize|p2a: Skeledirge|Water\n|move|p2a: Skeledirge|Flame Charge|p1a: Rhydon\n|-resisted|p1a: Rhydon\n|-damage|p1a: Rhydon|246/317\n|-boost|p2a: Skeledirge|spe|1\n|move|p1a: Rhydon|Stealth Rock|p2a: Skeledirge\n|-sidestart|p2: xau2020|move: Stealth Rock\n|\n|-end|p2a: Skeledirge|move: Taunt\n|upkeep\n|turn|7\n|\n|t:|1781454600\n|move|p2a: Skeledirge|Shadow Ball|p1a: Rhydon\n|-damage|p1a: Rhydon|123/317\n|move|p1a: Rhydon|Stone Edge|p2a: Skeledirge\n|-damage|p2a: Skeledirge|155/294\n|\n|upkeep\n|turn|8\n|\n|t:|1781454606\n|move|p2a: Skeledirge|Shadow Ball|p1a: Rhydon\n|-damage|p1a: Rhydon|0 fnt\n|faint|p1a: Rhydon\n|\n|upkeep\n|\n|t:|1781454613\n|switch|p1a: Jumpluff|Jumpluff, L87, F|271/271\n|-damage|p1a: Jumpluff|204/271|[from] Stealth Rock\n|turn|9\n|\n|t:|1781454624\n|move|p1a: Jumpluff|Encore|p2a: Skeledirge\n|-start|p2a: Skeledirge|Encore\n|move|p2a: Skeledirge|Shadow Ball|p1a: Jumpluff\n|-damage|p1a: Jumpluff|83/271\n|\n|upkeep\n|turn|10\n|\n|t:|1781454630\n|move|p1a: Jumpluff|Acrobatics|p2a: Skeledirge\n|-damage|p2a: Skeledirge|71/294\n|move|p2a: Skeledirge|Shadow Ball|p1a: Jumpluff\n|-damage|p1a: Jumpluff|0 fnt\n|faint|p1a: Jumpluff\n|\n|upkeep\n|\n|t:|1781454636\n|switch|p1a: Crawdaunt|Crawdaunt, L84, M|243/243\n|-damage|p1a: Crawdaunt|213/243|[from] Stealth Rock\n|turn|11\n|\n|t:|1781454640\n|move|p2a: Skeledirge|Shadow Ball|p1a: Crawdaunt\n|-resisted|p1a: Crawdaunt\n|-damage|p1a: Crawdaunt|134/243\n|move|p1a: Crawdaunt|Dragon Dance|p1a: Crawdaunt\n|-boost|p1a: Crawdaunt|atk|1\n|-boost|p1a: Crawdaunt|spe|1\n|\n|-end|p2a: Skeledirge|Encore\n|upkeep\n|turn|12\n|\n|t:|1781454656\n|move|p2a: Skeledirge|Shadow Ball|p1a: Crawdaunt\n|-resisted|p1a: Crawdaunt\n|-damage|p1a: Crawdaunt|52/243\n|move|p1a: Crawdaunt|Dragon Dance|p1a: Crawdaunt\n|-boost|p1a: Crawdaunt|atk|1\n|-boost|p1a: Crawdaunt|spe|1\n|\n|upkeep\n|turn|13\n|\n|t:|1781454667\n|move|p1a: Crawdaunt|Knock Off|p2a: Skeledirge\n|-damage|p2a: Skeledirge|0 fnt\n|-enditem|p2a: Skeledirge|Heavy-Duty Boots|[from] move: Knock Off|[of] p1a: Crawdaunt\n|faint|p2a: Skeledirge\n|-damage|p1a: Crawdaunt|28/243|[from] item: Life Orb\n|\n|upkeep\n|\n|t:|1781454670\n|switch|p2a: Azumarill|Azumarill, L82, F|298/298\n|-damage|p2a: Azumarill|261/298|[from] Stealth Rock\n|turn|14\n|\n|t:|1781454678\n|-terastallize|p1a: Crawdaunt|Water\n|move|p2a: Azumarill|Aqua Jet|p1a: Crawdaunt\n|-resisted|p1a: Crawdaunt\n|-damage|p1a: Crawdaunt|0 fnt\n|faint|p1a: Crawdaunt\n|\n|upkeep\n|\n|t:|1781454683\n|switch|p1a: Magmortar|Magmortar, L88, F|83/275\n|turn|15\n|\n|t:|1781454686\n|move|p2a: Azumarill|Aqua Jet|p1a: Magmortar\n|-supereffective|p1a: Magmortar\n|-damage|p1a: Magmortar|0 fnt\n|faint|p1a: Magmortar\n|\n|upkeep\n|\n|t:|1781454691\n|switch|p1a: Moltres|Moltres, L81|278/278\n|turn|16\n|\n|t:|1781454694\n|move|p2a: Azumarill|Aqua Jet|p1a: Moltres\n|-supereffective|p1a: Moltres\n|-damage|p1a: Moltres|116/278\n|move|p1a: Moltres|Roost|p1a: Moltres\n|-heal|p1a: Moltres|255/278\n|-singleturn|p1a: Moltres|move: Roost\n|\n|upkeep\n|turn|17\n|\n|t:|1781454701\n|switch|p2a: Regirock|Regirock, L83|268/268\n|-damage|p2a: Regirock|235/268|[from] Stealth Rock\n|move|p1a: Moltres|Roost|p1a: Moltres\n|-heal|p1a: Moltres|278/278\n|-singleturn|p1a: Moltres|move: Roost\n|\n|-heal|p2a: Regirock|251/268|[from] item: Leftovers\n|upkeep\n|turn|18\n|\n|t:|1781454705\n|move|p1a: Moltres|Scorching Sands|p2a: Regirock\n|-supereffective|p2a: Regirock\n|-damage|p2a: Regirock|149/268\n|move|p2a: Regirock|Thunder Wave|p1a: Moltres\n|-status|p1a: Moltres|par\n|\n|-heal|p2a: Regirock|165/268|[from] item: Leftovers\n|upkeep\n|turn|19\n|\n|t:|1781454711\n|move|p2a: Regirock|Stone Edge|p1a: Moltres\n|-supereffective|p1a: Moltres\n|-damage|p1a: Moltres|0 fnt\n|faint|p1a: Moltres\n|\n|-heal|p2a: Regirock|181/268|[from] item: Leftovers\n|upkeep\n|\n|t:|1781454713\n|switch|p1a: Heracross|Heracross, L80, F|259/259\n|-damage|p1a: Heracross|227/259|[from] Stealth Rock\n|turn|20\n|\n|t:|1781454719\n|move|p1a: Heracross|Trailblaze|p2a: Regirock\n|-supereffective|p2a: Regirock\n|-damage|p2a: Regirock|133/268\n|-boost|p1a: Heracross|spe|1\n|move|p2a: Regirock|Thunder Wave|p1a: Heracross\n|-status|p1a: Heracross|par\n|\n|-heal|p2a: Regirock|149/268|[from] item: Leftovers\n|upkeep\n|turn|21\n|\n|t:|1781454726\n|move|p1a: Heracross|Trailblaze|p2a: Regirock\n|-supereffective|p2a: Regirock\n|-damage|p2a: Regirock|85/268\n|-boost|p1a: Heracross|spe|1\n|move|p2a: Regirock|Stone Edge|p1a: Heracross\n|-damage|p1a: Heracross|91/259 par\n|\n|-heal|p2a: Regirock|101/268|[from] item: Leftovers\n|upkeep\n|turn|22\n|\n|t:|1781454735\n|cant|p1a: Heracross|par\n|move|p2a: Regirock|Stone Edge|p1a: Heracross\n|-crit|p1a: Heracross\n|-damage|p1a: Heracross|0 fnt\n|faint|p1a: Heracross\n|\n|win|xau2020\n", "inputlog": ">version a8376a258c1d4662feba110a92103f3664a72141\n>start {\"formatid\":\"gen9randombattle\",\"seed\":\"sodium,a117d5c633de2015bb77edaeac5f327e\",\"rated\":\"Rated battle\"}\n>player p1 {\"name\":\"megamon20xx\",\"avatar\":\"plasmagrunt-gen5bw\",\"rating\":1513,\"seed\":\"sodium,08df9f6870a38d87ef7a61643064509d\"}\n>player p2 {\"name\":\"xau2020\",\"avatar\":\"rood\",\"rating\":1467,\"seed\":\"sodium,f69bb546f83a79375d5df02aeb4f5d2a\"}\n>p1 move dragondance\n>p2 move stealthrock\n>p1 move dragondance\n>p2 move roar\n>p1 move focusblast\n>p2 move surf\n>p1 move taunt\n>p2 switch 2\n>p1 switch 6\n>p2 move torchsong\n>p1 move stealthrock\n>p2 move flamecharge terastallize\n>p1 move stoneedge\n>p2 move shadowball\n>p1 move stoneedge\n>p2 move shadowball\n>p1 switch 5\n>p1 move encore\n>p2 move torchsong\n>p1 move acrobatics\n>p2 move shadowball\n>p1 switch 3\n>p1 move dragondance\n>p2 move shadowball\n>p1 move dragondance\n>p2 move shadowball\n>p1 move knockoff\n>p2 move shadowball\n>p2 switch 3\n>p1 move crabhammer terastallize\n>p2 move aquajet\n>p1 switch 6\n>p1 move thunderbolt\n>p2 move aquajet\n>p1 switch 2\n>p1 move roost\n>p2 move aquajet\n>p1 move roost\n>p2 switch 6\n>p1 move scorchingsands\n>p2 move thunderwave\n>p1 move scorchingsands\n>p2 move stoneedge\n>p1 switch 4\n>p1 move trailblaze\n>p2 move thunderwave\n>p1 move trailblaze\n>p2 move stoneedge\n>p1 move closecombat\n>p2 move stoneedge", "uploadtime": 1781454482, "views": 8, "formatid": "gen9randombattle", "rating": null, "private": 0, "password": null, "player_dets": [{"name": "megamon20xx", "avatar": "plasmagrunt-gen5bw", "rating": 1513, "seed": "sodium,08df9f6870a38d87ef7a61643064509d"}, {"name": "xau2020", "avatar": "rood", "rating": 1467, "seed": "sodium,f69bb546f83a79375d5df02aeb4f5d2a"}], "teams_full": [{"Crawdaunt": {"name": "Crawdaunt", "species": "Crawdaunt", "speciesId": "crawdaunt", "gender": "M", "shiny": false, "level": 84, "moves": ["dragondance", "aquajet", "knockoff", "crabhammer"], "ability": "Adaptability", "evs": {"hp": 85, "atk": 85, "def": 85, "spa": 85, "spd": 85, "spe": 85}, "ivs": {"hp": 31, "atk": 31, "def": 31, "spa": 31, "spd": 31, "spe": 31}, "item": "Life Orb", "teraType": "Water", "role": "Setup Sweeper", "bvs": {"hp": 63, "atk": 120, "def": 85, "spa": 90, "spd": 55, "spe": 55}, "stats": {"hp": 243, "atk": 250, "def": 191, "spa": 199, "spd": 141, "spe": 141}, "types": ["Water", "Dark"]}, "Moltres": {"name": "Moltres", "species": "Moltres", "speciesId": "moltres", "gender": "N", "shiny": false, "level": 81, "moves": ["scorchingsands", "roost", "fireblast", "bravebird"], "ability": "Flame Body", "evs": {"hp": 85, "atk": 85, "def": 85, "spa": 85, "spd": 85, "spe": 85}, "ivs": {"hp": 31, "atk": 31, "def": 31, "spa": 31, "spd": 31, "spe": 31}, "item": "Heavy-Duty Boots", "teraType": "Dragon", "role": "Bulky Attacker", "bvs": {"hp": 90, "atk": 100, "def": 90, "spa": 125, "spd": 85, "spe": 90}, "stats": {"hp": 278, "atk": 209, "def": 192, "spa": 249, "spd": 184, "spe": 192}, "types": ["Fire", "Flying"]}, "Magmortar": {"name": "Magmortar", "species": "Magmortar", "speciesId": "magmortar", "gender": "F", "shiny": false, "level": 88, "moves": ["thunderbolt", "focusblast", "taunt", "fireblast"], "ability": "Flame Body", "evs": {"hp": 85, "atk": 0, "def": 85, "spa": 85, "spd": 85, "spe": 85}, "ivs": {"hp": 31, "atk": 0, "def": 31, "spa": 31, "spd": 31, "spe": 31}, "item": "Heavy-Duty Boots", "teraType": "Fighting", "role": "Wallbreaker", "bvs": {"hp": 75, "atk": 95, "def": 67, "spa": 125, "spd": 95, "spe": 83}, "stats": {"hp": 275, "atk": 172, "def": 168, "spa": 270, "spd": 217, "spe": 196}, "types": ["Fire"]}, "Heracross": {"name": "Heracross", "species": "Heracross", "speciesId": "heracross", "gender": "F", "shiny": false, "level": 80, "moves": ["trailblaze", "knockoff", "closecombat", "facade"], "ability": "Guts", "evs": {"hp": 85, "atk": 85, "def": 85, "spa": 85, "spd": 85, "spe": 85}, "ivs": {"hp": 31, "atk": 31, "def": 31, "spa": 31, "spd": 31, "spe": 31}, "item": "Flame Orb", "teraType": "Normal", "role": "Setup Sweeper", "bvs": {"hp": 80, "atk": 125, "def": 75, "spa": 40, "spd": 95, "spe": 85}, "stats": {"hp": 259, "atk": 246, "def": 166, "spa": 110, "spd": 198, "spe": 182}, "types": ["Bug", "Fighting"]}, "Jumpluff": {"name": "Jumpluff", "species": "Jumpluff", "speciesId": "jumpluff", "gender": "F", "shiny": false, "level": 87, "moves": ["encore", "strengthsap", "acrobatics", "uturn"], "ability": "Infiltrator", "evs": {"hp": 81, "atk": 85, "def": 85, "spa": 85, "spd": 85, "spe": 85}, "ivs": {"hp": 31, "atk": 31, "def": 31, "spa": 31, "spd": 31, "spe": 31}, "item": "", "teraType": "Steel", "role": "Bulky Attacker", "bvs": {"hp": 75, "atk": 55, "def": 70, "spa": 55, "spd": 95, "spe": 110}, "stats": {"hp": 271, "atk": 145, "def": 172, "spa": 145, "spd": 215, "spe": 241}, "types": ["Grass", "Flying"]}, "Rhydon": {"name": "Rhydon", "species": "Rhydon", "speciesId": "rhydon", "gender": "M", "shiny": false, "level": 85, "moves": ["megahorn", "stealthrock", "earthquake", "stoneedge"], "ability": "Lightning Rod", "evs": {"hp": 85, "atk": 85, "def": 85, "spa": 85, "spd": 85, "spe": 85}, "ivs": {"hp": 31, "atk": 31, "def": 31, "spa": 31, "spd": 31, "spe": 31}, "item": "Eviolite", "teraType": "Fairy", "role": "Bulky Attacker", "bvs": {"hp": 105, "atk": 130, "def": 120, "spa": 45, "spd": 45, "spe": 40}, "stats": {"hp": 317, "atk": 270, "def": 253, "spa": 125, "spd": 125, "spe": 117}, "types": ["Ground", "Rock"]}}, {"Empoleon": {"name": "Empoleon", "species": "Empoleon", "speciesId": "empoleon", "gender": "F", "shiny": false, "level": 84, "moves": ["surf", "roar", "roost", "stealthrock"], "ability": "Competitive", "evs": {"hp": 85, "atk": 0, "def": 85, "spa": 85, "spd": 85, "spe": 85}, "ivs": {"hp": 31, "atk": 0, "def": 31, "spa": 31, "spd": 31, "spe": 31}, "item": "Leftovers", "teraType": "Flying", "role": "Bulky Support", "bvs": {"hp": 84, "atk": 86, "def": 88, "spa": 111, "spd": 101, "spe": 60}, "stats": {"hp": 278, "atk": 149, "def": 196, "spa": 235, "spd": 218, "spe": 149}, "types": ["Water", "Steel"]}, "Skeledirge": {"name": "Skeledirge", "species": "Skeledirge", "speciesId": "skeledirge", "gender": "F", "shiny": false, "level": 79, "moves": ["slackoff", "torchsong", "flamecharge", "shadowball"], "ability": "Unaware", "evs": {"hp": 85, "atk": 85, "def": 85, "spa": 85, "spd": 85, "spe": 85}, "ivs": {"hp": 31, "atk": 31, "def": 31, "spa": 31, "spd": 31, "spe": 31}, "item": "Heavy-Duty Boots", "teraType": "Water", "role": "Bulky Attacker", "bvs": {"hp": 104, "atk": 75, "def": 100, "spa": 110, "spd": 75, "spe": 66}, "stats": {"hp": 294, "atk": 164, "def": 204, "spa": 219, "spd": 164, "spe": 150}, "types": ["Fire", "Ghost"]}, "Azumarill": {"name": "Azumarill", "species": "Azumarill", "speciesId": "azumarill", "gender": "F", "shiny": false, "level": 82, "moves": ["icespinner", "playrough", "liquidation", "aquajet"], "ability": "Huge Power", "evs": {"hp": 85, "atk": 85, "def": 85, "spa": 85, "spd": 85, "spe": 85}, "ivs": {"hp": 31, "atk": 31, "def": 31, "spa": 31, "spd": 31, "spe": 31}, "item": "Choice Band", "teraType": "Water", "role": "Bulky Attacker", "bvs": {"hp": 100, "atk": 50, "def": 80, "spa": 60, "spd": 80, "spe": 50}, "stats": {"hp": 298, "atk": 129, "def": 178, "spa": 146, "spd": 178, "spe": 129}, "types": ["Water", "Fairy"]}, "Regigigas": {"name": "Regigigas", "species": "Regigigas", "speciesId": "regigigas", "gender": "N", "shiny": false, "level": 84, "moves": ["rest", "sleeptalk", "knockoff", "bodyslam"], "ability": "Slow Start", "evs": {"hp": 85, "atk": 85, "def": 85, "spa": 85, "spd": 85, "spe": 85}, "ivs": {"hp": 31, "atk": 31, "def": 31, "spa": 31, "spd": 31, "spe": 31}, "item": "Leftovers", "teraType": "Ghost", "role": "Bulky Support", "bvs": {"hp": 110, "atk": 160, "def": 110, "spa": 80, "spd": 110, "spe": 100}, "stats": {"hp": 322, "atk": 317, "def": 233, "spa": 183, "spd": 233, "spe": 216}, "types": ["Normal"]}, "Vespiquen": {"name": "Vespiquen", "species": "Vespiquen", "speciesId": "vespiquen", "gender": "F", "shiny": false, "level": 99, "moves": ["roost", "hurricane", "uturn", "toxic"], "ability": "Pressure", "evs": {"hp": 85, "atk": 85, "def": 85, "spa": 85, "spd": 85, "spe": 85}, "ivs": {"hp": 31, "atk": 31, "def": 31, "spa": 31, "spd": 31, "spe": 31}, "item": "Heavy-Duty Boots", "teraType": "Steel", "role": "Bulky Support", "bvs": {"hp": 70, "atk": 80, "def": 102, "spa": 80, "spd": 102, "spe": 40}, "stats": {"hp": 299, "atk": 214, "def": 258, "spa": 214, "spd": 258, "spe": 135}, "types": ["Bug", "Flying"]}, "Regirock": {"name": "Regirock", "species": "Regirock", "speciesId": "regirock", "gender": "N", "shiny": false, "level": 83, "moves": ["bodypress", "stoneedge", "irondefense", "thunderwave"], "ability": "Clear Body", "evs": {"hp": 85, "atk": 85, "def": 85, "spa": 85, "spd": 85, "spe": 85}, "ivs": {"hp": 31, "atk": 31, "def": 31, "spa": 31, "spd": 31, "spe": 31}, "item": "Leftovers", "teraType": "Fighting", "role": "Bulky Attacker", "bvs": {"hp": 80, "atk": 100, "def": 200, "spa": 50, "spd": 100, "spe": 50}, "stats": {"hp": 268, "atk": 214, "def": 380, "spa": 131, "spd": 214, "spe": 131}, "types": ["Rock"]}}]}