{"id": "gen9randombattle-2631426203", "format": "[Gen 9] Random Battle", "players": ["aerimorla", "Z10101"], "log": "|j|\u2606aerimorla\n|j|\u2606Z10101\n|t:|1781383193\n|gametype|singles\n|player|p1|aerimorla|ethan|2050\n|player|p2|Z10101|266|2089\n|gen|9\n|tier|[Gen 9] Random Battle\n|rated|\n|rule|Species Clause: Limit one of each Pok\u00e9mon\n|rule|HP Percentage Mod: HP is shown in percentages\n|rule|Sleep Clause Mod: Limit one foe put to sleep\n|rule|Illusion Level Mod: Illusion disguises the Pok\u00e9mon's true level\n|\n|t:|1781383193\n|teamsize|p1|6\n|teamsize|p2|6\n|start\n|switch|p1a: Slowbro|Slowbro-Galar, L87, M|307/307\n|switch|p2a: Electivire|Electivire, L84, F|263/263\n|turn|1\n|inactive|Battle timer is ON: inactive players will automatically lose when time's up. (requested by Z10101)\n|\n|t:|1781383218\n|move|p2a: Electivire|Earthquake|p1a: Slowbro\n|-supereffective|p1a: Slowbro\n|-damage|p1a: Slowbro|104/307\n|-damage|p2a: Electivire|237/263|[from] item: Life Orb\n|move|p1a: Slowbro|Shell Side Arm|p2a: Electivire|[anim] Shell Side Arm Physical\n|-damage|p2a: Electivire|113/263\n|-hint|Physical Shell Side Arm\n|\n|-heal|p1a: Slowbro|123/307|[from] item: Leftovers\n|upkeep\n|turn|2\n|\n|t:|1781383227\n|switch|p1a: Mew|Mew, L82|298/298\n|move|p2a: Electivire|Supercell Slam|p1a: Mew\n|-damage|p1a: Mew|145/298\n|-damage|p2a: Electivire|87/263|[from] item: Life Orb\n|\n|upkeep\n|turn|3\n|\n|t:|1781383236\n|switch|p2a: Espeon|Espeon, L84, M|246/246\n|move|p1a: Mew|Psychic|p2a: Espeon\n|-resisted|p2a: Espeon\n|-damage|p2a: Espeon|191/246\n|-damage|p1a: Mew|116/298|[from] item: Life Orb\n|\n|upkeep\n|turn|4\n|\n|t:|1781383249\n|move|p2a: Espeon|Shadow Ball|p1a: Mew\n|-supereffective|p1a: Mew\n|-damage|p1a: Mew|0 fnt\n|faint|p1a: Mew\n|-damage|p2a: Espeon|167/246|[from] item: Life Orb\n|\n|upkeep\n|\n|t:|1781383261\n|switch|p1a: Masquerain|Masquerain, L87, F|264/264\n|-ability|p1a: Masquerain|Intimidate|boost\n|-unboost|p2a: Espeon|atk|1\n|turn|5\n|\n|t:|1781383271\n|move|p2a: Espeon|Psyshock|p1a: Masquerain\n|-damage|p1a: Masquerain|104/264\n|-damage|p2a: Espeon|143/246|[from] item: Life Orb\n|move|p1a: Masquerain|Quiver Dance|p1a: Masquerain\n|-boost|p1a: Masquerain|spa|1\n|-boost|p1a: Masquerain|spd|1\n|-boost|p1a: Masquerain|spe|1\n|\n|upkeep\n|turn|6\n|\n|t:|1781383281\n|switch|p2a: Skeledirge|Skeledirge, L79, F|294/294\n|move|p1a: Masquerain|Bug Buzz|p2a: Skeledirge\n|-resisted|p2a: Skeledirge\n|-damage|p2a: Skeledirge|265/294\n|\n|upkeep\n|turn|7\n|\n|t:|1781383288\n|move|p1a: Masquerain|Hydro Pump|p2a: Skeledirge\n|-supereffective|p2a: Skeledirge\n|-damage|p2a: Skeledirge|73/294\n|move|p2a: Skeledirge|Torch Song|p1a: Masquerain\n|-supereffective|p1a: Masquerain\n|-damage|p1a: Masquerain|0 fnt\n|-boost|p2a: Skeledirge|spa|1\n|faint|p1a: Masquerain\n|\n|upkeep\n|\n|t:|1781383301\n|switch|p1a: Scrafty|Scrafty, L83, M|244/244\n|turn|8\n|\n|t:|1781383306\n|move|p2a: Skeledirge|Will-O-Wisp|p1a: Scrafty\n|-status|p1a: Scrafty|brn\n|move|p1a: Scrafty|Knock Off|p2a: Skeledirge\n|-supereffective|p2a: Skeledirge\n|-damage|p2a: Skeledirge|0 fnt\n|-enditem|p2a: Skeledirge|Heavy-Duty Boots|[from] move: Knock Off|[of] p1a: Scrafty\n|faint|p2a: Skeledirge\n|\n|-damage|p1a: Scrafty|229/244 brn|[from] brn\n|upkeep\n|\n|t:|1781383312\n|switch|p2a: Espeon|Espeon, L84, M|143/246\n|turn|9\n|\n|t:|1781383339\n|switch|p1a: Slowbro|Slowbro-Galar, L87, M|225/307\n|move|p2a: Espeon|Alluring Voice|p1a: Slowbro\n|-resisted|p1a: Slowbro\n|-damage|p1a: Slowbro|172/307\n|-damage|p2a: Espeon|119/246|[from] item: Life Orb\n|\n|-heal|p1a: Slowbro|191/307|[from] item: Leftovers\n|upkeep\n|turn|10\n|\n|t:|1781383349\n|switch|p1a: Torkoal|Torkoal, L88, M|266/266\n|-weather|SunnyDay|[from] ability: Drought|[of] p1a: Torkoal\n|move|p2a: Espeon|Morning Sun|p2a: Espeon\n|-heal|p2a: Espeon|246/246\n|\n|-weather|SunnyDay|[upkeep]\n|upkeep\n|turn|11\n|\n|t:|1781383352\n|move|p2a: Espeon|Psyshock|p1a: Torkoal\n|-damage|p1a: Torkoal|179/266\n|-damage|p2a: Espeon|222/246|[from] item: Life Orb\n|move|p1a: Torkoal|Fire Blast|p2a: Espeon\n|-damage|p2a: Espeon|68/246\n|\n|-weather|SunnyDay|[upkeep]\n|upkeep\n|turn|12\n|\n|t:|1781383359\n|move|p2a: Espeon|Psyshock|p1a: Torkoal\n|-damage|p1a: Torkoal|88/266\n|-damage|p2a: Espeon|44/246|[from] item: Life Orb\n|move|p1a: Torkoal|Fire Blast|p2a: Espeon\n|-damage|p2a: Espeon|0 fnt\n|faint|p2a: Espeon\n|\n|-weather|SunnyDay|[upkeep]\n|upkeep\n|\n|t:|1781383364\n|switch|p2a: Electivire|Electivire, L84, F|87/263\n|turn|13\n|\n|t:|1781383368\n|-terastallize|p1a: Torkoal|Grass\n|move|p2a: Electivire|Supercell Slam|p1a: Torkoal\n|-resisted|p1a: Torkoal\n|-damage|p1a: Torkoal|33/266\n|-damage|p2a: Electivire|61/263|[from] item: Life Orb\n|move|p1a: Torkoal|Earthquake|p2a: Electivire\n|-supereffective|p2a: Electivire\n|-damage|p2a: Electivire|0 fnt\n|faint|p2a: Electivire\n|\n|-weather|SunnyDay|[upkeep]\n|upkeep\n|\n|t:|1781383379\n|switch|p2a: Flapple|Flapple, L88, F|266/266\n|turn|14\n|\n|t:|1781383394\n|move|p2a: Flapple|Grav Apple|p1a: Torkoal\n|-resisted|p1a: Torkoal\n|-damage|p1a: Torkoal|0 fnt\n|faint|p1a: Torkoal\n|\n|-weather|none\n|upkeep\n|\n|t:|1781383399\n|switch|p1a: Slowbro|Slowbro-Galar, L87, M|293/307\n|turn|15\n|\n|t:|1781383403\n|move|p2a: Flapple|Outrage|p1a: Slowbro\n|-damage|p1a: Slowbro|80/307\n|move|p1a: Slowbro|Shell Side Arm|p2a: Flapple|[anim] Shell Side Arm Special\n|-supereffective|p2a: Flapple\n|-damage|p2a: Flapple|12/266\n|-hint|Special Shell Side Arm\n|-status|p2a: Flapple|psn\n|\n|-heal|p1a: Slowbro|99/307|[from] item: Leftovers\n|-damage|p2a: Flapple|0 fnt|[from] psn\n|faint|p2a: Flapple\n|upkeep\n|\n|t:|1781383408\n|switch|p2a: Veluza|Veluza, L85, F|292/292\n|turn|16\n|\n|t:|1781383413\n|switch|p1a: Scrafty|Scrafty, L83, M|229/244 brn\n|move|p2a: Veluza|Fillet Away|p2a: Veluza\n|-boost|p2a: Veluza|atk|2\n|-boost|p2a: Veluza|spa|2\n|-boost|p2a: Veluza|spe|2\n|-damage|p2a: Veluza|146/292\n|-enditem|p2a: Veluza|Sitrus Berry|[eat]\n|-heal|p2a: Veluza|219/292|[from] item: Sitrus Berry\n|\n|-heal|p1a: Scrafty|244/244 brn|[from] item: Leftovers\n|-damage|p1a: Scrafty|229/244 brn|[from] brn\n|upkeep\n|turn|17\n|\n|t:|1781383425\n|move|p2a: Veluza|Aqua Cutter|p1a: Scrafty\n|-damage|p1a: Scrafty|19/244 brn\n|move|p1a: Scrafty|Knock Off|p2a: Veluza\n|-supereffective|p2a: Veluza\n|-damage|p2a: Veluza|147/292\n|\n|-activate|p1a: Scrafty|ability: Shed Skin\n|-curestatus|p1a: Scrafty|brn|[msg]\n|-heal|p1a: Scrafty|34/244|[from] item: Leftovers\n|upkeep\n|turn|18\n|\n|t:|1781383436\n|move|p2a: Veluza|Aqua Cutter|p1a: Scrafty\n|-damage|p1a: Scrafty|0 fnt\n|faint|p1a: Scrafty\n|\n|upkeep\n|\n|t:|1781383437\n|switch|p1a: Regieleki|Regieleki, L79|256/256\n|turn|19\n|\n|t:|1781383444\n|-terastallize|p2a: Veluza|Dark\n|move|p1a: Regieleki|Thunderbolt|p2a: Veluza\n|-damage|p2a: Veluza|0 fnt\n|faint|p2a: Veluza\n|\n|upkeep\n|\n|t:|1781383448\n|switch|p2a: Registeel|Registeel, L81|262/262\n|turn|20\n|\n|t:|1781383453\n|move|p1a: Regieleki|Thunderbolt|p2a: Registeel\n|-damage|p2a: Registeel|162/262\n|move|p2a: Registeel|Iron Defense|p2a: Registeel\n|-boost|p2a: Registeel|def|2\n|\n|-heal|p2a: Registeel|178/262|[from] item: Leftovers\n|upkeep\n|turn|21\n|\n|t:|1781383457\n|move|p1a: Regieleki|Volt Switch|p2a: Registeel\n|-damage|p2a: Registeel|100/262\n|\n|t:|1781383458\n|switch|p1a: Slowbro|Slowbro-Galar, L87, M|201/307|[from] Volt Switch\n|move|p2a: Registeel|Body Press|p1a: Slowbro\n|-resisted|p1a: Slowbro\n|-damage|p1a: Slowbro|166/307\n|\n|-heal|p2a: Registeel|116/262|[from] item: Leftovers\n|-heal|p1a: Slowbro|185/307|[from] item: Leftovers\n|upkeep\n|turn|22\n|\n|t:|1781383462\n|move|p2a: Registeel|Iron Head|p1a: Slowbro\n|-damage|p1a: Slowbro|121/307\n|cant|p1a: Slowbro|flinch\n|\n|-heal|p2a: Registeel|132/262|[from] item: Leftovers\n|-heal|p1a: Slowbro|140/307|[from] item: Leftovers\n|upkeep\n|turn|23\n|\n|t:|1781383464\n|move|p2a: Registeel|Iron Head|p1a: Slowbro\n|-damage|p1a: Slowbro|80/307\n|cant|p1a: Slowbro|flinch\n|\n|-heal|p2a: Registeel|148/262|[from] item: Leftovers\n|-heal|p1a: Slowbro|99/307|[from] item: Leftovers\n|upkeep\n|turn|24\n|\n|t:|1781383467\n|move|p2a: Registeel|Iron Head|p1a: Slowbro\n|-damage|p1a: Slowbro|35/307\n|move|p1a: Slowbro|Slack Off|p1a: Slowbro\n|-heal|p1a: Slowbro|189/307\n|\n|-heal|p2a: Registeel|164/262|[from] item: Leftovers\n|-heal|p1a: Slowbro|208/307|[from] item: Leftovers\n|upkeep\n|turn|25\n|\n|t:|1781383473\n|move|p2a: Registeel|Iron Head|p1a: Slowbro\n|-damage|p1a: Slowbro|153/307\n|cant|p1a: Slowbro|flinch\n|\n|-heal|p2a: Registeel|180/262|[from] item: Leftovers\n|-heal|p1a: Slowbro|172/307|[from] item: Leftovers\n|upkeep\n|turn|26\n|\n|t:|1781383475\n|move|p2a: Registeel|Iron Head|p1a: Slowbro\n|-damage|p1a: Slowbro|108/307\n|move|p1a: Slowbro|Slack Off|p1a: Slowbro\n|-heal|p1a: Slowbro|262/307\n|\n|-heal|p2a: Registeel|196/262|[from] item: Leftovers\n|-heal|p1a: Slowbro|281/307|[from] item: Leftovers\n|upkeep\n|turn|27\n|\n|t:|1781383479\n|move|p2a: Registeel|Iron Head|p1a: Slowbro\n|-damage|p1a: Slowbro|215/307\n|move|p1a: Slowbro|Haze|p1a: Slowbro\n|-clearallboost\n|\n|-heal|p2a: Registeel|212/262|[from] item: Leftovers\n|-heal|p1a: Slowbro|234/307|[from] item: Leftovers\n|upkeep\n|turn|28\n|\n|t:|1781383486\n|move|p2a: Registeel|Iron Head|p1a: Slowbro\n|-damage|p1a: Slowbro|171/307\n|cant|p1a: Slowbro|flinch\n|\n|-heal|p2a: Registeel|228/262|[from] item: Leftovers\n|-heal|p1a: Slowbro|190/307|[from] item: Leftovers\n|upkeep\n|turn|29\n|\n|t:|1781383490\n|move|p2a: Registeel|Iron Head|p1a: Slowbro\n|-damage|p1a: Slowbro|129/307\n|cant|p1a: Slowbro|flinch\n|\n|-heal|p2a: Registeel|244/262|[from] item: Leftovers\n|-heal|p1a: Slowbro|148/307|[from] item: Leftovers\n|upkeep\n|turn|30\n|\n|t:|1781383493\n|move|p2a: Registeel|Iron Head|p1a: Slowbro\n|-damage|p1a: Slowbro|93/307\n|cant|p1a: Slowbro|flinch\n|\n|-heal|p2a: Registeel|260/262|[from] item: Leftovers\n|-heal|p1a: Slowbro|112/307|[from] item: Leftovers\n|upkeep\n|turn|31\n|\n|t:|1781383496\n|move|p2a: Registeel|Iron Head|p1a: Slowbro\n|-damage|p1a: Slowbro|52/307\n|move|p1a: Slowbro|Slack Off|p1a: Slowbro\n|-heal|p1a: Slowbro|206/307\n|\n|-heal|p2a: Registeel|262/262|[from] item: Leftovers\n|-heal|p1a: Slowbro|225/307|[from] item: Leftovers\n|upkeep\n|turn|32\n|\n|t:|1781383499\n|move|p2a: Registeel|Iron Head|p1a: Slowbro\n|-damage|p1a: Slowbro|165/307\n|cant|p1a: Slowbro|flinch\n|\n|-heal|p1a: Slowbro|184/307|[from] item: Leftovers\n|upkeep\n|turn|33\n|\n|t:|1781383509\n|move|p2a: Registeel|Iron Head|p1a: Slowbro\n|-damage|p1a: Slowbro|121/307\n|move|p1a: Slowbro|Slack Off|p1a: Slowbro\n|-heal|p1a: Slowbro|275/307\n|\n|-heal|p1a: Slowbro|294/307|[from] item: Leftovers\n|upkeep\n|turn|34\n|\n|t:|1781383513\n|move|p2a: Registeel|Iron Head|p1a: Slowbro\n|-damage|p1a: Slowbro|236/307\n|move|p1a: Slowbro|Psychic|p2a: Registeel\n|-resisted|p2a: Registeel\n|-damage|p2a: Registeel|227/262\n|\n|-heal|p2a: Registeel|243/262|[from] item: Leftovers\n|-heal|p1a: Slowbro|255/307|[from] item: Leftovers\n|upkeep\n|turn|35\n|\n|t:|1781383516\n|move|p2a: Registeel|Iron Head|p1a: Slowbro\n|-damage|p1a: Slowbro|194/307\n|move|p1a: Slowbro|Psychic|p2a: Registeel\n|-resisted|p2a: Registeel\n|-crit|p2a: Registeel\n|-damage|p2a: Registeel|193/262\n|\n|-heal|p2a: Registeel|209/262|[from] item: Leftovers\n|-heal|p1a: Slowbro|213/307|[from] item: Leftovers\n|upkeep\n|turn|36\n|\n|t:|1781383520\n|move|p2a: Registeel|Iron Head|p1a: Slowbro\n|-damage|p1a: Slowbro|149/307\n|move|p1a: Slowbro|Psychic|p2a: Registeel\n|-resisted|p2a: Registeel\n|-damage|p2a: Registeel|171/262\n|\n|-heal|p2a: Registeel|187/262|[from] item: Leftovers\n|-heal|p1a: Slowbro|168/307|[from] item: Leftovers\n|upkeep\n|turn|37\n|\n|t:|1781383522\n|switch|p1a: Regieleki|Regieleki, L79|256/256\n|move|p2a: Registeel|Iron Head|p1a: Regieleki\n|-resisted|p1a: Regieleki\n|-damage|p1a: Regieleki|201/256\n|\n|-heal|p2a: Registeel|203/262|[from] item: Leftovers\n|upkeep\n|turn|38\n|\n|t:|1781383528\n|move|p1a: Regieleki|Volt Switch|p2a: Registeel\n|-damage|p2a: Registeel|125/262\n|\n|t:|1781383530\n|switch|p1a: Slowbro|Slowbro-Galar, L87, M|270/307|[from] Volt Switch\n|move|p2a: Registeel|Body Press|p1a: Slowbro\n|-resisted|p1a: Slowbro\n|-damage|p1a: Slowbro|253/307\n|\n|-heal|p2a: Registeel|141/262|[from] item: Leftovers\n|-heal|p1a: Slowbro|272/307|[from] item: Leftovers\n|upkeep\n|turn|39\n|\n|t:|1781383536\n|switch|p1a: Regieleki|Regieleki, L79|201/256\n|move|p2a: Registeel|Iron Head|p1a: Regieleki\n|-resisted|p1a: Regieleki\n|-damage|p1a: Regieleki|149/256\n|\n|-heal|p2a: Registeel|157/262|[from] item: Leftovers\n|upkeep\n|turn|40\n|\n|t:|1781383540\n|move|p1a: Regieleki|Thunderbolt|p2a: Registeel\n|-damage|p2a: Registeel|70/262\n|move|p2a: Registeel|Iron Defense|p2a: Registeel\n|-boost|p2a: Registeel|def|2\n|\n|-heal|p2a: Registeel|86/262|[from] item: Leftovers\n|upkeep\n|turn|41\n|\n|t:|1781383543\n|move|p1a: Regieleki|Thunderbolt|p2a: Registeel\n|-damage|p2a: Registeel|0 fnt\n|faint|p2a: Registeel\n|\n|win|aerimorla\n", "inputlog": ">version a8376a258c1d4662feba110a92103f3664a72141\n>start {\"formatid\":\"gen9randombattle\",\"seed\":\"sodium,dc4b14fcfc7828729c7447db0028047b\",\"rated\":\"Rated battle\"}\n>player p1 {\"name\":\"aerimorla\",\"avatar\":\"ethan\",\"rating\":2050,\"seed\":\"sodium,c56130e951fcaa6e4afde5104092675c\"}\n>player p2 {\"name\":\"Z10101\",\"avatar\":\"266\",\"rating\":2089,\"seed\":\"sodium,d9bb3cd28fba68a35fba0407134de506\"}\n>p1 move shellsidearm\n>p2 move earthquake\n>p1 switch 5\n>p2 move supercellslam\n>p1 move psychic\n>p2 switch 6\n>p1 move darkpulse\n>p2 move shadowball\n>p1 switch 6\n>p1 move quiverdance\n>p2 move psyshock\n>p1 move bugbuzz\n>p2 switch 2\n>p1 move hydropump\n>p2 move torchsong\n>p1 switch 2\n>p1 move knockoff\n>p2 move willowisp\n>p2 switch 2\n>p1 switch 5\n>p2 move alluringvoice\n>p1 switch 4\n>p2 move morningsun\n>p1 move fireblast\n>p2 move psyshock\n>p1 move fireblast\n>p2 move psyshock\n>p2 switch 6\n>p1 move earthquake terastallize\n>p2 move supercellslam\n>p2 switch 3\n>p1 move fireblast\n>p2 move gravapple\n>p1 switch 4\n>p1 move shellsidearm\n>p2 move outrage\n>p2 switch 4\n>p1 switch 5\n>p2 move filletaway\n>p1 move knockoff\n>p2 move aquacutter\n>p1 move knockoff\n>p2 move aquacutter\n>p1 switch 3\n>p1 move thunderbolt\n>p2 move nightslash terastallize\n>p2 switch 5\n>p1 move thunderbolt\n>p2 move irondefense\n>p1 move voltswitch\n>p2 move bodypress\n>p1 switch 5\n>p1 move haze\n>p2 move ironhead\n>p1 move slackoff\n>p2 move ironhead\n>p1 move slackoff\n>p2 move ironhead\n>p1 move haze\n>p2 move ironhead\n>p1 move slackoff\n>p2 move ironhead\n>p1 move haze\n>p2 move ironhead\n>p1 move psychic\n>p2 move ironhead\n>p1 move psychic\n>p2 move ironhead\n>p1 move slackoff\n>p2 move ironhead\n>p1 move slackoff\n>p2 move ironhead\n>p1 move psychic\n>p2 move ironhead\n>p1 move slackoff\n>p2 move ironhead\n>p1 move psychic\n>p2 move ironhead\n>p1 move psychic\n>p2 move ironhead\n>p1 move psychic\n>p2 move ironhead\n>p1 switch 5\n>p2 move ironhead\n>p1 move voltswitch\n>p2 move bodypress\n>p1 switch 5\n>p1 switch 5\n>p2 move ironhead\n>p1 move thunderbolt\n>p2 move irondefense\n>p1 move thunderbolt\n>p2 move bodypress", "uploadtime": 1781383195, "views": 11, "formatid": "gen9randombattle", "rating": null, "private": 0, "password": null, "player_dets": [{"name": "aerimorla", "avatar": "ethan", "rating": 2050, "seed": "sodium,c56130e951fcaa6e4afde5104092675c"}, {"name": "Z10101", "avatar": "266", "rating": 2089, "seed": "sodium,d9bb3cd28fba68a35fba0407134de506"}], "teams_full": [{"Slowbro": {"name": "Slowbro", "species": "Slowbro-Galar", "speciesId": "slowbrogalar", "gender": "M", "shiny": false, "level": 87, "moves": ["slackoff", "shellsidearm", "psychic", "haze"], "ability": "Regenerator", "evs": {"hp": 85, "atk": 85, "def": 85, "spa": 85, "spd": 85, "spe": 85}, "ivs": {"hp": 31, "atk": 31, "def": 31, "spa": 31, "spd": 31, "spe": 31}, "item": "Leftovers", "teraType": "Dark", "role": "Bulky Attacker", "bvs": {"hp": 95, "atk": 100, "def": 95, "spa": 100, "spd": 70, "spe": 30}, "stats": {"hp": 307, "atk": 224, "def": 215, "spa": 224, "spd": 172, "spe": 102}, "types": ["Poison", "Psychic"]}, "Scrafty": {"name": "Scrafty", "species": "Scrafty", "speciesId": "scrafty", "gender": "M", "shiny": false, "level": 83, "moves": ["knockoff", "bulkup", "drainpunch", "rest"], "ability": "Shed Skin", "evs": {"hp": 85, "atk": 85, "def": 85, "spa": 85, "spd": 85, "spe": 85}, "ivs": {"hp": 31, "atk": 31, "def": 31, "spa": 31, "spd": 31, "spe": 31}, "item": "Leftovers", "teraType": "Poison", "role": "Bulky Setup", "bvs": {"hp": 65, "atk": 90, "def": 115, "spa": 45, "spd": 115, "spe": 58}, "stats": {"hp": 244, "atk": 197, "def": 239, "spa": 122, "spd": 239, "spe": 144}, "types": ["Dark", "Fighting"]}, "Regieleki": {"name": "Regieleki", "species": "Regieleki", "speciesId": "regieleki", "gender": "N", "shiny": false, "level": 79, "moves": ["thunderbolt", "rapidspin", "terablast", "voltswitch"], "ability": "Transistor", "evs": {"hp": 85, "atk": 85, "def": 85, "spa": 85, "spd": 85, "spe": 85}, "ivs": {"hp": 31, "atk": 31, "def": 31, "spa": 31, "spd": 31, "spe": 31}, "item": "Magnet", "teraType": "Ice", "role": "Tera Blast user", "bvs": {"hp": 80, "atk": 100, "def": 50, "spa": 100, "spd": 50, "spe": 200}, "stats": {"hp": 256, "atk": 204, "def": 125, "spa": 204, "spd": 125, "spe": 362}, "types": ["Electric"]}, "Torkoal": {"name": "Torkoal", "species": "Torkoal", "speciesId": "torkoal", "gender": "M", "shiny": false, "level": 88, "moves": ["solarbeam", "earthquake", "fireblast", "stealthrock"], "ability": "Drought", "evs": {"hp": 85, "atk": 85, "def": 85, "spa": 85, "spd": 85, "spe": 85}, "ivs": {"hp": 31, "atk": 31, "def": 31, "spa": 31, "spd": 31, "spe": 31}, "item": "Heavy-Duty Boots", "teraType": "Grass", "role": "Wallbreaker", "bvs": {"hp": 70, "atk": 85, "def": 140, "spa": 85, "spd": 70, "spe": 20}, "stats": {"hp": 266, "atk": 200, "def": 297, "spa": 200, "spd": 173, "spe": 85}, "types": ["Fire"]}, "Mew": {"name": "Mew", "species": "Mew", "speciesId": "mew", "gender": "N", "shiny": false, "level": 82, "moves": ["darkpulse", "nastyplot", "psychic", "hydropump"], "ability": "Synchronize", "evs": {"hp": 85, "atk": 0, "def": 85, "spa": 85, "spd": 85, "spe": 85}, "ivs": {"hp": 31, "atk": 0, "def": 31, "spa": 31, "spd": 31, "spe": 31}, "item": "Life Orb", "teraType": "Water", "role": "Fast Bulky Setup", "bvs": {"hp": 100, "atk": 100, "def": 100, "spa": 100, "spd": 100, "spe": 100}, "stats": {"hp": 298, "atk": 169, "def": 211, "spa": 211, "spd": 211, "spe": 211}, "types": ["Psychic"]}, "Masquerain": {"name": "Masquerain", "species": "Masquerain", "speciesId": "masquerain", "gender": "F", "shiny": false, "level": 87, "moves": ["bugbuzz", "quiverdance", "hydropump", "hurricane"], "ability": "Intimidate", "evs": {"hp": 85, "atk": 0, "def": 85, "spa": 85, "spd": 85, "spe": 85}, "ivs": {"hp": 31, "atk": 0, "def": 31, "spa": 31, "spd": 31, "spe": 31}, "item": "Heavy-Duty Boots", "teraType": "Water", "role": "Setup Sweeper", "bvs": {"hp": 70, "atk": 60, "def": 62, "spa": 100, "spd": 82, "spe": 80}, "stats": {"hp": 264, "atk": 109, "def": 158, "spa": 224, "spd": 192, "spe": 189}, "types": ["Bug", "Flying"]}}, {"Electivire": {"name": "Electivire", "species": "Electivire", "speciesId": "electivire", "gender": "F", "shiny": false, "level": 84, "moves": ["supercellslam", "earthquake", "icepunch", "bulkup"], "ability": "Motor Drive", "evs": {"hp": 85, "atk": 85, "def": 85, "spa": 85, "spd": 85, "spe": 85}, "ivs": {"hp": 31, "atk": 31, "def": 31, "spa": 31, "spd": 31, "spe": 31}, "item": "Life Orb", "teraType": "Flying", "role": "Setup Sweeper", "bvs": {"hp": 75, "atk": 123, "def": 67, "spa": 95, "spd": 85, "spe": 95}, "stats": {"hp": 263, "atk": 255, "def": 161, "spa": 208, "spd": 191, "spe": 208}, "types": ["Electric"]}, "Skeledirge": {"name": "Skeledirge", "species": "Skeledirge", "speciesId": "skeledirge", "gender": "F", "shiny": false, "level": 79, "moves": ["willowisp", "hex", "torchsong", "slackoff"], "ability": "Unaware", "evs": {"hp": 85, "atk": 0, "def": 85, "spa": 85, "spd": 85, "spe": 85}, "ivs": {"hp": 31, "atk": 0, "def": 31, "spa": 31, "spd": 31, "spe": 31}, "item": "Heavy-Duty Boots", "teraType": "Water", "role": "Bulky Support", "bvs": {"hp": 104, "atk": 75, "def": 100, "spa": 110, "spd": 75, "spe": 66}, "stats": {"hp": 294, "atk": 123, "def": 204, "spa": 219, "spd": 164, "spe": 150}, "types": ["Fire", "Ghost"]}, "Flapple": {"name": "Flapple", "species": "Flapple", "speciesId": "flapple", "gender": "F", "shiny": false, "level": 88, "moves": ["suckerpunch", "outrage", "dragondance", "gravapple"], "ability": "Hustle", "evs": {"hp": 85, "atk": 85, "def": 85, "spa": 85, "spd": 85, "spe": 85}, "ivs": {"hp": 31, "atk": 31, "def": 31, "spa": 31, "spd": 31, "spe": 31}, "item": "Wide Lens", "teraType": "Steel", "role": "Fast Attacker", "bvs": {"hp": 70, "atk": 110, "def": 80, "spa": 95, "spd": 60, "spe": 70}, "stats": {"hp": 266, "atk": 244, "def": 191, "spa": 217, "spd": 156, "spe": 173}, "types": ["Grass", "Dragon"]}, "Veluza": {"name": "Veluza", "species": "Veluza", "speciesId": "veluza", "gender": "F", "shiny": false, "level": 85, "moves": ["psychocut", "nightslash", "filletaway", "aquacutter"], "ability": "Sharpness", "evs": {"hp": 85, "atk": 85, "def": 85, "spa": 85, "spd": 85, "spe": 85}, "ivs": {"hp": 31, "atk": 31, "def": 31, "spa": 31, "spd": 31, "spe": 31}, "item": "Sitrus Berry", "teraType": "Dark", "role": "Setup Sweeper", "bvs": {"hp": 90, "atk": 102, "def": 73, "spa": 78, "spd": 65, "spe": 70}, "stats": {"hp": 292, "atk": 222, "def": 173, "spa": 181, "spd": 159, "spe": 168}, "types": ["Water", "Psychic"]}, "Registeel": {"name": "Registeel", "species": "Registeel", "speciesId": "registeel", "gender": "N", "shiny": false, "level": 81, "moves": ["ironhead", "irondefense", "bodypress", "thunderwave"], "ability": "Clear Body", "evs": {"hp": 85, "atk": 85, "def": 85, "spa": 85, "spd": 85, "spe": 85}, "ivs": {"hp": 31, "atk": 31, "def": 31, "spa": 31, "spd": 31, "spe": 31}, "item": "Leftovers", "teraType": "Fighting", "role": "Bulky Support", "bvs": {"hp": 80, "atk": 75, "def": 150, "spa": 75, "spd": 150, "spe": 50}, "stats": {"hp": 262, "atk": 168, "def": 290, "spa": 168, "spd": 290, "spe": 128}, "types": ["Steel"]}, "Espeon": {"name": "Espeon", "species": "Espeon", "speciesId": "espeon", "gender": "M", "shiny": false, "level": 84, "moves": ["shadowball", "psyshock", "morningsun", "alluringvoice"], "ability": "Magic Bounce", "evs": {"hp": 85, "atk": 0, "def": 85, "spa": 85, "spd": 85, "spe": 85}, "ivs": {"hp": 31, "atk": 0, "def": 31, "spa": 31, "spd": 31, "spe": 31}, "item": "Life Orb", "teraType": "Psychic", "role": "Fast Attacker", "bvs": {"hp": 65, "atk": 65, "def": 60, "spa": 130, "spd": 95, "spe": 110}, "stats": {"hp": 246, "atk": 114, "def": 149, "spa": 267, "spd": 208, "spe": 233}, "types": ["Psychic"]}}]}