{"id": "gen9randombattle-2631439883", "format": "[Gen 9] Random Battle", "players": ["moritzvb", "NickPlayeZ"], "log": "|j|\u2606moritzvb\n|j|\u2606NickPlayeZ\n|t:|1781384878\n|gametype|singles\n|player|p1|moritzvb|ariana|2160\n|player|p2|NickPlayeZ|emmet|2121\n|gen|9\n|tier|[Gen 9] Random Battle\n|rated|\n|rule|Species Clause: Limit one of each Pok\u00e9mon\n|rule|HP Percentage Mod: HP is shown in percentages\n|rule|Sleep Clause Mod: Limit one foe put to sleep\n|rule|Illusion Level Mod: Illusion disguises the Pok\u00e9mon's true level\n|\n|t:|1781384878\n|teamsize|p1|6\n|teamsize|p2|6\n|start\n|switch|p1a: Lucario|Lucario, L84, F|255/255\n|switch|p2a: Gouging Fire|Gouging Fire, L74|277/277\n|turn|1\n|inactive|Battle timer is ON: inactive players will automatically lose when time's up. (requested by NickPlayeZ)\n|inactive|moritzvb has 120 seconds left.\n|\n|t:|1781384925\n|switch|p1a: Iron Hands|Iron Hands, L79|373/373\n|move|p2a: Gouging Fire|Dragon Dance|p2a: Gouging Fire\n|-boost|p2a: Gouging Fire|atk|1\n|-boost|p2a: Gouging Fire|spe|1\n|\n|upkeep\n|turn|2\n|\n|t:|1781384937\n|move|p2a: Gouging Fire|Earthquake|p1a: Iron Hands\n|-supereffective|p1a: Iron Hands\n|-crit|p1a: Iron Hands\n|-damage|p1a: Iron Hands|129/373\n|move|p1a: Iron Hands|Swords Dance|p1a: Iron Hands\n|-boost|p1a: Iron Hands|atk|2\n|\n|-heal|p1a: Iron Hands|152/373|[from] item: Leftovers\n|upkeep\n|turn|3\n|\n|t:|1781384942\n|-terastallize|p1a: Iron Hands|Flying\n|move|p2a: Gouging Fire|Earthquake|p1a: Iron Hands\n|-immune|p1a: Iron Hands\n|move|p1a: Iron Hands|Drain Punch|p2a: Gouging Fire\n|-damage|p2a: Gouging Fire|100/277\n|-heal|p1a: Iron Hands|241/373|[from] drain|[of] p2a: Gouging Fire\n|\n|-heal|p1a: Iron Hands|264/373|[from] item: Leftovers\n|upkeep\n|turn|4\n|\n|t:|1781384945\n|move|p2a: Gouging Fire|Outrage|p1a: Iron Hands\n|-damage|p1a: Iron Hands|110/373\n|move|p1a: Iron Hands|Drain Punch|p2a: Gouging Fire\n|-damage|p2a: Gouging Fire|0 fnt\n|-heal|p1a: Iron Hands|160/373|[from] drain|[of] p2a: Gouging Fire\n|faint|p2a: Gouging Fire\n|-end|p2a: Gouging Fire|Protosynthesis|[silent]\n|\n|-heal|p1a: Iron Hands|183/373|[from] item: Leftovers\n|upkeep\n|\n|t:|1781384958\n|switch|p2a: Golurk|Golurk, L87|297/297\n|turn|5\n|\n|t:|1781384962\n|move|p2a: Golurk|Poltergeist|p1a: Iron Hands\n|-activate|p1a: Iron Hands|move: Poltergeist|Leftovers\n|-damage|p1a: Iron Hands|0 fnt\n|faint|p1a: Iron Hands\n|-end|p1a: Iron Hands|Quark Drive|[silent]\n|\n|upkeep\n|\n|t:|1781384982\n|switch|p1a: Glastrier|Glastrier, L86|311/311\n|turn|6\n|\n|t:|1781385000\n|switch|p2a: Scizor|Scizor, L79, F|240/240\n|move|p1a: Glastrier|Heavy Slam|p2a: Scizor\n|-resisted|p2a: Scizor\n|-damage|p2a: Scizor|156/240\n|\n|-heal|p2a: Scizor|171/240|[from] item: Leftovers\n|upkeep\n|turn|7\n|\n|t:|1781385019\n|switch|p1a: Yanmega|Yanmega, L82, M|275/275\n|move|p2a: Scizor|Close Combat|p1a: Yanmega\n|-resisted|p1a: Yanmega\n|-damage|p1a: Yanmega|252/275\n|-unboost|p2a: Scizor|def|1\n|-unboost|p2a: Scizor|spd|1\n|\n|-heal|p2a: Scizor|186/240|[from] item: Leftovers\n|upkeep\n|turn|8\n|inactive|NickPlayeZ has 120 seconds left.\n|\n|t:|1781385048\n|-terastallize|p2a: Scizor|Steel\n|move|p2a: Scizor|Bullet Punch|p1a: Yanmega\n|-crit|p1a: Yanmega\n|-damage|p1a: Yanmega|108/275\n|move|p1a: Yanmega|Bug Buzz|p2a: Scizor\n|-resisted|p2a: Scizor\n|-damage|p2a: Scizor|0 fnt\n|faint|p2a: Scizor\n|\n|upkeep\n|c|\u2606NickPlayeZ|why did a crit do nothing\n|\n|t:|1781385062\n|switch|p2a: Ditto|Ditto, L87|225/225\n|-transform|p2a: Ditto|p1a: Yanmega|[from] ability: Imposter\n|turn|9\n|c|\u2606moritzvb|yanmega is physically defesive\n|\n|t:|1781385070\n|switch|p1a: Sylveon|Sylveon, L85, F|300/300\n|move|p2a: Ditto|Air Slash|p1a: Sylveon\n|-damage|p1a: Sylveon|233/300\n|\n|-heal|p1a: Sylveon|251/300|[from] item: Leftovers\n|upkeep\n|turn|10\n|\n|t:|1781385075\n|switch|p2a: Golurk|Golurk, L87|297/297\n|move|p1a: Sylveon|Hyper Voice|p2a: Golurk\n|-damage|p2a: Golurk|164/297\n|\n|-heal|p1a: Sylveon|269/300|[from] item: Leftovers\n|upkeep\n|turn|11\n|\n|t:|1781385078\n|move|p1a: Sylveon|Protect|p1a: Sylveon\n|-singleturn|p1a: Sylveon|Protect\n|move|p2a: Golurk|Poltergeist|p1a: Sylveon\n|-activate|p1a: Sylveon|move: Protect\n|\n|-heal|p1a: Sylveon|287/300|[from] item: Leftovers\n|upkeep\n|turn|12\n|\n|t:|1781385082\n|switch|p1a: Glastrier|Glastrier, L86|311/311\n|move|p2a: Golurk|Poltergeist|p1a: Glastrier\n|-activate|p1a: Glastrier|move: Poltergeist|Choice Band\n|-damage|p1a: Glastrier|142/311\n|\n|upkeep\n|turn|13\n|\n|t:|1781385086\n|move|p2a: Golurk|Poltergeist|p1a: Glastrier\n|-activate|p1a: Glastrier|move: Poltergeist|Choice Band\n|-damage|p1a: Glastrier|0 fnt\n|faint|p1a: Glastrier\n|\n|upkeep\n|\n|t:|1781385097\n|switch|p1a: Yanmega|Yanmega, L82, M|108/275\n|turn|14\n|c|\u2606NickPlayeZ|and this dogshit as fuck website gave me yet another unwinnable matchup\n|\n|t:|1781385108\n|move|p1a: Yanmega|Bug Buzz|p2a: Golurk\n|-resisted|p2a: Golurk\n|-damage|p2a: Golurk|8/297\n|move|p2a: Golurk|Poltergeist|p1a: Yanmega\n|-activate|p1a: Yanmega|move: Poltergeist|Choice Specs\n|-damage|p1a: Yanmega|0 fnt\n|faint|p1a: Yanmega\n|\n|upkeep\n|c|\u2606NickPlayeZ|thank god\n|\n|t:|1781385117\n|switch|p1a: Lucario|Lucario, L84, F|255/255\n|turn|15\n|c|\u2606NickPlayeZ|that thing literally 6-0d otherwise\n|\n|t:|1781385123\n|move|p1a: Lucario|Meteor Mash|p2a: Golurk\n|-damage|p2a: Golurk|0 fnt\n|faint|p2a: Golurk\n|\n|upkeep\n|\n|t:|1781385128\n|switch|p2a: Conkeldurr|Conkeldurr, L80, F|299/299\n|turn|16\n|\n|t:|1781385133\n|switch|p2a: Ogerpon|Ogerpon, L80, F|259/259\n|move|p1a: Lucario|Meteor Mash|p2a: Ogerpon\n|-damage|p2a: Ogerpon|75/259\n|\n|upkeep\n|turn|17\n|c|\u2606NickPlayeZ|i disagree\n|\n|t:|1781385143\n|move|p2a: Ogerpon|Superpower|p1a: Lucario\n|-supereffective|p1a: Lucario\n|-damage|p1a: Lucario|0 fnt\n|-unboost|p2a: Ogerpon|atk|1\n|-unboost|p2a: Ogerpon|def|1\n|faint|p1a: Lucario\n|-damage|p2a: Ogerpon|50/259|[from] item: Life Orb\n|\n|upkeep\n|\n|t:|1781385148\n|switch|p1a: Sylveon|Sylveon, L85, F|287/300\n|turn|18\n|c|\u2606NickPlayeZ|that kills? damn\n|\n|t:|1781385152\n|switch|p2a: Ditto|Ditto, L87|225/225\n|-transform|p2a: Ditto|p1a: Sylveon|[from] ability: Imposter\n|move|p1a: Sylveon|Hyper Voice|p2a: Ditto\n|-damage|p2a: Ditto|122/225\n|\n|-heal|p1a: Sylveon|300/300|[from] item: Leftovers\n|upkeep\n|turn|19\n|\n|t:|1781385159\n|switch|p2a: Ogerpon|Ogerpon, L80, F|50/259\n|move|p1a: Sylveon|Wish|p1a: Sylveon\n|\n|upkeep\n|turn|20\n|\n|t:|1781385165\n|move|p2a: Ogerpon|Knock Off|p1a: Sylveon\n|-resisted|p1a: Sylveon\n|-damage|p1a: Sylveon|245/300\n|-enditem|p1a: Sylveon|Leftovers|[from] move: Knock Off|[of] p2a: Ogerpon\n|-damage|p2a: Ogerpon|25/259|[from] item: Life Orb\n|move|p1a: Sylveon|Hyper Voice|p2a: Ogerpon\n|-damage|p2a: Ogerpon|0 fnt\n|faint|p2a: Ogerpon\n|\n|-heal|p1a: Sylveon|300/300|[from] move: Wish|[wisher] Sylveon\n|upkeep\n|c|\u2606NickPlayeZ|still unwinnable\n|\n|t:|1781385172\n|switch|p2a: Conkeldurr|Conkeldurr, L80, F|299/299\n|turn|21\n|c|\u2606NickPlayeZ|dogshit as fuck website\n|c|\u2606NickPlayeZ|bg\n|\n|t:|1781385177\n|move|p1a: Sylveon|Hyper Voice|p2a: Conkeldurr\n|-supereffective|p2a: Conkeldurr\n|-damage|p2a: Conkeldurr|0 fnt\n|faint|p2a: Conkeldurr\n|\n|upkeep\n|-message|NickPlayeZ forfeited.\n|\n|win|moritzvb\n", "inputlog": ">version a8376a258c1d4662feba110a92103f3664a72141\n>start {\"formatid\":\"gen9randombattle\",\"seed\":\"sodium,e13cbc0b81f8db739f5fd65074638d42\",\"rated\":\"Rated battle\"}\n>player p1 {\"name\":\"moritzvb\",\"avatar\":\"ariana\",\"rating\":2160,\"seed\":\"sodium,c7b55da8262b5be8a8d94ad3f2bd0b4c\"}\n>player p2 {\"name\":\"NickPlayeZ\",\"avatar\":\"emmet\",\"rating\":2121,\"seed\":\"sodium,dbcb0819a579c5102688d492aa8695aa\"}\n>p1 switch 4\n>p2 move dragondance\n>p1 move swordsdance\n>p2 move earthquake\n>p1 move drainpunch terastallize\n>p2 move earthquake\n>p1 move drainpunch\n>p2 move outrage\n>p2 switch 4\n>p1 move icepunch\n>p2 move poltergeist\n>p1 switch 2\n>p1 move heavyslam\n>p2 switch 3\n>p1 switch 3\n>p2 move closecombat\n>p1 move bugbuzz\n>p2 move bulletpunch terastallize\n>chat \u2606NickPlayeZ|why did a crit do nothing\n>p2 switch 6\n>chat \u2606moritzvb|yanmega is physically defesive\n>p1 switch 6\n>p2 move airslash\n>p1 move hypervoice\n>p2 switch 3\n>p1 move protect\n>p2 move poltergeist\n>p1 switch 3\n>p2 move poltergeist\n>p1 move iciclecrash\n>p2 move poltergeist\n>p1 switch 6\n>chat \u2606NickPlayeZ|and this dogshit as fuck website gave me yet another unwinnable matchup\n>p1 move bugbuzz\n>p2 move poltergeist\n>chat \u2606NickPlayeZ|thank god\n>p1 switch 4\n>chat \u2606NickPlayeZ|that thing literally 6-0d otherwise\n>p1 move meteormash\n>p2 move poltergeist\n>p2 switch 2\n>p1 move meteormash\n>p2 switch 5\n>chat \u2606NickPlayeZ|i disagree\n>p1 move meteormash\n>p2 move superpower\n>p1 switch 3\n>chat \u2606NickPlayeZ|that kills? damn\n>p1 move hypervoice\n>p2 switch 3\n>p1 move wish\n>p2 switch 3\n>p1 move hypervoice\n>p2 move knockoff\n>chat \u2606NickPlayeZ|still unwinnable\n>p2 switch 5\n>chat \u2606NickPlayeZ|dogshit as fuck website\n>chat \u2606NickPlayeZ|bg\n>p1 move hypervoice\n>p2 move facade\n>forcelose p2", "uploadtime": 1781384880, "views": 10, "formatid": "gen9randombattle", "rating": null, "private": 0, "password": null, "player_dets": [{"name": "moritzvb", "avatar": "ariana", "rating": 2160, "seed": "sodium,c7b55da8262b5be8a8d94ad3f2bd0b4c"}, {"name": "NickPlayeZ", "avatar": "emmet", "rating": 2121, "seed": "sodium,dbcb0819a579c5102688d492aa8695aa"}], "teams_full": [{"Lucario": {"name": "Lucario", "species": "Lucario", "speciesId": "lucario", "gender": "F", "shiny": false, "level": 84, "moves": ["stoneedge", "meteormash", "closecombat", "extremespeed"], "ability": "Justified", "evs": {"hp": 85, "atk": 85, "def": 85, "spa": 85, "spd": 85, "spe": 85}, "ivs": {"hp": 31, "atk": 31, "def": 31, "spa": 31, "spd": 31, "spe": 31}, "item": "Choice Band", "teraType": "Normal", "role": "Fast Attacker", "bvs": {"hp": 70, "atk": 110, "def": 70, "spa": 115, "spd": 70, "spe": 90}, "stats": {"hp": 255, "atk": 233, "def": 166, "spa": 241, "spd": 166, "spe": 199}, "types": ["Fighting", "Steel"]}, "Glastrier": {"name": "Glastrier", "species": "Glastrier", "speciesId": "glastrier", "gender": "N", "shiny": false, "level": 86, "moves": ["iciclecrash", "highhorsepower", "heavyslam", "closecombat"], "ability": "Chilling Neigh", "evs": {"hp": 81, "atk": 85, "def": 85, "spa": 85, "spd": 85, "spe": 85}, "ivs": {"hp": 31, "atk": 31, "def": 31, "spa": 31, "spd": 31, "spe": 31}, "item": "Choice Band", "teraType": "Steel", "role": "Bulky Attacker", "bvs": {"hp": 100, "atk": 145, "def": 130, "spa": 65, "spd": 110, "spe": 30}, "stats": {"hp": 311, "atk": 299, "def": 273, "spa": 161, "spd": 238, "spe": 101}, "types": ["Ice"]}, "Yanmega": {"name": "Yanmega", "species": "Yanmega", "speciesId": "yanmega", "gender": "M", "shiny": false, "level": 82, "moves": ["gigadrain", "uturn", "airslash", "bugbuzz"], "ability": "Tinted Lens", "evs": {"hp": 85, "atk": 85, "def": 85, "spa": 85, "spd": 85, "spe": 85}, "ivs": {"hp": 31, "atk": 31, "def": 31, "spa": 31, "spd": 31, "spe": 31}, "item": "Choice Specs", "teraType": "Bug", "role": "Wallbreaker", "bvs": {"hp": 86, "atk": 76, "def": 86, "spa": 116, "spd": 56, "spe": 95}, "stats": {"hp": 275, "atk": 172, "def": 188, "spa": 237, "spd": 139, "spe": 203}, "types": ["Bug", "Flying"]}, "Iron Hands": {"name": "Iron Hands", "species": "Iron Hands", "speciesId": "ironhands", "gender": "N", "shiny": false, "level": 79, "moves": ["swordsdance", "drainpunch", "icepunch", "wildcharge"], "ability": "Quark Drive", "evs": {"hp": 85, "atk": 85, "def": 85, "spa": 85, "spd": 85, "spe": 85}, "ivs": {"hp": 31, "atk": 31, "def": 31, "spa": 31, "spd": 31, "spe": 31}, "item": "Leftovers", "teraType": "Flying", "role": "Bulky Attacker", "bvs": {"hp": 154, "atk": 140, "def": 108, "spa": 50, "spd": 68, "spe": 50}, "stats": {"hp": 373, "atk": 267, "def": 216, "spa": 125, "spd": 153, "spe": 125}, "types": ["Fighting", "Electric"]}, "Regirock": {"name": "Regirock", "species": "Regirock", "speciesId": "regirock", "gender": "N", "shiny": false, "level": 83, "moves": ["bodypress", "stoneedge", "irondefense", "thunderwave"], "ability": "Clear Body", "evs": {"hp": 85, "atk": 85, "def": 85, "spa": 85, "spd": 85, "spe": 85}, "ivs": {"hp": 31, "atk": 31, "def": 31, "spa": 31, "spd": 31, "spe": 31}, "item": "Leftovers", "teraType": "Fighting", "role": "Bulky Attacker", "bvs": {"hp": 80, "atk": 100, "def": 200, "spa": 50, "spd": 100, "spe": 50}, "stats": {"hp": 268, "atk": 214, "def": 380, "spa": 131, "spd": 214, "spe": 131}, "types": ["Rock"]}, "Sylveon": {"name": "Sylveon", "species": "Sylveon", "speciesId": "sylveon", "gender": "F", "shiny": false, "level": 85, "moves": ["calmmind", "hypervoice", "wish", "protect"], "ability": "Pixilate", "evs": {"hp": 85, "atk": 0, "def": 85, "spa": 85, "spd": 85, "spe": 85}, "ivs": {"hp": 31, "atk": 0, "def": 31, "spa": 31, "spd": 31, "spe": 31}, "item": "Leftovers", "teraType": "Steel", "role": "Bulky Setup", "bvs": {"hp": 95, "atk": 65, "def": 65, "spa": 110, "spd": 130, "spe": 60}, "stats": {"hp": 300, "atk": 115, "def": 159, "spa": 236, "spd": 270, "spe": 151}, "types": ["Fairy"]}}, {"Gouging Fire": {"name": "Gouging Fire", "species": "Gouging Fire", "speciesId": "gougingfire", "gender": "N", "shiny": false, "level": 74, "moves": ["earthquake", "outrage", "dragondance", "heatcrash"], "ability": "Protosynthesis", "evs": {"hp": 85, "atk": 85, "def": 85, "spa": 85, "spd": 85, "spe": 85}, "ivs": {"hp": 31, "atk": 31, "def": 31, "spa": 31, "spd": 31, "spe": 31}, "item": "Heavy-Duty Boots", "teraType": "Ground", "role": "Setup Sweeper", "bvs": {"hp": 105, "atk": 115, "def": 121, "spa": 65, "spd": 93, "spe": 91}, "stats": {"hp": 277, "atk": 213, "def": 222, "spa": 139, "spd": 181, "spe": 178}, "types": ["Fire", "Dragon"]}, "Conkeldurr": {"name": "Conkeldurr", "species": "Conkeldurr", "speciesId": "conkeldurr", "gender": "F", "shiny": false, "level": 80, "moves": ["closecombat", "machpunch", "facade", "knockoff"], "ability": "Guts", "evs": {"hp": 85, "atk": 85, "def": 85, "spa": 85, "spd": 85, "spe": 85}, "ivs": {"hp": 31, "atk": 31, "def": 31, "spa": 31, "spd": 31, "spe": 31}, "item": "Flame Orb", "teraType": "Normal", "role": "Wallbreaker", "bvs": {"hp": 105, "atk": 140, "def": 95, "spa": 55, "spd": 65, "spe": 45}, "stats": {"hp": 299, "atk": 270, "def": 198, "spa": 134, "spd": 150, "spe": 118}, "types": ["Fighting"]}, "Scizor": {"name": "Scizor", "species": "Scizor", "speciesId": "scizor", "gender": "F", "shiny": false, "level": 79, "moves": ["bulletpunch", "defog", "uturn", "closecombat"], "ability": "Technician", "evs": {"hp": 85, "atk": 85, "def": 85, "spa": 85, "spd": 85, "spe": 85}, "ivs": {"hp": 31, "atk": 31, "def": 31, "spa": 31, "spd": 31, "spe": 31}, "item": "Leftovers", "teraType": "Steel", "role": "Bulky Support", "bvs": {"hp": 70, "atk": 130, "def": 100, "spa": 55, "spd": 80, "spe": 65}, "stats": {"hp": 240, "atk": 251, "def": 204, "spa": 132, "spd": 172, "spe": 148}, "types": ["Bug", "Steel"]}, "Golurk": {"name": "Golurk", "species": "Golurk", "speciesId": "golurk", "gender": "N", "shiny": false, "level": 87, "moves": ["poltergeist", "dynamicpunch", "earthquake", "stoneedge"], "ability": "No Guard", "evs": {"hp": 85, "atk": 85, "def": 85, "spa": 85, "spd": 85, "spe": 85}, "ivs": {"hp": 31, "atk": 31, "def": 31, "spa": 31, "spd": 31, "spe": 31}, "item": "Choice Band", "teraType": "Fighting", "role": "Wallbreaker", "bvs": {"hp": 89, "atk": 124, "def": 80, "spa": 55, "spd": 80, "spe": 55}, "stats": {"hp": 297, "atk": 266, "def": 189, "spa": 145, "spd": 189, "spe": 145}, "types": ["Ground", "Ghost"]}, "Ogerpon": {"name": "Ogerpon", "species": "Ogerpon", "speciesId": "ogerpon", "gender": "F", "shiny": false, "level": 80, "moves": ["spikes", "ivycudgel", "knockoff", "superpower"], "ability": "Defiant", "evs": {"hp": 85, "atk": 85, "def": 85, "spa": 85, "spd": 85, "spe": 85}, "ivs": {"hp": 31, "atk": 31, "def": 31, "spa": 31, "spd": 31, "spe": 31}, "item": "Life Orb", "teraType": "Grass", "role": "Fast Support", "bvs": {"hp": 80, "atk": 120, "def": 84, "spa": 60, "spd": 96, "spe": 110}, "stats": {"hp": 259, "atk": 238, "def": 181, "spa": 142, "spd": 200, "spe": 222}, "types": ["Grass"]}, "Ditto": {"name": "Ditto", "species": "Ditto", "speciesId": "ditto", "gender": "N", "shiny": false, "level": 87, "moves": ["transform"], "ability": "Imposter", "evs": {"hp": 85, "atk": 85, "def": 85, "spa": 85, "spd": 85, "spe": 85}, "ivs": {"hp": 31, "atk": 31, "def": 31, "spa": 31, "spd": 31, "spe": 31}, "item": "Choice Scarf", "teraType": "Steel", "role": "Fast Support", "bvs": {"hp": 48, "atk": 48, "def": 48, "spa": 48, "spd": 48, "spe": 48}, "stats": {"hp": 225, "atk": 133, "def": 133, "spa": 133, "spd": 133, "spe": 133}, "types": ["Normal"]}}]}