{"id": "gen9randombattle-2631886071", "format": "[Gen 9] Random Battle", "players": ["j4jnejeke", "heyueumejeh"], "log": "|j|\u2606j4jnejeke\n|j|\u2606heyueumejeh\n|t:|1781452045\n|gametype|singles\n|player|p1|j4jnejeke|1|1000\n|player|p2|heyueumejeh|101|1000\n|gen|9\n|tier|[Gen 9] Random Battle\n|rated|\n|rule|Species Clause: Limit one of each Pok\u00e9mon\n|rule|HP Percentage Mod: HP is shown in percentages\n|rule|Sleep Clause Mod: Limit one foe put to sleep\n|rule|Illusion Level Mod: Illusion disguises the Pok\u00e9mon's true level\n|\n|t:|1781452045\n|teamsize|p1|6\n|teamsize|p2|6\n|start\n|switch|p1a: Walking Wake|Walking Wake, L79|286/286\n|switch|p2a: Heracross|Heracross, L80, F|259/259\n|turn|1\n|inactive|Battle timer is ON: inactive players will automatically lose when time's up. (requested by j4jnejeke)\n|\n|t:|1781452076\n|move|p1a: Walking Wake|Flamethrower|p2a: Heracross\n|-supereffective|p2a: Heracross\n|-damage|p2a: Heracross|47/259\n|move|p2a: Heracross|Knock Off|p1a: Walking Wake\n|-damage|p1a: Walking Wake|206/286\n|-enditem|p1a: Walking Wake|Choice Specs|[from] move: Knock Off|[of] p2a: Heracross\n|\n|-status|p2a: Heracross|brn|[from] item: Flame Orb\n|upkeep\n|turn|2\n|\n|t:|1781452100\n|switch|p2a: Tentacruel|Tentacruel, L84, F|272/272\n|move|p1a: Walking Wake|Flamethrower|p2a: Tentacruel\n|-resisted|p2a: Tentacruel\n|-damage|p2a: Tentacruel|244/272\n|\n|-heal|p2a: Tentacruel|261/272|[from] item: Leftovers\n|upkeep\n|turn|3\n|\n|t:|1781452114\n|move|p1a: Walking Wake|Flip Turn|p2a: Tentacruel\n|-resisted|p2a: Tentacruel\n|-damage|p2a: Tentacruel|228/272\n|\n|t:|1781452128\n|-end|p1a: Walking Wake|Protosynthesis|[silent]\n|switch|p1a: Hitmontop|Hitmontop, L88, M|231/231|[from] Flip Turn\n|-ability|p1a: Hitmontop|Intimidate|boost\n|-unboost|p2a: Tentacruel|atk|1\n|move|p2a: Tentacruel|Sludge Bomb|p1a: Hitmontop\n|-damage|p1a: Hitmontop|182/231\n|\n|-heal|p2a: Tentacruel|245/272|[from] item: Leftovers\n|upkeep\n|turn|4\n|inactive|heyueumejeh has 120 seconds left.\n|\n|t:|1781452156\n|switch|p2a: Espathra|Espathra, L80, F|283/283\n|move|p1a: Hitmontop|Rapid Spin|p2a: Espathra\n|-damage|p2a: Espathra|233/283\n|-boost|p1a: Hitmontop|spe|1\n|\n|upkeep\n|turn|5\n|inactive|heyueumejeh has 120 seconds left.\n|\n|t:|1781452174\n|-terastallize|p1a: Hitmontop|Steel\n|move|p1a: Hitmontop|Earthquake|p2a: Espathra\n|-damage|p2a: Espathra|120/283\n|move|p2a: Espathra|Lumina Crash|p1a: Hitmontop\n|-resisted|p1a: Hitmontop\n|-damage|p1a: Hitmontop|152/231\n|-unboost|p1a: Hitmontop|spd|2\n|\n|-ability|p2a: Espathra|Speed Boost|boost\n|-boost|p2a: Espathra|spe|1\n|upkeep\n|turn|6\n|inactive|heyueumejeh has 120 seconds left.\n|\n|t:|1781452199\n|switch|p2a: Deoxys|Deoxys, L74|196/196\n|-ability|p2a: Deoxys|Pressure\n|move|p1a: Hitmontop|Earthquake|p2a: Deoxys\n|-damage|p2a: Deoxys|66/196\n|\n|upkeep\n|turn|7\n|\n|t:|1781452212\n|move|p2a: Deoxys|Superpower|p1a: Hitmontop\n|-supereffective|p1a: Hitmontop\n|-damage|p1a: Hitmontop|0 fnt\n|-unboost|p2a: Deoxys|atk|1\n|-unboost|p2a: Deoxys|def|1\n|faint|p1a: Hitmontop\n|-damage|p2a: Deoxys|47/196|[from] item: Life Orb\n|\n|upkeep\n|\n|t:|1781452223\n|switch|p1a: Leavanny|Leavanny, L86, M|269/269\n|turn|8\n|\n|t:|1781452241\n|switch|p2a: Typhlosion|Typhlosion-Hisui, L83, F|257/257\n|move|p1a: Leavanny|Sticky Web|p2a: Typhlosion\n|-sidestart|p2: heyueumejeh|move: Sticky Web\n|\n|upkeep\n|turn|9\n|\n|t:|1781452257\n|switch|p1a: Walking Wake|Walking Wake, L79|206/286\n|move|p2a: Typhlosion|Focus Blast|p1a: Walking Wake\n|-damage|p1a: Walking Wake|48/286\n|\n|upkeep\n|turn|10\n|\n|t:|1781452264\n|move|p1a: Walking Wake|Hydro Pump|p2a: Typhlosion|[miss]\n|-miss|p1a: Walking Wake|p2a: Typhlosion\n|move|p2a: Typhlosion|Focus Blast|p1a: Walking Wake|[miss]\n|-miss|p2a: Typhlosion|p1a: Walking Wake\n|\n|upkeep\n|turn|11\n|\n|t:|1781452271\n|move|p1a: Walking Wake|Hydro Pump|p2a: Typhlosion\n|-supereffective|p2a: Typhlosion\n|-damage|p2a: Typhlosion|0 fnt\n|faint|p2a: Typhlosion\n|\n|upkeep\n|\n|t:|1781452278\n|switch|p2a: Deoxys|Deoxys, L74|47/196\n|-activate|p2a: Deoxys|move: Sticky Web\n|-unboost|p2a: Deoxys|spe|1\n|-ability|p2a: Deoxys|Pressure\n|turn|12\n|\n|t:|1781452286\n|move|p2a: Deoxys|Extreme Speed|p1a: Walking Wake\n|-damage|p1a: Walking Wake|0 fnt\n|faint|p1a: Walking Wake\n|-end|p1a: Walking Wake|Protosynthesis|[silent]\n|-damage|p2a: Deoxys|28/196|[from] item: Life Orb\n|\n|upkeep\n|\n|t:|1781452290\n|switch|p1a: Leavanny|Leavanny, L86, M|269/269\n|turn|13\n|inactive|heyueumejeh has 120 seconds left.\n|\n|t:|1781452300\n|move|p1a: Leavanny|Bullet Seed|p2a: Deoxys\n|-damage|p2a: Deoxys|0 fnt\n|faint|p2a: Deoxys\n|-hitcount|p2: Deoxys|1\n|\n|upkeep\n|inactive|heyueumejeh has 120 seconds left.\n|\n|t:|1781452315\n|switch|p2a: Tauros|Tauros-Paldea-Blaze, L81, M|254/254\n|-activate|p2a: Tauros|move: Sticky Web\n|-unboost|p2a: Tauros|spe|1\n|-ability|p2a: Tauros|Intimidate|boost\n|-unboost|p1a: Leavanny|atk|1\n|turn|14\n|\n|t:|1781452334\n|switch|p1a: Politoed|Politoed, L88, F|302/302\n|-weather|RainDance|[from] ability: Drizzle|[of] p1a: Politoed\n|move|p2a: Tauros|Stone Edge|p1a: Politoed\n|-damage|p1a: Politoed|183/302\n|\n|-weather|RainDance|[upkeep]\n|-heal|p1a: Politoed|201/302|[from] item: Leftovers\n|upkeep\n|turn|15\n|\n|t:|1781452353\n|switch|p2a: Tentacruel|Tentacruel, L84, F|245/272\n|-activate|p2a: Tentacruel|move: Sticky Web\n|-unboost|p2a: Tentacruel|spe|1\n|move|p1a: Politoed|Surf|p2a: Tentacruel\n|-resisted|p2a: Tentacruel\n|-damage|p2a: Tentacruel|184/272\n|\n|-weather|RainDance|[upkeep]\n|-heal|p1a: Politoed|219/302|[from] item: Leftovers\n|-heal|p2a: Tentacruel|201/272|[from] item: Leftovers\n|upkeep\n|turn|16\n|\n|t:|1781452371\n|switch|p1a: Leavanny|Leavanny, L86, M|269/269\n|move|p2a: Tentacruel|Sludge Bomb|p1a: Leavanny\n|-supereffective|p1a: Leavanny\n|-damage|p1a: Leavanny|93/269\n|\n|-weather|RainDance|[upkeep]\n|-heal|p2a: Tentacruel|218/272|[from] item: Leftovers\n|upkeep\n|turn|17\n|inactive|heyueumejeh has 90 seconds left.\n|\n|t:|1781452392\n|move|p1a: Leavanny|Bullet Seed|p2a: Tentacruel\n|-damage|p2a: Tentacruel|179/272\n|-damage|p2a: Tentacruel|140/272\n|-damage|p2a: Tentacruel|103/272\n|-damage|p2a: Tentacruel|69/272\n|-hitcount|p2a: Tentacruel|4\n|move|p2a: Tentacruel|Sludge Bomb|p1a: Leavanny\n|-supereffective|p1a: Leavanny\n|-damage|p1a: Leavanny|0 fnt\n|faint|p1a: Leavanny\n|\n|-weather|RainDance|[upkeep]\n|-heal|p2a: Tentacruel|86/272|[from] item: Leftovers\n|upkeep\n|\n|t:|1781452402\n|switch|p1a: Alcremie|Alcremie-Mint-Cream, L90, F|263/263\n|turn|18\n|inactive|heyueumejeh has 90 seconds left.\n|\n|t:|1781452415\n|move|p1a: Alcremie|Psyshock|p2a: Tentacruel\n|-supereffective|p2a: Tentacruel\n|-damage|p2a: Tentacruel|0 fnt\n|faint|p2a: Tentacruel\n|\n|-weather|none\n|upkeep\n|inactive|heyueumejeh has 90 seconds left.\n|\n|t:|1781452433\n|switch|p2a: Tauros|Tauros-Paldea-Blaze, L81, M|254/254\n|-activate|p2a: Tauros|move: Sticky Web\n|-unboost|p2a: Tauros|spe|1\n|-ability|p2a: Tauros|Intimidate|boost\n|-unboost|p1a: Alcremie|atk|1\n|turn|19\n|\n|t:|1781452439\n|move|p1a: Alcremie|Alluring Voice|p2a: Tauros\n|-damage|p2a: Tauros|121/254\n|move|p2a: Tauros|Wild Charge|p1a: Alcremie\n|-damage|p1a: Alcremie|163/263\n|-damage|p2a: Tauros|96/254|[from] Recoil\n|\n|-heal|p1a: Alcremie|179/263|[from] item: Leftovers\n|upkeep\n|turn|20\n|inactive|heyueumejeh has 90 seconds left.\n|\n|t:|1781452469\n|move|p1a: Alcremie|Alluring Voice|p2a: Tauros\n|-damage|p2a: Tauros|0 fnt\n|faint|p2a: Tauros\n|\n|-heal|p1a: Alcremie|195/263|[from] item: Leftovers\n|upkeep\n|\n|t:|1781452478\n|switch|p2a: Heracross|Heracross, L80, F|47/259 brn\n|-activate|p2a: Heracross|move: Sticky Web\n|-unboost|p2a: Heracross|spe|1\n|turn|21\n|\n|t:|1781452487\n|move|p1a: Alcremie|Alluring Voice|p2a: Heracross\n|-supereffective|p2a: Heracross\n|-damage|p2a: Heracross|0 fnt\n|faint|p2a: Heracross\n|\n|-heal|p1a: Alcremie|211/263|[from] item: Leftovers\n|upkeep\n|\n|t:|1781452498\n|switch|p2a: Espathra|Espathra, L80, F|120/283\n|-activate|p2a: Espathra|move: Sticky Web\n|-unboost|p2a: Espathra|spe|1\n|turn|22\n|\n|t:|1781452510\n|-terastallize|p2a: Espathra|Fairy\n|move|p1a: Alcremie|Calm Mind|p1a: Alcremie\n|-boost|p1a: Alcremie|spa|1\n|-boost|p1a: Alcremie|spd|1\n|move|p2a: Espathra|Dazzling Gleam|p1a: Alcremie\n|-damage|p1a: Alcremie|153/263\n|\n|-heal|p1a: Alcremie|169/263|[from] item: Leftovers\n|-ability|p2a: Espathra|Speed Boost|boost\n|-boost|p2a: Espathra|spe|1\n|upkeep\n|turn|23\n|\n|t:|1781452522\n|move|p2a: Espathra|Dazzling Gleam|p1a: Alcremie\n|-damage|p1a: Alcremie|109/263\n|move|p1a: Alcremie|Psyshock|p2a: Espathra\n|-damage|p2a: Espathra|0 fnt\n|faint|p2a: Espathra\n|\n|win|j4jnejeke\n|raw|j4jnejeke's rating: 1000 &rarr; <strong>1040</strong><br />(+40 for winning)\n|raw|heyueumejeh's rating: 1000 &rarr; <strong>1000</strong><br />(+0 for losing)\n|l|\u2606heyueumejeh\n|player|p2|\n", "inputlog": ">version a8376a258c1d4662feba110a92103f3664a72141\n>start {\"formatid\":\"gen9randombattle\",\"seed\":\"sodium,a9f2a8d6f844ba9bf7a0da7bf54d461b\",\"rated\":\"Rated battle\"}\n>player p1 {\"name\":\"j4jnejeke\",\"avatar\":\"1\",\"rating\":1000,\"seed\":\"sodium,77021a4f15dc40c9c94eb9c0bbb68d3a\"}\n>player p2 {\"name\":\"heyueumejeh\",\"avatar\":\"101\",\"rating\":1000,\"seed\":\"sodium,7a34f8dd0c6c41a39b67cfedc76984dd\"}\n>p1 move flamethrower\n>p2 move knockoff\n>p1 move flamethrower\n>p2 switch 4\n>p1 move flipturn\n>p2 move sludgebomb\n>p1 switch 3\n>p1 move rapidspin\n>p2 switch 5\n>p1 move earthquake terastallize\n>p2 move luminacrash\n>p1 move earthquake\n>p2 switch 6\n>p1 move earthquake\n>p2 move superpower\n>p1 switch 6\n>p1 move stickyweb\n>p2 switch 2\n>p1 switch 3\n>p2 move focusblast\n>p1 move hydropump\n>p2 move focusblast\n>p1 move hydropump\n>p2 move focusblast\n>p2 switch 2\n>p1 move flipturn\n>p2 move extremespeed\n>p1 switch 3\n>p1 move bulletseed\n>p2 move superpower\n>p2 switch 3\n>p1 switch 2\n>p2 move stoneedge\n>p1 move surf\n>p2 switch 5\n>p1 switch 2\n>p2 move sludgebomb\n>p1 move bulletseed\n>p2 move sludgebomb\n>p1 switch 5\n>p1 move psyshock\n>p2 move sludgebomb\n>p2 switch 5\n>p1 move alluringvoice\n>p2 move wildcharge\n>p1 move alluringvoice\n>p2 move wildcharge\n>p2 switch 4\n>p1 move alluringvoice\n>p2 move facade\n>p2 switch 6\n>p1 move calmmind\n>p2 move dazzlinggleam terastallize\n>p1 move psyshock\n>p2 move dazzlinggleam", "uploadtime": 1781452532, "views": 7, "formatid": "gen9randombattle", "rating": 1000, "private": 0, "password": null, "player_dets": [{"name": "j4jnejeke", "avatar": "1", "rating": 1000, "seed": "sodium,77021a4f15dc40c9c94eb9c0bbb68d3a"}, {"name": "heyueumejeh", "avatar": "101", "rating": 1000, "seed": "sodium,7a34f8dd0c6c41a39b67cfedc76984dd"}], "teams_full": [{"Walking Wake": {"name": "Walking Wake", "species": "Walking Wake", "speciesId": "walkingwake", "gender": "N", "shiny": false, "level": 79, "moves": ["flipturn", "flamethrower", "hydropump", "dracometeor"], "ability": "Protosynthesis", "evs": {"hp": 85, "atk": 85, "def": 85, "spa": 85, "spd": 85, "spe": 85}, "ivs": {"hp": 31, "atk": 31, "def": 31, "spa": 31, "spd": 31, "spe": 31}, "item": "Choice Specs", "teraType": "Fire", "role": "Wallbreaker", "bvs": {"hp": 99, "atk": 83, "def": 91, "spa": 125, "spd": 83, "spe": 109}, "stats": {"hp": 286, "atk": 177, "def": 189, "spa": 243, "spd": 177, "spe": 218}}, "Politoed": {"name": "Politoed", "species": "Politoed", "speciesId": "politoed", "gender": "F", "shiny": false, "level": 88, "moves": ["surf", "haze", "hypnosis", "icebeam"], "ability": "Drizzle", "evs": {"hp": 85, "atk": 0, "def": 85, "spa": 85, "spd": 85, "spe": 85}, "ivs": {"hp": 31, "atk": 0, "def": 31, "spa": 31, "spd": 31, "spe": 31}, "item": "Leftovers", "teraType": "Steel", "role": "Bulky Attacker", "bvs": {"hp": 90, "atk": 75, "def": 75, "spa": 90, "spd": 100, "spe": 70}, "stats": {"hp": 302, "atk": 137, "def": 182, "spa": 209, "spd": 226, "spe": 173}}, "Hitmontop": {"name": "Hitmontop", "species": "Hitmontop", "speciesId": "hitmontop", "gender": "M", "shiny": false, "level": 88, "moves": ["stoneedge", "earthquake", "rapidspin", "closecombat"], "ability": "Intimidate", "evs": {"hp": 85, "atk": 85, "def": 85, "spa": 85, "spd": 85, "spe": 85}, "ivs": {"hp": 31, "atk": 31, "def": 31, "spa": 31, "spd": 31, "spe": 31}, "item": "Assault Vest", "teraType": "Steel", "role": "Bulky Support", "bvs": {"hp": 50, "atk": 95, "def": 95, "spa": 35, "spd": 110, "spe": 70}, "stats": {"hp": 231, "atk": 217, "def": 217, "spa": 112, "spd": 244, "spe": 173}}, "Koraidon": {"name": "Koraidon", "species": "Koraidon", "speciesId": "koraidon", "gender": "N", "shiny": false, "level": 64, "moves": ["scaleshot", "collisioncourse", "flareblitz", "swordsdance"], "ability": "Orichalcum Pulse", "evs": {"hp": 85, "atk": 85, "def": 85, "spa": 85, "spd": 85, "spe": 85}, "ivs": {"hp": 31, "atk": 31, "def": 31, "spa": 31, "spd": 31, "spe": 31}, "item": "Loaded Dice", "teraType": "Fire", "role": "Setup Sweeper", "bvs": {"hp": 100, "atk": 135, "def": 115, "spa": 85, "spd": 100, "spe": 135}, "stats": {"hp": 235, "atk": 211, "def": 185, "spa": 147, "spd": 166, "spe": 211}}, "Alcremie": {"name": "Alcremie", "species": "Alcremie-Mint-Cream", "speciesId": "alcremie", "gender": "F", "shiny": false, "level": 90, "moves": ["recover", "calmmind", "alluringvoice", "psyshock"], "ability": "Aroma Veil", "evs": {"hp": 85, "atk": 0, "def": 85, "spa": 85, "spd": 85, "spe": 85}, "ivs": {"hp": 31, "atk": 0, "def": 31, "spa": 31, "spd": 31, "spe": 31}, "item": "Leftovers", "teraType": "Poison", "role": "Bulky Setup", "bvs": {"hp": 65, "atk": 60, "def": 75, "spa": 110, "spd": 121, "spe": 64}, "stats": {"hp": 263, "atk": 113, "def": 186, "spa": 249, "spd": 269, "spe": 167}}, "Leavanny": {"name": "Leavanny", "species": "Leavanny", "speciesId": "leavanny", "gender": "M", "shiny": false, "level": 86, "moves": ["bulletseed", "stickyweb", "tripleaxel", "knockoff"], "ability": "Chlorophyll", "evs": {"hp": 85, "atk": 85, "def": 85, "spa": 85, "spd": 85, "spe": 85}, "ivs": {"hp": 31, "atk": 31, "def": 31, "spa": 31, "spd": 31, "spe": 31}, "item": "Loaded Dice", "teraType": "Rock", "role": "Fast Attacker", "bvs": {"hp": 75, "atk": 103, "def": 80, "spa": 70, "spd": 80, "spe": 92}, "stats": {"hp": 269, "atk": 226, "def": 187, "spa": 170, "spd": 187, "spe": 207}}}, {"Heracross": {"name": "Heracross", "species": "Heracross", "speciesId": "heracross", "gender": "F", "shiny": false, "level": 80, "moves": ["closecombat", "trailblaze", "knockoff", "facade"], "ability": "Guts", "evs": {"hp": 85, "atk": 85, "def": 85, "spa": 85, "spd": 85, "spe": 85}, "ivs": {"hp": 31, "atk": 31, "def": 31, "spa": 31, "spd": 31, "spe": 31}, "item": "Flame Orb", "teraType": "Normal", "role": "Setup Sweeper", "bvs": {"hp": 80, "atk": 125, "def": 75, "spa": 40, "spd": 95, "spe": 85}, "stats": {"hp": 259, "atk": 246, "def": 166, "spa": 110, "spd": 198, "spe": 182}}, "Typhlosion": {"name": "Typhlosion", "species": "Typhlosion-Hisui", "speciesId": "typhlosionhisui", "gender": "F", "shiny": false, "level": 83, "moves": ["eruption", "focusblast", "fireblast", "shadowball"], "ability": "Blaze", "evs": {"hp": 85, "atk": 0, "def": 85, "spa": 85, "spd": 85, "spe": 85}, "ivs": {"hp": 31, "atk": 0, "def": 31, "spa": 31, "spd": 31, "spe": 31}, "item": "Choice Specs", "teraType": "Fire", "role": "Fast Attacker", "bvs": {"hp": 73, "atk": 84, "def": 78, "spa": 119, "spd": 85, "spe": 95}, "stats": {"hp": 257, "atk": 144, "def": 177, "spa": 245, "spd": 189, "spe": 205}}, "Tauros": {"name": "Tauros", "species": "Tauros-Paldea-Blaze", "speciesId": "taurospaldeablaze", "gender": "M", "shiny": false, "level": 81, "moves": ["flareblitz", "closecombat", "stoneedge", "wildcharge"], "ability": "Intimidate", "evs": {"hp": 85, "atk": 85, "def": 85, "spa": 85, "spd": 85, "spe": 85}, "ivs": {"hp": 31, "atk": 31, "def": 31, "spa": 31, "spd": 31, "spe": 31}, "item": "Choice Band", "teraType": "Fighting", "role": "Wallbreaker", "bvs": {"hp": 75, "atk": 110, "def": 105, "spa": 30, "spd": 70, "spe": 100}, "stats": {"hp": 254, "atk": 225, "def": 217, "spa": 95, "spd": 160, "spe": 209}}, "Tentacruel": {"name": "Tentacruel", "species": "Tentacruel", "speciesId": "tentacruel", "gender": "F", "shiny": false, "level": 84, "moves": ["toxicspikes", "surf", "rapidspin", "sludgebomb"], "ability": "Liquid Ooze", "evs": {"hp": 85, "atk": 85, "def": 85, "spa": 85, "spd": 85, "spe": 85}, "ivs": {"hp": 31, "atk": 31, "def": 31, "spa": 31, "spd": 31, "spe": 31}, "item": "Leftovers", "teraType": "Flying", "role": "Bulky Support", "bvs": {"hp": 80, "atk": 70, "def": 65, "spa": 80, "spd": 120, "spe": 100}, "stats": {"hp": 272, "atk": 166, "def": 157, "spa": 183, "spd": 250, "spe": 216}}, "Espathra": {"name": "Espathra", "species": "Espathra", "speciesId": "espathra", "gender": "F", "shiny": false, "level": 80, "moves": ["luminacrash", "shadowball", "uturn", "dazzlinggleam"], "ability": "Speed Boost", "evs": {"hp": 85, "atk": 85, "def": 85, "spa": 85, "spd": 85, "spe": 85}, "ivs": {"hp": 31, "atk": 31, "def": 31, "spa": 31, "spd": 31, "spe": 31}, "item": "Choice Specs", "teraType": "Fairy", "role": "Wallbreaker", "bvs": {"hp": 95, "atk": 60, "def": 60, "spa": 101, "spd": 60, "spe": 105}, "stats": {"hp": 283, "atk": 142, "def": 142, "spa": 208, "spd": 142, "spe": 214}}, "Deoxys": {"name": "Deoxys", "species": "Deoxys", "speciesId": "deoxys", "gender": "N", "shiny": false, "level": 74, "moves": ["extremespeed", "psychoboost", "superpower", "knockoff"], "ability": "Pressure", "evs": {"hp": 85, "atk": 85, "def": 85, "spa": 85, "spd": 85, "spe": 85}, "ivs": {"hp": 31, "atk": 31, "def": 31, "spa": 31, "spd": 31, "spe": 31}, "item": "Life Orb", "teraType": "Fighting", "role": "Fast Attacker", "bvs": {"hp": 50, "atk": 150, "def": 50, "spa": 150, "spd": 50, "spe": 150}, "stats": {"hp": 196, "atk": 265, "def": 117, "spa": 265, "spd": 117, "spe": 265}}}]}