{"id": "gen9randombattle-2631540014", "format": "[Gen 9] Random Battle", "players": ["Lunar Sloth", "magictac1"], "log": "|j|\u2606Lunar Sloth\n|j|\u2606magictac1\n|t:|1781398581\n|gametype|singles\n|player|p1|Lunar Sloth|jupiter|1953\n|player|p2|magictac1|riley|1932\n|gen|9\n|tier|[Gen 9] Random Battle\n|rated|\n|rule|Species Clause: Limit one of each Pok\u00e9mon\n|rule|HP Percentage Mod: HP is shown in percentages\n|rule|Sleep Clause Mod: Limit one foe put to sleep\n|rule|Illusion Level Mod: Illusion disguises the Pok\u00e9mon's true level\n|\n|t:|1781398581\n|teamsize|p1|6\n|teamsize|p2|6\n|start\n|switch|p1a: Spectrier|Spectrier, L75|274/274\n|switch|p2a: Pincurchin|Pincurchin, M|258/258\n|-fieldstart|move: Electric Terrain|[from] ability: Electric Surge|[of] p2a: Pincurchin\n|turn|1\n|\n|t:|1781398592\n|move|p1a: Spectrier|Shadow Ball|p2a: Pincurchin\n|-damage|p2a: Pincurchin|159/258\n|-unboost|p2a: Pincurchin|spd|1\n|-damage|p1a: Spectrier|247/274|[from] item: Life Orb\n|move|p2a: Pincurchin|Zing Zap|p1a: Spectrier\n|-crit|p1a: Spectrier\n|-damage|p1a: Spectrier|0 fnt\n|faint|p1a: Spectrier\n|\n|-heal|p2a: Pincurchin|175/258|[from] item: Leftovers\n|upkeep\n|inactive|Battle timer is ON: inactive players will automatically lose when time's up. (requested by magictac1)\n|\n|t:|1781398604\n|switch|p1a: Alcremie|Alcremie-Caramel-Swirl, L90, F|263/263\n|turn|2\n|\n|t:|1781398617\n|move|p1a: Alcremie|Alluring Voice|p2a: Pincurchin\n|-damage|p2a: Pincurchin|22/258\n|move|p2a: Pincurchin|Zing Zap|p1a: Alcremie\n|-damage|p1a: Alcremie|91/263\n|\n|-heal|p1a: Alcremie|107/263|[from] item: Leftovers\n|-heal|p2a: Pincurchin|38/258|[from] item: Leftovers\n|upkeep\n|turn|3\n|\n|t:|1781398624\n|move|p1a: Alcremie|Recover|p1a: Alcremie\n|-heal|p1a: Alcremie|239/263\n|move|p2a: Pincurchin|Zing Zap|p1a: Alcremie\n|-damage|p1a: Alcremie|82/263\n|\n|-heal|p1a: Alcremie|98/263|[from] item: Leftovers\n|-heal|p2a: Pincurchin|54/258|[from] item: Leftovers\n|upkeep\n|turn|4\n|\n|t:|1781398627\n|move|p1a: Alcremie|Alluring Voice|p2a: Pincurchin\n|-damage|p2a: Pincurchin|0 fnt\n|faint|p2a: Pincurchin\n|\n|-heal|p1a: Alcremie|114/263|[from] item: Leftovers\n|upkeep\n|\n|t:|1781398629\n|switch|p2a: Venomoth|Venomoth, L84, F|255/255\n|turn|5\n|\n|t:|1781398652\n|move|p2a: Venomoth|Sludge Wave|p1a: Alcremie\n|-supereffective|p1a: Alcremie\n|-damage|p1a: Alcremie|0 fnt\n|faint|p1a: Alcremie\n|\n|-fieldend|move: Electric Terrain\n|upkeep\n|\n|t:|1781398659\n|switch|p1a: Cloyster|Cloyster, L80, F|211/211\n|turn|6\n|\n|t:|1781398675\n|switch|p2a: Porygon2|Porygon2, L81|270/270\n|-ability|p2a: Porygon2|Download|boost\n|-boost|p2a: Porygon2|spa|1\n|move|p1a: Cloyster|Shell Smash|p1a: Cloyster\n|-unboost|p1a: Cloyster|def|1\n|-unboost|p1a: Cloyster|spd|1\n|-boost|p1a: Cloyster|atk|2\n|-boost|p1a: Cloyster|spa|2\n|-boost|p1a: Cloyster|spe|2\n|-enditem|p1a: Cloyster|White Herb\n|-clearnegativeboost|p1a: Cloyster|[silent]\n|\n|upkeep\n|turn|7\n|inactive|Lunar Sloth has 120 seconds left.\n|\n|t:|1781398699\n|-terastallize|p1a: Cloyster|Ground\n|move|p1a: Cloyster|Icicle Spear|p2a: Porygon2\n|-damage|p2a: Porygon2|233/270\n|-damage|p2a: Porygon2|202/270\n|-damage|p2a: Porygon2|166/270\n|-crit|p2a: Porygon2\n|-damage|p2a: Porygon2|117/270\n|-damage|p2a: Porygon2|84/270\n|-hitcount|p2a: Porygon2|5\n|move|p2a: Porygon2|Discharge|p1a: Cloyster\n|-immune|p1a: Cloyster\n|\n|upkeep\n|turn|8\n|inactive|Lunar Sloth has 120 seconds left.\n|l|\u2606magictac1\n|inactive|magictac1 disconnected and has a minute to reconnect!\n|player|p2|\n|inactive|magictac1 has 30 seconds to reconnect!\n|inactive|magictac1 has 20 seconds to reconnect!\n|inactive|magictac1 has 15 seconds to reconnect!\n|inactive|magictac1 has 10 seconds to reconnect!\n|inactive|magictac1 has 5 seconds to reconnect!\n|-message|magictac1 lost due to inactivity.\n|\n|win|Lunar Sloth\n|raw|Lunar Sloth's rating: 1953 &rarr; <strong>1972</strong><br />(+19 for winning)\n|raw|magictac1's rating: 1932 &rarr; <strong>1913</strong><br />(-19 for losing)\n", "inputlog": ">version a8376a258c1d4662feba110a92103f3664a72141\n>start {\"formatid\":\"gen9randombattle\",\"seed\":\"sodium,566f867fc89d81f5b7cac22484fe4a7d\",\"rated\":\"Rated battle\"}\n>player p1 {\"name\":\"Lunar Sloth\",\"avatar\":\"jupiter\",\"rating\":1953,\"seed\":\"sodium,0859df2ccf03ad1e483c43bb3477c358\"}\n>player p2 {\"name\":\"magictac1\",\"avatar\":\"riley\",\"rating\":1932,\"seed\":\"sodium,1ea0d9aa0a3da856452b9ac415061ecd\"}\n>p1 move shadowball\n>p2 move zingzap\n>p1 switch 5\n>p1 move alluringvoice\n>p2 move zingzap\n>p1 move recover\n>p2 move zingzap\n>p1 move alluringvoice\n>p2 move zingzap\n>p2 switch 4\n>p1 move psyshock\n>p2 move sludgewave\n>p1 switch 4\n>p1 move shellsmash\n>p2 switch 3\n>p1 move iciclespear terastallize\n>p2 move discharge\n>forcelose p2", "uploadtime": 1781398583, "views": 5, "formatid": "gen9randombattle", "rating": 1913, "private": 0, "password": null, "player_dets": [{"name": "Lunar Sloth", "avatar": "jupiter", "rating": 1953, "seed": "sodium,0859df2ccf03ad1e483c43bb3477c358"}, {"name": "magictac1", "avatar": "riley", "rating": 1932, "seed": "sodium,1ea0d9aa0a3da856452b9ac415061ecd"}], "teams_full": [{"Spectrier": {"name": "Spectrier", "species": "Spectrier", "speciesId": "spectrier", "gender": "N", "shiny": false, "level": 75, "moves": ["shadowball", "terablast", "willowisp", "nastyplot"], "ability": "Grim Neigh", "evs": {"hp": 85, "atk": 0, "def": 85, "spa": 85, "spd": 85, "spe": 85}, "ivs": {"hp": 31, "atk": 0, "def": 31, "spa": 31, "spd": 31, "spe": 31}, "item": "Life Orb", "teraType": "Fighting", "role": "Tera Blast user", "bvs": {"hp": 100, "atk": 65, "def": 60, "spa": 145, "spd": 80, "spe": 130}, "stats": {"hp": 274, "atk": 102, "def": 134, "spa": 261, "spd": 164, "spe": 239}, "types": ["Ghost"]}, "Rotom": {"name": "Rotom", "species": "Rotom", "speciesId": "rotom", "gender": "N", "shiny": false, "level": 88, "moves": ["willowisp", "thunderbolt", "shadowball", "nastyplot"], "ability": "Levitate", "evs": {"hp": 85, "atk": 0, "def": 85, "spa": 85, "spd": 85, "spe": 85}, "ivs": {"hp": 31, "atk": 0, "def": 31, "spa": 31, "spd": 31, "spe": 31}, "item": "Life Orb", "teraType": "Ghost", "role": "Fast Attacker", "bvs": {"hp": 50, "atk": 50, "def": 77, "spa": 95, "spd": 77, "spe": 91}, "stats": {"hp": 231, "atk": 93, "def": 186, "spa": 217, "spd": 186, "spe": 210}, "types": ["Electric", "Ghost"]}, "Okidogi": {"name": "Okidogi", "species": "Okidogi", "speciesId": "okidogi", "gender": "M", "shiny": false, "level": 77, "moves": ["gunkshot", "drainpunch", "knockoff", "bulkup"], "ability": "Toxic Chain", "evs": {"hp": 85, "atk": 85, "def": 85, "spa": 85, "spd": 85, "spe": 85}, "ivs": {"hp": 31, "atk": 31, "def": 31, "spa": 31, "spd": 31, "spe": 31}, "item": "Leftovers", "teraType": "Dark", "role": "Bulky Setup", "bvs": {"hp": 88, "atk": 128, "def": 115, "spa": 58, "spd": 86, "spe": 80}, "stats": {"hp": 262, "atk": 242, "def": 222, "spa": 134, "spd": 177, "spe": 168}, "types": ["Poison", "Fighting"]}, "Cloyster": {"name": "Cloyster", "species": "Cloyster", "speciesId": "cloyster", "gender": "F", "shiny": false, "level": 80, "moves": ["shellsmash", "rockblast", "iciclespear", "drillrun"], "ability": "Skill Link", "evs": {"hp": 85, "atk": 85, "def": 85, "spa": 85, "spd": 85, "spe": 85}, "ivs": {"hp": 31, "atk": 31, "def": 31, "spa": 31, "spd": 31, "spe": 31}, "item": "White Herb", "teraType": "Ground", "role": "Fast Attacker", "bvs": {"hp": 50, "atk": 95, "def": 180, "spa": 85, "spd": 45, "spe": 70}, "stats": {"hp": 211, "atk": 198, "def": 334, "spa": 182, "spd": 118, "spe": 158}, "types": ["Water", "Ice"]}, "Alcremie": {"name": "Alcremie", "species": "Alcremie-Caramel-Swirl", "speciesId": "alcremie", "gender": "F", "shiny": false, "level": 90, "moves": ["calmmind", "alluringvoice", "recover", "psyshock"], "ability": "Aroma Veil", "evs": {"hp": 85, "atk": 0, "def": 85, "spa": 85, "spd": 85, "spe": 85}, "ivs": {"hp": 31, "atk": 0, "def": 31, "spa": 31, "spd": 31, "spe": 31}, "item": "Leftovers", "teraType": "Steel", "role": "Bulky Setup", "bvs": {"hp": 65, "atk": 60, "def": 75, "spa": 110, "spd": 121, "spe": 64}, "stats": {"hp": 263, "atk": 113, "def": 186, "spa": 249, "spd": 269, "spe": 167}, "types": ["Fairy"]}, "Slowking": {"name": "Slowking", "species": "Slowking", "speciesId": "slowking", "gender": "M", "shiny": false, "level": 88, "moves": ["slackoff", "chillyreception", "futuresight", "scald"], "ability": "Regenerator", "evs": {"hp": 85, "atk": 0, "def": 85, "spa": 85, "spd": 85, "spe": 85}, "ivs": {"hp": 31, "atk": 0, "def": 31, "spa": 31, "spd": 31, "spe": 31}, "item": "Heavy-Duty Boots", "teraType": "Dragon", "role": "Fast Support", "bvs": {"hp": 95, "atk": 75, "def": 80, "spa": 100, "spd": 110, "spe": 30}, "stats": {"hp": 310, "atk": 137, "def": 191, "spa": 226, "spd": 244, "spe": 103}, "types": ["Water", "Psychic"]}}, {"Pincurchin": {"name": "Pincurchin", "species": "Pincurchin", "speciesId": "pincurchin", "gender": "M", "shiny": false, "level": 100, "moves": ["liquidation", "recover", "zingzap", "curse"], "ability": "Electric Surge", "evs": {"hp": 85, "atk": 85, "def": 85, "spa": 85, "spd": 85, "spe": 85}, "ivs": {"hp": 31, "atk": 31, "def": 31, "spa": 31, "spd": 31, "spe": 31}, "item": "Leftovers", "teraType": "Grass", "role": "Bulky Setup", "bvs": {"hp": 48, "atk": 101, "def": 95, "spa": 91, "spd": 85, "spe": 15}, "stats": {"hp": 258, "atk": 259, "def": 247, "spa": 239, "spd": 227, "spe": 87}, "types": ["Electric"]}, "Rampardos": {"name": "Rampardos", "species": "Rampardos", "speciesId": "rampardos", "gender": "F", "shiny": false, "level": 90, "moves": ["firepunch", "earthquake", "zenheadbutt", "rockslide"], "ability": "Sheer Force", "evs": {"hp": 85, "atk": 85, "def": 85, "spa": 85, "spd": 85, "spe": 85}, "ivs": {"hp": 31, "atk": 31, "def": 31, "spa": 31, "spd": 31, "spe": 31}, "item": "Life Orb", "teraType": "Rock", "role": "Wallbreaker", "bvs": {"hp": 97, "atk": 165, "def": 60, "spa": 65, "spd": 50, "spe": 58}, "stats": {"hp": 321, "atk": 348, "def": 159, "spa": 168, "spd": 141, "spe": 156}, "types": ["Rock"]}, "Porygon2": {"name": "Porygon2", "species": "Porygon2", "speciesId": "porygon2", "gender": "N", "shiny": false, "level": 81, "moves": ["discharge", "icebeam", "triattack", "recover"], "ability": "Download", "evs": {"hp": 85, "atk": 0, "def": 85, "spa": 85, "spd": 85, "spe": 85}, "ivs": {"hp": 31, "atk": 0, "def": 31, "spa": 31, "spd": 31, "spe": 31}, "item": "Eviolite", "teraType": "Ghost", "role": "Bulky Support", "bvs": {"hp": 85, "atk": 80, "def": 90, "spa": 105, "spd": 95, "spe": 60}, "stats": {"hp": 270, "atk": 134, "def": 192, "spa": 217, "spd": 201, "spe": 144}, "types": ["Normal"]}, "Venomoth": {"name": "Venomoth", "species": "Venomoth", "speciesId": "venomoth", "gender": "F", "shiny": false, "level": 84, "moves": ["bugbuzz", "sludgewave", "quiverdance", "sleeppowder"], "ability": "Tinted Lens", "evs": {"hp": 85, "atk": 0, "def": 85, "spa": 85, "spd": 85, "spe": 85}, "ivs": {"hp": 31, "atk": 0, "def": 31, "spa": 31, "spd": 31, "spe": 31}, "item": "Heavy-Duty Boots", "teraType": "Steel", "role": "Setup Sweeper", "bvs": {"hp": 70, "atk": 65, "def": 60, "spa": 90, "spd": 75, "spe": 90}, "stats": {"hp": 255, "atk": 114, "def": 149, "spa": 199, "spd": 174, "spe": 199}, "types": ["Bug", "Poison"]}, "Mienshao": {"name": "Mienshao", "species": "Mienshao", "speciesId": "mienshao", "gender": "F", "shiny": false, "level": 83, "moves": ["knockoff", "poisonjab", "closecombat", "swordsdance"], "ability": "Regenerator", "evs": {"hp": 85, "atk": 85, "def": 85, "spa": 85, "spd": 85, "spe": 85}, "ivs": {"hp": 31, "atk": 31, "def": 31, "spa": 31, "spd": 31, "spe": 31}, "item": "Life Orb", "teraType": "Poison", "role": "Setup Sweeper", "bvs": {"hp": 65, "atk": 125, "def": 60, "spa": 95, "spd": 60, "spe": 105}, "stats": {"hp": 244, "atk": 255, "def": 147, "spa": 205, "spd": 147, "spe": 222}, "types": ["Fighting"]}, "Hatterene": {"name": "Hatterene", "species": "Hatterene", "speciesId": "hatterene", "gender": "F", "shiny": false, "level": 85, "moves": ["drainingkiss", "mysticalfire", "psychic", "nuzzle"], "ability": "Magic Bounce", "evs": {"hp": 85, "atk": 85, "def": 85, "spa": 85, "spd": 85, "spe": 85}, "ivs": {"hp": 31, "atk": 31, "def": 31, "spa": 31, "spd": 31, "spe": 31}, "item": "Assault Vest", "teraType": "Fairy", "role": "AV Pivot", "bvs": {"hp": 57, "atk": 90, "def": 95, "spa": 136, "spd": 103, "spe": 29}, "stats": {"hp": 236, "atk": 202, "def": 210, "spa": 280, "spd": 224, "spe": 98}, "types": ["Psychic", "Fairy"]}}]}