{"id": "gen9randombattle-2631987122", "format": "[Gen 9] Random Battle", "players": ["alvx", "prajkundi"], "log": "|badge|p2|silver|gen9randombattle|30-9\n|uhtml|medal-msg|<div class=\"broadcast-blue\">Curious what those medals under the avatar are? PS now has Ladder Seasons! For more information, check out the <a href=\"https://www.smogon.com/forums/threads/3740067/\">thread on Smogon.</a></div>\n|j|\u2606alvx\n|j|\u2606prajkundi\n|t:|1781463061\n|gametype|singles\n|player|p1|alvx|alder|2175\n|player|p2|prajkundi|red|2238\n|gen|9\n|tier|[Gen 9] Random Battle\n|rated|\n|rule|Species Clause: Limit one of each Pok\u00e9mon\n|rule|HP Percentage Mod: HP is shown in percentages\n|rule|Sleep Clause Mod: Limit one foe put to sleep\n|rule|Illusion Level Mod: Illusion disguises the Pok\u00e9mon's true level\n|\n|t:|1781463061\n|teamsize|p1|6\n|teamsize|p2|6\n|start\n|switch|p1a: Cryogonal|Cryogonal, L89|287/287\n|switch|p2a: Cyclizar|Cyclizar, L83, F|252/252\n|turn|1\n|inactive|Battle timer is ON: inactive players will automatically lose when time's up. (requested by alvx)\n|inactive|alvx has 120 seconds left.\n|inactive|prajkundi has 120 seconds left.\n|\n|t:|1781463097\n|move|p2a: Cyclizar|Shed Tail|p2a: Cyclizar\n|-start|p2a: Cyclizar|Substitute|[from] move: Shed Tail\n|-damage|p2a: Cyclizar|126/252\n|\n|t:|1781463105\n|switch|p2a: Slither Wing|Slither Wing, L81|270/270|[from] Shed Tail\n|move|p1a: Cryogonal|Tera Blast|p2a: Slither Wing\n|-activate|p2a: Slither Wing|move: Substitute|[damage]\n|\n|upkeep\n|turn|2\n|inactive|alvx has 120 seconds left.\n|\n|t:|1781463137\n|switch|p1a: Farigiraf|Farigiraf, L90, F|362/362\n|move|p2a: Slither Wing|Will-O-Wisp|p1a: Farigiraf\n|-status|p1a: Farigiraf|brn\n|\n|-damage|p1a: Farigiraf|340/362 brn|[from] brn\n|upkeep\n|turn|3\n|\n|t:|1781463146\n|move|p2a: Slither Wing|U-turn|p1a: Farigiraf\n|-supereffective|p1a: Farigiraf\n|-damage|p1a: Farigiraf|148/362 brn\n|\n|t:|1781463151\n|-end|p2a: Slither Wing|Protosynthesis|[silent]\n|switch|p2a: Mabosstiff|Mabosstiff, L86, F|278/278|[from] U-turn\n|move|p1a: Farigiraf|Psychic Noise|p2a: Mabosstiff\n|-immune|p2a: Mabosstiff\n|\n|-heal|p1a: Farigiraf|170/362 brn|[from] item: Leftovers\n|-damage|p1a: Farigiraf|148/362 brn|[from] brn\n|upkeep\n|turn|4\n|\n|t:|1781463162\n|move|p1a: Farigiraf|Protect|p1a: Farigiraf\n|-singleturn|p1a: Farigiraf|Protect\n|move|p2a: Mabosstiff|Crunch|p1a: Farigiraf\n|-activate|p1a: Farigiraf|move: Protect\n|\n|-heal|p1a: Farigiraf|170/362 brn|[from] item: Leftovers\n|-damage|p1a: Farigiraf|148/362 brn|[from] brn\n|upkeep\n|turn|5\n|inactive|alvx has 120 seconds left.\n|\n|t:|1781463189\n|move|p2a: Mabosstiff|Crunch|p1a: Farigiraf\n|-supereffective|p1a: Farigiraf\n|-damage|p1a: Farigiraf|0 fnt\n|faint|p1a: Farigiraf\n|\n|upkeep\n|\n|t:|1781463197\n|switch|p1a: Blaziken|Blaziken, L76, F|247/247\n|turn|6\n|inactive|alvx has 120 seconds left.\n|\n|t:|1781463217\n|switch|p2a: Ribombee|Ribombee, L83, F|235/235\n|move|p1a: Blaziken|Swords Dance|p1a: Blaziken\n|-boost|p1a: Blaziken|atk|2\n|\n|-ability|p1a: Blaziken|Speed Boost|boost\n|-boost|p1a: Blaziken|spe|1\n|upkeep\n|turn|7\n|inactive|alvx has 120 seconds left.\n|\n|t:|1781463229\n|move|p2a: Ribombee|Moonblast|p1a: Blaziken\n|-damage|p1a: Blaziken|130/247\n|-unboost|p1a: Blaziken|spa|1\n|move|p1a: Blaziken|Stone Edge|p2a: Ribombee\n|-supereffective|p2a: Ribombee\n|-damage|p2a: Ribombee|0 fnt\n|faint|p2a: Ribombee\n|-damage|p1a: Blaziken|106/247|[from] item: Life Orb\n|\n|-ability|p1a: Blaziken|Speed Boost|boost\n|-boost|p1a: Blaziken|spe|1\n|upkeep\n|\n|t:|1781463253\n|switch|p2a: Slither Wing|Slither Wing, L81|270/270\n|turn|8\n|\n|t:|1781463266\n|-terastallize|p2a: Slither Wing|Fire\n|move|p1a: Blaziken|Close Combat|p2a: Slither Wing\n|-damage|p2a: Slither Wing|0 fnt\n|-unboost|p1a: Blaziken|def|1\n|-unboost|p1a: Blaziken|spd|1\n|faint|p2a: Slither Wing\n|-end|p2a: Slither Wing|Protosynthesis|[silent]\n|-damage|p1a: Blaziken|82/247|[from] item: Life Orb\n|\n|-ability|p1a: Blaziken|Speed Boost|boost\n|-boost|p1a: Blaziken|spe|1\n|upkeep\n|-message|prajkundi forfeited.\n|\n|win|alvx\n", "inputlog": ">version a8376a258c1d4662feba110a92103f3664a72141\n>start {\"formatid\":\"gen9randombattle\",\"seed\":\"sodium,e173a8ab143283bcb88461834f8e3042\",\"rated\":\"Rated battle\"}\n>player p1 {\"name\":\"alvx\",\"avatar\":\"alder\",\"rating\":2175,\"seed\":\"sodium,3ec7123b721beaf5488fa04d7ade3cd7\"}\n>player p2 {\"name\":\"prajkundi\",\"avatar\":\"red\",\"rating\":2238,\"seed\":\"sodium,18dfd08255d52f68b1f8185404372ac7\"}\n>p1 move terablast\n>p2 move shedtail\n>p2 switch 2\n>p1 switch 6\n>p2 move willowisp\n>p1 move psychicnoise\n>p2 move uturn\n>p2 switch 5\n>p1 move protect\n>p2 move crunch\n>p1 move bodyslam\n>p2 move crunch\n>p1 switch 5\n>p1 move swordsdance\n>p2 switch 3\n>p1 move stoneedge\n>p2 move moonblast\n>p2 switch 5\n>p1 move closecombat\n>p2 move closecombat terastallize\n>forcelose p2", "uploadtime": 1781463062, "views": 5, "formatid": "gen9randombattle", "rating": null, "private": 0, "password": null, "player_dets": [{"name": "alvx", "avatar": "alder", "rating": 2175, "seed": "sodium,3ec7123b721beaf5488fa04d7ade3cd7"}, {"name": "prajkundi", "avatar": "red", "rating": 2238, "seed": "sodium,18dfd08255d52f68b1f8185404372ac7"}], "teams_full": [{"Cryogonal": {"name": "Cryogonal", "species": "Cryogonal", "speciesId": "cryogonal", "gender": "N", "shiny": false, "level": 89, "moves": ["recover", "icebeam", "terablast", "rapidspin"], "ability": "Levitate", "evs": {"hp": 85, "atk": 85, "def": 85, "spa": 85, "spd": 85, "spe": 85}, "ivs": {"hp": 31, "atk": 31, "def": 31, "spa": 31, "spd": 31, "spe": 31}, "item": "Heavy-Duty Boots", "teraType": "Electric", "role": "Tera Blast user", "bvs": {"hp": 80, "atk": 50, "def": 50, "spa": 95, "spd": 135, "spe": 105}, "stats": {"hp": 287, "atk": 140, "def": 140, "spa": 220, "spd": 291, "spe": 238}}, "Cloyster": {"name": "Cloyster", "species": "Cloyster", "speciesId": "cloyster", "gender": "F", "shiny": false, "level": 80, "moves": ["rockblast", "shellsmash", "iciclespear", "drillrun"], "ability": "Skill Link", "evs": {"hp": 85, "atk": 85, "def": 85, "spa": 85, "spd": 85, "spe": 85}, "ivs": {"hp": 31, "atk": 31, "def": 31, "spa": 31, "spd": 31, "spe": 31}, "item": "White Herb", "teraType": "Ground", "role": "Fast Attacker", "bvs": {"hp": 50, "atk": 95, "def": 180, "spa": 85, "spd": 45, "spe": 70}, "stats": {"hp": 211, "atk": 198, "def": 334, "spa": 182, "spd": 118, "spe": 158}}, "Bruxish": {"name": "Bruxish", "species": "Bruxish", "speciesId": "bruxish", "gender": "M", "shiny": false, "level": 85, "moves": ["psychicfangs", "swordsdance", "crunch", "wavecrash"], "ability": "Strong Jaw", "evs": {"hp": 85, "atk": 85, "def": 85, "spa": 85, "spd": 85, "spe": 85}, "ivs": {"hp": 31, "atk": 31, "def": 31, "spa": 31, "spd": 31, "spe": 31}, "item": "Life Orb", "teraType": "Psychic", "role": "Fast Attacker", "bvs": {"hp": 68, "atk": 105, "def": 70, "spa": 70, "spd": 70, "spe": 92}, "stats": {"hp": 254, "atk": 227, "def": 168, "spa": 168, "spd": 168, "spe": 205}}, "Gumshoos": {"name": "Gumshoos", "species": "Gumshoos", "speciesId": "gumshoos", "gender": "M", "shiny": false, "level": 95, "moves": ["uturn", "doubleedge", "earthquake", "knockoff"], "ability": "Adaptability", "evs": {"hp": 85, "atk": 85, "def": 85, "spa": 85, "spd": 85, "spe": 85}, "ivs": {"hp": 31, "atk": 31, "def": 31, "spa": 31, "spd": 31, "spe": 31}, "item": "Choice Band", "teraType": "Ground", "role": "Fast Attacker", "bvs": {"hp": 88, "atk": 110, "def": 60, "spa": 55, "spd": 60, "spe": 45}, "stats": {"hp": 321, "atk": 263, "def": 168, "spa": 158, "spd": 168, "spe": 139}}, "Blaziken": {"name": "Blaziken", "species": "Blaziken", "speciesId": "blaziken", "gender": "F", "shiny": false, "level": 76, "moves": ["stoneedge", "closecombat", "swordsdance", "flareblitz"], "ability": "Speed Boost", "evs": {"hp": 85, "atk": 85, "def": 85, "spa": 85, "spd": 85, "spe": 85}, "ivs": {"hp": 31, "atk": 31, "def": 31, "spa": 31, "spd": 31, "spe": 31}, "item": "Life Orb", "teraType": "Fighting", "role": "Setup Sweeper", "bvs": {"hp": 80, "atk": 120, "def": 70, "spa": 110, "spd": 70, "spe": 80}, "stats": {"hp": 247, "atk": 226, "def": 150, "spa": 211, "spd": 150, "spe": 166}}, "Farigiraf": {"name": "Farigiraf", "species": "Farigiraf", "speciesId": "farigiraf", "gender": "F", "shiny": false, "level": 90, "moves": ["psychicnoise", "bodyslam", "protect", "wish"], "ability": "Sap Sipper", "evs": {"hp": 85, "atk": 85, "def": 85, "spa": 85, "spd": 85, "spe": 85}, "ivs": {"hp": 31, "atk": 31, "def": 31, "spa": 31, "spd": 31, "spe": 31}, "item": "Leftovers", "teraType": "Fairy", "role": "Bulky Support", "bvs": {"hp": 120, "atk": 90, "def": 70, "spa": 110, "spd": 70, "spe": 60}, "stats": {"hp": 362, "atk": 213, "def": 177, "spa": 249, "spd": 177, "spe": 159}}}, {"Cyclizar": {"name": "Cyclizar", "species": "Cyclizar", "speciesId": "cyclizar", "gender": "F", "shiny": false, "level": 83, "moves": ["rapidspin", "taunt", "dracometeor", "shedtail"], "ability": "Regenerator", "evs": {"hp": 85, "atk": 85, "def": 85, "spa": 85, "spd": 85, "spe": 85}, "ivs": {"hp": 31, "atk": 31, "def": 31, "spa": 31, "spd": 31, "spe": 31}, "item": "Heavy-Duty Boots", "teraType": "Dragon", "role": "Fast Support", "bvs": {"hp": 70, "atk": 95, "def": 65, "spa": 85, "spd": 65, "spe": 121}, "stats": {"hp": 252, "atk": 205, "def": 156, "spa": 189, "spd": 156, "spe": 249}}, "Slither Wing": {"name": "Slither Wing", "species": "Slither Wing", "speciesId": "slitherwing", "gender": "N", "shiny": false, "level": 81, "moves": ["closecombat", "uturn", "willowisp", "morningsun"], "ability": "Protosynthesis", "evs": {"hp": 85, "atk": 85, "def": 85, "spa": 85, "spd": 85, "spe": 85}, "ivs": {"hp": 31, "atk": 31, "def": 31, "spa": 31, "spd": 31, "spe": 31}, "item": "Heavy-Duty Boots", "teraType": "Fire", "role": "Fast Support", "bvs": {"hp": 85, "atk": 135, "def": 79, "spa": 85, "spd": 105, "spe": 81}, "stats": {"hp": 270, "atk": 265, "def": 175, "spa": 184, "spd": 217, "spe": 178}}, "Ribombee": {"name": "Ribombee", "species": "Ribombee", "speciesId": "ribombee", "gender": "F", "shiny": false, "level": 83, "moves": ["uturn", "bugbuzz", "stickyweb", "moonblast"], "ability": "Shield Dust", "evs": {"hp": 85, "atk": 85, "def": 85, "spa": 85, "spd": 85, "spe": 85}, "ivs": {"hp": 31, "atk": 31, "def": 31, "spa": 31, "spd": 31, "spe": 31}, "item": "Heavy-Duty Boots", "teraType": "Ghost", "role": "Fast Support", "bvs": {"hp": 60, "atk": 55, "def": 60, "spa": 95, "spd": 70, "spe": 124}, "stats": {"hp": 235, "atk": 139, "def": 147, "spa": 205, "spd": 164, "spe": 254}}, "Ursaluna": {"name": "Ursaluna", "species": "Ursaluna", "speciesId": "ursaluna", "gender": "F", "shiny": false, "level": 79, "moves": ["headlongrush", "crunch", "facade", "trailblaze"], "ability": "Guts", "evs": {"hp": 85, "atk": 85, "def": 85, "spa": 85, "spd": 85, "spe": 85}, "ivs": {"hp": 31, "atk": 31, "def": 31, "spa": 31, "spd": 31, "spe": 31}, "item": "Flame Orb", "teraType": "Normal", "role": "Bulky Attacker", "bvs": {"hp": 130, "atk": 140, "def": 105, "spa": 45, "spd": 80, "spe": 50}, "stats": {"hp": 335, "atk": 267, "def": 211, "spa": 117, "spd": 172, "spe": 125}}, "Mabosstiff": {"name": "Mabosstiff", "species": "Mabosstiff", "speciesId": "mabosstiff", "gender": "F", "shiny": false, "level": 86, "moves": ["crunch", "wildcharge", "playrough", "psychicfangs"], "ability": "Stakeout", "evs": {"hp": 85, "atk": 85, "def": 85, "spa": 85, "spd": 85, "spe": 85}, "ivs": {"hp": 31, "atk": 31, "def": 31, "spa": 31, "spd": 31, "spe": 31}, "item": "Choice Band", "teraType": "Fairy", "role": "Bulky Attacker", "bvs": {"hp": 80, "atk": 120, "def": 90, "spa": 60, "spd": 70, "spe": 85}, "stats": {"hp": 278, "atk": 256, "def": 204, "spa": 152, "spd": 170, "spe": 195}}, "Plusle": {"name": "Plusle", "species": "Plusle", "speciesId": "plusle", "gender": "M", "shiny": false, "level": 95, "moves": ["encore", "alluringvoice", "thunderbolt", "nastyplot"], "ability": "Lightning Rod", "evs": {"hp": 85, "atk": 0, "def": 85, "spa": 85, "spd": 85, "spe": 85}, "ivs": {"hp": 31, "atk": 0, "def": 31, "spa": 31, "spd": 31, "spe": 31}, "item": "Life Orb", "teraType": "Electric", "role": "Setup Sweeper", "bvs": {"hp": 60, "atk": 50, "def": 40, "spa": 85, "spd": 75, "spe": 95}, "stats": {"hp": 268, "atk": 100, "def": 130, "spa": 215, "spd": 196, "spe": 234}}}]}