{"id": "gen9randombattle-2631888543", "format": "[Gen 9] Random Battle", "players": ["barretjd", "JustHaxRelax"], "log": "|j|\u2606barretjd\n|j|\u2606JustHaxRelax\n|t:|1781452317\n|gametype|singles\n|player|p1|barretjd|101|2274\n|player|p2|JustHaxRelax|169|2261\n|gen|9\n|tier|[Gen 9] Random Battle\n|rated|\n|rule|Species Clause: Limit one of each Pok\u00e9mon\n|rule|HP Percentage Mod: HP is shown in percentages\n|rule|Sleep Clause Mod: Limit one foe put to sleep\n|rule|Illusion Level Mod: Illusion disguises the Pok\u00e9mon's true level\n|\n|t:|1781452317\n|teamsize|p1|6\n|teamsize|p2|6\n|start\n|switch|p1a: Shiftry|Shiftry, L89, F|305/305\n|switch|p2a: Forretress|Forretress, L84, M|263/263\n|turn|1\n|\n|t:|1781452381\n|move|p1a: Shiftry|Knock Off|p2a: Forretress\n|-damage|p2a: Forretress|149/263\n|-enditem|p2a: Forretress|Leftovers|[from] move: Knock Off|[of] p1a: Shiftry\n|-damage|p1a: Shiftry|275/305|[from] item: Life Orb\n|move|p2a: Forretress|Stealth Rock|p1a: Shiftry\n|-sidestart|p1: barretjd|move: Stealth Rock\n|\n|upkeep\n|turn|2\n|\n|t:|1781452400\n|move|p1a: Shiftry|Knock Off|p2a: Forretress\n|-damage|p2a: Forretress|79/263\n|-damage|p1a: Shiftry|245/305|[from] item: Life Orb\n|move|p2a: Forretress|Thunder Wave|p1a: Shiftry\n|-status|p1a: Shiftry|par\n|\n|upkeep\n|turn|3\n|\n|t:|1781452419\n|switch|p1a: Spidops|Spidops, L96, F|271/271\n|move|p2a: Forretress|Iron Head|p1a: Spidops\n|-damage|p1a: Spidops|207/271\n|\n|upkeep\n|turn|4\n|\n|t:|1781452441\n|move|p2a: Forretress|Thunder Wave|p1a: Spidops\n|-status|p1a: Spidops|par\n|cant|p1a: Spidops|par\n|\n|upkeep\n|turn|5\n|\n|t:|1781452445\n|move|p2a: Forretress|Iron Head|p1a: Spidops\n|-damage|p1a: Spidops|140/271 par\n|move|p1a: Spidops|Circle Throw|p2a: Forretress|[miss]\n|-miss|p1a: Spidops|p2a: Forretress\n|\n|upkeep\n|turn|6\n|\n|t:|1781452449\n|move|p2a: Forretress|Iron Head|p1a: Spidops\n|-damage|p1a: Spidops|70/271 par\n|move|p1a: Spidops|Circle Throw|p2a: Forretress\n|-damage|p2a: Forretress|43/263\n|drag|p2a: Clawitzer|Clawitzer, L87, F|265/265\n|\n|upkeep\n|turn|7\n|\n|t:|1781452455\n|move|p2a: Clawitzer|Water Pulse|p1a: Spidops\n|-damage|p1a: Spidops|0 fnt\n|faint|p1a: Spidops\n|\n|upkeep\n|\n|t:|1781452461\n|switch|p1a: Keldeo|Keldeo-Resolute, L79|273/273\n|-damage|p1a: Keldeo|256/273|[from] Stealth Rock\n|turn|8\n|\n|t:|1781452469\n|move|p1a: Keldeo|Calm Mind|p1a: Keldeo\n|-boost|p1a: Keldeo|spa|1\n|-boost|p1a: Keldeo|spd|1\n|move|p2a: Clawitzer|U-turn|p1a: Keldeo\n|-resisted|p1a: Keldeo\n|-damage|p1a: Keldeo|233/273\n|\n|t:|1781452474\n|switch|p2a: Electivire|Electivire, L84, F|263/263|[from] U-turn\n|\n|-heal|p1a: Keldeo|250/273|[from] item: Leftovers\n|upkeep\n|turn|9\n|\n|t:|1781452480\n|move|p2a: Electivire|Supercell Slam|p1a: Keldeo\n|-supereffective|p1a: Keldeo\n|-damage|p1a: Keldeo|0 fnt\n|faint|p1a: Keldeo\n|\n|upkeep\n|\n|t:|1781452496\n|switch|p1a: Pachirisu|Pachirisu, L96, M|271/271\n|turn|10\n|\n|t:|1781452508\n|switch|p2a: Muk|Muk-Alola, L82, F|306/306\n|move|p1a: Pachirisu|Discharge|p2a: Muk\n|-damage|p2a: Muk|266/306\n|\n|upkeep\n|turn|11\n|-message|barretjd forfeited.\n|\n|win|JustHaxRelax\n", "inputlog": ">version a8376a258c1d4662feba110a92103f3664a72141\n>start {\"formatid\":\"gen9randombattle\",\"seed\":\"sodium,d7b2794fa9c6bd1229fdc2f4eccaf58e\",\"rated\":\"Rated battle\"}\n>player p1 {\"name\":\"barretjd\",\"avatar\":\"101\",\"rating\":2274,\"seed\":\"sodium,978530cba25bc294dc3865bcd118878a\"}\n>player p2 {\"name\":\"JustHaxRelax\",\"avatar\":\"169\",\"rating\":2261,\"seed\":\"sodium,732619869d5640781ce6c1a5a2b45dbe\"}\n>p1 move knockoff\n>p2 move stealthrock\n>p1 move knockoff\n>p2 move thunderwave\n>p1 switch 3\n>p2 move ironhead\n>p1 move circlethrow\n>p2 move thunderwave\n>p1 move circlethrow\n>p2 move ironhead\n>p1 move circlethrow\n>p2 move ironhead\n>p1 move stickyweb\n>p2 move waterpulse\n>p1 switch 6\n>p1 move calmmind\n>p2 move uturn\n>p2 switch 3\n>p1 move substitute\n>p2 move supercellslam\n>p1 switch 2\n>p1 move discharge\n>p2 switch 2\n>forcelose p1", "uploadtime": 1781452319, "views": 7, "formatid": "gen9randombattle", "rating": null, "private": 0, "password": null, "player_dets": [{"name": "barretjd", "avatar": "101", "rating": 2274, "seed": "sodium,978530cba25bc294dc3865bcd118878a"}, {"name": "JustHaxRelax", "avatar": "169", "rating": 2261, "seed": "sodium,732619869d5640781ce6c1a5a2b45dbe"}], "teams_full": [{"Shiftry": {"name": "Shiftry", "species": "Shiftry", "speciesId": "shiftry", "gender": "F", "shiny": false, "level": 89, "moves": ["leafstorm", "knockoff", "suckerpunch", "willowisp"], "ability": "Wind Rider", "evs": {"hp": 85, "atk": 85, "def": 85, "spa": 85, "spd": 85, "spe": 85}, "ivs": {"hp": 31, "atk": 31, "def": 31, "spa": 31, "spd": 31, "spe": 31}, "item": "Life Orb", "teraType": "Poison", "role": "Fast Support", "bvs": {"hp": 90, "atk": 100, "def": 60, "spa": 90, "spd": 60, "spe": 80}, "stats": {"hp": 305, "atk": 229, "def": 158, "spa": 211, "spd": 158, "spe": 193}}, "Pachirisu": {"name": "Pachirisu", "species": "Pachirisu", "speciesId": "pachirisu", "gender": "M", "shiny": false, "level": 96, "moves": ["superfang", "uturn", "discharge", "encore"], "ability": "Volt Absorb", "evs": {"hp": 85, "atk": 85, "def": 85, "spa": 85, "spd": 85, "spe": 85}, "ivs": {"hp": 31, "atk": 31, "def": 31, "spa": 31, "spd": 31, "spe": 31}, "item": "Heavy-Duty Boots", "teraType": "Flying", "role": "Fast Support", "bvs": {"hp": 60, "atk": 45, "def": 70, "spa": 45, "spd": 90, "spe": 95}, "stats": {"hp": 271, "atk": 141, "def": 189, "spa": 141, "spd": 227, "spe": 237}}, "Spidops": {"name": "Spidops", "species": "Spidops", "speciesId": "spidops", "gender": "F", "shiny": false, "level": 96, "moves": ["toxicspikes", "stickyweb", "circlethrow", "spikes"], "ability": "Stakeout", "evs": {"hp": 85, "atk": 85, "def": 85, "spa": 85, "spd": 85, "spe": 85}, "ivs": {"hp": 31, "atk": 31, "def": 31, "spa": 31, "spd": 31, "spe": 31}, "item": "Heavy-Duty Boots", "teraType": "Ghost", "role": "Bulky Support", "bvs": {"hp": 60, "atk": 79, "def": 92, "spa": 52, "spd": 86, "spe": 35}, "stats": {"hp": 271, "atk": 206, "def": 231, "spa": 154, "spd": 220, "spe": 122}}, "Cetitan": {"name": "Cetitan", "species": "Cetitan", "speciesId": "cetitan", "gender": "M", "shiny": false, "level": 82, "moves": ["iciclecrash", "superpower", "iceshard", "liquidation"], "ability": "Sheer Force", "evs": {"hp": 85, "atk": 85, "def": 85, "spa": 85, "spd": 85, "spe": 85}, "ivs": {"hp": 31, "atk": 31, "def": 31, "spa": 31, "spd": 31, "spe": 31}, "item": "Life Orb", "teraType": "Water", "role": "Wallbreaker", "bvs": {"hp": 170, "atk": 113, "def": 65, "spa": 45, "spd": 55, "spe": 73}, "stats": {"hp": 413, "atk": 232, "def": 154, "spa": 121, "spd": 137, "spe": 167}}, "Greninja": {"name": "Greninja", "species": "Greninja-Bond", "speciesId": "greninjabond", "gender": "M", "shiny": false, "level": 80, "moves": ["hydropump", "gunkshot", "darkpulse", "icebeam"], "ability": "Battle Bond", "evs": {"hp": 85, "atk": 85, "def": 85, "spa": 85, "spd": 85, "spe": 85}, "ivs": {"hp": 31, "atk": 31, "def": 31, "spa": 31, "spd": 31, "spe": 31}, "item": "Life Orb", "teraType": "Poison", "role": "Fast Attacker", "bvs": {"hp": 72, "atk": 95, "def": 67, "spa": 103, "spd": 71, "spe": 122}, "stats": {"hp": 246, "atk": 198, "def": 153, "spa": 211, "spd": 160, "spe": 241}}, "Keldeo": {"name": "Keldeo", "species": "Keldeo-Resolute", "speciesId": "keldeoresolute", "gender": "N", "shiny": false, "level": 79, "moves": ["hydropump", "secretsword", "substitute", "calmmind"], "ability": "Justified", "evs": {"hp": 85, "atk": 0, "def": 85, "spa": 85, "spd": 85, "spe": 85}, "ivs": {"hp": 31, "atk": 0, "def": 31, "spa": 31, "spd": 31, "spe": 31}, "item": "Leftovers", "teraType": "Steel", "role": "Bulky Setup", "bvs": {"hp": 91, "atk": 72, "def": 90, "spa": 129, "spd": 90, "spe": 108}, "stats": {"hp": 273, "atk": 118, "def": 188, "spa": 249, "spd": 188, "spe": 216}}}, {"Forretress": {"name": "Forretress", "species": "Forretress", "speciesId": "forretress", "gender": "M", "shiny": false, "level": 84, "moves": ["stealthrock", "ironhead", "thunderwave", "rapidspin"], "ability": "Sturdy", "evs": {"hp": 85, "atk": 85, "def": 85, "spa": 85, "spd": 85, "spe": 85}, "ivs": {"hp": 31, "atk": 31, "def": 31, "spa": 31, "spd": 31, "spe": 31}, "item": "Leftovers", "teraType": "Water", "role": "Bulky Support", "bvs": {"hp": 75, "atk": 90, "def": 140, "spa": 60, "spd": 60, "spe": 40}, "stats": {"hp": 263, "atk": 199, "def": 283, "spa": 149, "spd": 149, "spe": 115}}, "Muk": {"name": "Muk", "species": "Muk-Alola", "speciesId": "mukalola", "gender": "F", "shiny": false, "level": 82, "moves": ["icepunch", "knockoff", "drainpunch", "gunkshot"], "ability": "Poison Touch", "evs": {"hp": 85, "atk": 85, "def": 85, "spa": 85, "spd": 85, "spe": 85}, "ivs": {"hp": 31, "atk": 31, "def": 31, "spa": 31, "spd": 31, "spe": 31}, "item": "Assault Vest", "teraType": "Fighting", "role": "AV Pivot", "bvs": {"hp": 105, "atk": 105, "def": 75, "spa": 65, "spd": 100, "spe": 50}, "stats": {"hp": 306, "atk": 219, "def": 170, "spa": 154, "spd": 211, "spe": 129}}, "Electivire": {"name": "Electivire", "species": "Electivire", "speciesId": "electivire", "gender": "F", "shiny": false, "level": 84, "moves": ["supercellslam", "icepunch", "knockoff", "earthquake"], "ability": "Motor Drive", "evs": {"hp": 85, "atk": 85, "def": 85, "spa": 85, "spd": 85, "spe": 85}, "ivs": {"hp": 31, "atk": 31, "def": 31, "spa": 31, "spd": 31, "spe": 31}, "item": "Choice Scarf", "teraType": "Dark", "role": "Fast Attacker", "bvs": {"hp": 75, "atk": 123, "def": 67, "spa": 95, "spd": 85, "spe": 95}, "stats": {"hp": 263, "atk": 255, "def": 161, "spa": 208, "spd": 191, "spe": 208}}, "Grafaiai": {"name": "Grafaiai", "species": "Grafaiai", "speciesId": "grafaiai", "gender": "M", "shiny": false, "level": 86, "moves": ["swordsdance", "gunkshot", "knockoff", "lowkick"], "ability": "Poison Touch", "evs": {"hp": 85, "atk": 85, "def": 85, "spa": 85, "spd": 85, "spe": 85}, "ivs": {"hp": 31, "atk": 31, "def": 31, "spa": 31, "spd": 31, "spe": 31}, "item": "Life Orb", "teraType": "Dark", "role": "Setup Sweeper", "bvs": {"hp": 63, "atk": 95, "def": 65, "spa": 80, "spd": 72, "spe": 110}, "stats": {"hp": 249, "atk": 213, "def": 161, "spa": 187, "spd": 173, "spe": 238}}, "Chimecho": {"name": "Chimecho", "species": "Chimecho", "speciesId": "chimecho", "gender": "M", "shiny": false, "level": 93, "moves": ["knockoff", "healbell", "psychicnoise", "recover"], "ability": "Levitate", "evs": {"hp": 85, "atk": 85, "def": 85, "spa": 85, "spd": 85, "spe": 85}, "ivs": {"hp": 31, "atk": 31, "def": 31, "spa": 31, "spd": 31, "spe": 31}, "item": "Leftovers", "teraType": "Poison", "role": "Bulky Support", "bvs": {"hp": 75, "atk": 50, "def": 80, "spa": 95, "spd": 90, "spe": 65}, "stats": {"hp": 290, "atk": 146, "def": 202, "spa": 230, "spd": 220, "spe": 174}}, "Clawitzer": {"name": "Clawitzer", "species": "Clawitzer", "speciesId": "clawitzer", "gender": "F", "shiny": false, "level": 87, "moves": ["waterpulse", "darkpulse", "dragonpulse", "uturn"], "ability": "Mega Launcher", "evs": {"hp": 85, "atk": 85, "def": 85, "spa": 85, "spd": 85, "spe": 85}, "ivs": {"hp": 31, "atk": 31, "def": 31, "spa": 31, "spd": 31, "spe": 31}, "item": "Assault Vest", "teraType": "Dragon", "role": "AV Pivot", "bvs": {"hp": 71, "atk": 73, "def": 88, "spa": 120, "spd": 89, "spe": 59}, "stats": {"hp": 265, "atk": 177, "def": 203, "spa": 259, "spd": 205, "spe": 152}}}]}