{"id": "gen9randombattle-2631472696", "format": "[Gen 9] Random Battle", "players": ["Andress1199", "Flei"], "log": "|j|\u2606Andress1199\n|j|\u2606Flei\n|t:|1781389113\n|gametype|singles\n|player|p1|Andress1199|1|\n|player|p2|Flei|giovanni|\n|gen|9\n|tier|[Gen 9] Random Battle\n|rule|Species Clause: Limit one of each Pok\u00e9mon\n|rule|HP Percentage Mod: HP is shown in percentages\n|rule|Sleep Clause Mod: Limit one foe put to sleep\n|rule|Illusion Level Mod: Illusion disguises the Pok\u00e9mon's true level\n|\n|t:|1781389113\n|teamsize|p1|6\n|teamsize|p2|6\n|start\n|switch|p1a: Porygon2|Porygon2, L81|270/270\n|switch|p2a: Rampardos|Rampardos, L90, F|321/321\n|-ability|p1a: Porygon2|Download|boost\n|-boost|p1a: Porygon2|spa|1\n|turn|1\n|\n|t:|1781389144\n|switch|p1a: Feraligatr|Feraligatr, L79, F|264/264\n|move|p2a: Rampardos|Head Smash|p1a: Feraligatr|[miss]\n|-miss|p2a: Rampardos|p1a: Feraligatr\n|\n|upkeep\n|turn|2\n|\n|t:|1781389152\n|move|p2a: Rampardos|Head Smash|p1a: Feraligatr\n|-damage|p1a: Feraligatr|0 fnt\n|faint|p1a: Feraligatr\n|-damage|p2a: Rampardos|189/321|[from] Recoil\n|\n|upkeep\n|\n|t:|1781389166\n|switch|p1a: Dachsbun|Dachsbun, L92, F|254/254\n|turn|3\n|\n|t:|1781389173\n|-terastallize|p1a: Dachsbun|Steel\n|move|p2a: Rampardos|Head Smash|p1a: Dachsbun|[miss]\n|-miss|p2a: Rampardos|p1a: Dachsbun\n|move|p1a: Dachsbun|Body Press|p2a: Rampardos\n|-supereffective|p2a: Rampardos\n|-damage|p2a: Rampardos|5/321\n|\n|upkeep\n|turn|4\n|\n|t:|1781389183\n|switch|p2a: Alcremie|Alcremie-Ruby-Swirl, L90, F|263/263\n|move|p1a: Dachsbun|Wish|p1a: Dachsbun\n|\n|upkeep\n|turn|5\n|\n|t:|1781389194\n|move|p1a: Dachsbun|Play Rough|p2a: Alcremie\n|-damage|p2a: Alcremie|155/263\n|move|p2a: Alcremie|Calm Mind|p2a: Alcremie\n|-boost|p2a: Alcremie|spa|1\n|-boost|p2a: Alcremie|spd|1\n|\n|-heal|p2a: Alcremie|171/263|[from] item: Leftovers\n|upkeep\n|turn|6\n|\n|t:|1781389200\n|move|p1a: Dachsbun|Play Rough|p2a: Alcremie\n|-damage|p2a: Alcremie|66/263\n|-unboost|p2a: Alcremie|atk|1\n|move|p2a: Alcremie|Calm Mind|p2a: Alcremie\n|-boost|p2a: Alcremie|spa|1\n|-boost|p2a: Alcremie|spd|1\n|\n|-heal|p2a: Alcremie|82/263|[from] item: Leftovers\n|upkeep\n|turn|7\n|\n|t:|1781389210\n|-terastallize|p2a: Alcremie|Poison\n|move|p1a: Dachsbun|Play Rough|p2a: Alcremie\n|-resisted|p2a: Alcremie\n|-damage|p2a: Alcremie|28/263\n|move|p2a: Alcremie|Recover|p2a: Alcremie\n|-heal|p2a: Alcremie|160/263\n|\n|-heal|p2a: Alcremie|176/263|[from] item: Leftovers\n|upkeep\n|turn|8\n|\n|t:|1781389222\n|switch|p1a: Porygon2|Porygon2, L81|270/270\n|-ability|p1a: Porygon2|Download|boost\n|-boost|p1a: Porygon2|atk|1\n|move|p2a: Alcremie|Recover|p2a: Alcremie\n|-heal|p2a: Alcremie|263/263\n|\n|upkeep\n|turn|9\n|\n|t:|1781389229\n|move|p2a: Alcremie|Alluring Voice|p1a: Porygon2\n|-damage|p1a: Porygon2|126/270\n|move|p1a: Porygon2|Thunder Wave|p2a: Alcremie\n|-status|p2a: Alcremie|par\n|\n|upkeep\n|turn|10\n|\n|t:|1781389234\n|move|p1a: Porygon2|Recover|p1a: Porygon2\n|-heal|p1a: Porygon2|261/270\n|move|p2a: Alcremie|Alluring Voice|p1a: Porygon2\n|-damage|p1a: Porygon2|123/270\n|\n|upkeep\n|turn|11\n|\n|t:|1781389245\n|move|p1a: Porygon2|Recover|p1a: Porygon2\n|-heal|p1a: Porygon2|258/270\n|move|p2a: Alcremie|Calm Mind|p2a: Alcremie\n|-boost|p2a: Alcremie|spa|1\n|-boost|p2a: Alcremie|spd|1\n|\n|upkeep\n|turn|12\n|\n|t:|1781389253\n|switch|p1a: Komala|Komala, L88, M|258/258\n|-ability|p1a: Komala|Comatose\n|move|p2a: Alcremie|Psyshock|p1a: Komala\n|-damage|p1a: Komala|58/258\n|\n|upkeep\n|turn|13\n|\n|t:|1781389267\n|switch|p2a: Brute Bonnet|Brute Bonnet, L80|309/309\n|move|p1a: Komala|Earthquake|p2a: Brute Bonnet\n|-resisted|p2a: Brute Bonnet\n|-damage|p2a: Brute Bonnet|270/309\n|\n|-heal|p2a: Brute Bonnet|289/309|[from] item: Leftovers\n|upkeep\n|turn|14\n|\n|t:|1781389275\n|switch|p1a: Dachsbun|Dachsbun, L92, F, tera:Steel|254/254\n|move|p2a: Brute Bonnet|Seed Bomb|p1a: Dachsbun\n|-resisted|p1a: Dachsbun\n|-damage|p1a: Dachsbun|220/254\n|\n|-heal|p1a: Dachsbun|235/254|[from] item: Leftovers\n|-heal|p2a: Brute Bonnet|308/309|[from] item: Leftovers\n|upkeep\n|turn|15\n|\n|t:|1781389281\n|move|p1a: Dachsbun|Play Rough|p2a: Brute Bonnet\n|-supereffective|p2a: Brute Bonnet\n|-crit|p2a: Brute Bonnet\n|-damage|p2a: Brute Bonnet|8/309\n|move|p2a: Brute Bonnet|Crunch|p1a: Dachsbun\n|-damage|p1a: Dachsbun|159/254\n|-unboost|p1a: Dachsbun|def|1\n|\n|-heal|p1a: Dachsbun|174/254|[from] item: Leftovers\n|-heal|p2a: Brute Bonnet|27/309|[from] item: Leftovers\n|upkeep\n|turn|16\n|\n|t:|1781389293\n|move|p2a: Brute Bonnet|Sucker Punch|p1a: Dachsbun\n|-damage|p1a: Dachsbun|81/254\n|move|p1a: Dachsbun|Body Press|p2a: Brute Bonnet\n|-supereffective|p2a: Brute Bonnet\n|-damage|p2a: Brute Bonnet|0 fnt\n|faint|p2a: Brute Bonnet\n|-end|p2a: Brute Bonnet|Protosynthesis|[silent]\n|\n|-heal|p1a: Dachsbun|96/254|[from] item: Leftovers\n|upkeep\n|\n|t:|1781389298\n|switch|p2a: Rampardos|Rampardos, L90, F|5/321\n|turn|17\n|\n|t:|1781389306\n|move|p1a: Dachsbun|Protect|p1a: Dachsbun\n|-singleturn|p1a: Dachsbun|Protect\n|move|p2a: Rampardos|Fire Punch|p1a: Dachsbun\n|-activate|p1a: Dachsbun|move: Protect\n|\n|-heal|p1a: Dachsbun|111/254|[from] item: Leftovers\n|upkeep\n|turn|18\n|\n|t:|1781389333\n|switch|p2a: Alcremie|Alcremie-Ruby-Swirl, L90, F, tera:Poison|263/263 par\n|switch|p1a: Porygon2|Porygon2, L81|258/270\n|-ability|p1a: Porygon2|Download|boost\n|-boost|p1a: Porygon2|atk|1\n|\n|upkeep\n|turn|19\n|\n|t:|1781389344\n|move|p1a: Porygon2|Tera Blast|p2a: Alcremie\n|-damage|p2a: Alcremie|200/263 par\n|move|p2a: Alcremie|Calm Mind|p2a: Alcremie\n|-boost|p2a: Alcremie|spa|1\n|-boost|p2a: Alcremie|spd|1\n|\n|-heal|p2a: Alcremie|216/263 par|[from] item: Leftovers\n|upkeep\n|turn|20\n|\n|t:|1781389350\n|switch|p1a: Komala|Komala, L88, M|58/258\n|-ability|p1a: Komala|Comatose\n|move|p2a: Alcremie|Alluring Voice|p1a: Komala\n|-damage|p1a: Komala|0 fnt\n|faint|p1a: Komala\n|\n|-heal|p2a: Alcremie|232/263 par|[from] item: Leftovers\n|upkeep\n|\n|t:|1781389359\n|switch|p1a: Iron Jugulis|Iron Jugulis, L77|271/271\n|turn|21\n|\n|t:|1781389365\n|move|p1a: Iron Jugulis|Dark Pulse|p2a: Alcremie\n|-damage|p2a: Alcremie|165/263 par\n|move|p2a: Alcremie|Alluring Voice|p1a: Iron Jugulis\n|-supereffective|p1a: Iron Jugulis\n|-damage|p1a: Iron Jugulis|0 fnt\n|faint|p1a: Iron Jugulis\n|-end|p1a: Iron Jugulis|Quark Drive|[silent]\n|\n|-heal|p2a: Alcremie|181/263 par|[from] item: Leftovers\n|upkeep\n|\n|t:|1781389369\n|switch|p1a: Exeggutor|Exeggutor-Alola, L89, F|314/314\n|turn|22\n|inactive|Battle timer is ON: inactive players will automatically lose when time's up. (requested by Andress1199)\n|\n|t:|1781389378\n|move|p1a: Exeggutor|Knock Off|p2a: Alcremie\n|-damage|p2a: Alcremie|98/263 par\n|-enditem|p2a: Alcremie|Leftovers|[from] move: Knock Off|[of] p1a: Exeggutor\n|move|p2a: Alcremie|Recover|p2a: Alcremie\n|-heal|p2a: Alcremie|230/263 par\n|\n|upkeep\n|turn|23\n|c|\u2606Andress1199|me rindo no mas gg\n|-message|Andress1199 forfeited.\n|\n|win|Flei\n|c|\u2606Flei|a\n", "inputlog": ">version a8376a258c1d4662feba110a92103f3664a72141\n>start {\"formatid\":\"gen9randombattle\",\"seed\":\"sodium,f22d161d796a57eecce431fdaf977974\"}\n>player p1 {\"name\":\"Andress1199\",\"avatar\":\"1\",\"rating\":0,\"seed\":\"sodium,69f83139a9b08c190923fcf4ba6d3fa3\"}\n>player p2 {\"name\":\"Flei\",\"avatar\":\"giovanni\",\"rating\":0,\"seed\":\"sodium,0d36ff25a6b90d886b2862102e299817\"}\n>p1 switch 6\n>p2 move headsmash\n>p1 move liquidation\n>p2 move headsmash\n>p1 switch 3\n>p1 move bodypress terastallize\n>p2 move headsmash\n>p1 move wish\n>p2 switch 5\n>p1 move playrough\n>p2 move calmmind\n>p1 move playrough\n>p2 move calmmind\n>p1 move playrough\n>p2 move recover terastallize\n>p1 switch 6\n>p2 move recover\n>p1 move thunderwave\n>p2 move alluringvoice\n>p1 move recover\n>p2 move alluringvoice\n>p1 move recover\n>p2 move calmmind\n>p1 switch 4\n>p2 move psyshock\n>p1 move earthquake\n>p2 switch 3\n>p1 switch 6\n>p2 move seedbomb\n>p1 move playrough\n>p2 move crunch\n>p1 move bodypress\n>p2 move suckerpunch\n>p2 switch 5\n>p1 move protect\n>p2 move firepunch\n>p1 switch 4\n>p2 switch 3\n>p1 move terablast\n>p2 move calmmind\n>p1 switch 6\n>p2 move alluringvoice\n>p1 switch 5\n>p1 move darkpulse\n>p2 move alluringvoice\n>p1 switch 2\n>p1 move knockoff\n>p2 move recover\n>chat \u2606Andress1199|me rindo no mas gg\n>forcelose p1", "uploadtime": 1781389404, "views": 7, "formatid": "gen9randombattle", "rating": null, "private": 0, "password": null, "player_dets": [{"name": "Andress1199", "avatar": "1", "rating": 0, "seed": "sodium,69f83139a9b08c190923fcf4ba6d3fa3"}, {"name": "Flei", "avatar": "giovanni", "rating": 0, "seed": "sodium,0d36ff25a6b90d886b2862102e299817"}], "teams_full": [{"Porygon2": {"name": "Porygon2", "species": "Porygon2", "speciesId": "porygon2", "gender": "N", "shiny": false, "level": 81, "moves": ["thunderwave", "terablast", "recover", "shadowball"], "ability": "Download", "evs": {"hp": 85, "atk": 85, "def": 85, "spa": 85, "spd": 85, "spe": 85}, "ivs": {"hp": 31, "atk": 31, "def": 31, "spa": 31, "spd": 31, "spe": 31}, "item": "Eviolite", "teraType": "Fairy", "role": "Tera Blast user", "bvs": {"hp": 85, "atk": 80, "def": 90, "spa": 105, "spd": 95, "spe": 60}, "stats": {"hp": 270, "atk": 176, "def": 192, "spa": 217, "spd": 201, "spe": 144}, "types": ["Normal"]}, "Exeggutor": {"name": "Exeggutor", "species": "Exeggutor-Alola", "speciesId": "exeggutoralola", "gender": "F", "shiny": false, "level": 89, "moves": ["dracometeor", "woodhammer", "flamethrower", "knockoff"], "ability": "Harvest", "evs": {"hp": 85, "atk": 85, "def": 85, "spa": 85, "spd": 85, "spe": 85}, "ivs": {"hp": 31, "atk": 31, "def": 31, "spa": 31, "spd": 31, "spe": 31}, "item": "Sitrus Berry", "teraType": "Fire", "role": "Fast Attacker", "bvs": {"hp": 95, "atk": 105, "def": 85, "spa": 125, "spd": 75, "spe": 45}, "stats": {"hp": 314, "atk": 238, "def": 202, "spa": 273, "spd": 184, "spe": 131}, "types": ["Grass", "Dragon"]}, "Dachsbun": {"name": "Dachsbun", "species": "Dachsbun", "speciesId": "dachsbun", "gender": "F", "shiny": false, "level": 92, "moves": ["bodypress", "protect", "playrough", "wish"], "ability": "Well-Baked Body", "evs": {"hp": 85, "atk": 85, "def": 85, "spa": 85, "spd": 85, "spe": 85}, "ivs": {"hp": 31, "atk": 31, "def": 31, "spa": 31, "spd": 31, "spe": 31}, "item": "Leftovers", "teraType": "Steel", "role": "Bulky Support", "bvs": {"hp": 57, "atk": 80, "def": 115, "spa": 50, "spd": 80, "spe": 95}, "stats": {"hp": 254, "atk": 200, "def": 264, "spa": 144, "spd": 200, "spe": 227}, "types": ["Fairy"]}, "Komala": {"name": "Komala", "species": "Komala", "speciesId": "komala", "gender": "M", "shiny": false, "level": 88, "moves": ["earthquake", "bodyslam", "rapidspin", "knockoff"], "ability": "Comatose", "evs": {"hp": 85, "atk": 85, "def": 85, "spa": 85, "spd": 85, "spe": 85}, "ivs": {"hp": 31, "atk": 31, "def": 31, "spa": 31, "spd": 31, "spe": 31}, "item": "Assault Vest", "teraType": "Ghost", "role": "Bulky Support", "bvs": {"hp": 65, "atk": 115, "def": 65, "spa": 75, "spd": 95, "spe": 65}, "stats": {"hp": 258, "atk": 253, "def": 165, "spa": 182, "spd": 217, "spe": 165}, "types": ["Normal"]}, "Iron Jugulis": {"name": "Iron Jugulis", "species": "Iron Jugulis", "speciesId": "ironjugulis", "gender": "N", "shiny": false, "level": 77, "moves": ["earthpower", "uturn", "darkpulse", "hurricane"], "ability": "Quark Drive", "evs": {"hp": 85, "atk": 85, "def": 85, "spa": 85, "spd": 85, "spe": 85}, "ivs": {"hp": 31, "atk": 31, "def": 31, "spa": 31, "spd": 31, "spe": 31}, "item": "Choice Specs", "teraType": "Flying", "role": "Wallbreaker", "bvs": {"hp": 94, "atk": 80, "def": 86, "spa": 122, "spd": 80, "spe": 108}, "stats": {"hp": 271, "atk": 168, "def": 177, "spa": 232, "spd": 168, "spe": 211}, "types": ["Dark", "Flying"]}, "Feraligatr": {"name": "Feraligatr", "species": "Feraligatr", "speciesId": "feraligatr", "gender": "F", "shiny": false, "level": 79, "moves": ["liquidation", "icepunch", "dragondance", "trailblaze"], "ability": "Sheer Force", "evs": {"hp": 85, "atk": 85, "def": 85, "spa": 85, "spd": 85, "spe": 85}, "ivs": {"hp": 31, "atk": 31, "def": 31, "spa": 31, "spd": 31, "spe": 31}, "item": "Life Orb", "teraType": "Water", "role": "Setup Sweeper", "bvs": {"hp": 85, "atk": 105, "def": 100, "spa": 79, "spd": 83, "spe": 78}, "stats": {"hp": 264, "atk": 211, "def": 204, "spa": 170, "spd": 177, "spe": 169}, "types": ["Water"]}}, {"Rampardos": {"name": "Rampardos", "species": "Rampardos", "speciesId": "rampardos", "gender": "F", "shiny": false, "level": 90, "moves": ["rockslide", "earthquake", "headsmash", "firepunch"], "ability": "Sheer Force", "evs": {"hp": 85, "atk": 85, "def": 85, "spa": 85, "spd": 85, "spe": 85}, "ivs": {"hp": 31, "atk": 31, "def": 31, "spa": 31, "spd": 31, "spe": 31}, "item": "Choice Scarf", "teraType": "Fire", "role": "Fast Attacker", "bvs": {"hp": 97, "atk": 165, "def": 60, "spa": 65, "spd": 50, "spe": 58}, "stats": {"hp": 321, "atk": 348, "def": 159, "spa": 168, "spd": 141, "spe": 156}, "types": ["Rock"]}, "Cobalion": {"name": "Cobalion", "species": "Cobalion", "speciesId": "cobalion", "gender": "N", "shiny": false, "level": 80, "moves": ["swordsdance", "taunt", "closecombat", "ironhead"], "ability": "Justified", "evs": {"hp": 85, "atk": 85, "def": 85, "spa": 85, "spd": 85, "spe": 85}, "ivs": {"hp": 31, "atk": 31, "def": 31, "spa": 31, "spd": 31, "spe": 31}, "item": "Leftovers", "teraType": "Fighting", "role": "Fast Bulky Setup", "bvs": {"hp": 91, "atk": 90, "def": 129, "spa": 90, "spd": 72, "spe": 108}, "stats": {"hp": 277, "atk": 190, "def": 253, "spa": 190, "spd": 161, "spe": 219}, "types": ["Steel", "Fighting"]}, "Brute Bonnet": {"name": "Brute Bonnet", "species": "Brute Bonnet", "speciesId": "brutebonnet", "gender": "N", "shiny": false, "level": 80, "moves": ["seedbomb", "crunch", "spore", "suckerpunch"], "ability": "Protosynthesis", "evs": {"hp": 85, "atk": 85, "def": 85, "spa": 85, "spd": 85, "spe": 85}, "ivs": {"hp": 31, "atk": 31, "def": 31, "spa": 31, "spd": 31, "spe": 31}, "item": "Leftovers", "teraType": "Poison", "role": "Bulky Support", "bvs": {"hp": 111, "atk": 127, "def": 99, "spa": 79, "spd": 99, "spe": 55}, "stats": {"hp": 309, "atk": 249, "def": 205, "spa": 173, "spd": 205, "spe": 134}, "types": ["Grass", "Dark"]}, "Tinkaton": {"name": "Tinkaton", "species": "Tinkaton", "speciesId": "tinkaton", "gender": "F", "shiny": false, "level": 82, "moves": ["swordsdance", "protect", "gigatonhammer", "playrough"], "ability": "Mold Breaker", "evs": {"hp": 85, "atk": 85, "def": 85, "spa": 85, "spd": 85, "spe": 85}, "ivs": {"hp": 31, "atk": 31, "def": 31, "spa": 31, "spd": 31, "spe": 31}, "item": "Leftovers", "teraType": "Steel", "role": "Bulky Setup", "bvs": {"hp": 85, "atk": 75, "def": 77, "spa": 70, "spd": 105, "spe": 94}, "stats": {"hp": 274, "atk": 170, "def": 173, "spa": 162, "spd": 219, "spe": 201}, "types": ["Fairy", "Steel"]}, "Alcremie": {"name": "Alcremie", "species": "Alcremie-Ruby-Swirl", "speciesId": "alcremie", "gender": "F", "shiny": false, "level": 90, "moves": ["calmmind", "alluringvoice", "recover", "psyshock"], "ability": "Aroma Veil", "evs": {"hp": 85, "atk": 0, "def": 85, "spa": 85, "spd": 85, "spe": 85}, "ivs": {"hp": 31, "atk": 0, "def": 31, "spa": 31, "spd": 31, "spe": 31}, "item": "Leftovers", "teraType": "Poison", "role": "Bulky Setup", "bvs": {"hp": 65, "atk": 60, "def": 75, "spa": 110, "spd": 121, "spe": 64}, "stats": {"hp": 263, "atk": 113, "def": 186, "spa": 249, "spd": 269, "spe": 167}, "types": ["Fairy"]}, "Lumineon": {"name": "Lumineon", "species": "Lumineon", "speciesId": "lumineon", "gender": "M", "shiny": false, "level": 93, "moves": ["icebeam", "uturn", "hydropump", "encore"], "ability": "Storm Drain", "evs": {"hp": 85, "atk": 85, "def": 85, "spa": 85, "spd": 85, "spe": 85}, "ivs": {"hp": 31, "atk": 31, "def": 31, "spa": 31, "spd": 31, "spe": 31}, "item": "Heavy-Duty Boots", "teraType": "Fire", "role": "Fast Support", "bvs": {"hp": 69, "atk": 69, "def": 76, "spa": 69, "spd": 86, "spe": 91}, "stats": {"hp": 279, "atk": 181, "def": 194, "spa": 181, "spd": 213, "spe": 222}, "types": ["Water"]}}]}