{"id": "gen9randombattle-2631452801", "format": "[Gen 9] Random Battle", "players": ["rrrpppp", "Zabalilla"], "log": "|j|\u2606rrrpppp\n|j|\u2606Zabalilla\n|t:|1781386468\n|gametype|singles\n|player|p1|rrrpppp|169|1973\n|player|p2|Zabalilla|170|1955\n|gen|9\n|tier|[Gen 9] Random Battle\n|rated|\n|rule|Species Clause: Limit one of each Pok\u00e9mon\n|rule|HP Percentage Mod: HP is shown in percentages\n|rule|Sleep Clause Mod: Limit one foe put to sleep\n|rule|Illusion Level Mod: Illusion disguises the Pok\u00e9mon's true level\n|\n|t:|1781386468\n|teamsize|p1|6\n|teamsize|p2|6\n|start\n|switch|p1a: Skeledirge|Skeledirge, L79, F|294/294\n|switch|p2a: Chien-Pao|Chien-Pao, L72|234/234\n|-ability|p2a: Chien-Pao|Sword of Ruin\n|turn|1\n|\n|t:|1781386478\n|switch|p1a: Conkeldurr|Conkeldurr, L80, F|299/299\n|move|p2a: Chien-Pao|Crunch|p1a: Conkeldurr\n|-resisted|p1a: Conkeldurr\n|-damage|p1a: Conkeldurr|227/299\n|\n|-status|p1a: Conkeldurr|brn|[from] item: Flame Orb\n|upkeep\n|turn|2\n|inactive|Battle timer is ON: inactive players will automatically lose when time's up. (requested by Zabalilla)\n|\n|t:|1781386488\n|switch|p2a: Moltres|Moltres, L81|278/278\n|move|p1a: Conkeldurr|Knock Off|p2a: Moltres\n|-damage|p2a: Moltres|154/278\n|-enditem|p2a: Moltres|Heavy-Duty Boots|[from] move: Knock Off|[of] p1a: Conkeldurr\n|\n|-damage|p1a: Conkeldurr|209/299 brn|[from] brn\n|upkeep\n|turn|3\n|\n|t:|1781386503\n|switch|p1a: Persian|Persian-Alola, L86, M|252/252\n|move|p2a: Moltres|Brave Bird|p1a: Persian\n|-damage|p1a: Persian|167/252\n|-damage|p2a: Moltres|126/278|[from] Recoil\n|\n|upkeep\n|turn|4\n|\n|t:|1781386514\n|move|p1a: Persian|Foul Play|p2a: Moltres\n|-damage|p2a: Moltres|23/278\n|move|p2a: Moltres|Fire Blast|p1a: Persian\n|-damage|p1a: Persian|5/252\n|\n|upkeep\n|turn|5\n|\n|t:|1781386521\n|move|p1a: Persian|Foul Play|p2a: Moltres\n|-damage|p2a: Moltres|0 fnt\n|faint|p2a: Moltres\n|\n|upkeep\n|\n|t:|1781386528\n|switch|p2a: Tatsugiri|Tatsugiri, L87, M|260/260\n|turn|6\n|\n|t:|1781386535\n|move|p1a: Persian|Parting Shot|p2a: Tatsugiri\n|-unboost|p2a: Tatsugiri|atk|1\n|-unboost|p2a: Tatsugiri|spa|1\n|\n|t:|1781386543\n|switch|p1a: Flutter Mane|Flutter Mane, L74|203/203|[from] Parting Shot\n|move|p2a: Tatsugiri|Rapid Spin|p1a: Flutter Mane\n|-immune|p1a: Flutter Mane\n|\n|upkeep\n|turn|7\n|\n|t:|1781386549\n|switch|p2a: Rhydon|Rhydon, L85, M|317/317\n|move|p1a: Flutter Mane|Calm Mind|p1a: Flutter Mane\n|-boost|p1a: Flutter Mane|spa|1\n|-boost|p1a: Flutter Mane|spd|1\n|\n|upkeep\n|turn|8\n|\n|t:|1781386556\n|move|p1a: Flutter Mane|Moonblast|p2a: Rhydon\n|-damage|p2a: Rhydon|113/317\n|-damage|p1a: Flutter Mane|183/203|[from] item: Life Orb\n|move|p2a: Rhydon|Earthquake|p1a: Flutter Mane\n|-damage|p1a: Flutter Mane|0 fnt\n|faint|p1a: Flutter Mane\n|-end|p1a: Flutter Mane|Protosynthesis|[silent]\n|\n|upkeep\n|\n|t:|1781386570\n|switch|p1a: Conkeldurr|Conkeldurr, L80, F|209/299 brn\n|turn|9\n|\n|t:|1781386573\n|move|p1a: Conkeldurr|Close Combat|p2a: Rhydon\n|-supereffective|p2a: Rhydon\n|-damage|p2a: Rhydon|0 fnt\n|-unboost|p1a: Conkeldurr|def|1\n|-unboost|p1a: Conkeldurr|spd|1\n|faint|p2a: Rhydon\n|\n|-damage|p1a: Conkeldurr|191/299 brn|[from] brn\n|upkeep\n|\n|t:|1781386587\n|switch|p2a: Tatsugiri|Tatsugiri, L87, M|260/260\n|turn|10\n|\n|t:|1781386593\n|switch|p1a: Fezandipiti|Fezandipiti, L82, M|278/278\n|move|p2a: Tatsugiri|Draco Meteor|p1a: Fezandipiti\n|-immune|p1a: Fezandipiti\n|\n|upkeep\n|turn|11\n|\n|t:|1781386600\n|switch|p2a: Chien-Pao|Chien-Pao, L72|234/234\n|-ability|p2a: Chien-Pao|Sword of Ruin\n|move|p1a: Fezandipiti|Moonblast|p2a: Chien-Pao\n|-supereffective|p2a: Chien-Pao\n|-damage|p2a: Chien-Pao|12/234\n|-unboost|p2a: Chien-Pao|spa|1\n|\n|upkeep\n|turn|12\n|\n|t:|1781386609\n|move|p2a: Chien-Pao|Icicle Crash|p1a: Fezandipiti\n|-damage|p1a: Fezandipiti|122/278\n|cant|p1a: Fezandipiti|flinch\n|\n|-heal|p1a: Fezandipiti|139/278|[from] item: Leftovers\n|upkeep\n|turn|13\n|\n|t:|1781386618\n|switch|p1a: Skeledirge|Skeledirge, L79, F|294/294\n|move|p2a: Chien-Pao|Icicle Crash|p1a: Skeledirge\n|-resisted|p1a: Skeledirge\n|-damage|p1a: Skeledirge|216/294\n|\n|upkeep\n|turn|14\n|\n|t:|1781386627\n|switch|p2a: Tatsugiri|Tatsugiri, L87, M|260/260\n|move|p1a: Skeledirge|Torch Song|p2a: Tatsugiri\n|-resisted|p2a: Tatsugiri\n|-damage|p2a: Tatsugiri|242/260\n|-boost|p1a: Skeledirge|spa|1\n|\n|upkeep\n|turn|15\n|\n|t:|1781386643\n|move|p2a: Tatsugiri|Hydro Pump|p1a: Skeledirge\n|-supereffective|p1a: Skeledirge\n|-damage|p1a: Skeledirge|0 fnt\n|faint|p1a: Skeledirge\n|\n|upkeep\n|\n|t:|1781386648\n|switch|p1a: Fezandipiti|Fezandipiti, L82, M|139/278\n|turn|16\n|\n|t:|1781386652\n|move|p1a: Fezandipiti|Roost|p1a: Fezandipiti\n|-heal|p1a: Fezandipiti|278/278\n|-singleturn|p1a: Fezandipiti|move: Roost\n|move|p2a: Tatsugiri|Rapid Spin|p1a: Fezandipiti\n|-damage|p1a: Fezandipiti|254/278\n|-boost|p2a: Tatsugiri|spe|1\n|\n|-heal|p1a: Fezandipiti|271/278|[from] item: Leftovers\n|upkeep\n|turn|17\n|\n|t:|1781386660\n|-terastallize|p2a: Tatsugiri|Steel\n|move|p2a: Tatsugiri|Nasty Plot|p2a: Tatsugiri\n|-boost|p2a: Tatsugiri|spa|2\n|move|p1a: Fezandipiti|Moonblast|p2a: Tatsugiri\n|-resisted|p2a: Tatsugiri\n|-damage|p2a: Tatsugiri|208/260\n|\n|-heal|p1a: Fezandipiti|278/278|[from] item: Leftovers\n|upkeep\n|turn|18\n|\n|t:|1781386670\n|switch|p1a: Persian|Persian-Alola, L86, M|5/252\n|move|p2a: Tatsugiri|Nasty Plot|p2a: Tatsugiri\n|-boost|p2a: Tatsugiri|spa|2\n|\n|upkeep\n|turn|19\n|\n|t:|1781386677\n|move|p2a: Tatsugiri|Rapid Spin|p1a: Persian\n|-damage|p1a: Persian|0 fnt\n|-boost|p2a: Tatsugiri|spe|1\n|faint|p1a: Persian\n|\n|upkeep\n|\n|t:|1781386683\n|switch|p1a: Conkeldurr|Conkeldurr, L80, F|191/299 brn\n|turn|20\n|\n|t:|1781386687\n|move|p1a: Conkeldurr|Mach Punch|p2a: Tatsugiri\n|-supereffective|p2a: Tatsugiri\n|-damage|p2a: Tatsugiri|16/260\n|move|p2a: Tatsugiri|Hydro Pump|p1a: Conkeldurr|[miss]\n|-miss|p2a: Tatsugiri|p1a: Conkeldurr\n|\n|-damage|p1a: Conkeldurr|173/299 brn|[from] brn\n|upkeep\n|turn|21\n|c|\u2606Zabalilla|Qu\u00e9 raro\n|c|\u2606Zabalilla|hostia puta basura\n|c|\u2606Zabalilla|siempre puta suerte\n|\n|t:|1781386709\n|switch|p2a: Abomasnow|Abomasnow, L84, M|287/287\n|-weather|Snowscape|[from] ability: Snow Warning|[of] p2a: Abomasnow\n|move|p1a: Conkeldurr|Mach Punch|p2a: Abomasnow\n|-supereffective|p2a: Abomasnow\n|-damage|p2a: Abomasnow|159/287\n|\n|-weather|Snowscape|[upkeep]\n|-damage|p1a: Conkeldurr|155/299 brn|[from] brn\n|upkeep\n|turn|22\n|\n|t:|1781386723\n|move|p1a: Conkeldurr|Mach Punch|p2a: Abomasnow\n|-supereffective|p2a: Abomasnow\n|-damage|p2a: Abomasnow|37/287\n|move|p2a: Abomasnow|Aurora Veil|p2a: Abomasnow\n|-sidestart|p2: Zabalilla|move: Aurora Veil\n|\n|-weather|Snowscape|[upkeep]\n|-damage|p1a: Conkeldurr|137/299 brn|[from] brn\n|upkeep\n|turn|23\n|\n|t:|1781386735\n|switch|p1a: Fezandipiti|Fezandipiti, L82, M|278/278\n|move|p2a: Abomasnow|Wood Hammer|p1a: Fezandipiti\n|-resisted|p1a: Fezandipiti\n|-damage|p1a: Fezandipiti|207/278\n|-damage|p2a: Abomasnow|14/287|[from] Recoil\n|\n|-weather|Snowscape|[upkeep]\n|-heal|p1a: Fezandipiti|224/278|[from] item: Leftovers\n|upkeep\n|turn|24\n|\n|t:|1781386744\n|move|p1a: Fezandipiti|Moonblast|p2a: Abomasnow\n|-damage|p2a: Abomasnow|0 fnt\n|faint|p2a: Abomasnow\n|\n|-weather|Snowscape|[upkeep]\n|-heal|p1a: Fezandipiti|241/278|[from] item: Leftovers\n|upkeep\n|\n|t:|1781386746\n|switch|p2a: Feraligatr|Feraligatr, L79, F|264/264\n|turn|25\n|\n|t:|1781386756\n|move|p1a: Fezandipiti|Gunk Shot|p2a: Feraligatr\n|-damage|p2a: Feraligatr|205/264\n|-status|p2a: Feraligatr|psn\n|move|p2a: Feraligatr|Dragon Dance|p2a: Feraligatr\n|-boost|p2a: Feraligatr|atk|1\n|-boost|p2a: Feraligatr|spe|1\n|\n|-weather|none\n|-heal|p1a: Fezandipiti|258/278|[from] item: Leftovers\n|-damage|p2a: Feraligatr|172/264 psn|[from] psn\n|upkeep\n|turn|26\n|\n|t:|1781386767\n|move|p2a: Feraligatr|Liquidation|p1a: Fezandipiti\n|-damage|p1a: Fezandipiti|36/278\n|move|p1a: Fezandipiti|Moonblast|p2a: Feraligatr\n|-damage|p2a: Feraligatr|129/264 psn\n|\n|-heal|p1a: Fezandipiti|53/278|[from] item: Leftovers\n|-damage|p2a: Feraligatr|96/264 psn|[from] psn\n|upkeep\n|turn|27\n|\n|t:|1781386777\n|move|p2a: Feraligatr|Liquidation|p1a: Fezandipiti\n|-damage|p1a: Fezandipiti|0 fnt\n|faint|p1a: Fezandipiti\n|\n|-damage|p2a: Feraligatr|63/264 psn|[from] psn\n|upkeep\n|\n|t:|1781386782\n|switch|p1a: Toxtricity|Toxtricity, L82, F|257/257\n|turn|28\n|\n|t:|1781386785\n|move|p2a: Feraligatr|Liquidation|p1a: Toxtricity\n|-damage|p1a: Toxtricity|0 fnt\n|faint|p1a: Toxtricity\n|\n|-damage|p2a: Feraligatr|30/264 psn|[from] psn\n|upkeep\n|\n|t:|1781386791\n|switch|p1a: Conkeldurr|Conkeldurr, L80, F|137/299 brn\n|turn|29\n|\n|t:|1781386794\n|move|p1a: Conkeldurr|Mach Punch|p2a: Feraligatr\n|-damage|p2a: Feraligatr|0 fnt\n|faint|p2a: Feraligatr\n|\n|-damage|p1a: Conkeldurr|119/299 brn|[from] brn\n|-sideend|p2: Zabalilla|move: Aurora Veil\n|upkeep\n|\n|t:|1781386797\n|switch|p2a: Chien-Pao|Chien-Pao, L72|12/234\n|-ability|p2a: Chien-Pao|Sword of Ruin\n|turn|30\n|\n|t:|1781386802\n|move|p2a: Chien-Pao|Ice Shard|p1a: Conkeldurr\n|-damage|p1a: Conkeldurr|44/299 brn\n|move|p1a: Conkeldurr|Mach Punch|p2a: Chien-Pao\n|-supereffective|p2a: Chien-Pao\n|-damage|p2a: Chien-Pao|0 fnt\n|faint|p2a: Chien-Pao\n|\n|-damage|p1a: Conkeldurr|26/299 brn|[from] brn\n|upkeep\n|\n|t:|1781386804\n|switch|p2a: Tatsugiri|Tatsugiri, L87, M, tera:Steel|16/260\n|turn|31\n|-message|Zabalilla forfeited.\n|\n|win|rrrpppp\n", "inputlog": ">version a8376a258c1d4662feba110a92103f3664a72141\n>start {\"formatid\":\"gen9randombattle\",\"seed\":\"sodium,049e45bc4527bcce030e7c137b817bc7\",\"rated\":\"Rated battle\"}\n>player p1 {\"name\":\"rrrpppp\",\"avatar\":\"169\",\"rating\":1973,\"seed\":\"sodium,b131fb67a83c482c8d0b1239f504f7e5\"}\n>player p2 {\"name\":\"Zabalilla\",\"avatar\":\"170\",\"rating\":1955,\"seed\":\"sodium,168bdc335020feef1c7b17df29053a65\"}\n>p1 switch 4\n>p2 move crunch\n>p1 move knockoff\n>p2 switch 5\n>p1 switch 6\n>p2 move bravebird\n>p1 move foulplay\n>p2 move fireblast\n>p1 move foulplay\n>p2 move roost\n>p2 switch 4\n>p1 move partingshot\n>p2 move rapidspin\n>p1 switch 5\n>p1 move calmmind\n>p2 switch 2\n>p1 move moonblast\n>p2 move earthquake\n>p1 switch 6\n>p1 move closecombat\n>p2 move stealthrock\n>p2 switch 2\n>p1 switch 2\n>p2 move dracometeor\n>p1 move moonblast\n>p2 switch 5\n>p1 move uturn\n>p2 move iciclecrash\n>p1 switch 4\n>p2 move iciclecrash\n>p1 move torchsong\n>p2 switch 5\n>p1 move flamecharge\n>p2 move hydropump\n>p1 switch 4\n>p1 move roost\n>p2 move rapidspin\n>p1 move moonblast\n>p2 move nastyplot terastallize\n>p1 switch 5\n>p2 move nastyplot\n>p1 move thunderwave\n>p2 move rapidspin\n>p1 switch 2\n>p1 move machpunch\n>p2 move hydropump\n>chat \u2606Zabalilla|Qu\u00e9 raro \n>chat \u2606Zabalilla|hostia puta basura\n>chat \u2606Zabalilla|siempre puta suerte \n>p1 move machpunch\n>p2 switch 6\n>p1 move machpunch\n>p2 move auroraveil\n>p1 switch 5\n>p2 move woodhammer\n>p1 move moonblast\n>p2 move earthquake\n>p2 switch 3\n>p1 move gunkshot\n>p2 move dragondance\n>p1 move moonblast\n>p2 move liquidation\n>p1 move gunkshot\n>p2 move liquidation\n>p1 switch 3\n>p1 move shiftgear\n>p2 move liquidation\n>p1 switch 5\n>p1 move machpunch\n>p2 move liquidation\n>p2 switch 5\n>p1 move machpunch\n>p2 move iceshard\n>p2 switch 6\n>forcelose p2", "uploadtime": 1781386470, "views": 5, "formatid": "gen9randombattle", "rating": null, "private": 0, "password": null, "player_dets": [{"name": "rrrpppp", "avatar": "169", "rating": 1973, "seed": "sodium,b131fb67a83c482c8d0b1239f504f7e5"}, {"name": "Zabalilla", "avatar": "170", "rating": 1955, "seed": "sodium,168bdc335020feef1c7b17df29053a65"}], "teams_full": [{"Skeledirge": {"name": "Skeledirge", "species": "Skeledirge", "speciesId": "skeledirge", "gender": "F", "shiny": false, "level": 79, "moves": ["torchsong", "shadowball", "slackoff", "flamecharge"], "ability": "Unaware", "evs": {"hp": 85, "atk": 85, "def": 85, "spa": 85, "spd": 85, "spe": 85}, "ivs": {"hp": 31, "atk": 31, "def": 31, "spa": 31, "spd": 31, "spe": 31}, "item": "Heavy-Duty Boots", "teraType": "Fairy", "role": "Bulky Attacker", "bvs": {"hp": 104, "atk": 75, "def": 100, "spa": 110, "spd": 75, "spe": 66}, "stats": {"hp": 294, "atk": 164, "def": 204, "spa": 219, "spd": 164, "spe": 150}}, "Fezandipiti": {"name": "Fezandipiti", "species": "Fezandipiti", "speciesId": "fezandipiti", "gender": "M", "shiny": false, "level": 82, "moves": ["roost", "uturn", "gunkshot", "moonblast"], "ability": "Toxic Chain", "evs": {"hp": 85, "atk": 85, "def": 85, "spa": 85, "spd": 85, "spe": 85}, "ivs": {"hp": 31, "atk": 31, "def": 31, "spa": 31, "spd": 31, "spe": 31}, "item": "Leftovers", "teraType": "Steel", "role": "Bulky Attacker", "bvs": {"hp": 88, "atk": 91, "def": 82, "spa": 70, "spd": 125, "spe": 99}, "stats": {"hp": 278, "atk": 196, "def": 182, "spa": 162, "spd": 252, "spe": 210}}, "Toxtricity": {"name": "Toxtricity", "species": "Toxtricity", "speciesId": "toxtricity", "gender": "F", "shiny": false, "level": 82, "moves": ["boomburst", "gunkshot", "shiftgear", "overdrive"], "ability": "Punk Rock", "evs": {"hp": 85, "atk": 85, "def": 85, "spa": 85, "spd": 85, "spe": 85}, "ivs": {"hp": 31, "atk": 31, "def": 31, "spa": 31, "spd": 31, "spe": 31}, "item": "Throat Spray", "teraType": "Normal", "role": "Setup Sweeper", "bvs": {"hp": 75, "atk": 98, "def": 70, "spa": 114, "spd": 70, "spe": 75}, "stats": {"hp": 257, "atk": 208, "def": 162, "spa": 234, "spd": 162, "spe": 170}}, "Conkeldurr": {"name": "Conkeldurr", "species": "Conkeldurr", "speciesId": "conkeldurr", "gender": "F", "shiny": false, "level": 80, "moves": ["facade", "machpunch", "knockoff", "closecombat"], "ability": "Guts", "evs": {"hp": 85, "atk": 85, "def": 85, "spa": 85, "spd": 85, "spe": 85}, "ivs": {"hp": 31, "atk": 31, "def": 31, "spa": 31, "spd": 31, "spe": 31}, "item": "Flame Orb", "teraType": "Normal", "role": "Wallbreaker", "bvs": {"hp": 105, "atk": 140, "def": 95, "spa": 55, "spd": 65, "spe": 45}, "stats": {"hp": 299, "atk": 270, "def": 198, "spa": 134, "spd": 150, "spe": 118}}, "Flutter Mane": {"name": "Flutter Mane", "species": "Flutter Mane", "speciesId": "fluttermane", "gender": "N", "shiny": false, "level": 74, "moves": ["mysticalfire", "moonblast", "calmmind", "shadowball"], "ability": "Protosynthesis", "evs": {"hp": 85, "atk": 0, "def": 85, "spa": 85, "spd": 85, "spe": 85}, "ivs": {"hp": 31, "atk": 0, "def": 31, "spa": 31, "spd": 31, "spe": 31}, "item": "Life Orb", "teraType": "Fire", "role": "Setup Sweeper", "bvs": {"hp": 55, "atk": 55, "def": 55, "spa": 135, "spd": 135, "spe": 135}, "stats": {"hp": 203, "atk": 86, "def": 124, "spa": 243, "spd": 243, "spe": 243}}, "Persian": {"name": "Persian", "species": "Persian-Alola", "speciesId": "persianalola", "gender": "M", "shiny": false, "level": 86, "moves": ["taunt", "foulplay", "thunderwave", "partingshot"], "ability": "Fur Coat", "evs": {"hp": 85, "atk": 0, "def": 85, "spa": 85, "spd": 85, "spe": 85}, "ivs": {"hp": 31, "atk": 0, "def": 31, "spa": 31, "spd": 31, "spe": 31}, "item": "Heavy-Duty Boots", "teraType": "Poison", "role": "Fast Support", "bvs": {"hp": 65, "atk": 60, "def": 60, "spa": 75, "spd": 65, "spe": 115}, "stats": {"hp": 252, "atk": 108, "def": 152, "spa": 178, "spd": 161, "spe": 247}}}, {"Chien-Pao": {"name": "Chien-Pao", "species": "Chien-Pao", "speciesId": "chienpao", "gender": "N", "shiny": false, "level": 72, "moves": ["iceshard", "iciclecrash", "sacredsword", "crunch"], "ability": "Sword of Ruin", "evs": {"hp": 85, "atk": 85, "def": 85, "spa": 85, "spd": 85, "spe": 85}, "ivs": {"hp": 31, "atk": 31, "def": 31, "spa": 31, "spd": 31, "spe": 31}, "item": "Choice Band", "teraType": "Ice", "role": "Wallbreaker", "bvs": {"hp": 80, "atk": 120, "def": 80, "spa": 90, "spd": 65, "spe": 135}, "stats": {"hp": 234, "atk": 215, "def": 157, "spa": 172, "spd": 136, "spe": 236}}, "Rhydon": {"name": "Rhydon", "species": "Rhydon", "speciesId": "rhydon", "gender": "M", "shiny": false, "level": 85, "moves": ["stoneedge", "megahorn", "earthquake", "stealthrock"], "ability": "Lightning Rod", "evs": {"hp": 85, "atk": 85, "def": 85, "spa": 85, "spd": 85, "spe": 85}, "ivs": {"hp": 31, "atk": 31, "def": 31, "spa": 31, "spd": 31, "spe": 31}, "item": "Eviolite", "teraType": "Fairy", "role": "Bulky Attacker", "bvs": {"hp": 105, "atk": 130, "def": 120, "spa": 45, "spd": 45, "spe": 40}, "stats": {"hp": 317, "atk": 270, "def": 253, "spa": 125, "spd": 125, "spe": 117}}, "Feraligatr": {"name": "Feraligatr", "species": "Feraligatr", "speciesId": "feraligatr", "gender": "F", "shiny": false, "level": 79, "moves": ["dragondance", "trailblaze", "liquidation", "icepunch"], "ability": "Sheer Force", "evs": {"hp": 85, "atk": 85, "def": 85, "spa": 85, "spd": 85, "spe": 85}, "ivs": {"hp": 31, "atk": 31, "def": 31, "spa": 31, "spd": 31, "spe": 31}, "item": "Life Orb", "teraType": "Grass", "role": "Setup Sweeper", "bvs": {"hp": 85, "atk": 105, "def": 100, "spa": 79, "spd": 83, "spe": 78}, "stats": {"hp": 264, "atk": 211, "def": 204, "spa": 170, "spd": 177, "spe": 169}}, "Tatsugiri": {"name": "Tatsugiri", "species": "Tatsugiri", "speciesId": "tatsugiri", "gender": "M", "shiny": false, "level": 87, "moves": ["dracometeor", "nastyplot", "rapidspin", "hydropump"], "ability": "Storm Drain", "evs": {"hp": 85, "atk": 85, "def": 85, "spa": 85, "spd": 85, "spe": 85}, "ivs": {"hp": 31, "atk": 31, "def": 31, "spa": 31, "spd": 31, "spe": 31}, "item": "Heavy-Duty Boots", "teraType": "Steel", "role": "Fast Support", "bvs": {"hp": 68, "atk": 50, "def": 60, "spa": 120, "spd": 95, "spe": 82}, "stats": {"hp": 260, "atk": 137, "def": 154, "spa": 259, "spd": 215, "spe": 192}}, "Moltres": {"name": "Moltres", "species": "Moltres", "speciesId": "moltres", "gender": "N", "shiny": false, "level": 81, "moves": ["bravebird", "scorchingsands", "fireblast", "roost"], "ability": "Flame Body", "evs": {"hp": 85, "atk": 85, "def": 85, "spa": 85, "spd": 85, "spe": 85}, "ivs": {"hp": 31, "atk": 31, "def": 31, "spa": 31, "spd": 31, "spe": 31}, "item": "Heavy-Duty Boots", "teraType": "Ground", "role": "Bulky Attacker", "bvs": {"hp": 90, "atk": 100, "def": 90, "spa": 125, "spd": 85, "spe": 90}, "stats": {"hp": 278, "atk": 209, "def": 192, "spa": 249, "spd": 184, "spe": 192}}, "Abomasnow": {"name": "Abomasnow", "species": "Abomasnow", "speciesId": "abomasnow", "gender": "M", "shiny": false, "level": 84, "moves": ["auroraveil", "earthquake", "blizzard", "woodhammer"], "ability": "Snow Warning", "evs": {"hp": 77, "atk": 85, "def": 85, "spa": 85, "spd": 85, "spe": 85}, "ivs": {"hp": 31, "atk": 31, "def": 31, "spa": 31, "spd": 31, "spe": 31}, "item": "Light Clay", "teraType": "Water", "role": "Bulky Support", "bvs": {"hp": 90, "atk": 92, "def": 75, "spa": 92, "spd": 85, "spe": 60}, "stats": {"hp": 287, "atk": 203, "def": 174, "spa": 203, "spd": 191, "spe": 149}}}]}