{"id": "gen9randombattle-2631721940", "format": "[Gen 9] Random Battle", "players": ["mr clevage", "Harvester"], "log": "|j|\u2606mr clevage\n|j|\u2606Harvester\n|t:|1781428529\n|gametype|singles\n|player|p1|mr clevage|blaine|1903\n|player|p2|Harvester|1|2002\n|gen|9\n|tier|[Gen 9] Random Battle\n|rated|\n|rule|Species Clause: Limit one of each Pok\u00e9mon\n|rule|HP Percentage Mod: HP is shown in percentages\n|rule|Sleep Clause Mod: Limit one foe put to sleep\n|rule|Illusion Level Mod: Illusion disguises the Pok\u00e9mon's true level\n|\n|t:|1781428529\n|teamsize|p1|6\n|teamsize|p2|6\n|start\n|switch|p1a: Glimmora|Glimmora, L75, F|248/248\n|switch|p2a: Jolteon|Jolteon, L84, M|246/246\n|turn|1\n|inactive|Battle timer is ON: inactive players will automatically lose when time's up. (requested by mr clevage)\n|\n|t:|1781428554\n|switch|p1a: Sandslash|Sandslash, L89, M|278/278\n|move|p2a: Jolteon|Calm Mind|p2a: Jolteon\n|-boost|p2a: Jolteon|spa|1\n|-boost|p2a: Jolteon|spd|1\n|\n|upkeep\n|turn|2\n|\n|t:|1781428568\n|switch|p2a: Delibird|Delibird, F|252/252\n|move|p1a: Sandslash|Earthquake|p2a: Delibird\n|-immune|p2a: Delibird\n|\n|upkeep\n|turn|3\n|\n|t:|1781428575\n|move|p2a: Delibird|Ice Spinner|p1a: Sandslash|[miss]\n|-miss|p2a: Delibird|p1a: Sandslash\n|move|p1a: Sandslash|Rapid Spin|p2a: Delibird\n|-damage|p2a: Delibird|201/252\n|-boost|p1a: Sandslash|spe|1\n|\n|upkeep\n|turn|4\n|\n|t:|1781428585\n|switch|p2a: Urshifu|Urshifu, L74, M|270/270\n|move|p1a: Sandslash|Stone Edge|p2a: Urshifu|[miss]\n|-miss|p1a: Sandslash|p2a: Urshifu\n|\n|upkeep\n|turn|5\n|\n|t:|1781428597\n|switch|p1a: Glimmora|Glimmora, L75, F|248/248\n|move|p2a: Urshifu|Wicked Blow|p1a: Glimmora\n|-crit|p1a: Glimmora\n|-damage|p1a: Glimmora|128/248\n|-activate|p1a: Glimmora|ability: Toxic Debris\n|-sidestart|p2: Harvester|move: Toxic Spikes\n|\n|upkeep\n|turn|6\n|\n|t:|1781428605\n|switch|p1a: Fezandipiti|Fezandipiti, L82, M|278/278\n|move|p2a: Urshifu|Wicked Blow|p1a: Fezandipiti\n|-resisted|p1a: Fezandipiti\n|-crit|p1a: Fezandipiti\n|-damage|p1a: Fezandipiti|214/278\n|\n|-heal|p1a: Fezandipiti|231/278|[from] item: Leftovers\n|upkeep\n|turn|7\n|\n|t:|1781428627\n|switch|p2a: Jolteon|Jolteon, L84, M|246/246\n|-status|p2a: Jolteon|psn\n|move|p1a: Fezandipiti|Swords Dance|p1a: Fezandipiti\n|-boost|p1a: Fezandipiti|atk|2\n|\n|-heal|p1a: Fezandipiti|248/278|[from] item: Leftovers\n|-damage|p2a: Jolteon|216/246 psn|[from] psn\n|upkeep\n|turn|8\n|-message|Harvester forfeited.\n|\n|win|mr clevage\n", "inputlog": ">version a8376a258c1d4662feba110a92103f3664a72141\n>start {\"formatid\":\"gen9randombattle\",\"seed\":\"sodium,ea481f7c6843bd85f452b92129d145dc\",\"rated\":\"Rated battle\"}\n>player p1 {\"name\":\"mr clevage\",\"avatar\":\"blaine\",\"rating\":1903,\"seed\":\"sodium,f12125bb7f2d9abad4c398197c8850ff\"}\n>player p2 {\"name\":\"Harvester\",\"avatar\":\"1\",\"rating\":2002,\"seed\":\"sodium,84cc3dca13f62fca4fa9b3ea9c04dff8\"}\n>p1 switch 5\n>p2 move calmmind\n>p1 move earthquake\n>p2 switch 3\n>p1 move rapidspin\n>p2 move icespinner\n>p1 move stoneedge\n>p2 switch 5\n>p1 switch 5\n>p2 move wickedblow\n>p1 switch 4\n>p2 move wickedblow\n>p1 move swordsdance\n>p2 switch 3\n>forcelose p2", "uploadtime": 1781428530, "views": 5, "formatid": "gen9randombattle", "rating": null, "private": 0, "password": null}