{"id": "gen9randombattle-2631516359", "format": "[Gen 9] Random Battle", "players": ["arnavgupta", "TheLudicrousLuv"], "log": "|j|\u2606arnavgupta\n|j|\u2606TheLudicrousLuv\n|t:|1781395270\n|gametype|singles\n|player|p1|arnavgupta|drayden|2080\n|player|p2|TheLudicrousLuv|hilbert-wonderlauncher|2039\n|gen|9\n|tier|[Gen 9] Random Battle\n|rated|\n|rule|Species Clause: Limit one of each Pok\u00e9mon\n|rule|HP Percentage Mod: HP is shown in percentages\n|rule|Sleep Clause Mod: Limit one foe put to sleep\n|rule|Illusion Level Mod: Illusion disguises the Pok\u00e9mon's true level\n|\n|t:|1781395270\n|teamsize|p1|6\n|teamsize|p2|6\n|start\n|switch|p1a: Quaquaval|Quaquaval, L79, M|264/264\n|switch|p2a: Scyther|Scyther, L82, F|249/249\n|turn|1\n|inactive|Battle timer is ON: inactive players will automatically lose when time's up. (requested by TheLudicrousLuv)\n|\n|t:|1781395288\n|switch|p1a: Orthworm|Orthworm, L88, M|266/266\n|move|p2a: Scyther|Swords Dance|p2a: Scyther\n|-boost|p2a: Scyther|atk|2\n|\n|upkeep\n|turn|2\n|\n|t:|1781395303\n|switch|p1a: Overqwil|Overqwil, L82, M|274/274\n|-ability|p1a: Overqwil|Intimidate|boost\n|-unboost|p2a: Scyther|atk|1\n|-terastallize|p2a: Scyther|Fighting\n|move|p2a: Scyther|Close Combat|p1a: Overqwil\n|-damage|p1a: Overqwil|76/274\n|-unboost|p2a: Scyther|def|1\n|-unboost|p2a: Scyther|spd|1\n|\n|upkeep\n|turn|3\n|\n|t:|1781395311\n|move|p1a: Overqwil|Aqua Jet|p2a: Scyther\n|-damage|p2a: Scyther|193/249\n|move|p2a: Scyther|Dual Wingbeat|p1a: Overqwil\n|-damage|p1a: Overqwil|0 fnt\n|faint|p1a: Overqwil\n|-hitcount|p1: Overqwil|1\n|\n|upkeep\n|\n|t:|1781395315\n|switch|p1a: Enamorus|Enamorus-Therian, L83, F|259/259\n|turn|4\n|\n|t:|1781395325\n|switch|p2a: Qwilfish|Qwilfish, L86, F|252/252\n|-ability|p2a: Qwilfish|Intimidate|boost\n|-unboost|p1a: Enamorus|atk|1\n|move|p1a: Enamorus|Agility|p1a: Enamorus\n|-boost|p1a: Enamorus|spe|2\n|\n|upkeep\n|turn|5\n|\n|t:|1781395329\n|-terastallize|p1a: Enamorus|Ground\n|move|p1a: Enamorus|Earth Power|p2a: Qwilfish\n|-supereffective|p2a: Qwilfish\n|-damage|p2a: Qwilfish|0 fnt\n|faint|p2a: Qwilfish\n|\n|upkeep\n|\n|t:|1781395343\n|switch|p2a: Kleavor|Kleavor, L78, M|237/237\n|turn|6\n|\n|t:|1781395346\n|move|p1a: Enamorus|Earth Power|p2a: Kleavor\n|-damage|p2a: Kleavor|78/237\n|move|p2a: Kleavor|X-Scissor|p1a: Enamorus\n|-damage|p1a: Enamorus|126/259\n|\n|upkeep\n|turn|7\n|\n|t:|1781395353\n|move|p1a: Enamorus|Earth Power|p2a: Kleavor\n|-damage|p2a: Kleavor|0 fnt\n|faint|p2a: Kleavor\n|\n|upkeep\n|c|\u2606TheLudicrousLuv|Incredible\n|c|\u2606TheLudicrousLuv|!showteam\n|c| TheLudicrousLuv|/raw <div class=\"infobox\"><details><summary>View team</summary>Scyther (F) @ Eviolite  <br />Ability: Technician  <br />Level: 82  <br />Tera Type: Fighting  <br />EVs: 85 HP &#x2f; 85 Atk &#x2f; 85 Def &#x2f; 85 SpA &#x2f; 85 SpD &#x2f; 85 Spe  <br />- Dual Wingbeat  <br />- Swords Dance  <br />- Bug Bite  <br />- Close Combat  <br /><br />Delphox (F) @ Choice Specs  <br />Ability: Blaze  <br />Level: 84  <br />Tera Type: Fire  <br />EVs: 85 HP &#x2f; 85 Def &#x2f; 85 SpA &#x2f; 85 SpD &#x2f; 85 Spe  <br />IVs: 0 Atk  <br />- Psyshock  <br />- Grass Knot  <br />- Focus Blast  <br />- Fire Blast  <br /><br />Urshifu (F) @ Life Orb  <br />Ability: Unseen Fist  <br />Level: 74  <br />Tera Type: Poison  <br />EVs: 85 HP &#x2f; 85 Atk &#x2f; 85 Def &#x2f; 85 SpA &#x2f; 85 SpD &#x2f; 85 Spe  <br />- Wicked Blow  <br />- Poison Jab  <br />- Close Combat  <br />- Swords Dance  <br /><br />Kleavor (M) @ Heavy-Duty Boots  <br />Ability: Sharpness  <br />Level: 78  <br />Tera Type: Fighting  <br />EVs: 85 HP &#x2f; 85 Atk &#x2f; 85 Def &#x2f; 85 SpA &#x2f; 85 SpD &#x2f; 85 Spe  <br />- X-Scissor  <br />- Stone Axe  <br />- Close Combat  <br />- Defog  <br /><br />Passimian (M) @ Choice Band  <br />Ability: Defiant  <br />Level: 83  <br />Tera Type: Fighting  <br />EVs: 85 HP &#x2f; 85 Atk &#x2f; 85 Def &#x2f; 85 SpA &#x2f; 85 SpD &#x2f; 85 Spe  <br />- U-turn  <br />- Knock Off  <br />- Earthquake  <br />- Close Combat  <br /><br />Qwilfish (F) @ Heavy-Duty Boots  <br />Ability: Intimidate  <br />Level: 86  <br />Tera Type: Grass  <br />EVs: 85 HP &#x2f; 85 Atk &#x2f; 85 Def &#x2f; 85 SpA &#x2f; 85 SpD &#x2f; 85 Spe  <br />- Gunk Shot  <br />- Flip Turn  <br />- Toxic  <br />- Pain Split  <br /><br /></details></div>\n|-message|TheLudicrousLuv forfeited.\n|\n|win|arnavgupta\n", "inputlog": ">version a8376a258c1d4662feba110a92103f3664a72141\n>start {\"formatid\":\"gen9randombattle\",\"seed\":\"sodium,802db5f6b98d08e327ad7e7a052085f4\",\"rated\":\"Rated battle\"}\n>player p1 {\"name\":\"arnavgupta\",\"avatar\":\"drayden\",\"rating\":2080,\"seed\":\"sodium,f60610a30aed9a1a6e40a847193c1650\"}\n>player p2 {\"name\":\"TheLudicrousLuv\",\"avatar\":\"hilbert-wonderlauncher\",\"rating\":2039,\"seed\":\"sodium,daf8d4de25cafbc6ab7d6762411169bd\"}\n>p1 switch 2\n>p2 move swordsdance\n>p1 switch 3\n>p2 move closecombat terastallize\n>p1 move aquajet\n>p2 move dualwingbeat\n>p1 switch 6\n>p1 move agility\n>p2 switch 6\n>p1 move earthpower terastallize\n>p2 move toxic\n>p2 switch 4\n>p1 move earthpower\n>p2 move xscissor\n>p1 move earthpower\n>p2 move xscissor\n>chat \u2606TheLudicrousLuv|Incredible\n>chat \u2606TheLudicrousLuv|!showteam\n>forcelose p2", "uploadtime": 1781395272, "views": 8, "formatid": "gen9randombattle", "rating": null, "private": 0, "password": null, "player_dets": [{"name": "arnavgupta", "avatar": "drayden", "rating": 2080, "seed": "sodium,f60610a30aed9a1a6e40a847193c1650"}, {"name": "TheLudicrousLuv", "avatar": "hilbert-wonderlauncher", "rating": 2039, "seed": "sodium,daf8d4de25cafbc6ab7d6762411169bd"}], "teams_full": [{"Quaquaval": {"name": "Quaquaval", "species": "Quaquaval", "speciesId": "quaquaval", "gender": "M", "shiny": false, "level": 79, "moves": ["closecombat", "knockoff", "swordsdance", "aquastep"], "ability": "Moxie", "evs": {"hp": 85, "atk": 85, "def": 85, "spa": 85, "spd": 85, "spe": 85}, "ivs": {"hp": 31, "atk": 31, "def": 31, "spa": 31, "spd": 31, "spe": 31}, "item": "Life Orb", "teraType": "Fighting", "role": "Setup Sweeper", "bvs": {"hp": 85, "atk": 120, "def": 80, "spa": 85, "spd": 75, "spe": 85}, "stats": {"hp": 264, "atk": 235, "def": 172, "spa": 180, "spd": 164, "spe": 180}, "types": ["Water", "Fighting"]}, "Orthworm": {"name": "Orthworm", "species": "Orthworm", "speciesId": "orthworm", "gender": "M", "shiny": false, "level": 88, "moves": ["rest", "coil", "bodypress", "irontail"], "ability": "Earth Eater", "evs": {"hp": 85, "atk": 85, "def": 85, "spa": 85, "spd": 85, "spe": 85}, "ivs": {"hp": 31, "atk": 31, "def": 31, "spa": 31, "spd": 31, "spe": 31}, "item": "Chesto Berry", "teraType": "Electric", "role": "Bulky Setup", "bvs": {"hp": 70, "atk": 85, "def": 145, "spa": 60, "spd": 55, "spe": 65}, "stats": {"hp": 266, "atk": 200, "def": 305, "spa": 156, "spd": 147, "spe": 165}, "types": ["Steel"]}, "Overqwil": {"name": "Overqwil", "species": "Overqwil", "speciesId": "overqwil", "gender": "M", "shiny": false, "level": 82, "moves": ["crunch", "liquidation", "gunkshot", "aquajet"], "ability": "Intimidate", "evs": {"hp": 85, "atk": 85, "def": 85, "spa": 85, "spd": 85, "spe": 85}, "ivs": {"hp": 31, "atk": 31, "def": 31, "spa": 31, "spd": 31, "spe": 31}, "item": "Choice Band", "teraType": "Water", "role": "Fast Attacker", "bvs": {"hp": 85, "atk": 115, "def": 95, "spa": 65, "spd": 65, "spe": 85}, "stats": {"hp": 274, "atk": 236, "def": 203, "spa": 154, "spd": 154, "spe": 187}, "types": ["Dark", "Poison"]}, "Cobalion": {"name": "Cobalion", "species": "Cobalion", "speciesId": "cobalion", "gender": "N", "shiny": false, "level": 80, "moves": ["closecombat", "stoneedge", "ironhead", "swordsdance"], "ability": "Justified", "evs": {"hp": 85, "atk": 85, "def": 85, "spa": 85, "spd": 85, "spe": 85}, "ivs": {"hp": 31, "atk": 31, "def": 31, "spa": 31, "spd": 31, "spe": 31}, "item": "Life Orb", "teraType": "Fighting", "role": "Fast Bulky Setup", "bvs": {"hp": 91, "atk": 90, "def": 129, "spa": 90, "spd": 72, "spe": 108}, "stats": {"hp": 277, "atk": 190, "def": 253, "spa": 190, "spd": 161, "spe": 219}, "types": ["Steel", "Fighting"]}, "Girafarig": {"name": "Girafarig", "species": "Girafarig", "speciesId": "girafarig", "gender": "F", "shiny": false, "level": 89, "moves": ["thunderbolt", "nastyplot", "hypervoice", "psyshock"], "ability": "Sap Sipper", "evs": {"hp": 85, "atk": 0, "def": 85, "spa": 85, "spd": 85, "spe": 85}, "ivs": {"hp": 31, "atk": 0, "def": 31, "spa": 31, "spd": 31, "spe": 31}, "item": "Eviolite", "teraType": "Normal", "role": "Fast Bulky Setup", "bvs": {"hp": 70, "atk": 80, "def": 65, "spa": 90, "spd": 65, "spe": 85}, "stats": {"hp": 269, "atk": 147, "def": 166, "spa": 211, "spd": 166, "spe": 202}, "types": ["Normal", "Psychic"]}, "Enamorus": {"name": "Enamorus", "species": "Enamorus-Therian", "speciesId": "enamorustherian", "gender": "F", "shiny": false, "level": 83, "moves": ["moonblast", "agility", "superpower", "earthpower"], "ability": "Overcoat", "evs": {"hp": 85, "atk": 85, "def": 85, "spa": 85, "spd": 85, "spe": 85}, "ivs": {"hp": 31, "atk": 31, "def": 31, "spa": 31, "spd": 31, "spe": 31}, "item": "Weakness Policy", "teraType": "Ground", "role": "Bulky Setup", "bvs": {"hp": 74, "atk": 115, "def": 110, "spa": 135, "spd": 100, "spe": 46}, "stats": {"hp": 259, "atk": 239, "def": 230, "spa": 272, "spd": 214, "spe": 124}, "types": ["Fairy", "Flying"]}}, {"Scyther": {"name": "Scyther", "species": "Scyther", "speciesId": "scyther", "gender": "F", "shiny": false, "level": 82, "moves": ["dualwingbeat", "swordsdance", "bugbite", "closecombat"], "ability": "Technician", "evs": {"hp": 85, "atk": 85, "def": 85, "spa": 85, "spd": 85, "spe": 85}, "ivs": {"hp": 31, "atk": 31, "def": 31, "spa": 31, "spd": 31, "spe": 31}, "item": "Eviolite", "teraType": "Fighting", "role": "Setup Sweeper", "bvs": {"hp": 70, "atk": 110, "def": 80, "spa": 55, "spd": 80, "spe": 105}, "stats": {"hp": 249, "atk": 228, "def": 178, "spa": 137, "spd": 178, "spe": 219}, "types": ["Bug", "Flying"]}, "Delphox": {"name": "Delphox", "species": "Delphox", "speciesId": "delphox", "gender": "F", "shiny": false, "level": 84, "moves": ["psyshock", "grassknot", "focusblast", "fireblast"], "ability": "Blaze", "evs": {"hp": 85, "atk": 0, "def": 85, "spa": 85, "spd": 85, "spe": 85}, "ivs": {"hp": 31, "atk": 0, "def": 31, "spa": 31, "spd": 31, "spe": 31}, "item": "Choice Specs", "teraType": "Fire", "role": "Fast Attacker", "bvs": {"hp": 75, "atk": 69, "def": 72, "spa": 114, "spd": 100, "spe": 104}, "stats": {"hp": 263, "atk": 120, "def": 169, "spa": 240, "spd": 216, "spe": 223}, "types": ["Fire", "Psychic"]}, "Urshifu": {"name": "Urshifu", "species": "Urshifu", "speciesId": "urshifu", "gender": "F", "shiny": false, "level": 74, "moves": ["wickedblow", "poisonjab", "closecombat", "swordsdance"], "ability": "Unseen Fist", "evs": {"hp": 85, "atk": 85, "def": 85, "spa": 85, "spd": 85, "spe": 85}, "ivs": {"hp": 31, "atk": 31, "def": 31, "spa": 31, "spd": 31, "spe": 31}, "item": "Life Orb", "teraType": "Poison", "role": "Fast Attacker", "bvs": {"hp": 100, "atk": 130, "def": 100, "spa": 63, "spd": 60, "spe": 97}, "stats": {"hp": 270, "atk": 235, "def": 191, "spa": 136, "spd": 132, "spe": 187}, "types": ["Fighting", "Dark"]}, "Kleavor": {"name": "Kleavor", "species": "Kleavor", "speciesId": "kleavor", "gender": "M", "shiny": false, "level": 78, "moves": ["xscissor", "stoneaxe", "closecombat", "defog"], "ability": "Sharpness", "evs": {"hp": 85, "atk": 85, "def": 85, "spa": 85, "spd": 85, "spe": 85}, "ivs": {"hp": 31, "atk": 31, "def": 31, "spa": 31, "spd": 31, "spe": 31}, "item": "Heavy-Duty Boots", "teraType": "Fighting", "role": "Bulky Attacker", "bvs": {"hp": 70, "atk": 135, "def": 95, "spa": 45, "spd": 70, "spe": 85}, "stats": {"hp": 237, "atk": 256, "def": 193, "spa": 115, "spd": 154, "spe": 178}, "types": ["Bug", "Rock"]}, "Passimian": {"name": "Passimian", "species": "Passimian", "speciesId": "passimian", "gender": "M", "shiny": false, "level": 83, "moves": ["uturn", "knockoff", "earthquake", "closecombat"], "ability": "Defiant", "evs": {"hp": 85, "atk": 85, "def": 85, "spa": 85, "spd": 85, "spe": 85}, "ivs": {"hp": 31, "atk": 31, "def": 31, "spa": 31, "spd": 31, "spe": 31}, "item": "Choice Band", "teraType": "Fighting", "role": "Fast Attacker", "bvs": {"hp": 100, "atk": 120, "def": 90, "spa": 40, "spd": 60, "spe": 80}, "stats": {"hp": 302, "atk": 247, "def": 197, "spa": 114, "spd": 147, "spe": 180}, "types": ["Fighting"]}, "Qwilfish": {"name": "Qwilfish", "species": "Qwilfish", "speciesId": "qwilfish", "gender": "F", "shiny": false, "level": 86, "moves": ["gunkshot", "flipturn", "toxic", "painsplit"], "ability": "Intimidate", "evs": {"hp": 85, "atk": 85, "def": 85, "spa": 85, "spd": 85, "spe": 85}, "ivs": {"hp": 31, "atk": 31, "def": 31, "spa": 31, "spd": 31, "spe": 31}, "item": "Heavy-Duty Boots", "teraType": "Grass", "role": "Fast Support", "bvs": {"hp": 65, "atk": 95, "def": 85, "spa": 55, "spd": 55, "spe": 85}, "stats": {"hp": 252, "atk": 213, "def": 195, "spa": 144, "spd": 144, "spe": 195}, "types": ["Water", "Poison"]}}]}