{"id": "gen9randombattle-2631548949", "format": "[Gen 9] Random Battle", "players": ["ukilez012", "hotdragon20"], "log": "|j|\u2606ukilez012\n|j|\u2606hotdragon20\n|t:|1781399821\n|gametype|singles\n|player|p1|ukilez012|170|2123\n|player|p2|hotdragon20|170|2048\n|gen|9\n|tier|[Gen 9] Random Battle\n|rated|\n|rule|Species Clause: Limit one of each Pok\u00e9mon\n|rule|HP Percentage Mod: HP is shown in percentages\n|rule|Sleep Clause Mod: Limit one foe put to sleep\n|rule|Illusion Level Mod: Illusion disguises the Pok\u00e9mon's true level\n|\n|t:|1781399821\n|teamsize|p1|6\n|teamsize|p2|6\n|start\n|switch|p1a: Iron Boulder|Iron Boulder, L77|265/265\n|switch|p2a: Delphox|Delphox, L84, M|263/263\n|turn|1\n|inactive|Battle timer is ON: inactive players will automatically lose when time's up. (requested by ukilez012)\n|\n|t:|1781399839\n|switch|p2a: Leafeon|Leafeon, L88, M|258/258\n|move|p1a: Iron Boulder|Mighty Cleave|p2a: Leafeon\n|-damage|p2a: Leafeon|163/258\n|-damage|p1a: Iron Boulder|239/265|[from] item: Life Orb\n|\n|upkeep\n|turn|2\n|\n|t:|1781399856\n|move|p1a: Iron Boulder|Close Combat|p2a: Leafeon\n|-damage|p2a: Leafeon|84/258\n|-unboost|p1a: Iron Boulder|def|1\n|-unboost|p1a: Iron Boulder|spd|1\n|-damage|p1a: Iron Boulder|213/265|[from] item: Life Orb\n|move|p2a: Leafeon|Leaf Blade|p1a: Iron Boulder\n|-supereffective|p1a: Iron Boulder\n|-damage|p1a: Iron Boulder|0 fnt\n|faint|p1a: Iron Boulder\n|-end|p1a: Iron Boulder|Quark Drive|[silent]\n|-damage|p2a: Leafeon|59/258|[from] item: Life Orb\n|\n|upkeep\n|\n|t:|1781399864\n|switch|p1a: Spiritomb|Spiritomb, L89, F|234/234\n|turn|3\n|\n|t:|1781399883\n|switch|p2a: Swampert|Swampert, L83, F|302/302\n|move|p1a: Spiritomb|Shadow Sneak|p2a: Swampert\n|-damage|p2a: Swampert|260/302\n|\n|-heal|p2a: Swampert|278/302|[from] item: Leftovers\n|upkeep\n|turn|4\n|\n|t:|1781399888\n|move|p1a: Spiritomb|Poltergeist|p2a: Swampert\n|-activate|p2a: Swampert|move: Poltergeist|Leftovers\n|-damage|p2a: Swampert|155/302\n|move|p2a: Swampert|Roar|p1a: Spiritomb\n|drag|p1a: Politoed|Politoed, L88, F|302/302\n|-weather|RainDance|[from] ability: Drizzle|[of] p1a: Politoed\n|\n|-weather|RainDance|[upkeep]\n|-heal|p2a: Swampert|173/302|[from] item: Leftovers\n|upkeep\n|turn|5\n|\n|t:|1781399894\n|move|p1a: Politoed|Weather Ball|p2a: Swampert\n|-damage|p2a: Swampert|0 fnt\n|faint|p2a: Swampert\n|\n|-weather|RainDance|[upkeep]\n|upkeep\n|\n|t:|1781399898\n|switch|p2a: Abomasnow|Abomasnow, L84, M|287/287\n|-weather|Snowscape|[from] ability: Snow Warning|[of] p2a: Abomasnow\n|turn|6\n|\n|t:|1781399910\n|switch|p1a: Spiritomb|Spiritomb, L89, F|234/234\n|move|p2a: Abomasnow|Aurora Veil|p2a: Abomasnow\n|-sidestart|p2: hotdragon20|move: Aurora Veil\n|\n|-weather|Snowscape|[upkeep]\n|upkeep\n|turn|7\n|\n|t:|1781399919\n|move|p2a: Abomasnow|Blizzard|p1a: Spiritomb\n|-damage|p1a: Spiritomb|150/234\n|move|p1a: Spiritomb|Toxic|p2a: Abomasnow\n|-status|p2a: Abomasnow|tox\n|\n|-weather|Snowscape|[upkeep]\n|-heal|p1a: Spiritomb|164/234|[from] item: Leftovers\n|-damage|p2a: Abomasnow|270/287 tox|[from] psn\n|upkeep\n|turn|8\n|\n|t:|1781399931\n|switch|p2a: Chandelure|Chandelure, L83, M|235/235\n|move|p1a: Spiritomb|Poltergeist|p2a: Chandelure\n|-activate|p2a: Chandelure|move: Poltergeist|Choice Scarf\n|-supereffective|p2a: Chandelure\n|-damage|p2a: Chandelure|0 fnt\n|faint|p2a: Chandelure\n|\n|-weather|Snowscape|[upkeep]\n|-heal|p1a: Spiritomb|178/234|[from] item: Leftovers\n|upkeep\n|\n|t:|1781399934\n|switch|p2a: Regidrago|Regidrago, L77|435/435\n|turn|9\n|\n|t:|1781399945\n|move|p2a: Regidrago|Dragon Dance|p2a: Regidrago\n|-boost|p2a: Regidrago|atk|1\n|-boost|p2a: Regidrago|spe|1\n|move|p1a: Spiritomb|Poltergeist|p2a: Regidrago\n|-activate|p2a: Regidrago|move: Poltergeist|Lum Berry\n|-damage|p2a: Regidrago|246/435\n|\n|-weather|Snowscape|[upkeep]\n|-heal|p1a: Spiritomb|192/234|[from] item: Leftovers\n|upkeep\n|turn|10\n|\n|t:|1781399953\n|-terastallize|p2a: Regidrago|Dragon\n|move|p2a: Regidrago|Draco Meteor|p1a: Spiritomb\n|-damage|p1a: Spiritomb|16/234\n|-unboost|p2a: Regidrago|spa|2\n|move|p1a: Spiritomb|Poltergeist|p2a: Regidrago\n|-activate|p2a: Regidrago|move: Poltergeist|Lum Berry\n|-damage|p2a: Regidrago|38/435\n|\n|-weather|none\n|-heal|p1a: Spiritomb|30/234|[from] item: Leftovers\n|upkeep\n|turn|11\n|\n|t:|1781399964\n|switch|p2a: Abomasnow|Abomasnow, L84, M|270/287 tox\n|-weather|Snowscape|[from] ability: Snow Warning|[of] p2a: Abomasnow\n|move|p1a: Spiritomb|Shadow Sneak|p2a: Abomasnow\n|-damage|p2a: Abomasnow|236/287 tox\n|\n|-weather|Snowscape|[upkeep]\n|-heal|p1a: Spiritomb|44/234|[from] item: Leftovers\n|-damage|p2a: Abomasnow|219/287 tox|[from] psn\n|upkeep\n|turn|12\n|\n|t:|1781399968\n|switch|p1a: Glaceon|Glaceon, L94, F|275/275\n|move|p2a: Abomasnow|Blizzard|p1a: Glaceon\n|-resisted|p1a: Glaceon\n|-damage|p1a: Glaceon|229/275\n|\n|-weather|Snowscape|[upkeep]\n|-heal|p1a: Glaceon|246/275|[from] ability: Ice Body\n|-damage|p2a: Abomasnow|185/287 tox|[from] psn\n|upkeep\n|turn|13\n|\n|t:|1781399982\n|move|p1a: Glaceon|Wish|p1a: Glaceon\n|move|p2a: Abomasnow|Wood Hammer|p1a: Glaceon\n|-damage|p1a: Glaceon|183/275\n|-damage|p2a: Abomasnow|164/287 tox|[from] Recoil\n|\n|-weather|Snowscape|[upkeep]\n|-heal|p1a: Glaceon|200/275|[from] ability: Ice Body\n|-damage|p2a: Abomasnow|113/287 tox|[from] psn\n|-sideend|p2: hotdragon20|move: Aurora Veil\n|upkeep\n|turn|14\n|\n|t:|1781399986\n|move|p1a: Glaceon|Freeze-Dry|p2a: Abomasnow\n|-damage|p2a: Abomasnow|0 fnt\n|faint|p2a: Abomasnow\n|\n|-weather|Snowscape|[upkeep]\n|-heal|p1a: Glaceon|217/275|[from] ability: Ice Body\n|-heal|p1a: Glaceon|275/275|[from] move: Wish|[wisher] Glaceon\n|upkeep\n|\n|t:|1781399990\n|switch|p2a: Delphox|Delphox, L84, M|263/263\n|turn|15\n|\n|t:|1781400005\n|move|p2a: Delphox|Nasty Plot|p2a: Delphox\n|-boost|p2a: Delphox|spa|2\n|move|p1a: Glaceon|Mud Shot|p2a: Delphox\n|-supereffective|p2a: Delphox\n|-damage|p2a: Delphox|151/263\n|-unboost|p2a: Delphox|spe|1\n|\n|-weather|none\n|upkeep\n|turn|16\n|-message|hotdragon20 forfeited.\n|\n|win|ukilez012\n", "inputlog": ">version a8376a258c1d4662feba110a92103f3664a72141\n>start {\"formatid\":\"gen9randombattle\",\"seed\":\"sodium,a17d19b532715a4c18ba74de50f78469\",\"rated\":\"Rated battle\"}\n>player p1 {\"name\":\"ukilez012\",\"avatar\":\"170\",\"rating\":2123,\"seed\":\"sodium,13b64c24129d91dfff4f342effe11a95\"}\n>player p2 {\"name\":\"hotdragon20\",\"avatar\":\"170\",\"rating\":2048,\"seed\":\"sodium,88a19e03876cfe1af042d274a1edbc40\"}\n>p1 move mightycleave\n>p2 switch 4\n>p1 move closecombat\n>p2 move leafblade\n>p1 switch 5\n>p1 move shadowsneak\n>p2 switch 2\n>p1 move poltergeist\n>p2 move roar\n>p1 move weatherball\n>p2 move earthquake\n>p2 switch 5\n>p1 switch 2\n>p2 move auroraveil\n>p1 move toxic\n>p2 move blizzard\n>p1 move poltergeist\n>p2 switch 3\n>p2 switch 6\n>p1 move poltergeist\n>p2 move dragondance\n>p1 move poltergeist\n>p2 move dracometeor terastallize\n>p1 move shadowsneak\n>p2 switch 3\n>p1 switch 6\n>p2 move blizzard\n>p1 move wish\n>p2 move woodhammer\n>p1 move freezedry\n>p2 move auroraveil\n>p2 switch 4\n>p1 move mudshot\n>p2 move nastyplot\n>forcelose p2", "uploadtime": 1781399824, "views": 5, "formatid": "gen9randombattle", "rating": null, "private": 0, "password": null, "player_dets": [{"name": "ukilez012", "avatar": "170", "rating": 2123, "seed": "sodium,13b64c24129d91dfff4f342effe11a95"}, {"name": "hotdragon20", "avatar": "170", "rating": 2048, "seed": "sodium,88a19e03876cfe1af042d274a1edbc40"}], "teams_full": [{"Iron Boulder": {"name": "Iron Boulder", "species": "Iron Boulder", "speciesId": "ironboulder", "gender": "N", "shiny": false, "level": 77, "moves": ["mightycleave", "swordsdance", "closecombat", "zenheadbutt"], "ability": "Quark Drive", "evs": {"hp": 85, "atk": 85, "def": 85, "spa": 85, "spd": 85, "spe": 85}, "ivs": {"hp": 31, "atk": 31, "def": 31, "spa": 31, "spd": 31, "spe": 31}, "item": "Life Orb", "teraType": "Fighting", "role": "Setup Sweeper", "bvs": {"hp": 90, "atk": 120, "def": 80, "spa": 68, "spd": 108, "spe": 124}, "stats": {"hp": 265, "atk": 229, "def": 168, "spa": 149, "spd": 211, "spe": 236}}, "Politoed": {"name": "Politoed", "species": "Politoed", "speciesId": "politoed", "gender": "F", "shiny": false, "level": 88, "moves": ["hydropump", "weatherball", "focusblast", "icebeam"], "ability": "Drizzle", "evs": {"hp": 85, "atk": 0, "def": 85, "spa": 85, "spd": 85, "spe": 85}, "ivs": {"hp": 31, "atk": 0, "def": 31, "spa": 31, "spd": 31, "spe": 31}, "item": "Choice Specs", "teraType": "Water", "role": "Fast Attacker", "bvs": {"hp": 90, "atk": 75, "def": 75, "spa": 90, "spd": 100, "spe": 70}, "stats": {"hp": 302, "atk": 137, "def": 182, "spa": 209, "spd": 226, "spe": 173}}, "Palossand": {"name": "Palossand", "species": "Palossand", "speciesId": "palossand", "gender": "F", "shiny": false, "level": 89, "moves": ["shadowball", "earthpower", "shoreup", "stealthrock"], "ability": "Water Compaction", "evs": {"hp": 85, "atk": 0, "def": 85, "spa": 85, "spd": 85, "spe": 85}, "ivs": {"hp": 31, "atk": 0, "def": 31, "spa": 31, "spd": 31, "spe": 31}, "item": "Leftovers", "teraType": "Poison", "role": "Bulky Support", "bvs": {"hp": 85, "atk": 75, "def": 110, "spa": 100, "spd": 75, "spe": 35}, "stats": {"hp": 296, "atk": 138, "def": 247, "spa": 229, "spd": 184, "spe": 113}}, "Frosmoth": {"name": "Frosmoth", "species": "Frosmoth", "speciesId": "frosmoth", "gender": "M", "shiny": false, "level": 82, "moves": ["quiverdance", "bugbuzz", "icebeam", "gigadrain"], "ability": "Ice Scales", "evs": {"hp": 85, "atk": 0, "def": 85, "spa": 85, "spd": 85, "spe": 85}, "ivs": {"hp": 31, "atk": 0, "def": 31, "spa": 31, "spd": 31, "spe": 31}, "item": "Heavy-Duty Boots", "teraType": "Water", "role": "Setup Sweeper", "bvs": {"hp": 70, "atk": 65, "def": 60, "spa": 125, "spd": 90, "spe": 65}, "stats": {"hp": 249, "atk": 111, "def": 146, "spa": 252, "spd": 195, "spe": 154}}, "Spiritomb": {"name": "Spiritomb", "species": "Spiritomb", "speciesId": "spiritomb", "gender": "F", "shiny": false, "level": 89, "moves": ["toxic", "shadowsneak", "foulplay", "poltergeist"], "ability": "Infiltrator", "evs": {"hp": 85, "atk": 85, "def": 85, "spa": 85, "spd": 85, "spe": 85}, "ivs": {"hp": 31, "atk": 31, "def": 31, "spa": 31, "spd": 31, "spe": 31}, "item": "Leftovers", "teraType": "Poison", "role": "Bulky Support", "bvs": {"hp": 50, "atk": 92, "def": 108, "spa": 92, "spd": 108, "spe": 35}, "stats": {"hp": 234, "atk": 215, "def": 243, "spa": 215, "spd": 243, "spe": 113}}, "Glaceon": {"name": "Glaceon", "species": "Glaceon", "speciesId": "glaceon", "gender": "F", "shiny": false, "level": 94, "moves": ["wish", "freezedry", "protect", "mudshot"], "ability": "Ice Body", "evs": {"hp": 85, "atk": 0, "def": 85, "spa": 85, "spd": 85, "spe": 85}, "ivs": {"hp": 31, "atk": 0, "def": 31, "spa": 31, "spd": 31, "spe": 31}, "item": "Heavy-Duty Boots", "teraType": "Ground", "role": "Bulky Attacker", "bvs": {"hp": 65, "atk": 60, "def": 110, "spa": 130, "spd": 95, "spe": 65}, "stats": {"hp": 275, "atk": 117, "def": 260, "spa": 298, "spd": 232, "spe": 176}}}, {"Delphox": {"name": "Delphox", "species": "Delphox", "speciesId": "delphox", "gender": "M", "shiny": false, "level": 84, "moves": ["nastyplot", "fireblast", "focusblast", "psyshock"], "ability": "Blaze", "evs": {"hp": 85, "atk": 0, "def": 85, "spa": 85, "spd": 85, "spe": 85}, "ivs": {"hp": 31, "atk": 0, "def": 31, "spa": 31, "spd": 31, "spe": 31}, "item": "Heavy-Duty Boots", "teraType": "Fighting", "role": "Fast Attacker", "bvs": {"hp": 75, "atk": 69, "def": 72, "spa": 114, "spd": 100, "spe": 104}, "stats": {"hp": 263, "atk": 120, "def": 169, "spa": 240, "spd": 216, "spe": 223}}, "Swampert": {"name": "Swampert", "species": "Swampert", "speciesId": "swampert", "gender": "F", "shiny": false, "level": 83, "moves": ["earthquake", "flipturn", "icebeam", "roar"], "ability": "Torrent", "evs": {"hp": 85, "atk": 85, "def": 85, "spa": 85, "spd": 85, "spe": 85}, "ivs": {"hp": 31, "atk": 31, "def": 31, "spa": 31, "spd": 31, "spe": 31}, "item": "Leftovers", "teraType": "Poison", "role": "Bulky Support", "bvs": {"hp": 100, "atk": 110, "def": 90, "spa": 85, "spd": 90, "spe": 60}, "stats": {"hp": 302, "atk": 230, "def": 197, "spa": 189, "spd": 197, "spe": 147}}, "Chandelure": {"name": "Chandelure", "species": "Chandelure", "speciesId": "chandelure", "gender": "M", "shiny": false, "level": 83, "moves": ["shadowball", "trick", "fireblast", "energyball"], "ability": "Flash Fire", "evs": {"hp": 85, "atk": 0, "def": 85, "spa": 85, "spd": 85, "spe": 85}, "ivs": {"hp": 31, "atk": 0, "def": 31, "spa": 31, "spd": 31, "spe": 31}, "item": "Choice Scarf", "teraType": "Fire", "role": "Fast Attacker", "bvs": {"hp": 60, "atk": 55, "def": 90, "spa": 145, "spd": 90, "spe": 80}, "stats": {"hp": 235, "atk": 96, "def": 197, "spa": 288, "spd": 197, "spe": 180}}, "Leafeon": {"name": "Leafeon", "species": "Leafeon", "speciesId": "leafeon", "gender": "M", "shiny": false, "level": 88, "moves": ["synthesis", "doubleedge", "swordsdance", "leafblade"], "ability": "Chlorophyll", "evs": {"hp": 85, "atk": 85, "def": 85, "spa": 85, "spd": 85, "spe": 85}, "ivs": {"hp": 31, "atk": 31, "def": 31, "spa": 31, "spd": 31, "spe": 31}, "item": "Life Orb", "teraType": "Normal", "role": "Setup Sweeper", "bvs": {"hp": 65, "atk": 110, "def": 130, "spa": 60, "spd": 65, "spe": 95}, "stats": {"hp": 258, "atk": 244, "def": 279, "spa": 156, "spd": 165, "spe": 217}}, "Abomasnow": {"name": "Abomasnow", "species": "Abomasnow", "speciesId": "abomasnow", "gender": "M", "shiny": false, "level": 84, "moves": ["woodhammer", "auroraveil", "blizzard", "iceshard"], "ability": "Snow Warning", "evs": {"hp": 77, "atk": 85, "def": 85, "spa": 85, "spd": 85, "spe": 85}, "ivs": {"hp": 31, "atk": 31, "def": 31, "spa": 31, "spd": 31, "spe": 31}, "item": "Light Clay", "teraType": "Ghost", "role": "Bulky Support", "bvs": {"hp": 90, "atk": 92, "def": 75, "spa": 92, "spd": 85, "spe": 60}, "stats": {"hp": 287, "atk": 203, "def": 174, "spa": 203, "spd": 191, "spe": 149}}, "Regidrago": {"name": "Regidrago", "species": "Regidrago", "speciesId": "regidrago", "gender": "N", "shiny": false, "level": 77, "moves": ["outrage", "earthquake", "dracometeor", "dragondance"], "ability": "Dragon's Maw", "evs": {"hp": 85, "atk": 85, "def": 85, "spa": 85, "spd": 85, "spe": 85}, "ivs": {"hp": 31, "atk": 31, "def": 31, "spa": 31, "spd": 31, "spe": 31}, "item": "Lum Berry", "teraType": "Dragon", "role": "Setup Sweeper", "bvs": {"hp": 200, "atk": 100, "def": 50, "spa": 100, "spd": 50, "spe": 80}, "stats": {"hp": 435, "atk": 199, "def": 122, "spa": 199, "spd": 122, "spe": 168}}}]}