{"id": "gen9randombattle-2631371836", "format": "[Gen 9] Random Battle", "players": ["shiworm", "not haruno"], "log": "|j|\u2606shiworm\n|j|\u2606not haruno\n|t:|1781376844\n|gametype|singles\n|player|p1|shiworm|miku-psychic|1958\n|player|p2|not haruno|#notharuno|1993\n|gen|9\n|tier|[Gen 9] Random Battle\n|rated|\n|rule|Species Clause: Limit one of each Pok\u00e9mon\n|rule|HP Percentage Mod: HP is shown in percentages\n|rule|Sleep Clause Mod: Limit one foe put to sleep\n|rule|Illusion Level Mod: Illusion disguises the Pok\u00e9mon's true level\n|\n|t:|1781376844\n|teamsize|p1|6\n|teamsize|p2|6\n|start\n|switch|p1a: Swanna|Swanna, L89, M|278/278\n|switch|p2a: Sudowoodo|Sudowoodo, L94, M|284/284\n|turn|1\n|inactive|Battle timer is ON: inactive players will automatically lose when time's up. (requested by shiworm)\n|\n|t:|1781376854\n|move|p1a: Swanna|Hydro Pump|p2a: Sudowoodo\n|-supereffective|p2a: Sudowoodo\n|-damage|p2a: Sudowoodo|0 fnt\n|faint|p2a: Sudowoodo\n|\n|upkeep\n|\n|t:|1781376860\n|switch|p2a: Phione|Phione, L91|293/293\n|turn|2\n|\n|t:|1781376882\n|switch|p1a: Pawmot|Pawmot, L80, F|243/243\n|move|p2a: Phione|Take Heart|p2a: Phione\n|-boost|p2a: Phione|spa|1\n|-boost|p2a: Phione|spd|1\n|\n|upkeep\n|turn|3\n|\n|t:|1781376887\n|switch|p2a: Rhyperior|Rhyperior, L82, F|323/323\n|move|p1a: Pawmot|Double Shock|p2a: Rhyperior\n|-immune|p2a: Rhyperior\n|\n|upkeep\n|turn|4\n|\n|t:|1781376895\n|switch|p1a: Suicune|Suicune, L82|298/298\n|-ability|p1a: Suicune|Pressure\n|move|p2a: Rhyperior|Earthquake|p1a: Suicune\n|-damage|p1a: Suicune|117/298\n|\n|-heal|p1a: Suicune|135/298|[from] item: Leftovers\n|upkeep\n|turn|5\n|\n|t:|1781376902\n|switch|p2a: Phione|Phione, L91|293/293\n|move|p1a: Suicune|Scald|p2a: Phione\n|-resisted|p2a: Phione\n|-damage|p2a: Phione|254/293\n|\n|-heal|p2a: Phione|272/293|[from] item: Leftovers\n|-heal|p1a: Suicune|153/298|[from] item: Leftovers\n|upkeep\n|turn|6\n|\n|t:|1781376910\n|switch|p1a: Sneasler|Sneasler, L74, M|240/240\n|move|p2a: Phione|Scald|p1a: Sneasler\n|-damage|p1a: Sneasler|144/240\n|\n|-heal|p2a: Phione|290/293|[from] item: Leftovers\n|upkeep\n|turn|7\n|\n|t:|1781376920\n|switch|p2a: Decidueye|Decidueye, L88, F|281/281\n|move|p1a: Sneasler|U-turn|p2a: Decidueye\n|-damage|p2a: Decidueye|202/281\n|-status|p2a: Decidueye|psn|[from] ability: Poison Touch|[of] p1a: Sneasler\n|\n|t:|1781376925\n|switch|p1a: Noctowl|Noctowl, L95, F|344/344|[from] U-turn\n|\n|-damage|p2a: Decidueye|167/281 psn|[from] psn\n|upkeep\n|turn|8\n|\n|t:|1781376936\n|switch|p2a: Phione|Phione, L91|290/293\n|move|p1a: Noctowl|Nasty Plot|p1a: Noctowl\n|-boost|p1a: Noctowl|spa|2\n|\n|-heal|p2a: Phione|293/293|[from] item: Leftovers\n|upkeep\n|turn|9\n|\n|t:|1781376939\n|move|p2a: Phione|Take Heart|p2a: Phione\n|-boost|p2a: Phione|spa|1\n|-boost|p2a: Phione|spd|1\n|move|p1a: Noctowl|Hurricane|p2a: Phione\n|-damage|p2a: Phione|115/293\n|\n|-heal|p2a: Phione|133/293|[from] item: Leftovers\n|upkeep\n|turn|10\n|\n|t:|1781376947\n|move|p2a: Phione|Take Heart|p2a: Phione\n|-boost|p2a: Phione|spa|1\n|-boost|p2a: Phione|spd|1\n|move|p1a: Noctowl|Hurricane|p2a: Phione|[miss]\n|-miss|p1a: Noctowl|p2a: Phione\n|\n|-heal|p2a: Phione|151/293|[from] item: Leftovers\n|upkeep\n|turn|11\n|\n|t:|1781376950\n|move|p2a: Phione|Take Heart|p2a: Phione\n|-boost|p2a: Phione|spa|1\n|-boost|p2a: Phione|spd|1\n|move|p1a: Noctowl|Hyper Voice|p2a: Phione\n|-damage|p2a: Phione|60/293\n|\n|-heal|p2a: Phione|78/293|[from] item: Leftovers\n|upkeep\n|turn|12\n|\n|t:|1781376958\n|move|p2a: Phione|Rest|p2a: Phione\n|-status|p2a: Phione|slp|[from] move: Rest\n|-heal|p2a: Phione|293/293 slp|[silent]\n|move|p1a: Noctowl|Hyper Voice|p2a: Phione\n|-damage|p2a: Phione|199/293 slp\n|\n|-heal|p2a: Phione|217/293 slp|[from] item: Leftovers\n|upkeep\n|turn|13\n|\n|t:|1781376962\n|switch|p1a: Pawmot|Pawmot, L80, F|243/243\n|cant|p2a: Phione|slp\n|move|p2a: Phione|Sleep Talk|p2a: Phione\n|move|p2a: Phione|Scald|p1a: Pawmot|[from] move: Sleep Talk\n|-damage|p1a: Pawmot|0 fnt\n|faint|p1a: Pawmot\n|\n|-heal|p2a: Phione|235/293 slp|[from] item: Leftovers\n|upkeep\n|\n|t:|1781376966\n|switch|p1a: Sneasler|Sneasler, L74, M|144/240\n|turn|14\n|\n|t:|1781376970\n|move|p1a: Sneasler|Dire Claw|p2a: Phione\n|-damage|p2a: Phione|100/293 slp\n|cant|p2a: Phione|slp\n|move|p2a: Phione|Sleep Talk|p2a: Phione\n|move|p2a: Phione|Take Heart|p2a: Phione|[from] move: Sleep Talk\n|-boost|p2a: Phione|spa|1\n|-boost|p2a: Phione|spd|1\n|-curestatus|p2a: Phione|slp|[msg]\n|\n|-heal|p2a: Phione|118/293|[from] item: Leftovers\n|upkeep\n|turn|15\n|\n|t:|1781376977\n|switch|p2a: Decidueye|Decidueye, L88, F|167/281 psn\n|move|p1a: Sneasler|Dire Claw|p2a: Decidueye\n|-damage|p2a: Decidueye|44/281 psn\n|\n|-damage|p2a: Decidueye|9/281 psn|[from] psn\n|upkeep\n|turn|16\n|\n|t:|1781376980\n|move|p2a: Decidueye|Shadow Sneak|p1a: Sneasler\n|-damage|p1a: Sneasler|54/240\n|-damage|p2a: Decidueye|0 fnt|[from] item: Life Orb\n|faint|p2a: Decidueye\n|move|p1a: Sneasler|Dire Claw|p2: Decidueye|[notarget]\n|-fail|p1a: Sneasler\n|\n|upkeep\n|\n|t:|1781376987\n|switch|p2a: Zamazenta|Zamazenta, L71|248/248\n|-ability|p2a: Zamazenta|Dauntless Shield|boost\n|-boost|p2a: Zamazenta|def|1\n|turn|17\n|\n|t:|1781376991\n|switch|p1a: Noctowl|Noctowl, L95, F|344/344\n|move|p2a: Zamazenta|Body Press|p1a: Noctowl\n|-damage|p1a: Noctowl|200/344\n|\n|upkeep\n|turn|18\n|\n|t:|1781376996\n|move|p2a: Zamazenta|Substitute|p2a: Zamazenta\n|-start|p2a: Zamazenta|Substitute\n|-damage|p2a: Zamazenta|186/248\n|move|p1a: Noctowl|Hurricane|p2a: Zamazenta\n|-supereffective|p2a: Zamazenta\n|-end|p2a: Zamazenta|Substitute\n|\n|-heal|p2a: Zamazenta|201/248|[from] item: Leftovers\n|upkeep\n|turn|19\n|\n|t:|1781376998\n|move|p2a: Zamazenta|Substitute|p2a: Zamazenta\n|-start|p2a: Zamazenta|Substitute\n|-damage|p2a: Zamazenta|139/248\n|move|p1a: Noctowl|Hurricane|p2a: Zamazenta\n|-supereffective|p2a: Zamazenta\n|-end|p2a: Zamazenta|Substitute\n|\n|-heal|p2a: Zamazenta|154/248|[from] item: Leftovers\n|upkeep\n|turn|20\n|\n|t:|1781377004\n|move|p2a: Zamazenta|Body Press|p1a: Noctowl\n|-damage|p1a: Noctowl|50/344\n|move|p1a: Noctowl|Hurricane|p2a: Zamazenta\n|-supereffective|p2a: Zamazenta\n|-damage|p2a: Zamazenta|0 fnt\n|faint|p2a: Zamazenta\n|\n|upkeep\n|\n|t:|1781377011\n|switch|p2a: Infernape|Infernape, L82, M|259/259\n|turn|21\n|\n|t:|1781377016\n|switch|p1a: Arbok|Arbok, L87, M|246/246\n|-ability|p1a: Arbok|Intimidate|boost\n|-unboost|p2a: Infernape|atk|1\n|move|p2a: Infernape|Close Combat|p1a: Arbok\n|-resisted|p1a: Arbok\n|-damage|p1a: Arbok|188/246\n|-unboost|p2a: Infernape|def|1\n|-unboost|p2a: Infernape|spd|1\n|-damage|p2a: Infernape|234/259|[from] item: Life Orb\n|\n|upkeep\n|turn|22\n|\n|t:|1781377020\n|move|p2a: Infernape|Overheat|p1a: Arbok\n|-damage|p1a: Arbok|15/246\n|-unboost|p2a: Infernape|spa|2\n|-damage|p2a: Infernape|209/259|[from] item: Life Orb\n|move|p1a: Arbok|Glare|p2a: Infernape\n|-status|p2a: Infernape|par\n|\n|upkeep\n|turn|23\n|\n|t:|1781377024\n|move|p1a: Arbok|Knock Off|p2a: Infernape\n|-resisted|p2a: Infernape\n|-damage|p2a: Infernape|132/259 par\n|-enditem|p2a: Infernape|Life Orb|[from] move: Knock Off|[of] p1a: Arbok\n|-damage|p1a: Arbok|0 fnt|[from] item: Life Orb\n|faint|p1a: Arbok\n|move|p2a: Infernape|Close Combat|p1: Arbok|[notarget]\n|-fail|p2a: Infernape\n|\n|upkeep\n|\n|t:|1781377031\n|switch|p1a: Swanna|Swanna, L89, M|278/278\n|turn|24\n|\n|t:|1781377035\n|move|p1a: Swanna|Brave Bird|p2a: Infernape\n|-supereffective|p2a: Infernape\n|-damage|p2a: Infernape|0 fnt\n|faint|p2a: Infernape\n|-damage|p1a: Swanna|234/278|[from] Recoil\n|\n|upkeep\n|\n|t:|1781377038\n|switch|p2a: Rhyperior|Rhyperior, L82, F|323/323\n|turn|25\n|\n|t:|1781377042\n|-terastallize|p1a: Swanna|Ground\n|move|p1a: Swanna|Hydro Pump|p2a: Rhyperior|[miss]\n|-miss|p1a: Swanna|p2a: Rhyperior\n|move|p2a: Rhyperior|Stone Edge|p1a: Swanna\n|-resisted|p1a: Swanna\n|-damage|p1a: Swanna|113/278\n|\n|upkeep\n|turn|26\n|\n|t:|1781377046\n|move|p1a: Swanna|Hydro Pump|p2a: Rhyperior\n|-supereffective|p2a: Rhyperior\n|-damage|p2a: Rhyperior|0 fnt\n|faint|p2a: Rhyperior\n|\n|upkeep\n|\n|t:|1781377048\n|switch|p2a: Phione|Phione, L91|118/293\n|turn|27\n|\n|t:|1781377052\n|move|p1a: Swanna|Brave Bird|p2a: Phione\n|-damage|p2a: Phione|0 fnt\n|faint|p2a: Phione\n|-damage|p1a: Swanna|74/278|[from] Recoil\n|\n|win|shiworm\n", "inputlog": ">version a8376a258c1d4662feba110a92103f3664a72141\n>start {\"formatid\":\"gen9randombattle\",\"seed\":\"sodium,c0b7a99e6e36a00a527161b04587201b\",\"rated\":\"Rated battle\"}\n>player p1 {\"name\":\"shiworm\",\"avatar\":\"miku-psychic\",\"rating\":1958,\"seed\":\"sodium,8389b50925c6f49fd786047717df9490\"}\n>player p2 {\"name\":\"not haruno\",\"avatar\":\"#notharuno\",\"rating\":1993,\"seed\":\"sodium,4c466d1548cdbbb256e36cb0a4f0c9e8\"}\n>p1 move hydropump\n>p2 move headsmash\n>p2 switch 5\n>p1 switch 5\n>p2 move takeheart\n>p1 move doubleshock\n>p2 switch 6\n>p1 switch 2\n>p2 move earthquake\n>p1 move scald\n>p2 switch 6\n>p1 switch 3\n>p2 move scald\n>p1 move uturn\n>p2 switch 4\n>p1 switch 6\n>p1 move nastyplot\n>p2 switch 4\n>p1 move hurricane\n>p2 move takeheart\n>p1 move hurricane\n>p2 move takeheart\n>p1 move hypervoice\n>p2 move takeheart\n>p1 move hypervoice\n>p2 move rest\n>p1 switch 2\n>p2 move sleeptalk\n>p1 switch 6\n>p1 move direclaw\n>p2 move sleeptalk\n>p1 move direclaw\n>p2 switch 4\n>p1 move direclaw\n>p2 move shadowsneak\n>p2 switch 2\n>p1 switch 2\n>p2 move bodypress\n>p1 move hurricane\n>p2 move substitute\n>p1 move hurricane\n>p2 move substitute\n>p1 move hurricane\n>p2 move bodypress\n>p2 switch 3\n>p1 switch 4\n>p2 move closecombat\n>p1 move glare\n>p2 move overheat\n>p1 move knockoff\n>p2 move closecombat\n>p1 switch 5\n>p1 move bravebird\n>p2 move stoneedge\n>p2 switch 6\n>p1 move hydropump terastallize\n>p2 move stoneedge\n>p1 move hydropump\n>p2 move stoneedge\n>p2 switch 4\n>p1 move bravebird\n>p2 move rest", "uploadtime": 1781376846, "views": 7, "formatid": "gen9randombattle", "rating": null, "private": 0, "password": null, "player_dets": [{"name": "shiworm", "avatar": "miku-psychic", "rating": 1958, "seed": "sodium,8389b50925c6f49fd786047717df9490"}, {"name": "not haruno", "avatar": "#notharuno", "rating": 1993, "seed": "sodium,4c466d1548cdbbb256e36cb0a4f0c9e8"}], "teams_full": [{"Swanna": {"name": "Swanna", "species": "Swanna", "speciesId": "swanna", "gender": "M", "shiny": false, "level": 89, "moves": ["bravebird", "defog", "roost", "hydropump"], "ability": "Hydration", "evs": {"hp": 85, "atk": 85, "def": 85, "spa": 85, "spd": 85, "spe": 85}, "ivs": {"hp": 31, "atk": 31, "def": 31, "spa": 31, "spd": 31, "spe": 31}, "item": "Heavy-Duty Boots", "teraType": "Ground", "role": "Bulky Support", "bvs": {"hp": 75, "atk": 87, "def": 63, "spa": 87, "spd": 63, "spe": 98}, "stats": {"hp": 278, "atk": 206, "def": 163, "spa": 206, "spd": 163, "spe": 225}, "types": ["Water", "Flying"]}, "Suicune": {"name": "Suicune", "species": "Suicune", "speciesId": "suicune", "gender": "N", "shiny": false, "level": 82, "moves": ["calmmind", "scald", "substitute", "icebeam"], "ability": "Pressure", "evs": {"hp": 85, "atk": 0, "def": 85, "spa": 85, "spd": 85, "spe": 85}, "ivs": {"hp": 31, "atk": 0, "def": 31, "spa": 31, "spd": 31, "spe": 31}, "item": "Leftovers", "teraType": "Steel", "role": "Bulky Setup", "bvs": {"hp": 100, "atk": 75, "def": 115, "spa": 90, "spd": 115, "spe": 85}, "stats": {"hp": 298, "atk": 127, "def": 236, "spa": 195, "spd": 236, "spe": 187}, "types": ["Water"]}, "Sneasler": {"name": "Sneasler", "species": "Sneasler", "speciesId": "sneasler", "gender": "M", "shiny": false, "level": 74, "moves": ["closecombat", "throatchop", "uturn", "direclaw"], "ability": "Poison Touch", "evs": {"hp": 85, "atk": 85, "def": 85, "spa": 85, "spd": 85, "spe": 85}, "ivs": {"hp": 31, "atk": 31, "def": 31, "spa": 31, "spd": 31, "spe": 31}, "item": "Choice Band", "teraType": "Dark", "role": "Fast Attacker", "bvs": {"hp": 80, "atk": 130, "def": 60, "spa": 40, "spd": 80, "spe": 120}, "stats": {"hp": 240, "atk": 235, "def": 132, "spa": 102, "spd": 161, "spe": 221}, "types": ["Fighting", "Poison"]}, "Arbok": {"name": "Arbok", "species": "Arbok", "speciesId": "arbok", "gender": "M", "shiny": false, "level": 87, "moves": ["gunkshot", "earthquake", "knockoff", "glare"], "ability": "Intimidate", "evs": {"hp": 85, "atk": 85, "def": 85, "spa": 85, "spd": 85, "spe": 85}, "ivs": {"hp": 31, "atk": 31, "def": 31, "spa": 31, "spd": 31, "spe": 31}, "item": "Life Orb", "teraType": "Ground", "role": "Fast Support", "bvs": {"hp": 60, "atk": 95, "def": 69, "spa": 65, "spd": 79, "spe": 80}, "stats": {"hp": 246, "atk": 215, "def": 170, "spa": 163, "spd": 187, "spe": 189}, "types": ["Poison"]}, "Pawmot": {"name": "Pawmot", "species": "Pawmot", "speciesId": "pawmot", "gender": "F", "shiny": false, "level": 80, "moves": ["closecombat", "doubleshock", "nuzzle", "revivalblessing"], "ability": "Volt Absorb", "evs": {"hp": 85, "atk": 85, "def": 85, "spa": 85, "spd": 85, "spe": 85}, "ivs": {"hp": 31, "atk": 31, "def": 31, "spa": 31, "spd": 31, "spe": 31}, "item": "Leppa Berry", "teraType": "Electric", "role": "Fast Attacker", "bvs": {"hp": 70, "atk": 115, "def": 70, "spa": 70, "spd": 60, "spe": 105}, "stats": {"hp": 243, "atk": 230, "def": 158, "spa": 158, "spd": 142, "spe": 214}, "types": ["Electric", "Fighting"]}, "Noctowl": {"name": "Noctowl", "species": "Noctowl", "speciesId": "noctowl", "gender": "F", "shiny": false, "level": 95, "moves": ["hypervoice", "hurricane", "nastyplot", "roost"], "ability": "Tinted Lens", "evs": {"hp": 85, "atk": 0, "def": 85, "spa": 85, "spd": 85, "spe": 85}, "ivs": {"hp": 31, "atk": 0, "def": 31, "spa": 31, "spd": 31, "spe": 31}, "item": "Heavy-Duty Boots", "teraType": "Normal", "role": "Bulky Attacker", "bvs": {"hp": 100, "atk": 50, "def": 50, "spa": 86, "spd": 96, "spe": 70}, "stats": {"hp": 344, "atk": 100, "def": 149, "spa": 217, "spd": 236, "spe": 187}, "types": ["Normal", "Flying"]}}, {"Sudowoodo": {"name": "Sudowoodo", "species": "Sudowoodo", "speciesId": "sudowoodo", "gender": "M", "shiny": false, "level": 94, "moves": ["woodhammer", "stealthrock", "earthquake", "headsmash"], "ability": "Rock Head", "evs": {"hp": 85, "atk": 85, "def": 85, "spa": 85, "spd": 85, "spe": 85}, "ivs": {"hp": 31, "atk": 31, "def": 31, "spa": 31, "spd": 31, "spe": 31}, "item": "Leftovers", "teraType": "Grass", "role": "Bulky Attacker", "bvs": {"hp": 70, "atk": 100, "def": 115, "spa": 30, "spd": 65, "spe": 30}, "stats": {"hp": 284, "atk": 241, "def": 270, "spa": 110, "spd": 176, "spe": 110}, "types": ["Rock"]}, "Zamazenta": {"name": "Zamazenta", "species": "Zamazenta", "speciesId": "zamazenta", "gender": "N", "shiny": false, "level": 71, "moves": ["crunch", "bodypress", "substitute", "irondefense"], "ability": "Dauntless Shield", "evs": {"hp": 85, "atk": 85, "def": 85, "spa": 85, "spd": 85, "spe": 85}, "ivs": {"hp": 31, "atk": 31, "def": 31, "spa": 31, "spd": 31, "spe": 31}, "item": "Leftovers", "teraType": "Fighting", "role": "Bulky Setup", "bvs": {"hp": 92, "atk": 120, "def": 115, "spa": 80, "spd": 115, "spe": 138}, "stats": {"hp": 248, "atk": 212, "def": 205, "spa": 155, "spd": 205, "spe": 237}, "types": ["Fighting"]}, "Infernape": {"name": "Infernape", "species": "Infernape", "speciesId": "infernape", "gender": "M", "shiny": false, "level": 82, "moves": ["grassknot", "stoneedge", "overheat", "closecombat"], "ability": "Blaze", "evs": {"hp": 85, "atk": 85, "def": 85, "spa": 85, "spd": 85, "spe": 85}, "ivs": {"hp": 31, "atk": 31, "def": 31, "spa": 31, "spd": 31, "spe": 31}, "item": "Life Orb", "teraType": "Fire", "role": "Fast Attacker", "bvs": {"hp": 76, "atk": 104, "def": 71, "spa": 104, "spd": 71, "spe": 108}, "stats": {"hp": 259, "atk": 218, "def": 164, "spa": 218, "spd": 164, "spe": 224}, "types": ["Fire", "Fighting"]}, "Decidueye": {"name": "Decidueye", "species": "Decidueye", "speciesId": "decidueye", "gender": "F", "shiny": false, "level": 88, "moves": ["poltergeist", "shadowsneak", "leafblade", "swordsdance"], "ability": "Overgrow", "evs": {"hp": 85, "atk": 85, "def": 85, "spa": 85, "spd": 85, "spe": 85}, "ivs": {"hp": 31, "atk": 31, "def": 31, "spa": 31, "spd": 31, "spe": 31}, "item": "Life Orb", "teraType": "Ghost", "role": "Setup Sweeper", "bvs": {"hp": 78, "atk": 107, "def": 75, "spa": 100, "spd": 100, "spe": 70}, "stats": {"hp": 281, "atk": 239, "def": 182, "spa": 226, "spd": 226, "spe": 173}, "types": ["Grass", "Ghost"]}, "Phione": {"name": "Phione", "species": "Phione", "speciesId": "phione", "gender": "N", "shiny": false, "level": 91, "moves": ["takeheart", "scald", "rest", "sleeptalk"], "ability": "Hydration", "evs": {"hp": 85, "atk": 0, "def": 85, "spa": 85, "spd": 85, "spe": 85}, "ivs": {"hp": 31, "atk": 0, "def": 31, "spa": 31, "spd": 31, "spe": 31}, "item": "Leftovers", "teraType": "Dragon", "role": "Bulky Setup", "bvs": {"hp": 80, "atk": 80, "def": 80, "spa": 80, "spd": 80, "spe": 80}, "stats": {"hp": 293, "atk": 150, "def": 197, "spa": 197, "spd": 197, "spe": 197}, "types": ["Water"]}, "Rhyperior": {"name": "Rhyperior", "species": "Rhyperior", "speciesId": "rhyperior", "gender": "F", "shiny": false, "level": 82, "moves": ["megahorn", "icepunch", "stoneedge", "earthquake"], "ability": "Solid Rock", "evs": {"hp": 85, "atk": 85, "def": 85, "spa": 85, "spd": 85, "spe": 85}, "ivs": {"hp": 31, "atk": 31, "def": 31, "spa": 31, "spd": 31, "spe": 31}, "item": "Choice Band", "teraType": "Bug", "role": "Bulky Attacker", "bvs": {"hp": 115, "atk": 140, "def": 130, "spa": 55, "spd": 55, "spe": 40}, "stats": {"hp": 323, "atk": 277, "def": 260, "spa": 137, "spd": 137, "spe": 113}, "types": ["Ground", "Rock"]}}]}