{"id": "gen9randombattle-2631457423", "format": "[Gen 9] Random Battle", "players": ["AmroE13", "taipeiqueen22"], "log": "|j|\u2606AmroE13\n|j|\u2606taipeiqueen22\n|t:|1781387036\n|gametype|singles\n|player|p1|AmroE13|266|1943\n|player|p2|taipeiqueen22|erika|2002\n|gen|9\n|tier|[Gen 9] Random Battle\n|rated|\n|rule|Species Clause: Limit one of each Pok\u00e9mon\n|rule|HP Percentage Mod: HP is shown in percentages\n|rule|Sleep Clause Mod: Limit one foe put to sleep\n|rule|Illusion Level Mod: Illusion disguises the Pok\u00e9mon's true level\n|\n|t:|1781387036\n|teamsize|p1|6\n|teamsize|p2|6\n|start\n|switch|p1a: Tropius|Tropius, L91, F|328/328\n|switch|p2a: Urshifu|Urshifu-Rapid-Strike, L75, M|274/274\n|turn|1\n|inactive|Battle timer is ON: inactive players will automatically lose when time's up. (requested by AmroE13)\n|\n|t:|1781387064\n|move|p1a: Tropius|Protect|p1a: Tropius\n|-singleturn|p1a: Tropius|Protect\n|move|p2a: Urshifu|Ice Spinner|p1a: Tropius\n|-supereffective|p1a: Tropius\n|-damage|p1a: Tropius|42/328\n|-enditem|p1a: Tropius|Sitrus Berry|[eat]\n|-heal|p1a: Tropius|124/328|[from] item: Sitrus Berry\n|-damage|p2a: Urshifu|247/274|[from] item: Life Orb\n|\n|upkeep\n|turn|2\n|\n|t:|1781387071\n|switch|p1a: Orthworm|Orthworm, L88, M|266/266\n|move|p2a: Urshifu|Ice Spinner|p1a: Orthworm\n|-resisted|p1a: Orthworm\n|-damage|p1a: Orthworm|243/266\n|-damage|p2a: Urshifu|220/274|[from] item: Life Orb\n|\n|-heal|p1a: Orthworm|259/266|[from] item: Leftovers\n|upkeep\n|turn|3\n|\n|t:|1781387080\n|move|p2a: Urshifu|Swords Dance|p2a: Urshifu\n|-boost|p2a: Urshifu|atk|2\n|move|p1a: Orthworm|Spikes|p2a: Urshifu\n|-sidestart|p2: taipeiqueen22|Spikes\n|\n|-heal|p1a: Orthworm|266/266|[from] item: Leftovers\n|upkeep\n|turn|4\n|\n|t:|1781387089\n|move|p2a: Urshifu|Close Combat|p1a: Orthworm\n|-supereffective|p1a: Orthworm\n|-damage|p1a: Orthworm|0 fnt\n|-unboost|p2a: Urshifu|def|1\n|-unboost|p2a: Urshifu|spd|1\n|faint|p1a: Orthworm\n|-damage|p2a: Urshifu|193/274|[from] item: Life Orb\n|\n|upkeep\n|\n|t:|1781387100\n|switch|p1a: Girafarig|Girafarig, L89, M|269/269\n|turn|5\n|inactive|taipeiqueen22 has 120 seconds left.\n|\n|t:|1781387137\n|switch|p2a: Glaceon|Glaceon, L94, F|275/275\n|move|p1a: Girafarig|Psyshock|p2a: Glaceon\n|-damage|p2a: Glaceon|205/275\n|\n|upkeep\n|turn|6\n|inactive|taipeiqueen22 has 120 seconds left.\n|\n|t:|1781387145\n|move|p1a: Girafarig|Nasty Plot|p1a: Girafarig\n|-boost|p1a: Girafarig|spa|2\n|move|p2a: Glaceon|Wish|p2a: Glaceon\n|\n|upkeep\n|turn|7\n|\n|t:|1781387150\n|move|p1a: Girafarig|Hyper Voice|p2a: Glaceon\n|-damage|p2a: Glaceon|45/275\n|move|p2a: Glaceon|Freeze-Dry|p1a: Girafarig\n|-damage|p1a: Girafarig|176/269\n|\n|-heal|p2a: Glaceon|182/275|[from] move: Wish|[wisher] Glaceon\n|upkeep\n|turn|8\n|\n|t:|1781387158\n|move|p1a: Girafarig|Hyper Voice|p2a: Glaceon\n|-damage|p2a: Glaceon|10/275\n|move|p2a: Glaceon|Freeze-Dry|p1a: Girafarig\n|-damage|p1a: Girafarig|79/269\n|\n|upkeep\n|turn|9\n|\n|t:|1781387165\n|move|p1a: Girafarig|Hyper Voice|p2a: Glaceon\n|-damage|p2a: Glaceon|0 fnt\n|faint|p2a: Glaceon\n|\n|upkeep\n|\n|t:|1781387194\n|switch|p2a: Arceus|Arceus-Dragon, L71|288/288\n|-damage|p2a: Arceus|252/288|[from] Spikes\n|turn|10\n|\n|t:|1781387211\n|move|p2a: Arceus|Swords Dance|p2a: Arceus\n|-boost|p2a: Arceus|atk|2\n|move|p1a: Girafarig|Hyper Voice|p2a: Arceus\n|-damage|p2a: Arceus|68/288\n|\n|upkeep\n|turn|11\n|\n|t:|1781387222\n|move|p2a: Arceus|Heavy Slam|p1a: Girafarig\n|-damage|p1a: Girafarig|0 fnt\n|faint|p1a: Girafarig\n|\n|upkeep\n|\n|t:|1781387233\n|switch|p1a: Volcanion|Volcanion, L79|255/255\n|turn|12\n|\n|t:|1781387241\n|move|p2a: Arceus|Outrage|p1a: Volcanion\n|-damage|p1a: Volcanion|23/255\n|move|p1a: Volcanion|Steam Eruption|p2a: Arceus\n|-resisted|p2a: Arceus\n|-damage|p2a: Arceus|11/288\n|\n|upkeep\n|turn|13\n|\n|t:|1781387250\n|move|p2a: Arceus|Outrage|p1a: Volcanion|[from] lockedmove\n|-damage|p1a: Volcanion|0 fnt\n|faint|p1a: Volcanion\n|\n|upkeep\n|\n|t:|1781387253\n|switch|p1a: Salazzle|Salazzle, L83, F|249/249\n|turn|14\n|\n|t:|1781387257\n|move|p1a: Salazzle|Tera Blast|p2a: Arceus\n|-damage|p2a: Arceus|0 fnt\n|faint|p2a: Arceus\n|\n|upkeep\n|inactive|taipeiqueen22 has 120 seconds left.\n|\n|t:|1781387290\n|switch|p2a: Malamar|Malamar, L82, M|275/275\n|-damage|p2a: Malamar|241/275|[from] Spikes\n|turn|15\n|\n|t:|1781387298\n|move|p1a: Salazzle|Nasty Plot|p1a: Salazzle\n|-boost|p1a: Salazzle|spa|2\n|move|p2a: Malamar|Psycho Cut|p1a: Salazzle\n|-supereffective|p1a: Salazzle\n|-damage|p1a: Salazzle|63/249\n|\n|upkeep\n|turn|16\n|\n|t:|1781387323\n|move|p1a: Salazzle|Fire Blast|p2a: Malamar\n|-damage|p2a: Malamar|0 fnt\n|faint|p2a: Malamar\n|\n|upkeep\n|\n|t:|1781387327\n|switch|p2a: Masquerain|Masquerain, L87, M|264/264\n|-ability|p2a: Masquerain|Intimidate|boost\n|-unboost|p1a: Salazzle|atk|1\n|turn|17\n|\n|t:|1781387343\n|-terastallize|p2a: Masquerain|Water\n|move|p1a: Salazzle|Sludge Wave|p2a: Masquerain\n|-damage|p2a: Masquerain|32/264\n|move|p2a: Masquerain|Quiver Dance|p2a: Masquerain\n|-boost|p2a: Masquerain|spa|1\n|-boost|p2a: Masquerain|spd|1\n|-boost|p2a: Masquerain|spe|1\n|\n|upkeep\n|turn|18\n|\n|t:|1781387350\n|move|p2a: Masquerain|Hydro Pump|p1a: Salazzle|[miss]\n|-miss|p2a: Masquerain|p1a: Salazzle\n|move|p1a: Salazzle|Sludge Wave|p2a: Masquerain\n|-damage|p2a: Masquerain|0 fnt\n|faint|p2a: Masquerain\n|\n|upkeep\n|-message|taipeiqueen22 forfeited.\n|\n|win|AmroE13\n", "inputlog": ">version a8376a258c1d4662feba110a92103f3664a72141\n>start {\"formatid\":\"gen9randombattle\",\"seed\":\"sodium,019b094792e13ba5e9a68ad0e5920608\",\"rated\":\"Rated battle\"}\n>player p1 {\"name\":\"AmroE13\",\"avatar\":\"266\",\"rating\":1943,\"seed\":\"sodium,a8a12da2a2595b4dea32c9381bc86f60\"}\n>player p2 {\"name\":\"taipeiqueen22\",\"avatar\":\"erika\",\"rating\":2002,\"seed\":\"sodium,fbc8bae8b7fa46a0e25d058c6936318b\"}\n>p1 move protect\n>p2 move icespinner\n>p1 switch 5\n>p2 move icespinner\n>p1 move spikes\n>p2 move swordsdance\n>p1 move bodypress\n>p2 move closecombat\n>p1 switch 6\n>p1 move psyshock\n>p2 switch 4\n>p1 move nastyplot\n>p2 move wish\n>p1 move hypervoice\n>p2 move freezedry\n>p1 move hypervoice\n>p2 move freezedry\n>p1 move hypervoice\n>p2 move freezedry\n>p2 switch 6\n>p1 move hypervoice\n>p2 move swordsdance\n>p1 move hypervoice\n>p2 move heavyslam\n>p1 switch 2\n>p1 move steameruption\n>p2 move outrage\n>p1 move flamecharge\n>p2 move outrage\n>p1 switch 4\n>p1 move terablast\n>p2 move outrage\n>p2 switch 5\n>p1 move nastyplot\n>p2 move psychocut\n>p1 move fireblast\n>p2 move psychocut\n>p2 switch 3\n>p1 move sludgewave\n>p2 move quiverdance terastallize\n>p1 move sludgewave\n>p2 move hydropump\n>forcelose p2", "uploadtime": 1781387038, "views": 6, "formatid": "gen9randombattle", "rating": null, "private": 0, "password": null, "player_dets": [{"name": "AmroE13", "avatar": "266", "rating": 1943, "seed": "sodium,a8a12da2a2595b4dea32c9381bc86f60"}, {"name": "taipeiqueen22", "avatar": "erika", "rating": 2002, "seed": "sodium,fbc8bae8b7fa46a0e25d058c6936318b"}], "teams_full": [{"Tropius": {"name": "Tropius", "species": "Tropius", "speciesId": "tropius", "gender": "F", "shiny": false, "level": 91, "moves": ["leechseed", "airslash", "protect", "substitute"], "ability": "Harvest", "evs": {"hp": 85, "atk": 0, "def": 85, "spa": 85, "spd": 85, "spe": 85}, "ivs": {"hp": 31, "atk": 0, "def": 31, "spa": 31, "spd": 31, "spe": 31}, "item": "Sitrus Berry", "teraType": "Steel", "role": "Bulky Support", "bvs": {"hp": 99, "atk": 68, "def": 83, "spa": 72, "spd": 87, "spe": 51}, "stats": {"hp": 328, "atk": 128, "def": 203, "spa": 183, "spd": 210, "spe": 145}, "types": ["Grass", "Flying"]}, "Volcanion": {"name": "Volcanion", "species": "Volcanion", "speciesId": "volcanion", "gender": "N", "shiny": false, "level": 79, "moves": ["earthpower", "steameruption", "flamecharge", "flamethrower"], "ability": "Water Absorb", "evs": {"hp": 81, "atk": 85, "def": 85, "spa": 85, "spd": 85, "spe": 85}, "ivs": {"hp": 31, "atk": 31, "def": 31, "spa": 31, "spd": 31, "spe": 31}, "item": "Assault Vest", "teraType": "Water", "role": "Bulky Attacker", "bvs": {"hp": 80, "atk": 110, "def": 120, "spa": 130, "spd": 90, "spe": 70}, "stats": {"hp": 255, "atk": 219, "def": 235, "spa": 251, "spd": 188, "spe": 156}, "types": ["Fire", "Water"]}, "Necrozma": {"name": "Necrozma", "species": "Necrozma-Dawn-Wings", "speciesId": "necrozmadawnwings", "gender": "N", "shiny": false, "level": 76, "moves": ["photongeyser", "brickbreak", "dragondance", "moongeistbeam"], "ability": "Prism Armor", "evs": {"hp": 85, "atk": 85, "def": 85, "spa": 85, "spd": 85, "spe": 85}, "ivs": {"hp": 31, "atk": 31, "def": 31, "spa": 31, "spd": 31, "spe": 31}, "item": "Life Orb", "teraType": "Fighting", "role": "Setup Sweeper", "bvs": {"hp": 97, "atk": 113, "def": 109, "spa": 157, "spd": 127, "spe": 77}, "stats": {"hp": 272, "atk": 216, "def": 210, "spa": 283, "spd": 237, "spe": 161}, "types": ["Psychic", "Ghost"]}, "Salazzle": {"name": "Salazzle", "species": "Salazzle", "speciesId": "salazzle", "gender": "F", "shiny": false, "level": 83, "moves": ["terablast", "fireblast", "nastyplot", "sludgewave"], "ability": "Corrosion", "evs": {"hp": 85, "atk": 0, "def": 85, "spa": 85, "spd": 85, "spe": 85}, "ivs": {"hp": 31, "atk": 0, "def": 31, "spa": 31, "spd": 31, "spe": 31}, "item": "Heavy-Duty Boots", "teraType": "Grass", "role": "Tera Blast user", "bvs": {"hp": 68, "atk": 64, "def": 60, "spa": 111, "spd": 60, "spe": 117}, "stats": {"hp": 249, "atk": 111, "def": 147, "spa": 232, "spd": 147, "spe": 242}, "types": ["Poison", "Fire"]}, "Orthworm": {"name": "Orthworm", "species": "Orthworm", "speciesId": "orthworm", "gender": "M", "shiny": false, "level": 88, "moves": ["bodypress", "heavyslam", "shedtail", "spikes"], "ability": "Earth Eater", "evs": {"hp": 85, "atk": 85, "def": 85, "spa": 85, "spd": 85, "spe": 85}, "ivs": {"hp": 31, "atk": 31, "def": 31, "spa": 31, "spd": 31, "spe": 31}, "item": "Leftovers", "teraType": "Poison", "role": "Bulky Attacker", "bvs": {"hp": 70, "atk": 85, "def": 145, "spa": 60, "spd": 55, "spe": 65}, "stats": {"hp": 266, "atk": 200, "def": 305, "spa": 156, "spd": 147, "spe": 165}, "types": ["Steel"]}, "Girafarig": {"name": "Girafarig", "species": "Girafarig", "speciesId": "girafarig", "gender": "M", "shiny": false, "level": 89, "moves": ["hypervoice", "psyshock", "thunderbolt", "nastyplot"], "ability": "Sap Sipper", "evs": {"hp": 85, "atk": 0, "def": 85, "spa": 85, "spd": 85, "spe": 85}, "ivs": {"hp": 31, "atk": 0, "def": 31, "spa": 31, "spd": 31, "spe": 31}, "item": "Eviolite", "teraType": "Normal", "role": "Fast Bulky Setup", "bvs": {"hp": 70, "atk": 80, "def": 65, "spa": 90, "spd": 65, "spe": 85}, "stats": {"hp": 269, "atk": 147, "def": 166, "spa": 211, "spd": 166, "spe": 202}, "types": ["Normal", "Psychic"]}}, {"Urshifu": {"name": "Urshifu", "species": "Urshifu-Rapid-Strike", "speciesId": "urshifurapidstrike", "gender": "M", "shiny": false, "level": 75, "moves": ["surgingstrikes", "closecombat", "icespinner", "swordsdance"], "ability": "Unseen Fist", "evs": {"hp": 85, "atk": 85, "def": 85, "spa": 85, "spd": 85, "spe": 85}, "ivs": {"hp": 31, "atk": 31, "def": 31, "spa": 31, "spd": 31, "spe": 31}, "item": "Life Orb", "teraType": "Water", "role": "Fast Attacker", "bvs": {"hp": 100, "atk": 130, "def": 100, "spa": 63, "spd": 60, "spe": 97}, "stats": {"hp": 274, "atk": 239, "def": 194, "spa": 138, "spd": 134, "spe": 189}, "types": ["Fighting", "Water"]}, "Serperior": {"name": "Serperior", "species": "Serperior", "speciesId": "serperior", "gender": "M", "shiny": false, "level": 79, "moves": ["dragonpulse", "leafstorm", "leechseed", "substitute"], "ability": "Contrary", "evs": {"hp": 85, "atk": 0, "def": 85, "spa": 85, "spd": 85, "spe": 85}, "ivs": {"hp": 31, "atk": 0, "def": 31, "spa": 31, "spd": 31, "spe": 31}, "item": "Leftovers", "teraType": "Water", "role": "Fast Attacker", "bvs": {"hp": 75, "atk": 75, "def": 95, "spa": 75, "spd": 95, "spe": 113}, "stats": {"hp": 248, "atk": 123, "def": 196, "spa": 164, "spd": 196, "spe": 224}, "types": ["Grass"]}, "Masquerain": {"name": "Masquerain", "species": "Masquerain", "speciesId": "masquerain", "gender": "M", "shiny": false, "level": 87, "moves": ["hurricane", "quiverdance", "hydropump", "bugbuzz"], "ability": "Intimidate", "evs": {"hp": 85, "atk": 0, "def": 85, "spa": 85, "spd": 85, "spe": 85}, "ivs": {"hp": 31, "atk": 0, "def": 31, "spa": 31, "spd": 31, "spe": 31}, "item": "Heavy-Duty Boots", "teraType": "Water", "role": "Setup Sweeper", "bvs": {"hp": 70, "atk": 60, "def": 62, "spa": 100, "spd": 82, "spe": 80}, "stats": {"hp": 264, "atk": 109, "def": 158, "spa": 224, "spd": 192, "spe": 189}, "types": ["Bug", "Flying"]}, "Glaceon": {"name": "Glaceon", "species": "Glaceon", "speciesId": "glaceon", "gender": "F", "shiny": false, "level": 94, "moves": ["wish", "freezedry", "protect", "calmmind"], "ability": "Ice Body", "evs": {"hp": 85, "atk": 0, "def": 85, "spa": 85, "spd": 85, "spe": 85}, "ivs": {"hp": 31, "atk": 0, "def": 31, "spa": 31, "spd": 31, "spe": 31}, "item": "Heavy-Duty Boots", "teraType": "Water", "role": "Bulky Setup", "bvs": {"hp": 65, "atk": 60, "def": 110, "spa": 130, "spd": 95, "spe": 65}, "stats": {"hp": 275, "atk": 117, "def": 260, "spa": 298, "spd": 232, "spe": 176}, "types": ["Ice"]}, "Malamar": {"name": "Malamar", "species": "Malamar", "speciesId": "malamar", "gender": "M", "shiny": false, "level": 82, "moves": ["superpower", "knockoff", "rest", "psychocut"], "ability": "Contrary", "evs": {"hp": 85, "atk": 85, "def": 85, "spa": 85, "spd": 85, "spe": 85}, "ivs": {"hp": 31, "atk": 31, "def": 31, "spa": 31, "spd": 31, "spe": 31}, "item": "Chesto Berry", "teraType": "Steel", "role": "Fast Bulky Setup", "bvs": {"hp": 86, "atk": 92, "def": 88, "spa": 68, "spd": 75, "spe": 73}, "stats": {"hp": 275, "atk": 198, "def": 191, "spa": 159, "spd": 170, "spe": 167}, "types": ["Dark", "Psychic"]}, "Arceus": {"name": "Arceus", "species": "Arceus-Dragon", "speciesId": "arceusdragon", "gender": "N", "shiny": false, "level": 71, "moves": ["flareblitz", "heavyslam", "outrage", "swordsdance"], "ability": "Multitype", "evs": {"hp": 85, "atk": 85, "def": 85, "spa": 85, "spd": 85, "spe": 85}, "ivs": {"hp": 31, "atk": 31, "def": 31, "spa": 31, "spd": 31, "spe": 31}, "item": "Draco Plate", "teraType": "Fire", "role": "Setup Sweeper", "bvs": {"hp": 120, "atk": 120, "def": 120, "spa": 120, "spd": 120, "spe": 120}, "stats": {"hp": 288, "atk": 212, "def": 212, "spa": 212, "spd": 212, "spe": 212}, "types": ["Dragon"]}}]}