{"id": "gen9randombattle-2631382716", "format": "[Gen 9] Random Battle", "players": ["3kzzzzzzzz", "grabschaender"], "log": "|j|\u26063kzzzzzzzz\n|j|\u2606grabschaender\n|t:|1781378106\n|gametype|singles\n|player|p1|3kzzzzzzzz|janitor|2210\n|player|p2|grabschaender|candice|2281\n|gen|9\n|tier|[Gen 9] Random Battle\n|rated|\n|rule|Species Clause: Limit one of each Pok\u00e9mon\n|rule|HP Percentage Mod: HP is shown in percentages\n|rule|Sleep Clause Mod: Limit one foe put to sleep\n|rule|Illusion Level Mod: Illusion disguises the Pok\u00e9mon's true level\n|\n|t:|1781378106\n|teamsize|p1|6\n|teamsize|p2|6\n|start\n|switch|p1a: Serperior|Serperior, L79, F|248/248\n|switch|p2a: Keldeo|Keldeo-Resolute, L79|273/273\n|turn|1\n|\n|t:|1781378119\n|switch|p2a: Glalie|Glalie, L96, M|309/309\n|move|p1a: Serperior|Leaf Storm|p2a: Glalie\n|-damage|p2a: Glalie|206/309\n|-boost|p1a: Serperior|spa|2\n|\n|upkeep\n|turn|2\n|\n|t:|1781378123\n|move|p1a: Serperior|Substitute|p1a: Serperior\n|-start|p1a: Serperior|Substitute\n|-damage|p1a: Serperior|186/248\n|move|p2a: Glalie|Freeze-Dry|p1a: Serperior\n|-supereffective|p1a: Serperior\n|-end|p1a: Serperior|Substitute\n|\n|-heal|p1a: Serperior|201/248|[from] item: Leftovers\n|upkeep\n|turn|3\n|\n|t:|1781378129\n|-terastallize|p1a: Serperior|Fire\n|move|p1a: Serperior|Substitute|p1a: Serperior\n|-start|p1a: Serperior|Substitute\n|-damage|p1a: Serperior|139/248\n|move|p2a: Glalie|Freeze-Dry|p1a: Serperior\n|-resisted|p1a: Serperior\n|-activate|p1a: Serperior|move: Substitute|[damage]\n|\n|-heal|p1a: Serperior|154/248|[from] item: Leftovers\n|upkeep\n|turn|4\n|\n|t:|1781378139\n|move|p1a: Serperior|Tera Blast|p2a: Glalie|[anim] Tera Blast Fire\n|-supereffective|p2a: Glalie\n|-damage|p2a: Glalie|0 fnt\n|faint|p2a: Glalie\n|\n|-heal|p1a: Serperior|169/248|[from] item: Leftovers\n|upkeep\n|\n|t:|1781378141\n|switch|p2a: Meloetta|Meloetta, L82|298/298\n|turn|5\n|inactive|Battle timer is ON: inactive players will automatically lose when time's up. (requested by 3kzzzzzzzz)\n|\n|t:|1781378147\n|move|p1a: Serperior|Leaf Storm|p2a: Meloetta\n|-damage|p2a: Meloetta|150/298\n|-boost|p1a: Serperior|spa|2\n|move|p2a: Meloetta|Hyper Voice|p1a: Serperior\n|-damage|p1a: Serperior|6/248\n|\n|-heal|p1a: Serperior|21/248|[from] item: Leftovers\n|upkeep\n|turn|6\n|j| rufoush\n|\n|t:|1781378163\n|move|p1a: Serperior|Leaf Storm|p2a: Meloetta\n|-damage|p2a: Meloetta|0 fnt\n|-boost|p1a: Serperior|spa|2\n|faint|p2a: Meloetta\n|\n|-heal|p1a: Serperior|36/248|[from] item: Leftovers\n|upkeep\n|-message|grabschaender forfeited.\n|\n|win|3kzzzzzzzz\n", "inputlog": ">version a8376a258c1d4662feba110a92103f3664a72141\n>start {\"formatid\":\"gen9randombattle\",\"seed\":\"sodium,14648c2161aa739811416d6741df0607\",\"rated\":\"Rated battle\"}\n>player p1 {\"name\":\"3kzzzzzzzz\",\"avatar\":\"janitor\",\"rating\":2210,\"seed\":\"sodium,417f635637fe26845434cfef61e4f623\"}\n>player p2 {\"name\":\"grabschaender\",\"avatar\":\"candice\",\"rating\":2281,\"seed\":\"sodium,8e28affcfd1bcef0cf5bb9c488b37bcd\"}\n>p1 move leafstorm\n>p2 switch 5\n>p1 move substitute\n>p2 move freezedry\n>p1 move substitute terastallize\n>p2 move freezedry\n>p1 move terablast\n>p2 move earthquake\n>p2 switch 6\n>p1 move leafstorm\n>p2 move hypervoice\n>p1 move leafstorm\n>p2 move hypervoice\n>forcelose p2", "uploadtime": 1781378108, "views": 9, "formatid": "gen9randombattle", "rating": null, "private": 0, "password": null, "player_dets": [{"name": "3kzzzzzzzz", "avatar": "janitor", "rating": 2210, "seed": "sodium,417f635637fe26845434cfef61e4f623"}, {"name": "grabschaender", "avatar": "candice", "rating": 2281, "seed": "sodium,8e28affcfd1bcef0cf5bb9c488b37bcd"}], "teams_full": [{"Serperior": {"name": "Serperior", "species": "Serperior", "speciesId": "serperior", "gender": "F", "shiny": false, "level": 79, "moves": ["substitute", "leechseed", "leafstorm", "terablast"], "ability": "Contrary", "evs": {"hp": 85, "atk": 85, "def": 85, "spa": 85, "spd": 85, "spe": 85}, "ivs": {"hp": 31, "atk": 31, "def": 31, "spa": 31, "spd": 31, "spe": 31}, "item": "Leftovers", "teraType": "Fire", "role": "Tera Blast user", "bvs": {"hp": 75, "atk": 75, "def": 95, "spa": 75, "spd": 95, "spe": 113}, "stats": {"hp": 248, "atk": 164, "def": 196, "spa": 164, "spd": 196, "spe": 224}}, "Charizard": {"name": "Charizard", "species": "Charizard", "speciesId": "charizard", "gender": "F", "shiny": false, "level": 85, "moves": ["flareblitz", "earthquake", "dragondance", "outrage"], "ability": "Blaze", "evs": {"hp": 85, "atk": 85, "def": 85, "spa": 85, "spd": 85, "spe": 85}, "ivs": {"hp": 31, "atk": 31, "def": 31, "spa": 31, "spd": 31, "spe": 31}, "item": "Heavy-Duty Boots", "teraType": "Ground", "role": "Setup Sweeper", "bvs": {"hp": 78, "atk": 84, "def": 78, "spa": 109, "spd": 85, "spe": 100}, "stats": {"hp": 271, "atk": 192, "def": 181, "spa": 234, "spd": 193, "spe": 219}}, "Skeledirge": {"name": "Skeledirge", "species": "Skeledirge", "speciesId": "skeledirge", "gender": "M", "shiny": false, "level": 79, "moves": ["slackoff", "flamecharge", "shadowball", "torchsong"], "ability": "Unaware", "evs": {"hp": 85, "atk": 85, "def": 85, "spa": 85, "spd": 85, "spe": 85}, "ivs": {"hp": 31, "atk": 31, "def": 31, "spa": 31, "spd": 31, "spe": 31}, "item": "Heavy-Duty Boots", "teraType": "Water", "role": "Bulky Attacker", "bvs": {"hp": 104, "atk": 75, "def": 100, "spa": 110, "spd": 75, "spe": 66}, "stats": {"hp": 294, "atk": 164, "def": 204, "spa": 219, "spd": 164, "spe": 150}}, "Noctowl": {"name": "Noctowl", "species": "Noctowl", "speciesId": "noctowl", "gender": "M", "shiny": false, "level": 95, "moves": ["calmmind", "hypervoice", "roost", "hurricane"], "ability": "Tinted Lens", "evs": {"hp": 85, "atk": 0, "def": 85, "spa": 85, "spd": 85, "spe": 85}, "ivs": {"hp": 31, "atk": 0, "def": 31, "spa": 31, "spd": 31, "spe": 31}, "item": "Heavy-Duty Boots", "teraType": "Normal", "role": "Bulky Attacker", "bvs": {"hp": 100, "atk": 50, "def": 50, "spa": 86, "spd": 96, "spe": 70}, "stats": {"hp": 344, "atk": 100, "def": 149, "spa": 217, "spd": 236, "spe": 187}}, "Shiftry": {"name": "Shiftry", "species": "Shiftry", "speciesId": "shiftry", "gender": "F", "shiny": false, "level": 89, "moves": ["leafstorm", "knockoff", "defog", "willowisp"], "ability": "Wind Rider", "evs": {"hp": 85, "atk": 85, "def": 85, "spa": 85, "spd": 85, "spe": 85}, "ivs": {"hp": 31, "atk": 31, "def": 31, "spa": 31, "spd": 31, "spe": 31}, "item": "Heavy-Duty Boots", "teraType": "Poison", "role": "Fast Support", "bvs": {"hp": 90, "atk": 100, "def": 60, "spa": 90, "spd": 60, "spe": 80}, "stats": {"hp": 305, "atk": 229, "def": 158, "spa": 211, "spd": 158, "spe": 193}}, "Espathra": {"name": "Espathra", "species": "Espathra", "speciesId": "espathra", "gender": "F", "shiny": false, "level": 80, "moves": ["dazzlinggleam", "calmmind", "substitute", "storedpower"], "ability": "Speed Boost", "evs": {"hp": 85, "atk": 0, "def": 85, "spa": 85, "spd": 85, "spe": 85}, "ivs": {"hp": 31, "atk": 0, "def": 31, "spa": 31, "spd": 31, "spe": 31}, "item": "Leftovers", "teraType": "Fairy", "role": "Fast Bulky Setup", "bvs": {"hp": 95, "atk": 60, "def": 60, "spa": 101, "spd": 60, "spe": 105}, "stats": {"hp": 283, "atk": 101, "def": 142, "spa": 208, "spd": 142, "spe": 214}}}, {"Keldeo": {"name": "Keldeo", "species": "Keldeo-Resolute", "speciesId": "keldeoresolute", "gender": "N", "shiny": false, "level": 79, "moves": ["calmmind", "secretsword", "surf", "substitute"], "ability": "Justified", "evs": {"hp": 85, "atk": 0, "def": 85, "spa": 85, "spd": 85, "spe": 85}, "ivs": {"hp": 31, "atk": 0, "def": 31, "spa": 31, "spd": 31, "spe": 31}, "item": "Leftovers", "teraType": "Steel", "role": "Bulky Setup", "bvs": {"hp": 91, "atk": 72, "def": 90, "spa": 129, "spd": 90, "spe": 108}, "stats": {"hp": 273, "atk": 118, "def": 188, "spa": 249, "spd": 188, "spe": 216}}, "Krookodile": {"name": "Krookodile", "species": "Krookodile", "speciesId": "krookodile", "gender": "F", "shiny": false, "level": 79, "moves": ["stoneedge", "earthquake", "knockoff", "stealthrock"], "ability": "Intimidate", "evs": {"hp": 85, "atk": 85, "def": 85, "spa": 85, "spd": 85, "spe": 85}, "ivs": {"hp": 31, "atk": 31, "def": 31, "spa": 31, "spd": 31, "spe": 31}, "item": "Life Orb", "teraType": "Ground", "role": "Fast Attacker", "bvs": {"hp": 95, "atk": 117, "def": 80, "spa": 65, "spd": 70, "spe": 92}, "stats": {"hp": 280, "atk": 230, "def": 172, "spa": 148, "spd": 156, "spe": 191}}, "Bellossom": {"name": "Bellossom", "species": "Bellossom", "speciesId": "bellossom", "gender": "M", "shiny": false, "level": 84, "moves": ["terablast", "quiverdance", "strengthsap", "gigadrain"], "ability": "Chlorophyll", "evs": {"hp": 85, "atk": 0, "def": 85, "spa": 85, "spd": 85, "spe": 85}, "ivs": {"hp": 31, "atk": 0, "def": 31, "spa": 31, "spd": 31, "spe": 31}, "item": "Leftovers", "teraType": "Rock", "role": "Tera Blast user", "bvs": {"hp": 75, "atk": 80, "def": 95, "spa": 90, "spd": 100, "spe": 50}, "stats": {"hp": 263, "atk": 139, "def": 208, "spa": 199, "spd": 216, "spe": 132}}, "Vaporeon": {"name": "Vaporeon", "species": "Vaporeon", "speciesId": "vaporeon", "gender": "F", "shiny": false, "level": 86, "moves": ["scald", "calmmind", "protect", "wish"], "ability": "Water Absorb", "evs": {"hp": 85, "atk": 0, "def": 85, "spa": 85, "spd": 85, "spe": 85}, "ivs": {"hp": 31, "atk": 0, "def": 31, "spa": 31, "spd": 31, "spe": 31}, "item": "Leftovers", "teraType": "Poison", "role": "Bulky Setup", "bvs": {"hp": 130, "atk": 65, "def": 60, "spa": 110, "spd": 95, "spe": 65}, "stats": {"hp": 364, "atk": 116, "def": 152, "spa": 238, "spd": 213, "spe": 161}}, "Glalie": {"name": "Glalie", "species": "Glalie", "speciesId": "glalie", "gender": "M", "shiny": false, "level": 96, "moves": ["taunt", "earthquake", "freezedry", "spikes"], "ability": "Inner Focus", "evs": {"hp": 85, "atk": 85, "def": 85, "spa": 85, "spd": 85, "spe": 85}, "ivs": {"hp": 31, "atk": 31, "def": 31, "spa": 31, "spd": 31, "spe": 31}, "item": "Heavy-Duty Boots", "teraType": "Ghost", "role": "Fast Support", "bvs": {"hp": 80, "atk": 80, "def": 80, "spa": 80, "spd": 80, "spe": 80}, "stats": {"hp": 309, "atk": 208, "def": 208, "spa": 208, "spd": 208, "spe": 208}}, "Meloetta": {"name": "Meloetta", "species": "Meloetta", "speciesId": "meloetta", "gender": "N", "shiny": false, "level": 82, "moves": ["hypervoice", "psyshock", "focusblast", "uturn"], "ability": "Serene Grace", "evs": {"hp": 85, "atk": 85, "def": 85, "spa": 85, "spd": 85, "spe": 85}, "ivs": {"hp": 31, "atk": 31, "def": 31, "spa": 31, "spd": 31, "spe": 31}, "item": "Choice Specs", "teraType": "Fighting", "role": "Bulky Attacker", "bvs": {"hp": 100, "atk": 77, "def": 77, "spa": 128, "spd": 128, "spe": 90}, "stats": {"hp": 298, "atk": 173, "def": 173, "spa": 257, "spd": 257, "spe": 195}}}]}