{"id": "gen9randombattle-2631807550", "format": "[Gen 9] Random Battle", "players": ["ViPa", "duuhhao"], "log": "|j|\u2606ViPa\n|j|\u2606duuhhao\n|t:|1781442566\n|gametype|singles\n|player|p1|ViPa|guitarist|2209\n|player|p2|duuhhao|clair|2197\n|gen|9\n|tier|[Gen 9] Random Battle\n|rated|\n|rule|Species Clause: Limit one of each Pok\u00e9mon\n|rule|HP Percentage Mod: HP is shown in percentages\n|rule|Sleep Clause Mod: Limit one foe put to sleep\n|rule|Illusion Level Mod: Illusion disguises the Pok\u00e9mon's true level\n|\n|t:|1781442566\n|teamsize|p1|6\n|teamsize|p2|6\n|start\n|switch|p1a: Vigoroth|Vigoroth, L85, M|275/275\n|switch|p2a: Drednaw|Drednaw, L81, F|278/278\n|turn|1\n|\n|t:|1781442581\n|switch|p2a: Grumpig|Grumpig, L92, M|297/297\n|move|p1a: Vigoroth|Knock Off|p2a: Grumpig\n|-supereffective|p2a: Grumpig\n|-damage|p2a: Grumpig|145/297\n|-enditem|p2a: Grumpig|Choice Scarf|[from] move: Knock Off|[of] p1a: Vigoroth\n|\n|upkeep\n|turn|2\n|\n|t:|1781442594\n|move|p1a: Vigoroth|Body Slam|p2a: Grumpig\n|-damage|p2a: Grumpig|60/297\n|move|p2a: Grumpig|Focus Blast|p1a: Vigoroth\n|-supereffective|p1a: Vigoroth\n|-damage|p1a: Vigoroth|101/275\n|-unboost|p1a: Vigoroth|spd|1\n|\n|upkeep\n|turn|3\n|\n|t:|1781442601\n|move|p1a: Vigoroth|Knock Off|p2a: Grumpig\n|-supereffective|p2a: Grumpig\n|-damage|p2a: Grumpig|0 fnt\n|faint|p2a: Grumpig\n|\n|upkeep\n|\n|t:|1781442606\n|switch|p2a: Bombirdier|Bombirdier, L85, M|258/258\n|turn|4\n|\n|t:|1781442611\n|move|p1a: Vigoroth|Body Slam|p2a: Bombirdier\n|-damage|p2a: Bombirdier|176/258\n|move|p2a: Bombirdier|Brave Bird|p1a: Vigoroth\n|-damage|p1a: Vigoroth|0 fnt\n|faint|p1a: Vigoroth\n|-damage|p2a: Bombirdier|143/258|[from] Recoil\n|\n|upkeep\n|\n|t:|1781442619\n|switch|p1a: Thundurus|Thundurus-Therian, L80, M|258/258\n|turn|5\n|\n|t:|1781442624\n|switch|p2a: Electivire|Electivire, L84, M|263/263\n|move|p1a: Thundurus|Nasty Plot|p1a: Thundurus\n|-boost|p1a: Thundurus|spa|2\n|\n|upkeep\n|turn|6\n|\n|t:|1781442633\n|move|p1a: Thundurus|Focus Blast|p2a: Electivire\n|-damage|p2a: Electivire|32/263\n|move|p2a: Electivire|Ice Punch|p1a: Thundurus\n|-supereffective|p1a: Thundurus\n|-damage|p1a: Thundurus|60/258\n|-damage|p2a: Electivire|6/263|[from] item: Life Orb\n|\n|upkeep\n|turn|7\n|\n|t:|1781442645\n|move|p2a: Electivire|Ice Punch|p1a: Thundurus\n|-supereffective|p1a: Thundurus\n|-damage|p1a: Thundurus|0 fnt\n|faint|p1a: Thundurus\n|-damage|p2a: Electivire|0 fnt|[from] item: Life Orb\n|faint|p2a: Electivire\n|\n|upkeep\n|\n|t:|1781442656\n|switch|p1a: Spidops|Spidops, L96, M|271/271\n|switch|p2a: Bombirdier|Bombirdier, L85, M|143/258\n|turn|8\n|\n|t:|1781442661\n|move|p2a: Bombirdier|Brave Bird|p1a: Spidops\n|-supereffective|p1a: Spidops\n|-damage|p1a: Spidops|53/271\n|-damage|p2a: Bombirdier|71/258|[from] Recoil\n|move|p1a: Spidops|Sticky Web|p2a: Bombirdier\n|-sidestart|p2: duuhhao|move: Sticky Web\n|\n|upkeep\n|turn|9\n|\n|t:|1781442667\n|move|p2a: Bombirdier|Knock Off|p1a: Spidops\n|-damage|p1a: Spidops|0 fnt\n|-enditem|p1a: Spidops|Heavy-Duty Boots|[from] move: Knock Off|[of] p2a: Bombirdier\n|faint|p1a: Spidops\n|\n|upkeep\n|\n|t:|1781442679\n|switch|p1a: Gyarados|Gyarados, L79, M|280/280\n|-ability|p1a: Gyarados|Intimidate|boost\n|-unboost|p2a: Bombirdier|atk|1\n|turn|10\n|\n|t:|1781442686\n|switch|p2a: Drednaw|Drednaw, L81, F|278/278\n|-activate|p2a: Drednaw|move: Sticky Web\n|-unboost|p2a: Drednaw|spe|1\n|-enditem|p2a: Drednaw|White Herb\n|-clearnegativeboost|p2a: Drednaw|[silent]\n|move|p1a: Gyarados|Dragon Dance|p1a: Gyarados\n|-boost|p1a: Gyarados|atk|1\n|-boost|p1a: Gyarados|spe|1\n|\n|upkeep\n|turn|11\n|\n|t:|1781442697\n|move|p1a: Gyarados|Earthquake|p2a: Drednaw\n|-supereffective|p2a: Drednaw\n|-damage|p2a: Drednaw|36/278\n|move|p2a: Drednaw|Stone Edge|p1a: Gyarados|[miss]\n|-miss|p2a: Drednaw|p1a: Gyarados\n|\n|upkeep\n|turn|12\n|\n|t:|1781442703\n|move|p1a: Gyarados|Waterfall|p2a: Drednaw\n|-damage|p2a: Drednaw|0 fnt\n|faint|p2a: Drednaw\n|\n|upkeep\n|\n|t:|1781442712\n|switch|p2a: Ogerpon|Ogerpon-Wellspring, L76, F|247/247\n|-activate|p2a: Ogerpon|move: Sticky Web\n|-unboost|p2a: Ogerpon|spe|1\n|turn|13\n|\n|t:|1781442722\n|move|p1a: Gyarados|Stone Edge|p2a: Ogerpon\n|-damage|p2a: Ogerpon|115/247\n|move|p2a: Ogerpon|Wood Hammer|p1a: Gyarados\n|-damage|p1a: Gyarados|106/280\n|-damage|p2a: Ogerpon|58/247|[from] Recoil\n|\n|upkeep\n|turn|14\n|\n|t:|1781442731\n|move|p1a: Gyarados|Earthquake|p2a: Ogerpon\n|-resisted|p2a: Ogerpon\n|-damage|p2a: Ogerpon|0 fnt\n|faint|p2a: Ogerpon\n|\n|upkeep\n|\n|t:|1781442736\n|switch|p2a: Donphan|Donphan, L84, M|288/288\n|-activate|p2a: Donphan|move: Sticky Web\n|-unboost|p2a: Donphan|spe|1\n|turn|15\n|\n|t:|1781442742\n|-terastallize|p2a: Donphan|Steel\n|move|p1a: Gyarados|Waterfall|p2a: Donphan\n|-damage|p2a: Donphan|182/288\n|move|p2a: Donphan|Ice Spinner|p1a: Gyarados\n|-damage|p1a: Gyarados|30/280\n|\n|upkeep\n|turn|16\n|-message|duuhhao forfeited.\n|\n|win|ViPa\n", "inputlog": ">version a8376a258c1d4662feba110a92103f3664a72141\n>start {\"formatid\":\"gen9randombattle\",\"seed\":\"sodium,94746c5c0c2c8876e162b16722c417d3\",\"rated\":\"Rated battle\"}\n>player p1 {\"name\":\"ViPa\",\"avatar\":\"guitarist\",\"rating\":2209,\"seed\":\"sodium,b8694bc261d499e4a691997a8b6e6b4b\"}\n>player p2 {\"name\":\"duuhhao\",\"avatar\":\"clair\",\"rating\":2197,\"seed\":\"sodium,69d9103d5f9093f1d0bd3204c80fdc9c\"}\n>p1 move knockoff\n>p2 switch 6\n>p1 move bodyslam\n>p2 move focusblast\n>p1 move knockoff\n>p2 move psychic\n>p2 switch 2\n>p1 move bodyslam\n>p2 move bravebird\n>p1 switch 5\n>p1 move nastyplot\n>p2 switch 5\n>p1 move focusblast\n>p2 move icepunch\n>p1 move terablast\n>p2 move icepunch\n>p1 switch 4\n>p2 switch 5\n>p1 move stickyweb\n>p2 move bravebird\n>p1 move toxicspikes\n>p2 move knockoff\n>p1 switch 6\n>p1 move dragondance\n>p2 switch 6\n>p1 move earthquake\n>p2 move stoneedge\n>p1 move waterfall\n>p2 move stoneedge\n>p2 switch 3\n>p1 move stoneedge\n>p2 move woodhammer\n>p1 move earthquake\n>p2 move woodhammer\n>p2 switch 4\n>p1 move waterfall\n>p2 move icespinner terastallize\n>forcelose p2", "uploadtime": 1781442567, "views": 4, "formatid": "gen9randombattle", "rating": null, "private": 0, "password": null, "player_dets": [{"name": "ViPa", "avatar": "guitarist", "rating": 2209, "seed": "sodium,b8694bc261d499e4a691997a8b6e6b4b"}, {"name": "duuhhao", "avatar": "clair", "rating": 2197, "seed": "sodium,69d9103d5f9093f1d0bd3204c80fdc9c"}], "teams_full": [{"Vigoroth": {"name": "Vigoroth", "species": "Vigoroth", "speciesId": "vigoroth", "gender": "M", "shiny": false, "level": 85, "moves": ["slackoff", "knockoff", "bodyslam", "bulkup"], "ability": "Vital Spirit", "evs": {"hp": 85, "atk": 85, "def": 85, "spa": 85, "spd": 85, "spe": 85}, "ivs": {"hp": 31, "atk": 31, "def": 31, "spa": 31, "spd": 31, "spe": 31}, "item": "Eviolite", "teraType": "Ghost", "role": "Bulky Setup", "bvs": {"hp": 80, "atk": 80, "def": 80, "spa": 55, "spd": 55, "spe": 90}, "stats": {"hp": 275, "atk": 185, "def": 185, "spa": 142, "spd": 142, "spe": 202}, "types": ["Normal"]}, "Gurdurr": {"name": "Gurdurr", "species": "Gurdurr", "speciesId": "gurdurr", "gender": "F", "shiny": false, "level": 85, "moves": ["drainpunch", "machpunch", "knockoff", "defog"], "ability": "Guts", "evs": {"hp": 85, "atk": 85, "def": 85, "spa": 85, "spd": 85, "spe": 85}, "ivs": {"hp": 31, "atk": 31, "def": 31, "spa": 31, "spd": 31, "spe": 31}, "item": "Eviolite", "teraType": "Steel", "role": "Bulky Attacker", "bvs": {"hp": 85, "atk": 105, "def": 85, "spa": 40, "spd": 50, "spe": 40}, "stats": {"hp": 283, "atk": 227, "def": 193, "spa": 117, "spd": 134, "spe": 117}, "types": ["Fighting"]}, "Mewtwo": {"name": "Mewtwo", "species": "Mewtwo", "speciesId": "mewtwo", "gender": "N", "shiny": false, "level": 72, "moves": ["aurasphere", "fireblast", "nastyplot", "psystrike"], "ability": "Unnerve", "evs": {"hp": 85, "atk": 0, "def": 85, "spa": 85, "spd": 85, "spe": 85}, "ivs": {"hp": 31, "atk": 0, "def": 31, "spa": 31, "spd": 31, "spe": 31}, "item": "Life Orb", "teraType": "Psychic", "role": "Setup Sweeper", "bvs": {"hp": 106, "atk": 110, "def": 90, "spa": 154, "spd": 90, "spe": 130}, "stats": {"hp": 272, "atk": 163, "def": 172, "spa": 264, "spd": 172, "spe": 229}, "types": ["Psychic"]}, "Spidops": {"name": "Spidops", "species": "Spidops", "speciesId": "spidops", "gender": "M", "shiny": false, "level": 96, "moves": ["circlethrow", "toxicspikes", "knockoff", "stickyweb"], "ability": "Stakeout", "evs": {"hp": 85, "atk": 85, "def": 85, "spa": 85, "spd": 85, "spe": 85}, "ivs": {"hp": 31, "atk": 31, "def": 31, "spa": 31, "spd": 31, "spe": 31}, "item": "Heavy-Duty Boots", "teraType": "Ghost", "role": "Bulky Support", "bvs": {"hp": 60, "atk": 79, "def": 92, "spa": 52, "spd": 86, "spe": 35}, "stats": {"hp": 271, "atk": 206, "def": 231, "spa": 154, "spd": 220, "spe": 122}, "types": ["Bug"]}, "Thundurus": {"name": "Thundurus", "species": "Thundurus-Therian", "speciesId": "thundurustherian", "gender": "M", "shiny": false, "level": 80, "moves": ["nastyplot", "focusblast", "terablast", "thunderbolt"], "ability": "Volt Absorb", "evs": {"hp": 85, "atk": 0, "def": 85, "spa": 85, "spd": 85, "spe": 85}, "ivs": {"hp": 31, "atk": 0, "def": 31, "spa": 31, "spd": 31, "spe": 31}, "item": "Heavy-Duty Boots", "teraType": "Flying", "role": "Tera Blast user", "bvs": {"hp": 79, "atk": 105, "def": 70, "spa": 145, "spd": 80, "spe": 101}, "stats": {"hp": 258, "atk": 173, "def": 158, "spa": 278, "spd": 174, "spe": 208}, "types": ["Electric", "Flying"]}, "Gyarados": {"name": "Gyarados", "species": "Gyarados", "speciesId": "gyarados", "gender": "M", "shiny": false, "level": 79, "moves": ["waterfall", "dragondance", "stoneedge", "earthquake"], "ability": "Intimidate", "evs": {"hp": 85, "atk": 85, "def": 85, "spa": 85, "spd": 85, "spe": 85}, "ivs": {"hp": 31, "atk": 31, "def": 31, "spa": 31, "spd": 31, "spe": 31}, "item": "Heavy-Duty Boots", "teraType": "Ground", "role": "Setup Sweeper", "bvs": {"hp": 95, "atk": 125, "def": 79, "spa": 60, "spd": 100, "spe": 81}, "stats": {"hp": 280, "atk": 243, "def": 170, "spa": 140, "spd": 204, "spe": 174}, "types": ["Water", "Flying"]}}, {"Drednaw": {"name": "Drednaw", "species": "Drednaw", "speciesId": "drednaw", "gender": "F", "shiny": false, "level": 81, "moves": ["liquidation", "stoneedge", "shellsmash", "earthquake"], "ability": "Shell Armor", "evs": {"hp": 85, "atk": 85, "def": 85, "spa": 85, "spd": 85, "spe": 85}, "ivs": {"hp": 31, "atk": 31, "def": 31, "spa": 31, "spd": 31, "spe": 31}, "item": "White Herb", "teraType": "Water", "role": "Fast Bulky Setup", "bvs": {"hp": 90, "atk": 115, "def": 90, "spa": 48, "spd": 68, "spe": 74}, "stats": {"hp": 278, "atk": 233, "def": 192, "spa": 124, "spd": 157, "spe": 167}, "types": ["Water", "Rock"]}, "Bombirdier": {"name": "Bombirdier", "species": "Bombirdier", "speciesId": "bombirdier", "gender": "M", "shiny": false, "level": 85, "moves": ["bravebird", "knockoff", "stoneedge", "roost"], "ability": "Rocky Payload", "evs": {"hp": 85, "atk": 85, "def": 85, "spa": 85, "spd": 85, "spe": 85}, "ivs": {"hp": 31, "atk": 31, "def": 31, "spa": 31, "spd": 31, "spe": 31}, "item": "Heavy-Duty Boots", "teraType": "Rock", "role": "Fast Attacker", "bvs": {"hp": 70, "atk": 103, "def": 85, "spa": 60, "spd": 85, "spe": 82}, "stats": {"hp": 258, "atk": 224, "def": 193, "spa": 151, "spd": 193, "spe": 188}, "types": ["Flying", "Dark"]}, "Ogerpon": {"name": "Ogerpon", "species": "Ogerpon-Wellspring", "speciesId": "ogerponwellspring", "gender": "F", "shiny": false, "level": 76, "moves": ["encore", "woodhammer", "synthesis", "ivycudgel"], "ability": "Water Absorb", "evs": {"hp": 85, "atk": 85, "def": 85, "spa": 85, "spd": 85, "spe": 85}, "ivs": {"hp": 31, "atk": 31, "def": 31, "spa": 31, "spd": 31, "spe": 31}, "item": "Wellspring Mask", "teraType": "Water", "role": "Bulky Attacker", "bvs": {"hp": 80, "atk": 120, "def": 84, "spa": 60, "spd": 96, "spe": 110}, "stats": {"hp": 247, "atk": 226, "def": 172, "spa": 135, "spd": 190, "spe": 211}, "types": ["Grass", "Water"]}, "Donphan": {"name": "Donphan", "species": "Donphan", "speciesId": "donphan", "gender": "M", "shiny": false, "level": 84, "moves": ["iceshard", "rapidspin", "earthquake", "icespinner"], "ability": "Sturdy", "evs": {"hp": 85, "atk": 85, "def": 85, "spa": 85, "spd": 85, "spe": 85}, "ivs": {"hp": 31, "atk": 31, "def": 31, "spa": 31, "spd": 31, "spe": 31}, "item": "Assault Vest", "teraType": "Steel", "role": "Bulky Support", "bvs": {"hp": 90, "atk": 120, "def": 120, "spa": 60, "spd": 60, "spe": 50}, "stats": {"hp": 288, "atk": 250, "def": 250, "spa": 149, "spd": 149, "spe": 132}, "types": ["Ground"]}, "Electivire": {"name": "Electivire", "species": "Electivire", "speciesId": "electivire", "gender": "M", "shiny": false, "level": 84, "moves": ["supercellslam", "icepunch", "earthquake", "bulkup"], "ability": "Motor Drive", "evs": {"hp": 85, "atk": 85, "def": 85, "spa": 85, "spd": 85, "spe": 85}, "ivs": {"hp": 31, "atk": 31, "def": 31, "spa": 31, "spd": 31, "spe": 31}, "item": "Life Orb", "teraType": "Flying", "role": "Setup Sweeper", "bvs": {"hp": 75, "atk": 123, "def": 67, "spa": 95, "spd": 85, "spe": 95}, "stats": {"hp": 263, "atk": 255, "def": 161, "spa": 208, "spd": 191, "spe": 208}, "types": ["Electric"]}, "Grumpig": {"name": "Grumpig", "species": "Grumpig", "speciesId": "grumpig", "gender": "M", "shiny": false, "level": 92, "moves": ["psychic", "focusblast", "earthpower", "trick"], "ability": "Thick Fat", "evs": {"hp": 85, "atk": 0, "def": 85, "spa": 85, "spd": 85, "spe": 85}, "ivs": {"hp": 31, "atk": 0, "def": 31, "spa": 31, "spd": 31, "spe": 31}, "item": "Choice Scarf", "teraType": "Psychic", "role": "Bulky Attacker", "bvs": {"hp": 80, "atk": 45, "def": 65, "spa": 90, "spd": 110, "spe": 80}, "stats": {"hp": 297, "atk": 87, "def": 172, "spa": 218, "spd": 255, "spe": 200}, "types": ["Psychic"]}}]}