{"id": "gen9randombattle-2632016317", "format": "[Gen 9] Random Battle", "players": ["itztrip", "waifuslussy"], "log": "|badge|p1|bronze|gen9ubers|100-9\n|uhtml|medal-msg|<div class=\"broadcast-blue\">Curious what those medals under the avatar are? PS now has Ladder Seasons! For more information, check out the <a href=\"https://www.smogon.com/forums/threads/3740067/\">thread on Smogon.</a></div>\n|j|\u2606itztrip\n|j|\u2606waifuslussy\n|t:|1781466275\n|gametype|singles\n|player|p1|itztrip|proton|1851\n|player|p2|waifuslussy|unknown|1821\n|gen|9\n|tier|[Gen 9] Random Battle\n|rated|\n|rule|Species Clause: Limit one of each Pok\u00e9mon\n|rule|HP Percentage Mod: HP is shown in percentages\n|rule|Sleep Clause Mod: Limit one foe put to sleep\n|rule|Illusion Level Mod: Illusion disguises the Pok\u00e9mon's true level\n|\n|t:|1781466275\n|teamsize|p1|6\n|teamsize|p2|6\n|start\n|switch|p1a: Keldeo|Keldeo-Resolute, L79|273/273\n|switch|p2a: Meloetta|Meloetta, L82|298/298\n|turn|1\n|inactive|Battle timer is ON: inactive players will automatically lose when time's up. (requested by itztrip)\n|\n|t:|1781466289\n|switch|p1a: Overqwil|Overqwil, L82, M|274/274\n|-ability|p1a: Overqwil|Intimidate|boost\n|-unboost|p2a: Meloetta|atk|1\n|move|p2a: Meloetta|U-turn|p1a: Overqwil\n|-damage|p1a: Overqwil|250/274\n|\n|t:|1781466293\n|switch|p2a: Magearna|Magearna-Original, L77|250/250|[from] U-turn\n|\n|upkeep\n|turn|2\n|\n|t:|1781466299\n|move|p1a: Overqwil|Swords Dance|p1a: Overqwil\n|-boost|p1a: Overqwil|atk|2\n|move|p2a: Magearna|Shift Gear|p2a: Magearna\n|-boost|p2a: Magearna|spe|2\n|-boost|p2a: Magearna|atk|1\n|\n|upkeep\n|turn|3\n|\n|t:|1781466312\n|move|p2a: Magearna|Iron Head|p1a: Overqwil\n|-damage|p1a: Overqwil|144/274\n|cant|p1a: Overqwil|flinch\n|\n|upkeep\n|turn|4\n|\n|t:|1781466318\n|move|p2a: Magearna|Iron Head|p1a: Overqwil\n|-damage|p1a: Overqwil|45/274\n|move|p1a: Overqwil|Crunch|p2a: Magearna\n|-resisted|p2a: Magearna\n|-damage|p2a: Magearna|166/250\n|\n|upkeep\n|turn|5\n|\n|t:|1781466320\n|move|p2a: Magearna|Iron Head|p1a: Overqwil\n|-damage|p1a: Overqwil|0 fnt\n|faint|p1a: Overqwil\n|-ability|p2a: Magearna|Soul-Heart|boost\n|-boost|p2a: Magearna|spa|1\n|\n|upkeep\n|\n|t:|1781466324\n|switch|p1a: Gastrodon|Gastrodon-East, L86, F|331/331\n|turn|6\n|\n|t:|1781466339\n|move|p2a: Magearna|Fleur Cannon|p1a: Gastrodon\n|-damage|p1a: Gastrodon|121/331\n|-unboost|p2a: Magearna|spa|2\n|move|p1a: Gastrodon|Recover|p1a: Gastrodon\n|-heal|p1a: Gastrodon|287/331\n|\n|-heal|p1a: Gastrodon|307/331|[from] item: Leftovers\n|upkeep\n|turn|7\n|\n|t:|1781466342\n|switch|p2a: Dewgong|Dewgong, L94, F|322/322\n|move|p1a: Gastrodon|Earthquake|p2a: Dewgong\n|-damage|p2a: Dewgong|219/322\n|\n|-heal|p1a: Gastrodon|327/331|[from] item: Leftovers\n|upkeep\n|turn|8\n|\n|t:|1781466348\n|switch|p1a: Mienshao|Mienshao, L83, M|244/244\n|move|p2a: Dewgong|Triple Axel|p1a: Mienshao\n|-damage|p1a: Mienshao|216/244\n|-damage|p1a: Mienshao|156/244\n|-hitcount|p1a: Mienshao|2\n|\n|upkeep\n|turn|9\n|\n|t:|1781466354\n|switch|p2a: Lugia|Lugia, L73|275/275\n|move|p1a: Mienshao|Knock Off|p2a: Lugia\n|-supereffective|p2a: Lugia\n|-damage|p2a: Lugia|206/275\n|-enditem|p2a: Lugia|Heavy-Duty Boots|[from] move: Knock Off|[of] p1a: Mienshao\n|\n|upkeep\n|turn|10\n|\n|t:|1781466359\n|move|p1a: Mienshao|U-turn|p2a: Lugia\n|-damage|p2a: Lugia|156/275\n|\n|t:|1781466363\n|switch|p1a: Gastrodon|Gastrodon-East, L86, F|327/331|[from] U-turn\n|move|p2a: Lugia|Recover|p2a: Lugia\n|-heal|p2a: Lugia|275/275\n|\n|-heal|p1a: Gastrodon|331/331|[from] item: Leftovers\n|upkeep\n|turn|11\n|\n|t:|1781466369\n|switch|p2a: Dewgong|Dewgong, L94, F|219/322\n|switch|p1a: Whimsicott|Whimsicott, L84, M|238/238\n|\n|upkeep\n|turn|12\n|\n|t:|1781466371\n|move|p1a: Whimsicott|Substitute|p1a: Whimsicott\n|-start|p1a: Whimsicott|Substitute\n|-damage|p1a: Whimsicott|179/238\n|move|p2a: Dewgong|Triple Axel|p1a: Whimsicott\n|-supereffective|p1a: Whimsicott\n|-crit|p1a: Whimsicott\n|-end|p1a: Whimsicott|Substitute\n|-hitcount|p1a: Whimsicott|1\n|\n|-heal|p1a: Whimsicott|193/238|[from] item: Leftovers\n|upkeep\n|turn|13\n|\n|t:|1781466382\n|switch|p2a: Bombirdier|Bombirdier, L85, M|258/258\n|move|p1a: Whimsicott|Leech Seed|p2a: Bombirdier\n|-hint|Since gen 7, Dark is immune to Prankster moves.\n|-immune|p2a: Bombirdier\n|\n|-heal|p1a: Whimsicott|207/238|[from] item: Leftovers\n|upkeep\n|turn|14\n|\n|t:|1781466386\n|move|p1a: Whimsicott|Moonblast|p2a: Bombirdier\n|-supereffective|p2a: Bombirdier\n|-damage|p2a: Bombirdier|90/258\n|move|p2a: Bombirdier|Brave Bird|p1a: Whimsicott\n|-supereffective|p1a: Whimsicott\n|-damage|p1a: Whimsicott|0 fnt\n|faint|p1a: Whimsicott\n|-damage|p2a: Bombirdier|22/258|[from] Recoil\n|\n|upkeep\n|\n|t:|1781466389\n|switch|p1a: Mienshao|Mienshao, L83, M|237/244\n|turn|15\n|\n|t:|1781466402\n|move|p1a: Mienshao|Fake Out|p2a: Bombirdier\n|-damage|p2a: Bombirdier|0 fnt\n|faint|p2a: Bombirdier\n|\n|upkeep\n|\n|t:|1781466411\n|switch|p2a: Lugia|Lugia, L73|275/275\n|turn|16\n|\n|t:|1781466415\n|move|p1a: Mienshao|U-turn|p2a: Lugia\n|-damage|p2a: Lugia|252/275\n|\n|t:|1781466417\n|switch|p1a: Wyrdeer|Wyrdeer, L87, F|321/321|[from] U-turn\n|-ability|p1a: Wyrdeer|Intimidate|boost\n|-unboost|p2a: Lugia|atk|1\n|move|p2a: Lugia|Psychic Noise|p1a: Wyrdeer\n|-resisted|p1a: Wyrdeer\n|-damage|p1a: Wyrdeer|300/321\n|-start|p1a: Wyrdeer|move: Heal Block\n|\n|upkeep\n|turn|17\n|\n|t:|1781466427\n|switch|p2a: Magearna|Magearna-Original, L77|166/250\n|move|p1a: Wyrdeer|Body Slam|p2a: Magearna\n|-resisted|p2a: Magearna\n|-damage|p2a: Magearna|125/250\n|\n|-end|p1a: Wyrdeer|move: Heal Block\n|upkeep\n|turn|18\n|\n|t:|1781466430\n|move|p1a: Wyrdeer|Earthquake|p2a: Magearna\n|-supereffective|p2a: Magearna\n|-damage|p2a: Magearna|0 fnt\n|faint|p2a: Magearna\n|\n|upkeep\n|\n|t:|1781466432\n|switch|p2a: Dewgong|Dewgong, L94, F|219/322\n|turn|19\n|\n|t:|1781466435\n|move|p2a: Dewgong|Triple Axel|p1a: Wyrdeer\n|-damage|p1a: Wyrdeer|275/321\n|-damage|p1a: Wyrdeer|230/321\n|-damage|p1a: Wyrdeer|161/321\n|-hitcount|p1a: Wyrdeer|3\n|move|p1a: Wyrdeer|Body Slam|p2a: Dewgong\n|-damage|p2a: Dewgong|120/322\n|\n|upkeep\n|turn|20\n|\n|t:|1781466443\n|move|p2a: Dewgong|Triple Axel|p1a: Wyrdeer\n|-damage|p1a: Wyrdeer|139/321\n|-crit|p1a: Wyrdeer\n|-damage|p1a: Wyrdeer|73/321\n|-damage|p1a: Wyrdeer|3/321\n|-hitcount|p1a: Wyrdeer|3\n|move|p1a: Wyrdeer|Body Slam|p2a: Dewgong\n|-damage|p2a: Dewgong|17/322\n|\n|upkeep\n|turn|21\n|\n|t:|1781466447\n|move|p2a: Dewgong|Triple Axel|p1a: Wyrdeer\n|-damage|p1a: Wyrdeer|0 fnt\n|faint|p1a: Wyrdeer\n|-hitcount|p1: Wyrdeer|1\n|\n|upkeep\n|\n|t:|1781466449\n|switch|p1a: Keldeo|Keldeo-Resolute, L79|273/273\n|turn|22\n|\n|t:|1781466462\n|move|p1a: Keldeo|Calm Mind|p1a: Keldeo\n|-boost|p1a: Keldeo|spa|1\n|-boost|p1a: Keldeo|spd|1\n|move|p2a: Dewgong|Encore|p1a: Keldeo\n|-start|p1a: Keldeo|Encore\n|\n|upkeep\n|turn|23\n|\n|t:|1781466467\n|switch|p2a: Meloetta|Meloetta, L82|298/298\n|move|p1a: Keldeo|Calm Mind|p1a: Keldeo\n|-boost|p1a: Keldeo|spa|1\n|-boost|p1a: Keldeo|spd|1\n|\n|upkeep\n|turn|24\n|\n|t:|1781466472\n|-terastallize|p1a: Keldeo|Steel\n|move|p1a: Keldeo|Calm Mind|p1a: Keldeo\n|-boost|p1a: Keldeo|spa|1\n|-boost|p1a: Keldeo|spd|1\n|move|p2a: Meloetta|Psyshock|p1a: Keldeo\n|-resisted|p1a: Keldeo\n|-damage|p1a: Keldeo|190/273\n|\n|-heal|p1a: Keldeo|207/273|[from] item: Leftovers\n|upkeep\n|turn|25\n|\n|t:|1781466477\n|move|p1a: Keldeo|Calm Mind|p1a: Keldeo\n|-boost|p1a: Keldeo|spa|1\n|-boost|p1a: Keldeo|spd|1\n|move|p2a: Meloetta|Psyshock|p1a: Keldeo\n|-resisted|p1a: Keldeo\n|-damage|p1a: Keldeo|126/273\n|\n|-heal|p1a: Keldeo|143/273|[from] item: Leftovers\n|-end|p1a: Keldeo|Encore\n|upkeep\n|turn|26\n|\n|t:|1781466485\n|move|p1a: Keldeo|Secret Sword|p2a: Meloetta\n|-damage|p2a: Meloetta|0 fnt\n|faint|p2a: Meloetta\n|\n|-heal|p1a: Keldeo|160/273|[from] item: Leftovers\n|upkeep\n|-message|waifuslussy forfeited.\n|\n|win|itztrip\n|raw|itztrip's rating: 1851 &rarr; <strong>1869</strong><br />(+18 for winning)\n|raw|waifuslussy's rating: 1821 &rarr; <strong>1803</strong><br />(-18 for losing)\n|l|\u2606waifuslussy\n|player|p2|\n", "inputlog": ">version a8376a258c1d4662feba110a92103f3664a72141\n>start {\"formatid\":\"gen9randombattle\",\"seed\":\"sodium,5ec75aea32b150a5f1fa07f23e7f966a\",\"rated\":\"Rated battle\"}\n>player p1 {\"name\":\"itztrip\",\"avatar\":\"proton\",\"rating\":1851,\"seed\":\"sodium,962c95757f268b3bb01fb920d917d7d7\"}\n>player p2 {\"name\":\"waifuslussy\",\"avatar\":\"unknown\",\"rating\":1821,\"seed\":\"sodium,e42da101340797daed580c7ada44556c\"}\n>p1 switch 4\n>p2 move uturn\n>p2 switch 6\n>p1 move swordsdance\n>p2 move shiftgear\n>p1 move crunch\n>p2 move ironhead\n>p1 move crunch\n>p2 move ironhead\n>p1 move crunch\n>p2 move ironhead\n>p1 switch 3\n>p1 move recover\n>p2 move fleurcannon\n>p1 move earthquake\n>p2 switch 5\n>p1 switch 5\n>p2 move tripleaxel\n>p1 move knockoff\n>p2 switch 3\n>p1 move uturn\n>p2 move recover\n>p1 switch 5\n>p1 switch 6\n>p2 switch 3\n>p1 move substitute\n>p2 move tripleaxel\n>p1 move leechseed\n>p2 switch 4\n>p1 move moonblast\n>p2 move bravebird\n>p1 switch 5\n>p1 move fakeout\n>p2 move suckerpunch\n>p2 switch 3\n>p1 move uturn\n>p2 move psychicnoise\n>p1 switch 2\n>p1 move bodyslam\n>p2 switch 5\n>p1 move earthquake\n>p2 move fleurcannon\n>p2 switch 4\n>p1 move bodyslam\n>p2 move tripleaxel\n>p1 move bodyslam\n>p2 move tripleaxel\n>p1 move bodyslam\n>p2 move tripleaxel\n>p1 switch 4\n>p1 move calmmind\n>p2 move encore\n>p1 move calmmind\n>p2 switch 6\n>p1 move calmmind terastallize\n>p2 move psyshock\n>p1 move calmmind\n>p2 move psyshock\n>p1 move secretsword\n>p2 move psyshock\n>forcelose p2", "uploadtime": 1781466489, "views": 3, "formatid": "gen9randombattle", "rating": 1803, "private": 0, "password": null, "player_dets": [{"name": "itztrip", "avatar": "proton", "rating": 1851, "seed": "sodium,962c95757f268b3bb01fb920d917d7d7"}, {"name": "waifuslussy", "avatar": "unknown", "rating": 1821, "seed": "sodium,e42da101340797daed580c7ada44556c"}], "teams_full": [{"Keldeo": {"name": "Keldeo", "species": "Keldeo-Resolute", "speciesId": "keldeoresolute", "gender": "N", "shiny": false, "level": 79, "moves": ["secretsword", "surf", "substitute", "calmmind"], "ability": "Justified", "evs": {"hp": 85, "atk": 0, "def": 85, "spa": 85, "spd": 85, "spe": 85}, "ivs": {"hp": 31, "atk": 0, "def": 31, "spa": 31, "spd": 31, "spe": 31}, "item": "Leftovers", "teraType": "Steel", "role": "Bulky Setup", "bvs": {"hp": 91, "atk": 72, "def": 90, "spa": 129, "spd": 90, "spe": 108}, "stats": {"hp": 273, "atk": 118, "def": 188, "spa": 249, "spd": 188, "spe": 216}}, "Wyrdeer": {"name": "Wyrdeer", "species": "Wyrdeer", "speciesId": "wyrdeer", "gender": "F", "shiny": false, "level": 87, "moves": ["megahorn", "bodyslam", "earthquake", "psychicnoise"], "ability": "Intimidate", "evs": {"hp": 85, "atk": 85, "def": 85, "spa": 85, "spd": 85, "spe": 85}, "ivs": {"hp": 31, "atk": 31, "def": 31, "spa": 31, "spd": 31, "spe": 31}, "item": "Assault Vest", "teraType": "Ground", "role": "Bulky Attacker", "bvs": {"hp": 103, "atk": 105, "def": 72, "spa": 105, "spd": 75, "spe": 65}, "stats": {"hp": 321, "atk": 232, "def": 175, "spa": 232, "spd": 180, "spe": 163}}, "Gastrodon": {"name": "Gastrodon", "species": "Gastrodon-East", "speciesId": "gastrodon", "gender": "F", "shiny": false, "level": 86, "moves": ["clearsmog", "recover", "surf", "earthquake"], "ability": "Storm Drain", "evs": {"hp": 85, "atk": 85, "def": 85, "spa": 85, "spd": 85, "spe": 85}, "ivs": {"hp": 31, "atk": 31, "def": 31, "spa": 31, "spd": 31, "spe": 31}, "item": "Leftovers", "teraType": "Poison", "role": "Bulky Attacker", "bvs": {"hp": 111, "atk": 83, "def": 68, "spa": 92, "spd": 82, "spe": 39}, "stats": {"hp": 331, "atk": 192, "def": 166, "spa": 207, "spd": 190, "spe": 116}}, "Overqwil": {"name": "Overqwil", "species": "Overqwil", "speciesId": "overqwil", "gender": "M", "shiny": false, "level": 82, "moves": ["swordsdance", "scaleshot", "gunkshot", "crunch"], "ability": "Intimidate", "evs": {"hp": 85, "atk": 85, "def": 85, "spa": 85, "spd": 85, "spe": 85}, "ivs": {"hp": 31, "atk": 31, "def": 31, "spa": 31, "spd": 31, "spe": 31}, "item": "Loaded Dice", "teraType": "Dragon", "role": "Setup Sweeper", "bvs": {"hp": 85, "atk": 115, "def": 95, "spa": 65, "spd": 65, "spe": 85}, "stats": {"hp": 274, "atk": 236, "def": 203, "spa": 154, "spd": 154, "spe": 187}}, "Mienshao": {"name": "Mienshao", "species": "Mienshao", "speciesId": "mienshao", "gender": "M", "shiny": false, "level": 83, "moves": ["closecombat", "fakeout", "uturn", "knockoff"], "ability": "Regenerator", "evs": {"hp": 85, "atk": 85, "def": 85, "spa": 85, "spd": 85, "spe": 85}, "ivs": {"hp": 31, "atk": 31, "def": 31, "spa": 31, "spd": 31, "spe": 31}, "item": "Assault Vest", "teraType": "Steel", "role": "AV Pivot", "bvs": {"hp": 65, "atk": 125, "def": 60, "spa": 95, "spd": 60, "spe": 105}, "stats": {"hp": 244, "atk": 255, "def": 147, "spa": 205, "spd": 147, "spe": 222}}, "Whimsicott": {"name": "Whimsicott", "species": "Whimsicott", "speciesId": "whimsicott", "gender": "M", "shiny": false, "level": 84, "moves": ["substitute", "encore", "leechseed", "moonblast"], "ability": "Prankster", "evs": {"hp": 85, "atk": 0, "def": 85, "spa": 85, "spd": 85, "spe": 85}, "ivs": {"hp": 31, "atk": 0, "def": 31, "spa": 31, "spd": 31, "spe": 31}, "item": "Leftovers", "teraType": "Poison", "role": "Bulky Support", "bvs": {"hp": 60, "atk": 67, "def": 85, "spa": 77, "spd": 75, "spe": 116}, "stats": {"hp": 238, "atk": 117, "def": 191, "spa": 178, "spd": 174, "spe": 243}}}, {"Meloetta": {"name": "Meloetta", "species": "Meloetta", "speciesId": "meloetta", "gender": "N", "shiny": false, "level": 82, "moves": ["hypervoice", "uturn", "focusblast", "psyshock"], "ability": "Serene Grace", "evs": {"hp": 85, "atk": 85, "def": 85, "spa": 85, "spd": 85, "spe": 85}, "ivs": {"hp": 31, "atk": 31, "def": 31, "spa": 31, "spd": 31, "spe": 31}, "item": "Choice Specs", "teraType": "Psychic", "role": "Bulky Attacker", "bvs": {"hp": 100, "atk": 77, "def": 77, "spa": 128, "spd": 128, "spe": 90}, "stats": {"hp": 298, "atk": 173, "def": 173, "spa": 257, "spd": 257, "spe": 195}}, "Haxorus": {"name": "Haxorus", "species": "Haxorus", "speciesId": "haxorus", "gender": "M", "shiny": false, "level": 77, "moves": ["earthquake", "swordsdance", "scaleshot", "ironhead"], "ability": "Mold Breaker", "evs": {"hp": 85, "atk": 85, "def": 85, "spa": 85, "spd": 85, "spe": 85}, "ivs": {"hp": 31, "atk": 31, "def": 31, "spa": 31, "spd": 31, "spe": 31}, "item": "Loaded Dice", "teraType": "Steel", "role": "Fast Bulky Setup", "bvs": {"hp": 76, "atk": 147, "def": 90, "spa": 60, "spd": 70, "spe": 97}, "stats": {"hp": 244, "atk": 271, "def": 183, "spa": 137, "spd": 152, "spe": 194}}, "Lugia": {"name": "Lugia", "species": "Lugia", "speciesId": "lugia", "gender": "N", "shiny": false, "level": 73, "moves": ["calmmind", "recover", "psychicnoise", "aeroblast"], "ability": "Multiscale", "evs": {"hp": 85, "atk": 0, "def": 85, "spa": 85, "spd": 85, "spe": 85}, "ivs": {"hp": 31, "atk": 0, "def": 31, "spa": 31, "spd": 31, "spe": 31}, "item": "Heavy-Duty Boots", "teraType": "Steel", "role": "Setup Sweeper", "bvs": {"hp": 106, "atk": 90, "def": 130, "spa": 90, "spd": 154, "spe": 110}, "stats": {"hp": 275, "atk": 136, "def": 232, "spa": 174, "spd": 267, "spe": 203}}, "Bombirdier": {"name": "Bombirdier", "species": "Bombirdier", "speciesId": "bombirdier", "gender": "M", "shiny": false, "level": 85, "moves": ["knockoff", "bravebird", "roost", "suckerpunch"], "ability": "Big Pecks", "evs": {"hp": 85, "atk": 85, "def": 85, "spa": 85, "spd": 85, "spe": 85}, "ivs": {"hp": 31, "atk": 31, "def": 31, "spa": 31, "spd": 31, "spe": 31}, "item": "Heavy-Duty Boots", "teraType": "Steel", "role": "Bulky Support", "bvs": {"hp": 70, "atk": 103, "def": 85, "spa": 60, "spd": 85, "spe": 82}, "stats": {"hp": 258, "atk": 224, "def": 193, "spa": 151, "spd": 193, "spe": 188}}, "Dewgong": {"name": "Dewgong", "species": "Dewgong", "speciesId": "dewgong", "gender": "F", "shiny": false, "level": 94, "moves": ["flipturn", "encore", "tripleaxel", "surf"], "ability": "Thick Fat", "evs": {"hp": 85, "atk": 85, "def": 85, "spa": 85, "spd": 85, "spe": 85}, "ivs": {"hp": 31, "atk": 31, "def": 31, "spa": 31, "spd": 31, "spe": 31}, "item": "Heavy-Duty Boots", "teraType": "Ground", "role": "Bulky Attacker", "bvs": {"hp": 90, "atk": 70, "def": 80, "spa": 70, "spd": 95, "spe": 70}, "stats": {"hp": 322, "atk": 185, "def": 204, "spa": 185, "spd": 232, "spe": 185}}, "Magearna": {"name": "Magearna", "species": "Magearna-Original", "speciesId": "magearna", "gender": "N", "shiny": false, "level": 77, "moves": ["fleurcannon", "ironhead", "terablast", "shiftgear"], "ability": "Soul-Heart", "evs": {"hp": 85, "atk": 85, "def": 85, "spa": 85, "spd": 85, "spe": 85}, "ivs": {"hp": 31, "atk": 31, "def": 31, "spa": 31, "spd": 31, "spe": 31}, "item": "Weakness Policy", "teraType": "Ground", "role": "Tera Blast user", "bvs": {"hp": 80, "atk": 95, "def": 115, "spa": 130, "spd": 115, "spe": 65}, "stats": {"hp": 250, "atk": 191, "def": 222, "spa": 245, "spd": 222, "spe": 145}}}]}