{"id": "gen9randombattle-2631839392", "format": "[Gen 9] Random Battle", "players": ["mota gorilla", "SHONE"], "log": "|j|\u2606mota gorilla\n|j|\u2606SHONE\n|t:|1781446677\n|gametype|singles\n|player|p1|mota gorilla|169|\n|player|p2|SHONE|#hplvikochiquakers|\n|gen|9\n|tier|[Gen 9] Random Battle\n|rule|Species Clause: Limit one of each Pok\u00e9mon\n|rule|HP Percentage Mod: HP is shown in percentages\n|rule|Sleep Clause Mod: Limit one foe put to sleep\n|rule|Illusion Level Mod: Illusion disguises the Pok\u00e9mon's true level\n|\n|t:|1781446677\n|teamsize|p1|6\n|teamsize|p2|6\n|start\n|switch|p1a: Espathra|Espathra, L80, F|283/283\n|switch|p2a: Dragonite|Dragonite, L74, M|257/257\n|turn|1\n|j| Faaagamer@!\n|j| shitc\n|j| Kochu_shak\n|\n|t:|1781446701\n|move|p1a: Espathra|U-turn|p2a: Dragonite\n|-resisted|p2a: Dragonite\n|-damage|p2a: Dragonite|249/257\n|j| Prateekkp@!\n|\n|t:|1781446706\n|switch|p1a: Carbink|Carbink, L90|236/236|[from] U-turn\n|move|p2a: Dragonite|Dragon Dance|p2a: Dragonite\n|-boost|p2a: Dragonite|atk|1\n|-boost|p2a: Dragonite|spe|1\n|\n|upkeep\n|turn|2\n|c| Faaagamer|oooh\n|\n|t:|1781446717\n|move|p2a: Dragonite|Iron Head|p1a: Carbink\n|-supereffective|p1a: Carbink\n|-damage|p1a: Carbink|16/236\n|cant|p1a: Carbink|flinch\n|\n|-heal|p1a: Carbink|30/236|[from] item: Leftovers\n|upkeep\n|turn|3\n|c|\u2606SHONE|?\n|l| Kochu_shak\n|c|\u2606SHONE|mb\n|\n|t:|1781446724\n|move|p2a: Dragonite|Iron Head|p1a: Carbink\n|-supereffective|p1a: Carbink\n|-damage|p1a: Carbink|0 fnt\n|faint|p1a: Carbink\n|\n|upkeep\n|c| Faaagamer|info\n|c| Prateekkp|yea\n|c|\u2606SHONE|which info\n|\n|t:|1781446737\n|switch|p1a: Espathra|Espathra, L80, F|283/283\n|turn|4\n|c| Faaagamer|not ghosting\n|c| Prateekkp|smh\n|\n|t:|1781446743\n|move|p2a: Dragonite|Dragon Dance|p2a: Dragonite\n|-boost|p2a: Dragonite|atk|1\n|-boost|p2a: Dragonite|spe|1\n|move|p1a: Espathra|Dazzling Gleam|p2a: Dragonite\n|-supereffective|p2a: Dragonite\n|-damage|p2a: Dragonite|71/257\n|\n|-ability|p1a: Espathra|Speed Boost|boost\n|-boost|p1a: Espathra|spe|1\n|upkeep\n|turn|5\n|c|\u2606SHONE|waise last mon wo tha hi nahi\n|c|\u2606SHONE|fir bhi haa jata\n|c|\u2606SHONE|raiku tha\n|c|\u2606SHONE|lol\n|c| shitc|Ooh\n|\n|t:|1781446781\n|move|p2a: Dragonite|Outrage|p1a: Espathra\n|-damage|p1a: Espathra|0 fnt\n|faint|p1a: Espathra\n|\n|upkeep\n|c| shitc|Tera normal double edge\n|c|\u2606SHONE|2 mons the\n|c|\u2606SHONE|ek bulky tha\n|\n|t:|1781446808\n|switch|p1a: Mudsdale|Mudsdale, L83, M|302/302\n|turn|6\n|c|\u2606SHONE|magic guard wala psychic mon\n|c|\u2606SHONE|naam nahi yaad hai\n|\n|t:|1781446818\n|move|p2a: Dragonite|Outrage|p1a: Mudsdale|[from] lockedmove\n|-damage|p1a: Mudsdale|67/302\n|-ability|p1a: Mudsdale|Stamina|boost\n|-boost|p1a: Mudsdale|def|1\n|move|p1a: Mudsdale|Stone Edge|p2a: Dragonite|[miss]\n|-miss|p1a: Mudsdale|p2a: Dragonite\n|\n|-heal|p1a: Mudsdale|85/302|[from] item: Leftovers\n|upkeep\n|turn|7\n|c| Faaagamer|reuniclus\n|c|\u2606SHONE|haa\n|c|\u2606SHONE|lol\n|c|\u2606SHONE|mb\n|\n|t:|1781446830\n|move|p2a: Dragonite|Outrage|p1a: Mudsdale|[from] lockedmove\n|-damage|p1a: Mudsdale|0 fnt\n|faint|p1a: Mudsdale\n|-start|p2a: Dragonite|confusion|[fatigue]\n|\n|upkeep\n|c| Faaagamer|dodrio would've died to recoil then\n|c|\u2606SHONE|haa\n|\n|t:|1781446845\n|switch|p1a: Kyogre|Kyogre, L71|259/259\n|-weather|RainDance|[from] ability: Drizzle|[of] p1a: Kyogre\n|turn|8\n|\n|t:|1781446850\n|-activate|p2a: Dragonite|confusion\n|move|p2a: Dragonite|Outrage|p1a: Kyogre\n|-damage|p1a: Kyogre|0 fnt\n|faint|p1a: Kyogre\n|\n|-weather|RainDance|[upkeep]\n|upkeep\n|\n|t:|1781446856\n|switch|p1a: Reuniclus|Reuniclus, L88, F|337/337\n|turn|9\n|c|\u2606SHONE|sweep\n|c|\u2606SHONE|no\n|\n|t:|1781446864\n|-activate|p2a: Dragonite|confusion\n|-damage|p2a: Dragonite|15/257|[from] confusion\n|move|p1a: Reuniclus|Calm Mind|p1a: Reuniclus\n|-boost|p1a: Reuniclus|spa|1\n|-boost|p1a: Reuniclus|spd|1\n|\n|-weather|RainDance|[upkeep]\n|upkeep\n|turn|10\n|c| Faaagamer|.....\n|c| Prateekkp|,\n|c| Faaagamer|hit again\n|\n|t:|1781446874\n|-end|p2a: Dragonite|confusion\n|move|p2a: Dragonite|Outrage|p1a: Reuniclus\n|-damage|p1a: Reuniclus|63/337\n|move|p1a: Reuniclus|Calm Mind|p1a: Reuniclus\n|-boost|p1a: Reuniclus|spa|1\n|-boost|p1a: Reuniclus|spd|1\n|\n|-weather|RainDance|[upkeep]\n|upkeep\n|turn|11\n|c| Faaagamer|noo\n|-message|mota gorilla forfeited.\n|\n|win|SHONE\n|l|\u2606mota gorilla\n|player|p1|\n|c|\u2606SHONE|ggs\n|l| Faaagamer\n|l| Prateekkp\n|l| shitc\n", "inputlog": ">version a8376a258c1d4662feba110a92103f3664a72141\n>start {\"formatid\":\"gen9randombattle\",\"seed\":\"sodium,fdd27963acce68ce21d38e8d5587fc48\"}\n>player p1 {\"name\":\"mota gorilla\",\"avatar\":\"169\",\"rating\":0,\"seed\":\"sodium,c1efdeaf7e7ff479574ed62aa685c94a\"}\n>player p2 {\"name\":\"SHONE\",\"avatar\":\"#hplvikochiquakers\",\"rating\":0,\"seed\":\"sodium,20a79ea9f7cd185a57da317caf2f9fde\"}\n>p1 move uturn\n>p2 move dragondance\n>p1 switch 2\n>chat  Faaagamer|oooh\n>p1 move moonblast\n>p2 move ironhead\n>chat \u2606SHONE|?\n>chat \u2606SHONE|mb\n>p1 move moonblast\n>p2 move ironhead\n>chat  Faaagamer|info\n>chat  Prateekkp|yea \n>chat \u2606SHONE|which info\n>p1 switch 2\n>chat  Faaagamer|not ghosting\n>chat  Prateekkp|smh \n>p1 move dazzlinggleam\n>p2 move dragondance\n>chat \u2606SHONE|waise last mon wo tha hi nahi\n>chat \u2606SHONE|fir bhi haa jata\n>chat \u2606SHONE|raiku tha\n>chat \u2606SHONE|lol\n>chat  shitc|Ooh\n>p1 move dazzlinggleam\n>p2 move outrage\n>chat  shitc|Tera normal double edge \n>chat \u2606SHONE|2 mons the\n>chat \u2606SHONE|ek bulky tha\n>p1 switch 3\n>chat \u2606SHONE|magic guard wala psychic mon\n>chat \u2606SHONE|naam nahi yaad hai\n>p1 move stoneedge\n>p2 move outrage\n>chat  Faaagamer|reuniclus\n>chat \u2606SHONE|haa\n>chat \u2606SHONE|lol\n>chat \u2606SHONE|mb\n>p1 move stoneedge\n>p2 move outrage\n>chat  Faaagamer|dodrio would've died to recoil then\n>chat \u2606SHONE|haa\n>p1 switch 4\n>p1 move icebeam\n>p2 move outrage\n>p1 switch 6\n>chat \u2606SHONE|sweep\n>chat \u2606SHONE|no\n>p1 move calmmind\n>p2 move outrage\n>chat  Faaagamer|.....\n>chat  Prateekkp|,\n>chat  Faaagamer|hit again\n>p1 move calmmind\n>p2 move outrage\n>chat  Faaagamer|noo\n>forcelose p1", "uploadtime": 1781446887, "views": 9, "formatid": "gen9randombattle", "rating": null, "private": 0, "password": null, "player_dets": [{"name": "mota gorilla", "avatar": "169", "rating": 0, "seed": "sodium,c1efdeaf7e7ff479574ed62aa685c94a"}, {"name": "SHONE", "avatar": "#hplvikochiquakers", "rating": 0, "seed": "sodium,20a79ea9f7cd185a57da317caf2f9fde"}], "teams_full": [{"Espathra": {"name": "Espathra", "species": "Espathra", "speciesId": "espathra", "gender": "F", "shiny": false, "level": 80, "moves": ["dazzlinggleam", "uturn", "shadowball", "luminacrash"], "ability": "Speed Boost", "evs": {"hp": 85, "atk": 85, "def": 85, "spa": 85, "spd": 85, "spe": 85}, "ivs": {"hp": 31, "atk": 31, "def": 31, "spa": 31, "spd": 31, "spe": 31}, "item": "Choice Specs", "teraType": "Fairy", "role": "Wallbreaker", "bvs": {"hp": 95, "atk": 60, "def": 60, "spa": 101, "spd": 60, "spe": 105}, "stats": {"hp": 283, "atk": 142, "def": 142, "spa": 208, "spd": 142, "spe": 214}, "types": ["Psychic"]}, "Carbink": {"name": "Carbink", "species": "Carbink", "speciesId": "carbink", "gender": "N", "shiny": false, "level": 90, "moves": ["moonblast", "bodypress", "rockpolish", "irondefense"], "ability": "Sturdy", "evs": {"hp": 85, "atk": 0, "def": 85, "spa": 85, "spd": 85, "spe": 85}, "ivs": {"hp": 31, "atk": 0, "def": 31, "spa": 31, "spd": 31, "spe": 31}, "item": "Leftovers", "teraType": "Fighting", "role": "Fast Bulky Setup", "bvs": {"hp": 50, "atk": 50, "def": 150, "spa": 50, "spd": 150, "spe": 50}, "stats": {"hp": 236, "atk": 95, "def": 321, "spa": 141, "spd": 321, "spe": 141}, "types": ["Rock", "Fairy"]}, "Mudsdale": {"name": "Mudsdale", "species": "Mudsdale", "speciesId": "mudsdale", "gender": "M", "shiny": false, "level": 83, "moves": ["heavyslam", "earthquake", "stealthrock", "stoneedge"], "ability": "Stamina", "evs": {"hp": 85, "atk": 85, "def": 85, "spa": 85, "spd": 85, "spe": 85}, "ivs": {"hp": 31, "atk": 31, "def": 31, "spa": 31, "spd": 31, "spe": 31}, "item": "Leftovers", "teraType": "Steel", "role": "Bulky Attacker", "bvs": {"hp": 100, "atk": 125, "def": 100, "spa": 55, "spd": 85, "spe": 35}, "stats": {"hp": 302, "atk": 255, "def": 214, "spa": 139, "spd": 189, "spe": 106}, "types": ["Ground"]}, "Kyogre": {"name": "Kyogre", "species": "Kyogre", "speciesId": "kyogre", "gender": "N", "shiny": false, "level": 71, "moves": ["icebeam", "calmmind", "originpulse", "thunder"], "ability": "Drizzle", "evs": {"hp": 85, "atk": 0, "def": 85, "spa": 85, "spd": 85, "spe": 85}, "ivs": {"hp": 31, "atk": 0, "def": 31, "spa": 31, "spd": 31, "spe": 31}, "item": "Leftovers", "teraType": "Steel", "role": "Bulky Setup", "bvs": {"hp": 100, "atk": 100, "def": 90, "spa": 150, "spd": 140, "spe": 90}, "stats": {"hp": 259, "atk": 147, "def": 169, "spa": 254, "spd": 240, "spe": 169}, "types": ["Water"]}, "Lilligant": {"name": "Lilligant", "species": "Lilligant", "speciesId": "lilligant", "gender": "F", "shiny": false, "level": 86, "moves": ["gigadrain", "terablast", "quiverdance", "sleeppowder"], "ability": "Chlorophyll", "evs": {"hp": 85, "atk": 0, "def": 85, "spa": 85, "spd": 85, "spe": 85}, "ivs": {"hp": 31, "atk": 0, "def": 31, "spa": 31, "spd": 31, "spe": 31}, "item": "Life Orb", "teraType": "Fire", "role": "Tera Blast user", "bvs": {"hp": 70, "atk": 60, "def": 75, "spa": 110, "spd": 75, "spe": 90}, "stats": {"hp": 261, "atk": 108, "def": 178, "spa": 238, "spd": 178, "spe": 204}, "types": ["Grass"]}, "Reuniclus": {"name": "Reuniclus", "species": "Reuniclus", "speciesId": "reuniclus", "gender": "F", "shiny": false, "level": 88, "moves": ["recover", "psyshock", "calmmind", "focusblast"], "ability": "Magic Guard", "evs": {"hp": 85, "atk": 0, "def": 85, "spa": 85, "spd": 85, "spe": 85}, "ivs": {"hp": 31, "atk": 0, "def": 31, "spa": 31, "spd": 31, "spe": 31}, "item": "Life Orb", "teraType": "Fighting", "role": "Bulky Setup", "bvs": {"hp": 110, "atk": 65, "def": 75, "spa": 125, "spd": 85, "spe": 30}, "stats": {"hp": 337, "atk": 119, "def": 182, "spa": 270, "spd": 200, "spe": 103}, "types": ["Psychic"]}}, {"Dragonite": {"name": "Dragonite", "species": "Dragonite", "speciesId": "dragonite", "gender": "M", "shiny": false, "level": 74, "moves": ["earthquake", "dragondance", "outrage", "ironhead"], "ability": "Multiscale", "evs": {"hp": 85, "atk": 85, "def": 85, "spa": 85, "spd": 85, "spe": 85}, "ivs": {"hp": 31, "atk": 31, "def": 31, "spa": 31, "spd": 31, "spe": 31}, "item": "Heavy-Duty Boots", "teraType": "Steel", "role": "Setup Sweeper", "bvs": {"hp": 91, "atk": 134, "def": 95, "spa": 100, "spd": 100, "spe": 80}, "stats": {"hp": 257, "atk": 241, "def": 184, "spa": 191, "spd": 191, "spe": 161}, "types": ["Dragon", "Flying"]}, "Phione": {"name": "Phione", "species": "Phione", "speciesId": "phione", "gender": "N", "shiny": false, "level": 91, "moves": ["rest", "scald", "sleeptalk", "takeheart"], "ability": "Hydration", "evs": {"hp": 85, "atk": 0, "def": 85, "spa": 85, "spd": 85, "spe": 85}, "ivs": {"hp": 31, "atk": 0, "def": 31, "spa": 31, "spd": 31, "spe": 31}, "item": "Leftovers", "teraType": "Steel", "role": "Bulky Setup", "bvs": {"hp": 80, "atk": 80, "def": 80, "spa": 80, "spd": 80, "spe": 80}, "stats": {"hp": 293, "atk": 150, "def": 197, "spa": 197, "spd": 197, "spe": 197}, "types": ["Water"]}, "Kingdra": {"name": "Kingdra", "species": "Kingdra", "speciesId": "kingdra", "gender": "M", "shiny": false, "level": 84, "moves": ["outrage", "ironhead", "wavecrash", "dragondance"], "ability": "Sniper", "evs": {"hp": 85, "atk": 85, "def": 85, "spa": 85, "spd": 85, "spe": 85}, "ivs": {"hp": 31, "atk": 31, "def": 31, "spa": 31, "spd": 31, "spe": 31}, "item": "Lum Berry", "teraType": "Steel", "role": "Fast Bulky Setup", "bvs": {"hp": 75, "atk": 95, "def": 95, "spa": 95, "spd": 95, "spe": 85}, "stats": {"hp": 263, "atk": 208, "def": 208, "spa": 208, "spd": 208, "spe": 191}, "types": ["Water", "Dragon"]}, "Hitmonchan": {"name": "Hitmonchan", "species": "Hitmonchan", "speciesId": "hitmonchan", "gender": "M", "shiny": false, "level": 87, "moves": ["bulkup", "knockoff", "drainpunch", "rapidspin"], "ability": "Iron Fist", "evs": {"hp": 85, "atk": 85, "def": 85, "spa": 85, "spd": 85, "spe": 85}, "ivs": {"hp": 31, "atk": 31, "def": 31, "spa": 31, "spd": 31, "spe": 31}, "item": "Leftovers", "teraType": "Dark", "role": "Bulky Setup", "bvs": {"hp": 50, "atk": 105, "def": 79, "spa": 35, "spd": 110, "spe": 76}, "stats": {"hp": 229, "atk": 232, "def": 187, "spa": 111, "spd": 241, "spe": 182}, "types": ["Fighting"]}, "Mewtwo": {"name": "Mewtwo", "species": "Mewtwo", "speciesId": "mewtwo", "gender": "N", "shiny": false, "level": 72, "moves": ["darkpulse", "nastyplot", "fireblast", "psystrike"], "ability": "Pressure", "evs": {"hp": 85, "atk": 0, "def": 85, "spa": 85, "spd": 85, "spe": 85}, "ivs": {"hp": 31, "atk": 0, "def": 31, "spa": 31, "spd": 31, "spe": 31}, "item": "Life Orb", "teraType": "Fire", "role": "Setup Sweeper", "bvs": {"hp": 106, "atk": 110, "def": 90, "spa": 154, "spd": 90, "spe": 130}, "stats": {"hp": 272, "atk": 163, "def": 172, "spa": 264, "spd": 172, "spe": 229}, "types": ["Psychic"]}, "Magnezone": {"name": "Magnezone", "species": "Magnezone", "speciesId": "magnezone", "gender": "N", "shiny": false, "level": 85, "moves": ["bodypress", "voltswitch", "flashcannon", "discharge"], "ability": "Analytic", "evs": {"hp": 85, "atk": 0, "def": 85, "spa": 85, "spd": 85, "spe": 85}, "ivs": {"hp": 31, "atk": 0, "def": 31, "spa": 31, "spd": 31, "spe": 31}, "item": "Assault Vest", "teraType": "Flying", "role": "AV Pivot", "bvs": {"hp": 70, "atk": 70, "def": 115, "spa": 130, "spd": 90, "spe": 60}, "stats": {"hp": 258, "atk": 124, "def": 244, "spa": 270, "spd": 202, "spe": 151}, "types": ["Electric", "Steel"]}}]}