{"id": "gen9randombattle-2631938185", "format": "[Gen 9] Random Battle", "players": ["saravanasha", "NotAllThatEvil"], "log": "|j|\u2606saravanasha\n|j|\u2606NotAllThatEvil\n|t:|1781457713\n|gametype|singles\n|player|p1|saravanasha|n|1368\n|player|p2|NotAllThatEvil|veteran|1321\n|gen|9\n|tier|[Gen 9] Random Battle\n|rated|\n|rule|Species Clause: Limit one of each Pok\u00e9mon\n|rule|HP Percentage Mod: HP is shown in percentages\n|rule|Sleep Clause Mod: Limit one foe put to sleep\n|rule|Illusion Level Mod: Illusion disguises the Pok\u00e9mon's true level\n|\n|t:|1781457713\n|teamsize|p1|6\n|teamsize|p2|6\n|start\n|switch|p1a: Cinccino|Cinccino, L83, M|260/260\n|switch|p2a: Corviknight|Corviknight, L80, F|288/288\n|-ability|p2a: Corviknight|Pressure\n|turn|1\n|inactive|Battle timer is ON: inactive players will automatically lose when time's up. (requested by NotAllThatEvil)\n|\n|t:|1781457730\n|move|p1a: Cinccino|Triple Axel|p2a: Corviknight\n|-damage|p2a: Corviknight|267/288\n|-damage|p1a: Cinccino|217/260|[from] item: Rocky Helmet|[of] p2a: Corviknight\n|-damage|p2a: Corviknight|226/288\n|-damage|p1a: Cinccino|174/260|[from] item: Rocky Helmet|[of] p2a: Corviknight\n|-damage|p2a: Corviknight|164/288\n|-damage|p1a: Cinccino|131/260|[from] item: Rocky Helmet|[of] p2a: Corviknight\n|-hitcount|p2a: Corviknight|3\n|move|p2a: Corviknight|Body Press|p1a: Cinccino\n|-supereffective|p1a: Cinccino\n|-damage|p1a: Cinccino|0 fnt\n|faint|p1a: Cinccino\n|\n|upkeep\n|\n|t:|1781457745\n|switch|p1a: Moltres|Moltres, L81|278/278\n|turn|2\n|\n|t:|1781457753\n|switch|p2a: Barraskewda|Barraskewda, L81, F|231/231\n|move|p1a: Moltres|Fire Blast|p2a: Barraskewda\n|-resisted|p2a: Barraskewda\n|-damage|p2a: Barraskewda|132/231\n|\n|upkeep\n|turn|3\n|l|\u2606saravanasha\n|inactive|saravanasha disconnected and has a minute to reconnect!\n|player|p1|\n|inactive|saravanasha has 30 seconds to reconnect!\n|inactive|saravanasha has 20 seconds to reconnect!\n|inactive|saravanasha has 15 seconds to reconnect!\n|inactive|saravanasha has 10 seconds to reconnect!\n|inactive|saravanasha has 5 seconds to reconnect!\n|-message|saravanasha lost due to inactivity.\n|\n|win|NotAllThatEvil\n|raw|saravanasha's rating: 1368 &rarr; <strong>1345</strong><br />(-23 for losing)\n|raw|NotAllThatEvil's rating: 1321 &rarr; <strong>1344</strong><br />(+23 for winning)\n", "inputlog": ">version a8376a258c1d4662feba110a92103f3664a72141\n>start {\"formatid\":\"gen9randombattle\",\"seed\":\"sodium,39b28edec0e3317f5b85f707933cd347\",\"rated\":\"Rated battle\"}\n>player p1 {\"name\":\"saravanasha\",\"avatar\":\"n\",\"rating\":1368,\"seed\":\"sodium,56cb8890be801c58fa87831cfaed1edb\"}\n>player p2 {\"name\":\"NotAllThatEvil\",\"avatar\":\"veteran\",\"rating\":1321,\"seed\":\"sodium,93740a8955d68fa76aa2a79119429f61\"}\n>p1 move tripleaxel\n>p2 move bodypress\n>p1 switch 6\n>p1 move fireblast\n>p2 switch 2\n>forcelose p1", "uploadtime": 1781457827, "views": 3, "formatid": "gen9randombattle", "rating": 1344, "private": 0, "password": null}