{"id": "gen9randombattle-2631857234", "format": "[Gen 9] Random Battle", "players": ["Matuidi14", "grabschaender"], "log": "|j|\u2606Matuidi14\n|j|\u2606grabschaender\n|t:|1781448799\n|gametype|singles\n|player|p1|Matuidi14|clown|2242\n|player|p2|grabschaender|candice|2290\n|gen|9\n|tier|[Gen 9] Random Battle\n|rated|\n|rule|Species Clause: Limit one of each Pok\u00e9mon\n|rule|HP Percentage Mod: HP is shown in percentages\n|rule|Sleep Clause Mod: Limit one foe put to sleep\n|rule|Illusion Level Mod: Illusion disguises the Pok\u00e9mon's true level\n|\n|t:|1781448799\n|teamsize|p1|6\n|teamsize|p2|6\n|start\n|switch|p1a: Delphox|Delphox, L84, F|263/263\n|switch|p2a: Bastiodon|Bastiodon, L89, M|252/252\n|turn|1\n|inactive|Battle timer is ON: inactive players will automatically lose when time's up. (requested by Matuidi14)\n|\n|t:|1781448810\n|switch|p2a: Primarina|Primarina, L83, F|268/268\n|move|p1a: Delphox|Nasty Plot|p1a: Delphox\n|-boost|p1a: Delphox|spa|2\n|\n|upkeep\n|turn|2\n|\n|t:|1781448821\n|-terastallize|p1a: Delphox|Grass\n|move|p1a: Delphox|Psyshock|p2a: Primarina\n|-damage|p2a: Primarina|36/268\n|move|p2a: Primarina|Psychic Noise|p1a: Delphox\n|-resisted|p1a: Delphox\n|-damage|p1a: Delphox|218/263\n|-start|p1a: Delphox|move: Heal Block\n|\n|-heal|p2a: Primarina|52/268|[from] item: Leftovers\n|upkeep\n|turn|3\n|\n|t:|1781448834\n|move|p1a: Delphox|Grass Knot|p2a: Primarina\n|-supereffective|p2a: Primarina\n|-damage|p2a: Primarina|0 fnt\n|faint|p2a: Primarina\n|\n|-end|p1a: Delphox|move: Heal Block\n|upkeep\n|\n|t:|1781448837\n|switch|p2a: Dipplin|Dipplin, L88, M|284/284\n|turn|4\n|\n|t:|1781448841\n|move|p1a: Delphox|Fire Blast|p2a: Dipplin\n|-damage|p2a: Dipplin|118/284\n|move|p2a: Dipplin|Dragon Pulse|p1a: Delphox\n|-damage|p1a: Delphox|127/263\n|\n|upkeep\n|turn|5\n|\n|t:|1781448846\n|move|p2a: Dipplin|Sucker Punch|p1a: Delphox\n|-damage|p1a: Delphox|69/263\n|move|p1a: Delphox|Psyshock|p2a: Dipplin\n|-damage|p2a: Dipplin|10/284\n|\n|upkeep\n|turn|6\n|\n|t:|1781448850\n|move|p2a: Dipplin|Sucker Punch|p1a: Delphox\n|-damage|p1a: Delphox|16/263\n|move|p1a: Delphox|Grass Knot|p2a: Dipplin\n|-resisted|p2a: Dipplin\n|-damage|p2a: Dipplin|1/284\n|\n|upkeep\n|turn|7\n|\n|t:|1781448852\n|move|p2a: Dipplin|Sucker Punch||[still]\n|-fail|p2a: Dipplin\n|move|p1a: Delphox|Nasty Plot|p1a: Delphox\n|-boost|p1a: Delphox|spa|2\n|\n|upkeep\n|turn|8\n|\n|t:|1781448854\n|move|p2a: Dipplin|Sucker Punch|p1a: Delphox\n|-damage|p1a: Delphox|0 fnt\n|faint|p1a: Delphox\n|\n|upkeep\n|\n|t:|1781448860\n|switch|p1a: Salamence|Salamence, L77, F|273/273\n|turn|9\n|\n|t:|1781448867\n|switch|p2a: Cloyster|Cloyster, L80, F|211/211\n|move|p1a: Salamence|Dual Wingbeat|p2a: Cloyster|[miss]\n|-miss|p1a: Salamence|p2a: Cloyster\n|\n|upkeep\n|turn|10\n|\n|t:|1781448871\n|switch|p1a: Spiritomb|Spiritomb, L89, F|234/234\n|move|p2a: Cloyster|Shell Smash|p2a: Cloyster\n|-unboost|p2a: Cloyster|def|1\n|-unboost|p2a: Cloyster|spd|1\n|-boost|p2a: Cloyster|atk|2\n|-boost|p2a: Cloyster|spa|2\n|-boost|p2a: Cloyster|spe|2\n|-enditem|p2a: Cloyster|White Herb\n|-clearnegativeboost|p2a: Cloyster|[silent]\n|\n|upkeep\n|turn|11\n|\n|t:|1781448882\n|move|p2a: Cloyster|Icicle Spear|p1a: Spiritomb\n|-damage|p1a: Spiritomb|198/234\n|-damage|p1a: Spiritomb|156/234\n|-damage|p1a: Spiritomb|113/234\n|-damage|p1a: Spiritomb|76/234\n|-damage|p1a: Spiritomb|37/234\n|-hitcount|p1a: Spiritomb|5\n|move|p1a: Spiritomb|Pain Split|p2a: Cloyster\n|-sethp|p2a: Cloyster|124/211|[from] move: Pain Split|[silent]\n|-sethp|p1a: Spiritomb|124/234|[from] move: Pain Split\n|\n|-heal|p1a: Spiritomb|138/234|[from] item: Leftovers\n|upkeep\n|turn|12\n|\n|t:|1781448894\n|move|p1a: Spiritomb|Sucker Punch|p2a: Cloyster\n|-damage|p2a: Cloyster|81/211\n|move|p2a: Cloyster|Icicle Spear|p1a: Spiritomb\n|-damage|p1a: Spiritomb|96/234\n|-damage|p1a: Spiritomb|54/234\n|-damage|p1a: Spiritomb|15/234\n|-damage|p1a: Spiritomb|0 fnt\n|faint|p1a: Spiritomb\n|-hitcount|p1: Spiritomb|4\n|\n|upkeep\n|\n|t:|1781448897\n|switch|p1a: Snorlax|Snorlax, L82, M|397/397\n|turn|13\n|\n|t:|1781448901\n|move|p2a: Cloyster|Rock Blast|p1a: Snorlax\n|-crit|p1a: Snorlax\n|-damage|p1a: Snorlax|333/397\n|-damage|p1a: Snorlax|292/397\n|-damage|p1a: Snorlax|249/397\n|-damage|p1a: Snorlax|208/397\n|-damage|p1a: Snorlax|165/397\n|-hitcount|p1a: Snorlax|5\n|move|p1a: Snorlax|Body Slam|p2a: Cloyster\n|-damage|p2a: Cloyster|21/211\n|\n|-heal|p1a: Snorlax|189/397|[from] item: Leftovers\n|upkeep\n|turn|14\n|\n|t:|1781448904\n|move|p2a: Cloyster|Rock Blast|p1a: Snorlax\n|-damage|p1a: Snorlax|150/397\n|-damage|p1a: Snorlax|105/397\n|-crit|p1a: Snorlax\n|-damage|p1a: Snorlax|45/397\n|-damage|p1a: Snorlax|7/397\n|-damage|p1a: Snorlax|0 fnt\n|faint|p1a: Snorlax\n|-hitcount|p1: Snorlax|5\n|\n|upkeep\n|\n|t:|1781448906\n|switch|p1a: Medicham|Medicham, L86, F|243/243\n|turn|15\n|\n|t:|1781448910\n|move|p2a: Cloyster|Icicle Spear|p1a: Medicham\n|-damage|p1a: Medicham|188/243\n|-damage|p1a: Medicham|130/243\n|-damage|p1a: Medicham|79/243\n|-damage|p1a: Medicham|25/243\n|-damage|p1a: Medicham|0 fnt\n|faint|p1a: Medicham\n|-hitcount|p1: Medicham|5\n|\n|upkeep\n|-message|Matuidi14 forfeited.\n|\n|win|grabschaender\n", "inputlog": ">version a8376a258c1d4662feba110a92103f3664a72141\n>start {\"formatid\":\"gen9randombattle\",\"seed\":\"sodium,48853c76e232e684a65a232db4c51b3f\",\"rated\":\"Rated battle\"}\n>player p1 {\"name\":\"Matuidi14\",\"avatar\":\"clown\",\"rating\":2242,\"seed\":\"sodium,433ab3322fe0d5700bd257d97a8a6f53\"}\n>player p2 {\"name\":\"grabschaender\",\"avatar\":\"candice\",\"rating\":2290,\"seed\":\"sodium,cb544a11538d25ee0af9d4fd3765c2f9\"}\n>p1 move nastyplot\n>p2 switch 2\n>p1 move psyshock terastallize\n>p2 move psychicnoise\n>p1 move grassknot\n>p2 move moonblast\n>p2 switch 3\n>p1 move fireblast\n>p2 move dragonpulse\n>p1 move psyshock\n>p2 move suckerpunch\n>p1 move grassknot\n>p2 move suckerpunch\n>p1 move nastyplot\n>p2 move suckerpunch\n>p1 move psyshock\n>p2 move suckerpunch\n>p1 switch 2\n>p1 move dualwingbeat\n>p2 switch 5\n>p1 switch 4\n>p2 move shellsmash\n>p1 move painsplit\n>p2 move iciclespear\n>p1 move suckerpunch\n>p2 move iciclespear\n>p1 switch 3\n>p1 move bodyslam\n>p2 move rockblast\n>p1 move bodyslam\n>p2 move rockblast\n>p1 switch 5\n>p1 move closecombat\n>p2 move iciclespear\n>forcelose p1", "uploadtime": 1781448801, "views": 6, "formatid": "gen9randombattle", "rating": null, "private": 0, "password": null, "player_dets": [{"name": "Matuidi14", "avatar": "clown", "rating": 2242, "seed": "sodium,433ab3322fe0d5700bd257d97a8a6f53"}, {"name": "grabschaender", "avatar": "candice", "rating": 2290, "seed": "sodium,cb544a11538d25ee0af9d4fd3765c2f9"}], "teams_full": [{"Delphox": {"name": "Delphox", "species": "Delphox", "speciesId": "delphox", "gender": "F", "shiny": false, "level": 84, "moves": ["nastyplot", "fireblast", "psyshock", "grassknot"], "ability": "Blaze", "evs": {"hp": 85, "atk": 0, "def": 85, "spa": 85, "spd": 85, "spe": 85}, "ivs": {"hp": 31, "atk": 0, "def": 31, "spa": 31, "spd": 31, "spe": 31}, "item": "Heavy-Duty Boots", "teraType": "Grass", "role": "Fast Attacker", "bvs": {"hp": 75, "atk": 69, "def": 72, "spa": 114, "spd": 100, "spe": 104}, "stats": {"hp": 263, "atk": 120, "def": 169, "spa": 240, "spd": 216, "spe": 223}, "types": ["Fire", "Psychic"]}, "Salamence": {"name": "Salamence", "species": "Salamence", "speciesId": "salamence", "gender": "F", "shiny": false, "level": 77, "moves": ["roost", "outrage", "dualwingbeat", "dragondance"], "ability": "Moxie", "evs": {"hp": 85, "atk": 85, "def": 85, "spa": 85, "spd": 85, "spe": 85}, "ivs": {"hp": 31, "atk": 31, "def": 31, "spa": 31, "spd": 31, "spe": 31}, "item": "Heavy-Duty Boots", "teraType": "Steel", "role": "Setup Sweeper", "bvs": {"hp": 95, "atk": 135, "def": 80, "spa": 110, "spd": 80, "spe": 100}, "stats": {"hp": 273, "atk": 252, "def": 168, "spa": 214, "spd": 168, "spe": 199}, "types": ["Dragon", "Flying"]}, "Snorlax": {"name": "Snorlax", "species": "Snorlax", "speciesId": "snorlax", "gender": "M", "shiny": false, "level": 82, "moves": ["curse", "bodyslam", "earthquake", "crunch"], "ability": "Thick Fat", "evs": {"hp": 85, "atk": 85, "def": 85, "spa": 85, "spd": 85, "spe": 85}, "ivs": {"hp": 31, "atk": 31, "def": 31, "spa": 31, "spd": 31, "spe": 31}, "item": "Leftovers", "teraType": "Ground", "role": "Bulky Setup", "bvs": {"hp": 160, "atk": 110, "def": 65, "spa": 65, "spd": 110, "spe": 30}, "stats": {"hp": 397, "atk": 228, "def": 154, "spa": 154, "spd": 228, "spe": 96}, "types": ["Normal"]}, "Spiritomb": {"name": "Spiritomb", "species": "Spiritomb", "speciesId": "spiritomb", "gender": "F", "shiny": false, "level": 89, "moves": ["painsplit", "foulplay", "poltergeist", "suckerpunch"], "ability": "Infiltrator", "evs": {"hp": 85, "atk": 85, "def": 85, "spa": 85, "spd": 85, "spe": 85}, "ivs": {"hp": 31, "atk": 31, "def": 31, "spa": 31, "spd": 31, "spe": 31}, "item": "Leftovers", "teraType": "Ghost", "role": "Bulky Support", "bvs": {"hp": 50, "atk": 92, "def": 108, "spa": 92, "spd": 108, "spe": 35}, "stats": {"hp": 234, "atk": 215, "def": 243, "spa": 215, "spd": 243, "spe": 113}, "types": ["Ghost", "Dark"]}, "Medicham": {"name": "Medicham", "species": "Medicham", "speciesId": "medicham", "gender": "F", "shiny": false, "level": 86, "moves": ["zenheadbutt", "poisonjab", "trick", "closecombat"], "ability": "Pure Power", "evs": {"hp": 85, "atk": 85, "def": 85, "spa": 85, "spd": 85, "spe": 85}, "ivs": {"hp": 31, "atk": 31, "def": 31, "spa": 31, "spd": 31, "spe": 31}, "item": "Choice Scarf", "teraType": "Fighting", "role": "Fast Attacker", "bvs": {"hp": 60, "atk": 60, "def": 75, "spa": 60, "spd": 75, "spe": 80}, "stats": {"hp": 243, "atk": 152, "def": 178, "spa": 152, "spd": 178, "spe": 187}, "types": ["Fighting", "Psychic"]}, "Chi-Yu": {"name": "Chi-Yu", "species": "Chi-Yu", "speciesId": "chiyu", "gender": "N", "shiny": false, "level": 77, "moves": ["willowisp", "nastyplot", "fireblast", "darkpulse"], "ability": "Beads of Ruin", "evs": {"hp": 85, "atk": 0, "def": 85, "spa": 85, "spd": 85, "spe": 85}, "ivs": {"hp": 31, "atk": 0, "def": 31, "spa": 31, "spd": 31, "spe": 31}, "item": "Heavy-Duty Boots", "teraType": "Fire", "role": "Setup Sweeper", "bvs": {"hp": 55, "atk": 80, "def": 80, "spa": 135, "spd": 120, "spe": 100}, "stats": {"hp": 211, "atk": 128, "def": 168, "spa": 252, "spd": 229, "spe": 199}, "types": ["Dark", "Fire"]}}, {"Bastiodon": {"name": "Bastiodon", "species": "Bastiodon", "speciesId": "bastiodon", "gender": "M", "shiny": false, "level": 89, "moves": ["rest", "bodypress", "irondefense", "foulplay"], "ability": "Soundproof", "evs": {"hp": 85, "atk": 0, "def": 85, "spa": 85, "spd": 85, "spe": 85}, "ivs": {"hp": 31, "atk": 0, "def": 31, "spa": 31, "spd": 31, "spe": 31}, "item": "Chesto Berry", "teraType": "Fighting", "role": "Bulky Setup", "bvs": {"hp": 60, "atk": 52, "def": 168, "spa": 47, "spd": 138, "spe": 30}, "stats": {"hp": 252, "atk": 97, "def": 350, "spa": 134, "spd": 296, "spe": 104}, "types": ["Rock", "Steel"]}, "Primarina": {"name": "Primarina", "species": "Primarina", "speciesId": "primarina", "gender": "F", "shiny": false, "level": 83, "moves": ["drainingkiss", "calmmind", "moonblast", "psychicnoise"], "ability": "Liquid Voice", "evs": {"hp": 85, "atk": 0, "def": 85, "spa": 85, "spd": 85, "spe": 85}, "ivs": {"hp": 31, "atk": 0, "def": 31, "spa": 31, "spd": 31, "spe": 31}, "item": "Leftovers", "teraType": "Poison", "role": "Bulky Setup", "bvs": {"hp": 80, "atk": 74, "def": 74, "spa": 126, "spd": 116, "spe": 60}, "stats": {"hp": 268, "atk": 127, "def": 171, "spa": 257, "spd": 240, "spe": 147}, "types": ["Water", "Fairy"]}, "Dipplin": {"name": "Dipplin", "species": "Dipplin", "speciesId": "dipplin", "gender": "M", "shiny": false, "level": 88, "moves": ["recover", "suckerpunch", "dragonpulse", "gigadrain"], "ability": "Sticky Hold", "evs": {"hp": 85, "atk": 85, "def": 85, "spa": 85, "spd": 85, "spe": 85}, "ivs": {"hp": 31, "atk": 31, "def": 31, "spa": 31, "spd": 31, "spe": 31}, "item": "Eviolite", "teraType": "Steel", "role": "Bulky Attacker", "bvs": {"hp": 80, "atk": 80, "def": 110, "spa": 95, "spd": 80, "spe": 40}, "stats": {"hp": 284, "atk": 191, "def": 244, "spa": 217, "spd": 191, "spe": 121}, "types": ["Grass", "Dragon"]}, "Banette": {"name": "Banette", "species": "Banette", "speciesId": "banette", "gender": "F", "shiny": false, "level": 93, "moves": ["shadowsneak", "swordsdance", "gunkshot", "poltergeist"], "ability": "Cursed Body", "evs": {"hp": 85, "atk": 85, "def": 85, "spa": 85, "spd": 85, "spe": 85}, "ivs": {"hp": 31, "atk": 31, "def": 31, "spa": 31, "spd": 31, "spe": 31}, "item": "Life Orb", "teraType": "Ghost", "role": "Wallbreaker", "bvs": {"hp": 64, "atk": 115, "def": 65, "spa": 83, "spd": 63, "spe": 65}, "stats": {"hp": 270, "atk": 267, "def": 174, "spa": 207, "spd": 170, "spe": 174}, "types": ["Ghost"]}, "Cloyster": {"name": "Cloyster", "species": "Cloyster", "speciesId": "cloyster", "gender": "F", "shiny": false, "level": 80, "moves": ["rockblast", "drillrun", "shellsmash", "iciclespear"], "ability": "Skill Link", "evs": {"hp": 85, "atk": 85, "def": 85, "spa": 85, "spd": 85, "spe": 85}, "ivs": {"hp": 31, "atk": 31, "def": 31, "spa": 31, "spd": 31, "spe": 31}, "item": "White Herb", "teraType": "Ground", "role": "Fast Attacker", "bvs": {"hp": 50, "atk": 95, "def": 180, "spa": 85, "spd": 45, "spe": 70}, "stats": {"hp": 211, "atk": 198, "def": 334, "spa": 182, "spd": 118, "spe": 158}, "types": ["Water", "Ice"]}, "Dialga": {"name": "Dialga", "species": "Dialga-Origin", "speciesId": "dialgaorigin", "gender": "N", "shiny": false, "level": 73, "moves": ["stealthrock", "flashcannon", "dracometeor", "fireblast"], "ability": "Pressure", "evs": {"hp": 85, "atk": 0, "def": 85, "spa": 85, "spd": 85, "spe": 85}, "ivs": {"hp": 31, "atk": 0, "def": 31, "spa": 31, "spd": 31, "spe": 31}, "item": "Adamant Crystal", "teraType": "Steel", "role": "Fast Attacker", "bvs": {"hp": 100, "atk": 100, "def": 120, "spa": 150, "spd": 120, "spe": 90}, "stats": {"hp": 266, "atk": 151, "def": 218, "spa": 261, "spd": 218, "spe": 174}, "types": ["Steel", "Dragon"]}}]}