{"id": "gen9randombattle-2631986896", "format": "[Gen 9] Random Battle", "players": ["zlendic", "321bogwater"], "log": "|j|\u2606zlendic\n|j|\u2606321bogwater\n|t:|1781463036\n|gametype|singles\n|player|p1|zlendic|fisherman-gen4|1069\n|player|p2|321bogwater|lyra|1074\n|gen|9\n|tier|[Gen 9] Random Battle\n|rated|\n|rule|Species Clause: Limit one of each Pok\u00e9mon\n|rule|HP Percentage Mod: HP is shown in percentages\n|rule|Sleep Clause Mod: Limit one foe put to sleep\n|rule|Illusion Level Mod: Illusion disguises the Pok\u00e9mon's true level\n|\n|t:|1781463036\n|teamsize|p1|6\n|teamsize|p2|6\n|start\n|switch|p1a: Dragapult|Dragapult, L77, M|262/262\n|switch|p2a: Diancie|Diancie, L82|216/216\n|turn|1\n|\n|t:|1781463046\n|move|p1a: Dragapult|Shadow Ball|p2a: Diancie\n|-damage|p2a: Diancie|143/216\n|move|p2a: Diancie|Draining Kiss|p1a: Dragapult\n|-supereffective|p1a: Dragapult\n|-damage|p1a: Dragapult|142/262\n|-heal|p2a: Diancie|216/216|[from] drain|[of] p1a: Dragapult\n|\n|upkeep\n|turn|2\n|\n|t:|1781463068\n|move|p1a: Dragapult|Shadow Ball|p2a: Diancie\n|-damage|p2a: Diancie|135/216\n|move|p2a: Diancie|Draining Kiss|p1a: Dragapult\n|-supereffective|p1a: Dragapult\n|-damage|p1a: Dragapult|8/262\n|-heal|p2a: Diancie|216/216|[from] drain|[of] p1a: Dragapult\n|\n|upkeep\n|turn|3\n|-message|321bogwater forfeited.\n|\n|win|zlendic\n|raw|zlendic's rating: 1069 &rarr; <strong>1099</strong><br />(+30 for winning)\n|raw|321bogwater's rating: 1074 &rarr; <strong>1053</strong><br />(-21 for losing)\n|l|\u2606321bogwater\n|player|p2|\n", "inputlog": ">version a8376a258c1d4662feba110a92103f3664a72141\n>start {\"formatid\":\"gen9randombattle\",\"seed\":\"sodium,d08f062c812a97053e5be3c3f9440143\",\"rated\":\"Rated battle\"}\n>player p1 {\"name\":\"zlendic\",\"avatar\":\"fisherman-gen4\",\"rating\":1069,\"seed\":\"sodium,9bb08d6f6d12af55495e8bd0aaa7059a\"}\n>player p2 {\"name\":\"321bogwater\",\"avatar\":\"lyra\",\"rating\":1074,\"seed\":\"sodium,3366db0c71d6eb0e51f87e086b102841\"}\n>p1 move shadowball\n>p2 move drainingkiss\n>p1 move shadowball\n>p2 move drainingkiss\n>forcelose p2", "uploadtime": 1781463087, "views": 5, "formatid": "gen9randombattle", "rating": 1053, "private": 0, "password": null}