{"id": "gen9randombattle-2631816881", "format": "[Gen 9] Random Battle", "players": ["Hectorham219", "Srcall"], "log": "|j|\u2606Hectorham219\n|j|\u2606Srcall\n|t:|1781443853\n|gametype|singles\n|player|p1|Hectorham219|266|1454\n|player|p2|Srcall|emmet|1474\n|gen|9\n|tier|[Gen 9] Random Battle\n|rated|\n|rule|Species Clause: Limit one of each Pok\u00e9mon\n|rule|HP Percentage Mod: HP is shown in percentages\n|rule|Sleep Clause Mod: Limit one foe put to sleep\n|rule|Illusion Level Mod: Illusion disguises the Pok\u00e9mon's true level\n|\n|t:|1781443853\n|teamsize|p1|6\n|teamsize|p2|6\n|start\n|switch|p1a: Charizard|Charizard, L85, M|271/271\n|switch|p2a: Vivillon|Vivillon-Polar, L83, M|268/268\n|turn|1\n|\n|t:|1781443886\n|switch|p2a: Deoxys|Deoxys-Defense, L84|221/221\n|-ability|p2a: Deoxys|Pressure\n|move|p1a: Charizard|Flare Blitz|p2a: Deoxys\n|-damage|p2a: Deoxys|151/221\n|-damage|p1a: Charizard|248/271|[from] Recoil\n|\n|-heal|p2a: Deoxys|164/221|[from] item: Leftovers\n|upkeep\n|turn|2\n|\n|t:|1781443896\n|switch|p1a: Electivire|Electivire, L84, F|263/263\n|move|p2a: Deoxys|Cosmic Power|p2a: Deoxys\n|-boost|p2a: Deoxys|def|1\n|-boost|p2a: Deoxys|spd|1\n|\n|-heal|p2a: Deoxys|177/221|[from] item: Leftovers\n|upkeep\n|turn|3\n|\n|t:|1781443901\n|move|p1a: Electivire|Supercell Slam|p2a: Deoxys\n|-damage|p2a: Deoxys|107/221\n|-damage|p1a: Electivire|237/263|[from] item: Life Orb\n|move|p2a: Deoxys|Cosmic Power|p2a: Deoxys\n|-boost|p2a: Deoxys|def|1\n|-boost|p2a: Deoxys|spd|1\n|\n|-heal|p2a: Deoxys|120/221|[from] item: Leftovers\n|upkeep\n|turn|4\n|\n|t:|1781443924\n|switch|p1a: Pecharunt|Pecharunt, L77|262/262\n|move|p2a: Deoxys|Recover|p2a: Deoxys\n|-heal|p2a: Deoxys|221/221\n|\n|upkeep\n|turn|5\n|inactive|Battle timer is ON: inactive players will automatically lose when time's up. (requested by Srcall)\n|\n|t:|1781443939\n|-terastallize|p2a: Deoxys|Steel\n|-terastallize|p1a: Pecharunt|Dark\n|move|p2a: Deoxys|Cosmic Power|p2a: Deoxys\n|-boost|p2a: Deoxys|def|1\n|-boost|p2a: Deoxys|spd|1\n|move|p1a: Pecharunt|Malignant Chain|p2a: Deoxys\n|-immune|p2a: Deoxys\n|\n|upkeep\n|turn|6\n|\n|t:|1781443952\n|move|p2a: Deoxys|Night Shade|p1a: Pecharunt\n|-damage|p1a: Pecharunt|178/262\n|move|p1a: Pecharunt|Shadow Ball|p2a: Deoxys\n|-damage|p2a: Deoxys|205/221\n|\n|-heal|p2a: Deoxys|218/221|[from] item: Leftovers\n|-heal|p1a: Pecharunt|194/262|[from] item: Leftovers\n|upkeep\n|turn|7\n|\n|t:|1781443958\n|move|p2a: Deoxys|Night Shade|p1a: Pecharunt\n|-damage|p1a: Pecharunt|110/262\n|move|p1a: Pecharunt|Shadow Ball|p2a: Deoxys\n|-crit|p2a: Deoxys\n|-damage|p2a: Deoxys|155/221\n|\n|-heal|p2a: Deoxys|168/221|[from] item: Leftovers\n|-heal|p1a: Pecharunt|126/262|[from] item: Leftovers\n|upkeep\n|turn|8\n|\n|t:|1781443964\n|move|p2a: Deoxys|Cosmic Power|p2a: Deoxys\n|-boost|p2a: Deoxys|def|1\n|-boost|p2a: Deoxys|spd|1\n|move|p1a: Pecharunt|Recover|p1a: Pecharunt\n|-heal|p1a: Pecharunt|257/262\n|\n|-heal|p2a: Deoxys|181/221|[from] item: Leftovers\n|-heal|p1a: Pecharunt|262/262|[from] item: Leftovers\n|upkeep\n|turn|9\n|\n|t:|1781443968\n|move|p2a: Deoxys|Cosmic Power|p2a: Deoxys\n|-boost|p2a: Deoxys|def|1\n|-boost|p2a: Deoxys|spd|1\n|move|p1a: Pecharunt|Shadow Ball|p2a: Deoxys\n|-damage|p2a: Deoxys|168/221\n|\n|-heal|p2a: Deoxys|181/221|[from] item: Leftovers\n|upkeep\n|turn|10\n|\n|t:|1781443970\n|move|p2a: Deoxys|Cosmic Power|p2a: Deoxys\n|-boost|p2a: Deoxys|def|1\n|-boost|p2a: Deoxys|spd|1\n|move|p1a: Pecharunt|Shadow Ball|p2a: Deoxys\n|-damage|p2a: Deoxys|169/221\n|\n|-heal|p2a: Deoxys|182/221|[from] item: Leftovers\n|upkeep\n|turn|11\n|\n|t:|1781443974\n|move|p2a: Deoxys|Night Shade|p1a: Pecharunt\n|-damage|p1a: Pecharunt|178/262\n|move|p1a: Pecharunt|Shadow Ball|p2a: Deoxys\n|-damage|p2a: Deoxys|170/221\n|\n|-heal|p2a: Deoxys|183/221|[from] item: Leftovers\n|-heal|p1a: Pecharunt|194/262|[from] item: Leftovers\n|upkeep\n|turn|12\n|\n|t:|1781443977\n|move|p2a: Deoxys|Night Shade|p1a: Pecharunt\n|-damage|p1a: Pecharunt|110/262\n|move|p1a: Pecharunt|Shadow Ball|p2a: Deoxys\n|-damage|p2a: Deoxys|171/221\n|-unboost|p2a: Deoxys|spd|1\n|\n|-heal|p2a: Deoxys|184/221|[from] item: Leftovers\n|-heal|p1a: Pecharunt|126/262|[from] item: Leftovers\n|upkeep\n|turn|13\n|\n|t:|1781443981\n|move|p2a: Deoxys|Night Shade|p1a: Pecharunt\n|-damage|p1a: Pecharunt|42/262\n|move|p1a: Pecharunt|Recover|p1a: Pecharunt\n|-heal|p1a: Pecharunt|173/262\n|\n|-heal|p2a: Deoxys|197/221|[from] item: Leftovers\n|-heal|p1a: Pecharunt|189/262|[from] item: Leftovers\n|upkeep\n|turn|14\n|\n|t:|1781443983\n|move|p2a: Deoxys|Night Shade|p1a: Pecharunt\n|-damage|p1a: Pecharunt|105/262\n|move|p1a: Pecharunt|Recover|p1a: Pecharunt\n|-heal|p1a: Pecharunt|236/262\n|\n|-heal|p2a: Deoxys|210/221|[from] item: Leftovers\n|-heal|p1a: Pecharunt|252/262|[from] item: Leftovers\n|upkeep\n|turn|15\n|\n|t:|1781443985\n|move|p2a: Deoxys|Night Shade|p1a: Pecharunt\n|-damage|p1a: Pecharunt|168/262\n|move|p1a: Pecharunt|Shadow Ball|p2a: Deoxys\n|-damage|p2a: Deoxys|198/221\n|\n|-heal|p2a: Deoxys|211/221|[from] item: Leftovers\n|-heal|p1a: Pecharunt|184/262|[from] item: Leftovers\n|upkeep\n|turn|16\n|inactive|Hectorham219 has 120 seconds left.\n|\n|t:|1781444027\n|move|p2a: Deoxys|Night Shade|p1a: Pecharunt\n|-damage|p1a: Pecharunt|100/262\n|move|p1a: Pecharunt|Shadow Ball|p2a: Deoxys\n|-damage|p2a: Deoxys|198/221\n|\n|-heal|p2a: Deoxys|211/221|[from] item: Leftovers\n|-heal|p1a: Pecharunt|116/262|[from] item: Leftovers\n|upkeep\n|turn|17\n|\n|t:|1781444031\n|move|p2a: Deoxys|Night Shade|p1a: Pecharunt\n|-damage|p1a: Pecharunt|32/262\n|move|p1a: Pecharunt|Recover|p1a: Pecharunt\n|-heal|p1a: Pecharunt|163/262\n|\n|-heal|p2a: Deoxys|221/221|[from] item: Leftovers\n|-heal|p1a: Pecharunt|179/262|[from] item: Leftovers\n|upkeep\n|turn|18\n|\n|t:|1781444034\n|move|p2a: Deoxys|Night Shade|p1a: Pecharunt\n|-damage|p1a: Pecharunt|95/262\n|move|p1a: Pecharunt|Recover|p1a: Pecharunt\n|-heal|p1a: Pecharunt|226/262\n|\n|-heal|p1a: Pecharunt|242/262|[from] item: Leftovers\n|upkeep\n|turn|19\n|inactive|Hectorham219 has 120 seconds left.\n|\n|t:|1781444066\n|switch|p1a: Victreebel|Victreebel, L90, M|290/290\n|move|p2a: Deoxys|Night Shade|p1a: Victreebel\n|-damage|p1a: Victreebel|206/290\n|\n|upkeep\n|turn|20\n|\n|t:|1781444074\n|move|p2a: Deoxys|Stored Power|p1a: Victreebel\n|-supereffective|p1a: Victreebel\n|-damage|p1a: Victreebel|0 fnt\n|faint|p1a: Victreebel\n|\n|upkeep\n|inactive|Hectorham219 has 90 seconds left.\n|\n|t:|1781444107\n|switch|p1a: Pecharunt|Pecharunt, L77, tera:Dark|242/262\n|turn|21\n|inactive|Hectorham219 has 90 seconds left.\n|\n|t:|1781444120\n|move|p2a: Deoxys|Night Shade|p1a: Pecharunt\n|-damage|p1a: Pecharunt|158/262\n|move|p1a: Pecharunt|Shadow Ball|p2a: Deoxys\n|-damage|p2a: Deoxys|208/221\n|-unboost|p2a: Deoxys|spd|1\n|\n|-heal|p2a: Deoxys|221/221|[from] item: Leftovers\n|-heal|p1a: Pecharunt|174/262|[from] item: Leftovers\n|upkeep\n|turn|22\n|\n|t:|1781444125\n|move|p2a: Deoxys|Night Shade|p1a: Pecharunt\n|-damage|p1a: Pecharunt|90/262\n|move|p1a: Pecharunt|Shadow Ball|p2a: Deoxys\n|-damage|p2a: Deoxys|208/221\n|\n|-heal|p2a: Deoxys|221/221|[from] item: Leftovers\n|-heal|p1a: Pecharunt|106/262|[from] item: Leftovers\n|upkeep\n|turn|23\n|\n|t:|1781444129\n|move|p2a: Deoxys|Cosmic Power|p2a: Deoxys\n|-boost|p2a: Deoxys|def|0\n|-boost|p2a: Deoxys|spd|1\n|move|p1a: Pecharunt|Recover|p1a: Pecharunt\n|-heal|p1a: Pecharunt|237/262\n|\n|-heal|p1a: Pecharunt|253/262|[from] item: Leftovers\n|upkeep\n|turn|24\n|\n|t:|1781444137\n|switch|p1a: Uxie|Uxie, L83|260/260\n|move|p2a: Deoxys|Cosmic Power|p2a: Deoxys\n|-boost|p2a: Deoxys|def|0\n|-boost|p2a: Deoxys|spd|1\n|\n|upkeep\n|turn|25\n|\n|t:|1781444141\n|move|p1a: Uxie|Encore|p2a: Deoxys\n|-start|p2a: Deoxys|Encore\n|move|p2a: Deoxys|Cosmic Power|p2a: Deoxys\n|-boost|p2a: Deoxys|def|0\n|-boost|p2a: Deoxys|spd|0\n|\n|upkeep\n|turn|26\n|\n|t:|1781444145\n|move|p1a: Uxie|Thunder Wave|p2a: Deoxys\n|-status|p2a: Deoxys|par\n|move|p2a: Deoxys|Cosmic Power|p2a: Deoxys\n|-boost|p2a: Deoxys|def|0\n|-boost|p2a: Deoxys|spd|0\n|\n|upkeep\n|turn|27\n|\n|t:|1781444150\n|move|p1a: Uxie|Psychic Noise|p2a: Deoxys\n|-resisted|p2a: Deoxys\n|-damage|p2a: Deoxys|216/221 par\n|-start|p2a: Deoxys|move: Heal Block\n|cant|p2a: Deoxys|par\n|\n|-end|p2a: Deoxys|Encore\n|upkeep\n|turn|28\n|\n|t:|1781444160\n|move|p1a: Uxie|Encore|p2a: Deoxys\n|-start|p2a: Deoxys|Encore\n|move|p2a: Deoxys|Cosmic Power|p2a: Deoxys\n|-boost|p2a: Deoxys|def|0\n|-boost|p2a: Deoxys|spd|0\n|\n|-end|p2a: Deoxys|move: Heal Block\n|upkeep\n|turn|29\n|\n|t:|1781444164\n|move|p1a: Uxie|Stealth Rock|p2a: Deoxys\n|-sidestart|p2: Srcall|move: Stealth Rock\n|move|p2a: Deoxys|Cosmic Power|p2a: Deoxys\n|-boost|p2a: Deoxys|def|0\n|-boost|p2a: Deoxys|spd|0\n|\n|-heal|p2a: Deoxys|221/221 par|[from] item: Leftovers\n|upkeep\n|turn|30\n|\n|t:|1781444178\n|move|p1a: Uxie|Psychic Noise|p2a: Deoxys\n|-resisted|p2a: Deoxys\n|-damage|p2a: Deoxys|215/221 par\n|-start|p2a: Deoxys|move: Heal Block\n|move|p2a: Deoxys|Cosmic Power|p2a: Deoxys\n|-boost|p2a: Deoxys|def|0\n|-boost|p2a: Deoxys|spd|0\n|\n|-end|p2a: Deoxys|Encore\n|upkeep\n|turn|31\n|\n|t:|1781444189\n|move|p1a: Uxie|Encore|p2a: Deoxys\n|-start|p2a: Deoxys|Encore\n|move|p2a: Deoxys|Cosmic Power|p2a: Deoxys\n|-boost|p2a: Deoxys|def|0\n|-boost|p2a: Deoxys|spd|0\n|\n|-end|p2a: Deoxys|move: Heal Block\n|upkeep\n|turn|32\n|\n|t:|1781444217\n|move|p1a: Uxie|Stealth Rock||[still]\n|-fail|p1a: Uxie\n|move|p2a: Deoxys|Cosmic Power|p2a: Deoxys\n|-boost|p2a: Deoxys|def|0\n|-boost|p2a: Deoxys|spd|0\n|\n|-heal|p2a: Deoxys|221/221 par|[from] item: Leftovers\n|upkeep\n|turn|33\n|\n|t:|1781444224\n|move|p1a: Uxie|Thunder Wave|p2a: Deoxys\n|-fail|p2a: Deoxys|par\n|move|p2a: Deoxys|Cosmic Power|p2a: Deoxys\n|-boost|p2a: Deoxys|def|0\n|-boost|p2a: Deoxys|spd|0\n|\n|-end|p2a: Deoxys|Encore\n|upkeep\n|turn|34\n|\n|t:|1781444227\n|move|p1a: Uxie|Encore|p2a: Deoxys\n|-start|p2a: Deoxys|Encore\n|cant|p2a: Deoxys|par\n|\n|upkeep\n|turn|35\n|\n|t:|1781444230\n|move|p1a: Uxie|Psychic Noise|p2a: Deoxys\n|-resisted|p2a: Deoxys\n|-damage|p2a: Deoxys|216/221 par\n|-start|p2a: Deoxys|move: Heal Block\n|move|p2a: Deoxys|Cosmic Power|p2a: Deoxys\n|-boost|p2a: Deoxys|def|0\n|-boost|p2a: Deoxys|spd|0\n|\n|upkeep\n|turn|36\n|inactive|Hectorham219 has 120 seconds left.\n|\n|t:|1781444262\n|switch|p1a: Charizard|Charizard, L85, M|248/271\n|cant|p2a: Deoxys|par\n|\n|-end|p2a: Deoxys|Encore\n|-end|p2a: Deoxys|move: Heal Block\n|upkeep\n|turn|37\n|\n|t:|1781444268\n|move|p1a: Charizard|Flare Blitz|p2a: Deoxys\n|-supereffective|p2a: Deoxys\n|-damage|p2a: Deoxys|174/221 par\n|-damage|p1a: Charizard|234/271|[from] Recoil\n|cant|p2a: Deoxys|par\n|\n|-heal|p2a: Deoxys|187/221 par|[from] item: Leftovers\n|upkeep\n|turn|38\n|\n|t:|1781444273\n|move|p1a: Charizard|Swords Dance|p1a: Charizard\n|-boost|p1a: Charizard|atk|2\n|cant|p2a: Deoxys|par\n|\n|-heal|p2a: Deoxys|200/221 par|[from] item: Leftovers\n|upkeep\n|turn|39\n|\n|t:|1781444280\n|move|p1a: Charizard|Flare Blitz|p2a: Deoxys\n|-supereffective|p2a: Deoxys\n|-damage|p2a: Deoxys|120/221 par\n|-damage|p1a: Charizard|208/271|[from] Recoil\n|move|p2a: Deoxys|Stored Power|p1a: Charizard\n|-damage|p1a: Charizard|0 fnt\n|faint|p1a: Charizard\n|\n|-heal|p2a: Deoxys|133/221 par|[from] item: Leftovers\n|upkeep\n|\n|t:|1781444293\n|switch|p1a: Wugtrio|Wugtrio, L91, M|212/212\n|turn|40\n|\n|t:|1781444297\n|move|p1a: Wugtrio|Stomping Tantrum|p2a: Deoxys\n|-supereffective|p2a: Deoxys\n|-damage|p2a: Deoxys|103/221 par\n|cant|p2a: Deoxys|par\n|\n|-heal|p2a: Deoxys|116/221 par|[from] item: Leftovers\n|upkeep\n|turn|41\n|\n|t:|1781444300\n|move|p1a: Wugtrio|Stomping Tantrum|p2a: Deoxys\n|-supereffective|p2a: Deoxys\n|-damage|p2a: Deoxys|86/221 par\n|cant|p2a: Deoxys|par\n|\n|-heal|p2a: Deoxys|99/221 par|[from] item: Leftovers\n|upkeep\n|turn|42\n|\n|t:|1781444303\n|move|p1a: Wugtrio|Stomping Tantrum|p2a: Deoxys\n|-supereffective|p2a: Deoxys\n|-damage|p2a: Deoxys|69/221 par\n|move|p2a: Deoxys|Recover|p2a: Deoxys\n|-heal|p2a: Deoxys|180/221 par\n|\n|-heal|p2a: Deoxys|193/221 par|[from] item: Leftovers\n|upkeep\n|turn|43\n|\n|t:|1781444307\n|move|p1a: Wugtrio|Stomping Tantrum|p2a: Deoxys\n|-supereffective|p2a: Deoxys\n|-damage|p2a: Deoxys|163/221 par\n|move|p2a: Deoxys|Stored Power|p1a: Wugtrio\n|-damage|p1a: Wugtrio|0 fnt\n|faint|p1a: Wugtrio\n|\n|-heal|p2a: Deoxys|176/221 par|[from] item: Leftovers\n|upkeep\n|\n|t:|1781444314\n|switch|p1a: Uxie|Uxie, L83|260/260\n|turn|44\n|\n|t:|1781444317\n|move|p1a: Uxie|Psychic Noise|p2a: Deoxys\n|-resisted|p2a: Deoxys\n|-damage|p2a: Deoxys|170/221 par\n|-start|p2a: Deoxys|move: Heal Block\n|move|p2a: Deoxys|Stored Power|p1a: Uxie\n|-resisted|p1a: Uxie\n|-damage|p1a: Uxie|185/260\n|\n|-heal|p1a: Uxie|201/260|[from] item: Leftovers\n|upkeep\n|turn|45\n|\n|t:|1781444319\n|switch|p1a: Electivire|Electivire, L84, F|237/263\n|move|p2a: Deoxys|Stored Power|p1a: Electivire\n|-damage|p1a: Electivire|3/263\n|\n|-end|p2a: Deoxys|move: Heal Block\n|upkeep\n|turn|46\n|\n|t:|1781444322\n|move|p1a: Electivire|Earthquake|p2a: Deoxys\n|-supereffective|p2a: Deoxys\n|-damage|p2a: Deoxys|134/221 par\n|-damage|p1a: Electivire|0 fnt|[from] item: Life Orb\n|faint|p1a: Electivire\n|move|p2a: Deoxys|Stored Power|p1: Electivire|[notarget]\n|-fail|p2a: Deoxys\n|\n|-heal|p2a: Deoxys|147/221 par|[from] item: Leftovers\n|upkeep\n|\n|t:|1781444329\n|switch|p1a: Pecharunt|Pecharunt, L77, tera:Dark|253/262\n|turn|47\n|\n|t:|1781444334\n|move|p1a: Pecharunt|Shadow Ball|p2a: Deoxys\n|-damage|p2a: Deoxys|135/221 par\n|move|p2a: Deoxys|Night Shade|p1a: Pecharunt\n|-damage|p1a: Pecharunt|169/262\n|\n|-heal|p1a: Pecharunt|185/262|[from] item: Leftovers\n|-heal|p2a: Deoxys|148/221 par|[from] item: Leftovers\n|upkeep\n|turn|48\n|\n|t:|1781444337\n|move|p1a: Pecharunt|Shadow Ball|p2a: Deoxys\n|-damage|p2a: Deoxys|136/221 par\n|move|p2a: Deoxys|Night Shade|p1a: Pecharunt\n|-damage|p1a: Pecharunt|101/262\n|\n|-heal|p1a: Pecharunt|117/262|[from] item: Leftovers\n|-heal|p2a: Deoxys|149/221 par|[from] item: Leftovers\n|upkeep\n|turn|49\n|\n|t:|1781444340\n|move|p1a: Pecharunt|Parting Shot|p2a: Deoxys\n|-unboost|p2a: Deoxys|atk|1\n|-unboost|p2a: Deoxys|spa|1\n|\n|t:|1781444343\n|switch|p1a: Uxie|Uxie, L83|201/260|[from] Parting Shot\n|cant|p2a: Deoxys|par\n|\n|-heal|p1a: Uxie|217/260|[from] item: Leftovers\n|-heal|p2a: Deoxys|162/221 par|[from] item: Leftovers\n|upkeep\n|turn|50\n|\n|t:|1781444346\n|move|p1a: Uxie|Psychic Noise|p2a: Deoxys\n|-resisted|p2a: Deoxys\n|-damage|p2a: Deoxys|156/221 par\n|-start|p2a: Deoxys|move: Heal Block\n|move|p2a: Deoxys|Stored Power|p1a: Uxie\n|-resisted|p1a: Uxie\n|-damage|p1a: Uxie|162/260\n|\n|-heal|p1a: Uxie|178/260|[from] item: Leftovers\n|upkeep\n|turn|51\n|\n|t:|1781444351\n|move|p1a: Uxie|Psychic Noise|p2a: Deoxys\n|-resisted|p2a: Deoxys\n|-damage|p2a: Deoxys|150/221 par\n|move|p2a: Deoxys|Stored Power|p1a: Uxie\n|-resisted|p1a: Uxie\n|-damage|p1a: Uxie|123/260\n|\n|-heal|p1a: Uxie|139/260|[from] item: Leftovers\n|-end|p2a: Deoxys|move: Heal Block\n|upkeep\n|turn|52\n|\n|t:|1781444357\n|move|p1a: Uxie|Psychic Noise|p2a: Deoxys\n|-resisted|p2a: Deoxys\n|-damage|p2a: Deoxys|144/221 par\n|-start|p2a: Deoxys|move: Heal Block\n|move|p2a: Deoxys|Night Shade|p1a: Uxie\n|-damage|p1a: Uxie|55/260\n|\n|-heal|p1a: Uxie|71/260|[from] item: Leftovers\n|upkeep\n|turn|53\n|\n|t:|1781444361\n|move|p1a: Uxie|Psychic Noise|p2a: Deoxys\n|-resisted|p2a: Deoxys\n|-damage|p2a: Deoxys|138/221 par\n|move|p2a: Deoxys|Night Shade|p1a: Uxie\n|-damage|p1a: Uxie|0 fnt\n|faint|p1a: Uxie\n|\n|-end|p2a: Deoxys|move: Heal Block\n|upkeep\n|\n|t:|1781444371\n|switch|p1a: Pecharunt|Pecharunt, L77, tera:Dark|117/262\n|turn|54\n|\n|t:|1781444380\n|move|p1a: Pecharunt|Malignant Chain|p2a: Deoxys\n|-immune|p2a: Deoxys\n|move|p2a: Deoxys|Night Shade|p1a: Pecharunt\n|-damage|p1a: Pecharunt|33/262\n|\n|-heal|p1a: Pecharunt|49/262|[from] item: Leftovers\n|-heal|p2a: Deoxys|151/221 par|[from] item: Leftovers\n|upkeep\n|turn|55\n|\n|t:|1781444383\n|move|p1a: Pecharunt|Recover|p1a: Pecharunt\n|-heal|p1a: Pecharunt|180/262\n|move|p2a: Deoxys|Night Shade|p1a: Pecharunt\n|-damage|p1a: Pecharunt|96/262\n|\n|-heal|p1a: Pecharunt|112/262|[from] item: Leftovers\n|-heal|p2a: Deoxys|164/221 par|[from] item: Leftovers\n|upkeep\n|turn|56\n|\n|t:|1781444388\n|move|p1a: Pecharunt|Parting Shot|p2a: Deoxys\n|-unboost|p2a: Deoxys|atk|1\n|-unboost|p2a: Deoxys|spa|1\n|cant|p2a: Deoxys|par\n|\n|-heal|p1a: Pecharunt|128/262|[from] item: Leftovers\n|-heal|p2a: Deoxys|177/221 par|[from] item: Leftovers\n|upkeep\n|turn|57\n|\n|t:|1781444391\n|move|p1a: Pecharunt|Parting Shot|p2a: Deoxys\n|-unboost|p2a: Deoxys|atk|1\n|-unboost|p2a: Deoxys|spa|1\n|move|p2a: Deoxys|Night Shade|p1a: Pecharunt\n|-damage|p1a: Pecharunt|44/262\n|\n|-heal|p1a: Pecharunt|60/262|[from] item: Leftovers\n|-heal|p2a: Deoxys|190/221 par|[from] item: Leftovers\n|upkeep\n|turn|58\n|\n|t:|1781444396\n|move|p1a: Pecharunt|Recover|p1a: Pecharunt\n|-heal|p1a: Pecharunt|191/262\n|move|p2a: Deoxys|Night Shade|p1a: Pecharunt\n|-damage|p1a: Pecharunt|107/262\n|\n|-heal|p1a: Pecharunt|123/262|[from] item: Leftovers\n|-heal|p2a: Deoxys|203/221 par|[from] item: Leftovers\n|upkeep\n|turn|59\n|\n|t:|1781444401\n|move|p1a: Pecharunt|Parting Shot|p2a: Deoxys\n|-unboost|p2a: Deoxys|atk|1\n|-unboost|p2a: Deoxys|spa|1\n|move|p2a: Deoxys|Night Shade|p1a: Pecharunt\n|-damage|p1a: Pecharunt|39/262\n|\n|-heal|p1a: Pecharunt|55/262|[from] item: Leftovers\n|-heal|p2a: Deoxys|216/221 par|[from] item: Leftovers\n|upkeep\n|turn|60\n|\n|t:|1781444405\n|move|p1a: Pecharunt|Parting Shot|p2a: Deoxys\n|-unboost|p2a: Deoxys|atk|1\n|-unboost|p2a: Deoxys|spa|1\n|move|p2a: Deoxys|Night Shade|p1a: Pecharunt\n|-damage|p1a: Pecharunt|0 fnt\n|faint|p1a: Pecharunt\n|\n|win|Srcall\n|raw|Hectorham219's rating: 1454 &rarr; <strong>1435</strong><br />(-19 for losing)\n|raw|Srcall's rating: 1474 &rarr; <strong>1493</strong><br />(+19 for winning)\n", "inputlog": ">version a8376a258c1d4662feba110a92103f3664a72141\n>start {\"formatid\":\"gen9randombattle\",\"seed\":\"sodium,cecd631754f92c0088ce3d9385d6eb87\",\"rated\":\"Rated battle\"}\n>player p1 {\"name\":\"Hectorham219\",\"avatar\":\"266\",\"rating\":1454,\"seed\":\"sodium,49706f97a7cfd1fb5e018deddbeef4e5\"}\n>player p2 {\"name\":\"Srcall\",\"avatar\":\"emmet\",\"rating\":1474,\"seed\":\"sodium,4b318e5a18974a09f7e702e5dc2ce70f\"}\n>p1 move flareblitz\n>p2 switch 2\n>p1 switch 5\n>p2 move cosmicpower\n>p1 move supercellslam\n>p2 move cosmicpower\n>p1 switch 3\n>p2 move recover\n>p1 move malignantchain terastallize\n>p2 move cosmicpower terastallize\n>p1 move shadowball\n>p2 move nightshade\n>p1 move shadowball\n>p2 move nightshade\n>p1 move recover\n>p2 move cosmicpower\n>p1 move shadowball\n>p2 move cosmicpower\n>p1 move shadowball\n>p2 move cosmicpower\n>p1 move shadowball\n>p2 move nightshade\n>p1 move shadowball\n>p2 move nightshade\n>p1 move recover\n>p2 move nightshade\n>p1 move recover\n>p2 move nightshade\n>p1 move shadowball\n>p2 move nightshade\n>p1 move shadowball\n>p2 move nightshade\n>p1 move recover\n>p2 move nightshade\n>p1 move recover\n>p2 move nightshade\n>p1 switch 4\n>p2 move nightshade\n>p1 move sleeppowder\n>p2 move storedpower\n>p1 switch 4\n>p1 move shadowball\n>p2 move nightshade\n>p1 move shadowball\n>p2 move nightshade\n>p1 move recover\n>p2 move cosmicpower\n>p1 switch 6\n>p2 move cosmicpower\n>p1 move encore\n>p2 move storedpower\n>p1 move thunderwave\n>p2 move cosmicpower\n>p1 move psychicnoise\n>p2 move cosmicpower\n>p1 move encore\n>p2 move storedpower\n>p1 move stealthrock\n>p2 move cosmicpower\n>p1 move psychicnoise\n>p2 move cosmicpower\n>p1 move encore\n>p2 move storedpower\n>p1 move stealthrock\n>p2 move cosmicpower\n>p1 move thunderwave\n>p2 move cosmicpower\n>p1 move encore\n>p2 move storedpower\n>p1 move psychicnoise\n>p2 move cosmicpower\n>p1 switch 5\n>p2 move cosmicpower\n>p1 move flareblitz\n>p2 move storedpower\n>p1 move swordsdance\n>p2 move storedpower\n>p1 move flareblitz\n>p2 move storedpower\n>p1 switch 2\n>p1 move stompingtantrum\n>p2 move storedpower\n>p1 move stompingtantrum\n>p2 move recover\n>p1 move stompingtantrum\n>p2 move recover\n>p1 move stompingtantrum\n>p2 move storedpower\n>p1 switch 5\n>p1 move psychicnoise\n>p2 move storedpower\n>p1 switch 3\n>p2 move storedpower\n>p1 move earthquake\n>p2 move storedpower\n>p1 switch 6\n>p1 move shadowball\n>p2 move nightshade\n>p1 move shadowball\n>p2 move nightshade\n>p1 move partingshot\n>p2 move nightshade\n>p1 switch 3\n>p1 move psychicnoise\n>p2 move storedpower\n>p1 move psychicnoise\n>p2 move storedpower\n>p1 move psychicnoise\n>p2 move nightshade\n>p1 move psychicnoise\n>p2 move nightshade\n>p1 switch 3\n>p1 move malignantchain\n>p2 move nightshade\n>p1 move recover\n>p2 move nightshade\n>p1 move partingshot\n>p2 move nightshade\n>p1 move partingshot\n>p2 move nightshade\n>p1 move recover\n>p2 move nightshade\n>p1 move partingshot\n>p2 move nightshade\n>p1 move partingshot\n>p2 move nightshade", "uploadtime": 1781444416, "views": 6, "formatid": "gen9randombattle", "rating": 1435, "private": 0, "password": null, "player_dets": [{"name": "Hectorham219", "avatar": "266", "rating": 1454, "seed": "sodium,49706f97a7cfd1fb5e018deddbeef4e5"}, {"name": "Srcall", "avatar": "emmet", "rating": 1474, "seed": "sodium,4b318e5a18974a09f7e702e5dc2ce70f"}], "teams_full": [{"Charizard": {"name": "Charizard", "species": "Charizard", "speciesId": "charizard", "gender": "M", "shiny": false, "level": 85, "moves": ["earthquake", "flareblitz", "swordsdance", "outrage"], "ability": "Blaze", "evs": {"hp": 85, "atk": 85, "def": 85, "spa": 85, "spd": 85, "spe": 85}, "ivs": {"hp": 31, "atk": 31, "def": 31, "spa": 31, "spd": 31, "spe": 31}, "item": "Heavy-Duty Boots", "teraType": "Dragon", "role": "Setup Sweeper", "bvs": {"hp": 78, "atk": 84, "def": 78, "spa": 109, "spd": 85, "spe": 100}, "stats": {"hp": 271, "atk": 192, "def": 181, "spa": 234, "spd": 193, "spe": 219}, "types": ["Fire", "Flying"]}, "Wugtrio": {"name": "Wugtrio", "species": "Wugtrio", "speciesId": "wugtrio", "gender": "M", "shiny": false, "level": 91, "moves": ["liquidation", "throatchop", "stompingtantrum", "aquajet"], "ability": "Gooey", "evs": {"hp": 85, "atk": 85, "def": 85, "spa": 85, "spd": 85, "spe": 85}, "ivs": {"hp": 31, "atk": 31, "def": 31, "spa": 31, "spd": 31, "spe": 31}, "item": "Choice Band", "teraType": "Water", "role": "Fast Attacker", "bvs": {"hp": 35, "atk": 100, "def": 50, "spa": 50, "spd": 70, "spe": 120}, "stats": {"hp": 212, "atk": 234, "def": 143, "spa": 143, "spd": 179, "spe": 270}, "types": ["Water"]}, "Pecharunt": {"name": "Pecharunt", "species": "Pecharunt", "speciesId": "pecharunt", "gender": "N", "shiny": false, "level": 77, "moves": ["malignantchain", "partingshot", "shadowball", "recover"], "ability": "Poison Puppeteer", "evs": {"hp": 85, "atk": 0, "def": 85, "spa": 85, "spd": 85, "spe": 85}, "ivs": {"hp": 31, "atk": 0, "def": 31, "spa": 31, "spd": 31, "spe": 31}, "item": "Leftovers", "teraType": "Dark", "role": "Bulky Attacker", "bvs": {"hp": 88, "atk": 88, "def": 160, "spa": 88, "spd": 88, "spe": 88}, "stats": {"hp": 262, "atk": 140, "def": 291, "spa": 180, "spd": 180, "spe": 180}, "types": ["Poison", "Ghost"]}, "Victreebel": {"name": "Victreebel", "species": "Victreebel", "speciesId": "victreebel", "gender": "M", "shiny": false, "level": 90, "moves": ["sleeppowder", "knockoff", "sludgewave", "powerwhip"], "ability": "Chlorophyll", "evs": {"hp": 85, "atk": 85, "def": 85, "spa": 85, "spd": 85, "spe": 85}, "ivs": {"hp": 31, "atk": 31, "def": 31, "spa": 31, "spd": 31, "spe": 31}, "item": "Life Orb", "teraType": "Grass", "role": "Wallbreaker", "bvs": {"hp": 80, "atk": 105, "def": 65, "spa": 100, "spd": 70, "spe": 70}, "stats": {"hp": 290, "atk": 240, "def": 168, "spa": 231, "spd": 177, "spe": 177}, "types": ["Grass", "Poison"]}, "Electivire": {"name": "Electivire", "species": "Electivire", "speciesId": "electivire", "gender": "F", "shiny": false, "level": 84, "moves": ["earthquake", "voltswitch", "icepunch", "supercellslam"], "ability": "Motor Drive", "evs": {"hp": 85, "atk": 85, "def": 85, "spa": 85, "spd": 85, "spe": 85}, "ivs": {"hp": 31, "atk": 31, "def": 31, "spa": 31, "spd": 31, "spe": 31}, "item": "Life Orb", "teraType": "Ice", "role": "Fast Attacker", "bvs": {"hp": 75, "atk": 123, "def": 67, "spa": 95, "spd": 85, "spe": 95}, "stats": {"hp": 263, "atk": 255, "def": 161, "spa": 208, "spd": 191, "spe": 208}, "types": ["Electric"]}, "Uxie": {"name": "Uxie", "species": "Uxie", "speciesId": "uxie", "gender": "N", "shiny": false, "level": 83, "moves": ["thunderwave", "psychicnoise", "stealthrock", "encore"], "ability": "Levitate", "evs": {"hp": 85, "atk": 0, "def": 85, "spa": 85, "spd": 85, "spe": 85}, "ivs": {"hp": 31, "atk": 0, "def": 31, "spa": 31, "spd": 31, "spe": 31}, "item": "Leftovers", "teraType": "Dark", "role": "Bulky Support", "bvs": {"hp": 75, "atk": 75, "def": 130, "spa": 75, "spd": 130, "spe": 95}, "stats": {"hp": 260, "atk": 129, "def": 263, "spa": 172, "spd": 263, "spe": 205}, "types": ["Psychic"]}}, {"Vivillon": {"name": "Vivillon", "species": "Vivillon-Polar", "speciesId": "vivillon", "gender": "M", "shiny": false, "level": 83, "moves": ["sleeppowder", "hurricane", "terablast", "quiverdance"], "ability": "Compound Eyes", "evs": {"hp": 85, "atk": 0, "def": 85, "spa": 85, "spd": 85, "spe": 85}, "ivs": {"hp": 31, "atk": 0, "def": 31, "spa": 31, "spd": 31, "spe": 31}, "item": "Heavy-Duty Boots", "teraType": "Ground", "role": "Tera Blast user", "bvs": {"hp": 80, "atk": 52, "def": 50, "spa": 90, "spd": 50, "spe": 89}, "stats": {"hp": 268, "atk": 91, "def": 131, "spa": 197, "spd": 131, "spe": 195}, "types": ["Bug", "Flying"]}, "Deoxys": {"name": "Deoxys", "species": "Deoxys-Defense", "speciesId": "deoxysdefense", "gender": "N", "shiny": false, "level": 84, "moves": ["nightshade", "cosmicpower", "storedpower", "recover"], "ability": "Pressure", "evs": {"hp": 85, "atk": 0, "def": 85, "spa": 85, "spd": 85, "spe": 85}, "ivs": {"hp": 31, "atk": 0, "def": 31, "spa": 31, "spd": 31, "spe": 31}, "item": "Leftovers", "teraType": "Steel", "role": "Bulky Setup", "bvs": {"hp": 50, "atk": 70, "def": 160, "spa": 70, "spd": 160, "spe": 90}, "stats": {"hp": 221, "atk": 122, "def": 317, "spa": 166, "spd": 317, "spe": 199}, "types": ["Psychic"]}, "Sceptile": {"name": "Sceptile", "species": "Sceptile", "speciesId": "sceptile", "gender": "F", "shiny": false, "level": 87, "moves": ["shedtail", "leafstorm", "earthquake", "focusblast"], "ability": "Overgrow", "evs": {"hp": 85, "atk": 85, "def": 85, "spa": 85, "spd": 85, "spe": 85}, "ivs": {"hp": 31, "atk": 31, "def": 31, "spa": 31, "spd": 31, "spe": 31}, "item": "Life Orb", "teraType": "Ground", "role": "Fast Attacker", "bvs": {"hp": 70, "atk": 85, "def": 65, "spa": 105, "spd": 85, "spe": 120}, "stats": {"hp": 264, "atk": 198, "def": 163, "spa": 232, "spd": 198, "spe": 259}, "types": ["Grass"]}, "Slither Wing": {"name": "Slither Wing", "species": "Slither Wing", "speciesId": "slitherwing", "gender": "N", "shiny": false, "level": 81, "moves": ["closecombat", "morningsun", "willowisp", "uturn"], "ability": "Protosynthesis", "evs": {"hp": 85, "atk": 85, "def": 85, "spa": 85, "spd": 85, "spe": 85}, "ivs": {"hp": 31, "atk": 31, "def": 31, "spa": 31, "spd": 31, "spe": 31}, "item": "Heavy-Duty Boots", "teraType": "Steel", "role": "Fast Support", "bvs": {"hp": 85, "atk": 135, "def": 79, "spa": 85, "spd": 105, "spe": 81}, "stats": {"hp": 270, "atk": 265, "def": 175, "spa": 184, "spd": 217, "spe": 178}, "types": ["Bug", "Fighting"]}, "Ting-Lu": {"name": "Ting-Lu", "species": "Ting-Lu", "speciesId": "tinglu", "gender": "N", "shiny": false, "level": 78, "moves": ["spikes", "earthquake", "stealthrock", "throatchop"], "ability": "Vessel of Ruin", "evs": {"hp": 85, "atk": 85, "def": 85, "spa": 85, "spd": 85, "spe": 85}, "ivs": {"hp": 31, "atk": 31, "def": 31, "spa": 31, "spd": 31, "spe": 31}, "item": "Leftovers", "teraType": "Poison", "role": "Bulky Support", "bvs": {"hp": 155, "atk": 110, "def": 125, "spa": 55, "spd": 80, "spe": 45}, "stats": {"hp": 370, "atk": 217, "def": 240, "spa": 131, "spd": 170, "spe": 115}, "types": ["Dark", "Ground"]}, "Munkidori": {"name": "Munkidori", "species": "Munkidori", "speciesId": "munkidori", "gender": "M", "shiny": false, "level": 79, "moves": ["sludgewave", "psychicnoise", "fakeout", "uturn"], "ability": "Toxic Chain", "evs": {"hp": 85, "atk": 85, "def": 85, "spa": 85, "spd": 85, "spe": 85}, "ivs": {"hp": 31, "atk": 31, "def": 31, "spa": 31, "spd": 31, "spe": 31}, "item": "Assault Vest", "teraType": "Dark", "role": "AV Pivot", "bvs": {"hp": 88, "atk": 75, "def": 66, "spa": 130, "spd": 90, "spe": 106}, "stats": {"hp": 269, "atk": 164, "def": 150, "spa": 251, "spd": 188, "spe": 213}, "types": ["Poison", "Psychic"]}}]}