{"id": "gen9randombattle-2631615437", "format": "[Gen 9] Random Battle", "players": ["hgtyrdgfhj", "itimelord"], "log": "|j|\u2606hgtyrdgfhj\n|j|\u2606itimelord\n|t:|1781409251\n|gametype|singles\n|player|p1|hgtyrdgfhj|preschooler|1092\n|player|p2|itimelord|170|1085\n|gen|9\n|tier|[Gen 9] Random Battle\n|rated|\n|rule|Species Clause: Limit one of each Pok\u00e9mon\n|rule|HP Percentage Mod: HP is shown in percentages\n|rule|Sleep Clause Mod: Limit one foe put to sleep\n|rule|Illusion Level Mod: Illusion disguises the Pok\u00e9mon's true level\n|\n|t:|1781409251\n|teamsize|p1|6\n|teamsize|p2|6\n|start\n|switch|p1a: Diancie|Diancie, L82|216/216\n|switch|p2a: Gyarados|Gyarados, L79, F|280/280\n|turn|1\n|inactive|Battle timer is ON: inactive players will automatically lose when time's up. (requested by hgtyrdgfhj)\n|\n|t:|1781409274\n|-terastallize|p1a: Diancie|Fairy\n|move|p2a: Gyarados|Dragon Dance|p2a: Gyarados\n|-boost|p2a: Gyarados|atk|1\n|-boost|p2a: Gyarados|spe|1\n|move|p1a: Diancie|Diamond Storm|p2a: Gyarados\n|-supereffective|p2a: Gyarados\n|-damage|p2a: Gyarados|32/280\n|-boost|p1a: Diancie|def|2\n|\n|upkeep\n|turn|2\n|\n|t:|1781409289\n|move|p2a: Gyarados|Waterfall|p1a: Diancie\n|-damage|p1a: Diancie|173/216\n|move|p1a: Diancie|Draining Kiss|p2a: Gyarados\n|-damage|p2a: Gyarados|0 fnt\n|-heal|p1a: Diancie|197/216|[from] drain|[of] p2a: Gyarados\n|faint|p2a: Gyarados\n|\n|-heal|p1a: Diancie|210/216|[from] item: Leftovers\n|upkeep\n|\n|t:|1781409303\n|switch|p2a: Arbok|Arbok, L87, M|246/246\n|-ability|p2a: Arbok|Intimidate|boost\n|-fail|p1a: Diancie|unboost|[from] ability: Clear Body|[of] p1a: Diancie\n|turn|3\n|\n|t:|1781409315\n|move|p2a: Arbok|Gunk Shot|p1a: Diancie\n|-supereffective|p1a: Diancie\n|-damage|p1a: Diancie|118/216\n|-status|p1a: Diancie|psn\n|move|p1a: Diancie|Earth Power|p2a: Arbok\n|-supereffective|p2a: Arbok\n|-damage|p2a: Arbok|120/246\n|\n|-heal|p2a: Arbok|135/246|[from] item: Leftovers\n|-heal|p1a: Diancie|131/216 psn|[from] item: Leftovers\n|-damage|p1a: Diancie|104/216 psn|[from] psn\n|upkeep\n|turn|4\n|\n|t:|1781409327\n|move|p2a: Arbok|Gunk Shot|p1a: Diancie\n|-supereffective|p1a: Diancie\n|-damage|p1a: Diancie|8/216 psn\n|move|p1a: Diancie|Earth Power|p2a: Arbok\n|-supereffective|p2a: Arbok\n|-damage|p2a: Arbok|3/246\n|\n|-heal|p2a: Arbok|18/246|[from] item: Leftovers\n|-heal|p1a: Diancie|21/216 psn|[from] item: Leftovers\n|-damage|p1a: Diancie|0 fnt|[from] psn\n|faint|p1a: Diancie\n|upkeep\n|inactive|hgtyrdgfhj has 120 seconds left.\n|\n|t:|1781409356\n|switch|p1a: Gardevoir|Gardevoir, L83, F|249/249\n|-ability|p1a: Gardevoir|Intimidate|Trace|[from] ability: Trace|[of] p2a: Arbok\n|-ability|p1a: Gardevoir|Intimidate|boost\n|-unboost|p2a: Arbok|atk|1\n|turn|5\n|inactive|hgtyrdgfhj has 120 seconds left.\n|\n|t:|1781409367\n|move|p1a: Gardevoir|Moonblast|p2a: Arbok\n|-resisted|p2a: Arbok\n|-damage|p2a: Arbok|0 fnt\n|faint|p2a: Arbok\n|\n|upkeep\n|inactive|itimelord has 120 seconds left.\n|inactive|itimelord has 90 seconds left.\n|inactive|itimelord has 60 seconds left.\n|inactive|itimelord has 30 seconds left.\n|inactive|itimelord has 20 seconds left.\n|inactive|itimelord has 15 seconds left.\n|inactive|itimelord has 10 seconds left.\n|inactive|itimelord has 5 seconds left.\n|-message|itimelord lost due to inactivity.\n|\n|win|hgtyrdgfhj\n|raw|hgtyrdgfhj's rating: 1092 &rarr; <strong>1118</strong><br />(+26 for winning)\n|raw|itimelord's rating: 1085 &rarr; <strong>1063</strong><br />(-22 for losing)\n", "inputlog": ">version a8376a258c1d4662feba110a92103f3664a72141\n>start {\"formatid\":\"gen9randombattle\",\"seed\":\"sodium,525f1a55fdeee6c5f1b0cb80c55cc0b6\",\"rated\":\"Rated battle\"}\n>player p1 {\"name\":\"hgtyrdgfhj\",\"avatar\":\"preschooler\",\"rating\":1092,\"seed\":\"sodium,4a69c92ff7575e8eb6ccd960f40f5aa2\"}\n>player p2 {\"name\":\"itimelord\",\"avatar\":\"170\",\"rating\":1085,\"seed\":\"sodium,c0602e90980c6847e6c5f74d8a1ac332\"}\n>p1 move diamondstorm terastallize\n>p2 move dragondance\n>p1 move drainingkiss\n>p2 move waterfall\n>p2 switch 4\n>p1 move earthpower\n>p2 move gunkshot\n>p1 move earthpower\n>p2 move gunkshot\n>p1 switch 5\n>p1 move moonblast\n>p2 move earthquake\n>forcelose p2", "uploadtime": 1781409522, "views": 4, "formatid": "gen9randombattle", "rating": 1063, "private": 0, "password": null, "player_dets": [{"name": "hgtyrdgfhj", "avatar": "preschooler", "rating": 1092, "seed": "sodium,4a69c92ff7575e8eb6ccd960f40f5aa2"}, {"name": "itimelord", "avatar": "170", "rating": 1085, "seed": "sodium,c0602e90980c6847e6c5f74d8a1ac332"}], "teams_full": [{"Diancie": {"name": "Diancie", "species": "Diancie", "speciesId": "diancie", "gender": "N", "shiny": false, "level": 82, "moves": ["diamondstorm", "calmmind", "drainingkiss", "earthpower"], "ability": "Clear Body", "evs": {"hp": 85, "atk": 85, "def": 85, "spa": 85, "spd": 85, "spe": 85}, "ivs": {"hp": 31, "atk": 31, "def": 31, "spa": 31, "spd": 31, "spe": 31}, "item": "Leftovers", "teraType": "Fairy", "role": "Bulky Setup", "bvs": {"hp": 50, "atk": 100, "def": 150, "spa": 100, "spd": 150, "spe": 50}, "stats": {"hp": 216, "atk": 211, "def": 293, "spa": 211, "spd": 293, "spe": 129}, "types": ["Rock", "Fairy"]}, "Skeledirge": {"name": "Skeledirge", "species": "Skeledirge", "speciesId": "skeledirge", "gender": "F", "shiny": false, "level": 79, "moves": ["willowisp", "torchsong", "slackoff", "hex"], "ability": "Unaware", "evs": {"hp": 85, "atk": 0, "def": 85, "spa": 85, "spd": 85, "spe": 85}, "ivs": {"hp": 31, "atk": 0, "def": 31, "spa": 31, "spd": 31, "spe": 31}, "item": "Heavy-Duty Boots", "teraType": "Fairy", "role": "Bulky Support", "bvs": {"hp": 104, "atk": 75, "def": 100, "spa": 110, "spd": 75, "spe": 66}, "stats": {"hp": 294, "atk": 123, "def": 204, "spa": 219, "spd": 164, "spe": 150}, "types": ["Fire", "Ghost"]}, "Electivire": {"name": "Electivire", "species": "Electivire", "speciesId": "electivire", "gender": "F", "shiny": false, "level": 84, "moves": ["icepunch", "supercellslam", "bulkup", "earthquake"], "ability": "Motor Drive", "evs": {"hp": 85, "atk": 85, "def": 85, "spa": 85, "spd": 85, "spe": 85}, "ivs": {"hp": 31, "atk": 31, "def": 31, "spa": 31, "spd": 31, "spe": 31}, "item": "Life Orb", "teraType": "Flying", "role": "Setup Sweeper", "bvs": {"hp": 75, "atk": 123, "def": 67, "spa": 95, "spd": 85, "spe": 95}, "stats": {"hp": 263, "atk": 255, "def": 161, "spa": 208, "spd": 191, "spe": 208}, "types": ["Electric"]}, "Eiscue": {"name": "Eiscue", "species": "Eiscue", "speciesId": "eiscue", "gender": "M", "shiny": false, "level": 88, "moves": ["icespinner", "liquidation", "ironhead", "bellydrum"], "ability": "Ice Face", "evs": {"hp": 81, "atk": 85, "def": 85, "spa": 85, "spd": 85, "spe": 85}, "ivs": {"hp": 31, "atk": 31, "def": 31, "spa": 31, "spd": 31, "spe": 31}, "item": "Sitrus Berry", "teraType": "Water", "role": "Setup Sweeper", "bvs": {"hp": 75, "atk": 80, "def": 110, "spa": 65, "spd": 90, "spe": 50}, "stats": {"hp": 274, "atk": 191, "def": 244, "spa": 165, "spd": 209, "spe": 138}, "types": ["Ice"]}, "Gardevoir": {"name": "Gardevoir", "species": "Gardevoir", "speciesId": "gardevoir", "gender": "F", "shiny": false, "level": 83, "moves": ["focusblast", "moonblast", "mysticalfire", "psychic"], "ability": "Trace", "evs": {"hp": 85, "atk": 0, "def": 85, "spa": 85, "spd": 85, "spe": 85}, "ivs": {"hp": 31, "atk": 0, "def": 31, "spa": 31, "spd": 31, "spe": 31}, "item": "Choice Scarf", "teraType": "Fire", "role": "Fast Attacker", "bvs": {"hp": 68, "atk": 65, "def": 65, "spa": 125, "spd": 115, "spe": 80}, "stats": {"hp": 249, "atk": 112, "def": 156, "spa": 255, "spd": 239, "spe": 180}, "types": ["Psychic", "Fairy"]}, "Koraidon": {"name": "Koraidon", "species": "Koraidon", "speciesId": "koraidon", "gender": "N", "shiny": false, "level": 64, "moves": ["uturn", "closecombat", "flareblitz", "outrage"], "ability": "Orichalcum Pulse", "evs": {"hp": 85, "atk": 85, "def": 85, "spa": 85, "spd": 85, "spe": 85}, "ivs": {"hp": 31, "atk": 31, "def": 31, "spa": 31, "spd": 31, "spe": 31}, "item": "Choice Band", "teraType": "Fire", "role": "Fast Attacker", "bvs": {"hp": 100, "atk": 135, "def": 115, "spa": 85, "spd": 100, "spe": 135}, "stats": {"hp": 235, "atk": 211, "def": 185, "spa": 147, "spd": 166, "spe": 211}, "types": ["Fighting", "Dragon"]}}, {"Gyarados": {"name": "Gyarados", "species": "Gyarados", "speciesId": "gyarados", "gender": "F", "shiny": false, "level": 79, "moves": ["terablast", "earthquake", "waterfall", "dragondance"], "ability": "Moxie", "evs": {"hp": 85, "atk": 85, "def": 85, "spa": 85, "spd": 85, "spe": 85}, "ivs": {"hp": 31, "atk": 31, "def": 31, "spa": 31, "spd": 31, "spe": 31}, "item": "Heavy-Duty Boots", "teraType": "Flying", "role": "Tera Blast user", "bvs": {"hp": 95, "atk": 125, "def": 79, "spa": 60, "spd": 100, "spe": 81}, "stats": {"hp": 280, "atk": 243, "def": 170, "spa": 140, "spd": 204, "spe": 174}, "types": ["Water", "Flying"]}, "Sunflora": {"name": "Sunflora", "species": "Sunflora", "speciesId": "sunflora", "gender": "F", "shiny": false, "level": 100, "moves": ["leafstorm", "sludgebomb", "dazzlinggleam", "earthpower"], "ability": "Chlorophyll", "evs": {"hp": 85, "atk": 0, "def": 85, "spa": 85, "spd": 85, "spe": 85}, "ivs": {"hp": 31, "atk": 0, "def": 31, "spa": 31, "spd": 31, "spe": 31}, "item": "Choice Specs", "teraType": "Ground", "role": "Wallbreaker", "bvs": {"hp": 75, "atk": 75, "def": 55, "spa": 105, "spd": 85, "spe": 30}, "stats": {"hp": 312, "atk": 155, "def": 167, "spa": 267, "spd": 227, "spe": 117}, "types": ["Grass"]}, "Rotom": {"name": "Rotom", "species": "Rotom", "speciesId": "rotom", "gender": "N", "shiny": false, "level": 88, "moves": ["willowisp", "thunderbolt", "nastyplot", "shadowball"], "ability": "Levitate", "evs": {"hp": 85, "atk": 0, "def": 85, "spa": 85, "spd": 85, "spe": 85}, "ivs": {"hp": 31, "atk": 0, "def": 31, "spa": 31, "spd": 31, "spe": 31}, "item": "Life Orb", "teraType": "Electric", "role": "Fast Attacker", "bvs": {"hp": 50, "atk": 50, "def": 77, "spa": 95, "spd": 77, "spe": 91}, "stats": {"hp": 231, "atk": 93, "def": 186, "spa": 217, "spd": 186, "spe": 210}, "types": ["Electric", "Ghost"]}, "Arbok": {"name": "Arbok", "species": "Arbok", "speciesId": "arbok", "gender": "M", "shiny": false, "level": 87, "moves": ["earthquake", "trailblaze", "coil", "gunkshot"], "ability": "Intimidate", "evs": {"hp": 85, "atk": 85, "def": 85, "spa": 85, "spd": 85, "spe": 85}, "ivs": {"hp": 31, "atk": 31, "def": 31, "spa": 31, "spd": 31, "spe": 31}, "item": "Leftovers", "teraType": "Grass", "role": "Bulky Setup", "bvs": {"hp": 60, "atk": 95, "def": 69, "spa": 65, "spd": 79, "spe": 80}, "stats": {"hp": 246, "atk": 215, "def": 170, "spa": 163, "spd": 187, "spe": 189}, "types": ["Poison"]}, "Mew": {"name": "Mew", "species": "Mew", "speciesId": "mew", "gender": "N", "shiny": false, "level": 82, "moves": ["toxicspikes", "psychic", "stealthrock", "uturn"], "ability": "Synchronize", "evs": {"hp": 85, "atk": 85, "def": 85, "spa": 85, "spd": 85, "spe": 85}, "ivs": {"hp": 31, "atk": 31, "def": 31, "spa": 31, "spd": 31, "spe": 31}, "item": "Leftovers", "teraType": "Dark", "role": "Bulky Support", "bvs": {"hp": 100, "atk": 100, "def": 100, "spa": 100, "spd": 100, "spe": 100}, "stats": {"hp": 298, "atk": 211, "def": 211, "spa": 211, "spd": 211, "spe": 211}, "types": ["Psychic"]}, "Flutter Mane": {"name": "Flutter Mane", "species": "Flutter Mane", "speciesId": "fluttermane", "gender": "N", "shiny": false, "level": 74, "moves": ["shadowball", "moonblast", "calmmind", "mysticalfire"], "ability": "Protosynthesis", "evs": {"hp": 85, "atk": 0, "def": 85, "spa": 85, "spd": 85, "spe": 85}, "ivs": {"hp": 31, "atk": 0, "def": 31, "spa": 31, "spd": 31, "spe": 31}, "item": "Life Orb", "teraType": "Fire", "role": "Setup Sweeper", "bvs": {"hp": 55, "atk": 55, "def": 55, "spa": 135, "spd": 135, "spe": 135}, "stats": {"hp": 203, "atk": 86, "def": 124, "spa": 243, "spd": 243, "spe": 243}, "types": ["Ghost", "Fairy"]}}]}