{"id": "gen9randombattle-2631512210", "format": "[Gen 9] Random Battle", "players": ["Colddeckj", "Astrokid11"], "log": "|j|\u2606Colddeckj\n|j|\u2606Astrokid11\n|t:|1781394654\n|gametype|singles\n|player|p1|Colddeckj|wattson|2029\n|player|p2|Astrokid11|102|1962\n|gen|9\n|tier|[Gen 9] Random Battle\n|rated|\n|rule|Species Clause: Limit one of each Pok\u00e9mon\n|rule|HP Percentage Mod: HP is shown in percentages\n|rule|Sleep Clause Mod: Limit one foe put to sleep\n|rule|Illusion Level Mod: Illusion disguises the Pok\u00e9mon's true level\n|\n|t:|1781394654\n|teamsize|p1|6\n|teamsize|p2|6\n|start\n|switch|p1a: Gyarados|Gyarados, L79, M|280/280\n|switch|p2a: Pawmot|Pawmot, L80, F|243/243\n|-ability|p1a: Gyarados|Intimidate|boost\n|-unboost|p2a: Pawmot|atk|1\n|turn|1\n|inactive|Battle timer is ON: inactive players will automatically lose when time's up. (requested by Colddeckj)\n|\n|t:|1781394666\n|switch|p1a: Muk|Muk-Alola, L82, F|306/306\n|move|p2a: Pawmot|Double Shock|p1a: Muk\n|-damage|p1a: Muk|177/306\n|-start|p2a: Pawmot|typechange|???/Fighting|[from] move: Double Shock\n|-damage|p2a: Pawmot|219/243|[from] item: Life Orb\n|\n|upkeep\n|turn|2\n|\n|t:|1781394675\n|switch|p2a: Perrserker|Perrserker, L89, F|269/269\n|move|p1a: Muk|Drain Punch|p2a: Perrserker\n|-supereffective|p2a: Perrserker\n|-damage|p2a: Perrserker|171/269\n|-heal|p1a: Muk|226/306|[from] drain|[of] p2a: Perrserker\n|\n|upkeep\n|turn|3\n|\n|t:|1781394683\n|switch|p1a: Hitmontop|Hitmontop, L88, M|231/231\n|-ability|p1a: Hitmontop|Intimidate|boost\n|-unboost|p2a: Perrserker|atk|1\n|move|p2a: Perrserker|Stealth Rock|p1a: Hitmontop\n|-sidestart|p1: Colddeckj|move: Stealth Rock\n|\n|upkeep\n|turn|4\n|\n|t:|1781394690\n|switch|p2a: Bruxish|Bruxish, L85, F|254/254\n|move|p1a: Hitmontop|Rapid Spin|p2a: Bruxish\n|-damage|p2a: Bruxish|213/254\n|-boost|p1a: Hitmontop|spe|1\n|-sideend|p1: Colddeckj|Stealth Rock|[from] move: Rapid Spin|[of] p1a: Hitmontop\n|\n|upkeep\n|turn|5\n|\n|t:|1781394705\n|move|p2a: Bruxish|Psychic Fangs|p1a: Hitmontop\n|-supereffective|p1a: Hitmontop\n|-damage|p1a: Hitmontop|0 fnt\n|faint|p1a: Hitmontop\n|\n|upkeep\n|\n|t:|1781394712\n|switch|p1a: Deoxys|Deoxys-Defense, L84|221/221\n|-ability|p1a: Deoxys|Pressure\n|turn|6\n|\n|t:|1781394718\n|switch|p2a: Perrserker|Perrserker, L89, F|171/269\n|move|p1a: Deoxys|Night Shade|p2a: Perrserker\n|-damage|p2a: Perrserker|87/269\n|\n|upkeep\n|turn|7\n|\n|t:|1781394727\n|move|p1a: Deoxys|Night Shade|p2a: Perrserker\n|-damage|p2a: Perrserker|3/269\n|move|p2a: Perrserker|Stealth Rock|p1a: Deoxys\n|-sidestart|p1: Colddeckj|move: Stealth Rock\n|\n|upkeep\n|turn|8\n|\n|t:|1781394734\n|move|p1a: Deoxys|Night Shade|p2a: Perrserker\n|-damage|p2a: Perrserker|0 fnt\n|faint|p2a: Perrserker\n|\n|upkeep\n|\n|t:|1781394747\n|switch|p2a: Bruxish|Bruxish, L85, F|213/254\n|turn|9\n|\n|t:|1781394754\n|switch|p1a: Muk|Muk-Alola, L82, F|226/306\n|-damage|p1a: Muk|188/306|[from] Stealth Rock\n|move|p2a: Bruxish|Crunch|p1a: Muk\n|-resisted|p1a: Muk\n|-damage|p1a: Muk|130/306\n|\n|upkeep\n|turn|10\n|inactive|Astrokid11 has 120 seconds left.\n|\n|t:|1781394794\n|switch|p2a: Golem|Golem, L87, F|281/281\n|move|p1a: Muk|Gunk Shot|p2a: Golem\n|-resisted|p2a: Golem\n|-damage|p2a: Golem|259/281\n|-status|p2a: Golem|psn\n|\n|-damage|p2a: Golem|224/281 psn|[from] psn\n|upkeep\n|turn|11\n|\n|t:|1781394812\n|move|p1a: Muk|Drain Punch|p2a: Golem\n|-supereffective|p2a: Golem\n|-damage|p2a: Golem|152/281 psn\n|-heal|p1a: Muk|166/306|[from] drain|[of] p2a: Golem\n|-enditem|p2a: Golem|Weakness Policy\n|-boost|p2a: Golem|atk|2|[from] item: Weakness Policy\n|-boost|p2a: Golem|spa|2|[from] item: Weakness Policy\n|move|p2a: Golem|Earthquake|p1a: Muk\n|-supereffective|p1a: Muk\n|-damage|p1a: Muk|0 fnt\n|faint|p1a: Muk\n|\n|-damage|p2a: Golem|117/281 psn|[from] psn\n|upkeep\n|\n|t:|1781394821\n|switch|p1a: Gyarados|Gyarados, L79, M|280/280\n|-ability|p1a: Gyarados|Intimidate|boost\n|-unboost|p2a: Golem|atk|1\n|turn|12\n|inactive|Astrokid11 has 120 seconds left.\n|\n|t:|1781394839\n|move|p1a: Gyarados|Waterfall|p2a: Golem\n|-supereffective|p2a: Golem\n|-damage|p2a: Golem|0 fnt\n|faint|p2a: Golem\n|\n|upkeep\n|\n|t:|1781394844\n|switch|p2a: Pawmot|Pawmot, L80, F|219/243\n|turn|13\n|\n|t:|1781394848\n|switch|p1a: Deoxys|Deoxys-Defense, L84|221/221\n|-damage|p1a: Deoxys|194/221|[from] Stealth Rock\n|-ability|p1a: Deoxys|Pressure\n|move|p2a: Pawmot|Double Shock|p1a: Deoxys\n|-damage|p1a: Deoxys|93/221\n|-start|p2a: Pawmot|typechange|???/Fighting|[from] move: Double Shock\n|-damage|p2a: Pawmot|195/243|[from] item: Life Orb\n|\n|-heal|p1a: Deoxys|106/221|[from] item: Leftovers\n|upkeep\n|turn|14\n|\n|t:|1781394855\n|switch|p2a: Tropius|Tropius, L91, M|328/328\n|move|p1a: Deoxys|Recover|p1a: Deoxys\n|-heal|p1a: Deoxys|217/221\n|\n|-heal|p1a: Deoxys|221/221|[from] item: Leftovers\n|upkeep\n|turn|15\n|\n|t:|1781394867\n|move|p1a: Deoxys|Cosmic Power|p1a: Deoxys\n|-boost|p1a: Deoxys|def|1\n|-boost|p1a: Deoxys|spd|1\n|move|p2a: Tropius|Leech Seed|p1a: Deoxys\n|-start|p1a: Deoxys|move: Leech Seed\n|\n|-damage|p1a: Deoxys|194/221|[from] Leech Seed|[of] p2a: Tropius\n|upkeep\n|turn|16\n|\n|t:|1781394875\n|switch|p1a: Gyarados|Gyarados, L79, M|280/280\n|-ability|p1a: Gyarados|Intimidate|boost\n|-unboost|p2a: Tropius|atk|1\n|move|p2a: Tropius|Substitute|p2a: Tropius\n|-start|p2a: Tropius|Substitute\n|-damage|p2a: Tropius|246/328\n|\n|upkeep\n|turn|17\n|\n|t:|1781394884\n|switch|p1a: Passimian|Passimian, L83, F|302/302\n|-damage|p1a: Passimian|284/302|[from] Stealth Rock\n|move|p2a: Tropius|Leech Seed|p1a: Passimian\n|-start|p1a: Passimian|move: Leech Seed\n|\n|-damage|p1a: Passimian|247/302|[from] Leech Seed|[of] p2a: Tropius\n|-heal|p2a: Tropius|283/328|[silent]\n|upkeep\n|turn|18\n|\n|t:|1781394893\n|switch|p1a: Deoxys|Deoxys-Defense, L84|194/221\n|-damage|p1a: Deoxys|167/221|[from] Stealth Rock\n|-ability|p1a: Deoxys|Pressure\n|move|p2a: Tropius|Protect||[still]\n|-fail|p2a: Tropius\n|\n|-heal|p1a: Deoxys|180/221|[from] item: Leftovers\n|upkeep\n|turn|19\n|\n|t:|1781394904\n|move|p1a: Deoxys|Night Shade|p2a: Tropius\n|-end|p2a: Tropius|Substitute\n|move|p2a: Tropius|Leech Seed|p1a: Deoxys|[miss]\n|-miss|p2a: Tropius|p1a: Deoxys\n|\n|-heal|p1a: Deoxys|193/221|[from] item: Leftovers\n|upkeep\n|turn|20\n|\n|t:|1781394912\n|switch|p1a: Passimian|Passimian, L83, F|247/302\n|-damage|p1a: Passimian|229/302|[from] Stealth Rock\n|move|p2a: Tropius|Substitute|p2a: Tropius\n|-start|p2a: Tropius|Substitute\n|-damage|p2a: Tropius|201/328\n|\n|upkeep\n|turn|21\n|\n|t:|1781394919\n|move|p1a: Passimian|Knock Off|p2a: Tropius\n|-activate|p2a: Tropius|move: Substitute|[damage]\n|move|p2a: Tropius|Leech Seed|p1a: Passimian\n|-start|p1a: Passimian|move: Leech Seed\n|\n|-damage|p1a: Passimian|192/302|[from] Leech Seed|[of] p2a: Tropius\n|-heal|p2a: Tropius|238/328|[silent]\n|upkeep\n|turn|22\n|\n|t:|1781394927\n|switch|p1a: Deoxys|Deoxys-Defense, L84|193/221\n|-damage|p1a: Deoxys|166/221|[from] Stealth Rock\n|-ability|p1a: Deoxys|Pressure\n|move|p2a: Tropius|Leech Seed|p1a: Deoxys\n|-start|p1a: Deoxys|move: Leech Seed\n|\n|-heal|p1a: Deoxys|179/221|[from] item: Leftovers\n|-damage|p1a: Deoxys|152/221|[from] Leech Seed|[of] p2a: Tropius\n|-heal|p2a: Tropius|265/328|[silent]\n|upkeep\n|turn|23\n|\n|t:|1781394937\n|move|p2a: Tropius|Protect|p2a: Tropius\n|-singleturn|p2a: Tropius|Protect\n|move|p1a: Deoxys|Recover|p1a: Deoxys\n|-heal|p1a: Deoxys|221/221\n|\n|-damage|p1a: Deoxys|194/221|[from] Leech Seed|[of] p2a: Tropius\n|-heal|p2a: Tropius|292/328|[silent]\n|upkeep\n|turn|24\n|\n|t:|1781394942\n|move|p1a: Deoxys|Night Shade|p2a: Tropius\n|-end|p2a: Tropius|Substitute\n|move|p2a: Tropius|Substitute|p2a: Tropius\n|-start|p2a: Tropius|Substitute\n|-damage|p2a: Tropius|210/328\n|\n|-heal|p1a: Deoxys|207/221|[from] item: Leftovers\n|-damage|p1a: Deoxys|180/221|[from] Leech Seed|[of] p2a: Tropius\n|-heal|p2a: Tropius|237/328|[silent]\n|upkeep\n|turn|25\n|\n|t:|1781394948\n|move|p1a: Deoxys|Night Shade|p2a: Tropius\n|-end|p2a: Tropius|Substitute\n|move|p2a: Tropius|Air Slash|p1a: Deoxys\n|-damage|p1a: Deoxys|131/221\n|\n|-heal|p1a: Deoxys|144/221|[from] item: Leftovers\n|-damage|p1a: Deoxys|117/221|[from] Leech Seed|[of] p2a: Tropius\n|-heal|p2a: Tropius|264/328|[silent]\n|upkeep\n|turn|26\n|\n|t:|1781394953\n|move|p1a: Deoxys|Recover|p1a: Deoxys\n|-heal|p1a: Deoxys|221/221\n|move|p2a: Tropius|Air Slash|p1a: Deoxys\n|-damage|p1a: Deoxys|172/221\n|\n|-heal|p1a: Deoxys|185/221|[from] item: Leftovers\n|-damage|p1a: Deoxys|158/221|[from] Leech Seed|[of] p2a: Tropius\n|-heal|p2a: Tropius|291/328|[silent]\n|upkeep\n|turn|27\n|\n|t:|1781394956\n|move|p1a: Deoxys|Night Shade|p2a: Tropius\n|-damage|p2a: Tropius|207/328\n|move|p2a: Tropius|Air Slash|p1a: Deoxys\n|-damage|p1a: Deoxys|110/221\n|\n|-heal|p1a: Deoxys|123/221|[from] item: Leftovers\n|-damage|p1a: Deoxys|96/221|[from] Leech Seed|[of] p2a: Tropius\n|-heal|p2a: Tropius|234/328|[silent]\n|upkeep\n|turn|28\n|\n|t:|1781394959\n|move|p1a: Deoxys|Recover|p1a: Deoxys\n|-heal|p1a: Deoxys|207/221\n|move|p2a: Tropius|Substitute|p2a: Tropius\n|-start|p2a: Tropius|Substitute\n|-damage|p2a: Tropius|152/328\n|-enditem|p2a: Tropius|Sitrus Berry|[eat]\n|-heal|p2a: Tropius|234/328|[from] item: Sitrus Berry\n|\n|-heal|p1a: Deoxys|220/221|[from] item: Leftovers\n|-damage|p1a: Deoxys|193/221|[from] Leech Seed|[of] p2a: Tropius\n|-heal|p2a: Tropius|261/328|[silent]\n|upkeep\n|turn|29\n|\n|t:|1781394966\n|move|p1a: Deoxys|Night Shade|p2a: Tropius\n|-end|p2a: Tropius|Substitute\n|move|p2a: Tropius|Air Slash|p1a: Deoxys\n|-damage|p1a: Deoxys|144/221\n|\n|-heal|p1a: Deoxys|157/221|[from] item: Leftovers\n|-damage|p1a: Deoxys|130/221|[from] Leech Seed|[of] p2a: Tropius\n|-heal|p2a: Tropius|288/328|[silent]\n|upkeep\n|turn|30\n|\n|t:|1781394970\n|move|p1a: Deoxys|Recover|p1a: Deoxys\n|-heal|p1a: Deoxys|221/221\n|move|p2a: Tropius|Air Slash|p1a: Deoxys\n|-damage|p1a: Deoxys|179/221\n|\n|-heal|p1a: Deoxys|192/221|[from] item: Leftovers\n|-damage|p1a: Deoxys|165/221|[from] Leech Seed|[of] p2a: Tropius\n|-heal|p2a: Tropius|315/328|[silent]\n|upkeep\n|turn|31\n|\n|t:|1781394976\n|switch|p1a: Calyrex|Calyrex-Ice, L72|263/263\n|-ability|p1a: Calyrex|As One\n|-ability|p1a: Calyrex|Unnerve\n|move|p2a: Tropius|Air Slash|p1a: Calyrex|[miss]\n|-miss|p2a: Tropius|p1a: Calyrex\n|\n|-item|p2a: Tropius|Sitrus Berry|[from] ability: Harvest\n|upkeep\n|turn|32\n|\n|t:|1781394984\n|switch|p2a: Bruxish|Bruxish, L85, F|213/254\n|move|p1a: Calyrex|Trick Room|p1a: Calyrex\n|-fieldstart|move: Trick Room|[of] p1a: Calyrex\n|\n|upkeep\n|turn|33\n|\n|t:|1781394994\n|-terastallize|p1a: Calyrex|Ground\n|move|p1a: Calyrex|High Horsepower|p2a: Bruxish\n|-damage|p2a: Bruxish|83/254\n|move|p2a: Bruxish|Crunch|p1a: Calyrex\n|-damage|p1a: Calyrex|197/263\n|\n|upkeep\n|turn|34\n|\n|t:|1781395002\n|switch|p2a: Tropius|Tropius, L91, M|315/328\n|move|p1a: Calyrex|Glacial Lance|p2a: Tropius\n|-supereffective|p2a: Tropius\n|-damage|p2a: Tropius|0 fnt\n|faint|p2a: Tropius\n|-ability|p1a: Calyrex|Chilling Neigh|boost\n|-boost|p1a: Calyrex|atk|1\n|\n|upkeep\n|\n|t:|1781395006\n|switch|p2a: Reuniclus|Reuniclus, L88, F|337/337\n|turn|35\n|\n|t:|1781395011\n|move|p1a: Calyrex|Glacial Lance|p2a: Reuniclus\n|-damage|p2a: Reuniclus|124/337\n|move|p2a: Reuniclus|Psyshock|p1a: Calyrex\n|-damage|p1a: Calyrex|90/263\n|\n|upkeep\n|turn|36\n|\n|t:|1781395019\n|move|p1a: Calyrex|Glacial Lance|p2a: Reuniclus\n|-damage|p2a: Reuniclus|0 fnt\n|faint|p2a: Reuniclus\n|-ability|p1a: Calyrex|Chilling Neigh|boost\n|-boost|p1a: Calyrex|atk|1\n|\n|-fieldend|move: Trick Room\n|upkeep\n|\n|t:|1781395021\n|switch|p2a: Bruxish|Bruxish, L85, F|83/254\n|turn|37\n|\n|t:|1781395029\n|move|p2a: Bruxish|Wave Crash|p1a: Calyrex\n|-supereffective|p1a: Calyrex\n|-damage|p1a: Calyrex|0 fnt\n|faint|p1a: Calyrex\n|-damage|p2a: Bruxish|53/254|[from] Recoil\n|\n|upkeep\n|\n|t:|1781395032\n|switch|p1a: Gyarados|Gyarados, L79, M|280/280\n|-ability|p1a: Gyarados|Intimidate|boost\n|-unboost|p2a: Bruxish|atk|1\n|turn|38\n|\n|t:|1781395035\n|switch|p2a: Pawmot|Pawmot, L80, F|195/243\n|move|p1a: Gyarados|Dragon Dance|p1a: Gyarados\n|-boost|p1a: Gyarados|atk|1\n|-boost|p1a: Gyarados|spe|1\n|\n|upkeep\n|turn|39\n|\n|t:|1781395046\n|move|p1a: Gyarados|Waterfall|p2a: Pawmot\n|-damage|p2a: Pawmot|15/243\n|move|p2a: Pawmot|Double Shock|p1a: Gyarados\n|-supereffective|p1a: Gyarados\n|-damage|p1a: Gyarados|0 fnt\n|-start|p2a: Pawmot|typechange|???/Fighting|[from] move: Double Shock\n|faint|p1a: Gyarados\n|-damage|p2a: Pawmot|0 fnt|[from] item: Life Orb\n|faint|p2a: Pawmot\n|\n|upkeep\n|\n|t:|1781395054\n|switch|p2a: Bruxish|Bruxish, L85, F|53/254\n|switch|p1a: Deoxys|Deoxys-Defense, L84|165/221\n|-damage|p1a: Deoxys|138/221|[from] Stealth Rock\n|-ability|p1a: Deoxys|Pressure\n|turn|40\n|\n|t:|1781395063\n|-terastallize|p2a: Bruxish|Dark\n|move|p2a: Bruxish|Crunch|p1a: Deoxys\n|-supereffective|p1a: Deoxys\n|-damage|p1a: Deoxys|0 fnt\n|faint|p1a: Deoxys\n|\n|upkeep\n|\n|t:|1781395068\n|switch|p1a: Passimian|Passimian, L83, F|192/302\n|-damage|p1a: Passimian|174/302|[from] Stealth Rock\n|turn|41\n|\n|t:|1781395072\n|move|p2a: Bruxish|Crunch|p1a: Passimian\n|-resisted|p1a: Passimian\n|-damage|p1a: Passimian|100/302\n|move|p1a: Passimian|Close Combat|p2a: Bruxish\n|-supereffective|p2a: Bruxish\n|-crit|p2a: Bruxish\n|-damage|p2a: Bruxish|0 fnt\n|-unboost|p1a: Passimian|def|1\n|-unboost|p1a: Passimian|spd|1\n|faint|p2a: Bruxish\n|\n|win|Colddeckj\n", "inputlog": ">version a8376a258c1d4662feba110a92103f3664a72141\n>start {\"formatid\":\"gen9randombattle\",\"seed\":\"sodium,40f60c41592ae3a6a740e46978d8c8e7\",\"rated\":\"Rated battle\"}\n>player p1 {\"name\":\"Colddeckj\",\"avatar\":\"wattson\",\"rating\":2029,\"seed\":\"sodium,e750bc64681b9f328b291241e3114686\"}\n>player p2 {\"name\":\"Astrokid11\",\"avatar\":\"102\",\"rating\":1962,\"seed\":\"sodium,d4f11ef33e161076d013e74baf39fa47\"}\n>p1 switch 4\n>p2 move doubleshock\n>p1 move drainpunch\n>p2 switch 6\n>p1 switch 3\n>p2 move stealthrock\n>p1 move rapidspin\n>p2 switch 2\n>p1 move earthquake\n>p2 move psychicfangs\n>p1 switch 2\n>p1 move nightshade\n>p2 switch 2\n>p1 move nightshade\n>p2 move stealthrock\n>p1 move nightshade\n>p2 move knockoff\n>p2 switch 2\n>p1 switch 3\n>p2 move crunch\n>p1 move gunkshot\n>p2 switch 5\n>p1 move drainpunch\n>p2 move earthquake\n>p1 switch 4\n>p1 move waterfall\n>p2 move stoneedge\n>p2 switch 6\n>p1 switch 3\n>p2 move doubleshock\n>p1 move recover\n>p2 switch 3\n>p1 move cosmicpower\n>p2 move leechseed\n>p1 switch 3\n>p2 move substitute\n>p1 switch 6\n>p2 move leechseed\n>p1 switch 3\n>p2 move protect\n>p1 move nightshade\n>p2 move leechseed\n>p1 switch 3\n>p2 move substitute\n>p1 move knockoff\n>p2 move leechseed\n>p1 switch 3\n>p2 move leechseed\n>p1 move recover\n>p2 move protect\n>p1 move nightshade\n>p2 move substitute\n>p1 move nightshade\n>p2 move airslash\n>p1 move recover\n>p2 move airslash\n>p1 move nightshade\n>p2 move airslash\n>p1 move recover\n>p2 move substitute\n>p1 move nightshade\n>p2 move airslash\n>p1 move recover\n>p2 move airslash\n>p1 switch 5\n>p2 move airslash\n>p1 move trickroom\n>p2 switch 5\n>p1 move highhorsepower terastallize\n>p2 move crunch\n>p1 move glaciallance\n>p2 switch 5\n>p2 switch 4\n>p1 move glaciallance\n>p2 move psyshock\n>p1 move glaciallance\n>p2 move psyshock\n>p2 switch 5\n>p1 move glaciallance\n>p2 move wavecrash\n>p1 switch 6\n>p1 move dragondance\n>p2 switch 3\n>p1 move waterfall\n>p2 move doubleshock\n>p1 switch 5\n>p2 switch 3\n>p1 move recover\n>p2 move crunch terastallize\n>p1 switch 3\n>p1 move closecombat\n>p2 move crunch", "uploadtime": 1781394656, "views": 4, "formatid": "gen9randombattle", "rating": null, "private": 0, "password": null, "player_dets": [{"name": "Colddeckj", "avatar": "wattson", "rating": 2029, "seed": "sodium,e750bc64681b9f328b291241e3114686"}, {"name": "Astrokid11", "avatar": "102", "rating": 1962, "seed": "sodium,d4f11ef33e161076d013e74baf39fa47"}], "teams_full": [{"Gyarados": {"name": "Gyarados", "species": "Gyarados", "speciesId": "gyarados", "gender": "M", "shiny": false, "level": 79, "moves": ["dragondance", "waterfall", "terablast", "earthquake"], "ability": "Intimidate", "evs": {"hp": 85, "atk": 85, "def": 85, "spa": 85, "spd": 85, "spe": 85}, "ivs": {"hp": 31, "atk": 31, "def": 31, "spa": 31, "spd": 31, "spe": 31}, "item": "Heavy-Duty Boots", "teraType": "Flying", "role": "Tera Blast user", "bvs": {"hp": 95, "atk": 125, "def": 79, "spa": 60, "spd": 100, "spe": 81}, "stats": {"hp": 280, "atk": 243, "def": 170, "spa": 140, "spd": 204, "spe": 174}, "types": ["Water", "Flying"]}, "Deoxys": {"name": "Deoxys", "species": "Deoxys-Defense", "speciesId": "deoxysdefense", "gender": "N", "shiny": false, "level": 84, "moves": ["recover", "cosmicpower", "nightshade", "storedpower"], "ability": "Pressure", "evs": {"hp": 85, "atk": 0, "def": 85, "spa": 85, "spd": 85, "spe": 85}, "ivs": {"hp": 31, "atk": 0, "def": 31, "spa": 31, "spd": 31, "spe": 31}, "item": "Leftovers", "teraType": "Steel", "role": "Bulky Setup", "bvs": {"hp": 50, "atk": 70, "def": 160, "spa": 70, "spd": 160, "spe": 90}, "stats": {"hp": 221, "atk": 122, "def": 317, "spa": 166, "spd": 317, "spe": 199}, "types": ["Psychic"]}, "Hitmontop": {"name": "Hitmontop", "species": "Hitmontop", "speciesId": "hitmontop", "gender": "M", "shiny": false, "level": 88, "moves": ["rapidspin", "stoneedge", "earthquake", "closecombat"], "ability": "Intimidate", "evs": {"hp": 85, "atk": 85, "def": 85, "spa": 85, "spd": 85, "spe": 85}, "ivs": {"hp": 31, "atk": 31, "def": 31, "spa": 31, "spd": 31, "spe": 31}, "item": "Assault Vest", "teraType": "Steel", "role": "Bulky Support", "bvs": {"hp": 50, "atk": 95, "def": 95, "spa": 35, "spd": 110, "spe": 70}, "stats": {"hp": 231, "atk": 217, "def": 217, "spa": 112, "spd": 244, "spe": 173}, "types": ["Fighting"]}, "Muk": {"name": "Muk", "species": "Muk-Alola", "speciesId": "mukalola", "gender": "F", "shiny": false, "level": 82, "moves": ["shadowsneak", "drainpunch", "knockoff", "gunkshot"], "ability": "Poison Touch", "evs": {"hp": 85, "atk": 85, "def": 85, "spa": 85, "spd": 85, "spe": 85}, "ivs": {"hp": 31, "atk": 31, "def": 31, "spa": 31, "spd": 31, "spe": 31}, "item": "Assault Vest", "teraType": "Fighting", "role": "AV Pivot", "bvs": {"hp": 105, "atk": 105, "def": 75, "spa": 65, "spd": 100, "spe": 50}, "stats": {"hp": 306, "atk": 219, "def": 170, "spa": 154, "spd": 211, "spe": 129}, "types": ["Poison", "Dark"]}, "Calyrex": {"name": "Calyrex", "species": "Calyrex-Ice", "speciesId": "calyrexice", "gender": "N", "shiny": false, "level": 72, "moves": ["glaciallance", "highhorsepower", "closecombat", "trickroom"], "ability": "As One (Glastrier)", "evs": {"hp": 85, "atk": 85, "def": 85, "spa": 85, "spd": 85, "spe": 0}, "ivs": {"hp": 31, "atk": 31, "def": 31, "spa": 31, "spd": 31, "spe": 0}, "item": "Heavy-Duty Boots", "teraType": "Ground", "role": "Wallbreaker", "bvs": {"hp": 100, "atk": 165, "def": 150, "spa": 85, "spd": 130, "spe": 50}, "stats": {"hp": 263, "atk": 280, "def": 258, "spa": 164, "spd": 229, "spe": 77}, "types": ["Psychic", "Ice"]}, "Passimian": {"name": "Passimian", "species": "Passimian", "speciesId": "passimian", "gender": "F", "shiny": false, "level": 83, "moves": ["earthquake", "gunkshot", "closecombat", "knockoff"], "ability": "Defiant", "evs": {"hp": 85, "atk": 85, "def": 85, "spa": 85, "spd": 85, "spe": 85}, "ivs": {"hp": 31, "atk": 31, "def": 31, "spa": 31, "spd": 31, "spe": 31}, "item": "Choice Scarf", "teraType": "Poison", "role": "Fast Attacker", "bvs": {"hp": 100, "atk": 120, "def": 90, "spa": 40, "spd": 60, "spe": 80}, "stats": {"hp": 302, "atk": 247, "def": 197, "spa": 114, "spd": 147, "spe": 180}, "types": ["Fighting"]}}, {"Pawmot": {"name": "Pawmot", "species": "Pawmot", "speciesId": "pawmot", "gender": "F", "shiny": false, "level": 80, "moves": ["revivalblessing", "icepunch", "closecombat", "doubleshock"], "ability": "Iron Fist", "evs": {"hp": 85, "atk": 85, "def": 85, "spa": 85, "spd": 85, "spe": 85}, "ivs": {"hp": 31, "atk": 31, "def": 31, "spa": 31, "spd": 31, "spe": 31}, "item": "Life Orb", "teraType": "Electric", "role": "Wallbreaker", "bvs": {"hp": 70, "atk": 115, "def": 70, "spa": 70, "spd": 60, "spe": 105}, "stats": {"hp": 243, "atk": 230, "def": 158, "spa": 158, "spd": 142, "spe": 214}, "types": ["Electric", "Fighting"]}, "Bruxish": {"name": "Bruxish", "species": "Bruxish", "speciesId": "bruxish", "gender": "F", "shiny": false, "level": 85, "moves": ["psychicfangs", "wavecrash", "crunch", "icefang"], "ability": "Strong Jaw", "evs": {"hp": 85, "atk": 85, "def": 85, "spa": 85, "spd": 85, "spe": 85}, "ivs": {"hp": 31, "atk": 31, "def": 31, "spa": 31, "spd": 31, "spe": 31}, "item": "Choice Scarf", "teraType": "Dark", "role": "Fast Attacker", "bvs": {"hp": 68, "atk": 105, "def": 70, "spa": 70, "spd": 70, "spe": 92}, "stats": {"hp": 254, "atk": 227, "def": 168, "spa": 168, "spd": 168, "spe": 205}, "types": ["Water", "Psychic"]}, "Tropius": {"name": "Tropius", "species": "Tropius", "speciesId": "tropius", "gender": "M", "shiny": false, "level": 91, "moves": ["leechseed", "airslash", "substitute", "protect"], "ability": "Harvest", "evs": {"hp": 85, "atk": 0, "def": 85, "spa": 85, "spd": 85, "spe": 85}, "ivs": {"hp": 31, "atk": 0, "def": 31, "spa": 31, "spd": 31, "spe": 31}, "item": "Sitrus Berry", "teraType": "Steel", "role": "Bulky Support", "bvs": {"hp": 99, "atk": 68, "def": 83, "spa": 72, "spd": 87, "spe": 51}, "stats": {"hp": 328, "atk": 128, "def": 203, "spa": 183, "spd": 210, "spe": 145}, "types": ["Grass", "Flying"]}, "Reuniclus": {"name": "Reuniclus", "species": "Reuniclus", "speciesId": "reuniclus", "gender": "F", "shiny": false, "level": 88, "moves": ["recover", "psyshock", "focusblast", "calmmind"], "ability": "Magic Guard", "evs": {"hp": 85, "atk": 0, "def": 85, "spa": 85, "spd": 85, "spe": 85}, "ivs": {"hp": 31, "atk": 0, "def": 31, "spa": 31, "spd": 31, "spe": 31}, "item": "Life Orb", "teraType": "Steel", "role": "Bulky Setup", "bvs": {"hp": 110, "atk": 65, "def": 75, "spa": 125, "spd": 85, "spe": 30}, "stats": {"hp": 337, "atk": 119, "def": 182, "spa": 270, "spd": 200, "spe": 103}, "types": ["Psychic"]}, "Golem": {"name": "Golem", "species": "Golem", "speciesId": "golem", "gender": "F", "shiny": false, "level": 87, "moves": ["earthquake", "explosion", "rockpolish", "stoneedge"], "ability": "Sturdy", "evs": {"hp": 85, "atk": 85, "def": 85, "spa": 85, "spd": 85, "spe": 85}, "ivs": {"hp": 31, "atk": 31, "def": 31, "spa": 31, "spd": 31, "spe": 31}, "item": "Weakness Policy", "teraType": "Steel", "role": "Bulky Attacker", "bvs": {"hp": 80, "atk": 120, "def": 130, "spa": 55, "spd": 65, "spe": 45}, "stats": {"hp": 281, "atk": 259, "def": 276, "spa": 145, "spd": 163, "spe": 128}, "types": ["Rock", "Ground"]}, "Perrserker": {"name": "Perrserker", "species": "Perrserker", "speciesId": "perrserker", "gender": "F", "shiny": false, "level": 89, "moves": ["knockoff", "stealthrock", "closecombat", "ironhead"], "ability": "Tough Claws", "evs": {"hp": 85, "atk": 85, "def": 85, "spa": 85, "spd": 85, "spe": 85}, "ivs": {"hp": 31, "atk": 31, "def": 31, "spa": 31, "spd": 31, "spe": 31}, "item": "Life Orb", "teraType": "Fighting", "role": "Fast Attacker", "bvs": {"hp": 70, "atk": 110, "def": 100, "spa": 50, "spd": 60, "spe": 50}, "stats": {"hp": 269, "atk": 247, "def": 229, "spa": 140, "spd": 158, "spe": 140}, "types": ["Steel"]}}]}