{"id": "gen9randombattle-2631420763", "format": "[Gen 9] Random Battle", "players": ["Stickdude_25", "friendlyinsom"], "log": "|j|\u2606Stickdude_25\n|j|\u2606friendlyinsom\n|t:|1781382547\n|gametype|singles\n|player|p1|Stickdude_25|ninjaboy|1035\n|player|p2|friendlyinsom|burglar|1000\n|gen|9\n|tier|[Gen 9] Random Battle\n|rated|\n|rule|Species Clause: Limit one of each Pok\u00e9mon\n|rule|HP Percentage Mod: HP is shown in percentages\n|rule|Sleep Clause Mod: Limit one foe put to sleep\n|rule|Illusion Level Mod: Illusion disguises the Pok\u00e9mon's true level\n|\n|t:|1781382547\n|teamsize|p1|6\n|teamsize|p2|6\n|start\n|switch|p1a: Cloyster|Cloyster, L80, M|211/211\n|switch|p2a: Empoleon|Empoleon, L84, M|278/278\n|turn|1\n|inactive|Battle timer is ON: inactive players will automatically lose when time's up. (requested by Stickdude_25)\n|\n|t:|1781382569\n|move|p1a: Cloyster|Shell Smash|p1a: Cloyster\n|-unboost|p1a: Cloyster|def|1\n|-unboost|p1a: Cloyster|spd|1\n|-boost|p1a: Cloyster|atk|2\n|-boost|p1a: Cloyster|spa|2\n|-boost|p1a: Cloyster|spe|2\n|-enditem|p1a: Cloyster|White Herb\n|-clearnegativeboost|p1a: Cloyster|[silent]\n|move|p2a: Empoleon|Yawn|p1a: Cloyster\n|-start|p1a: Cloyster|move: Yawn|[of] p2a: Empoleon\n|\n|upkeep\n|turn|2\n|\n|t:|1781382583\n|move|p1a: Cloyster|Hydro Pump|p2a: Empoleon|[miss]\n|-miss|p1a: Cloyster|p2a: Empoleon\n|move|p2a: Empoleon|Flip Turn|p1a: Cloyster\n|-resisted|p1a: Cloyster\n|-damage|p1a: Cloyster|193/211\n|\n|t:|1781382595\n|switch|p2a: Zebstrika|Zebstrika, L87, M|272/272|[from] Flip Turn\n|\n|-end|p1a: Cloyster|move: Yawn|[silent]\n|-status|p1a: Cloyster|slp\n|upkeep\n|turn|3\n|\n|t:|1781382608\n|cant|p1a: Cloyster|slp\n|move|p2a: Zebstrika|Supercell Slam|p1a: Cloyster\n|-supereffective|p1a: Cloyster\n|-damage|p1a: Cloyster|27/211 slp\n|-damage|p2a: Zebstrika|245/272|[from] item: Life Orb\n|\n|upkeep\n|turn|4\n|\n|t:|1781382615\n|-curestatus|p1a: Cloyster|slp|[msg]\n|move|p1a: Cloyster|Icicle Spear|p2a: Zebstrika\n|-damage|p2a: Zebstrika|181/272\n|-damage|p2a: Zebstrika|124/272\n|-damage|p2a: Zebstrika|61/272\n|-damage|p2a: Zebstrika|0 fnt\n|faint|p2a: Zebstrika\n|-hitcount|p2: Zebstrika|4\n|\n|upkeep\n|\n|t:|1781382631\n|switch|p2a: Girafarig|Girafarig, L89, M|269/269\n|turn|5\n|\n|t:|1781382645\n|move|p1a: Cloyster|Icicle Spear|p2a: Girafarig\n|-damage|p2a: Girafarig|227/269\n|-damage|p2a: Girafarig|185/269\n|-damage|p2a: Girafarig|143/269\n|-damage|p2a: Girafarig|104/269\n|-damage|p2a: Girafarig|68/269\n|-hitcount|p2a: Girafarig|5\n|move|p2a: Girafarig|Thunderbolt|p1a: Cloyster\n|-supereffective|p1a: Cloyster\n|-damage|p1a: Cloyster|0 fnt\n|faint|p1a: Cloyster\n|\n|upkeep\n|\n|t:|1781382654\n|switch|p1a: Conkeldurr|Conkeldurr, L80, M|299/299\n|turn|6\n|\n|t:|1781382668\n|move|p2a: Girafarig|Psyshock|p1a: Conkeldurr\n|-supereffective|p1a: Conkeldurr\n|-damage|p1a: Conkeldurr|117/299\n|move|p1a: Conkeldurr|Knock Off|p2a: Girafarig\n|-supereffective|p2a: Girafarig\n|-damage|p2a: Girafarig|0 fnt\n|-enditem|p2a: Girafarig|Eviolite|[from] move: Knock Off|[of] p1a: Conkeldurr\n|faint|p2a: Girafarig\n|\n|-status|p1a: Conkeldurr|brn|[from] item: Flame Orb\n|upkeep\n|\n|t:|1781382685\n|switch|p2a: Empoleon|Empoleon, L84, M|278/278\n|turn|7\n|\n|t:|1781382692\n|move|p1a: Conkeldurr|Mach Punch|p2a: Empoleon\n|-supereffective|p2a: Empoleon\n|-damage|p2a: Empoleon|108/278\n|move|p2a: Empoleon|Surf|p1a: Conkeldurr\n|-damage|p1a: Conkeldurr|0 fnt\n|faint|p1a: Conkeldurr\n|\n|-heal|p2a: Empoleon|125/278|[from] item: Leftovers\n|upkeep\n|\n|t:|1781382711\n|switch|p1a: Dodrio|Dodrio, L85, F|241/241\n|turn|8\n|\n|t:|1781382716\n|move|p1a: Dodrio|Drill Run|p2a: Empoleon\n|-supereffective|p2a: Empoleon\n|-damage|p2a: Empoleon|0 fnt\n|faint|p2a: Empoleon\n|\n|upkeep\n|\n|t:|1781382724\n|switch|p2a: Abomasnow|Abomasnow, L84, F|287/287\n|-weather|Snowscape|[from] ability: Snow Warning|[of] p2a: Abomasnow\n|turn|9\n|\n|t:|1781382734\n|move|p1a: Dodrio|Drill Run|p2a: Abomasnow\n|-resisted|p2a: Abomasnow\n|-damage|p2a: Abomasnow|252/287\n|move|p2a: Abomasnow|Blizzard|p1a: Dodrio\n|-supereffective|p1a: Dodrio\n|-damage|p1a: Dodrio|0 fnt\n|faint|p1a: Dodrio\n|\n|-weather|Snowscape|[upkeep]\n|upkeep\n|\n|t:|1781382738\n|switch|p1a: Houndoom|Houndoom, L87, F|272/272\n|turn|10\n|\n|t:|1781382752\n|move|p1a: Houndoom|Fire Blast|p2a: Abomasnow\n|-supereffective|p2a: Abomasnow\n|-damage|p2a: Abomasnow|0 fnt\n|faint|p2a: Abomasnow\n|\n|-weather|Snowscape|[upkeep]\n|upkeep\n|\n|t:|1781382761\n|switch|p2a: Magnezone|Magnezone, L85|258/258\n|turn|11\n|\n|t:|1781382767\n|move|p1a: Houndoom|Fire Blast|p2a: Magnezone\n|-supereffective|p2a: Magnezone\n|-damage|p2a: Magnezone|84/258\n|move|p2a: Magnezone|Body Press|p1a: Houndoom\n|-supereffective|p1a: Houndoom\n|-damage|p1a: Houndoom|92/272\n|\n|-weather|Snowscape|[upkeep]\n|upkeep\n|turn|12\n|\n|t:|1781382778\n|switch|p2a: Iron Jugulis|Iron Jugulis, L77|271/271\n|move|p1a: Houndoom|Fire Blast|p2a: Iron Jugulis\n|-damage|p2a: Iron Jugulis|105/271\n|\n|-weather|Snowscape|[upkeep]\n|upkeep\n|turn|13\n|\n|t:|1781382790\n|move|p1a: Houndoom|Dark Pulse|p2a: Iron Jugulis\n|-resisted|p2a: Iron Jugulis\n|-damage|p2a: Iron Jugulis|42/271\n|move|p2a: Iron Jugulis|Meteor Beam||[still]\n|-prepare|p2a: Iron Jugulis|Meteor Beam\n|-boost|p2a: Iron Jugulis|spa|1\n|-enditem|p2a: Iron Jugulis|Power Herb\n|-anim|p2a: Iron Jugulis|Meteor Beam|p1a: Houndoom\n|-supereffective|p1a: Houndoom\n|-damage|p1a: Houndoom|0 fnt\n|faint|p1a: Houndoom\n|\n|-weather|none\n|upkeep\n|\n|t:|1781382802\n|switch|p1a: Smeargle|Smeargle, L95, M|258/258\n|turn|14\n|\n|t:|1781382810\n|move|p2a: Iron Jugulis|Meteor Beam||[still]\n|-prepare|p2a: Iron Jugulis|Meteor Beam\n|-boost|p2a: Iron Jugulis|spa|1\n|move|p1a: Smeargle|Population Bomb|p2a: Iron Jugulis\n|-damage|p2a: Iron Jugulis|23/271\n|-damage|p2a: Iron Jugulis|5/271\n|-damage|p2a: Iron Jugulis|0 fnt\n|faint|p2a: Iron Jugulis\n|-end|p2a: Iron Jugulis|Quark Drive|[silent]\n|-hitcount|p2: Iron Jugulis|3\n|\n|upkeep\n|\n|t:|1781382820\n|switch|p2a: Magnezone|Magnezone, L85|84/258\n|turn|15\n|\n|t:|1781382833\n|move|p1a: Smeargle|Spore|p2a: Magnezone\n|-status|p2a: Magnezone|slp|[from] move: Spore\n|cant|p2a: Magnezone|slp\n|\n|upkeep\n|turn|16\n|\n|t:|1781382845\n|move|p1a: Smeargle|Population Bomb|p2a: Magnezone\n|-resisted|p2a: Magnezone\n|-damage|p2a: Magnezone|78/258 slp\n|-resisted|p2a: Magnezone\n|-damage|p2a: Magnezone|71/258 slp\n|-resisted|p2a: Magnezone\n|-damage|p2a: Magnezone|64/258 slp\n|-resisted|p2a: Magnezone\n|-damage|p2a: Magnezone|58/258 slp\n|-resisted|p2a: Magnezone\n|-damage|p2a: Magnezone|51/258 slp\n|-resisted|p2a: Magnezone\n|-damage|p2a: Magnezone|43/258 slp\n|-resisted|p2a: Magnezone\n|-damage|p2a: Magnezone|36/258 slp\n|-resisted|p2a: Magnezone\n|-damage|p2a: Magnezone|29/258 slp\n|-resisted|p2a: Magnezone\n|-damage|p2a: Magnezone|23/258 slp\n|-resisted|p2a: Magnezone\n|-damage|p2a: Magnezone|16/258 slp\n|-hitcount|p2a: Magnezone|10\n|-curestatus|p2a: Magnezone|slp|[msg]\n|move|p2a: Magnezone|Body Press|p1a: Smeargle\n|-supereffective|p1a: Smeargle\n|-damage|p1a: Smeargle|28/258\n|\n|upkeep\n|turn|17\n|inactive|friendlyinsom has 120 seconds left.\n|\n|t:|1781382881\n|-terastallize|p2a: Magnezone|Flying\n|move|p1a: Smeargle|Spore|p2a: Magnezone\n|-status|p2a: Magnezone|slp|[from] move: Spore\n|cant|p2a: Magnezone|slp\n|\n|upkeep\n|turn|18\n|inactive|friendlyinsom has 120 seconds left.\n|\n|t:|1781382890\n|move|p1a: Smeargle|Population Bomb|p2a: Magnezone\n|-damage|p2a: Magnezone|1/258 slp\n|-damage|p2a: Magnezone|0 fnt\n|faint|p2a: Magnezone\n|-hitcount|p2: Magnezone|2\n|\n|win|Stickdude_25\n|raw|Stickdude_25's rating: 1035 &rarr; <strong>1066</strong><br />(+31 for winning)\n|raw|friendlyinsom's rating: 1000 &rarr; <strong>1000</strong><br />(+0 for losing)\n", "inputlog": ">version a8376a258c1d4662feba110a92103f3664a72141\n>start {\"formatid\":\"gen9randombattle\",\"seed\":\"sodium,2e08d08bc17404ac7106fe5eb6044edd\",\"rated\":\"Rated battle\"}\n>player p1 {\"name\":\"Stickdude_25\",\"avatar\":\"ninjaboy\",\"rating\":1035,\"seed\":\"sodium,7d5ce3af8547b97242e8666120ae180d\"}\n>player p2 {\"name\":\"friendlyinsom\",\"avatar\":\"burglar\",\"rating\":1000,\"seed\":\"sodium,6d2f75d37ea64d92ff8885a78f5496cd\"}\n>p1 move shellsmash\n>p2 move yawn\n>p1 move hydropump\n>p2 move flipturn\n>p2 switch 3\n>p1 move iciclespear\n>p2 move supercellslam\n>p1 move iciclespear\n>p2 move voltswitch\n>p2 switch 5\n>p1 move iciclespear\n>p2 move thunderbolt\n>p1 switch 5\n>p1 move knockoff\n>p2 move psyshock\n>p2 switch 3\n>p1 move machpunch\n>p2 move surf\n>p1 switch 2\n>p1 move drillrun\n>p2 move flipturn\n>p2 switch 2\n>p1 move drillrun\n>p2 move blizzard\n>p1 switch 3\n>p1 move fireblast\n>p2 move auroraveil\n>p2 switch 4\n>p1 move fireblast\n>p2 move bodypress\n>p1 move fireblast\n>p2 switch 6\n>p1 move darkpulse\n>p2 move meteorbeam\n>p1 switch 6\n>p1 move populationbomb\n>p2 move meteorbeam\n>p2 switch 6\n>p1 move spore\n>p2 move bodypress\n>p1 move populationbomb\n>p2 move bodypress\n>p1 move spore\n>p2 move bodypress terastallize\n>p1 move populationbomb\n>p2 move bodypress", "uploadtime": 1781382899, "views": 19, "formatid": "gen9randombattle", "rating": 1000, "private": 0, "password": null, "player_dets": [{"name": "Stickdude_25", "avatar": "ninjaboy", "rating": 1035, "seed": "sodium,7d5ce3af8547b97242e8666120ae180d"}, {"name": "friendlyinsom", "avatar": "burglar", "rating": 1000, "seed": "sodium,6d2f75d37ea64d92ff8885a78f5496cd"}], "teams_full": [{"Cloyster": {"name": "Cloyster", "species": "Cloyster", "speciesId": "cloyster", "gender": "M", "shiny": false, "level": 80, "moves": ["hydropump", "rockblast", "shellsmash", "iciclespear"], "ability": "Skill Link", "evs": {"hp": 85, "atk": 85, "def": 85, "spa": 85, "spd": 85, "spe": 85}, "ivs": {"hp": 31, "atk": 31, "def": 31, "spa": 31, "spd": 31, "spe": 31}, "item": "White Herb", "teraType": "Ice", "role": "Setup Sweeper", "bvs": {"hp": 50, "atk": 95, "def": 180, "spa": 85, "spd": 45, "spe": 70}, "stats": {"hp": 211, "atk": 198, "def": 334, "spa": 182, "spd": 118, "spe": 158}, "types": ["Water", "Ice"]}, "Dodrio": {"name": "Dodrio", "species": "Dodrio", "speciesId": "dodrio", "gender": "F", "shiny": false, "level": 85, "moves": ["doubleedge", "drillrun", "bravebird", "knockoff"], "ability": "Early Bird", "evs": {"hp": 85, "atk": 85, "def": 85, "spa": 85, "spd": 85, "spe": 85}, "ivs": {"hp": 31, "atk": 31, "def": 31, "spa": 31, "spd": 31, "spe": 31}, "item": "Choice Band", "teraType": "Ground", "role": "Fast Attacker", "bvs": {"hp": 60, "atk": 110, "def": 70, "spa": 60, "spd": 60, "spe": 110}, "stats": {"hp": 241, "atk": 236, "def": 168, "spa": 151, "spd": 151, "spe": 236}, "types": ["Normal", "Flying"]}, "Houndoom": {"name": "Houndoom", "species": "Houndoom", "speciesId": "houndoom", "gender": "F", "shiny": false, "level": 87, "moves": ["darkpulse", "nastyplot", "fireblast", "sludgebomb"], "ability": "Flash Fire", "evs": {"hp": 85, "atk": 0, "def": 85, "spa": 85, "spd": 85, "spe": 85}, "ivs": {"hp": 31, "atk": 0, "def": 31, "spa": 31, "spd": 31, "spe": 31}, "item": "Heavy-Duty Boots", "teraType": "Fire", "role": "Fast Attacker", "bvs": {"hp": 75, "atk": 90, "def": 50, "spa": 110, "spd": 80, "spe": 95}, "stats": {"hp": 272, "atk": 161, "def": 137, "spa": 241, "spd": 189, "spe": 215}, "types": ["Dark", "Fire"]}, "Toxicroak": {"name": "Toxicroak", "species": "Toxicroak", "speciesId": "toxicroak", "gender": "F", "shiny": false, "level": 84, "moves": ["closecombat", "earthquake", "gunkshot", "swordsdance"], "ability": "Dry Skin", "evs": {"hp": 85, "atk": 85, "def": 85, "spa": 85, "spd": 85, "spe": 85}, "ivs": {"hp": 31, "atk": 31, "def": 31, "spa": 31, "spd": 31, "spe": 31}, "item": "Life Orb", "teraType": "Fighting", "role": "Setup Sweeper", "bvs": {"hp": 83, "atk": 106, "def": 65, "spa": 86, "spd": 65, "spe": 85}, "stats": {"hp": 277, "atk": 226, "def": 157, "spa": 193, "spd": 157, "spe": 191}, "types": ["Poison", "Fighting"]}, "Conkeldurr": {"name": "Conkeldurr", "species": "Conkeldurr", "speciesId": "conkeldurr", "gender": "M", "shiny": false, "level": 80, "moves": ["knockoff", "facade", "machpunch", "closecombat"], "ability": "Guts", "evs": {"hp": 85, "atk": 85, "def": 85, "spa": 85, "spd": 85, "spe": 85}, "ivs": {"hp": 31, "atk": 31, "def": 31, "spa": 31, "spd": 31, "spe": 31}, "item": "Flame Orb", "teraType": "Normal", "role": "Wallbreaker", "bvs": {"hp": 105, "atk": 140, "def": 95, "spa": 55, "spd": 65, "spe": 45}, "stats": {"hp": 299, "atk": 270, "def": 198, "spa": 134, "spd": 150, "spe": 118}, "types": ["Fighting"]}, "Smeargle": {"name": "Smeargle", "species": "Smeargle", "speciesId": "smeargle", "gender": "M", "shiny": false, "level": 95, "moves": ["powertrip", "populationbomb", "shellsmash", "spore"], "ability": "Technician", "evs": {"hp": 85, "atk": 85, "def": 85, "spa": 85, "spd": 85, "spe": 85}, "ivs": {"hp": 31, "atk": 31, "def": 31, "spa": 31, "spd": 31, "spe": 31}, "item": "Wide Lens", "teraType": "Ghost", "role": "Setup Sweeper", "bvs": {"hp": 55, "atk": 20, "def": 35, "spa": 20, "spd": 45, "spe": 75}, "stats": {"hp": 258, "atk": 92, "def": 120, "spa": 92, "spd": 139, "spe": 196}, "types": ["Normal"]}}, {"Empoleon": {"name": "Empoleon", "species": "Empoleon", "speciesId": "empoleon", "gender": "M", "shiny": false, "level": 84, "moves": ["yawn", "flipturn", "roost", "surf"], "ability": "Competitive", "evs": {"hp": 85, "atk": 85, "def": 85, "spa": 85, "spd": 85, "spe": 85}, "ivs": {"hp": 31, "atk": 31, "def": 31, "spa": 31, "spd": 31, "spe": 31}, "item": "Leftovers", "teraType": "Grass", "role": "Bulky Support", "bvs": {"hp": 84, "atk": 86, "def": 88, "spa": 111, "spd": 101, "spe": 60}, "stats": {"hp": 278, "atk": 193, "def": 196, "spa": 235, "spd": 218, "spe": 149}, "types": ["Water", "Steel"]}, "Abomasnow": {"name": "Abomasnow", "species": "Abomasnow", "speciesId": "abomasnow", "gender": "F", "shiny": false, "level": 84, "moves": ["earthquake", "blizzard", "auroraveil", "iceshard"], "ability": "Snow Warning", "evs": {"hp": 77, "atk": 85, "def": 85, "spa": 85, "spd": 85, "spe": 85}, "ivs": {"hp": 31, "atk": 31, "def": 31, "spa": 31, "spd": 31, "spe": 31}, "item": "Light Clay", "teraType": "Water", "role": "Bulky Support", "bvs": {"hp": 90, "atk": 92, "def": 75, "spa": 92, "spd": 85, "spe": 60}, "stats": {"hp": 287, "atk": 203, "def": 174, "spa": 203, "spd": 191, "spe": 149}, "types": ["Grass", "Ice"]}, "Zebstrika": {"name": "Zebstrika", "species": "Zebstrika", "speciesId": "zebstrika", "gender": "M", "shiny": false, "level": 87, "moves": ["overheat", "highhorsepower", "voltswitch", "supercellslam"], "ability": "Sap Sipper", "evs": {"hp": 85, "atk": 85, "def": 85, "spa": 85, "spd": 85, "spe": 85}, "ivs": {"hp": 31, "atk": 31, "def": 31, "spa": 31, "spd": 31, "spe": 31}, "item": "Life Orb", "teraType": "Ground", "role": "Fast Attacker", "bvs": {"hp": 75, "atk": 100, "def": 63, "spa": 80, "spd": 63, "spe": 116}, "stats": {"hp": 272, "atk": 224, "def": 159, "spa": 189, "spd": 159, "spe": 252}, "types": ["Electric"]}, "Magnezone": {"name": "Magnezone", "species": "Magnezone", "speciesId": "magnezone", "gender": "N", "shiny": false, "level": 85, "moves": ["flashcannon", "voltswitch", "bodypress", "thunderbolt"], "ability": "Magnet Pull", "evs": {"hp": 85, "atk": 0, "def": 85, "spa": 85, "spd": 85, "spe": 85}, "ivs": {"hp": 31, "atk": 0, "def": 31, "spa": 31, "spd": 31, "spe": 31}, "item": "Assault Vest", "teraType": "Flying", "role": "AV Pivot", "bvs": {"hp": 70, "atk": 70, "def": 115, "spa": 130, "spd": 90, "spe": 60}, "stats": {"hp": 258, "atk": 124, "def": 244, "spa": 270, "spd": 202, "spe": 151}, "types": ["Electric", "Steel"]}, "Girafarig": {"name": "Girafarig", "species": "Girafarig", "speciesId": "girafarig", "gender": "M", "shiny": false, "level": 89, "moves": ["nastyplot", "psyshock", "hypervoice", "thunderbolt"], "ability": "Sap Sipper", "evs": {"hp": 85, "atk": 0, "def": 85, "spa": 85, "spd": 85, "spe": 85}, "ivs": {"hp": 31, "atk": 0, "def": 31, "spa": 31, "spd": 31, "spe": 31}, "item": "Eviolite", "teraType": "Normal", "role": "Fast Bulky Setup", "bvs": {"hp": 70, "atk": 80, "def": 65, "spa": 90, "spd": 65, "spe": 85}, "stats": {"hp": 269, "atk": 147, "def": 166, "spa": 211, "spd": 166, "spe": 202}, "types": ["Normal", "Psychic"]}, "Iron Jugulis": {"name": "Iron Jugulis", "species": "Iron Jugulis", "speciesId": "ironjugulis", "gender": "N", "shiny": false, "level": 77, "moves": ["darkpulse", "earthpower", "meteorbeam", "hurricane"], "ability": "Quark Drive", "evs": {"hp": 85, "atk": 0, "def": 85, "spa": 85, "spd": 85, "spe": 85}, "ivs": {"hp": 31, "atk": 0, "def": 31, "spa": 31, "spd": 31, "spe": 31}, "item": "Power Herb", "teraType": "Ground", "role": "Setup Sweeper", "bvs": {"hp": 94, "atk": 80, "def": 86, "spa": 122, "spd": 80, "spe": 108}, "stats": {"hp": 271, "atk": 128, "def": 177, "spa": 232, "spd": 168, "spe": 211}, "types": ["Dark", "Flying"]}}]}