{"id": "gen9randombattle-2631830478", "format": "[Gen 9] Random Battle", "players": ["Highster5", "joebidenfan1245"], "log": "|j|\u2606Highster5\n|j|\u203djoebidenfan1245\n|t:|1781445595\n|gametype|singles\n|player|p1|Highster5|nemona-masters|2060\n|player|p2|joebidenfan1245|265|2075\n|gen|9\n|tier|[Gen 9] Random Battle\n|rated|\n|rule|Species Clause: Limit one of each Pok\u00e9mon\n|rule|HP Percentage Mod: HP is shown in percentages\n|rule|Sleep Clause Mod: Limit one foe put to sleep\n|rule|Illusion Level Mod: Illusion disguises the Pok\u00e9mon's true level\n|\n|t:|1781445595\n|teamsize|p1|6\n|teamsize|p2|6\n|start\n|switch|p1a: Shaymin|Shaymin, L82|298/298\n|switch|p2a: Ludicolo|Ludicolo, L90, M|290/290\n|turn|1\n|inactive|Battle timer is ON: inactive players will automatically lose when time's up. (requested by Highster5)\n|\n|t:|1781445619\n|switch|p1a: Sylveon|Sylveon, L85, F|300/300\n|move|p2a: Ludicolo|Ice Beam|p1a: Sylveon\n|-damage|p1a: Sylveon|230/300\n|-damage|p2a: Ludicolo|261/290|[from] item: Life Orb\n|\n|-heal|p1a: Sylveon|248/300|[from] item: Leftovers\n|upkeep\n|turn|2\n|\n|t:|1781445638\n|switch|p2a: Gumshoos|Gumshoos, L95, M|321/321\n|move|p1a: Sylveon|Calm Mind|p1a: Sylveon\n|-boost|p1a: Sylveon|spa|1\n|-boost|p1a: Sylveon|spd|1\n|\n|-heal|p1a: Sylveon|266/300|[from] item: Leftovers\n|upkeep\n|turn|3\n|\n|t:|1781445647\n|move|p1a: Sylveon|Protect|p1a: Sylveon\n|-singleturn|p1a: Sylveon|Protect\n|move|p2a: Gumshoos|Double-Edge|p1a: Sylveon\n|-activate|p1a: Sylveon|move: Protect\n|\n|-heal|p1a: Sylveon|284/300|[from] item: Leftovers\n|upkeep\n|turn|4\n|\n|t:|1781445653\n|switch|p1a: Registeel|Registeel, L81|262/262\n|move|p2a: Gumshoos|Double-Edge|p1a: Registeel\n|-resisted|p1a: Registeel\n|-damage|p1a: Registeel|130/262\n|-damage|p2a: Gumshoos|277/321|[from] Recoil\n|\n|-heal|p1a: Registeel|146/262|[from] item: Leftovers\n|upkeep\n|turn|5\n|\n|t:|1781445662\n|switch|p2a: Pincurchin|Pincurchin, F|258/258\n|-fieldstart|move: Electric Terrain|[from] ability: Electric Surge|[of] p2a: Pincurchin\n|move|p1a: Registeel|Thunder Wave|p2a: Pincurchin\n|-immune|p2a: Pincurchin\n|\n|-heal|p1a: Registeel|162/262|[from] item: Leftovers\n|upkeep\n|turn|6\n|\n|t:|1781445670\n|move|p1a: Registeel|Stealth Rock|p2a: Pincurchin\n|-sidestart|p2: joebidenfan1245|move: Stealth Rock\n|move|p2a: Pincurchin|Spikes|p1a: Registeel\n|-sidestart|p1: Highster5|Spikes\n|\n|-heal|p1a: Registeel|178/262|[from] item: Leftovers\n|upkeep\n|turn|7\n|\n|t:|1781445679\n|switch|p1a: Cetitan|Cetitan, L82, M|413/413\n|-damage|p1a: Cetitan|362/413|[from] Spikes\n|move|p2a: Pincurchin|Thunderbolt|p1a: Cetitan\n|-damage|p1a: Cetitan|124/413\n|\n|upkeep\n|turn|8\n|\n|t:|1781445687\n|move|p1a: Cetitan|Icicle Crash|p2a: Pincurchin\n|-damage|p2a: Pincurchin|132/258\n|move|p2a: Pincurchin|Thunderbolt|p1a: Cetitan\n|-damage|p1a: Cetitan|0 fnt\n|faint|p1a: Cetitan\n|\n|-heal|p2a: Pincurchin|148/258|[from] item: Leftovers\n|upkeep\n|\n|t:|1781445691\n|switch|p1a: Sylveon|Sylveon, L85, F|284/300\n|-damage|p1a: Sylveon|247/300|[from] Spikes\n|turn|9\n|\n|t:|1781445696\n|switch|p2a: Gumshoos|Gumshoos, L95, M|277/321\n|-damage|p2a: Gumshoos|237/321|[from] Stealth Rock\n|move|p1a: Sylveon|Calm Mind|p1a: Sylveon\n|-boost|p1a: Sylveon|spa|1\n|-boost|p1a: Sylveon|spd|1\n|\n|-heal|p1a: Sylveon|265/300|[from] item: Leftovers\n|-fieldend|move: Electric Terrain\n|upkeep\n|turn|10\n|\n|t:|1781445699\n|-terastallize|p1a: Sylveon|Steel\n|move|p1a: Sylveon|Calm Mind|p1a: Sylveon\n|-boost|p1a: Sylveon|spa|1\n|-boost|p1a: Sylveon|spd|1\n|move|p2a: Gumshoos|Double-Edge|p1a: Sylveon\n|-resisted|p1a: Sylveon\n|-damage|p1a: Sylveon|26/300\n|-damage|p2a: Gumshoos|158/321|[from] Recoil\n|\n|-heal|p1a: Sylveon|44/300|[from] item: Leftovers\n|upkeep\n|turn|11\n|\n|t:|1781445706\n|move|p1a: Sylveon|Hyper Voice|p2a: Gumshoos\n|-damage|p2a: Gumshoos|0 fnt\n|faint|p2a: Gumshoos\n|\n|-heal|p1a: Sylveon|62/300|[from] item: Leftovers\n|upkeep\n|\n|t:|1781445720\n|switch|p2a: Farigiraf|Farigiraf, L90, F|362/362\n|-damage|p2a: Farigiraf|317/362|[from] Stealth Rock\n|turn|12\n|\n|t:|1781445725\n|move|p2a: Farigiraf|Body Slam|p1a: Sylveon\n|-resisted|p1a: Sylveon\n|-damage|p1a: Sylveon|0 fnt\n|faint|p1a: Sylveon\n|\n|-heal|p2a: Farigiraf|339/362|[from] item: Leftovers\n|upkeep\n|\n|t:|1781445730\n|switch|p1a: Qwilfish|Qwilfish-Hisui, L83, F|244/244\n|-damage|p1a: Qwilfish|214/244|[from] Spikes\n|-ability|p1a: Qwilfish|Intimidate|boost\n|-unboost|p2a: Farigiraf|atk|1\n|turn|13\n|\n|t:|1781445740\n|move|p1a: Qwilfish|Spikes|p2a: Farigiraf\n|-sidestart|p2: joebidenfan1245|Spikes\n|move|p2a: Farigiraf|Body Slam|p1a: Qwilfish\n|-damage|p1a: Qwilfish|168/244\n|\n|-heal|p2a: Farigiraf|361/362|[from] item: Leftovers\n|upkeep\n|turn|14\n|\n|t:|1781445754\n|move|p1a: Qwilfish|Toxic Spikes|p2a: Farigiraf\n|-sidestart|p2: joebidenfan1245|move: Toxic Spikes\n|move|p2a: Farigiraf|Body Slam|p1a: Qwilfish\n|-damage|p1a: Qwilfish|120/244\n|\n|-heal|p2a: Farigiraf|362/362|[from] item: Leftovers\n|upkeep\n|turn|15\n|\n|t:|1781445761\n|move|p1a: Qwilfish|Crunch|p2a: Farigiraf\n|-supereffective|p2a: Farigiraf\n|-damage|p2a: Farigiraf|188/362\n|-unboost|p2a: Farigiraf|def|1\n|move|p2a: Farigiraf|Body Slam|p1a: Qwilfish\n|-damage|p1a: Qwilfish|71/244\n|-status|p1a: Qwilfish|par\n|\n|-heal|p2a: Farigiraf|210/362|[from] item: Leftovers\n|upkeep\n|turn|16\n|\n|t:|1781445779\n|switch|p2a: Pincurchin|Pincurchin, F|148/258\n|-damage|p2a: Pincurchin|116/258|[from] Stealth Rock\n|-damage|p2a: Pincurchin|84/258|[from] Spikes\n|-status|p2a: Pincurchin|psn\n|-fieldstart|move: Electric Terrain|[from] ability: Electric Surge|[of] p2a: Pincurchin\n|cant|p1a: Qwilfish|par\n|\n|-heal|p2a: Pincurchin|100/258 psn|[from] item: Leftovers\n|-damage|p2a: Pincurchin|68/258 psn|[from] psn\n|upkeep\n|turn|17\n|\n|t:|1781445790\n|cant|p1a: Qwilfish|par\n|move|p2a: Pincurchin|Recover|p2a: Pincurchin\n|-heal|p2a: Pincurchin|197/258 psn\n|\n|-heal|p2a: Pincurchin|213/258 psn|[from] item: Leftovers\n|-damage|p2a: Pincurchin|181/258 psn|[from] psn\n|upkeep\n|turn|18\n|\n|t:|1781445794\n|move|p1a: Qwilfish|Toxic Spikes|p2a: Pincurchin\n|-sidestart|p2: joebidenfan1245|move: Toxic Spikes\n|move|p2a: Pincurchin|Recover|p2a: Pincurchin\n|-heal|p2a: Pincurchin|258/258 psn\n|\n|-damage|p2a: Pincurchin|226/258 psn|[from] psn\n|upkeep\n|turn|19\n|\n|t:|1781445798\n|move|p1a: Qwilfish|Spikes|p2a: Pincurchin\n|-sidestart|p2: joebidenfan1245|Spikes\n|move|p2a: Pincurchin|Thunderbolt|p1a: Qwilfish\n|-damage|p1a: Qwilfish|0 fnt\n|faint|p1a: Qwilfish\n|\n|-heal|p2a: Pincurchin|242/258 psn|[from] item: Leftovers\n|-damage|p2a: Pincurchin|210/258 psn|[from] psn\n|upkeep\n|\n|t:|1781445808\n|switch|p1a: Shaymin|Shaymin, L82|298/298\n|-damage|p1a: Shaymin|261/298|[from] Spikes\n|turn|20\n|\n|t:|1781445815\n|switch|p2a: Ludicolo|Ludicolo, L90, M|261/290\n|-damage|p2a: Ludicolo|225/290|[from] Stealth Rock\n|-damage|p2a: Ludicolo|177/290|[from] Spikes\n|-status|p2a: Ludicolo|tox\n|move|p1a: Shaymin|Earth Power|p2a: Ludicolo\n|-resisted|p2a: Ludicolo\n|-damage|p2a: Ludicolo|152/290 tox\n|\n|-heal|p1a: Shaymin|279/298|[from] item: Leftovers\n|-damage|p2a: Ludicolo|134/290 tox|[from] psn\n|-fieldend|move: Electric Terrain\n|upkeep\n|turn|21\n|\n|t:|1781445827\n|move|p1a: Shaymin|Air Slash|p2a: Ludicolo\n|-supereffective|p2a: Ludicolo\n|-damage|p2a: Ludicolo|44/290 tox\n|cant|p2a: Ludicolo|flinch\n|\n|-heal|p1a: Shaymin|297/298|[from] item: Leftovers\n|-damage|p2a: Ludicolo|8/290 tox|[from] psn\n|upkeep\n|turn|22\n|\n|t:|1781445834\n|move|p1a: Shaymin|Air Slash|p2a: Ludicolo\n|-supereffective|p2a: Ludicolo\n|-damage|p2a: Ludicolo|0 fnt\n|faint|p2a: Ludicolo\n|\n|-heal|p1a: Shaymin|298/298|[from] item: Leftovers\n|upkeep\n|\n|t:|1781445849\n|switch|p2a: Gardevoir|Gardevoir, L83, M|249/249\n|-damage|p2a: Gardevoir|218/249|[from] Stealth Rock\n|-damage|p2a: Gardevoir|177/249|[from] Spikes\n|-status|p2a: Gardevoir|tox\n|-ability|p2a: Gardevoir|Natural Cure|Trace|[from] ability: Trace|[of] p1a: Shaymin\n|turn|23\n|\n|t:|1781445855\n|switch|p1a: Registeel|Registeel, L81|178/262\n|-damage|p1a: Registeel|146/262|[from] Spikes\n|move|p2a: Gardevoir|Moonblast|p1a: Registeel\n|-resisted|p1a: Registeel\n|-damage|p1a: Registeel|104/262\n|\n|-heal|p1a: Registeel|120/262|[from] item: Leftovers\n|-damage|p2a: Gardevoir|162/249 tox|[from] psn\n|upkeep\n|turn|24\n|\n|t:|1781445869\n|-curestatus|p2a: Gardevoir|tox|[from] ability: Natural Cure|[silent]\n|switch|p2a: Pincurchin|Pincurchin, F|210/258 psn\n|-damage|p2a: Pincurchin|178/258 psn|[from] Stealth Rock\n|-damage|p2a: Pincurchin|135/258 psn|[from] Spikes\n|-fieldstart|move: Electric Terrain|[from] ability: Electric Surge|[of] p2a: Pincurchin\n|move|p1a: Registeel|Body Press|p2a: Pincurchin\n|-damage|p2a: Pincurchin|72/258 psn\n|\n|-heal|p1a: Registeel|136/262|[from] item: Leftovers\n|-heal|p2a: Pincurchin|88/258 psn|[from] item: Leftovers\n|-damage|p2a: Pincurchin|56/258 psn|[from] psn\n|upkeep\n|turn|25\n|\n|t:|1781445884\n|move|p1a: Registeel|Body Press|p2a: Pincurchin\n|-damage|p2a: Pincurchin|0 fnt\n|faint|p2a: Pincurchin\n|\n|-heal|p1a: Registeel|152/262|[from] item: Leftovers\n|upkeep\n|\n|t:|1781445895\n|switch|p2a: Gardevoir|Gardevoir, L83, M|162/249\n|-damage|p2a: Gardevoir|131/249|[from] Stealth Rock\n|-damage|p2a: Gardevoir|90/249|[from] Spikes\n|-status|p2a: Gardevoir|tox\n|-ability|p2a: Gardevoir|Clear Body|Trace|[from] ability: Trace|[of] p1a: Registeel\n|turn|26\n|\n|t:|1781445903\n|switch|p1a: Entei|Entei, L78|307/307\n|-damage|p1a: Entei|269/307|[from] Spikes\n|move|p2a: Gardevoir|Focus Blast|p1a: Entei|[miss]\n|-miss|p2a: Gardevoir|p1a: Entei\n|\n|-damage|p2a: Gardevoir|75/249 tox|[from] psn\n|upkeep\n|turn|27\n|\n|t:|1781445910\n|move|p1a: Entei|Extreme Speed|p2a: Gardevoir\n|-damage|p2a: Gardevoir|0 fnt\n|faint|p2a: Gardevoir\n|\n|upkeep\n|\n|t:|1781445913\n|switch|p2a: Jolteon|Jolteon, L84, M|246/246\n|-damage|p2a: Jolteon|216/246|[from] Stealth Rock\n|-damage|p2a: Jolteon|175/246|[from] Spikes\n|-status|p2a: Jolteon|tox\n|turn|28\n|\n|t:|1781445921\n|switch|p1a: Shaymin|Shaymin, L82|298/298\n|-damage|p1a: Shaymin|261/298|[from] Spikes\n|-terastallize|p2a: Jolteon|Electric\n|move|p2a: Jolteon|Thunderbolt|p1a: Shaymin\n|-resisted|p1a: Shaymin\n|-damage|p1a: Shaymin|158/298\n|-damage|p2a: Jolteon|151/246 tox|[from] item: Life Orb\n|\n|-heal|p1a: Shaymin|176/298|[from] item: Leftovers\n|-damage|p2a: Jolteon|136/246 tox|[from] psn\n|-fieldend|move: Electric Terrain\n|upkeep\n|turn|29\n|\n|t:|1781445931\n|move|p2a: Jolteon|Shadow Ball|p1a: Shaymin\n|-damage|p1a: Shaymin|107/298\n|-unboost|p1a: Shaymin|spd|1\n|-damage|p2a: Jolteon|112/246 tox|[from] item: Life Orb\n|move|p1a: Shaymin|Earth Power|p2a: Jolteon\n|-supereffective|p2a: Jolteon\n|-damage|p2a: Jolteon|4/246 tox\n|\n|-heal|p1a: Shaymin|125/298|[from] item: Leftovers\n|-damage|p2a: Jolteon|0 fnt|[from] psn\n|faint|p2a: Jolteon\n|upkeep\n|\n|t:|1781445935\n|switch|p2a: Farigiraf|Farigiraf, L90, F|210/362\n|-damage|p2a: Farigiraf|165/362|[from] Stealth Rock\n|-damage|p2a: Farigiraf|105/362|[from] Spikes\n|-status|p2a: Farigiraf|tox\n|turn|30\n|\n|t:|1781445965\n|move|p1a: Shaymin|Synthesis|p1a: Shaymin\n|-heal|p1a: Shaymin|274/298\n|move|p2a: Farigiraf|Wish|p2a: Farigiraf\n|\n|-heal|p1a: Shaymin|292/298|[from] item: Leftovers\n|-heal|p2a: Farigiraf|127/362 tox|[from] item: Leftovers\n|-damage|p2a: Farigiraf|105/362 tox|[from] psn\n|upkeep\n|turn|31\n|\n|t:|1781445973\n|switch|p1a: Registeel|Registeel, L81|152/262\n|-damage|p1a: Registeel|120/262|[from] Spikes\n|move|p2a: Farigiraf|Psychic Noise|p1a: Registeel\n|-resisted|p1a: Registeel\n|-damage|p1a: Registeel|83/262\n|-start|p1a: Registeel|move: Heal Block\n|\n|-heal|p2a: Farigiraf|286/362 tox|[from] move: Wish|[wisher] Farigiraf\n|-heal|p2a: Farigiraf|308/362 tox|[from] item: Leftovers\n|-damage|p2a: Farigiraf|264/362 tox|[from] psn\n|upkeep\n|turn|32\n|\n|t:|1781445978\n|move|p2a: Farigiraf|Body Slam|p1a: Registeel\n|-resisted|p1a: Registeel\n|-damage|p1a: Registeel|52/262\n|move|p1a: Registeel|Iron Head|p2a: Farigiraf\n|-damage|p2a: Farigiraf|189/362 tox\n|\n|-heal|p2a: Farigiraf|211/362 tox|[from] item: Leftovers\n|-damage|p2a: Farigiraf|145/362 tox|[from] psn\n|-end|p1a: Registeel|move: Heal Block\n|upkeep\n|turn|33\n|\n|t:|1781445992\n|move|p2a: Farigiraf|Psychic Noise|p1a: Registeel\n|-resisted|p1a: Registeel\n|-damage|p1a: Registeel|20/262\n|-start|p1a: Registeel|move: Heal Block\n|move|p1a: Registeel|Iron Head|p2a: Farigiraf\n|-damage|p2a: Farigiraf|72/362 tox\n|\n|-heal|p2a: Farigiraf|94/362 tox|[from] item: Leftovers\n|-damage|p2a: Farigiraf|6/362 tox|[from] psn\n|upkeep\n|turn|34\n|\n|t:|1781446003\n|move|p2a: Farigiraf|Body Slam|p1a: Registeel\n|-resisted|p1a: Registeel\n|-damage|p1a: Registeel|0 fnt\n|faint|p1a: Registeel\n|\n|-heal|p2a: Farigiraf|28/362 tox|[from] item: Leftovers\n|-damage|p2a: Farigiraf|0 fnt|[from] psn\n|faint|p2a: Farigiraf\n|\n|win|Highster5\n", "inputlog": ">version a8376a258c1d4662feba110a92103f3664a72141\n>start {\"formatid\":\"gen9randombattle\",\"seed\":\"sodium,58edbe5aedb2cf9f37be677b3f342dac\",\"rated\":\"Rated battle\"}\n>player p1 {\"name\":\"Highster5\",\"avatar\":\"nemona-masters\",\"rating\":2060,\"seed\":\"sodium,4e8445d5edef581d306e28c259235a4b\"}\n>player p2 {\"name\":\"joebidenfan1245\",\"avatar\":\"265\",\"rating\":2075,\"seed\":\"sodium,bff7a1458887825d252ebca992e3b3fe\"}\n>p1 switch 5\n>p2 move icebeam\n>p1 move calmmind\n>p2 switch 6\n>p1 move protect\n>p2 move doubleedge\n>p1 switch 2\n>p2 move doubleedge\n>p1 move thunderwave\n>p2 switch 3\n>p1 move stealthrock\n>p2 move spikes\n>p1 switch 3\n>p2 move thunderbolt\n>p1 move iciclecrash\n>p2 move thunderbolt\n>p1 switch 2\n>p1 move calmmind\n>p2 switch 3\n>p1 move calmmind terastallize\n>p2 move doubleedge\n>p1 move hypervoice\n>p2 move doubleedge\n>p2 switch 2\n>p1 move wish\n>p2 move bodyslam\n>p1 switch 6\n>p1 move spikes\n>p2 move bodyslam\n>p1 move toxicspikes\n>p2 move bodyslam\n>p1 move crunch\n>p2 move bodyslam\n>p1 move toxicspikes\n>p2 switch 3\n>p1 move toxicspikes\n>p2 move recover\n>p1 move toxicspikes\n>p2 move recover\n>p1 move spikes\n>p2 move thunderbolt\n>p1 switch 5\n>p1 move earthpower\n>p2 switch 6\n>p1 move airslash\n>p2 move icebeam\n>p1 move airslash\n>p2 move icebeam\n>p2 switch 4\n>p1 switch 3\n>p2 move moonblast\n>p1 move bodypress\n>p2 switch 6\n>p1 move bodypress\n>p2 move recover\n>p2 switch 6\n>p1 switch 4\n>p2 move focusblast\n>p1 move extremespeed\n>p2 move focusblast\n>p2 switch 5\n>p1 switch 3\n>p2 move thunderbolt terastallize\n>p1 move earthpower\n>p2 move shadowball\n>p2 switch 3\n>p1 move synthesis\n>p2 move wish\n>p1 switch 4\n>p2 move psychicnoise\n>p1 move ironhead\n>p2 move bodyslam\n>p1 move ironhead\n>p2 move psychicnoise\n>p1 move ironhead\n>p2 move bodyslam", "uploadtime": 1781445597, "views": 4, "formatid": "gen9randombattle", "rating": null, "private": 0, "password": null, "player_dets": [{"name": "Highster5", "avatar": "nemona-masters", "rating": 2060, "seed": "sodium,4e8445d5edef581d306e28c259235a4b"}, {"name": "joebidenfan1245", "avatar": "265", "rating": 2075, "seed": "sodium,bff7a1458887825d252ebca992e3b3fe"}], "teams_full": [{"Shaymin": {"name": "Shaymin", "species": "Shaymin", "speciesId": "shaymin", "gender": "N", "shiny": false, "level": 82, "moves": ["seedflare", "earthpower", "airslash", "synthesis"], "ability": "Natural Cure", "evs": {"hp": 85, "atk": 0, "def": 85, "spa": 85, "spd": 85, "spe": 85}, "ivs": {"hp": 31, "atk": 0, "def": 31, "spa": 31, "spd": 31, "spe": 31}, "item": "Leftovers", "teraType": "Ground", "role": "Bulky Attacker", "bvs": {"hp": 100, "atk": 100, "def": 100, "spa": 100, "spd": 100, "spe": 100}, "stats": {"hp": 298, "atk": 169, "def": 211, "spa": 211, "spd": 211, "spe": 211}, "types": ["Grass"]}, "Registeel": {"name": "Registeel", "species": "Registeel", "speciesId": "registeel", "gender": "N", "shiny": false, "level": 81, "moves": ["ironhead", "stealthrock", "bodypress", "thunderwave"], "ability": "Clear Body", "evs": {"hp": 85, "atk": 85, "def": 85, "spa": 85, "spd": 85, "spe": 85}, "ivs": {"hp": 31, "atk": 31, "def": 31, "spa": 31, "spd": 31, "spe": 31}, "item": "Leftovers", "teraType": "Fighting", "role": "Bulky Support", "bvs": {"hp": 80, "atk": 75, "def": 150, "spa": 75, "spd": 150, "spe": 50}, "stats": {"hp": 262, "atk": 168, "def": 290, "spa": 168, "spd": 290, "spe": 128}, "types": ["Steel"]}, "Cetitan": {"name": "Cetitan", "species": "Cetitan", "speciesId": "cetitan", "gender": "M", "shiny": false, "level": 82, "moves": ["liquidation", "earthquake", "iciclecrash", "iceshard"], "ability": "Sheer Force", "evs": {"hp": 85, "atk": 85, "def": 85, "spa": 85, "spd": 85, "spe": 85}, "ivs": {"hp": 31, "atk": 31, "def": 31, "spa": 31, "spd": 31, "spe": 31}, "item": "Life Orb", "teraType": "Water", "role": "Wallbreaker", "bvs": {"hp": 170, "atk": 113, "def": 65, "spa": 45, "spd": 55, "spe": 73}, "stats": {"hp": 413, "atk": 232, "def": 154, "spa": 121, "spd": 137, "spe": 167}, "types": ["Ice"]}, "Entei": {"name": "Entei", "species": "Entei", "speciesId": "entei", "gender": "N", "shiny": false, "level": 78, "moves": ["extremespeed", "stoneedge", "flareblitz", "sacredfire"], "ability": "Inner Focus", "evs": {"hp": 85, "atk": 85, "def": 85, "spa": 85, "spd": 85, "spe": 85}, "ivs": {"hp": 31, "atk": 31, "def": 31, "spa": 31, "spd": 31, "spe": 31}, "item": "Choice Band", "teraType": "Fire", "role": "Fast Attacker", "bvs": {"hp": 115, "atk": 115, "def": 85, "spa": 90, "spd": 75, "spe": 100}, "stats": {"hp": 307, "atk": 224, "def": 178, "spa": 185, "spd": 162, "spe": 201}, "types": ["Fire"]}, "Sylveon": {"name": "Sylveon", "species": "Sylveon", "speciesId": "sylveon", "gender": "F", "shiny": false, "level": 85, "moves": ["wish", "protect", "calmmind", "hypervoice"], "ability": "Pixilate", "evs": {"hp": 85, "atk": 0, "def": 85, "spa": 85, "spd": 85, "spe": 85}, "ivs": {"hp": 31, "atk": 0, "def": 31, "spa": 31, "spd": 31, "spe": 31}, "item": "Leftovers", "teraType": "Steel", "role": "Bulky Setup", "bvs": {"hp": 95, "atk": 65, "def": 65, "spa": 110, "spd": 130, "spe": 60}, "stats": {"hp": 300, "atk": 115, "def": 159, "spa": 236, "spd": 270, "spe": 151}, "types": ["Fairy"]}, "Qwilfish": {"name": "Qwilfish", "species": "Qwilfish-Hisui", "speciesId": "qwilfishhisui", "gender": "F", "shiny": false, "level": 83, "moves": ["toxicspikes", "gunkshot", "spikes", "crunch"], "ability": "Intimidate", "evs": {"hp": 85, "atk": 85, "def": 85, "spa": 85, "spd": 85, "spe": 85}, "ivs": {"hp": 31, "atk": 31, "def": 31, "spa": 31, "spd": 31, "spe": 31}, "item": "Eviolite", "teraType": "Flying", "role": "Bulky Support", "bvs": {"hp": 65, "atk": 95, "def": 85, "spa": 55, "spd": 55, "spe": 85}, "stats": {"hp": 244, "atk": 205, "def": 189, "spa": 139, "spd": 139, "spe": 189}, "types": ["Dark", "Poison"]}}, {"Ludicolo": {"name": "Ludicolo", "species": "Ludicolo", "speciesId": "ludicolo", "gender": "M", "shiny": false, "level": 90, "moves": ["icebeam", "hydropump", "gigadrain", "raindance"], "ability": "Swift Swim", "evs": {"hp": 85, "atk": 0, "def": 85, "spa": 85, "spd": 85, "spe": 85}, "ivs": {"hp": 31, "atk": 0, "def": 31, "spa": 31, "spd": 31, "spe": 31}, "item": "Life Orb", "teraType": "Steel", "role": "Setup Sweeper", "bvs": {"hp": 80, "atk": 70, "def": 70, "spa": 90, "spd": 100, "spe": 70}, "stats": {"hp": 290, "atk": 131, "def": 177, "spa": 213, "spd": 231, "spe": 177}, "types": ["Water", "Grass"]}, "Farigiraf": {"name": "Farigiraf", "species": "Farigiraf", "speciesId": "farigiraf", "gender": "F", "shiny": false, "level": 90, "moves": ["psychicnoise", "protect", "wish", "bodyslam"], "ability": "Sap Sipper", "evs": {"hp": 85, "atk": 85, "def": 85, "spa": 85, "spd": 85, "spe": 85}, "ivs": {"hp": 31, "atk": 31, "def": 31, "spa": 31, "spd": 31, "spe": 31}, "item": "Leftovers", "teraType": "Fairy", "role": "Bulky Support", "bvs": {"hp": 120, "atk": 90, "def": 70, "spa": 110, "spd": 70, "spe": 60}, "stats": {"hp": 362, "atk": 213, "def": 177, "spa": 249, "spd": 177, "spe": 159}, "types": ["Normal", "Psychic"]}, "Pincurchin": {"name": "Pincurchin", "species": "Pincurchin", "speciesId": "pincurchin", "gender": "F", "shiny": false, "level": 100, "moves": ["scald", "recover", "thunderbolt", "spikes"], "ability": "Electric Surge", "evs": {"hp": 85, "atk": 0, "def": 85, "spa": 85, "spd": 85, "spe": 85}, "ivs": {"hp": 31, "atk": 0, "def": 31, "spa": 31, "spd": 31, "spe": 31}, "item": "Leftovers", "teraType": "Water", "role": "Bulky Attacker", "bvs": {"hp": 48, "atk": 101, "def": 95, "spa": 91, "spd": 85, "spe": 15}, "stats": {"hp": 258, "atk": 207, "def": 247, "spa": 239, "spd": 227, "spe": 87}, "types": ["Electric"]}, "Gardevoir": {"name": "Gardevoir", "species": "Gardevoir", "speciesId": "gardevoir", "gender": "M", "shiny": false, "level": 83, "moves": ["focusblast", "moonblast", "healingwish", "psychic"], "ability": "Trace", "evs": {"hp": 85, "atk": 0, "def": 85, "spa": 85, "spd": 85, "spe": 85}, "ivs": {"hp": 31, "atk": 0, "def": 31, "spa": 31, "spd": 31, "spe": 31}, "item": "Choice Scarf", "teraType": "Fairy", "role": "Fast Attacker", "bvs": {"hp": 68, "atk": 65, "def": 65, "spa": 125, "spd": 115, "spe": 80}, "stats": {"hp": 249, "atk": 112, "def": 156, "spa": 255, "spd": 239, "spe": 180}, "types": ["Psychic", "Fairy"]}, "Jolteon": {"name": "Jolteon", "species": "Jolteon", "speciesId": "jolteon", "gender": "M", "shiny": false, "level": 84, "moves": ["calmmind", "shadowball", "thunderbolt", "alluringvoice"], "ability": "Volt Absorb", "evs": {"hp": 85, "atk": 0, "def": 85, "spa": 85, "spd": 85, "spe": 85}, "ivs": {"hp": 31, "atk": 0, "def": 31, "spa": 31, "spd": 31, "spe": 31}, "item": "Life Orb", "teraType": "Electric", "role": "Fast Attacker", "bvs": {"hp": 65, "atk": 65, "def": 60, "spa": 110, "spd": 95, "spe": 130}, "stats": {"hp": 246, "atk": 114, "def": 149, "spa": 233, "spd": 208, "spe": 267}, "types": ["Electric"]}, "Gumshoos": {"name": "Gumshoos", "species": "Gumshoos", "speciesId": "gumshoos", "gender": "M", "shiny": false, "level": 95, "moves": ["uturn", "doubleedge", "earthquake", "knockoff"], "ability": "Adaptability", "evs": {"hp": 85, "atk": 85, "def": 85, "spa": 85, "spd": 85, "spe": 85}, "ivs": {"hp": 31, "atk": 31, "def": 31, "spa": 31, "spd": 31, "spe": 31}, "item": "Choice Band", "teraType": "Ground", "role": "Fast Attacker", "bvs": {"hp": 88, "atk": 110, "def": 60, "spa": 55, "spd": 60, "spe": 45}, "stats": {"hp": 321, "atk": 263, "def": 168, "spa": 158, "spd": 168, "spe": 139}, "types": ["Normal"]}}]}