{"id": "gen9randombattle-2631806056", "format": "[Gen 9] Random Battle", "players": ["AcquiredWolf", "Osranedupsko"], "log": "|j|\u2606AcquiredWolf\n|j|\u2606Osranedupsko\n|t:|1781442349\n|gametype|singles\n|player|p1|AcquiredWolf|diantha|2051\n|player|p2|Osranedupsko|janitor|2091\n|gen|9\n|tier|[Gen 9] Random Battle\n|rated|\n|rule|Species Clause: Limit one of each Pok\u00e9mon\n|rule|HP Percentage Mod: HP is shown in percentages\n|rule|Sleep Clause Mod: Limit one foe put to sleep\n|rule|Illusion Level Mod: Illusion disguises the Pok\u00e9mon's true level\n|\n|t:|1781442349\n|teamsize|p1|6\n|teamsize|p2|6\n|start\n|switch|p1a: Spiritomb|Spiritomb, L89, M|234/234\n|switch|p2a: Tornadus|Tornadus-Therian, L79, M|254/254\n|turn|1\n|inactive|Battle timer is ON: inactive players will automatically lose when time's up. (requested by Osranedupsko)\n|inactive|AcquiredWolf also wants the timer to be on.\n|\n|t:|1781442361\n|switch|p2a: Forretress|Forretress, L84, M|263/263\n|move|p1a: Spiritomb|Will-O-Wisp|p2a: Forretress\n|-status|p2a: Forretress|brn\n|\n|-damage|p2a: Forretress|247/263 brn|[from] brn\n|upkeep\n|turn|2\n|\n|t:|1781442380\n|move|p2a: Forretress|Stealth Rock|p1a: Spiritomb\n|-sidestart|p1: AcquiredWolf|move: Stealth Rock\n|move|p1a: Spiritomb|Poltergeist|p2a: Forretress\n|-activate|p2a: Forretress|move: Poltergeist|Leftovers\n|-damage|p2a: Forretress|163/263 brn\n|\n|-heal|p2a: Forretress|179/263 brn|[from] item: Leftovers\n|-damage|p2a: Forretress|163/263 brn|[from] brn\n|upkeep\n|turn|3\n|\n|t:|1781442390\n|move|p2a: Forretress|Spikes|p1a: Spiritomb\n|-sidestart|p1: AcquiredWolf|Spikes\n|move|p1a: Spiritomb|Poltergeist|p2a: Forretress\n|-activate|p2a: Forretress|move: Poltergeist|Leftovers\n|-crit|p2a: Forretress\n|-damage|p2a: Forretress|45/263 brn\n|\n|-heal|p2a: Forretress|61/263 brn|[from] item: Leftovers\n|-damage|p2a: Forretress|45/263 brn|[from] brn\n|upkeep\n|turn|4\n|\n|t:|1781442400\n|switch|p1a: Sandslash|Sandslash, L89, M|278/278\n|-damage|p1a: Sandslash|261/278|[from] Stealth Rock\n|-damage|p1a: Sandslash|227/278|[from] Spikes\n|move|p2a: Forretress|Spikes|p1a: Sandslash\n|-sidestart|p1: AcquiredWolf|Spikes\n|\n|-heal|p1a: Sandslash|244/278|[from] item: Leftovers\n|-heal|p2a: Forretress|61/263 brn|[from] item: Leftovers\n|-damage|p2a: Forretress|45/263 brn|[from] brn\n|upkeep\n|turn|5\n|\n|t:|1781442413\n|switch|p2a: Sinistcha|Sinistcha-Masterpiece, L83|254/254\n|move|p1a: Sandslash|Knock Off|p2a: Sinistcha\n|-supereffective|p2a: Sinistcha\n|-damage|p2a: Sinistcha|110/254\n|-enditem|p2a: Sinistcha|Leftovers|[from] move: Knock Off|[of] p1a: Sandslash\n|\n|-heal|p1a: Sandslash|261/278|[from] item: Leftovers\n|upkeep\n|turn|6\n|\n|t:|1781442426\n|switch|p1a: Ariados|Ariados, L95, F|287/287\n|move|p2a: Sinistcha|Strength Sap|p1a: Ariados\n|-unboost|p1a: Ariados|atk|1\n|-heal|p2a: Sinistcha|254/254\n|\n|upkeep\n|turn|7\n|\n|t:|1781442443\n|switch|p2a: Blastoise|Blastoise, L80, M|258/258\n|move|p1a: Ariados|Sticky Web|p2a: Blastoise\n|-sidestart|p2: Osranedupsko|move: Sticky Web\n|\n|upkeep\n|turn|8\n|\n|t:|1781442459\n|move|p2a: Blastoise|Shell Smash|p2a: Blastoise\n|-unboost|p2a: Blastoise|def|1\n|-unboost|p2a: Blastoise|spd|1\n|-boost|p2a: Blastoise|atk|2\n|-boost|p2a: Blastoise|spa|2\n|-boost|p2a: Blastoise|spe|2\n|-enditem|p2a: Blastoise|White Herb\n|-clearnegativeboost|p2a: Blastoise|[silent]\n|move|p1a: Ariados|Poison Jab|p2a: Blastoise\n|-crit|p2a: Blastoise\n|-damage|p2a: Blastoise|105/258\n|-status|p2a: Blastoise|psn\n|\n|-damage|p2a: Blastoise|73/258 psn|[from] psn\n|upkeep\n|turn|9\n|\n|t:|1781442472\n|move|p2a: Blastoise|Hydro Pump|p1a: Ariados|[miss]\n|-miss|p2a: Blastoise|p1a: Ariados\n|move|p1a: Ariados|Poison Jab|p2a: Blastoise\n|-damage|p2a: Blastoise|12/258 psn\n|\n|-damage|p2a: Blastoise|0 fnt|[from] psn\n|faint|p2a: Blastoise\n|upkeep\n|\n|t:|1781442477\n|switch|p2a: Tornadus|Tornadus-Therian, L79, M|254/254\n|turn|10\n|\n|t:|1781442484\n|move|p2a: Tornadus|Bleakwind Storm|p1a: Ariados\n|-supereffective|p1a: Ariados\n|-damage|p1a: Ariados|63/287\n|move|p1a: Ariados|Knock Off|p2a: Tornadus\n|-damage|p2a: Tornadus|194/254\n|-enditem|p2a: Tornadus|Heavy-Duty Boots|[from] move: Knock Off|[of] p1a: Ariados\n|\n|upkeep\n|turn|11\n|\n|t:|1781442492\n|move|p2a: Tornadus|Bleakwind Storm|p1a: Ariados\n|-supereffective|p1a: Ariados\n|-damage|p1a: Ariados|0 fnt\n|faint|p1a: Ariados\n|\n|upkeep\n|\n|t:|1781442500\n|switch|p1a: Whiscash|Whiscash, L88, M|337/337\n|-damage|p1a: Whiscash|316/337|[from] Stealth Rock\n|-damage|p1a: Whiscash|260/337|[from] Spikes\n|turn|12\n|\n|t:|1781442507\n|move|p2a: Tornadus|Grass Knot|p1a: Whiscash\n|-supereffective|p1a: Whiscash\n|-damage|p1a: Whiscash|128/337\n|move|p1a: Whiscash|Stealth Rock|p2a: Tornadus\n|-sidestart|p2: Osranedupsko|move: Stealth Rock\n|\n|-heal|p1a: Whiscash|149/337|[from] item: Leftovers\n|upkeep\n|turn|13\n|\n|t:|1781442522\n|move|p2a: Tornadus|Grass Knot|p1a: Whiscash\n|-supereffective|p1a: Whiscash\n|-damage|p1a: Whiscash|13/337\n|move|p1a: Whiscash|Spikes|p2a: Tornadus\n|-sidestart|p2: Osranedupsko|Spikes\n|\n|-heal|p1a: Whiscash|34/337|[from] item: Leftovers\n|upkeep\n|turn|14\n|\n|t:|1781442530\n|move|p2a: Tornadus|Grass Knot|p1a: Whiscash\n|-supereffective|p1a: Whiscash\n|-damage|p1a: Whiscash|0 fnt\n|faint|p1a: Whiscash\n|\n|upkeep\n|inactive|AcquiredWolf has 120 seconds left.\n|\n|t:|1781442565\n|switch|p1a: Mabosstiff|Mabosstiff, L86, F|278/278\n|-damage|p1a: Mabosstiff|244/278|[from] Stealth Rock\n|-damage|p1a: Mabosstiff|198/278|[from] Spikes\n|turn|15\n|inactive|AcquiredWolf has 120 seconds left.\n|\n|t:|1781442594\n|switch|p2a: Forretress|Forretress, L84, M|45/263 brn\n|-activate|p2a: Forretress|move: Sticky Web\n|-unboost|p2a: Forretress|spe|1\n|-damage|p2a: Forretress|13/263 brn|[from] Stealth Rock\n|-damage|p2a: Forretress|0 fnt|[from] Spikes\n|faint|p2a: Forretress\n|move|p1a: Mabosstiff|Crunch|p2: Forretress|[notarget]\n|-fail|p1a: Mabosstiff\n|\n|upkeep\n|\n|t:|1781442600\n|switch|p2a: Sinistcha|Sinistcha-Masterpiece, L83|235/235\n|-activate|p2a: Sinistcha|move: Sticky Web\n|-unboost|p2a: Sinistcha|spe|1\n|-damage|p2a: Sinistcha|206/235|[from] Stealth Rock\n|-damage|p2a: Sinistcha|177/235|[from] Spikes\n|turn|16\n|\n|t:|1781442612\n|move|p1a: Mabosstiff|Crunch|p2a: Sinistcha\n|-resisted|p2a: Sinistcha\n|-damage|p2a: Sinistcha|105/235\n|-unboost|p2a: Sinistcha|def|1\n|replace|p2a: Zoroark|Zoroark, L83, F\n|-end|p2a: Zoroark|Illusion\n|-hint|Illusion Level Mod is active, so this Pok\u00e9mon's true level was hidden.\n|move|p2a: Zoroark|Sludge Bomb|p1a: Mabosstiff\n|-damage|p1a: Mabosstiff|88/278\n|-damage|p2a: Zoroark|82/235|[from] item: Life Orb\n|\n|upkeep\n|turn|17\n|\n|t:|1781442622\n|move|p1a: Mabosstiff|Crunch|p2a: Zoroark\n|-resisted|p2a: Zoroark\n|-damage|p2a: Zoroark|0 fnt\n|faint|p2a: Zoroark\n|\n|upkeep\n|\n|t:|1781442632\n|switch|p2a: Tornadus|Tornadus-Therian, L79, M|254/254\n|-damage|p2a: Tornadus|191/254|[from] Stealth Rock\n|turn|18\n|\n|t:|1781442645\n|switch|p1a: Sandslash|Sandslash, L89, M|261/278\n|-damage|p1a: Sandslash|244/278|[from] Stealth Rock\n|-damage|p1a: Sandslash|198/278|[from] Spikes\n|move|p2a: Tornadus|Bleakwind Storm|p1a: Sandslash\n|-damage|p1a: Sandslash|68/278\n|\n|-heal|p1a: Sandslash|85/278|[from] item: Leftovers\n|upkeep\n|turn|19\n|\n|t:|1781442657\n|move|p2a: Tornadus|Grass Knot|p1a: Sandslash\n|-supereffective|p1a: Sandslash\n|-damage|p1a: Sandslash|0 fnt\n|faint|p1a: Sandslash\n|\n|upkeep\n|\n|t:|1781442665\n|switch|p1a: Mimikyu|Mimikyu, L79, M|216/216\n|-damage|p1a: Mimikyu|189/216|[from] Stealth Rock\n|-damage|p1a: Mimikyu|153/216|[from] Spikes\n|turn|20\n|\n|t:|1781442675\n|move|p2a: Tornadus|Grass Knot|p1a: Mimikyu\n|-activate|p1a: Mimikyu|ability: Disguise\n|-damage|p1a: Mimikyu|153/216\n|detailschange|p1a: Mimikyu|Mimikyu-Busted, L79, M\n|-damage|p1a: Mimikyu|126/216|[from] pokemon: Mimikyu-Busted\n|move|p1a: Mimikyu|Swords Dance|p1a: Mimikyu\n|-boost|p1a: Mimikyu|atk|2\n|\n|upkeep\n|turn|21\n|\n|t:|1781442684\n|move|p2a: Tornadus|Bleakwind Storm|p1a: Mimikyu\n|-damage|p1a: Mimikyu|26/216\n|move|p1a: Mimikyu|Play Rough|p2a: Tornadus\n|-damage|p2a: Tornadus|0 fnt\n|faint|p2a: Tornadus\n|-damage|p1a: Mimikyu|5/216|[from] item: Life Orb\n|\n|upkeep\n|\n|t:|1781442697\n|switch|p2a: Meganium|Meganium, L90, M|290/290\n|-activate|p2a: Meganium|move: Sticky Web\n|-unboost|p2a: Meganium|spe|1\n|-damage|p2a: Meganium|254/290|[from] Stealth Rock\n|-damage|p2a: Meganium|218/290|[from] Spikes\n|turn|22\n|\n|t:|1781442723\n|move|p1a: Mimikyu|Play Rough|p2a: Meganium\n|-damage|p2a: Meganium|54/290\n|-damage|p1a: Mimikyu|0 fnt|[from] item: Life Orb\n|faint|p1a: Mimikyu\n|move|p2a: Meganium|Knock Off|p1: Mimikyu|[notarget]\n|-fail|p2a: Meganium\n|\n|-heal|p2a: Meganium|72/290|[from] item: Leftovers\n|upkeep\n|inactive|AcquiredWolf has 120 seconds left.\n|\n|t:|1781442735\n|switch|p1a: Mabosstiff|Mabosstiff, L86, F|88/278\n|-damage|p1a: Mabosstiff|54/278|[from] Stealth Rock\n|-damage|p1a: Mabosstiff|8/278|[from] Spikes\n|turn|23\n|\n|t:|1781442740\n|move|p1a: Mabosstiff|Crunch|p2a: Meganium\n|-damage|p2a: Meganium|0 fnt\n|faint|p2a: Meganium\n|\n|upkeep\n|\n|t:|1781442742\n|switch|p2a: Sinistcha|Sinistcha-Masterpiece, L83|254/254\n|-activate|p2a: Sinistcha|move: Sticky Web\n|-unboost|p2a: Sinistcha|spe|1\n|-damage|p2a: Sinistcha|223/254|[from] Stealth Rock\n|-damage|p2a: Sinistcha|192/254|[from] Spikes\n|turn|24\n|\n|t:|1781442750\n|-terastallize|p2a: Sinistcha|Steel\n|move|p1a: Mabosstiff|Crunch|p2a: Sinistcha\n|-damage|p2a: Sinistcha|107/254\n|move|p2a: Sinistcha|Strength Sap|p1a: Mabosstiff\n|-unboost|p1a: Mabosstiff|atk|1\n|-heal|p2a: Sinistcha|254/254\n|\n|upkeep\n|turn|25\n|\n|t:|1781442759\n|move|p1a: Mabosstiff|Crunch|p2a: Sinistcha\n|-damage|p2a: Sinistcha|196/254\n|move|p2a: Sinistcha|Calm Mind|p2a: Sinistcha\n|-boost|p2a: Sinistcha|spa|1\n|-boost|p2a: Sinistcha|spd|1\n|\n|upkeep\n|turn|26\n|\n|t:|1781442766\n|move|p1a: Mabosstiff|Crunch|p2a: Sinistcha\n|-damage|p2a: Sinistcha|135/254\n|-unboost|p2a: Sinistcha|def|1\n|move|p2a: Sinistcha|Calm Mind|p2a: Sinistcha\n|-boost|p2a: Sinistcha|spa|1\n|-boost|p2a: Sinistcha|spd|1\n|\n|upkeep\n|turn|27\n|\n|t:|1781442773\n|move|p1a: Mabosstiff|Crunch|p2a: Sinistcha\n|-damage|p2a: Sinistcha|38/254\n|move|p2a: Sinistcha|Strength Sap|p1a: Mabosstiff\n|-unboost|p1a: Mabosstiff|atk|1\n|-heal|p2a: Sinistcha|208/254\n|\n|upkeep\n|turn|28\n|\n|t:|1781442788\n|move|p1a: Mabosstiff|Crunch|p2a: Sinistcha\n|-damage|p2a: Sinistcha|142/254\n|-unboost|p2a: Sinistcha|def|1\n|move|p2a: Sinistcha|Calm Mind|p2a: Sinistcha\n|-boost|p2a: Sinistcha|spa|1\n|-boost|p2a: Sinistcha|spd|1\n|\n|upkeep\n|turn|29\n|\n|t:|1781442796\n|move|p1a: Mabosstiff|Crunch|p2a: Sinistcha\n|-damage|p2a: Sinistcha|45/254\n|move|p2a: Sinistcha|Strength Sap|p1a: Mabosstiff\n|-unboost|p1a: Mabosstiff|atk|1\n|-heal|p2a: Sinistcha|173/254\n|\n|upkeep\n|turn|30\n|\n|t:|1781442803\n|move|p1a: Mabosstiff|Crunch|p2a: Sinistcha\n|-damage|p2a: Sinistcha|98/254\n|move|p2a: Sinistcha|Matcha Gotcha|p1a: Mabosstiff|[miss]\n|-miss|p2a: Sinistcha|p1a: Mabosstiff\n|\n|upkeep\n|turn|31\n|\n|t:|1781442814\n|move|p1a: Mabosstiff|Crunch|p2a: Sinistcha\n|-damage|p2a: Sinistcha|20/254\n|move|p2a: Sinistcha|Strength Sap|p1a: Mabosstiff\n|-unboost|p1a: Mabosstiff|atk|1\n|-heal|p2a: Sinistcha|122/254\n|\n|upkeep\n|turn|32\n|\n|t:|1781442822\n|move|p1a: Mabosstiff|Crunch|p2a: Sinistcha\n|-damage|p2a: Sinistcha|56/254\n|-unboost|p2a: Sinistcha|def|1\n|move|p2a: Sinistcha|Shadow Ball|p1a: Mabosstiff\n|-resisted|p1a: Mabosstiff\n|-damage|p1a: Mabosstiff|0 fnt\n|faint|p1a: Mabosstiff\n|\n|upkeep\n|\n|t:|1781442831\n|switch|p1a: Spiritomb|Spiritomb, L89, M|234/234\n|-damage|p1a: Spiritomb|205/234|[from] Stealth Rock\n|-damage|p1a: Spiritomb|166/234|[from] Spikes\n|turn|33\n|\n|t:|1781442844\n|move|p1a: Spiritomb|Foul Play|p2a: Sinistcha\n|-damage|p2a: Sinistcha|0 fnt\n|faint|p2a: Sinistcha\n|\n|win|AcquiredWolf\n|raw|AcquiredWolf's rating: 2051 &rarr; <strong>2073</strong><br />(+22 for winning)\n|raw|Osranedupsko's rating: 2091 &rarr; <strong>2069</strong><br />(-22 for losing)\n", "inputlog": ">version a8376a258c1d4662feba110a92103f3664a72141\n>start {\"formatid\":\"gen9randombattle\",\"seed\":\"sodium,69a588e7a8f4be73f2da4c975b7f7038\",\"rated\":\"Rated battle\"}\n>player p1 {\"name\":\"AcquiredWolf\",\"avatar\":\"diantha\",\"rating\":2051,\"seed\":\"sodium,918d3ae4a0412770a28f6d657bb9cbbb\"}\n>player p2 {\"name\":\"Osranedupsko\",\"avatar\":\"janitor\",\"rating\":2091,\"seed\":\"sodium,71e25ef1a69b915f7ce5396dd8f50465\"}\n>p1 move willowisp\n>p2 switch 3\n>p1 move poltergeist\n>p2 move stealthrock\n>p1 move poltergeist\n>p2 move spikes\n>p1 switch 6\n>p2 move spikes\n>p1 move knockoff\n>p2 switch 2\n>p1 switch 5\n>p2 move strengthsap\n>p1 move stickyweb\n>p2 switch 6\n>p1 move poisonjab\n>p2 move shellsmash\n>p1 move poisonjab\n>p2 move hydropump\n>p2 switch 3\n>p1 move knockoff\n>p2 move bleakwindstorm\n>p1 move poisonjab\n>p2 move bleakwindstorm\n>p1 switch 4\n>p1 move stealthrock\n>p2 move grassknot\n>p1 move spikes\n>p2 move grassknot\n>p1 move spikes\n>p2 move grassknot\n>p1 switch 2\n>p1 move crunch\n>p2 switch 2\n>p2 switch 5\n>p1 move crunch\n>p2 move sludgebomb\n>p1 move crunch\n>p2 move sludgebomb\n>p2 switch 2\n>p1 switch 5\n>p2 move bleakwindstorm\n>p1 move knockoff\n>p2 move grassknot\n>p1 switch 3\n>p1 move swordsdance\n>p2 move grassknot\n>p1 move playrough\n>p2 move bleakwindstorm\n>p2 switch 4\n>p1 move playrough\n>p2 move knockoff\n>p1 switch 5\n>p1 move crunch\n>p2 move petalblizzard\n>p2 switch 6\n>p1 move crunch\n>p2 move strengthsap terastallize\n>p1 move crunch\n>p2 move calmmind\n>p1 move crunch\n>p2 move calmmind\n>p1 move crunch\n>p2 move strengthsap\n>p1 move crunch\n>p2 move calmmind\n>p1 move crunch\n>p2 move strengthsap\n>p1 move crunch\n>p2 move matchagotcha\n>p1 move crunch\n>p2 move strengthsap\n>p1 move crunch\n>p2 move shadowball\n>p1 switch 6\n>p1 move foulplay\n>p2 move shadowball", "uploadtime": 1781442350, "views": 6, "formatid": "gen9randombattle", "rating": 2069, "private": 0, "password": null, "player_dets": [{"name": "AcquiredWolf", "avatar": "diantha", "rating": 2051, "seed": "sodium,918d3ae4a0412770a28f6d657bb9cbbb"}, {"name": "Osranedupsko", "avatar": "janitor", "rating": 2091, "seed": "sodium,71e25ef1a69b915f7ce5396dd8f50465"}], "teams_full": [{"Spiritomb": {"name": "Spiritomb", "species": "Spiritomb", "speciesId": "spiritomb", "gender": "M", "shiny": false, "level": 89, "moves": ["willowisp", "foulplay", "suckerpunch", "poltergeist"], "ability": "Infiltrator", "evs": {"hp": 85, "atk": 85, "def": 85, "spa": 85, "spd": 85, "spe": 85}, "ivs": {"hp": 31, "atk": 31, "def": 31, "spa": 31, "spd": 31, "spe": 31}, "item": "Leftovers", "teraType": "Poison", "role": "Bulky Support", "bvs": {"hp": 50, "atk": 92, "def": 108, "spa": 92, "spd": 108, "spe": 35}, "stats": {"hp": 234, "atk": 215, "def": 243, "spa": 215, "spd": 243, "spe": 113}, "types": ["Ghost", "Dark"]}, "Mabosstiff": {"name": "Mabosstiff", "species": "Mabosstiff", "speciesId": "mabosstiff", "gender": "F", "shiny": false, "level": 86, "moves": ["wildcharge", "psychicfangs", "crunch", "playrough"], "ability": "Stakeout", "evs": {"hp": 85, "atk": 85, "def": 85, "spa": 85, "spd": 85, "spe": 85}, "ivs": {"hp": 31, "atk": 31, "def": 31, "spa": 31, "spd": 31, "spe": 31}, "item": "Choice Scarf", "teraType": "Fairy", "role": "Bulky Attacker", "bvs": {"hp": 80, "atk": 120, "def": 90, "spa": 60, "spd": 70, "spe": 85}, "stats": {"hp": 278, "atk": 256, "def": 204, "spa": 152, "spd": 170, "spe": 195}, "types": ["Dark"]}, "Mimikyu": {"name": "Mimikyu", "species": "Mimikyu", "speciesId": "mimikyu", "gender": "M", "shiny": false, "level": 79, "moves": ["playrough", "shadowsneak", "swordsdance", "drainpunch"], "ability": "Disguise", "evs": {"hp": 85, "atk": 85, "def": 85, "spa": 85, "spd": 85, "spe": 85}, "ivs": {"hp": 31, "atk": 31, "def": 31, "spa": 31, "spd": 31, "spe": 31}, "item": "Life Orb", "teraType": "Fairy", "role": "Setup Sweeper", "bvs": {"hp": 55, "atk": 90, "def": 80, "spa": 50, "spd": 105, "spe": 96}, "stats": {"hp": 216, "atk": 188, "def": 172, "spa": 125, "spd": 211, "spe": 197}, "types": ["Ghost", "Fairy"]}, "Whiscash": {"name": "Whiscash", "species": "Whiscash", "speciesId": "whiscash", "gender": "M", "shiny": false, "level": 88, "moves": ["stealthrock", "spikes", "icebeam", "earthquake"], "ability": "Oblivious", "evs": {"hp": 85, "atk": 85, "def": 85, "spa": 85, "spd": 85, "spe": 85}, "ivs": {"hp": 31, "atk": 31, "def": 31, "spa": 31, "spd": 31, "spe": 31}, "item": "Leftovers", "teraType": "Poison", "role": "Bulky Support", "bvs": {"hp": 110, "atk": 78, "def": 73, "spa": 76, "spd": 71, "spe": 60}, "stats": {"hp": 337, "atk": 188, "def": 179, "spa": 184, "spd": 175, "spe": 156}, "types": ["Water", "Ground"]}, "Ariados": {"name": "Ariados", "species": "Ariados", "speciesId": "ariados", "gender": "F", "shiny": false, "level": 95, "moves": ["poisonjab", "megahorn", "stickyweb", "knockoff"], "ability": "Swarm", "evs": {"hp": 85, "atk": 85, "def": 85, "spa": 85, "spd": 85, "spe": 85}, "ivs": {"hp": 31, "atk": 31, "def": 31, "spa": 31, "spd": 31, "spe": 31}, "item": "Heavy-Duty Boots", "teraType": "Ghost", "role": "Fast Support", "bvs": {"hp": 70, "atk": 90, "def": 70, "spa": 60, "spd": 70, "spe": 40}, "stats": {"hp": 287, "atk": 225, "def": 187, "spa": 168, "spd": 187, "spe": 130}, "types": ["Bug", "Poison"]}, "Sandslash": {"name": "Sandslash", "species": "Sandslash", "speciesId": "sandslash", "gender": "M", "shiny": false, "level": 89, "moves": ["knockoff", "earthquake", "swordsdance", "rapidspin"], "ability": "Sand Rush", "evs": {"hp": 85, "atk": 85, "def": 85, "spa": 85, "spd": 85, "spe": 85}, "ivs": {"hp": 31, "atk": 31, "def": 31, "spa": 31, "spd": 31, "spe": 31}, "item": "Leftovers", "teraType": "Water", "role": "Bulky Support", "bvs": {"hp": 75, "atk": 100, "def": 110, "spa": 45, "spd": 55, "spe": 65}, "stats": {"hp": 278, "atk": 229, "def": 247, "spa": 131, "spd": 149, "spe": 166}, "types": ["Ground"]}}, {"Tornadus": {"name": "Tornadus", "species": "Tornadus-Therian", "speciesId": "tornadustherian", "gender": "M", "shiny": false, "level": 79, "moves": ["nastyplot", "focusblast", "grassknot", "bleakwindstorm"], "ability": "Regenerator", "evs": {"hp": 85, "atk": 0, "def": 85, "spa": 85, "spd": 85, "spe": 85}, "ivs": {"hp": 31, "atk": 0, "def": 31, "spa": 31, "spd": 31, "spe": 31}, "item": "Heavy-Duty Boots", "teraType": "Fighting", "role": "Fast Attacker", "bvs": {"hp": 79, "atk": 100, "def": 80, "spa": 110, "spd": 90, "spe": 121}, "stats": {"hp": 254, "atk": 163, "def": 172, "spa": 219, "spd": 188, "spe": 237}, "types": ["Flying"]}, "Sinistcha": {"name": "Sinistcha", "species": "Sinistcha-Masterpiece", "speciesId": "sinistcha", "gender": "N", "shiny": false, "level": 83, "moves": ["matchagotcha", "calmmind", "shadowball", "strengthsap"], "ability": "Heatproof", "evs": {"hp": 85, "atk": 0, "def": 85, "spa": 85, "spd": 85, "spe": 85}, "ivs": {"hp": 31, "atk": 0, "def": 31, "spa": 31, "spd": 31, "spe": 31}, "item": "Leftovers", "teraType": "Steel", "role": "Bulky Setup", "bvs": {"hp": 71, "atk": 60, "def": 106, "spa": 121, "spd": 80, "spe": 70}, "stats": {"hp": 254, "atk": 104, "def": 224, "spa": 249, "spd": 180, "spe": 164}, "types": ["Grass", "Ghost"]}, "Forretress": {"name": "Forretress", "species": "Forretress", "speciesId": "forretress", "gender": "M", "shiny": false, "level": 84, "moves": ["ironhead", "bodypress", "spikes", "stealthrock"], "ability": "Sturdy", "evs": {"hp": 85, "atk": 85, "def": 85, "spa": 85, "spd": 85, "spe": 85}, "ivs": {"hp": 31, "atk": 31, "def": 31, "spa": 31, "spd": 31, "spe": 31}, "item": "Leftovers", "teraType": "Fighting", "role": "Bulky Attacker", "bvs": {"hp": 75, "atk": 90, "def": 140, "spa": 60, "spd": 60, "spe": 40}, "stats": {"hp": 263, "atk": 199, "def": 283, "spa": 149, "spd": 149, "spe": 115}, "types": ["Bug", "Steel"]}, "Meganium": {"name": "Meganium", "species": "Meganium", "speciesId": "meganium", "gender": "M", "shiny": false, "level": 90, "moves": ["knockoff", "swordsdance", "earthquake", "petalblizzard"], "ability": "Overgrow", "evs": {"hp": 85, "atk": 85, "def": 85, "spa": 85, "spd": 85, "spe": 85}, "ivs": {"hp": 31, "atk": 31, "def": 31, "spa": 31, "spd": 31, "spe": 31}, "item": "Leftovers", "teraType": "Steel", "role": "Bulky Setup", "bvs": {"hp": 80, "atk": 82, "def": 100, "spa": 83, "spd": 100, "spe": 80}, "stats": {"hp": 290, "atk": 199, "def": 231, "spa": 201, "spd": 231, "spe": 195}, "types": ["Grass"]}, "Zoroark": {"name": "Zoroark", "species": "Zoroark", "speciesId": "zoroark", "gender": "F", "shiny": false, "level": 83, "moves": ["darkpulse", "encore", "nastyplot", "sludgebomb"], "ability": "Illusion", "evs": {"hp": 85, "atk": 0, "def": 85, "spa": 85, "spd": 85, "spe": 85}, "ivs": {"hp": 31, "atk": 0, "def": 31, "spa": 31, "spd": 31, "spe": 31}, "item": "Life Orb", "teraType": "Poison", "role": "Setup Sweeper", "bvs": {"hp": 60, "atk": 105, "def": 60, "spa": 120, "spd": 60, "spe": 105}, "stats": {"hp": 235, "atk": 179, "def": 147, "spa": 247, "spd": 147, "spe": 222}, "types": ["Dark"]}, "Blastoise": {"name": "Blastoise", "species": "Blastoise", "speciesId": "blastoise", "gender": "M", "shiny": false, "level": 80, "moves": ["shellsmash", "icebeam", "terablast", "hydropump"], "ability": "Torrent", "evs": {"hp": 85, "atk": 0, "def": 85, "spa": 85, "spd": 85, "spe": 85}, "ivs": {"hp": 31, "atk": 0, "def": 31, "spa": 31, "spd": 31, "spe": 31}, "item": "White Herb", "teraType": "Grass", "role": "Tera Blast user", "bvs": {"hp": 79, "atk": 83, "def": 100, "spa": 85, "spd": 105, "spe": 78}, "stats": {"hp": 258, "atk": 137, "def": 206, "spa": 182, "spd": 214, "spe": 171}, "types": ["Water"]}}]}