{"id": "gen9randombattle-2631900674", "format": "[Gen 9] Random Battle", "players": ["gdsagdas3tgasdg", "azasaex"], "log": "|j|\u2606gdsagdas3tgasdg\n|j|\u2606azasaex\n|t:|1781453619\n|gametype|singles\n|player|p1|gdsagdas3tgasdg|101|1000\n|player|p2|azasaex|266|1000\n|gen|9\n|tier|[Gen 9] Random Battle\n|rated|\n|rule|Species Clause: Limit one of each Pok\u00e9mon\n|rule|HP Percentage Mod: HP is shown in percentages\n|rule|Sleep Clause Mod: Limit one foe put to sleep\n|rule|Illusion Level Mod: Illusion disguises the Pok\u00e9mon's true level\n|\n|t:|1781453619\n|teamsize|p1|6\n|teamsize|p2|6\n|start\n|switch|p1a: Kyogre|Kyogre, L71|259/259\n|switch|p2a: Lilligant|Lilligant, L86, F|261/261\n|-weather|RainDance|[from] ability: Drizzle|[of] p1a: Kyogre\n|turn|1\n|\n|t:|1781453640\n|switch|p1a: Iron Leaves|Iron Leaves, L80|275/275\n|move|p2a: Lilligant|Quiver Dance|p2a: Lilligant\n|-boost|p2a: Lilligant|spa|1\n|-boost|p2a: Lilligant|spd|1\n|-boost|p2a: Lilligant|spe|1\n|\n|-weather|RainDance|[upkeep]\n|upkeep\n|turn|2\n|\n|t:|1781453654\n|move|p2a: Lilligant|Alluring Voice|p1a: Iron Leaves\n|-damage|p1a: Iron Leaves|165/275\n|-damage|p2a: Lilligant|235/261|[from] item: Life Orb\n|move|p1a: Iron Leaves|Swords Dance|p1a: Iron Leaves\n|-boost|p1a: Iron Leaves|atk|2\n|\n|-weather|RainDance|[upkeep]\n|upkeep\n|turn|3\n|\n|t:|1781453662\n|move|p2a: Lilligant|Alluring Voice|p1a: Iron Leaves\n|-damage|p1a: Iron Leaves|55/275\n|-damage|p2a: Lilligant|209/261|[from] item: Life Orb\n|move|p1a: Iron Leaves|Psyblade|p2a: Lilligant\n|-damage|p2a: Lilligant|0 fnt\n|faint|p2a: Lilligant\n|-damage|p1a: Iron Leaves|28/275|[from] item: Life Orb\n|\n|-weather|RainDance|[upkeep]\n|upkeep\n|\n|t:|1781453674\n|switch|p2a: Forretress|Forretress, L84, F|263/263\n|turn|4\n|\n|t:|1781453685\n|move|p1a: Iron Leaves|Close Combat|p2a: Forretress\n|-damage|p2a: Forretress|94/263\n|-unboost|p1a: Iron Leaves|def|1\n|-unboost|p1a: Iron Leaves|spd|1\n|-damage|p1a: Iron Leaves|1/275|[from] item: Life Orb\n|move|p2a: Forretress|Iron Head|p1a: Iron Leaves\n|-damage|p1a: Iron Leaves|0 fnt\n|faint|p1a: Iron Leaves\n|-end|p1a: Iron Leaves|Quark Drive|[silent]\n|\n|-weather|RainDance|[upkeep]\n|-heal|p2a: Forretress|110/263|[from] item: Leftovers\n|upkeep\n|\n|t:|1781453703\n|switch|p1a: Kyogre|Kyogre, L71|259/259\n|turn|5\n|inactive|Battle timer is ON: inactive players will automatically lose when time's up. (requested by gdsagdas3tgasdg)\n|\n|t:|1781453725\n|move|p1a: Kyogre|Origin Pulse|p2a: Forretress\n|-damage|p2a: Forretress|0 fnt\n|faint|p2a: Forretress\n|\n|-weather|none\n|upkeep\n|\n|t:|1781453740\n|switch|p2a: Arceus|Arceus, L68|276/276\n|turn|6\n|\n|t:|1781453750\n|switch|p1a: Orthworm|Orthworm, L88, M|266/266\n|move|p2a: Arceus|Earthquake|p1a: Orthworm\n|-immune|p1a: Orthworm|[from] ability: Earth Eater\n|\n|upkeep\n|turn|7\n|\n|t:|1781453760\n|move|p2a: Arceus|Shadow Claw|p1a: Orthworm\n|-damage|p1a: Orthworm|232/266\n|-damage|p2a: Arceus|249/276|[from] item: Life Orb\n|move|p1a: Orthworm|Stealth Rock|p2a: Arceus\n|-sidestart|p2: azasaex|move: Stealth Rock\n|\n|-heal|p1a: Orthworm|248/266|[from] item: Leftovers\n|upkeep\n|turn|8\n|\n|t:|1781453771\n|-terastallize|p2a: Arceus|Ghost\n|move|p2a: Arceus|Shadow Claw|p1a: Orthworm\n|-damage|p1a: Orthworm|196/266\n|-damage|p2a: Arceus|222/276|[from] item: Life Orb\n|move|p1a: Orthworm|Spikes|p2a: Arceus\n|-sidestart|p2: azasaex|Spikes\n|\n|-heal|p1a: Orthworm|212/266|[from] item: Leftovers\n|upkeep\n|turn|9\n|\n|t:|1781453780\n|move|p2a: Arceus|Shadow Claw|p1a: Orthworm\n|-damage|p1a: Orthworm|160/266\n|-damage|p2a: Arceus|195/276|[from] item: Life Orb\n|move|p1a: Orthworm|Spikes|p2a: Arceus\n|-sidestart|p2: azasaex|Spikes\n|\n|-heal|p1a: Orthworm|176/266|[from] item: Leftovers\n|upkeep\n|turn|10\n|\n|t:|1781453790\n|move|p2a: Arceus|Swords Dance|p2a: Arceus\n|-boost|p2a: Arceus|atk|2\n|move|p1a: Orthworm|Spikes|p2a: Arceus\n|-sidestart|p2: azasaex|Spikes\n|\n|-heal|p1a: Orthworm|192/266|[from] item: Leftovers\n|upkeep\n|turn|11\n|\n|t:|1781453797\n|move|p2a: Arceus|Swords Dance|p2a: Arceus\n|-boost|p2a: Arceus|atk|2\n|move|p1a: Orthworm|Heavy Slam|p2a: Arceus\n|-damage|p2a: Arceus|150/276\n|\n|-heal|p1a: Orthworm|208/266|[from] item: Leftovers\n|upkeep\n|turn|12\n|\n|t:|1781453804\n|move|p2a: Arceus|Shadow Claw|p1a: Orthworm\n|-damage|p1a: Orthworm|56/266\n|-damage|p2a: Arceus|123/276|[from] item: Life Orb\n|move|p1a: Orthworm|Heavy Slam|p2a: Arceus\n|-damage|p2a: Arceus|78/276\n|\n|-heal|p1a: Orthworm|72/266|[from] item: Leftovers\n|upkeep\n|turn|13\n|\n|t:|1781453812\n|move|p2a: Arceus|Shadow Claw|p1a: Orthworm\n|-damage|p1a: Orthworm|0 fnt\n|faint|p1a: Orthworm\n|-damage|p2a: Arceus|51/276|[from] item: Life Orb\n|\n|upkeep\n|\n|t:|1781453827\n|switch|p1a: Mightyena|Mightyena, L96, M|290/290\n|-ability|p1a: Mightyena|Intimidate|boost\n|-unboost|p2a: Arceus|atk|1\n|turn|14\n|\n|t:|1781453835\n|move|p2a: Arceus|Extreme Speed|p1a: Mightyena\n|-damage|p1a: Mightyena|60/290\n|-damage|p2a: Arceus|24/276|[from] item: Life Orb\n|move|p1a: Mightyena|Crunch|p2a: Arceus\n|-supereffective|p2a: Arceus\n|-damage|p2a: Arceus|0 fnt\n|faint|p2a: Arceus\n|\n|upkeep\n|\n|t:|1781453849\n|switch|p2a: Honchkrow|Honchkrow, L86, M|312/312\n|turn|15\n|\n|t:|1781453855\n|switch|p1a: Regirock|Regirock, L83|268/268\n|move|p2a: Honchkrow|U-turn|p1a: Regirock\n|-damage|p1a: Regirock|233/268\n|\n|t:|1781453862\n|switch|p2a: Walking Wake|Walking Wake, L79|286/286|[from] U-turn\n|-damage|p2a: Walking Wake|251/286|[from] Stealth Rock\n|-damage|p2a: Walking Wake|180/286|[from] Spikes\n|\n|-heal|p1a: Regirock|249/268|[from] item: Leftovers\n|upkeep\n|turn|16\n|\n|t:|1781453877\n|switch|p1a: Mightyena|Mightyena, L96, M|60/290\n|-ability|p1a: Mightyena|Intimidate|boost\n|-unboost|p2a: Walking Wake|atk|1\n|move|p2a: Walking Wake|Hydro Pump|p1a: Mightyena\n|-damage|p1a: Mightyena|0 fnt\n|faint|p1a: Mightyena\n|\n|upkeep\n|\n|t:|1781453884\n|switch|p1a: Kingdra|Kingdra, L84, F|263/263\n|turn|17\n|\n|t:|1781453893\n|-end|p2a: Walking Wake|Protosynthesis|[silent]\n|switch|p2a: Hatterene|Hatterene, L85, F|236/236\n|-damage|p2a: Hatterene|207/236|[from] Stealth Rock\n|-damage|p2a: Hatterene|148/236|[from] Spikes\n|move|p1a: Kingdra|Dragon Dance|p1a: Kingdra\n|-boost|p1a: Kingdra|atk|1\n|-boost|p1a: Kingdra|spe|1\n|\n|-heal|p2a: Hatterene|162/236|[from] item: Leftovers\n|upkeep\n|turn|18\n|\n|t:|1781453904\n|move|p1a: Kingdra|Wave Crash|p2a: Hatterene\n|-damage|p2a: Hatterene|0 fnt\n|faint|p2a: Hatterene\n|-damage|p1a: Kingdra|210/263|[from] Recoil\n|\n|upkeep\n|\n|t:|1781453910\n|switch|p2a: Honchkrow|Honchkrow, L86, M|312/312\n|turn|19\n|\n|t:|1781453916\n|-terastallize|p1a: Kingdra|Water\n|move|p1a: Kingdra|Wave Crash|p2a: Honchkrow\n|-damage|p2a: Honchkrow|0 fnt\n|faint|p2a: Honchkrow\n|-damage|p1a: Kingdra|107/263|[from] Recoil\n|\n|upkeep\n|\n|t:|1781453923\n|switch|p2a: Walking Wake|Walking Wake, L79|180/286\n|-damage|p2a: Walking Wake|145/286|[from] Stealth Rock\n|-damage|p2a: Walking Wake|74/286|[from] Spikes\n|turn|20\n|\n|t:|1781453930\n|move|p1a: Kingdra|Outrage|p2a: Walking Wake\n|-supereffective|p2a: Walking Wake\n|-damage|p2a: Walking Wake|0 fnt\n|faint|p2a: Walking Wake\n|-end|p2a: Walking Wake|Protosynthesis|[silent]\n|\n|win|gdsagdas3tgasdg\n|raw|gdsagdas3tgasdg's rating: 1000 &rarr; <strong>1040</strong><br />(+40 for winning)\n|raw|azasaex's rating: 1000 &rarr; <strong>1000</strong><br />(+0 for losing)\n|l|\u2606azasaex\n|player|p2|\n", "inputlog": ">version a8376a258c1d4662feba110a92103f3664a72141\n>start {\"formatid\":\"gen9randombattle\",\"seed\":\"sodium,dc7a2356b4bb629f85ea0a284a315480\",\"rated\":\"Rated battle\"}\n>player p1 {\"name\":\"gdsagdas3tgasdg\",\"avatar\":\"101\",\"rating\":1000,\"seed\":\"sodium,6f7c1487ee7218bbb28b3b16a7804881\"}\n>player p2 {\"name\":\"azasaex\",\"avatar\":\"266\",\"rating\":1000,\"seed\":\"sodium,f616c5aa53bbd23475a66e0ae2badda9\"}\n>p1 switch 2\n>p2 move quiverdance\n>p1 move swordsdance\n>p2 move alluringvoice\n>p1 move psyblade\n>p2 move alluringvoice\n>p2 switch 4\n>p1 move closecombat\n>p2 move ironhead\n>p1 switch 2\n>p1 move originpulse\n>p2 move rapidspin\n>p2 switch 6\n>p1 switch 3\n>p2 move earthquake\n>p1 move stealthrock\n>p2 move shadowclaw\n>p1 move spikes\n>p2 move shadowclaw terastallize\n>p1 move spikes\n>p2 move shadowclaw\n>p1 move spikes\n>p2 move swordsdance\n>p1 move heavyslam\n>p2 move swordsdance\n>p1 move heavyslam\n>p2 move shadowclaw\n>p1 move heavyslam\n>p2 move shadowclaw\n>p1 switch 4\n>p1 move crunch\n>p2 move extremespeed\n>p2 switch 3\n>p1 switch 6\n>p2 move uturn\n>p2 switch 2\n>p1 switch 6\n>p2 move hydropump\n>p1 switch 5\n>p1 move dragondance\n>p2 switch 5\n>p1 move wavecrash\n>p2 move drainingkiss\n>p2 switch 2\n>p1 move wavecrash terastallize\n>p2 move bravebird\n>p2 switch 5\n>p1 move outrage\n>p2 move dracometeor", "uploadtime": 1781453947, "views": 4, "formatid": "gen9randombattle", "rating": 1000, "private": 0, "password": null, "player_dets": [{"name": "gdsagdas3tgasdg", "avatar": "101", "rating": 1000, "seed": "sodium,6f7c1487ee7218bbb28b3b16a7804881"}, {"name": "azasaex", "avatar": "266", "rating": 1000, "seed": "sodium,f616c5aa53bbd23475a66e0ae2badda9"}], "teams_full": [{"Kyogre": {"name": "Kyogre", "species": "Kyogre", "speciesId": "kyogre", "gender": "N", "shiny": false, "level": 71, "moves": ["icebeam", "calmmind", "originpulse", "thunder"], "ability": "Drizzle", "evs": {"hp": 85, "atk": 0, "def": 85, "spa": 85, "spd": 85, "spe": 85}, "ivs": {"hp": 31, "atk": 0, "def": 31, "spa": 31, "spd": 31, "spe": 31}, "item": "Leftovers", "teraType": "Electric", "role": "Bulky Setup", "bvs": {"hp": 100, "atk": 100, "def": 90, "spa": 150, "spd": 140, "spe": 90}, "stats": {"hp": 259, "atk": 147, "def": 169, "spa": 254, "spd": 240, "spe": 169}, "types": ["Water"]}, "Iron Leaves": {"name": "Iron Leaves", "species": "Iron Leaves", "speciesId": "ironleaves", "gender": "N", "shiny": false, "level": 80, "moves": ["swordsdance", "closecombat", "leafblade", "psyblade"], "ability": "Quark Drive", "evs": {"hp": 85, "atk": 85, "def": 85, "spa": 85, "spd": 85, "spe": 85}, "ivs": {"hp": 31, "atk": 31, "def": 31, "spa": 31, "spd": 31, "spe": 31}, "item": "Life Orb", "teraType": "Fighting", "role": "Wallbreaker", "bvs": {"hp": 90, "atk": 130, "def": 88, "spa": 70, "spd": 108, "spe": 104}, "stats": {"hp": 275, "atk": 254, "def": 187, "spa": 158, "spd": 219, "spe": 213}, "types": ["Grass", "Psychic"]}, "Orthworm": {"name": "Orthworm", "species": "Orthworm", "speciesId": "orthworm", "gender": "M", "shiny": false, "level": 88, "moves": ["heavyslam", "spikes", "bodypress", "stealthrock"], "ability": "Earth Eater", "evs": {"hp": 85, "atk": 85, "def": 85, "spa": 85, "spd": 85, "spe": 85}, "ivs": {"hp": 31, "atk": 31, "def": 31, "spa": 31, "spd": 31, "spe": 31}, "item": "Leftovers", "teraType": "Fighting", "role": "Bulky Attacker", "bvs": {"hp": 70, "atk": 85, "def": 145, "spa": 60, "spd": 55, "spe": 65}, "stats": {"hp": 266, "atk": 200, "def": 305, "spa": 156, "spd": 147, "spe": 165}, "types": ["Steel"]}, "Mightyena": {"name": "Mightyena", "species": "Mightyena", "speciesId": "mightyena", "gender": "M", "shiny": false, "level": 96, "moves": ["crunch", "playrough", "poisonfang", "suckerpunch"], "ability": "Intimidate", "evs": {"hp": 85, "atk": 85, "def": 85, "spa": 85, "spd": 85, "spe": 85}, "ivs": {"hp": 31, "atk": 31, "def": 31, "spa": 31, "spd": 31, "spe": 31}, "item": "Choice Band", "teraType": "Poison", "role": "Bulky Attacker", "bvs": {"hp": 70, "atk": 90, "def": 70, "spa": 60, "spd": 60, "spe": 70}, "stats": {"hp": 290, "atk": 227, "def": 189, "spa": 170, "spd": 170, "spe": 189}, "types": ["Dark"]}, "Kingdra": {"name": "Kingdra", "species": "Kingdra", "speciesId": "kingdra", "gender": "F", "shiny": false, "level": 84, "moves": ["outrage", "wavecrash", "waterfall", "dragondance"], "ability": "Sniper", "evs": {"hp": 85, "atk": 85, "def": 85, "spa": 85, "spd": 85, "spe": 85}, "ivs": {"hp": 31, "atk": 31, "def": 31, "spa": 31, "spd": 31, "spe": 31}, "item": "Lum Berry", "teraType": "Water", "role": "Setup Sweeper", "bvs": {"hp": 75, "atk": 95, "def": 95, "spa": 95, "spd": 95, "spe": 85}, "stats": {"hp": 263, "atk": 208, "def": 208, "spa": 208, "spd": 208, "spe": 191}, "types": ["Water", "Dragon"]}, "Regirock": {"name": "Regirock", "species": "Regirock", "speciesId": "regirock", "gender": "N", "shiny": false, "level": 83, "moves": ["bodypress", "irondefense", "stoneedge", "thunderwave"], "ability": "Clear Body", "evs": {"hp": 85, "atk": 85, "def": 85, "spa": 85, "spd": 85, "spe": 85}, "ivs": {"hp": 31, "atk": 31, "def": 31, "spa": 31, "spd": 31, "spe": 31}, "item": "Leftovers", "teraType": "Fighting", "role": "Bulky Attacker", "bvs": {"hp": 80, "atk": 100, "def": 200, "spa": 50, "spd": 100, "spe": 50}, "stats": {"hp": 268, "atk": 214, "def": 380, "spa": 131, "spd": 214, "spe": 131}, "types": ["Rock"]}}, {"Lilligant": {"name": "Lilligant", "species": "Lilligant", "speciesId": "lilligant", "gender": "F", "shiny": false, "level": 86, "moves": ["quiverdance", "alluringvoice", "petaldance", "sleeppowder"], "ability": "Own Tempo", "evs": {"hp": 85, "atk": 0, "def": 85, "spa": 85, "spd": 85, "spe": 85}, "ivs": {"hp": 31, "atk": 0, "def": 31, "spa": 31, "spd": 31, "spe": 31}, "item": "Life Orb", "teraType": "Grass", "role": "Setup Sweeper", "bvs": {"hp": 70, "atk": 60, "def": 75, "spa": 110, "spd": 75, "spe": 90}, "stats": {"hp": 261, "atk": 108, "def": 178, "spa": 238, "spd": 178, "spe": 204}, "types": ["Grass"]}, "Walking Wake": {"name": "Walking Wake", "species": "Walking Wake", "speciesId": "walkingwake", "gender": "N", "shiny": false, "level": 79, "moves": ["flipturn", "flamethrower", "dracometeor", "hydropump"], "ability": "Protosynthesis", "evs": {"hp": 85, "atk": 85, "def": 85, "spa": 85, "spd": 85, "spe": 85}, "ivs": {"hp": 31, "atk": 31, "def": 31, "spa": 31, "spd": 31, "spe": 31}, "item": "Choice Specs", "teraType": "Water", "role": "Wallbreaker", "bvs": {"hp": 99, "atk": 83, "def": 91, "spa": 125, "spd": 83, "spe": 109}, "stats": {"hp": 286, "atk": 177, "def": 189, "spa": 243, "spd": 177, "spe": 218}, "types": ["Water", "Dragon"]}, "Honchkrow": {"name": "Honchkrow", "species": "Honchkrow", "speciesId": "honchkrow", "gender": "M", "shiny": false, "level": 86, "moves": ["bravebird", "heatwave", "uturn", "suckerpunch"], "ability": "Moxie", "evs": {"hp": 85, "atk": 85, "def": 85, "spa": 85, "spd": 85, "spe": 85}, "ivs": {"hp": 31, "atk": 31, "def": 31, "spa": 31, "spd": 31, "spe": 31}, "item": "Heavy-Duty Boots", "teraType": "Flying", "role": "Fast Attacker", "bvs": {"hp": 100, "atk": 125, "def": 52, "spa": 105, "spd": 52, "spe": 71}, "stats": {"hp": 312, "atk": 264, "def": 139, "spa": 230, "spd": 139, "spe": 171}, "types": ["Dark", "Flying"]}, "Forretress": {"name": "Forretress", "species": "Forretress", "speciesId": "forretress", "gender": "F", "shiny": false, "level": 84, "moves": ["rapidspin", "stealthrock", "spikes", "ironhead"], "ability": "Sturdy", "evs": {"hp": 85, "atk": 85, "def": 85, "spa": 85, "spd": 85, "spe": 85}, "ivs": {"hp": 31, "atk": 31, "def": 31, "spa": 31, "spd": 31, "spe": 31}, "item": "Leftovers", "teraType": "Water", "role": "Bulky Support", "bvs": {"hp": 75, "atk": 90, "def": 140, "spa": 60, "spd": 60, "spe": 40}, "stats": {"hp": 263, "atk": 199, "def": 283, "spa": 149, "spd": 149, "spe": 115}, "types": ["Bug", "Steel"]}, "Hatterene": {"name": "Hatterene", "species": "Hatterene", "speciesId": "hatterene", "gender": "F", "shiny": false, "level": 85, "moves": ["calmmind", "mysticalfire", "psychic", "drainingkiss"], "ability": "Magic Bounce", "evs": {"hp": 85, "atk": 0, "def": 85, "spa": 85, "spd": 85, "spe": 85}, "ivs": {"hp": 31, "atk": 0, "def": 31, "spa": 31, "spd": 31, "spe": 31}, "item": "Leftovers", "teraType": "Fairy", "role": "Bulky Setup", "bvs": {"hp": 57, "atk": 90, "def": 95, "spa": 136, "spd": 103, "spe": 29}, "stats": {"hp": 236, "atk": 158, "def": 210, "spa": 280, "spd": 224, "spe": 98}, "types": ["Psychic", "Fairy"]}, "Arceus": {"name": "Arceus", "species": "Arceus", "speciesId": "arceus", "gender": "N", "shiny": false, "level": 68, "moves": ["extremespeed", "shadowclaw", "earthquake", "swordsdance"], "ability": "Multitype", "evs": {"hp": 85, "atk": 85, "def": 85, "spa": 85, "spd": 85, "spe": 85}, "ivs": {"hp": 31, "atk": 31, "def": 31, "spa": 31, "spd": 31, "spe": 31}, "item": "Life Orb", "teraType": "Ghost", "role": "Fast Bulky Setup", "bvs": {"hp": 120, "atk": 120, "def": 120, "spa": 120, "spd": 120, "spe": 120}, "stats": {"hp": 276, "atk": 203, "def": 203, "spa": 203, "spd": 203, "spe": 203}, "types": ["Normal"]}}]}