{"id": "gen9randombattle-2631897928", "format": "[Gen 9] Random Battle", "players": ["Lemongrab23", "danmoses"], "log": "|j|\u2606Lemongrab23\n|j|\u2606danmoses\n|t:|1781453322\n|gametype|singles\n|player|p1|Lemongrab23|bruno|1908\n|player|p2|danmoses|whitney|1926\n|gen|9\n|tier|[Gen 9] Random Battle\n|rated|\n|rule|Species Clause: Limit one of each Pok\u00e9mon\n|rule|HP Percentage Mod: HP is shown in percentages\n|rule|Sleep Clause Mod: Limit one foe put to sleep\n|rule|Illusion Level Mod: Illusion disguises the Pok\u00e9mon's true level\n|\n|t:|1781453322\n|teamsize|p1|6\n|teamsize|p2|6\n|start\n|switch|p1a: Oricorio|Oricorio-Pom-Pom, L82, F|257/257\n|switch|p2a: Lilligant|Lilligant-Hisui, L79, F|240/240\n|turn|1\n|inactive|Battle timer is ON: inactive players will automatically lose when time's up. (requested by danmoses)\n|\n|t:|1781453340\n|move|p2a: Lilligant|Sleep Powder|p1a: Oricorio|[miss]\n|-miss|p2a: Lilligant|p1a: Oricorio\n|move|p1a: Oricorio|Hurricane|p2a: Lilligant\n|-supereffective|p2a: Lilligant\n|-damage|p2a: Lilligant|0 fnt\n|faint|p2a: Lilligant\n|\n|upkeep\n|\n|t:|1781453349\n|switch|p2a: Pikachu|Pikachu-Hoenn, L93, F|216/216\n|turn|2\n|\n|t:|1781453376\n|move|p2a: Pikachu|Fake Out|p1a: Oricorio\n|-damage|p1a: Oricorio|206/257\n|cant|p1a: Oricorio|flinch\n|\n|upkeep\n|turn|3\n|\n|t:|1781453386\n|-terastallize|p1a: Oricorio|Ground\n|move|p2a: Pikachu|Volt Tackle|p1a: Oricorio\n|-immune|p1a: Oricorio\n|move|p1a: Oricorio|Quiver Dance|p1a: Oricorio\n|-boost|p1a: Oricorio|spa|1\n|-boost|p1a: Oricorio|spd|1\n|-boost|p1a: Oricorio|spe|1\n|\n|upkeep\n|turn|4\n|\n|t:|1781453395\n|-terastallize|p2a: Pikachu|Water\n|move|p1a: Oricorio|Revelation Dance|p2a: Pikachu\n|-crit|p2a: Pikachu\n|-damage|p2a: Pikachu|0 fnt\n|faint|p2a: Pikachu\n|\n|upkeep\n|\n|t:|1781453405\n|switch|p2a: Hydrapple|Hydrapple, L83, M|312/312\n|turn|5\n|\n|t:|1781453409\n|move|p1a: Oricorio|Hurricane|p2a: Hydrapple\n|-supereffective|p2a: Hydrapple\n|-damage|p2a: Hydrapple|72/312\n|move|p2a: Hydrapple|Dragon Tail|p1a: Oricorio\n|-damage|p1a: Oricorio|145/257\n|drag|p1a: Ogerpon|Ogerpon-Wellspring, L76, F|247/247\n|\n|upkeep\n|turn|6\n|\n|t:|1781453422\n|switch|p1a: Granbull|Granbull, L88, F|302/302\n|-ability|p1a: Granbull|Intimidate|boost\n|-unboost|p2a: Hydrapple|atk|1\n|move|p2a: Hydrapple|Giga Drain|p1a: Granbull\n|-damage|p1a: Granbull|175/302\n|-heal|p2a: Hydrapple|136/312|[from] drain|[of] p1a: Granbull\n|\n|-heal|p1a: Granbull|193/302|[from] item: Leftovers\n|upkeep\n|turn|7\n|\n|t:|1781453429\n|switch|p2a: Dewgong|Dewgong, L94, F|322/322\n|move|p1a: Granbull|Play Rough|p2a: Dewgong\n|-damage|p2a: Dewgong|211/322\n|\n|-heal|p1a: Granbull|211/302|[from] item: Leftovers\n|upkeep\n|turn|8\n|\n|t:|1781453436\n|move|p2a: Dewgong|Ice Beam|p1a: Granbull\n|-damage|p1a: Granbull|94/302\n|move|p1a: Granbull|Play Rough|p2a: Dewgong\n|-damage|p2a: Dewgong|87/322\n|\n|-heal|p1a: Granbull|112/302|[from] item: Leftovers\n|upkeep\n|turn|9\n|\n|t:|1781453444\n|move|p2a: Dewgong|Ice Beam|p1a: Granbull\n|-damage|p1a: Granbull|3/302\n|move|p1a: Granbull|Play Rough|p2a: Dewgong\n|-damage|p2a: Dewgong|0 fnt\n|faint|p2a: Dewgong\n|\n|-heal|p1a: Granbull|21/302|[from] item: Leftovers\n|upkeep\n|\n|t:|1781453458\n|switch|p2a: Chien-Pao|Chien-Pao, L72|234/234\n|-ability|p2a: Chien-Pao|Sword of Ruin\n|turn|10\n|\n|t:|1781453485\n|switch|p1a: Grimmsnarl|Grimmsnarl, L83, M|293/293\n|move|p2a: Chien-Pao|Icicle Crash|p1a: Grimmsnarl\n|-damage|p1a: Grimmsnarl|89/293\n|\n|-heal|p1a: Grimmsnarl|107/293|[from] item: Leftovers\n|upkeep\n|turn|11\n|inactive|Lemongrab23 has 120 seconds left.\n|\n|t:|1781453505\n|move|p2a: Chien-Pao|Icicle Crash|p1a: Grimmsnarl\n|-damage|p1a: Grimmsnarl|0 fnt\n|faint|p1a: Grimmsnarl\n|\n|upkeep\n|inactive|Lemongrab23 has 120 seconds left.\n|\n|t:|1781453528\n|switch|p1a: Magcargo|Magcargo, L95, F|268/268\n|turn|12\n|\n|t:|1781453534\n|switch|p2a: Hydrapple|Hydrapple, L83, M|240/312\n|move|p1a: Magcargo|Shell Smash|p1a: Magcargo\n|-unboost|p1a: Magcargo|def|1\n|-unboost|p1a: Magcargo|spd|1\n|-boost|p1a: Magcargo|atk|2\n|-boost|p1a: Magcargo|spa|2\n|-boost|p1a: Magcargo|spe|2\n|\n|upkeep\n|turn|13\n|inactive|Lemongrab23 has 120 seconds left.\n|\n|t:|1781453540\n|move|p1a: Magcargo|Fire Blast|p2a: Hydrapple\n|-damage|p2a: Hydrapple|30/312\n|move|p2a: Hydrapple|Earth Power|p1a: Magcargo\n|-supereffective|p1a: Magcargo\n|-damage|p1a: Magcargo|0 fnt\n|faint|p1a: Magcargo\n|\n|upkeep\n|inactive|Lemongrab23 has 120 seconds left.\n|\n|t:|1781453559\n|switch|p1a: Oricorio|Oricorio-Pom-Pom, L82, F, tera:Ground|145/257\n|turn|14\n|\n|t:|1781453564\n|move|p1a: Oricorio|Hurricane|p2a: Hydrapple\n|-supereffective|p2a: Hydrapple\n|-damage|p2a: Hydrapple|0 fnt\n|faint|p2a: Hydrapple\n|\n|upkeep\n|\n|t:|1781453578\n|switch|p2a: Chien-Pao|Chien-Pao, L72|234/234\n|-ability|p2a: Chien-Pao|Sword of Ruin\n|turn|15\n|inactive|Lemongrab23 has 120 seconds left.\n|l|\u2606Lemongrab23\n|inactive|Lemongrab23 disconnected and has a minute to reconnect!\n|player|p1|\n|inactive|Lemongrab23 has 30 seconds to reconnect!\n|inactive|Lemongrab23 has 20 seconds to reconnect!\n|inactive|Lemongrab23 has 15 seconds to reconnect!\n|inactive|Lemongrab23 has 10 seconds to reconnect!\n|inactive|Lemongrab23 has 5 seconds to reconnect!\n|-message|Lemongrab23 lost due to inactivity.\n|\n|win|danmoses\n", "inputlog": ">version a8376a258c1d4662feba110a92103f3664a72141\n>start {\"formatid\":\"gen9randombattle\",\"seed\":\"sodium,ac8759e59433c71aed45d5f9230ae192\",\"rated\":\"Rated battle\"}\n>player p1 {\"name\":\"Lemongrab23\",\"avatar\":\"bruno\",\"rating\":1908,\"seed\":\"sodium,b72fa657e6fec758d871a108f8e23340\"}\n>player p2 {\"name\":\"danmoses\",\"avatar\":\"whitney\",\"rating\":1926,\"seed\":\"sodium,16953c6bad26d4ed5358e0e804315cbd\"}\n>p1 move hurricane\n>p2 move sleeppowder\n>p2 switch 2\n>p1 move quiverdance\n>p2 move fakeout\n>p1 move quiverdance terastallize\n>p2 move volttackle\n>p1 move revelationdance\n>p2 move surf terastallize\n>p2 switch 6\n>p1 move hurricane\n>p2 move dragontail\n>p1 switch 3\n>p2 move gigadrain\n>p1 move playrough\n>p2 switch 5\n>p1 move playrough\n>p2 move icebeam\n>p1 move playrough\n>p2 move icebeam\n>p2 switch 3\n>p1 switch 4\n>p2 move iciclecrash\n>p1 move spiritbreak\n>p2 move iciclecrash\n>p1 switch 5\n>p1 move shellsmash\n>p2 switch 5\n>p1 move fireblast\n>p2 move earthpower\n>p1 switch 6\n>p1 move hurricane\n>p2 move gigadrain\n>p2 switch 5\n>forcelose p1", "uploadtime": 1781453324, "views": 4, "formatid": "gen9randombattle", "rating": null, "private": 0, "password": null, "player_dets": [{"name": "Lemongrab23", "avatar": "bruno", "rating": 1908, "seed": "sodium,b72fa657e6fec758d871a108f8e23340"}, {"name": "danmoses", "avatar": "whitney", "rating": 1926, "seed": "sodium,16953c6bad26d4ed5358e0e804315cbd"}], "teams_full": [{"Oricorio": {"name": "Oricorio", "species": "Oricorio-Pom-Pom", "speciesId": "oricoriopompom", "gender": "F", "shiny": false, "level": 82, "moves": ["quiverdance", "roost", "revelationdance", "hurricane"], "ability": "Dancer", "evs": {"hp": 85, "atk": 0, "def": 85, "spa": 85, "spd": 85, "spe": 85}, "ivs": {"hp": 31, "atk": 0, "def": 31, "spa": 31, "spd": 31, "spe": 31}, "item": "Heavy-Duty Boots", "teraType": "Ground", "role": "Setup Sweeper", "bvs": {"hp": 75, "atk": 70, "def": 70, "spa": 98, "spd": 70, "spe": 93}, "stats": {"hp": 257, "atk": 119, "def": 162, "spa": 208, "spd": 162, "spe": 200}}, "Golurk": {"name": "Golurk", "species": "Golurk", "speciesId": "golurk", "gender": "N", "shiny": false, "level": 87, "moves": ["poltergeist", "earthquake", "stealthrock", "dynamicpunch"], "ability": "No Guard", "evs": {"hp": 85, "atk": 85, "def": 85, "spa": 85, "spd": 85, "spe": 85}, "ivs": {"hp": 31, "atk": 31, "def": 31, "spa": 31, "spd": 31, "spe": 31}, "item": "Life Orb", "teraType": "Ghost", "role": "Wallbreaker", "bvs": {"hp": 89, "atk": 124, "def": 80, "spa": 55, "spd": 80, "spe": 55}, "stats": {"hp": 297, "atk": 266, "def": 189, "spa": 145, "spd": 189, "spe": 145}}, "Granbull": {"name": "Granbull", "species": "Granbull", "speciesId": "granbull", "gender": "F", "shiny": false, "level": 88, "moves": ["earthquake", "playrough", "encore", "thunderwave"], "ability": "Intimidate", "evs": {"hp": 85, "atk": 85, "def": 85, "spa": 85, "spd": 85, "spe": 85}, "ivs": {"hp": 31, "atk": 31, "def": 31, "spa": 31, "spd": 31, "spe": 31}, "item": "Leftovers", "teraType": "Ground", "role": "Bulky Attacker", "bvs": {"hp": 90, "atk": 120, "def": 75, "spa": 60, "spd": 60, "spe": 45}, "stats": {"hp": 302, "atk": 261, "def": 182, "spa": 156, "spd": 156, "spe": 129}}, "Grimmsnarl": {"name": "Grimmsnarl", "species": "Grimmsnarl", "speciesId": "grimmsnarl", "gender": "M", "shiny": false, "level": 83, "moves": ["spiritbreak", "partingshot", "suckerpunch", "thunderwave"], "ability": "Prankster", "evs": {"hp": 85, "atk": 85, "def": 85, "spa": 85, "spd": 85, "spe": 85}, "ivs": {"hp": 31, "atk": 31, "def": 31, "spa": 31, "spd": 31, "spe": 31}, "item": "Leftovers", "teraType": "Steel", "role": "Bulky Attacker", "bvs": {"hp": 95, "atk": 120, "def": 65, "spa": 95, "spd": 75, "spe": 60}, "stats": {"hp": 293, "atk": 247, "def": 156, "spa": 205, "spd": 172, "spe": 147}}, "Magcargo": {"name": "Magcargo", "species": "Magcargo", "speciesId": "magcargo", "gender": "F", "shiny": false, "level": 95, "moves": ["powergem", "shellsmash", "earthpower", "fireblast"], "ability": "Weak Armor", "evs": {"hp": 85, "atk": 0, "def": 85, "spa": 85, "spd": 85, "spe": 85}, "ivs": {"hp": 31, "atk": 0, "def": 31, "spa": 31, "spd": 31, "spe": 31}, "item": "Heavy-Duty Boots", "teraType": "Grass", "role": "Setup Sweeper", "bvs": {"hp": 60, "atk": 50, "def": 120, "spa": 90, "spd": 80, "spe": 30}, "stats": {"hp": 268, "atk": 100, "def": 282, "spa": 225, "spd": 206, "spe": 111}}, "Ogerpon": {"name": "Ogerpon", "species": "Ogerpon-Wellspring", "speciesId": "ogerponwellspring", "gender": "F", "shiny": false, "level": 76, "moves": ["hornleech", "knockoff", "ivycudgel", "swordsdance"], "ability": "Water Absorb", "evs": {"hp": 85, "atk": 85, "def": 85, "spa": 85, "spd": 85, "spe": 85}, "ivs": {"hp": 31, "atk": 31, "def": 31, "spa": 31, "spd": 31, "spe": 31}, "item": "Wellspring Mask", "teraType": "Water", "role": "Setup Sweeper", "bvs": {"hp": 80, "atk": 120, "def": 84, "spa": 60, "spd": 96, "spe": 110}, "stats": {"hp": 247, "atk": 226, "def": 172, "spa": 135, "spd": 190, "spe": 211}}}, {"Lilligant": {"name": "Lilligant", "species": "Lilligant-Hisui", "speciesId": "lilliganthisui", "gender": "F", "shiny": false, "level": 79, "moves": ["victorydance", "sleeppowder", "leafblade", "closecombat"], "ability": "Hustle", "evs": {"hp": 85, "atk": 85, "def": 85, "spa": 85, "spd": 85, "spe": 85}, "ivs": {"hp": 31, "atk": 31, "def": 31, "spa": 31, "spd": 31, "spe": 31}, "item": "Life Orb", "teraType": "Fighting", "role": "Setup Sweeper", "bvs": {"hp": 70, "atk": 105, "def": 75, "spa": 50, "spd": 75, "spe": 105}, "stats": {"hp": 240, "atk": 211, "def": 164, "spa": 125, "spd": 164, "spe": 211}}, "Pikachu": {"name": "Pikachu", "species": "Pikachu-Hoenn", "speciesId": "pikachu", "gender": "F", "shiny": false, "level": 93, "moves": ["volttackle", "surf", "voltswitch", "fakeout"], "ability": "Lightning Rod", "evs": {"hp": 85, "atk": 85, "def": 85, "spa": 85, "spd": 85, "spe": 85}, "ivs": {"hp": 31, "atk": 31, "def": 31, "spa": 31, "spd": 31, "spe": 31}, "item": "Light Ball", "teraType": "Water", "role": "Fast Attacker", "bvs": {"hp": 35, "atk": 55, "def": 40, "spa": 50, "spd": 50, "spe": 90}, "stats": {"hp": 216, "atk": 155, "def": 127, "spa": 146, "spd": 146, "spe": 220}}, "Chien-Pao": {"name": "Chien-Pao", "species": "Chien-Pao", "speciesId": "chienpao", "gender": "N", "shiny": false, "level": 72, "moves": ["iciclecrash", "iceshard", "throatchop", "sacredsword"], "ability": "Sword of Ruin", "evs": {"hp": 85, "atk": 85, "def": 85, "spa": 85, "spd": 85, "spe": 85}, "ivs": {"hp": 31, "atk": 31, "def": 31, "spa": 31, "spd": 31, "spe": 31}, "item": "Choice Band", "teraType": "Fighting", "role": "Wallbreaker", "bvs": {"hp": 80, "atk": 120, "def": 80, "spa": 90, "spd": 65, "spe": 135}, "stats": {"hp": 234, "atk": 215, "def": 157, "spa": 172, "spd": 136, "spe": 236}}, "Deoxys": {"name": "Deoxys", "species": "Deoxys-Attack", "speciesId": "deoxysattack", "gender": "N", "shiny": false, "level": 72, "moves": ["superpower", "psychoboost", "knockoff", "extremespeed"], "ability": "Pressure", "evs": {"hp": 85, "atk": 85, "def": 85, "spa": 85, "spd": 85, "spe": 85}, "ivs": {"hp": 31, "atk": 31, "def": 31, "spa": 31, "spd": 31, "spe": 31}, "item": "Life Orb", "teraType": "Normal", "role": "Fast Attacker", "bvs": {"hp": 50, "atk": 180, "def": 20, "spa": 180, "spd": 20, "spe": 150}, "stats": {"hp": 191, "atk": 301, "def": 71, "spa": 301, "spd": 71, "spe": 258}}, "Dewgong": {"name": "Dewgong", "species": "Dewgong", "speciesId": "dewgong", "gender": "F", "shiny": false, "level": 94, "moves": ["encore", "surf", "icebeam", "flipturn"], "ability": "Thick Fat", "evs": {"hp": 85, "atk": 85, "def": 85, "spa": 85, "spd": 85, "spe": 85}, "ivs": {"hp": 31, "atk": 31, "def": 31, "spa": 31, "spd": 31, "spe": 31}, "item": "Heavy-Duty Boots", "teraType": "Dragon", "role": "Bulky Support", "bvs": {"hp": 90, "atk": 70, "def": 80, "spa": 70, "spd": 95, "spe": 70}, "stats": {"hp": 322, "atk": 185, "def": 204, "spa": 185, "spd": 232, "spe": 185}}, "Hydrapple": {"name": "Hydrapple", "species": "Hydrapple", "speciesId": "hydrapple", "gender": "M", "shiny": false, "level": 83, "moves": ["ficklebeam", "dragontail", "gigadrain", "earthpower"], "ability": "Regenerator", "evs": {"hp": 85, "atk": 85, "def": 85, "spa": 85, "spd": 85, "spe": 85}, "ivs": {"hp": 31, "atk": 31, "def": 31, "spa": 31, "spd": 31, "spe": 31}, "item": "Assault Vest", "teraType": "Steel", "role": "AV Pivot", "bvs": {"hp": 106, "atk": 80, "def": 110, "spa": 120, "spd": 80, "spe": 44}, "stats": {"hp": 312, "atk": 180, "def": 230, "spa": 247, "spd": 180, "spe": 121}}}]}