{"id": "gen9randombattle-2631896113", "format": "[Gen 9] Random Battle", "players": ["nerunoru", "Kabzoul"], "log": "|j|\u2606nerunoru\n|j|\u2606Kabzoul\n|t:|1781453131\n|gametype|singles\n|player|p1|nerunoru|ghetsis|1075\n|player|p2|Kabzoul|lady|1133\n|gen|9\n|tier|[Gen 9] Random Battle\n|rated|\n|rule|Species Clause: Limit one of each Pok\u00e9mon\n|rule|HP Percentage Mod: HP is shown in percentages\n|rule|Sleep Clause Mod: Limit one foe put to sleep\n|rule|Illusion Level Mod: Illusion disguises the Pok\u00e9mon's true level\n|\n|t:|1781453131\n|teamsize|p1|6\n|teamsize|p2|6\n|start\n|switch|p1a: Vigoroth|Vigoroth, L85, M|275/275\n|switch|p2a: Iron Treads|Iron Treads, L77|265/265\n|turn|1\n|inactive|Battle timer is ON: inactive players will automatically lose when time's up. (requested by nerunoru)\n|\n|t:|1781453147\n|-terastallize|p2a: Iron Treads|Ghost\n|move|p2a: Iron Treads|Iron Head|p1a: Vigoroth\n|-damage|p1a: Vigoroth|214/275\n|cant|p1a: Vigoroth|flinch\n|\n|upkeep\n|turn|2\n|\n|t:|1781453156\n|move|p2a: Iron Treads|Iron Head|p1a: Vigoroth\n|-damage|p1a: Vigoroth|156/275\n|move|p1a: Vigoroth|Bulk Up|p1a: Vigoroth\n|-boost|p1a: Vigoroth|atk|1\n|-boost|p1a: Vigoroth|def|1\n|\n|upkeep\n|turn|3\n|\n|t:|1781453168\n|move|p2a: Iron Treads|Volt Switch|p1a: Vigoroth\n|-damage|p1a: Vigoroth|124/275\n|\n|t:|1781453180\n|-end|p2a: Iron Treads|Quark Drive|[silent]\n|switch|p2a: Eelektross|Eelektross, L87, F|290/290|[from] Volt Switch\n|move|p1a: Vigoroth|Bulk Up|p1a: Vigoroth\n|-boost|p1a: Vigoroth|atk|1\n|-boost|p1a: Vigoroth|def|1\n|\n|upkeep\n|turn|4\n|\n|t:|1781453193\n|move|p1a: Vigoroth|Body Slam|p2a: Eelektross\n|-damage|p2a: Eelektross|130/290\n|move|p2a: Eelektross|Coil|p2a: Eelektross\n|-boost|p2a: Eelektross|atk|1\n|-boost|p2a: Eelektross|def|1\n|-boost|p2a: Eelektross|accuracy|1\n|\n|-heal|p2a: Eelektross|148/290|[from] item: Leftovers\n|upkeep\n|turn|5\n|\n|t:|1781453200\n|move|p1a: Vigoroth|Slack Off|p1a: Vigoroth\n|-heal|p1a: Vigoroth|262/275\n|move|p2a: Eelektross|Drain Punch|p1a: Vigoroth\n|-supereffective|p1a: Vigoroth\n|-crit|p1a: Vigoroth\n|-damage|p1a: Vigoroth|62/275\n|-heal|p2a: Eelektross|248/290|[from] drain|[of] p1a: Vigoroth\n|\n|-heal|p2a: Eelektross|266/290|[from] item: Leftovers\n|upkeep\n|turn|6\n|-message|nerunoru forfeited.\n|\n|win|Kabzoul\n|raw|nerunoru's rating: 1075 &rarr; <strong>1057</strong><br />(-18 for losing)\n|raw|Kabzoul's rating: 1133 &rarr; <strong>1154</strong><br />(+21 for winning)\n|l|\u2606nerunoru\n|player|p1|\n", "inputlog": ">version a8376a258c1d4662feba110a92103f3664a72141\n>start {\"formatid\":\"gen9randombattle\",\"seed\":\"sodium,7053b376e73c9ba04dcd24ca602db776\",\"rated\":\"Rated battle\"}\n>player p1 {\"name\":\"nerunoru\",\"avatar\":\"ghetsis\",\"rating\":1075,\"seed\":\"sodium,ec0a23819a87426f25e4e77134bc8080\"}\n>player p2 {\"name\":\"Kabzoul\",\"avatar\":\"lady\",\"rating\":1133,\"seed\":\"sodium,276017a9ea4e388f42ddbd45d171c2c8\"}\n>p1 move bulkup\n>p2 move ironhead terastallize\n>p1 move bulkup\n>p2 move ironhead\n>p1 move bulkup\n>p2 move voltswitch\n>p2 switch 4\n>p1 move bodyslam\n>p2 move coil\n>p1 move slackoff\n>p2 move drainpunch\n>forcelose p1", "uploadtime": 1781453217, "views": 8, "formatid": "gen9randombattle", "rating": 1057, "private": 0, "password": null}