{"id": "gen9randombattle-2631375579", "format": "[Gen 9] Random Battle", "players": ["isnothingeasy", "TheeSalesman"], "log": "|j|\u2606isnothingeasy\n|j|\u2606TheeSalesman\n|t:|1781377268\n|gametype|singles\n|player|p1|isnothingeasy|lady|2037\n|player|p2|TheeSalesman|clerk|2045\n|gen|9\n|tier|[Gen 9] Random Battle\n|rated|\n|rule|Species Clause: Limit one of each Pok\u00e9mon\n|rule|HP Percentage Mod: HP is shown in percentages\n|rule|Sleep Clause Mod: Limit one foe put to sleep\n|rule|Illusion Level Mod: Illusion disguises the Pok\u00e9mon's true level\n|\n|t:|1781377268\n|teamsize|p1|6\n|teamsize|p2|6\n|start\n|switch|p1a: Chien-Pao|Chien-Pao, L72|234/234\n|switch|p2a: Ursaring|Ursaring, L84, F|288/288\n|-ability|p1a: Chien-Pao|Sword of Ruin\n|turn|1\n|inactive|Battle timer is ON: inactive players will automatically lose when time's up. (requested by TheeSalesman)\n|\n|t:|1781377275\n|move|p1a: Chien-Pao|Sacred Sword|p2a: Ursaring\n|-supereffective|p2a: Ursaring\n|-damage|p2a: Ursaring|48/288\n|move|p2a: Ursaring|Close Combat|p1a: Chien-Pao\n|-supereffective|p1a: Chien-Pao\n|-damage|p1a: Chien-Pao|0 fnt\n|-unboost|p2a: Ursaring|def|1\n|-unboost|p2a: Ursaring|spd|1\n|faint|p1a: Chien-Pao\n|\n|-status|p2a: Ursaring|tox|[from] item: Toxic Orb\n|upkeep\n|\n|t:|1781377280\n|switch|p1a: Minun|Minun, L95, F|268/268\n|turn|2\n|\n|t:|1781377288\n|switch|p2a: Palossand|Palossand, L89, F|296/296\n|move|p1a: Minun|Thunderbolt|p2a: Palossand\n|-immune|p2a: Palossand\n|\n|upkeep\n|turn|3\n|\n|t:|1781377316\n|-terastallize|p1a: Minun|Grass\n|move|p1a: Minun|Nasty Plot|p1a: Minun\n|-boost|p1a: Minun|spa|2\n|move|p2a: Palossand|Stealth Rock|p1a: Minun\n|-sidestart|p1: isnothingeasy|move: Stealth Rock\n|\n|upkeep\n|turn|4\n|\n|t:|1781377322\n|switch|p2a: Scizor|Scizor, L79, M|240/240\n|move|p1a: Minun|Encore||[still]\n|-fail|p1a: Minun\n|\n|upkeep\n|turn|5\n|\n|t:|1781377334\n|switch|p2a: Ursaring|Ursaring, L84, F|48/288 tox\n|move|p1a: Minun|Thunderbolt|p2a: Ursaring\n|-damage|p2a: Ursaring|0 fnt\n|faint|p2a: Ursaring\n|-damage|p1a: Minun|242/268|[from] item: Life Orb\n|\n|upkeep\n|\n|t:|1781377340\n|switch|p2a: Glaceon|Glaceon, L94, F|275/275\n|turn|6\n|\n|t:|1781377346\n|move|p1a: Minun|Thunderbolt|p2a: Glaceon\n|-damage|p2a: Glaceon|64/275\n|-damage|p1a: Minun|216/268|[from] item: Life Orb\n|move|p2a: Glaceon|Freeze-Dry|p1a: Minun\n|-supereffective|p1a: Minun\n|-damage|p1a: Minun|0 fnt\n|faint|p1a: Minun\n|\n|upkeep\n|\n|t:|1781377352\n|switch|p1a: Coalossal|Coalossal, L89, F|341/341\n|turn|7\n|\n|t:|1781377361\n|-terastallize|p2a: Glaceon|Ground\n|move|p2a: Glaceon|Mud Shot|p1a: Coalossal\n|-supereffective|p1a: Coalossal\n|-damage|p1a: Coalossal|0 fnt\n|faint|p1a: Coalossal\n|\n|upkeep\n|\n|t:|1781377368\n|switch|p1a: Victreebel|Victreebel, L90, M|290/290\n|-damage|p1a: Victreebel|254/290|[from] Stealth Rock\n|turn|8\n|\n|t:|1781377379\n|move|p1a: Victreebel|Power Whip|p2a: Glaceon\n|-supereffective|p2a: Glaceon\n|-damage|p2a: Glaceon|0 fnt\n|faint|p2a: Glaceon\n|-damage|p1a: Victreebel|225/290|[from] item: Life Orb\n|\n|upkeep\n|\n|t:|1781377389\n|switch|p2a: Volcanion|Volcanion, L79|256/256\n|turn|9\n|\n|t:|1781377406\n|move|p1a: Victreebel|Power Whip|p2a: Volcanion\n|-damage|p2a: Volcanion|99/256\n|-damage|p1a: Victreebel|196/290|[from] item: Life Orb\n|move|p2a: Volcanion|Flamethrower|p1a: Victreebel\n|-supereffective|p1a: Victreebel\n|-damage|p1a: Victreebel|0 fnt\n|faint|p1a: Victreebel\n|\n|upkeep\n|\n|t:|1781377409\n|switch|p1a: Chimecho|Chimecho, L93, F|290/290\n|-damage|p1a: Chimecho|254/290|[from] Stealth Rock\n|turn|10\n|\n|t:|1781377419\n|switch|p2a: Scizor|Scizor, L79, M|240/240\n|move|p1a: Chimecho|Psychic Noise|p2a: Scizor\n|-resisted|p2a: Scizor\n|-damage|p2a: Scizor|188/240\n|-start|p2a: Scizor|move: Heal Block\n|\n|-heal|p1a: Chimecho|272/290|[from] item: Leftovers\n|upkeep\n|turn|11\n|\n|t:|1781377432\n|move|p1a: Chimecho|Knock Off|p2a: Scizor\n|-damage|p2a: Scizor|134/240\n|-enditem|p2a: Scizor|Leftovers|[from] move: Knock Off|[of] p1a: Chimecho\n|move|p2a: Scizor|U-turn|p1a: Chimecho\n|-supereffective|p1a: Chimecho\n|-damage|p1a: Chimecho|120/290\n|\n|t:|1781377438\n|switch|p2a: Rabsca|Rabsca, L91, F|284/284|[from] U-turn\n|\n|-heal|p1a: Chimecho|138/290|[from] item: Leftovers\n|upkeep\n|turn|12\n|\n|t:|1781377444\n|move|p1a: Chimecho|Knock Off|p2a: Rabsca\n|-supereffective|p2a: Rabsca\n|-damage|p2a: Rabsca|178/284\n|-enditem|p2a: Rabsca|Heavy-Duty Boots|[from] move: Knock Off|[of] p1a: Chimecho\n|move|p2a: Rabsca|Trick Room|p2a: Rabsca\n|-fieldstart|move: Trick Room|[of] p2a: Rabsca\n|\n|-heal|p1a: Chimecho|156/290|[from] item: Leftovers\n|upkeep\n|turn|13\n|\n|t:|1781377451\n|move|p2a: Rabsca|Bug Buzz|p1a: Chimecho\n|-supereffective|p1a: Chimecho\n|-damage|p1a: Chimecho|0 fnt\n|faint|p1a: Chimecho\n|\n|upkeep\n|\n|t:|1781377454\n|switch|p1a: Perrserker|Perrserker, L89, F|269/269\n|-damage|p1a: Perrserker|253/269|[from] Stealth Rock\n|turn|14\n|\n|t:|1781377471\n|move|p2a: Rabsca|Revival Blessing|p2a: Rabsca\n|\n|t:|1781377473\n|-heal|p2: Glaceon|137/275|[from] move: Revival Blessing\n|move|p1a: Perrserker|U-turn|p2a: Rabsca\n|-supereffective|p2a: Rabsca\n|-damage|p2a: Rabsca|0 fnt\n|faint|p2a: Rabsca\n|-damage|p1a: Perrserker|227/269|[from] item: Life Orb\n|\n|upkeep\n|\n|t:|1781377475\n|switch|p2a: Palossand|Palossand, L89, F|296/296\n|turn|15\n|\n|t:|1781377483\n|move|p2a: Palossand|Earth Power|p1a: Perrserker\n|-supereffective|p1a: Perrserker\n|-damage|p1a: Perrserker|0 fnt\n|faint|p1a: Perrserker\n|\n|win|TheeSalesman\n", "inputlog": ">version a8376a258c1d4662feba110a92103f3664a72141\n>start {\"formatid\":\"gen9randombattle\",\"seed\":\"sodium,7cbbc0eb771a40224433cc4fcf685fc4\",\"rated\":\"Rated battle\"}\n>player p1 {\"name\":\"isnothingeasy\",\"avatar\":\"lady\",\"rating\":2037,\"seed\":\"sodium,9208bd3f5df4ec5b94ee33e5077e74ee\"}\n>player p2 {\"name\":\"TheeSalesman\",\"avatar\":\"clerk\",\"rating\":2045,\"seed\":\"sodium,ae5c9697229d0378177e26df4dadf182\"}\n>p1 move sacredsword\n>p2 move closecombat\n>p1 switch 3\n>p1 move thunderbolt\n>p2 switch 5\n>p1 move nastyplot terastallize\n>p2 move stealthrock\n>p1 move encore\n>p2 switch 6\n>p1 move thunderbolt\n>p2 switch 5\n>p2 switch 4\n>p1 move thunderbolt\n>p2 move freezedry\n>p1 switch 5\n>p1 move overheat\n>p2 move mudshot terastallize\n>p1 switch 6\n>p1 move powerwhip\n>p2 move freezedry\n>p2 switch 2\n>p1 move powerwhip\n>p2 move flamethrower\n>p1 switch 4\n>p1 move psychicnoise\n>p2 switch 5\n>p1 move knockoff\n>p2 move uturn\n>p2 switch 3\n>p1 move knockoff\n>p2 move trickroom\n>p1 move encore\n>p2 move bugbuzz\n>p1 switch 2\n>p1 move uturn\n>p2 move revivalblessing\n>p2 switch 2\n>p2 switch 6\n>p1 move ironhead\n>p2 move earthpower", "uploadtime": 1781377270, "views": 9, "formatid": "gen9randombattle", "rating": null, "private": 0, "password": null, "player_dets": [{"name": "isnothingeasy", "avatar": "lady", "rating": 2037, "seed": "sodium,9208bd3f5df4ec5b94ee33e5077e74ee"}, {"name": "TheeSalesman", "avatar": "clerk", "rating": 2045, "seed": "sodium,ae5c9697229d0378177e26df4dadf182"}], "teams_full": [{"Chien-Pao": {"name": "Chien-Pao", "species": "Chien-Pao", "speciesId": "chienpao", "gender": "N", "shiny": false, "level": 72, "moves": ["sacredsword", "iciclecrash", "crunch", "iceshard"], "ability": "Sword of Ruin", "evs": {"hp": 85, "atk": 85, "def": 85, "spa": 85, "spd": 85, "spe": 85}, "ivs": {"hp": 31, "atk": 31, "def": 31, "spa": 31, "spd": 31, "spe": 31}, "item": "Choice Band", "teraType": "Dark", "role": "Wallbreaker", "bvs": {"hp": 80, "atk": 120, "def": 80, "spa": 90, "spd": 65, "spe": 135}, "stats": {"hp": 234, "atk": 215, "def": 157, "spa": 172, "spd": 136, "spe": 236}}, "Perrserker": {"name": "Perrserker", "species": "Perrserker", "speciesId": "perrserker", "gender": "F", "shiny": false, "level": 89, "moves": ["ironhead", "uturn", "stealthrock", "closecombat"], "ability": "Tough Claws", "evs": {"hp": 85, "atk": 85, "def": 85, "spa": 85, "spd": 85, "spe": 85}, "ivs": {"hp": 31, "atk": 31, "def": 31, "spa": 31, "spd": 31, "spe": 31}, "item": "Life Orb", "teraType": "Fighting", "role": "Fast Attacker", "bvs": {"hp": 70, "atk": 110, "def": 100, "spa": 50, "spd": 60, "spe": 50}, "stats": {"hp": 269, "atk": 247, "def": 229, "spa": 140, "spd": 158, "spe": 140}}, "Minun": {"name": "Minun", "species": "Minun", "speciesId": "minun", "gender": "F", "shiny": false, "level": 95, "moves": ["thunderbolt", "grassknot", "nastyplot", "encore"], "ability": "Volt Absorb", "evs": {"hp": 85, "atk": 0, "def": 85, "spa": 85, "spd": 85, "spe": 85}, "ivs": {"hp": 31, "atk": 0, "def": 31, "spa": 31, "spd": 31, "spe": 31}, "item": "Life Orb", "teraType": "Grass", "role": "Setup Sweeper", "bvs": {"hp": 60, "atk": 40, "def": 50, "spa": 75, "spd": 85, "spe": 95}, "stats": {"hp": 268, "atk": 81, "def": 149, "spa": 196, "spd": 215, "spe": 234}}, "Chimecho": {"name": "Chimecho", "species": "Chimecho", "speciesId": "chimecho", "gender": "F", "shiny": false, "level": 93, "moves": ["knockoff", "recover", "encore", "psychicnoise"], "ability": "Levitate", "evs": {"hp": 85, "atk": 85, "def": 85, "spa": 85, "spd": 85, "spe": 85}, "ivs": {"hp": 31, "atk": 31, "def": 31, "spa": 31, "spd": 31, "spe": 31}, "item": "Leftovers", "teraType": "Steel", "role": "Bulky Support", "bvs": {"hp": 75, "atk": 50, "def": 80, "spa": 95, "spd": 90, "spe": 65}, "stats": {"hp": 290, "atk": 146, "def": 202, "spa": 230, "spd": 220, "spe": 174}}, "Coalossal": {"name": "Coalossal", "species": "Coalossal", "speciesId": "coalossal", "gender": "F", "shiny": false, "level": 89, "moves": ["overheat", "willowisp", "rapidspin", "stoneedge"], "ability": "Flame Body", "evs": {"hp": 85, "atk": 85, "def": 85, "spa": 85, "spd": 85, "spe": 85}, "ivs": {"hp": 31, "atk": 31, "def": 31, "spa": 31, "spd": 31, "spe": 31}, "item": "Heavy-Duty Boots", "teraType": "Grass", "role": "Bulky Support", "bvs": {"hp": 110, "atk": 80, "def": 120, "spa": 80, "spd": 90, "spe": 30}, "stats": {"hp": 341, "atk": 193, "def": 264, "spa": 193, "spd": 211, "spe": 104}}, "Victreebel": {"name": "Victreebel", "species": "Victreebel", "speciesId": "victreebel", "gender": "M", "shiny": false, "level": 90, "moves": ["suckerpunch", "powerwhip", "poisonjab", "swordsdance"], "ability": "Chlorophyll", "evs": {"hp": 85, "atk": 85, "def": 85, "spa": 85, "spd": 85, "spe": 85}, "ivs": {"hp": 31, "atk": 31, "def": 31, "spa": 31, "spd": 31, "spe": 31}, "item": "Life Orb", "teraType": "Dark", "role": "Setup Sweeper", "bvs": {"hp": 80, "atk": 105, "def": 65, "spa": 100, "spd": 70, "spe": 70}, "stats": {"hp": 290, "atk": 240, "def": 168, "spa": 231, "spd": 177, "spe": 177}}}, {"Ursaring": {"name": "Ursaring", "species": "Ursaring", "speciesId": "ursaring", "gender": "F", "shiny": false, "level": 84, "moves": ["swordsdance", "throatchop", "closecombat", "facade"], "ability": "Quick Feet", "evs": {"hp": 85, "atk": 85, "def": 85, "spa": 85, "spd": 85, "spe": 85}, "ivs": {"hp": 31, "atk": 31, "def": 31, "spa": 31, "spd": 31, "spe": 31}, "item": "Toxic Orb", "teraType": "Normal", "role": "Setup Sweeper", "bvs": {"hp": 90, "atk": 130, "def": 75, "spa": 75, "spd": 75, "spe": 55}, "stats": {"hp": 288, "atk": 267, "def": 174, "spa": 174, "spd": 174, "spe": 141}}, "Volcanion": {"name": "Volcanion", "species": "Volcanion", "speciesId": "volcanion", "gender": "N", "shiny": false, "level": 79, "moves": ["earthpower", "haze", "steameruption", "flamethrower"], "ability": "Water Absorb", "evs": {"hp": 85, "atk": 0, "def": 85, "spa": 85, "spd": 85, "spe": 85}, "ivs": {"hp": 31, "atk": 0, "def": 31, "spa": 31, "spd": 31, "spe": 31}, "item": "Heavy-Duty Boots", "teraType": "Ground", "role": "Bulky Attacker", "bvs": {"hp": 80, "atk": 110, "def": 120, "spa": 130, "spd": 90, "spe": 70}, "stats": {"hp": 256, "atk": 178, "def": 235, "spa": 251, "spd": 188, "spe": 156}}, "Rabsca": {"name": "Rabsca", "species": "Rabsca", "speciesId": "rabsca", "gender": "F", "shiny": false, "level": 91, "moves": ["psychic", "trickroom", "revivalblessing", "bugbuzz"], "ability": "Synchronize", "evs": {"hp": 85, "atk": 0, "def": 85, "spa": 85, "spd": 85, "spe": 0}, "ivs": {"hp": 31, "atk": 0, "def": 31, "spa": 31, "spd": 31, "spe": 0}, "item": "Heavy-Duty Boots", "teraType": "Steel", "role": "Wallbreaker", "bvs": {"hp": 75, "atk": 50, "def": 85, "spa": 115, "spd": 100, "spe": 45}, "stats": {"hp": 284, "atk": 96, "def": 207, "spa": 261, "spd": 234, "spe": 86}}, "Glaceon": {"name": "Glaceon", "species": "Glaceon", "speciesId": "glaceon", "gender": "F", "shiny": false, "level": 94, "moves": ["wish", "freezedry", "mudshot", "protect"], "ability": "Ice Body", "evs": {"hp": 85, "atk": 0, "def": 85, "spa": 85, "spd": 85, "spe": 85}, "ivs": {"hp": 31, "atk": 0, "def": 31, "spa": 31, "spd": 31, "spe": 31}, "item": "Heavy-Duty Boots", "teraType": "Ground", "role": "Bulky Attacker", "bvs": {"hp": 65, "atk": 60, "def": 110, "spa": 130, "spd": 95, "spe": 65}, "stats": {"hp": 275, "atk": 117, "def": 260, "spa": 298, "spd": 232, "spe": 176}}, "Palossand": {"name": "Palossand", "species": "Palossand", "speciesId": "palossand", "gender": "F", "shiny": false, "level": 89, "moves": ["earthpower", "shoreup", "shadowball", "stealthrock"], "ability": "Water Compaction", "evs": {"hp": 85, "atk": 0, "def": 85, "spa": 85, "spd": 85, "spe": 85}, "ivs": {"hp": 31, "atk": 0, "def": 31, "spa": 31, "spd": 31, "spe": 31}, "item": "Leftovers", "teraType": "Water", "role": "Bulky Support", "bvs": {"hp": 85, "atk": 75, "def": 110, "spa": 100, "spd": 75, "spe": 35}, "stats": {"hp": 296, "atk": 138, "def": 247, "spa": 229, "spd": 184, "spe": 113}}, "Scizor": {"name": "Scizor", "species": "Scizor", "speciesId": "scizor", "gender": "M", "shiny": false, "level": 79, "moves": ["uturn", "defog", "bulletpunch", "closecombat"], "ability": "Technician", "evs": {"hp": 85, "atk": 85, "def": 85, "spa": 85, "spd": 85, "spe": 85}, "ivs": {"hp": 31, "atk": 31, "def": 31, "spa": 31, "spd": 31, "spe": 31}, "item": "Leftovers", "teraType": "Dragon", "role": "Bulky Support", "bvs": {"hp": 70, "atk": 130, "def": 100, "spa": 55, "spd": 80, "spe": 65}, "stats": {"hp": 240, "atk": 251, "def": 204, "spa": 132, "spd": 172, "spe": 148}}}]}