{"id": "gen9randombattle-2631552911", "format": "[Gen 9] Random Battle", "players": ["basidio", "Astrokid11"], "log": "|j|\u2606basidio\n|j|\u2606Astrokid11\n|t:|1781400356\n|gametype|singles\n|player|p1|basidio|2|1983\n|player|p2|Astrokid11|102|1930\n|gen|9\n|tier|[Gen 9] Random Battle\n|rated|\n|rule|Species Clause: Limit one of each Pok\u00e9mon\n|rule|HP Percentage Mod: HP is shown in percentages\n|rule|Sleep Clause Mod: Limit one foe put to sleep\n|rule|Illusion Level Mod: Illusion disguises the Pok\u00e9mon's true level\n|\n|t:|1781400356\n|teamsize|p1|6\n|teamsize|p2|6\n|start\n|switch|p1a: Raging Bolt|Raging Bolt, L78|323/323\n|switch|p2a: Scovillain|Scovillain, L91, F|266/266\n|turn|1\n|\n|t:|1781400376\n|switch|p2a: Greedent|Greedent, L86, M|347/347\n|move|p1a: Raging Bolt|Volt Switch|p2a: Greedent\n|-damage|p2a: Greedent|245/347\n|inactive|Battle timer is ON: inactive players will automatically lose when time's up. (requested by basidio)\n|\n|t:|1781400404\n|-end|p1a: Raging Bolt|Protosynthesis|[silent]\n|switch|p1a: Iron Valiant|Iron Valiant, L78|244/244|[from] Volt Switch\n|\n|upkeep\n|turn|2\n|\n|t:|1781400418\n|switch|p2a: Volcarona|Volcarona, L77, M|257/257\n|move|p1a: Iron Valiant|Close Combat|p2a: Volcarona\n|-resisted|p2a: Volcarona\n|-damage|p2a: Volcarona|134/257\n|-unboost|p1a: Iron Valiant|def|1\n|-unboost|p1a: Iron Valiant|spd|1\n|-damage|p1a: Iron Valiant|220/244|[from] item: Life Orb\n|\n|upkeep\n|turn|3\n|\n|t:|1781400438\n|move|p1a: Iron Valiant|Psychic|p2a: Volcarona\n|-damage|p2a: Volcarona|55/257\n|-damage|p1a: Iron Valiant|196/244|[from] item: Life Orb\n|move|p2a: Volcarona|Quiver Dance|p2a: Volcarona\n|-boost|p2a: Volcarona|spa|1\n|-boost|p2a: Volcarona|spd|1\n|-boost|p2a: Volcarona|spe|1\n|\n|upkeep\n|turn|4\n|\n|t:|1781400448\n|-end|p1a: Iron Valiant|Quark Drive|[silent]\n|switch|p1a: Latios|Latios, L78, M|253/253\n|move|p2a: Volcarona|Fiery Dance|p1a: Latios\n|-resisted|p1a: Latios\n|-damage|p1a: Latios|192/253\n|\n|upkeep\n|turn|5\n|\n|t:|1781400456\n|-terastallize|p1a: Latios|Steel\n|move|p2a: Volcarona|Giga Drain|p1a: Latios\n|-resisted|p1a: Latios\n|-damage|p1a: Latios|150/253\n|-heal|p2a: Volcarona|76/257|[from] drain|[of] p1a: Latios\n|move|p1a: Latios|Psyshock|p2a: Volcarona\n|-damage|p2a: Volcarona|0 fnt\n|faint|p2a: Volcarona\n|\n|upkeep\n|\n|t:|1781400468\n|switch|p2a: Metagross|Metagross, L79|256/256\n|turn|6\n|\n|t:|1781400489\n|switch|p1a: Dudunsparce|Dudunsparce-Three-Segment, L83, M|343/343\n|move|p2a: Metagross|Agility|p2a: Metagross\n|-boost|p2a: Metagross|spe|2\n|\n|upkeep\n|turn|7\n|\n|t:|1781400499\n|move|p2a: Metagross|Heavy Slam|p1a: Dudunsparce\n|-damage|p1a: Dudunsparce|190/343\n|move|p1a: Dudunsparce|Glare|p2a: Metagross\n|-status|p2a: Metagross|par\n|\n|-heal|p1a: Dudunsparce|211/343|[from] item: Leftovers\n|upkeep\n|turn|8\n|\n|t:|1781400515\n|move|p2a: Metagross|Agility|p2a: Metagross\n|-boost|p2a: Metagross|spe|2\n|move|p1a: Dudunsparce|Headbutt|p2a: Metagross\n|-resisted|p2a: Metagross\n|-damage|p2a: Metagross|226/256 par\n|\n|-heal|p1a: Dudunsparce|232/343|[from] item: Leftovers\n|upkeep\n|turn|9\n|\n|t:|1781400527\n|switch|p1a: Swalot|Swalot, L90, F|326/326\n|move|p2a: Metagross|Knock Off|p1a: Swalot\n|-damage|p1a: Swalot|244/326\n|-enditem|p1a: Swalot|Leftovers|[from] move: Knock Off|[of] p2a: Metagross\n|\n|upkeep\n|turn|10\n|\n|t:|1781400533\n|move|p2a: Metagross|Earthquake|p1a: Swalot\n|-supereffective|p1a: Swalot\n|-damage|p1a: Swalot|94/326\n|move|p1a: Swalot|Toxic Spikes|p2a: Metagross\n|-sidestart|p2: Astrokid11|move: Toxic Spikes\n|\n|upkeep\n|turn|11\n|\n|t:|1781400540\n|switch|p1a: Latios|Latios, L78, M, tera:Steel|150/253\n|move|p2a: Metagross|Earthquake|p1a: Latios\n|-immune|p1a: Latios|[from] ability: Levitate\n|\n|upkeep\n|turn|12\n|\n|t:|1781400542\n|move|p2a: Metagross|Knock Off|p1a: Latios\n|-damage|p1a: Latios|56/253\n|-enditem|p1a: Latios|Soul Dew|[from] move: Knock Off|[of] p2a: Metagross\n|move|p1a: Latios|Recover|p1a: Latios\n|-heal|p1a: Latios|183/253\n|\n|upkeep\n|turn|13\n|\n|t:|1781400549\n|cant|p2a: Metagross|par\n|move|p1a: Latios|Calm Mind|p1a: Latios\n|-boost|p1a: Latios|spa|1\n|-boost|p1a: Latios|spd|1\n|\n|upkeep\n|turn|14\n|\n|t:|1781400556\n|switch|p2a: Dewgong|Dewgong, L94, F|322/322\n|move|p1a: Latios|Calm Mind|p1a: Latios\n|-boost|p1a: Latios|spa|1\n|-boost|p1a: Latios|spd|1\n|\n|upkeep\n|turn|15\n|\n|t:|1781400562\n|move|p1a: Latios|Psyshock|p2a: Dewgong\n|-damage|p2a: Dewgong|156/322\n|move|p2a: Dewgong|Encore|p1a: Latios\n|-start|p1a: Latios|Encore\n|\n|upkeep\n|turn|16\n|\n|t:|1781400568\n|move|p1a: Latios|Psyshock|p2a: Dewgong\n|-damage|p2a: Dewgong|0 fnt\n|faint|p2a: Dewgong\n|\n|upkeep\n|\n|t:|1781400581\n|switch|p2a: Scovillain|Scovillain, L91, F|266/266\n|turn|17\n|\n|t:|1781400585\n|move|p1a: Latios|Psyshock|p2a: Scovillain\n|-damage|p2a: Scovillain|52/266\n|move|p2a: Scovillain|Sunny Day|p2a: Scovillain\n|-weather|SunnyDay\n|\n|-weather|SunnyDay|[upkeep]\n|upkeep\n|turn|18\n|\n|t:|1781400608\n|move|p2a: Scovillain|Fire Blast|p1a: Latios|[miss]\n|-miss|p2a: Scovillain|p1a: Latios\n|move|p1a: Latios|Psyshock|p2a: Scovillain\n|-damage|p2a: Scovillain|0 fnt\n|faint|p2a: Scovillain\n|\n|-weather|SunnyDay|[upkeep]\n|-end|p1a: Latios|Encore\n|upkeep\n|-message|Astrokid11 forfeited.\n|\n|win|basidio\n", "inputlog": ">version a8376a258c1d4662feba110a92103f3664a72141\n>start {\"formatid\":\"gen9randombattle\",\"seed\":\"sodium,1642572e08e942945fe89d6501bc023d\",\"rated\":\"Rated battle\"}\n>player p1 {\"name\":\"basidio\",\"avatar\":\"2\",\"rating\":1983,\"seed\":\"sodium,eee7b3ffe64a6e4398b5495b291164e2\"}\n>player p2 {\"name\":\"Astrokid11\",\"avatar\":\"102\",\"rating\":1930,\"seed\":\"sodium,c8e957f14f38f51b4075ad7bed25c374\"}\n>p1 move voltswitch\n>p2 switch 4\n>p1 switch 2\n>p1 move closecombat\n>p2 switch 2\n>p1 move psychic\n>p2 move quiverdance\n>p1 switch 4\n>p2 move fierydance\n>p1 move psyshock terastallize\n>p2 move gigadrain\n>p2 switch 5\n>p1 switch 3\n>p2 move agility\n>p1 move glare\n>p2 move heavyslam\n>p1 move headbutt\n>p2 move agility\n>p1 switch 5\n>p2 move knockoff\n>p1 move toxicspikes\n>p2 move earthquake\n>p1 switch 3\n>p2 move earthquake\n>p1 move recover\n>p2 move knockoff\n>p1 move calmmind\n>p2 move heavyslam\n>p1 move calmmind\n>p2 switch 3\n>p1 move psyshock\n>p2 move encore\n>p1 move psyshock\n>p2 move flipturn\n>p2 switch 4\n>p1 move psyshock\n>p2 move sunnyday\n>p1 move psyshock\n>p2 move fireblast\n>forcelose p2", "uploadtime": 1781400358, "views": 4, "formatid": "gen9randombattle", "rating": null, "private": 0, "password": null, "player_dets": [{"name": "basidio", "avatar": "2", "rating": 1983, "seed": "sodium,eee7b3ffe64a6e4398b5495b291164e2"}, {"name": "Astrokid11", "avatar": "102", "rating": 1930, "seed": "sodium,c8e957f14f38f51b4075ad7bed25c374"}], "teams_full": [{"Raging Bolt": {"name": "Raging Bolt", "species": "Raging Bolt", "speciesId": "ragingbolt", "gender": "N", "shiny": false, "level": 78, "moves": ["dracometeor", "thunderbolt", "thunderclap", "voltswitch"], "ability": "Protosynthesis", "evs": {"hp": 85, "atk": 0, "def": 85, "spa": 85, "spd": 85, "spe": 85}, "ivs": {"hp": 31, "atk": 0, "def": 31, "spa": 31, "spd": 31, "spe": 31}, "item": "Assault Vest", "teraType": "Electric", "role": "AV Pivot", "bvs": {"hp": 125, "atk": 73, "def": 91, "spa": 137, "spd": 89, "spe": 75}, "stats": {"hp": 323, "atk": 118, "def": 187, "spa": 259, "spd": 184, "spe": 162}}, "Iron Valiant": {"name": "Iron Valiant", "species": "Iron Valiant", "speciesId": "ironvaliant", "gender": "N", "shiny": false, "level": 78, "moves": ["psychic", "moonblast", "calmmind", "closecombat"], "ability": "Quark Drive", "evs": {"hp": 85, "atk": 85, "def": 85, "spa": 85, "spd": 85, "spe": 85}, "ivs": {"hp": 31, "atk": 31, "def": 31, "spa": 31, "spd": 31, "spe": 31}, "item": "Life Orb", "teraType": "Fighting", "role": "Fast Attacker", "bvs": {"hp": 74, "atk": 130, "def": 90, "spa": 120, "spd": 60, "spe": 116}, "stats": {"hp": 244, "atk": 248, "def": 185, "spa": 232, "spd": 139, "spe": 226}}, "Dudunsparce": {"name": "Dudunsparce", "species": "Dudunsparce-Three-Segment", "speciesId": "dudunsparce", "gender": "M", "shiny": false, "level": 83, "moves": ["earthquake", "roost", "glare", "headbutt"], "ability": "Serene Grace", "evs": {"hp": 85, "atk": 85, "def": 85, "spa": 85, "spd": 85, "spe": 85}, "ivs": {"hp": 31, "atk": 31, "def": 31, "spa": 31, "spd": 31, "spe": 31}, "item": "Leftovers", "teraType": "Ghost", "role": "Bulky Support", "bvs": {"hp": 125, "atk": 100, "def": 80, "spa": 85, "spd": 75, "spe": 55}, "stats": {"hp": 343, "atk": 214, "def": 180, "spa": 189, "spd": 172, "spe": 139}}, "Latios": {"name": "Latios", "species": "Latios", "speciesId": "latios", "gender": "M", "shiny": false, "level": 78, "moves": ["calmmind", "dracometeor", "recover", "psyshock"], "ability": "Levitate", "evs": {"hp": 85, "atk": 0, "def": 85, "spa": 85, "spd": 85, "spe": 85}, "ivs": {"hp": 31, "atk": 0, "def": 31, "spa": 31, "spd": 31, "spe": 31}, "item": "Soul Dew", "teraType": "Steel", "role": "Bulky Setup", "bvs": {"hp": 80, "atk": 90, "def": 80, "spa": 130, "spd": 110, "spe": 110}, "stats": {"hp": 253, "atk": 145, "def": 170, "spa": 248, "spd": 217, "spe": 217}}, "Swalot": {"name": "Swalot", "species": "Swalot", "speciesId": "swalot", "gender": "F", "shiny": false, "level": 90, "moves": ["clearsmog", "sludgebomb", "knockoff", "toxicspikes"], "ability": "Liquid Ooze", "evs": {"hp": 85, "atk": 85, "def": 85, "spa": 85, "spd": 85, "spe": 85}, "ivs": {"hp": 31, "atk": 31, "def": 31, "spa": 31, "spd": 31, "spe": 31}, "item": "Leftovers", "teraType": "Dark", "role": "Bulky Attacker", "bvs": {"hp": 100, "atk": 73, "def": 83, "spa": 73, "spd": 83, "spe": 55}, "stats": {"hp": 326, "atk": 183, "def": 201, "spa": 183, "spd": 201, "spe": 150}}, "Plusle": {"name": "Plusle", "species": "Plusle", "speciesId": "plusle", "gender": "M", "shiny": false, "level": 95, "moves": ["alluringvoice", "nastyplot", "thunderbolt", "grassknot"], "ability": "Lightning Rod", "evs": {"hp": 85, "atk": 0, "def": 85, "spa": 85, "spd": 85, "spe": 85}, "ivs": {"hp": 31, "atk": 0, "def": 31, "spa": 31, "spd": 31, "spe": 31}, "item": "Life Orb", "teraType": "Grass", "role": "Setup Sweeper", "bvs": {"hp": 60, "atk": 50, "def": 40, "spa": 85, "spd": 75, "spe": 95}, "stats": {"hp": 268, "atk": 100, "def": 130, "spa": 215, "spd": 196, "spe": 234}}}, {"Scovillain": {"name": "Scovillain", "species": "Scovillain", "speciesId": "scovillain", "gender": "F", "shiny": false, "level": 91, "moves": ["fireblast", "energyball", "sunnyday", "stompingtantrum"], "ability": "Chlorophyll", "evs": {"hp": 85, "atk": 85, "def": 85, "spa": 85, "spd": 85, "spe": 85}, "ivs": {"hp": 31, "atk": 31, "def": 31, "spa": 31, "spd": 31, "spe": 31}, "item": "Heavy-Duty Boots", "teraType": "Ground", "role": "Wallbreaker", "bvs": {"hp": 65, "atk": 108, "def": 65, "spa": 108, "spd": 65, "spe": 75}, "stats": {"hp": 266, "atk": 248, "def": 170, "spa": 248, "spd": 170, "spe": 188}}, "Volcarona": {"name": "Volcarona", "species": "Volcarona", "speciesId": "volcarona", "gender": "M", "shiny": false, "level": 77, "moves": ["terablast", "fierydance", "quiverdance", "gigadrain"], "ability": "Flame Body", "evs": {"hp": 85, "atk": 0, "def": 85, "spa": 85, "spd": 85, "spe": 85}, "ivs": {"hp": 31, "atk": 0, "def": 31, "spa": 31, "spd": 31, "spe": 31}, "item": "Heavy-Duty Boots", "teraType": "Water", "role": "Tera Blast user", "bvs": {"hp": 85, "atk": 60, "def": 65, "spa": 135, "spd": 105, "spe": 100}, "stats": {"hp": 257, "atk": 97, "def": 145, "spa": 252, "spd": 206, "spe": 199}}, "Dewgong": {"name": "Dewgong", "species": "Dewgong", "speciesId": "dewgong", "gender": "F", "shiny": false, "level": 94, "moves": ["surf", "tripleaxel", "flipturn", "encore"], "ability": "Thick Fat", "evs": {"hp": 85, "atk": 85, "def": 85, "spa": 85, "spd": 85, "spe": 85}, "ivs": {"hp": 31, "atk": 31, "def": 31, "spa": 31, "spd": 31, "spe": 31}, "item": "Heavy-Duty Boots", "teraType": "Steel", "role": "Bulky Attacker", "bvs": {"hp": 90, "atk": 70, "def": 80, "spa": 70, "spd": 95, "spe": 70}, "stats": {"hp": 322, "atk": 185, "def": 204, "spa": 185, "spd": 232, "spe": 185}}, "Greedent": {"name": "Greedent", "species": "Greedent", "speciesId": "greedent", "gender": "M", "shiny": false, "level": 86, "moves": ["bodyslam", "swordsdance", "knockoff", "earthquake"], "ability": "Cheek Pouch", "evs": {"hp": 85, "atk": 85, "def": 85, "spa": 85, "spd": 85, "spe": 85}, "ivs": {"hp": 31, "atk": 31, "def": 31, "spa": 31, "spd": 31, "spe": 31}, "item": "Sitrus Berry", "teraType": "Ground", "role": "Bulky Setup", "bvs": {"hp": 120, "atk": 95, "def": 95, "spa": 55, "spd": 75, "spe": 20}, "stats": {"hp": 347, "atk": 213, "def": 213, "spa": 144, "spd": 178, "spe": 84}}, "Metagross": {"name": "Metagross", "species": "Metagross", "speciesId": "metagross", "gender": "N", "shiny": false, "level": 79, "moves": ["heavyslam", "knockoff", "earthquake", "agility"], "ability": "Clear Body", "evs": {"hp": 85, "atk": 85, "def": 85, "spa": 85, "spd": 85, "spe": 85}, "ivs": {"hp": 31, "atk": 31, "def": 31, "spa": 31, "spd": 31, "spe": 31}, "item": "Weakness Policy", "teraType": "Ground", "role": "Bulky Setup", "bvs": {"hp": 80, "atk": 135, "def": 130, "spa": 95, "spd": 90, "spe": 70}, "stats": {"hp": 256, "atk": 259, "def": 251, "spa": 196, "spd": 188, "spe": 156}}, "Girafarig": {"name": "Girafarig", "species": "Girafarig", "speciesId": "girafarig", "gender": "F", "shiny": false, "level": 89, "moves": ["dazzlinggleam", "psychic", "nastyplot", "thunderbolt"], "ability": "Sap Sipper", "evs": {"hp": 85, "atk": 0, "def": 85, "spa": 85, "spd": 85, "spe": 85}, "ivs": {"hp": 31, "atk": 0, "def": 31, "spa": 31, "spd": 31, "spe": 31}, "item": "Eviolite", "teraType": "Electric", "role": "Bulky Setup", "bvs": {"hp": 70, "atk": 80, "def": 65, "spa": 90, "spd": 65, "spe": 85}, "stats": {"hp": 269, "atk": 147, "def": 166, "spa": 211, "spd": 166, "spe": 202}}}]}