{"id": "gen9randombattle-2631767290", "format": "[Gen 9] Random Battle", "players": ["Mamut<33", "Zibabu"], "log": "|j|\u2606Mamut<33\n|j|\u2606Zibabu\n|t:|1781436459\n|gametype|singles\n|player|p1|Mamut<33|giovanni|1938\n|player|p2|Zibabu|101|1947\n|gen|9\n|tier|[Gen 9] Random Battle\n|rated|\n|rule|Species Clause: Limit one of each Pok\u00e9mon\n|rule|HP Percentage Mod: HP is shown in percentages\n|rule|Sleep Clause Mod: Limit one foe put to sleep\n|rule|Illusion Level Mod: Illusion disguises the Pok\u00e9mon's true level\n|\n|t:|1781436459\n|teamsize|p1|6\n|teamsize|p2|6\n|start\n|switch|p1a: Greedent|Greedent, L86, M|347/347\n|switch|p2a: Copperajah|Copperajah, L86, M|349/349\n|turn|1\n|inactive|Battle timer is ON: inactive players will automatically lose when time's up. (requested by Zibabu)\n|inactive|Mamut<33 also wants the timer to be on.\n|\n|t:|1781436470\n|switch|p1a: Mudsdale|Mudsdale, L83, M|302/302\n|move|p2a: Copperajah|Superpower|p1a: Mudsdale\n|-damage|p1a: Mudsdale|137/302\n|-unboost|p2a: Copperajah|atk|1\n|-unboost|p2a: Copperajah|def|1\n|-ability|p1a: Mudsdale|Stamina|boost\n|-boost|p1a: Mudsdale|def|1\n|\n|-heal|p1a: Mudsdale|155/302|[from] item: Leftovers\n|upkeep\n|turn|2\n|\n|t:|1781436477\n|switch|p2a: Girafarig|Girafarig, L89, F|269/269\n|move|p1a: Mudsdale|Stealth Rock|p2a: Girafarig\n|-sidestart|p2: Zibabu|move: Stealth Rock\n|\n|-heal|p1a: Mudsdale|173/302|[from] item: Leftovers\n|upkeep\n|turn|3\n|\n|t:|1781436481\n|move|p2a: Girafarig|Nasty Plot|p2a: Girafarig\n|-boost|p2a: Girafarig|spa|2\n|move|p1a: Mudsdale|Earthquake|p2a: Girafarig\n|-damage|p2a: Girafarig|175/269\n|\n|-heal|p1a: Mudsdale|191/302|[from] item: Leftovers\n|upkeep\n|turn|4\n|\n|t:|1781436484\n|move|p2a: Girafarig|Psychic|p1a: Mudsdale\n|-damage|p1a: Mudsdale|0 fnt\n|faint|p1a: Mudsdale\n|\n|upkeep\n|\n|t:|1781436497\n|switch|p1a: Greedent|Greedent, L86, M|347/347\n|turn|5\n|\n|t:|1781436502\n|move|p2a: Girafarig|Psychic|p1a: Greedent\n|-damage|p1a: Greedent|128/347\n|-enditem|p1a: Greedent|Sitrus Berry|[eat]\n|-heal|p1a: Greedent|214/347|[from] item: Sitrus Berry\n|-heal|p1a: Greedent|329/347|[from] ability: Cheek Pouch\n|move|p1a: Greedent|Knock Off|p2a: Girafarig\n|-supereffective|p2a: Girafarig\n|-damage|p2a: Girafarig|69/269\n|-enditem|p2a: Girafarig|Eviolite|[from] move: Knock Off|[of] p1a: Greedent\n|\n|upkeep\n|turn|6\n|\n|t:|1781436507\n|move|p2a: Girafarig|Psychic|p1a: Greedent\n|-damage|p1a: Greedent|127/347\n|move|p1a: Greedent|Double-Edge|p2a: Girafarig\n|-damage|p2a: Girafarig|0 fnt\n|faint|p2a: Girafarig\n|-damage|p1a: Greedent|104/347|[from] Recoil\n|\n|upkeep\n|\n|t:|1781436512\n|switch|p2a: Copperajah|Copperajah, L86, M|349/349\n|-damage|p2a: Copperajah|328/349|[from] Stealth Rock\n|turn|7\n|\n|t:|1781436515\n|move|p2a: Copperajah|Heavy Slam|p1a: Greedent\n|-damage|p1a: Greedent|0 fnt\n|faint|p1a: Greedent\n|\n|upkeep\n|\n|t:|1781436520\n|switch|p1a: Palossand|Palossand, L89, F|296/296\n|turn|8\n|\n|t:|1781436530\n|switch|p2a: Yanmega|Yanmega, L82, F|275/275\n|move|p1a: Palossand|Earth Power|p2a: Yanmega\n|-immune|p2a: Yanmega\n|\n|upkeep\n|turn|9\n|\n|t:|1781436532\n|move|p2a: Yanmega|Air Slash|p1a: Palossand\n|-damage|p1a: Palossand|203/296\n|move|p1a: Palossand|Shadow Ball|p2a: Yanmega\n|-damage|p2a: Yanmega|128/275\n|\n|-heal|p1a: Palossand|221/296|[from] item: Leftovers\n|-ability|p2a: Yanmega|Speed Boost|boost\n|-boost|p2a: Yanmega|spe|1\n|upkeep\n|turn|10\n|\n|t:|1781436538\n|move|p2a: Yanmega|Air Slash|p1a: Palossand\n|-damage|p1a: Palossand|136/296\n|cant|p1a: Palossand|flinch\n|\n|-heal|p1a: Palossand|154/296|[from] item: Leftovers\n|-ability|p2a: Yanmega|Speed Boost|boost\n|-boost|p2a: Yanmega|spe|1\n|upkeep\n|turn|11\n|\n|t:|1781436542\n|move|p2a: Yanmega|Air Slash|p1a: Palossand\n|-damage|p1a: Palossand|54/296\n|move|p1a: Palossand|Shore Up|p1a: Palossand\n|-heal|p1a: Palossand|202/296\n|\n|-heal|p1a: Palossand|220/296|[from] item: Leftovers\n|-ability|p2a: Yanmega|Speed Boost|boost\n|-boost|p2a: Yanmega|spe|1\n|upkeep\n|turn|12\n|\n|t:|1781436545\n|move|p2a: Yanmega|Air Slash|p1a: Palossand\n|-damage|p1a: Palossand|133/296\n|move|p1a: Palossand|Shadow Ball|p2a: Yanmega\n|-damage|p2a: Yanmega|2/275\n|\n|-heal|p1a: Palossand|151/296|[from] item: Leftovers\n|-ability|p2a: Yanmega|Speed Boost|boost\n|-boost|p2a: Yanmega|spe|1\n|upkeep\n|turn|13\n|\n|t:|1781436551\n|move|p2a: Yanmega|Air Slash|p1a: Palossand\n|-damage|p1a: Palossand|57/296\n|move|p1a: Palossand|Shore Up|p1a: Palossand\n|-heal|p1a: Palossand|205/296\n|\n|-heal|p1a: Palossand|223/296|[from] item: Leftovers\n|-ability|p2a: Yanmega|Speed Boost|boost\n|-boost|p2a: Yanmega|spe|1\n|upkeep\n|turn|14\n|\n|t:|1781436555\n|move|p2a: Yanmega|Air Slash|p1a: Palossand\n|-damage|p1a: Palossand|127/296\n|move|p1a: Palossand|Shore Up|p1a: Palossand\n|-heal|p1a: Palossand|275/296\n|\n|-heal|p1a: Palossand|293/296|[from] item: Leftovers\n|-ability|p2a: Yanmega|Speed Boost|boost\n|-boost|p2a: Yanmega|spe|1\n|upkeep\n|turn|15\n|\n|t:|1781436557\n|move|p2a: Yanmega|Air Slash|p1a: Palossand\n|-damage|p1a: Palossand|194/296\n|move|p1a: Palossand|Sludge Bomb|p2a: Yanmega\n|-crit|p2a: Yanmega\n|-damage|p2a: Yanmega|0 fnt\n|faint|p2a: Yanmega\n|\n|-heal|p1a: Palossand|212/296|[from] item: Leftovers\n|upkeep\n|\n|t:|1781436567\n|switch|p2a: Hypno|Hypno, L95, F|315/315\n|-damage|p2a: Hypno|276/315|[from] Stealth Rock\n|turn|16\n|\n|t:|1781436595\n|move|p2a: Hypno|Knock Off|p1a: Palossand\n|-supereffective|p1a: Palossand\n|-damage|p1a: Palossand|90/296\n|-enditem|p1a: Palossand|Leftovers|[from] move: Knock Off|[of] p2a: Hypno\n|move|p1a: Palossand|Shadow Ball|p2a: Hypno\n|-supereffective|p2a: Hypno\n|-damage|p2a: Hypno|132/315\n|-unboost|p2a: Hypno|spd|1\n|\n|-heal|p2a: Hypno|151/315|[from] item: Leftovers\n|upkeep\n|turn|17\n|\n|t:|1781436599\n|move|p2a: Hypno|Psychic Noise|p1a: Palossand\n|-damage|p1a: Palossand|9/296\n|-start|p1a: Palossand|move: Heal Block\n|cant|p1a: Palossand|move: Heal Block|Shore Up\n|\n|-heal|p2a: Hypno|170/315|[from] item: Leftovers\n|upkeep\n|turn|18\n|\n|t:|1781436604\n|switch|p1a: Luxray|Luxray, L88, M|283/283\n|move|p2a: Hypno|Knock Off|p1a: Luxray\n|-damage|p1a: Luxray|215/283\n|-enditem|p1a: Luxray|Flame Orb|[from] move: Knock Off|[of] p2a: Hypno\n|\n|-heal|p2a: Hypno|189/315|[from] item: Leftovers\n|upkeep\n|turn|19\n|\n|t:|1781436611\n|move|p2a: Hypno|Psychic Noise|p1a: Luxray\n|-crit|p1a: Luxray\n|-damage|p1a: Luxray|91/283\n|-start|p1a: Luxray|move: Heal Block\n|move|p1a: Luxray|Trailblaze|p2a: Hypno\n|-damage|p2a: Hypno|143/315\n|-boost|p1a: Luxray|spe|1\n|\n|-heal|p2a: Hypno|162/315|[from] item: Leftovers\n|upkeep\n|turn|20\n|\n|t:|1781436617\n|move|p1a: Luxray|Supercell Slam|p2a: Hypno\n|-damage|p2a: Hypno|29/315\n|move|p2a: Hypno|Psychic Noise|p1a: Luxray\n|-damage|p1a: Luxray|4/283\n|\n|-heal|p2a: Hypno|48/315|[from] item: Leftovers\n|-end|p1a: Luxray|move: Heal Block\n|upkeep\n|turn|21\n|\n|t:|1781436621\n|move|p1a: Luxray|Throat Chop|p2a: Hypno\n|-supereffective|p2a: Hypno\n|-damage|p2a: Hypno|0 fnt\n|faint|p2a: Hypno\n|\n|upkeep\n|\n|t:|1781436627\n|switch|p2a: Copperajah|Copperajah, L86, M|328/349\n|-damage|p2a: Copperajah|307/349|[from] Stealth Rock\n|turn|22\n|\n|t:|1781436633\n|move|p1a: Luxray|Supercell Slam|p2a: Copperajah\n|-damage|p2a: Copperajah|147/349\n|move|p2a: Copperajah|Heavy Slam|p1a: Luxray\n|-resisted|p1a: Luxray\n|-damage|p1a: Luxray|0 fnt\n|faint|p1a: Luxray\n|\n|upkeep\n|\n|t:|1781436639\n|switch|p1a: Palossand|Palossand, L89, F|9/296\n|turn|23\n|\n|t:|1781436645\n|switch|p2a: Glaceon|Glaceon, L94, F|275/275\n|move|p1a: Palossand|Earth Power|p2a: Glaceon\n|-damage|p2a: Glaceon|185/275\n|-unboost|p2a: Glaceon|spd|1\n|\n|upkeep\n|turn|24\n|\n|t:|1781436648\n|move|p2a: Glaceon|Freeze-Dry|p1a: Palossand\n|-supereffective|p1a: Palossand\n|-damage|p1a: Palossand|0 fnt\n|faint|p1a: Palossand\n|\n|upkeep\n|\n|t:|1781436650\n|switch|p1a: Alcremie|Alcremie-Mint-Cream, L90, F|263/263\n|turn|25\n|\n|t:|1781436653\n|switch|p2a: Heatran|Heatran, L79, F|273/273\n|-damage|p2a: Heatran|239/273|[from] Stealth Rock\n|-item|p2a: Heatran|Air Balloon\n|move|p1a: Alcremie|Calm Mind|p1a: Alcremie\n|-boost|p1a: Alcremie|spa|1\n|-boost|p1a: Alcremie|spd|1\n|\n|upkeep\n|turn|26\n|\n|t:|1781436658\n|move|p1a: Alcremie|Alluring Voice|p2a: Heatran\n|-resisted|p2a: Heatran\n|-damage|p2a: Heatran|201/273\n|-enditem|p2a: Heatran|Air Balloon\n|move|p2a: Heatran|Heavy Slam|p1a: Alcremie\n|-supereffective|p1a: Alcremie\n|-damage|p1a: Alcremie|39/263\n|\n|-heal|p1a: Alcremie|55/263|[from] item: Leftovers\n|upkeep\n|turn|27\n|\n|t:|1781436665\n|-terastallize|p1a: Alcremie|Ground\n|move|p1a: Alcremie|Recover|p1a: Alcremie\n|-heal|p1a: Alcremie|187/263\n|move|p2a: Heatran|Heavy Slam|p1a: Alcremie\n|-damage|p1a: Alcremie|79/263\n|\n|-heal|p1a: Alcremie|95/263|[from] item: Leftovers\n|upkeep\n|turn|28\n|\n|t:|1781436675\n|switch|p2a: Glaceon|Glaceon, L94, F|185/275\n|move|p1a: Alcremie|Tera Blast|p2a: Glaceon|[anim] Tera Blast Ground\n|-damage|p2a: Glaceon|55/275\n|\n|-heal|p1a: Alcremie|111/263|[from] item: Leftovers\n|upkeep\n|turn|29\n|\n|t:|1781436680\n|move|p2a: Glaceon|Freeze-Dry|p1a: Alcremie\n|-supereffective|p1a: Alcremie\n|-damage|p1a: Alcremie|0 fnt\n|faint|p1a: Alcremie\n|\n|upkeep\n|\n|t:|1781436682\n|switch|p1a: Ogerpon|Ogerpon-Cornerstone, L76, F|247/247\n|turn|30\n|\n|t:|1781436688\n|move|p1a: Ogerpon|Ivy Cudgel|p2a: Glaceon|[anim] Ivy Cudgel Rock\n|-supereffective|p2a: Glaceon\n|-damage|p2a: Glaceon|0 fnt\n|faint|p2a: Glaceon\n|\n|upkeep\n|\n|t:|1781436695\n|switch|p2a: Copperajah|Copperajah, L86, M|147/349\n|-damage|p2a: Copperajah|126/349|[from] Stealth Rock\n|turn|31\n|\n|t:|1781436705\n|-terastallize|p2a: Copperajah|Flying\n|move|p1a: Ogerpon|Power Whip|p2a: Copperajah\n|-resisted|p2a: Copperajah\n|-damage|p2a: Copperajah|46/349\n|move|p2a: Copperajah|Heavy Slam|p1a: Ogerpon\n|-supereffective|p1a: Ogerpon\n|-ability|p1a: Ogerpon|Sturdy\n|-damage|p1a: Ogerpon|1/247\n|\n|upkeep\n|turn|32\n|\n|t:|1781436710\n|move|p1a: Ogerpon|Ivy Cudgel|p2a: Copperajah|[anim] Ivy Cudgel Rock\n|-supereffective|p2a: Copperajah\n|-damage|p2a: Copperajah|0 fnt\n|faint|p2a: Copperajah\n|\n|upkeep\n|\n|t:|1781436712\n|switch|p2a: Heatran|Heatran, L79, F|201/273\n|-damage|p2a: Heatran|167/273|[from] Stealth Rock\n|turn|33\n|\n|t:|1781436714\n|move|p1a: Ogerpon|Ivy Cudgel|p2a: Heatran|[anim] Ivy Cudgel Rock\n|-damage|p2a: Heatran|58/273\n|move|p2a: Heatran|Lava Plume|p1a: Ogerpon\n|-damage|p1a: Ogerpon|0 fnt\n|faint|p1a: Ogerpon\n|\n|win|Zibabu\n", "inputlog": ">version a8376a258c1d4662feba110a92103f3664a72141\n>start {\"formatid\":\"gen9randombattle\",\"seed\":\"sodium,bfb18219aaecfb71de12a7df32ec7e3c\",\"rated\":\"Rated battle\"}\n>player p1 {\"name\":\"Mamut<33\",\"avatar\":\"giovanni\",\"rating\":1938,\"seed\":\"sodium,080e91a5e01d64184421607ed94f4ab4\"}\n>player p2 {\"name\":\"Zibabu\",\"avatar\":\"101\",\"rating\":1947,\"seed\":\"sodium,c3e62780a46ee33e82500f0a929d21ec\"}\n>p1 switch 5\n>p2 move superpower\n>p1 move stealthrock\n>p2 switch 5\n>p1 move earthquake\n>p2 move nastyplot\n>p1 move earthquake\n>p2 move psychic\n>p1 switch 5\n>p1 move knockoff\n>p2 move psychic\n>p1 move doubleedge\n>p2 move psychic\n>p2 switch 5\n>p1 move earthquake\n>p2 move heavyslam\n>p1 switch 2\n>p1 move earthpower\n>p2 switch 4\n>p1 move shadowball\n>p2 move airslash\n>p1 move shadowball\n>p2 move airslash\n>p1 move shoreup\n>p2 move airslash\n>p1 move shadowball\n>p2 move airslash\n>p1 move shoreup\n>p2 move airslash\n>p1 move shoreup\n>p2 move airslash\n>p1 move sludgebomb\n>p2 move airslash\n>p2 switch 6\n>p1 move shadowball\n>p2 move knockoff\n>p1 move shoreup\n>p2 move psychicnoise\n>p1 switch 6\n>p2 move knockoff\n>p1 move trailblaze\n>p2 move psychicnoise\n>p1 move supercellslam\n>p2 move psychicnoise\n>p1 move throatchop\n>p2 move psychicnoise\n>p2 switch 4\n>p1 move supercellslam\n>p2 move heavyslam\n>p1 switch 6\n>p1 move earthpower\n>p2 switch 2\n>p1 move shoreup\n>p2 move freezedry\n>p1 switch 3\n>p1 move calmmind\n>p2 switch 3\n>p1 move alluringvoice\n>p2 move heavyslam\n>p1 move recover terastallize\n>p2 move heavyslam\n>p1 move terablast\n>p2 switch 3\n>p1 move recover\n>p2 move freezedry\n>p1 switch 4\n>p1 move ivycudgel\n>p2 move freezedry\n>p2 switch 2\n>p1 move powerwhip\n>p2 move heavyslam terastallize\n>p1 move ivycudgel\n>p2 move heavyslam\n>p2 switch 3\n>p1 move ivycudgel\n>p2 move lavaplume", "uploadtime": 1781436461, "views": 7, "formatid": "gen9randombattle", "rating": null, "private": 0, "password": null, "player_dets": [{"name": "Mamut<33", "avatar": "giovanni", "rating": 1938, "seed": "sodium,080e91a5e01d64184421607ed94f4ab4"}, {"name": "Zibabu", "avatar": "101", "rating": 1947, "seed": "sodium,c3e62780a46ee33e82500f0a929d21ec"}], "teams_full": [{"Greedent": {"name": "Greedent", "species": "Greedent", "speciesId": "greedent", "gender": "M", "shiny": false, "level": 86, "moves": ["knockoff", "earthquake", "doubleedge", "swordsdance"], "ability": "Cheek Pouch", "evs": {"hp": 85, "atk": 85, "def": 85, "spa": 85, "spd": 85, "spe": 85}, "ivs": {"hp": 31, "atk": 31, "def": 31, "spa": 31, "spd": 31, "spe": 31}, "item": "Sitrus Berry", "teraType": "Ghost", "role": "Bulky Setup", "bvs": {"hp": 120, "atk": 95, "def": 95, "spa": 55, "spd": 75, "spe": 20}, "stats": {"hp": 347, "atk": 213, "def": 213, "spa": 144, "spd": 178, "spe": 84}}, "Palossand": {"name": "Palossand", "species": "Palossand", "speciesId": "palossand", "gender": "F", "shiny": false, "level": 89, "moves": ["sludgebomb", "shadowball", "shoreup", "earthpower"], "ability": "Water Compaction", "evs": {"hp": 85, "atk": 0, "def": 85, "spa": 85, "spd": 85, "spe": 85}, "ivs": {"hp": 31, "atk": 0, "def": 31, "spa": 31, "spd": 31, "spe": 31}, "item": "Leftovers", "teraType": "Poison", "role": "Bulky Support", "bvs": {"hp": 85, "atk": 75, "def": 110, "spa": 100, "spd": 75, "spe": 35}, "stats": {"hp": 296, "atk": 138, "def": 247, "spa": 229, "spd": 184, "spe": 113}}, "Alcremie": {"name": "Alcremie", "species": "Alcremie-Mint-Cream", "speciesId": "alcremie", "gender": "F", "shiny": false, "level": 90, "moves": ["terablast", "calmmind", "recover", "alluringvoice"], "ability": "Aroma Veil", "evs": {"hp": 85, "atk": 0, "def": 85, "spa": 85, "spd": 85, "spe": 85}, "ivs": {"hp": 31, "atk": 0, "def": 31, "spa": 31, "spd": 31, "spe": 31}, "item": "Leftovers", "teraType": "Ground", "role": "Tera Blast user", "bvs": {"hp": 65, "atk": 60, "def": 75, "spa": 110, "spd": 121, "spe": 64}, "stats": {"hp": 263, "atk": 113, "def": 186, "spa": 249, "spd": 269, "spe": 167}}, "Ogerpon": {"name": "Ogerpon", "species": "Ogerpon-Cornerstone", "speciesId": "ogerponcornerstone", "gender": "F", "shiny": false, "level": 76, "moves": ["synthesis", "ivycudgel", "encore", "powerwhip"], "ability": "Sturdy", "evs": {"hp": 85, "atk": 85, "def": 85, "spa": 85, "spd": 85, "spe": 85}, "ivs": {"hp": 31, "atk": 31, "def": 31, "spa": 31, "spd": 31, "spe": 31}, "item": "Cornerstone Mask", "teraType": "Rock", "role": "Bulky Attacker", "bvs": {"hp": 80, "atk": 120, "def": 84, "spa": 60, "spd": 96, "spe": 110}, "stats": {"hp": 247, "atk": 226, "def": 172, "spa": 135, "spd": 190, "spe": 211}}, "Mudsdale": {"name": "Mudsdale", "species": "Mudsdale", "speciesId": "mudsdale", "gender": "M", "shiny": false, "level": 83, "moves": ["stoneedge", "earthquake", "heavyslam", "stealthrock"], "ability": "Stamina", "evs": {"hp": 85, "atk": 85, "def": 85, "spa": 85, "spd": 85, "spe": 85}, "ivs": {"hp": 31, "atk": 31, "def": 31, "spa": 31, "spd": 31, "spe": 31}, "item": "Leftovers", "teraType": "Steel", "role": "Bulky Attacker", "bvs": {"hp": 100, "atk": 125, "def": 100, "spa": 55, "spd": 85, "spe": 35}, "stats": {"hp": 302, "atk": 255, "def": 214, "spa": 139, "spd": 189, "spe": 106}}, "Luxray": {"name": "Luxray", "species": "Luxray", "speciesId": "luxray", "gender": "M", "shiny": false, "level": 88, "moves": ["throatchop", "trailblaze", "facade", "supercellslam"], "ability": "Guts", "evs": {"hp": 81, "atk": 85, "def": 85, "spa": 85, "spd": 85, "spe": 85}, "ivs": {"hp": 31, "atk": 31, "def": 31, "spa": 31, "spd": 31, "spe": 31}, "item": "Flame Orb", "teraType": "Normal", "role": "Setup Sweeper", "bvs": {"hp": 80, "atk": 120, "def": 79, "spa": 95, "spd": 79, "spe": 70}, "stats": {"hp": 283, "atk": 261, "def": 189, "spa": 217, "spd": 189, "spe": 173}}}, {"Copperajah": {"name": "Copperajah", "species": "Copperajah", "speciesId": "copperajah", "gender": "M", "shiny": false, "level": 86, "moves": ["superpower", "heavyslam", "stoneedge", "supercellslam"], "ability": "Heavy Metal", "evs": {"hp": 81, "atk": 85, "def": 85, "spa": 85, "spd": 85, "spe": 85}, "ivs": {"hp": 31, "atk": 31, "def": 31, "spa": 31, "spd": 31, "spe": 31}, "item": "Choice Band", "teraType": "Flying", "role": "Bulky Attacker", "bvs": {"hp": 122, "atk": 130, "def": 69, "spa": 80, "spd": 69, "spe": 30}, "stats": {"hp": 349, "atk": 273, "def": 168, "spa": 187, "spd": 168, "spe": 101}}, "Glaceon": {"name": "Glaceon", "species": "Glaceon", "speciesId": "glaceon", "gender": "F", "shiny": false, "level": 94, "moves": ["freezedry", "calmmind", "wish", "protect"], "ability": "Ice Body", "evs": {"hp": 85, "atk": 0, "def": 85, "spa": 85, "spd": 85, "spe": 85}, "ivs": {"hp": 31, "atk": 0, "def": 31, "spa": 31, "spd": 31, "spe": 31}, "item": "Heavy-Duty Boots", "teraType": "Water", "role": "Bulky Setup", "bvs": {"hp": 65, "atk": 60, "def": 110, "spa": 130, "spd": 95, "spe": 65}, "stats": {"hp": 275, "atk": 117, "def": 260, "spa": 298, "spd": 232, "spe": 176}}, "Heatran": {"name": "Heatran", "species": "Heatran", "speciesId": "heatran", "gender": "F", "shiny": false, "level": 79, "moves": ["heavyslam", "earthpower", "lavaplume", "stealthrock"], "ability": "Flash Fire", "evs": {"hp": 85, "atk": 85, "def": 85, "spa": 85, "spd": 85, "spe": 85}, "ivs": {"hp": 31, "atk": 31, "def": 31, "spa": 31, "spd": 31, "spe": 31}, "item": "Air Balloon", "teraType": "Grass", "role": "Bulky Support", "bvs": {"hp": 91, "atk": 90, "def": 106, "spa": 130, "spd": 106, "spe": 77}, "stats": {"hp": 273, "atk": 188, "def": 213, "spa": 251, "spd": 213, "spe": 167}}, "Yanmega": {"name": "Yanmega", "species": "Yanmega", "speciesId": "yanmega", "gender": "F", "shiny": false, "level": 82, "moves": ["protect", "terablast", "bugbuzz", "airslash"], "ability": "Speed Boost", "evs": {"hp": 85, "atk": 0, "def": 85, "spa": 85, "spd": 85, "spe": 85}, "ivs": {"hp": 31, "atk": 0, "def": 31, "spa": 31, "spd": 31, "spe": 31}, "item": "Heavy-Duty Boots", "teraType": "Ground", "role": "Tera Blast user", "bvs": {"hp": 86, "atk": 76, "def": 86, "spa": 116, "spd": 56, "spe": 95}, "stats": {"hp": 275, "atk": 129, "def": 188, "spa": 237, "spd": 139, "spe": 203}}, "Girafarig": {"name": "Girafarig", "species": "Girafarig", "speciesId": "girafarig", "gender": "F", "shiny": false, "level": 89, "moves": ["dazzlinggleam", "psychic", "nastyplot", "thunderbolt"], "ability": "Sap Sipper", "evs": {"hp": 85, "atk": 0, "def": 85, "spa": 85, "spd": 85, "spe": 85}, "ivs": {"hp": 31, "atk": 0, "def": 31, "spa": 31, "spd": 31, "spe": 31}, "item": "Eviolite", "teraType": "Psychic", "role": "Bulky Setup", "bvs": {"hp": 70, "atk": 80, "def": 65, "spa": 90, "spd": 65, "spe": 85}, "stats": {"hp": 269, "atk": 147, "def": 166, "spa": 211, "spd": 166, "spe": 202}}, "Hypno": {"name": "Hypno", "species": "Hypno", "speciesId": "hypno", "gender": "F", "shiny": false, "level": 95, "moves": ["encore", "knockoff", "psychicnoise", "thunderwave"], "ability": "Insomnia", "evs": {"hp": 85, "atk": 85, "def": 85, "spa": 85, "spd": 85, "spe": 85}, "ivs": {"hp": 31, "atk": 31, "def": 31, "spa": 31, "spd": 31, "spe": 31}, "item": "Leftovers", "teraType": "Steel", "role": "Bulky Support", "bvs": {"hp": 85, "atk": 73, "def": 70, "spa": 73, "spd": 115, "spe": 67}, "stats": {"hp": 315, "atk": 193, "def": 187, "spa": 193, "spd": 272, "spe": 181}}}]}