{"id": "gen9randombattle-2631951535", "format": "[Gen 9] Random Battle", "players": ["tofumeats", "grabschaender"], "log": "|j|\u2606tofumeats\n|j|\u2606grabschaender\n|t:|1781459188\n|gametype|singles\n|player|p1|tofumeats|n|2196\n|player|p2|grabschaender|candice|2201\n|gen|9\n|tier|[Gen 9] Random Battle\n|rated|\n|rule|Species Clause: Limit one of each Pok\u00e9mon\n|rule|HP Percentage Mod: HP is shown in percentages\n|rule|Sleep Clause Mod: Limit one foe put to sleep\n|rule|Illusion Level Mod: Illusion disguises the Pok\u00e9mon's true level\n|\n|t:|1781459188\n|teamsize|p1|6\n|teamsize|p2|6\n|start\n|switch|p1a: Trevenant|Trevenant, L89, F|296/296\n|switch|p2a: Latios|Latios, L78, M|253/253\n|turn|1\n|inactive|Battle timer is ON: inactive players will automatically lose when time's up. (requested by tofumeats)\n|\n|t:|1781459217\n|switch|p2a: Stonjourner|Stonjourner, L91, F|330/330\n|switch|p1a: Grimmsnarl|Grimmsnarl, L83, M|293/293\n|\n|upkeep\n|turn|2\n|\n|t:|1781459228\n|switch|p1a: Muk|Muk, L86, M|321/321\n|move|p2a: Stonjourner|Stone Edge|p1a: Muk\n|-damage|p1a: Muk|114/321\n|-damage|p2a: Stonjourner|297/330|[from] item: Life Orb\n|\n|-heal|p1a: Muk|134/321|[from] item: Leftovers\n|upkeep\n|turn|3\n|\n|t:|1781459236\n|move|p2a: Stonjourner|Earthquake|p1a: Muk\n|-supereffective|p1a: Muk\n|-damage|p1a: Muk|0 fnt\n|faint|p1a: Muk\n|-damage|p2a: Stonjourner|264/330|[from] item: Life Orb\n|\n|upkeep\n|\n|t:|1781459247\n|switch|p1a: Walking Wake|Walking Wake, L79|286/286\n|turn|4\n|\n|t:|1781459256\n|switch|p2a: Appletun|Appletun, L92, M|352/352\n|move|p1a: Walking Wake|Flip Turn|p2a: Appletun\n|-resisted|p2a: Appletun\n|-damage|p2a: Appletun|340/352\n|\n|t:|1781459283\n|-end|p1a: Walking Wake|Protosynthesis|[silent]\n|switch|p1a: Grimmsnarl|Grimmsnarl, L83, M|293/293|[from] Flip Turn\n|\n|-heal|p2a: Appletun|352/352|[from] item: Leftovers\n|upkeep\n|turn|5\n|\n|t:|1781459303\n|move|p1a: Grimmsnarl|Thunder Wave|p2a: Appletun\n|-status|p2a: Appletun|par\n|cant|p2a: Appletun|par\n|\n|upkeep\n|turn|6\n|\n|t:|1781459311\n|move|p1a: Grimmsnarl|Thunder Wave|p2a: Appletun|[miss]\n|-miss|p1a: Grimmsnarl|p2a: Appletun\n|move|p2a: Appletun|Apple Acid|p1a: Grimmsnarl\n|-damage|p1a: Grimmsnarl|175/293\n|-unboost|p1a: Grimmsnarl|spd|1\n|\n|-heal|p1a: Grimmsnarl|193/293|[from] item: Leftovers\n|upkeep\n|turn|7\n|\n|t:|1781459314\n|switch|p1a: Trevenant|Trevenant, L89, F|296/296\n|cant|p2a: Appletun|par\n|\n|upkeep\n|turn|8\n|\n|t:|1781459318\n|move|p1a: Trevenant|Poltergeist|p2a: Appletun\n|-activate|p2a: Appletun|move: Poltergeist|Leftovers\n|-crit|p2a: Appletun\n|-damage|p2a: Appletun|15/352 par\n|cant|p2a: Appletun|par\n|\n|-heal|p2a: Appletun|37/352 par|[from] item: Leftovers\n|upkeep\n|turn|9\n|\n|t:|1781459322\n|switch|p2a: Cinccino|Cinccino, L83, F|260/260\n|move|p1a: Trevenant|Poltergeist|p2a: Cinccino\n|-immune|p2a: Cinccino\n|\n|upkeep\n|turn|10\n|\n|t:|1781459330\n|switch|p1a: Walking Wake|Walking Wake, L79|286/286\n|move|p2a: Cinccino|Tail Slap|p1a: Walking Wake\n|-damage|p1a: Walking Wake|249/286\n|-damage|p1a: Walking Wake|212/286\n|-damage|p1a: Walking Wake|172/286\n|-damage|p1a: Walking Wake|130/286\n|-hitcount|p1a: Walking Wake|4\n|\n|upkeep\n|turn|11\n|\n|t:|1781459346\n|-end|p1a: Walking Wake|Protosynthesis|[silent]\n|switch|p1a: Trevenant|Trevenant, L89, F|296/296\n|move|p2a: Cinccino|Tail Slap|p1a: Trevenant\n|-immune|p1a: Trevenant\n|\n|upkeep\n|turn|12\n|\n|t:|1781459355\n|switch|p2a: Appletun|Appletun, L92, M|37/352 par\n|move|p1a: Trevenant|Drain Punch|p2a: Appletun\n|-damage|p2a: Appletun|0 fnt\n|faint|p2a: Appletun\n|\n|upkeep\n|\n|t:|1781459360\n|switch|p2a: Mismagius|Mismagius, L86, F|243/243\n|turn|13\n|\n|t:|1781459365\n|switch|p1a: Grimmsnarl|Grimmsnarl, L83, M|193/293\n|move|p2a: Mismagius|Dazzling Gleam|p1a: Grimmsnarl\n|-supereffective|p1a: Grimmsnarl\n|-damage|p1a: Grimmsnarl|6/293\n|-damage|p2a: Mismagius|219/243|[from] item: Life Orb\n|\n|-heal|p1a: Grimmsnarl|24/293|[from] item: Leftovers\n|upkeep\n|turn|14\n|\n|t:|1781459371\n|move|p1a: Grimmsnarl|Thunder Wave|p2a: Mismagius\n|-status|p2a: Mismagius|par\n|move|p2a: Mismagius|Dazzling Gleam|p1a: Grimmsnarl\n|-supereffective|p1a: Grimmsnarl\n|-damage|p1a: Grimmsnarl|0 fnt\n|faint|p1a: Grimmsnarl\n|-damage|p2a: Mismagius|195/243 par|[from] item: Life Orb\n|\n|upkeep\n|\n|t:|1781459387\n|switch|p1a: Iron Valiant|Iron Valiant, L78|244/244\n|turn|15\n|\n|t:|1781459391\n|move|p1a: Iron Valiant|Knock Off|p2a: Mismagius\n|-supereffective|p2a: Mismagius\n|-damage|p2a: Mismagius|0 fnt\n|-enditem|p2a: Mismagius|Life Orb|[from] move: Knock Off|[of] p1a: Iron Valiant\n|faint|p2a: Mismagius\n|-damage|p1a: Iron Valiant|220/244|[from] item: Life Orb\n|\n|upkeep\n|\n|t:|1781459397\n|switch|p2a: Salazzle|Salazzle, L83, F|249/249\n|turn|16\n|\n|t:|1781459412\n|-end|p1a: Iron Valiant|Quark Drive|[silent]\n|switch|p1a: Bastiodon|Bastiodon, L89, M|252/252\n|move|p2a: Salazzle|Nasty Plot|p2a: Salazzle\n|-boost|p2a: Salazzle|spa|2\n|\n|upkeep\n|turn|17\n|\n|t:|1781459424\n|move|p2a: Salazzle|Nasty Plot|p2a: Salazzle\n|-boost|p2a: Salazzle|spa|2\n|move|p1a: Bastiodon|Foul Play|p2a: Salazzle\n|-damage|p2a: Salazzle|199/249\n|\n|upkeep\n|turn|18\n|\n|t:|1781459431\n|move|p2a: Salazzle|Fire Blast|p1a: Bastiodon\n|-damage|p1a: Bastiodon|0 fnt\n|faint|p1a: Bastiodon\n|\n|upkeep\n|\n|t:|1781459448\n|switch|p1a: Trevenant|Trevenant, L89, F|296/296\n|turn|19\n|\n|t:|1781459462\n|move|p2a: Salazzle|Sludge Wave|p1a: Trevenant\n|-damage|p1a: Trevenant|0 fnt\n|faint|p1a: Trevenant\n|\n|upkeep\n|-message|tofumeats forfeited.\n|\n|win|grabschaender\n", "inputlog": ">version a8376a258c1d4662feba110a92103f3664a72141\n>start {\"formatid\":\"gen9randombattle\",\"seed\":\"sodium,d68868e8d7bf6df396b3ba0e5e65e869\",\"rated\":\"Rated battle\"}\n>player p1 {\"name\":\"tofumeats\",\"avatar\":\"n\",\"rating\":2196,\"seed\":\"sodium,f8428b936e70c7f986c65d2702aa7f4e\"}\n>player p2 {\"name\":\"grabschaender\",\"avatar\":\"candice\",\"rating\":2201,\"seed\":\"sodium,c59f79b9a324f3fdfeba7f10ca21c294\"}\n>p1 switch 5\n>p2 switch 4\n>p1 switch 6\n>p2 move stoneedge\n>p1 move knockoff\n>p2 move earthquake\n>p1 switch 2\n>p1 move flipturn\n>p2 switch 5\n>p1 switch 6\n>p1 move thunderwave\n>p2 move appleacid\n>p1 move thunderwave\n>p2 move appleacid\n>p1 switch 5\n>p2 move appleacid\n>p1 move poltergeist\n>p2 move dragontail\n>p1 move poltergeist\n>p2 switch 2\n>p1 switch 6\n>p2 move tailslap\n>p1 switch 6\n>p2 move tailslap\n>p1 move drainpunch\n>p2 switch 2\n>p2 switch 6\n>p1 switch 5\n>p2 move dazzlinggleam\n>p1 move thunderwave\n>p2 move dazzlinggleam\n>p1 switch 4\n>p1 move knockoff\n>p2 move dazzlinggleam\n>p2 switch 3\n>p1 switch 3\n>p2 move nastyplot\n>p1 move foulplay\n>p2 move nastyplot\n>p1 move bodypress\n>p2 move fireblast\n>p1 switch 5\n>p1 move poltergeist\n>p2 move sludgewave\n>forcelose p1", "uploadtime": 1781459190, "views": 4, "formatid": "gen9randombattle", "rating": null, "private": 0, "password": null, "player_dets": [{"name": "tofumeats", "avatar": "n", "rating": 2196, "seed": "sodium,f8428b936e70c7f986c65d2702aa7f4e"}, {"name": "grabschaender", "avatar": "candice", "rating": 2201, "seed": "sodium,c59f79b9a324f3fdfeba7f10ca21c294"}], "teams_full": [{"Trevenant": {"name": "Trevenant", "species": "Trevenant", "speciesId": "trevenant", "gender": "F", "shiny": false, "level": 89, "moves": ["woodhammer", "drainpunch", "poltergeist", "hornleech"], "ability": "Natural Cure", "evs": {"hp": 85, "atk": 85, "def": 85, "spa": 85, "spd": 85, "spe": 85}, "ivs": {"hp": 31, "atk": 31, "def": 31, "spa": 31, "spd": 31, "spe": 31}, "item": "Choice Band", "teraType": "Fighting", "role": "Wallbreaker", "bvs": {"hp": 85, "atk": 110, "def": 76, "spa": 65, "spd": 82, "spe": 56}, "stats": {"hp": 296, "atk": 247, "def": 186, "spa": 166, "spd": 197, "spe": 150}, "types": ["Ghost", "Grass"]}, "Walking Wake": {"name": "Walking Wake", "species": "Walking Wake", "speciesId": "walkingwake", "gender": "N", "shiny": false, "level": 79, "moves": ["flipturn", "hydropump", "dracometeor", "flamethrower"], "ability": "Protosynthesis", "evs": {"hp": 85, "atk": 85, "def": 85, "spa": 85, "spd": 85, "spe": 85}, "ivs": {"hp": 31, "atk": 31, "def": 31, "spa": 31, "spd": 31, "spe": 31}, "item": "Choice Specs", "teraType": "Water", "role": "Wallbreaker", "bvs": {"hp": 99, "atk": 83, "def": 91, "spa": 125, "spd": 83, "spe": 109}, "stats": {"hp": 286, "atk": 177, "def": 189, "spa": 243, "spd": 177, "spe": 218}, "types": ["Water", "Dragon"]}, "Bastiodon": {"name": "Bastiodon", "species": "Bastiodon", "speciesId": "bastiodon", "gender": "M", "shiny": false, "level": 89, "moves": ["bodypress", "irondefense", "foulplay", "rest"], "ability": "Soundproof", "evs": {"hp": 85, "atk": 0, "def": 85, "spa": 85, "spd": 85, "spe": 85}, "ivs": {"hp": 31, "atk": 0, "def": 31, "spa": 31, "spd": 31, "spe": 31}, "item": "Chesto Berry", "teraType": "Fighting", "role": "Bulky Setup", "bvs": {"hp": 60, "atk": 52, "def": 168, "spa": 47, "spd": 138, "spe": 30}, "stats": {"hp": 252, "atk": 97, "def": 350, "spa": 134, "spd": 296, "spe": 104}, "types": ["Rock", "Steel"]}, "Iron Valiant": {"name": "Iron Valiant", "species": "Iron Valiant", "speciesId": "ironvaliant", "gender": "N", "shiny": false, "level": 78, "moves": ["spiritbreak", "knockoff", "closecombat", "swordsdance"], "ability": "Quark Drive", "evs": {"hp": 85, "atk": 85, "def": 85, "spa": 85, "spd": 85, "spe": 85}, "ivs": {"hp": 31, "atk": 31, "def": 31, "spa": 31, "spd": 31, "spe": 31}, "item": "Life Orb", "teraType": "Fighting", "role": "Setup Sweeper", "bvs": {"hp": 74, "atk": 130, "def": 90, "spa": 120, "spd": 60, "spe": 116}, "stats": {"hp": 244, "atk": 248, "def": 185, "spa": 232, "spd": 139, "spe": 226}, "types": ["Fairy", "Fighting"]}, "Grimmsnarl": {"name": "Grimmsnarl", "species": "Grimmsnarl", "speciesId": "grimmsnarl", "gender": "M", "shiny": false, "level": 83, "moves": ["spiritbreak", "thunderwave", "taunt", "suckerpunch"], "ability": "Prankster", "evs": {"hp": 85, "atk": 85, "def": 85, "spa": 85, "spd": 85, "spe": 85}, "ivs": {"hp": 31, "atk": 31, "def": 31, "spa": 31, "spd": 31, "spe": 31}, "item": "Leftovers", "teraType": "Steel", "role": "Bulky Attacker", "bvs": {"hp": 95, "atk": 120, "def": 65, "spa": 95, "spd": 75, "spe": 60}, "stats": {"hp": 293, "atk": 247, "def": 156, "spa": 205, "spd": 172, "spe": 147}, "types": ["Dark", "Fairy"]}, "Muk": {"name": "Muk", "species": "Muk", "speciesId": "muk", "gender": "M", "shiny": false, "level": 86, "moves": ["poisonjab", "toxicspikes", "icepunch", "knockoff"], "ability": "Poison Touch", "evs": {"hp": 85, "atk": 85, "def": 85, "spa": 85, "spd": 85, "spe": 85}, "ivs": {"hp": 31, "atk": 31, "def": 31, "spa": 31, "spd": 31, "spe": 31}, "item": "Leftovers", "teraType": "Dark", "role": "Bulky Attacker", "bvs": {"hp": 105, "atk": 105, "def": 75, "spa": 65, "spd": 100, "spe": 50}, "stats": {"hp": 321, "atk": 230, "def": 178, "spa": 161, "spd": 221, "spe": 135}, "types": ["Poison"]}}, {"Latios": {"name": "Latios", "species": "Latios", "speciesId": "latios", "gender": "M", "shiny": false, "level": 78, "moves": ["psyshock", "dracometeor", "recover", "calmmind"], "ability": "Levitate", "evs": {"hp": 85, "atk": 0, "def": 85, "spa": 85, "spd": 85, "spe": 85}, "ivs": {"hp": 31, "atk": 0, "def": 31, "spa": 31, "spd": 31, "spe": 31}, "item": "Soul Dew", "teraType": "Steel", "role": "Bulky Setup", "bvs": {"hp": 80, "atk": 90, "def": 80, "spa": 130, "spd": 110, "spe": 110}, "stats": {"hp": 253, "atk": 145, "def": 170, "spa": 248, "spd": 217, "spe": 217}, "types": ["Dragon", "Psychic"]}, "Cinccino": {"name": "Cinccino", "species": "Cinccino", "speciesId": "cinccino", "gender": "F", "shiny": false, "level": 83, "moves": ["bulletseed", "tidyup", "tailslap", "tripleaxel"], "ability": "Technician", "evs": {"hp": 85, "atk": 85, "def": 85, "spa": 85, "spd": 85, "spe": 85}, "ivs": {"hp": 31, "atk": 31, "def": 31, "spa": 31, "spd": 31, "spe": 31}, "item": "Loaded Dice", "teraType": "Normal", "role": "Fast Attacker", "bvs": {"hp": 75, "atk": 95, "def": 60, "spa": 65, "spd": 60, "spe": 115}, "stats": {"hp": 260, "atk": 205, "def": 147, "spa": 156, "spd": 147, "spe": 239}, "types": ["Normal"]}, "Salazzle": {"name": "Salazzle", "species": "Salazzle", "speciesId": "salazzle", "gender": "F", "shiny": false, "level": 83, "moves": ["sludgewave", "terablast", "fireblast", "nastyplot"], "ability": "Corrosion", "evs": {"hp": 85, "atk": 0, "def": 85, "spa": 85, "spd": 85, "spe": 85}, "ivs": {"hp": 31, "atk": 0, "def": 31, "spa": 31, "spd": 31, "spe": 31}, "item": "Heavy-Duty Boots", "teraType": "Grass", "role": "Tera Blast user", "bvs": {"hp": 68, "atk": 64, "def": 60, "spa": 111, "spd": 60, "spe": 117}, "stats": {"hp": 249, "atk": 111, "def": 147, "spa": 232, "spd": 147, "spe": 242}, "types": ["Poison", "Fire"]}, "Stonjourner": {"name": "Stonjourner", "species": "Stonjourner", "speciesId": "stonjourner", "gender": "F", "shiny": false, "level": 91, "moves": ["earthquake", "heatcrash", "stoneedge", "rockpolish"], "ability": "Power Spot", "evs": {"hp": 85, "atk": 85, "def": 85, "spa": 85, "spd": 85, "spe": 85}, "ivs": {"hp": 31, "atk": 31, "def": 31, "spa": 31, "spd": 31, "spe": 31}, "item": "Life Orb", "teraType": "Ground", "role": "Fast Attacker", "bvs": {"hp": 100, "atk": 125, "def": 135, "spa": 20, "spd": 20, "spe": 70}, "stats": {"hp": 330, "atk": 279, "def": 298, "spa": 88, "spd": 88, "spe": 179}, "types": ["Rock"]}, "Appletun": {"name": "Appletun", "species": "Appletun", "speciesId": "appletun", "gender": "M", "shiny": false, "level": 92, "moves": ["appleacid", "dragonpulse", "recover", "dragontail"], "ability": "Thick Fat", "evs": {"hp": 85, "atk": 85, "def": 85, "spa": 85, "spd": 85, "spe": 85}, "ivs": {"hp": 31, "atk": 31, "def": 31, "spa": 31, "spd": 31, "spe": 31}, "item": "Leftovers", "teraType": "Steel", "role": "Bulky Attacker", "bvs": {"hp": 110, "atk": 85, "def": 80, "spa": 100, "spd": 80, "spe": 30}, "stats": {"hp": 352, "atk": 209, "def": 200, "spa": 236, "spd": 200, "spe": 108}, "types": ["Grass", "Dragon"]}, "Mismagius": {"name": "Mismagius", "species": "Mismagius", "speciesId": "mismagius", "gender": "F", "shiny": false, "level": 86, "moves": ["thunderbolt", "shadowball", "dazzlinggleam", "nastyplot"], "ability": "Levitate", "evs": {"hp": 85, "atk": 0, "def": 85, "spa": 85, "spd": 85, "spe": 85}, "ivs": {"hp": 31, "atk": 0, "def": 31, "spa": 31, "spd": 31, "spe": 31}, "item": "Life Orb", "teraType": "Fairy", "role": "Setup Sweeper", "bvs": {"hp": 60, "atk": 60, "def": 60, "spa": 105, "spd": 105, "spe": 105}, "stats": {"hp": 243, "atk": 108, "def": 152, "spa": 230, "spd": 230, "spe": 230}, "types": ["Ghost"]}}]}