{"id": "gen9randombattle-2631537223", "format": "[Gen 9] Random Battle", "players": ["lahat", "isa2381"], "log": "|j|\u2606lahat\n|j|\u2606isa2381\n|t:|1781398198\n|gametype|singles\n|player|p1|lahat|roxie|1154\n|player|p2|isa2381|lady|1103\n|gen|9\n|tier|[Gen 9] Random Battle\n|rated|\n|rule|Species Clause: Limit one of each Pok\u00e9mon\n|rule|HP Percentage Mod: HP is shown in percentages\n|rule|Sleep Clause Mod: Limit one foe put to sleep\n|rule|Illusion Level Mod: Illusion disguises the Pok\u00e9mon's true level\n|\n|t:|1781398198\n|teamsize|p1|6\n|teamsize|p2|6\n|start\n|switch|p1a: Floatzel|Floatzel, L86, M|286/286\n|switch|p2a: Stonjourner|Stonjourner, L91, M|330/330\n|turn|1\n|inactive|Battle timer is ON: inactive players will automatically lose when time's up. (requested by lahat)\n|\n|t:|1781398216\n|switch|p2a: Sunflora|Sunflora, F|312/312\n|move|p1a: Floatzel|Flip Turn|p2a: Sunflora\n|-resisted|p2a: Sunflora\n|-damage|p2a: Sunflora|249/312\n|\n|t:|1781398236\n|switch|p1a: Reshiram|Reshiram, L76|277/277|[from] Flip Turn\n|-ability|p1a: Reshiram|Turboblaze\n|\n|upkeep\n|turn|2\n|\n|t:|1781398244\n|switch|p2a: Chandelure|Chandelure, L83, F|235/235\n|move|p1a: Reshiram|Blue Flare|p2a: Chandelure|[miss]\n|-miss|p1a: Reshiram|p2a: Chandelure\n|\n|upkeep\n|turn|3\n|\n|t:|1781398262\n|switch|p1a: Floatzel|Floatzel, L86, M|286/286\n|move|p2a: Chandelure|Calm Mind|p2a: Chandelure\n|-boost|p2a: Chandelure|spa|1\n|-boost|p2a: Chandelure|spd|1\n|\n|upkeep\n|turn|4\n|\n|t:|1781398279\n|switch|p2a: Sunflora|Sunflora, F|249/312\n|move|p1a: Floatzel|Crunch|p2a: Sunflora\n|-damage|p2a: Sunflora|137/312\n|\n|upkeep\n|turn|5\n|inactive|lahat has 120 seconds left.\n|\n|t:|1781398338\n|move|p1a: Floatzel|Crunch|p2a: Sunflora\n|-damage|p2a: Sunflora|27/312\n|move|p2a: Sunflora|Dazzling Gleam|p1a: Floatzel\n|-damage|p1a: Floatzel|88/286\n|\n|upkeep\n|turn|6\n|\n|t:|1781398351\n|move|p1a: Floatzel|Crunch|p2a: Sunflora\n|-damage|p2a: Sunflora|0 fnt\n|faint|p2a: Sunflora\n|\n|upkeep\n|\n|t:|1781398357\n|switch|p2a: Chien-Pao|Chien-Pao, L72|234/234\n|-ability|p2a: Chien-Pao|Sword of Ruin\n|turn|7\n|inactive|lahat has 90 seconds left.\n|\n|t:|1781398382\n|switch|p1a: Carbink|Carbink, L90|236/236\n|move|p2a: Chien-Pao|Sacred Sword|p1a: Carbink\n|-damage|p1a: Carbink|162/236\n|\n|-heal|p1a: Carbink|176/236|[from] item: Leftovers\n|upkeep\n|turn|8\n|inactive|lahat has 90 seconds left.\n|\n|t:|1781398406\n|switch|p2a: Stonjourner|Stonjourner, L91, M|330/330\n|move|p1a: Carbink|Iron Defense|p1a: Carbink\n|-boost|p1a: Carbink|def|2\n|\n|-heal|p1a: Carbink|190/236|[from] item: Leftovers\n|upkeep\n|turn|9\n|inactive|lahat has 90 seconds left.\n|\n|t:|1781398419\n|move|p2a: Stonjourner|Earthquake|p1a: Carbink\n|-supereffective|p1a: Carbink\n|-damage|p1a: Carbink|112/236\n|-damage|p2a: Stonjourner|297/330|[from] item: Life Orb\n|move|p1a: Carbink|Body Press|p2a: Stonjourner\n|-supereffective|p2a: Stonjourner\n|-damage|p2a: Stonjourner|61/330\n|\n|-heal|p1a: Carbink|126/236|[from] item: Leftovers\n|upkeep\n|turn|10\n|inactive|lahat has 90 seconds left.\n|\n|t:|1781398433\n|move|p2a: Stonjourner|Stealth Rock|p1a: Carbink\n|-sidestart|p1: lahat|move: Stealth Rock\n|move|p1a: Carbink|Rock Polish|p1a: Carbink\n|-boost|p1a: Carbink|spe|2\n|\n|-heal|p1a: Carbink|140/236|[from] item: Leftovers\n|upkeep\n|turn|11\n|inactive|lahat has 90 seconds left.\n|\n|t:|1781398441\n|move|p1a: Carbink|Body Press|p2a: Stonjourner\n|-supereffective|p2a: Stonjourner\n|-damage|p2a: Stonjourner|0 fnt\n|faint|p2a: Stonjourner\n|\n|-heal|p1a: Carbink|154/236|[from] item: Leftovers\n|upkeep\n|\n|t:|1781398447\n|switch|p2a: Chandelure|Chandelure, L83, F|235/235\n|turn|12\n|inactive|lahat has 90 seconds left.\n|\n|t:|1781398474\n|switch|p1a: Floatzel|Floatzel, L86, M|88/286\n|-damage|p1a: Floatzel|53/286|[from] Stealth Rock\n|move|p2a: Chandelure|Energy Ball|p1a: Floatzel\n|-supereffective|p1a: Floatzel\n|-damage|p1a: Floatzel|0 fnt\n|faint|p1a: Floatzel\n|\n|upkeep\n|\n|t:|1781398493\n|switch|p1a: Blissey|Blissey, L85, F|572/572\n|-damage|p1a: Blissey|501/572|[from] Stealth Rock\n|turn|13\n|\n|t:|1781398508\n|switch|p2a: Magmortar|Magmortar, L88, M|275/275\n|move|p1a: Blissey|Thunder Wave|p2a: Magmortar\n|-status|p2a: Magmortar|par\n|\n|-heal|p1a: Blissey|536/572|[from] item: Leftovers\n|upkeep\n|turn|14\n|\n|t:|1781398523\n|switch|p1a: Reshiram|Reshiram, L76|277/277\n|-ability|p1a: Reshiram|Turboblaze\n|move|p2a: Magmortar|Will-O-Wisp|p1a: Reshiram\n|-immune|p1a: Reshiram\n|\n|upkeep\n|turn|15\n|\n|t:|1781398538\n|move|p1a: Reshiram|Earth Power|p2a: Magmortar\n|-supereffective|p2a: Magmortar\n|-damage|p2a: Magmortar|129/275 par\n|move|p2a: Magmortar|Earthquake|p1a: Reshiram\n|-supereffective|p1a: Reshiram\n|-crit|p1a: Reshiram\n|-damage|p1a: Reshiram|33/277\n|\n|upkeep\n|turn|16\n|\n|t:|1781398553\n|move|p1a: Reshiram|Earth Power|p2a: Magmortar\n|-supereffective|p2a: Magmortar\n|-damage|p2a: Magmortar|0 fnt\n|faint|p2a: Magmortar\n|\n|upkeep\n|\n|t:|1781398561\n|switch|p2a: Chien-Pao|Chien-Pao, L72|234/234\n|-ability|p2a: Chien-Pao|Sword of Ruin\n|turn|17\n|\n|t:|1781398579\n|switch|p1a: Carbink|Carbink, L90|154/236\n|-damage|p1a: Carbink|125/236|[from] Stealth Rock\n|move|p2a: Chien-Pao|Throat Chop|p1a: Carbink\n|-resisted|p1a: Carbink\n|-damage|p1a: Carbink|78/236\n|-start|p1a: Carbink|Throat Chop|[silent]\n|\n|-heal|p1a: Carbink|92/236|[from] item: Leftovers\n|upkeep\n|turn|18\n|\n|t:|1781398590\n|switch|p2a: Chandelure|Chandelure, L83, F|235/235\n|move|p1a: Carbink|Body Press|p2a: Chandelure\n|-immune|p2a: Chandelure\n|\n|-heal|p1a: Carbink|106/236|[from] item: Leftovers\n|-end|p1a: Carbink|Throat Chop|[silent]\n|upkeep\n|turn|19\n|\n|t:|1781398608\n|switch|p1a: Blissey|Blissey, L85, F|536/572\n|-damage|p1a: Blissey|465/572|[from] Stealth Rock\n|move|p2a: Chandelure|Energy Ball|p1a: Blissey\n|-damage|p1a: Blissey|407/572\n|\n|-heal|p1a: Blissey|442/572|[from] item: Leftovers\n|upkeep\n|turn|20\n|\n|t:|1781398620\n|switch|p2a: Dusknoir|Dusknoir, L89, M|225/225\n|-item|p1a: Blissey|Leftovers|[from] ability: Frisk|[of] p2a: Dusknoir\n|move|p1a: Blissey|Thunder Wave|p2a: Dusknoir\n|-status|p2a: Dusknoir|par\n|\n|-heal|p1a: Blissey|477/572|[from] item: Leftovers\n|upkeep\n|turn|21\n|\n|t:|1781398636\n|move|p1a: Blissey|Stealth Rock|p2a: Dusknoir\n|-sidestart|p2: isa2381|move: Stealth Rock\n|move|p2a: Dusknoir|Substitute|p2a: Dusknoir\n|-start|p2a: Dusknoir|Substitute\n|-damage|p2a: Dusknoir|169/225 par\n|\n|-heal|p1a: Blissey|512/572|[from] item: Leftovers\n|-heal|p2a: Dusknoir|183/225 par|[from] item: Leftovers\n|upkeep\n|turn|22\n|\n|t:|1781398654\n|switch|p1a: Reshiram|Reshiram, L76|33/277\n|-ability|p1a: Reshiram|Turboblaze\n|-singleturn|p2a: Dusknoir|move: Focus Punch\n|move|p2a: Dusknoir|Focus Punch|p1a: Reshiram\n|-damage|p1a: Reshiram|0 fnt\n|faint|p1a: Reshiram\n|\n|-heal|p2a: Dusknoir|197/225 par|[from] item: Leftovers\n|upkeep\n|inactive|lahat has 60 seconds left.\n|\n|t:|1781398673\n|switch|p1a: Gothitelle|Gothitelle, L90, M|272/272\n|-damage|p1a: Gothitelle|238/272|[from] Stealth Rock\n|turn|23\n|inactive|lahat has 60 seconds left.\n|\n|t:|1781398684\n|-terastallize|p1a: Gothitelle|Fairy\n|move|p1a: Gothitelle|Dark Pulse|p2a: Dusknoir\n|-supereffective|p2a: Dusknoir\n|-end|p2a: Dusknoir|Substitute\n|move|p2a: Dusknoir|Poltergeist|p1a: Gothitelle\n|-activate|p1a: Gothitelle|move: Poltergeist|Choice Scarf\n|-damage|p1a: Gothitelle|123/272\n|\n|-heal|p2a: Dusknoir|211/225 par|[from] item: Leftovers\n|upkeep\n|turn|24\n|inactive|lahat has 60 seconds left.\n|\n|t:|1781398697\n|switch|p2a: Chien-Pao|Chien-Pao, L72|234/234\n|-damage|p2a: Chien-Pao|176/234|[from] Stealth Rock\n|-ability|p2a: Chien-Pao|Sword of Ruin\n|move|p1a: Gothitelle|Dark Pulse|p2a: Chien-Pao\n|-resisted|p2a: Chien-Pao\n|-damage|p2a: Chien-Pao|130/234\n|\n|upkeep\n|turn|25\n|inactive|lahat has 60 seconds left.\n|\n|t:|1781398713\n|switch|p1a: Carbink|Carbink, L90|106/236\n|-damage|p1a: Carbink|77/236|[from] Stealth Rock\n|move|p2a: Chien-Pao|Icicle Crash|p1a: Carbink\n|-damage|p1a: Carbink|0 fnt\n|faint|p1a: Carbink\n|\n|upkeep\n|\n|t:|1781398732\n|switch|p1a: Blissey|Blissey, L85, F|512/572\n|-damage|p1a: Blissey|441/572|[from] Stealth Rock\n|turn|26\n|\n|t:|1781398738\n|switch|p2a: Dusknoir|Dusknoir, L89, M|211/225 par\n|-damage|p2a: Dusknoir|183/225 par|[from] Stealth Rock\n|-item|p1a: Blissey|Leftovers|[from] ability: Frisk|[of] p2a: Dusknoir\n|move|p1a: Blissey|Thunder Wave|p2a: Dusknoir\n|-fail|p2a: Dusknoir|par\n|\n|-heal|p1a: Blissey|476/572|[from] item: Leftovers\n|-heal|p2a: Dusknoir|197/225 par|[from] item: Leftovers\n|upkeep\n|turn|27\n|\n|t:|1781398765\n|switch|p1a: Gothitelle|Gothitelle, L90, M, tera:Fairy|123/272\n|-damage|p1a: Gothitelle|89/272|[from] Stealth Rock\n|move|p2a: Dusknoir|Substitute|p2a: Dusknoir\n|-start|p2a: Dusknoir|Substitute\n|-damage|p2a: Dusknoir|141/225 par\n|\n|-heal|p2a: Dusknoir|155/225 par|[from] item: Leftovers\n|upkeep\n|turn|28\n|\n|t:|1781398780\n|move|p1a: Gothitelle|Dark Pulse|p2a: Dusknoir\n|-supereffective|p2a: Dusknoir\n|-end|p2a: Dusknoir|Substitute\n|move|p2a: Dusknoir|Poltergeist|p1a: Gothitelle\n|-activate|p1a: Gothitelle|move: Poltergeist|Choice Scarf\n|-damage|p1a: Gothitelle|0 fnt\n|faint|p1a: Gothitelle\n|\n|-heal|p2a: Dusknoir|169/225 par|[from] item: Leftovers\n|upkeep\n|\n|t:|1781398792\n|switch|p1a: Excadrill|Excadrill, L79, F|303/303\n|-damage|p1a: Excadrill|294/303|[from] Stealth Rock\n|-ability|p1a: Excadrill|Mold Breaker\n|turn|29\n|\n|t:|1781398802\n|move|p1a: Excadrill|Iron Head|p2a: Dusknoir\n|-damage|p2a: Dusknoir|100/225 par\n|move|p2a: Dusknoir|Substitute|p2a: Dusknoir\n|-start|p2a: Dusknoir|Substitute\n|-damage|p2a: Dusknoir|44/225 par\n|\n|-heal|p2a: Dusknoir|58/225 par|[from] item: Leftovers\n|upkeep\n|turn|30\n|\n|t:|1781398812\n|-singleturn|p2a: Dusknoir|move: Focus Punch\n|move|p1a: Excadrill|Iron Head|p2a: Dusknoir\n|-end|p2a: Dusknoir|Substitute\n|move|p2a: Dusknoir|Focus Punch|p1a: Excadrill\n|-supereffective|p1a: Excadrill\n|-damage|p1a: Excadrill|0 fnt\n|faint|p1a: Excadrill\n|\n|-heal|p2a: Dusknoir|72/225 par|[from] item: Leftovers\n|upkeep\n|\n|t:|1781398824\n|switch|p1a: Blissey|Blissey, L85, F|476/572\n|-damage|p1a: Blissey|405/572|[from] Stealth Rock\n|turn|31\n|\n|t:|1781398831\n|move|p1a: Blissey|Seismic Toss|p2a: Dusknoir\n|-immune|p2a: Dusknoir\n|move|p2a: Dusknoir|Substitute|p2a: Dusknoir\n|-start|p2a: Dusknoir|Substitute\n|-damage|p2a: Dusknoir|16/225 par\n|\n|-heal|p1a: Blissey|440/572|[from] item: Leftovers\n|-heal|p2a: Dusknoir|30/225 par|[from] item: Leftovers\n|upkeep\n|turn|32\n|\n|t:|1781398844\n|-singleturn|p2a: Dusknoir|move: Focus Punch\n|move|p1a: Blissey|Soft-Boiled|p1a: Blissey\n|-heal|p1a: Blissey|572/572\n|cant|p2a: Dusknoir|par\n|\n|-heal|p2a: Dusknoir|44/225 par|[from] item: Leftovers\n|upkeep\n|turn|33\n|\n|t:|1781398855\n|move|p1a: Blissey|Seismic Toss|p2a: Dusknoir\n|-immune|p2a: Dusknoir\n|move|p2a: Dusknoir|Pain Split|p1a: Blissey\n|-sethp|p1a: Blissey|308/572|[from] move: Pain Split|[silent]\n|-sethp|p2a: Dusknoir|225/225 par|[from] move: Pain Split\n|\n|-heal|p1a: Blissey|343/572|[from] item: Leftovers\n|upkeep\n|turn|34\n|\n|t:|1781398865\n|-singleturn|p2a: Dusknoir|move: Focus Punch\n|move|p1a: Blissey|Soft-Boiled|p1a: Blissey\n|-heal|p1a: Blissey|572/572\n|cant|p2a: Dusknoir|par\n|\n|upkeep\n|turn|35\n|\n|t:|1781398873\n|-singleturn|p2a: Dusknoir|move: Focus Punch\n|move|p1a: Blissey|Seismic Toss|p2a: Dusknoir\n|-immune|p2a: Dusknoir\n|move|p2a: Dusknoir|Focus Punch|p1a: Blissey\n|-supereffective|p1a: Blissey\n|-damage|p1a: Blissey|0 fnt\n|faint|p1a: Blissey\n|\n|win|isa2381\n|raw|lahat's rating: 1154 &rarr; <strong>1125</strong><br />(-29 for losing)\n|raw|isa2381's rating: 1103 &rarr; <strong>1132</strong><br />(+29 for winning)\n|l|\u2606lahat\n|player|p1|\n", "inputlog": ">version a8376a258c1d4662feba110a92103f3664a72141\n>start {\"formatid\":\"gen9randombattle\",\"seed\":\"sodium,fc905aabb7c6782e98f9e0c7c6046b23\",\"rated\":\"Rated battle\"}\n>player p1 {\"name\":\"lahat\",\"avatar\":\"roxie\",\"rating\":1154,\"seed\":\"sodium,4c7970f50e378aea0fc1171fa25e91b6\"}\n>player p2 {\"name\":\"isa2381\",\"avatar\":\"lady\",\"rating\":1103,\"seed\":\"sodium,9dd87155e8bbee4b37c412a3b10019ae\"}\n>p1 move flipturn\n>p2 switch 4\n>p1 switch 4\n>p1 move blueflare\n>p2 switch 6\n>p1 switch 4\n>p2 move calmmind\n>p1 move crunch\n>p2 switch 6\n>p1 move crunch\n>p2 move dazzlinggleam\n>p1 move crunch\n>p2 move dazzlinggleam\n>p2 switch 5\n>p1 switch 6\n>p2 move sacredsword\n>p1 move irondefense\n>p2 switch 4\n>p1 move bodypress\n>p2 move earthquake\n>p1 move rockpolish\n>p2 move stealthrock\n>p1 move bodypress\n>p2 move stoneedge\n>p2 switch 6\n>p1 switch 6\n>p2 move energyball\n>p1 switch 2\n>p1 move thunderwave\n>p2 switch 2\n>p1 switch 4\n>p2 move willowisp\n>p1 move earthpower\n>p2 move earthquake\n>p1 move earthpower\n>p2 move earthquake\n>p2 switch 4\n>p1 switch 6\n>p2 move throatchop\n>p1 move bodypress\n>p2 switch 2\n>p1 switch 4\n>p2 move energyball\n>p1 move thunderwave\n>p2 switch 3\n>p1 move stealthrock\n>p2 move substitute\n>p1 switch 6\n>p2 move focuspunch\n>p1 switch 5\n>p1 move darkpulse terastallize\n>p2 move poltergeist\n>p1 move darkpulse\n>p2 switch 2\n>p1 switch 4\n>p2 move iciclecrash\n>p1 switch 6\n>p1 move thunderwave\n>p2 switch 2\n>p1 switch 4\n>p2 move substitute\n>p1 move darkpulse\n>p2 move poltergeist\n>p1 switch 3\n>p1 move ironhead\n>p2 move substitute\n>p1 move ironhead\n>p2 move focuspunch\n>p1 switch 4\n>p1 move seismictoss\n>p2 move substitute\n>p1 move softboiled\n>p2 move focuspunch\n>p1 move seismictoss\n>p2 move painsplit\n>p1 move softboiled\n>p2 move focuspunch\n>p1 move seismictoss\n>p2 move focuspunch", "uploadtime": 1781398902, "views": 5, "formatid": "gen9randombattle", "rating": 1125, "private": 0, "password": null, "player_dets": [{"name": "lahat", "avatar": "roxie", "rating": 1154, "seed": "sodium,4c7970f50e378aea0fc1171fa25e91b6"}, {"name": "isa2381", "avatar": "lady", "rating": 1103, "seed": "sodium,9dd87155e8bbee4b37c412a3b10019ae"}], "teams_full": [{"Floatzel": {"name": "Floatzel", "species": "Floatzel", "speciesId": "floatzel", "gender": "M", "shiny": false, "level": 86, "moves": ["flipturn", "crunch", "icespinner", "wavecrash"], "ability": "Water Veil", "evs": {"hp": 85, "atk": 85, "def": 85, "spa": 85, "spd": 85, "spe": 85}, "ivs": {"hp": 31, "atk": 31, "def": 31, "spa": 31, "spd": 31, "spe": 31}, "item": "Choice Band", "teraType": "Water", "role": "Wallbreaker", "bvs": {"hp": 85, "atk": 105, "def": 55, "spa": 85, "spd": 50, "spe": 115}, "stats": {"hp": 286, "atk": 230, "def": 144, "spa": 195, "spd": 135, "spe": 247}}, "Blissey": {"name": "Blissey", "species": "Blissey", "speciesId": "blissey", "gender": "F", "shiny": false, "level": 85, "moves": ["thunderwave", "stealthrock", "softboiled", "seismictoss"], "ability": "Natural Cure", "evs": {"hp": 85, "atk": 0, "def": 85, "spa": 85, "spd": 85, "spe": 85}, "ivs": {"hp": 31, "atk": 0, "def": 31, "spa": 31, "spd": 31, "spe": 31}, "item": "Leftovers", "teraType": "Dark", "role": "Bulky Support", "bvs": {"hp": 255, "atk": 10, "def": 10, "spa": 75, "spd": 135, "spe": 55}, "stats": {"hp": 572, "atk": 22, "def": 66, "spa": 176, "spd": 278, "spe": 142}}, "Excadrill": {"name": "Excadrill", "species": "Excadrill", "speciesId": "excadrill", "gender": "F", "shiny": false, "level": 79, "moves": ["earthquake", "rapidspin", "ironhead", "rockslide"], "ability": "Mold Breaker", "evs": {"hp": 85, "atk": 85, "def": 85, "spa": 85, "spd": 85, "spe": 85}, "ivs": {"hp": 31, "atk": 31, "def": 31, "spa": 31, "spd": 31, "spe": 31}, "item": "Assault Vest", "teraType": "Water", "role": "AV Pivot", "bvs": {"hp": 110, "atk": 135, "def": 60, "spa": 50, "spd": 65, "spe": 88}, "stats": {"hp": 303, "atk": 259, "def": 140, "spa": 125, "spd": 148, "spe": 185}}, "Reshiram": {"name": "Reshiram", "species": "Reshiram", "speciesId": "reshiram", "gender": "N", "shiny": false, "level": 76, "moves": ["blueflare", "dragontail", "earthpower", "dracometeor"], "ability": "Turboblaze", "evs": {"hp": 85, "atk": 85, "def": 85, "spa": 85, "spd": 85, "spe": 85}, "ivs": {"hp": 31, "atk": 31, "def": 31, "spa": 31, "spd": 31, "spe": 31}, "item": "Heavy-Duty Boots", "teraType": "Ground", "role": "Fast Attacker", "bvs": {"hp": 100, "atk": 120, "def": 100, "spa": 150, "spd": 120, "spe": 90}, "stats": {"hp": 277, "atk": 226, "def": 196, "spa": 272, "spd": 226, "spe": 181}}, "Gothitelle": {"name": "Gothitelle", "species": "Gothitelle", "speciesId": "gothitelle", "gender": "M", "shiny": false, "level": 90, "moves": ["darkpulse", "focusblast", "psychic", "trick"], "ability": "Shadow Tag", "evs": {"hp": 85, "atk": 0, "def": 85, "spa": 85, "spd": 85, "spe": 85}, "ivs": {"hp": 31, "atk": 0, "def": 31, "spa": 31, "spd": 31, "spe": 31}, "item": "Choice Scarf", "teraType": "Fairy", "role": "Fast Attacker", "bvs": {"hp": 70, "atk": 55, "def": 95, "spa": 95, "spd": 110, "spe": 65}, "stats": {"hp": 272, "atk": 104, "def": 222, "spa": 222, "spd": 249, "spe": 168}}, "Carbink": {"name": "Carbink", "species": "Carbink", "speciesId": "carbink", "gender": "N", "shiny": false, "level": 90, "moves": ["moonblast", "bodypress", "rockpolish", "irondefense"], "ability": "Sturdy", "evs": {"hp": 85, "atk": 0, "def": 85, "spa": 85, "spd": 85, "spe": 85}, "ivs": {"hp": 31, "atk": 0, "def": 31, "spa": 31, "spd": 31, "spe": 31}, "item": "Leftovers", "teraType": "Fighting", "role": "Fast Bulky Setup", "bvs": {"hp": 50, "atk": 50, "def": 150, "spa": 50, "spd": 150, "spe": 50}, "stats": {"hp": 236, "atk": 95, "def": 321, "spa": 141, "spd": 321, "spe": 141}}}, {"Stonjourner": {"name": "Stonjourner", "species": "Stonjourner", "speciesId": "stonjourner", "gender": "M", "shiny": false, "level": 91, "moves": ["earthquake", "heatcrash", "stealthrock", "stoneedge"], "ability": "Power Spot", "evs": {"hp": 85, "atk": 85, "def": 85, "spa": 85, "spd": 85, "spe": 85}, "ivs": {"hp": 31, "atk": 31, "def": 31, "spa": 31, "spd": 31, "spe": 31}, "item": "Life Orb", "teraType": "Fire", "role": "Fast Attacker", "bvs": {"hp": 100, "atk": 125, "def": 135, "spa": 20, "spd": 20, "spe": 70}, "stats": {"hp": 330, "atk": 279, "def": 298, "spa": 88, "spd": 88, "spe": 179}}, "Magmortar": {"name": "Magmortar", "species": "Magmortar", "speciesId": "magmortar", "gender": "M", "shiny": false, "level": 88, "moves": ["thunderbolt", "willowisp", "earthquake", "fireblast"], "ability": "Flame Body", "evs": {"hp": 85, "atk": 85, "def": 85, "spa": 85, "spd": 85, "spe": 85}, "ivs": {"hp": 31, "atk": 31, "def": 31, "spa": 31, "spd": 31, "spe": 31}, "item": "Heavy-Duty Boots", "teraType": "Electric", "role": "Fast Attacker", "bvs": {"hp": 75, "atk": 95, "def": 67, "spa": 125, "spd": 95, "spe": 83}, "stats": {"hp": 275, "atk": 217, "def": 168, "spa": 270, "spd": 217, "spe": 196}}, "Dusknoir": {"name": "Dusknoir", "species": "Dusknoir", "speciesId": "dusknoir", "gender": "M", "shiny": false, "level": 89, "moves": ["painsplit", "focuspunch", "poltergeist", "substitute"], "ability": "Frisk", "evs": {"hp": 85, "atk": 85, "def": 85, "spa": 85, "spd": 85, "spe": 85}, "ivs": {"hp": 31, "atk": 31, "def": 31, "spa": 31, "spd": 31, "spe": 31}, "item": "Leftovers", "teraType": "Fighting", "role": "Bulky Attacker", "bvs": {"hp": 45, "atk": 100, "def": 135, "spa": 65, "spd": 135, "spe": 45}, "stats": {"hp": 225, "atk": 229, "def": 291, "spa": 166, "spd": 291, "spe": 131}}, "Sunflora": {"name": "Sunflora", "species": "Sunflora", "speciesId": "sunflora", "gender": "F", "shiny": false, "level": 100, "moves": ["sludgebomb", "leafstorm", "dazzlinggleam", "earthpower"], "ability": "Chlorophyll", "evs": {"hp": 85, "atk": 0, "def": 85, "spa": 85, "spd": 85, "spe": 85}, "ivs": {"hp": 31, "atk": 0, "def": 31, "spa": 31, "spd": 31, "spe": 31}, "item": "Choice Specs", "teraType": "Ground", "role": "Wallbreaker", "bvs": {"hp": 75, "atk": 75, "def": 55, "spa": 105, "spd": 85, "spe": 30}, "stats": {"hp": 312, "atk": 155, "def": 167, "spa": 267, "spd": 227, "spe": 117}}, "Chien-Pao": {"name": "Chien-Pao", "species": "Chien-Pao", "speciesId": "chienpao", "gender": "N", "shiny": false, "level": 72, "moves": ["sacredsword", "throatchop", "iceshard", "iciclecrash"], "ability": "Sword of Ruin", "evs": {"hp": 85, "atk": 85, "def": 85, "spa": 85, "spd": 85, "spe": 85}, "ivs": {"hp": 31, "atk": 31, "def": 31, "spa": 31, "spd": 31, "spe": 31}, "item": "Choice Band", "teraType": "Fighting", "role": "Wallbreaker", "bvs": {"hp": 80, "atk": 120, "def": 80, "spa": 90, "spd": 65, "spe": 135}, "stats": {"hp": 234, "atk": 215, "def": 157, "spa": 172, "spd": 136, "spe": 236}}, "Chandelure": {"name": "Chandelure", "species": "Chandelure", "speciesId": "chandelure", "gender": "F", "shiny": false, "level": 83, "moves": ["shadowball", "calmmind", "energyball", "fireblast"], "ability": "Flash Fire", "evs": {"hp": 85, "atk": 0, "def": 85, "spa": 85, "spd": 85, "spe": 85}, "ivs": {"hp": 31, "atk": 0, "def": 31, "spa": 31, "spd": 31, "spe": 31}, "item": "Heavy-Duty Boots", "teraType": "Grass", "role": "Fast Bulky Setup", "bvs": {"hp": 60, "atk": 55, "def": 90, "spa": 145, "spd": 90, "spe": 80}, "stats": {"hp": 235, "atk": 96, "def": 197, "spa": 288, "spd": 197, "spe": 180}}}]}