{"id": "gen9randombattle-2631981308", "format": "[Gen 9] Random Battle", "players": ["scampy789", "Elpapi18"], "log": "|j|\u2606scampy789\n|j|\u2606Elpapi18\n|t:|1781462425\n|gametype|singles\n|player|p1|scampy789|170|2060\n|player|p2|Elpapi18|101|2070\n|gen|9\n|tier|[Gen 9] Random Battle\n|rated|\n|rule|Species Clause: Limit one of each Pok\u00e9mon\n|rule|HP Percentage Mod: HP is shown in percentages\n|rule|Sleep Clause Mod: Limit one foe put to sleep\n|rule|Illusion Level Mod: Illusion disguises the Pok\u00e9mon's true level\n|\n|t:|1781462425\n|teamsize|p1|6\n|teamsize|p2|6\n|start\n|switch|p1a: Enamorus|Enamorus, L79, F|247/247\n|switch|p2a: Magnezone|Magnezone, L85|258/258\n|turn|1\n|inactive|Battle timer is ON: inactive players will automatically lose when time's up. (requested by scampy789)\n|inactive|scampy789 has 120 seconds left.\n|\n|t:|1781462459\n|switch|p1a: Spidops|Spidops, L96, F|271/271\n|move|p2a: Magnezone|Flash Cannon|p1a: Spidops\n|-damage|p1a: Spidops|180/271\n|\n|upkeep\n|turn|2\n|\n|t:|1781462470\n|move|p2a: Magnezone|Discharge|p1a: Spidops\n|-damage|p1a: Spidops|89/271\n|move|p1a: Spidops|Sticky Web|p2a: Magnezone\n|-sidestart|p2: Elpapi18|move: Sticky Web\n|\n|upkeep\n|turn|3\n|\n|t:|1781462477\n|switch|p1a: Blissey|Blissey, L85, F|572/572\n|move|p2a: Magnezone|Flash Cannon|p1a: Blissey\n|-damage|p1a: Blissey|496/572\n|\n|-heal|p1a: Blissey|531/572|[from] item: Leftovers\n|upkeep\n|turn|4\n|\n|t:|1781462492\n|switch|p1a: Spidops|Spidops, L96, F|89/271\n|move|p2a: Magnezone|Volt Switch|p1a: Spidops\n|-damage|p1a: Spidops|0 fnt\n|faint|p1a: Spidops\n|\n|t:|1781462506\n|switch|p2a: Conkeldurr|Conkeldurr, L80, F|299/299|[from] Volt Switch\n|-activate|p2a: Conkeldurr|move: Sticky Web\n|-unboost|p2a: Conkeldurr|spe|1\n|\n|-status|p2a: Conkeldurr|brn|[from] item: Flame Orb\n|upkeep\n|\n|t:|1781462516\n|switch|p1a: Enamorus|Enamorus, L79, F|247/247\n|turn|5\n|\n|t:|1781462529\n|-terastallize|p2a: Conkeldurr|Normal\n|move|p1a: Enamorus|Superpower|p2a: Conkeldurr\n|-supereffective|p2a: Conkeldurr\n|-damage|p2a: Conkeldurr|129/299 brn\n|-boost|p1a: Enamorus|atk|1\n|-boost|p1a: Enamorus|def|1\n|move|p2a: Conkeldurr|Facade|p1a: Enamorus\n|-damage|p1a: Enamorus|27/247\n|\n|-heal|p1a: Enamorus|42/247|[from] item: Leftovers\n|-damage|p2a: Conkeldurr|111/299 brn|[from] brn\n|upkeep\n|turn|6\n|\n|t:|1781462544\n|move|p2a: Conkeldurr|Mach Punch|p1a: Enamorus\n|-resisted|p1a: Enamorus\n|-damage|p1a: Enamorus|24/247\n|move|p1a: Enamorus|Superpower|p2a: Conkeldurr\n|-supereffective|p2a: Conkeldurr\n|-damage|p2a: Conkeldurr|0 fnt\n|-boost|p1a: Enamorus|atk|1\n|-boost|p1a: Enamorus|def|1\n|faint|p2a: Conkeldurr\n|\n|-heal|p1a: Enamorus|39/247|[from] item: Leftovers\n|upkeep\n|inactive|Elpapi18 has 120 seconds left.\n|\n|t:|1781462603\n|switch|p2a: Dipplin|Dipplin, L88, F|284/284\n|-activate|p2a: Dipplin|move: Sticky Web\n|-unboost|p2a: Dipplin|spe|1\n|turn|7\n|\n|t:|1781462611\n|move|p1a: Enamorus|Play Rough|p2a: Dipplin\n|-supereffective|p2a: Dipplin\n|-damage|p2a: Dipplin|60/284\n|-unboost|p2a: Dipplin|atk|1\n|move|p2a: Dipplin|Giga Drain|p1a: Enamorus\n|-resisted|p1a: Enamorus\n|-damage|p1a: Enamorus|0 fnt\n|-heal|p2a: Dipplin|80/284|[from] drain|[of] p1a: Enamorus\n|faint|p1a: Enamorus\n|\n|upkeep\n|\n|t:|1781462629\n|switch|p1a: Overqwil|Overqwil, L82, M|274/274\n|-ability|p1a: Overqwil|Intimidate|boost\n|-unboost|p2a: Dipplin|atk|1\n|turn|8\n|\n|t:|1781462637\n|move|p1a: Overqwil|Swords Dance|p1a: Overqwil\n|-boost|p1a: Overqwil|atk|2\n|move|p2a: Dipplin|Dragon Pulse|p1a: Overqwil\n|-damage|p1a: Overqwil|141/274\n|\n|upkeep\n|turn|9\n|\n|t:|1781462644\n|move|p1a: Overqwil|Crunch|p2a: Dipplin\n|-damage|p2a: Dipplin|0 fnt\n|faint|p2a: Dipplin\n|\n|upkeep\n|l|\u2606Elpapi18\n|inactive|Elpapi18 disconnected and has a minute to reconnect!\n|player|p2|\n|j|\u2606Elpapi18\n|inactive|Elpapi18 reconnected and has 110 seconds left.\n|player|p2|Elpapi18|101|\n|\n|t:|1781462675\n|switch|p2a: Magnezone|Magnezone, L85|258/258\n|-activate|p2a: Magnezone|move: Sticky Web\n|-unboost|p2a: Magnezone|spe|1\n|turn|10\n|\n|t:|1781462687\n|move|p1a: Overqwil|Crunch|p2a: Magnezone\n|-damage|p2a: Magnezone|114/258\n|move|p2a: Magnezone|Discharge|p1a: Overqwil\n|-damage|p1a: Overqwil|9/274\n|\n|upkeep\n|turn|11\n|\n|t:|1781462695\n|move|p1a: Overqwil|Crunch|p2a: Magnezone\n|-damage|p2a: Magnezone|0 fnt\n|faint|p2a: Magnezone\n|\n|upkeep\n|\n|t:|1781462700\n|switch|p2a: Bisharp|Bisharp, L79, M|232/232\n|-activate|p2a: Bisharp|move: Sticky Web\n|-unboost|p2a: Bisharp|spe|1\n|-ability|p2a: Bisharp|Defiant|boost\n|-boost|p2a: Bisharp|atk|2\n|turn|12\n|inactive|Elpapi18 has 120 seconds left.\n|\n|t:|1781462714\n|move|p2a: Bisharp|Sucker Punch|p1a: Overqwil\n|-resisted|p1a: Overqwil\n|-damage|p1a: Overqwil|0 fnt\n|faint|p1a: Overqwil\n|\n|upkeep\n|\n|t:|1781462721\n|switch|p1a: Regirock|Regirock, L83|268/268\n|turn|13\n|\n|t:|1781462729\n|-terastallize|p1a: Regirock|Fighting\n|move|p1a: Regirock|Body Press|p2a: Bisharp\n|-supereffective|p2a: Bisharp\n|-damage|p2a: Bisharp|0 fnt\n|faint|p2a: Bisharp\n|\n|upkeep\n|-message|Elpapi18 forfeited.\n|\n|win|scampy789\n", "inputlog": ">version a8376a258c1d4662feba110a92103f3664a72141\n>start {\"formatid\":\"gen9randombattle\",\"seed\":\"sodium,be2d6ceb62adb2d10325963b468f9c8a\",\"rated\":\"Rated battle\"}\n>player p1 {\"name\":\"scampy789\",\"avatar\":\"170\",\"rating\":2060,\"seed\":\"sodium,a332e832afaeac359b6ba6b37ea4ea3c\"}\n>player p2 {\"name\":\"Elpapi18\",\"avatar\":\"101\",\"rating\":2070,\"seed\":\"sodium,2dad36c964aa70a29b952b3dc91dd5c6\"}\n>p1 switch 3\n>p2 move flashcannon\n>p1 move stickyweb\n>p2 move discharge\n>p1 switch 2\n>p2 move flashcannon\n>p1 switch 2\n>p2 move voltswitch\n>p2 switch 6\n>p1 switch 3\n>p1 move superpower\n>p2 move facade terastallize\n>p1 move superpower\n>p2 move machpunch\n>p2 switch 4\n>p1 move playrough\n>p2 move gigadrain\n>p1 switch 5\n>p1 move swordsdance\n>p2 move dragonpulse\n>p1 move crunch\n>p2 move dragonpulse\n>p2 switch 6\n>p1 move crunch\n>p2 move discharge\n>p1 move crunch\n>p2 move discharge\n>p2 switch 2\n>p1 move crunch\n>p2 move suckerpunch\n>p1 switch 6\n>p1 move bodypress terastallize\n>p2 move ironhead\n>forcelose p2", "uploadtime": 1781462428, "views": 10, "formatid": "gen9randombattle", "rating": null, "private": 0, "password": null, "player_dets": [{"name": "scampy789", "avatar": "170", "rating": 2060, "seed": "sodium,a332e832afaeac359b6ba6b37ea4ea3c"}, {"name": "Elpapi18", "avatar": "101", "rating": 2070, "seed": "sodium,2dad36c964aa70a29b952b3dc91dd5c6"}], "teams_full": [{"Enamorus": {"name": "Enamorus", "species": "Enamorus", "speciesId": "enamorus", "gender": "F", "shiny": false, "level": 79, "moves": ["playrough", "zenheadbutt", "substitute", "superpower"], "ability": "Contrary", "evs": {"hp": 85, "atk": 85, "def": 85, "spa": 85, "spd": 85, "spe": 85}, "ivs": {"hp": 31, "atk": 31, "def": 31, "spa": 31, "spd": 31, "spe": 31}, "item": "Leftovers", "teraType": "Fighting", "role": "Setup Sweeper", "bvs": {"hp": 74, "atk": 115, "def": 70, "spa": 135, "spd": 80, "spe": 106}, "stats": {"hp": 247, "atk": 227, "def": 156, "spa": 259, "spd": 172, "spe": 213}, "types": ["Fairy", "Flying"]}, "Blissey": {"name": "Blissey", "species": "Blissey", "speciesId": "blissey", "gender": "F", "shiny": false, "level": 85, "moves": ["seismictoss", "softboiled", "thunderwave", "healbell"], "ability": "Natural Cure", "evs": {"hp": 85, "atk": 0, "def": 85, "spa": 85, "spd": 85, "spe": 85}, "ivs": {"hp": 31, "atk": 0, "def": 31, "spa": 31, "spd": 31, "spe": 31}, "item": "Leftovers", "teraType": "Ghost", "role": "Bulky Support", "bvs": {"hp": 255, "atk": 10, "def": 10, "spa": 75, "spd": 135, "spe": 55}, "stats": {"hp": 572, "atk": 22, "def": 66, "spa": 176, "spd": 278, "spe": 142}, "types": ["Normal"]}, "Spidops": {"name": "Spidops", "species": "Spidops", "speciesId": "spidops", "gender": "F", "shiny": false, "level": 96, "moves": ["knockoff", "stickyweb", "circlethrow", "uturn"], "ability": "Stakeout", "evs": {"hp": 85, "atk": 85, "def": 85, "spa": 85, "spd": 85, "spe": 85}, "ivs": {"hp": 31, "atk": 31, "def": 31, "spa": 31, "spd": 31, "spe": 31}, "item": "Heavy-Duty Boots", "teraType": "Ghost", "role": "Bulky Support", "bvs": {"hp": 60, "atk": 79, "def": 92, "spa": 52, "spd": 86, "spe": 35}, "stats": {"hp": 271, "atk": 206, "def": 231, "spa": 154, "spd": 220, "spe": 122}, "types": ["Bug"]}, "Stonjourner": {"name": "Stonjourner", "species": "Stonjourner", "speciesId": "stonjourner", "gender": "F", "shiny": false, "level": 91, "moves": ["heatcrash", "earthquake", "rockpolish", "stoneedge"], "ability": "Power Spot", "evs": {"hp": 85, "atk": 85, "def": 85, "spa": 85, "spd": 85, "spe": 85}, "ivs": {"hp": 31, "atk": 31, "def": 31, "spa": 31, "spd": 31, "spe": 31}, "item": "Life Orb", "teraType": "Ground", "role": "Fast Attacker", "bvs": {"hp": 100, "atk": 125, "def": 135, "spa": 20, "spd": 20, "spe": 70}, "stats": {"hp": 330, "atk": 279, "def": 298, "spa": 88, "spd": 88, "spe": 179}, "types": ["Rock"]}, "Overqwil": {"name": "Overqwil", "species": "Overqwil", "speciesId": "overqwil", "gender": "M", "shiny": false, "level": 82, "moves": ["gunkshot", "swordsdance", "scaleshot", "crunch"], "ability": "Intimidate", "evs": {"hp": 85, "atk": 85, "def": 85, "spa": 85, "spd": 85, "spe": 85}, "ivs": {"hp": 31, "atk": 31, "def": 31, "spa": 31, "spd": 31, "spe": 31}, "item": "Loaded Dice", "teraType": "Dragon", "role": "Setup Sweeper", "bvs": {"hp": 85, "atk": 115, "def": 95, "spa": 65, "spd": 65, "spe": 85}, "stats": {"hp": 274, "atk": 236, "def": 203, "spa": 154, "spd": 154, "spe": 187}, "types": ["Dark", "Poison"]}, "Regirock": {"name": "Regirock", "species": "Regirock", "speciesId": "regirock", "gender": "N", "shiny": false, "level": 83, "moves": ["thunderwave", "stoneedge", "irondefense", "bodypress"], "ability": "Clear Body", "evs": {"hp": 85, "atk": 85, "def": 85, "spa": 85, "spd": 85, "spe": 85}, "ivs": {"hp": 31, "atk": 31, "def": 31, "spa": 31, "spd": 31, "spe": 31}, "item": "Leftovers", "teraType": "Fighting", "role": "Bulky Attacker", "bvs": {"hp": 80, "atk": 100, "def": 200, "spa": 50, "spd": 100, "spe": 50}, "stats": {"hp": 268, "atk": 214, "def": 380, "spa": 131, "spd": 214, "spe": 131}, "types": ["Rock"]}}, {"Magnezone": {"name": "Magnezone", "species": "Magnezone", "speciesId": "magnezone", "gender": "N", "shiny": false, "level": 85, "moves": ["flashcannon", "mirrorcoat", "voltswitch", "discharge"], "ability": "Magnet Pull", "evs": {"hp": 85, "atk": 0, "def": 85, "spa": 85, "spd": 85, "spe": 85}, "ivs": {"hp": 31, "atk": 0, "def": 31, "spa": 31, "spd": 31, "spe": 31}, "item": "Assault Vest", "teraType": "Flying", "role": "AV Pivot", "bvs": {"hp": 70, "atk": 70, "def": 115, "spa": 130, "spd": 90, "spe": 60}, "stats": {"hp": 258, "atk": 124, "def": 244, "spa": 270, "spd": 202, "spe": 151}, "types": ["Electric", "Steel"]}, "Bisharp": {"name": "Bisharp", "species": "Bisharp", "speciesId": "bisharp", "gender": "M", "shiny": false, "level": 79, "moves": ["ironhead", "throatchop", "suckerpunch", "stealthrock"], "ability": "Defiant", "evs": {"hp": 85, "atk": 85, "def": 85, "spa": 85, "spd": 85, "spe": 85}, "ivs": {"hp": 31, "atk": 31, "def": 31, "spa": 31, "spd": 31, "spe": 31}, "item": "Eviolite", "teraType": "Flying", "role": "Bulky Attacker", "bvs": {"hp": 65, "atk": 125, "def": 100, "spa": 60, "spd": 70, "spe": 70}, "stats": {"hp": 232, "atk": 243, "def": 204, "spa": 140, "spd": 156, "spe": 156}, "types": ["Dark", "Steel"]}, "Floatzel": {"name": "Floatzel", "species": "Floatzel", "speciesId": "floatzel", "gender": "M", "shiny": false, "level": 86, "moves": ["wavecrash", "bulkup", "taunt", "icespinner"], "ability": "Water Veil", "evs": {"hp": 85, "atk": 85, "def": 85, "spa": 85, "spd": 85, "spe": 85}, "ivs": {"hp": 31, "atk": 31, "def": 31, "spa": 31, "spd": 31, "spe": 31}, "item": "Leftovers", "teraType": "Water", "role": "Bulky Setup", "bvs": {"hp": 85, "atk": 105, "def": 55, "spa": 85, "spd": 50, "spe": 115}, "stats": {"hp": 286, "atk": 230, "def": 144, "spa": 195, "spd": 135, "spe": 247}, "types": ["Water"]}, "Dipplin": {"name": "Dipplin", "species": "Dipplin", "speciesId": "dipplin", "gender": "F", "shiny": false, "level": 88, "moves": ["dragontail", "dragonpulse", "gigadrain", "recover"], "ability": "Sticky Hold", "evs": {"hp": 85, "atk": 85, "def": 85, "spa": 85, "spd": 85, "spe": 85}, "ivs": {"hp": 31, "atk": 31, "def": 31, "spa": 31, "spd": 31, "spe": 31}, "item": "Eviolite", "teraType": "Steel", "role": "Bulky Attacker", "bvs": {"hp": 80, "atk": 80, "def": 110, "spa": 95, "spd": 80, "spe": 40}, "stats": {"hp": 284, "atk": 191, "def": 244, "spa": 217, "spd": 191, "spe": 121}, "types": ["Grass", "Dragon"]}, "Barraskewda": {"name": "Barraskewda", "species": "Barraskewda", "speciesId": "barraskewda", "gender": "F", "shiny": false, "level": 81, "moves": ["flipturn", "waterfall", "poisonjab", "closecombat"], "ability": "Swift Swim", "evs": {"hp": 85, "atk": 85, "def": 85, "spa": 85, "spd": 85, "spe": 85}, "ivs": {"hp": 31, "atk": 31, "def": 31, "spa": 31, "spd": 31, "spe": 31}, "item": "Choice Band", "teraType": "Water", "role": "Wallbreaker", "bvs": {"hp": 61, "atk": 123, "def": 60, "spa": 60, "spd": 50, "spe": 136}, "stats": {"hp": 231, "atk": 246, "def": 144, "spa": 144, "spd": 128, "spe": 267}, "types": ["Water"]}, "Conkeldurr": {"name": "Conkeldurr", "species": "Conkeldurr", "speciesId": "conkeldurr", "gender": "F", "shiny": false, "level": 80, "moves": ["closecombat", "facade", "machpunch", "knockoff"], "ability": "Guts", "evs": {"hp": 85, "atk": 85, "def": 85, "spa": 85, "spd": 85, "spe": 85}, "ivs": {"hp": 31, "atk": 31, "def": 31, "spa": 31, "spd": 31, "spe": 31}, "item": "Flame Orb", "teraType": "Normal", "role": "Wallbreaker", "bvs": {"hp": 105, "atk": 140, "def": 95, "spa": 55, "spd": 65, "spe": 45}, "stats": {"hp": 299, "atk": 270, "def": 198, "spa": 134, "spd": 150, "spe": 118}, "types": ["Fighting"]}}]}