{"id": "gen9randombattle-2631515853", "format": "[Gen 9] Random Battle", "players": ["reda1.22tr", "beebebeb"], "log": "|j|\u2606reda1.22tr\n|j|\u2606beebebeb\n|t:|1781395196\n|gametype|singles\n|player|p1|reda1.22tr|lance|1137\n|player|p2|beebebeb|skier|1163\n|gen|9\n|tier|[Gen 9] Random Battle\n|rated|\n|rule|Species Clause: Limit one of each Pok\u00e9mon\n|rule|HP Percentage Mod: HP is shown in percentages\n|rule|Sleep Clause Mod: Limit one foe put to sleep\n|rule|Illusion Level Mod: Illusion disguises the Pok\u00e9mon's true level\n|\n|t:|1781395196\n|teamsize|p1|6\n|teamsize|p2|6\n|start\n|switch|p1a: Oinkologne|Oinkologne-F, L92, F|361/361\n|switch|p2a: Hatterene|Hatterene, L85, F|236/236\n|turn|1\n|inactive|Battle timer is ON: inactive players will automatically lose when time's up. (requested by beebebeb)\n|\n|t:|1781395218\n|switch|p2a: Dudunsparce|Dudunsparce-Three-Segment, L83, M|343/343\n|move|p1a: Oinkologne|Curse|p1a: Oinkologne\n|-unboost|p1a: Oinkologne|spe|1\n|-boost|p1a: Oinkologne|atk|1\n|-boost|p1a: Oinkologne|def|1\n|\n|upkeep\n|turn|2\n|\n|t:|1781395234\n|move|p2a: Dudunsparce|Glare|p1a: Oinkologne\n|-status|p1a: Oinkologne|par\n|cant|p1a: Oinkologne|par\n|\n|upkeep\n|turn|3\n|\n|t:|1781395244\n|move|p2a: Dudunsparce|Headbutt|p1a: Oinkologne\n|-damage|p1a: Oinkologne|307/361 par\n|cant|p1a: Oinkologne|flinch\n|\n|-heal|p1a: Oinkologne|329/361 par|[from] item: Leftovers\n|upkeep\n|turn|4\n|\n|t:|1781395261\n|move|p2a: Dudunsparce|Headbutt|p1a: Oinkologne\n|-damage|p1a: Oinkologne|272/361 par\n|cant|p1a: Oinkologne|flinch\n|\n|-heal|p1a: Oinkologne|294/361 par|[from] item: Leftovers\n|upkeep\n|turn|5\n|\n|t:|1781395268\n|move|p2a: Dudunsparce|Headbutt|p1a: Oinkologne\n|-damage|p1a: Oinkologne|236/361 par\n|move|p1a: Oinkologne|Curse|p1a: Oinkologne\n|-unboost|p1a: Oinkologne|spe|1\n|-boost|p1a: Oinkologne|atk|1\n|-boost|p1a: Oinkologne|def|1\n|\n|-heal|p1a: Oinkologne|258/361 par|[from] item: Leftovers\n|upkeep\n|turn|6\n|\n|t:|1781395277\n|move|p2a: Dudunsparce|Headbutt|p1a: Oinkologne\n|-damage|p1a: Oinkologne|218/361 par\n|cant|p1a: Oinkologne|flinch\n|\n|-heal|p1a: Oinkologne|240/361 par|[from] item: Leftovers\n|upkeep\n|turn|7\n|\n|t:|1781395287\n|move|p2a: Dudunsparce|Headbutt|p1a: Oinkologne\n|-damage|p1a: Oinkologne|200/361 par\n|move|p1a: Oinkologne|Curse|p1a: Oinkologne\n|-unboost|p1a: Oinkologne|spe|1\n|-boost|p1a: Oinkologne|atk|1\n|-boost|p1a: Oinkologne|def|1\n|\n|-heal|p1a: Oinkologne|222/361 par|[from] item: Leftovers\n|upkeep\n|turn|8\n|\n|t:|1781395297\n|move|p2a: Dudunsparce|Headbutt|p1a: Oinkologne\n|-damage|p1a: Oinkologne|189/361 par\n|move|p1a: Oinkologne|Body Slam|p2a: Dudunsparce\n|-damage|p2a: Dudunsparce|93/343\n|\n|-heal|p2a: Dudunsparce|114/343|[from] item: Leftovers\n|-heal|p1a: Oinkologne|211/361 par|[from] item: Leftovers\n|upkeep\n|turn|9\n|\n|t:|1781395306\n|-terastallize|p2a: Dudunsparce|Ghost\n|move|p2a: Dudunsparce|Roost|p2a: Dudunsparce\n|-heal|p2a: Dudunsparce|286/343\n|move|p1a: Oinkologne|Rest|p1a: Oinkologne\n|-status|p1a: Oinkologne|slp|[from] move: Rest\n|-heal|p1a: Oinkologne|361/361 slp|[silent]\n|\n|-heal|p2a: Dudunsparce|307/343|[from] item: Leftovers\n|upkeep\n|turn|10\n|\n|t:|1781395323\n|move|p2a: Dudunsparce|Roost|p2a: Dudunsparce\n|-heal|p2a: Dudunsparce|343/343\n|cant|p1a: Oinkologne|slp\n|\n|upkeep\n|turn|11\n|\n|t:|1781395333\n|move|p2a: Dudunsparce|Earthquake|p1a: Oinkologne\n|-damage|p1a: Oinkologne|328/361 slp\n|cant|p1a: Oinkologne|slp\n|move|p1a: Oinkologne|Sleep Talk|p1a: Oinkologne\n|move|p1a: Oinkologne|Rest||[from] move: Sleep Talk|[still]\n|-fail|p1a: Oinkologne\n|\n|-heal|p1a: Oinkologne|350/361 slp|[from] item: Leftovers\n|upkeep\n|turn|12\n|c|\u2606reda1.22tr|bro i have shadow bal u\n|inactive|reda1.22tr has 120 seconds left.\n|c|\u2606reda1.22tr|swich\n|\n|t:|1781395382\n|move|p2a: Dudunsparce|Earthquake|p1a: Oinkologne\n|-damage|p1a: Oinkologne|320/361 slp\n|-curestatus|p1a: Oinkologne|slp|[msg]\n|move|p1a: Oinkologne|Sleep Talk||[still]\n|-fail|p1a: Oinkologne\n|\n|-heal|p1a: Oinkologne|342/361|[from] item: Leftovers\n|upkeep\n|turn|13\n|\n|t:|1781395396\n|move|p2a: Dudunsparce|Earthquake|p1a: Oinkologne\n|-damage|p1a: Oinkologne|311/361\n|move|p1a: Oinkologne|Curse|p1a: Oinkologne\n|-unboost|p1a: Oinkologne|spe|1\n|-boost|p1a: Oinkologne|atk|1\n|-boost|p1a: Oinkologne|def|1\n|\n|-heal|p1a: Oinkologne|333/361|[from] item: Leftovers\n|upkeep\n|turn|14\n|\n|t:|1781395408\n|move|p2a: Dudunsparce|Glare|p1a: Oinkologne\n|-status|p1a: Oinkologne|par\n|move|p1a: Oinkologne|Curse|p1a: Oinkologne\n|-unboost|p1a: Oinkologne|spe|1\n|-boost|p1a: Oinkologne|atk|1\n|-boost|p1a: Oinkologne|def|1\n|\n|-heal|p1a: Oinkologne|355/361 par|[from] item: Leftovers\n|upkeep\n|turn|15\n|\n|t:|1781395418\n|move|p2a: Dudunsparce|Glare|p1a: Oinkologne\n|-fail|p1a: Oinkologne|par\n|move|p1a: Oinkologne|Curse|p1a: Oinkologne\n|-unboost|p1a: Oinkologne|spe|1\n|-boost|p1a: Oinkologne|atk|1\n|-boost|p1a: Oinkologne|def|1\n|\n|-heal|p1a: Oinkologne|361/361 par|[from] item: Leftovers\n|upkeep\n|turn|16\n|\n|t:|1781395427\n|move|p2a: Dudunsparce|Glare|p1a: Oinkologne\n|-fail|p1a: Oinkologne|par\n|move|p1a: Oinkologne|Curse|p1a: Oinkologne\n|\n|upkeep\n|turn|17\n|\n|t:|1781395437\n|move|p2a: Dudunsparce|Glare|p1a: Oinkologne\n|-fail|p1a: Oinkologne|par\n|move|p1a: Oinkologne|Rest|p1a: Oinkologne\n|-fail|p1a: Oinkologne|heal\n|\n|upkeep\n|turn|18\n|\n|t:|1781395448\n|move|p2a: Dudunsparce|Glare|p1a: Oinkologne\n|-fail|p1a: Oinkologne|par\n|move|p1a: Oinkologne|Curse|p1a: Oinkologne\n|\n|upkeep\n|turn|19\n|\n|t:|1781395466\n|move|p2a: Dudunsparce|Glare|p1a: Oinkologne\n|-fail|p1a: Oinkologne|par\n|move|p1a: Oinkologne|Curse|p1a: Oinkologne\n|\n|upkeep\n|turn|20\n|inactive|reda1.22tr has 120 seconds left.\n|c|\u2606reda1.22tr|bro you can't hit me\n|inactive|reda1.22tr has 90 seconds left.\n|c|\u2606reda1.22tr|i am going to reporte you for endless batle\n|\n|t:|1781395521\n|move|p2a: Dudunsparce|Glare|p1a: Oinkologne\n|-fail|p1a: Oinkologne|par\n|move|p1a: Oinkologne|Rest|p1a: Oinkologne\n|-fail|p1a: Oinkologne|heal\n|\n|upkeep\n|turn|21\n|\n|t:|1781395541\n|move|p2a: Dudunsparce|Glare|p1a: Oinkologne\n|-fail|p1a: Oinkologne|par\n|cant|p1a: Oinkologne|par\n|\n|upkeep\n|turn|22\n|\n|t:|1781395547\n|move|p2a: Dudunsparce|Glare|p1a: Oinkologne\n|-fail|p1a: Oinkologne|par\n|cant|p1a: Oinkologne|par\n|\n|upkeep\n|turn|23\n|\n|t:|1781395552\n|move|p2a: Dudunsparce|Glare|p1a: Oinkologne\n|-fail|p1a: Oinkologne|par\n|move|p1a: Oinkologne|Body Slam|p2a: Dudunsparce\n|-immune|p2a: Dudunsparce\n|\n|upkeep\n|turn|24\n|inactive|reda1.22tr has 60 seconds left.\n|\n|t:|1781395590\n|move|p2a: Dudunsparce|Earthquake|p1a: Oinkologne\n|-damage|p1a: Oinkologne|342/361 par\n|cant|p1a: Oinkologne|par\n|\n|-heal|p1a: Oinkologne|361/361 par|[from] item: Leftovers\n|upkeep\n|turn|25\n|inactive|reda1.22tr has 60 seconds left.\n|\n|t:|1781395598\n|move|p2a: Dudunsparce|Glare|p1a: Oinkologne\n|-fail|p1a: Oinkologne|par\n|cant|p1a: Oinkologne|par\n|\n|upkeep\n|turn|26\n|\n|t:|1781395605\n|move|p2a: Dudunsparce|Glare|p1a: Oinkologne\n|-fail|p1a: Oinkologne|par\n|move|p1a: Oinkologne|Rest|p1a: Oinkologne\n|-fail|p1a: Oinkologne|heal\n|\n|upkeep\n|turn|27\n|\n|t:|1781395614\n|move|p2a: Dudunsparce|Glare|p1a: Oinkologne\n|-fail|p1a: Oinkologne|par\n|move|p1a: Oinkologne|Rest|p1a: Oinkologne\n|-fail|p1a: Oinkologne|heal\n|\n|upkeep\n|turn|28\n|\n|t:|1781395629\n|move|p2a: Dudunsparce|Glare|p1a: Oinkologne\n|-fail|p1a: Oinkologne|par\n|cant|p1a: Oinkologne|par\n|\n|upkeep\n|turn|29\n|inactive|reda1.22tr has 60 seconds left.\n|inactive|reda1.22tr has 30 seconds left.\n|c|\u2606reda1.22tr|you bastard dum nuget horble\n|-message|reda1.22tr forfeited.\n|\n|win|beebebeb\n", "inputlog": ">version a8376a258c1d4662feba110a92103f3664a72141\n>start {\"formatid\":\"gen9randombattle\",\"seed\":\"sodium,d6ab0d9c06c73e08f2a24ce6c2473866\",\"rated\":\"Rated battle\"}\n>player p1 {\"name\":\"reda1.22tr\",\"avatar\":\"lance\",\"rating\":1137,\"seed\":\"sodium,01c30c771a58f7b63b95092ec58fcc9a\"}\n>player p2 {\"name\":\"beebebeb\",\"avatar\":\"skier\",\"rating\":1163,\"seed\":\"sodium,e21e943d1850b9716d6ddfebaa42cf1a\"}\n>p1 move curse\n>p2 switch 2\n>p1 move curse\n>p2 move glare\n>p1 move curse\n>p2 move headbutt\n>p1 move curse\n>p2 move headbutt\n>p1 move curse\n>p2 move headbutt\n>p1 move curse\n>p2 move headbutt\n>p1 move curse\n>p2 move headbutt\n>p1 move bodyslam\n>p2 move headbutt\n>p1 move rest\n>p2 move roost terastallize\n>p1 move curse\n>p2 move roost\n>p1 move sleeptalk\n>p2 move earthquake\n>chat \u2606reda1.22tr|bro i have shadow bal u\n>chat \u2606reda1.22tr|swich\n>p1 move sleeptalk\n>p2 move earthquake\n>p1 move curse\n>p2 move earthquake\n>p1 move curse\n>p2 move glare\n>p1 move curse\n>p2 move glare\n>p1 move curse\n>p2 move glare\n>p1 move rest\n>p2 move glare\n>p1 move curse\n>p2 move glare\n>p1 move curse\n>p2 move glare\n>chat \u2606reda1.22tr|bro you can't hit me\n>chat \u2606reda1.22tr|i am going to reporte you for endless batle \n>p1 move rest\n>p2 move glare\n>p1 move bodyslam\n>p2 move glare\n>p1 move bodyslam\n>p2 move glare\n>p1 move bodyslam\n>p2 move glare\n>p1 move sleeptalk\n>p2 move earthquake\n>p1 move rest\n>p2 move glare\n>p1 move rest\n>p2 move glare\n>p1 move rest\n>p2 move glare\n>p1 move sleeptalk\n>p2 move glare\n>chat \u2606reda1.22tr|you bastard dum nuget horble \n>forcelose p1", "uploadtime": 1781395682, "views": 3, "formatid": "gen9randombattle", "rating": null, "private": 0, "password": null, "player_dets": [{"name": "reda1.22tr", "avatar": "lance", "rating": 1137, "seed": "sodium,01c30c771a58f7b63b95092ec58fcc9a"}, {"name": "beebebeb", "avatar": "skier", "rating": 1163, "seed": "sodium,e21e943d1850b9716d6ddfebaa42cf1a"}], "teams_full": [{"Oinkologne": {"name": "Oinkologne", "species": "Oinkologne-F", "speciesId": "oinkolognef", "gender": "F", "shiny": false, "level": 92, "moves": ["curse", "rest", "sleeptalk", "bodyslam"], "ability": "Thick Fat", "evs": {"hp": 85, "atk": 85, "def": 85, "spa": 85, "spd": 85, "spe": 85}, "ivs": {"hp": 31, "atk": 31, "def": 31, "spa": 31, "spd": 31, "spe": 31}, "item": "Leftovers", "teraType": "Poison", "role": "Bulky Support", "bvs": {"hp": 115, "atk": 90, "def": 70, "spa": 59, "spd": 90, "spe": 65}, "stats": {"hp": 361, "atk": 218, "def": 181, "spa": 161, "spd": 218, "spe": 172}}, "Lapras": {"name": "Lapras", "species": "Lapras", "speciesId": "lapras", "gender": "M", "shiny": false, "level": 87, "moves": ["icebeam", "sparklingaria", "hydropump", "freezedry"], "ability": "Water Absorb", "evs": {"hp": 81, "atk": 0, "def": 85, "spa": 85, "spd": 85, "spe": 85}, "ivs": {"hp": 31, "atk": 0, "def": 31, "spa": 31, "spd": 31, "spe": 31}, "item": "Choice Specs", "teraType": "Ice", "role": "Wallbreaker", "bvs": {"hp": 130, "atk": 85, "def": 80, "spa": 85, "spd": 95, "spe": 60}, "stats": {"hp": 367, "atk": 152, "def": 189, "spa": 198, "spd": 215, "spe": 154}}, "Noivern": {"name": "Noivern", "species": "Noivern", "speciesId": "noivern", "gender": "M", "shiny": false, "level": 82, "moves": ["dracometeor", "uturn", "hurricane", "boomburst"], "ability": "Infiltrator", "evs": {"hp": 85, "atk": 85, "def": 85, "spa": 85, "spd": 85, "spe": 85}, "ivs": {"hp": 31, "atk": 31, "def": 31, "spa": 31, "spd": 31, "spe": 31}, "item": "Choice Specs", "teraType": "Normal", "role": "Fast Attacker", "bvs": {"hp": 85, "atk": 70, "def": 80, "spa": 97, "spd": 80, "spe": 123}, "stats": {"hp": 274, "atk": 162, "def": 178, "spa": 206, "spd": 178, "spe": 249}}, "Dugtrio": {"name": "Dugtrio", "species": "Dugtrio-Alola", "speciesId": "dugtrioalola", "gender": "M", "shiny": false, "level": 84, "moves": ["stoneedge", "swordsdance", "ironhead", "earthquake"], "ability": "Tangling Hair", "evs": {"hp": 85, "atk": 85, "def": 85, "spa": 85, "spd": 85, "spe": 85}, "ivs": {"hp": 31, "atk": 31, "def": 31, "spa": 31, "spd": 31, "spe": 31}, "item": "Life Orb", "teraType": "Ground", "role": "Fast Attacker", "bvs": {"hp": 35, "atk": 100, "def": 60, "spa": 50, "spd": 70, "spe": 110}, "stats": {"hp": 196, "atk": 216, "def": 149, "spa": 132, "spd": 166, "spe": 233}}, "Gardevoir": {"name": "Gardevoir", "species": "Gardevoir", "speciesId": "gardevoir", "gender": "F", "shiny": false, "level": 83, "moves": ["moonblast", "healingwish", "psyshock", "mysticalfire"], "ability": "Trace", "evs": {"hp": 85, "atk": 0, "def": 85, "spa": 85, "spd": 85, "spe": 85}, "ivs": {"hp": 31, "atk": 0, "def": 31, "spa": 31, "spd": 31, "spe": 31}, "item": "Choice Scarf", "teraType": "Fairy", "role": "Fast Attacker", "bvs": {"hp": 68, "atk": 65, "def": 65, "spa": 125, "spd": 115, "spe": 80}, "stats": {"hp": 249, "atk": 112, "def": 156, "spa": 255, "spd": 239, "spe": 180}}, "Hatterene": {"name": "Hatterene", "species": "Hatterene", "speciesId": "hatterene", "gender": "F", "shiny": false, "level": 85, "moves": ["calmmind", "mysticalfire", "psyshock", "drainingkiss"], "ability": "Magic Bounce", "evs": {"hp": 85, "atk": 0, "def": 85, "spa": 85, "spd": 85, "spe": 85}, "ivs": {"hp": 31, "atk": 0, "def": 31, "spa": 31, "spd": 31, "spe": 31}, "item": "Leftovers", "teraType": "Steel", "role": "Bulky Setup", "bvs": {"hp": 57, "atk": 90, "def": 95, "spa": 136, "spd": 103, "spe": 29}, "stats": {"hp": 236, "atk": 158, "def": 210, "spa": 280, "spd": 224, "spe": 98}}}, {"Hatterene": {"name": "Hatterene", "species": "Hatterene", "speciesId": "hatterene", "gender": "F", "shiny": false, "level": 85, "moves": ["mysticalfire", "calmmind", "psychic", "drainingkiss"], "ability": "Magic Bounce", "evs": {"hp": 85, "atk": 0, "def": 85, "spa": 85, "spd": 85, "spe": 85}, "ivs": {"hp": 31, "atk": 0, "def": 31, "spa": 31, "spd": 31, "spe": 31}, "item": "Leftovers", "teraType": "Fairy", "role": "Bulky Setup", "bvs": {"hp": 57, "atk": 90, "def": 95, "spa": 136, "spd": 103, "spe": 29}, "stats": {"hp": 236, "atk": 158, "def": 210, "spa": 280, "spd": 224, "spe": 98}}, "Dudunsparce": {"name": "Dudunsparce", "species": "Dudunsparce-Three-Segment", "speciesId": "dudunsparce", "gender": "M", "shiny": false, "level": 83, "moves": ["glare", "headbutt", "earthquake", "roost"], "ability": "Serene Grace", "evs": {"hp": 85, "atk": 85, "def": 85, "spa": 85, "spd": 85, "spe": 85}, "ivs": {"hp": 31, "atk": 31, "def": 31, "spa": 31, "spd": 31, "spe": 31}, "item": "Leftovers", "teraType": "Ghost", "role": "Bulky Support", "bvs": {"hp": 125, "atk": 100, "def": 80, "spa": 85, "spd": 75, "spe": 55}, "stats": {"hp": 343, "atk": 214, "def": 180, "spa": 189, "spd": 172, "spe": 139}}, "Tauros": {"name": "Tauros", "species": "Tauros", "speciesId": "tauros", "gender": "M", "shiny": false, "level": 82, "moves": ["throatchop", "closecombat", "zenheadbutt", "bodyslam"], "ability": "Sheer Force", "evs": {"hp": 85, "atk": 85, "def": 85, "spa": 85, "spd": 85, "spe": 85}, "ivs": {"hp": 31, "atk": 31, "def": 31, "spa": 31, "spd": 31, "spe": 31}, "item": "Life Orb", "teraType": "Fighting", "role": "Wallbreaker", "bvs": {"hp": 75, "atk": 100, "def": 95, "spa": 40, "spd": 70, "spe": 110}, "stats": {"hp": 257, "atk": 211, "def": 203, "spa": 113, "spd": 162, "spe": 228}}, "Ariados": {"name": "Ariados", "species": "Ariados", "speciesId": "ariados", "gender": "F", "shiny": false, "level": 95, "moves": ["megahorn", "toxicspikes", "stickyweb", "poisonjab"], "ability": "Swarm", "evs": {"hp": 85, "atk": 85, "def": 85, "spa": 85, "spd": 85, "spe": 85}, "ivs": {"hp": 31, "atk": 31, "def": 31, "spa": 31, "spd": 31, "spe": 31}, "item": "Heavy-Duty Boots", "teraType": "Ghost", "role": "Fast Support", "bvs": {"hp": 70, "atk": 90, "def": 70, "spa": 60, "spd": 70, "spe": 40}, "stats": {"hp": 287, "atk": 225, "def": 187, "spa": 168, "spd": 187, "spe": 130}}, "Dragonite": {"name": "Dragonite", "species": "Dragonite", "speciesId": "dragonite", "gender": "M", "shiny": false, "level": 74, "moves": ["dragondance", "outrage", "earthquake", "roost"], "ability": "Multiscale", "evs": {"hp": 85, "atk": 85, "def": 85, "spa": 85, "spd": 85, "spe": 85}, "ivs": {"hp": 31, "atk": 31, "def": 31, "spa": 31, "spd": 31, "spe": 31}, "item": "Heavy-Duty Boots", "teraType": "Steel", "role": "Bulky Setup", "bvs": {"hp": 91, "atk": 134, "def": 95, "spa": 100, "spd": 100, "spe": 80}, "stats": {"hp": 257, "atk": 241, "def": 184, "spa": 191, "spd": 191, "spe": 161}}, "Piloswine": {"name": "Piloswine", "species": "Piloswine", "speciesId": "piloswine", "gender": "F", "shiny": false, "level": 85, "moves": ["iciclecrash", "earthquake", "iceshard", "stealthrock"], "ability": "Thick Fat", "evs": {"hp": 85, "atk": 85, "def": 85, "spa": 85, "spd": 85, "spe": 85}, "ivs": {"hp": 31, "atk": 31, "def": 31, "spa": 31, "spd": 31, "spe": 31}, "item": "Eviolite", "teraType": "Poison", "role": "Bulky Support", "bvs": {"hp": 100, "atk": 100, "def": 80, "spa": 60, "spd": 60, "spe": 50}, "stats": {"hp": 309, "atk": 219, "def": 185, "spa": 151, "spd": 151, "spe": 134}}}]}