{"id": "gen9randombattle-2631511180", "format": "[Gen 9] Random Battle", "players": ["kailerv", "manitodemano"], "log": "|j|\u2606kailerv\n|j|\u2606manitodemano\n|t:|1781394516\n|gametype|singles\n|player|p1|kailerv|hilbert-wonderlauncher|1123\n|player|p2|manitodemano|266|1110\n|gen|9\n|tier|[Gen 9] Random Battle\n|rated|\n|rule|Species Clause: Limit one of each Pok\u00e9mon\n|rule|HP Percentage Mod: HP is shown in percentages\n|rule|Sleep Clause Mod: Limit one foe put to sleep\n|rule|Illusion Level Mod: Illusion disguises the Pok\u00e9mon's true level\n|\n|t:|1781394516\n|teamsize|p1|6\n|teamsize|p2|6\n|start\n|switch|p1a: Leafeon|Leafeon, L88, M|258/258\n|switch|p2a: Dodrio|Dodrio, L85, F|241/241\n|turn|1\n|\n|t:|1781394532\n|switch|p1a: Orthworm|Orthworm, L88, F|266/266\n|move|p2a: Dodrio|Swords Dance|p2a: Dodrio\n|-boost|p2a: Dodrio|atk|2\n|\n|upkeep\n|turn|2\n|\n|t:|1781394554\n|move|p2a: Dodrio|Drill Run|p1a: Orthworm\n|-immune|p1a: Orthworm|[from] ability: Earth Eater\n|move|p1a: Orthworm|Coil|p1a: Orthworm\n|-boost|p1a: Orthworm|atk|1\n|-boost|p1a: Orthworm|def|1\n|-boost|p1a: Orthworm|accuracy|1\n|\n|upkeep\n|turn|3\n|\n|t:|1781394618\n|move|p2a: Dodrio|Swords Dance|p2a: Dodrio\n|-boost|p2a: Dodrio|atk|2\n|move|p1a: Orthworm|Iron Tail|p2a: Dodrio\n|-damage|p2a: Dodrio|66/241\n|-unboost|p2a: Dodrio|def|1\n|\n|upkeep\n|turn|4\n|\n|t:|1781394638\n|move|p2a: Dodrio|Double-Edge|p1a: Orthworm\n|-resisted|p1a: Orthworm\n|-damage|p1a: Orthworm|181/266\n|-damage|p2a: Dodrio|38/241|[from] Recoil\n|move|p1a: Orthworm|Iron Tail|p2a: Dodrio\n|-damage|p2a: Dodrio|0 fnt\n|faint|p2a: Dodrio\n|\n|upkeep\n|\n|t:|1781394658\n|switch|p2a: Houndstone|Houndstone, L86, F|264/264\n|turn|5\n|\n|t:|1781394665\n|-terastallize|p2a: Houndstone|Fighting\n|move|p2a: Houndstone|Body Press|p1a: Orthworm\n|-supereffective|p1a: Orthworm\n|-damage|p1a: Orthworm|101/266\n|move|p1a: Orthworm|Coil|p1a: Orthworm\n|-boost|p1a: Orthworm|atk|1\n|-boost|p1a: Orthworm|def|1\n|-boost|p1a: Orthworm|accuracy|1\n|\n|upkeep\n|turn|6\n|\n|t:|1781394677\n|move|p2a: Houndstone|Body Press|p1a: Orthworm\n|-supereffective|p1a: Orthworm\n|-damage|p1a: Orthworm|39/266\n|move|p1a: Orthworm|Iron Tail|p2a: Houndstone\n|-crit|p2a: Houndstone\n|-damage|p2a: Houndstone|117/264\n|\n|-heal|p2a: Houndstone|133/264|[from] item: Leftovers\n|upkeep\n|turn|7\n|\n|t:|1781394687\n|move|p2a: Houndstone|Body Press|p1a: Orthworm\n|-supereffective|p1a: Orthworm\n|-damage|p1a: Orthworm|0 fnt\n|faint|p1a: Orthworm\n|\n|-heal|p2a: Houndstone|149/264|[from] item: Leftovers\n|upkeep\n|\n|t:|1781394695\n|switch|p1a: Chesnaught|Chesnaught, L84, F|285/285\n|turn|8\n|\n|t:|1781394705\n|move|p2a: Houndstone|Rest|p2a: Houndstone\n|-status|p2a: Houndstone|slp|[from] move: Rest\n|-heal|p2a: Houndstone|264/264 slp|[silent]\n|move|p1a: Chesnaught|Synthesis|p1a: Chesnaught\n|-fail|p1a: Chesnaught|heal\n|\n|upkeep\n|turn|9\n|\n|t:|1781394714\n|cant|p2a: Houndstone|slp\n|move|p2a: Houndstone|Sleep Talk|p2a: Houndstone\n|move|p2a: Houndstone|Body Press|p1a: Chesnaught|[from] move: Sleep Talk\n|-crit|p1a: Chesnaught\n|-damage|p1a: Chesnaught|183/285\n|move|p1a: Chesnaught|Iron Defense|p1a: Chesnaught\n|-boost|p1a: Chesnaught|def|2\n|\n|-heal|p1a: Chesnaught|200/285|[from] item: Leftovers\n|upkeep\n|turn|10\n|\n|t:|1781394730\n|cant|p2a: Houndstone|slp\n|move|p2a: Houndstone|Sleep Talk|p2a: Houndstone\n|move|p2a: Houndstone|Rest||[from] move: Sleep Talk|[still]\n|-fail|p2a: Houndstone\n|move|p1a: Chesnaught|Iron Defense|p1a: Chesnaught\n|-boost|p1a: Chesnaught|def|2\n|\n|-heal|p1a: Chesnaught|217/285|[from] item: Leftovers\n|upkeep\n|turn|11\n|\n|t:|1781394742\n|-curestatus|p2a: Houndstone|slp|[msg]\n|move|p2a: Houndstone|Sleep Talk||[still]\n|-fail|p2a: Houndstone\n|move|p1a: Chesnaught|Iron Defense|p1a: Chesnaught\n|-boost|p1a: Chesnaught|def|2\n|\n|-heal|p1a: Chesnaught|234/285|[from] item: Leftovers\n|upkeep\n|turn|12\n|\n|t:|1781394757\n|move|p2a: Houndstone|Poltergeist|p1a: Chesnaught|[miss]\n|-miss|p2a: Houndstone|p1a: Chesnaught\n|move|p1a: Chesnaught|Trailblaze|p2a: Houndstone\n|-damage|p2a: Houndstone|237/264\n|-boost|p1a: Chesnaught|spe|1\n|\n|-heal|p1a: Chesnaught|251/285|[from] item: Leftovers\n|-heal|p2a: Houndstone|253/264|[from] item: Leftovers\n|upkeep\n|turn|13\n|\n|t:|1781394769\n|move|p1a: Chesnaught|Body Press|p2a: Houndstone\n|-damage|p2a: Houndstone|83/264\n|move|p2a: Houndstone|Poltergeist|p1a: Chesnaught\n|-activate|p1a: Chesnaught|move: Poltergeist|Leftovers\n|-damage|p1a: Chesnaught|226/285\n|\n|-heal|p1a: Chesnaught|243/285|[from] item: Leftovers\n|-heal|p2a: Houndstone|99/264|[from] item: Leftovers\n|upkeep\n|turn|14\n|\n|t:|1781394780\n|move|p1a: Chesnaught|Body Press|p2a: Houndstone\n|-damage|p2a: Houndstone|0 fnt\n|faint|p2a: Houndstone\n|\n|-heal|p1a: Chesnaught|260/285|[from] item: Leftovers\n|upkeep\n|\n|t:|1781394800\n|switch|p2a: Snorlax|Snorlax, L82, F|397/397\n|turn|15\n|\n|t:|1781394808\n|move|p1a: Chesnaught|Body Press|p2a: Snorlax\n|-supereffective|p2a: Snorlax\n|-damage|p2a: Snorlax|0 fnt\n|faint|p2a: Snorlax\n|\n|-heal|p1a: Chesnaught|277/285|[from] item: Leftovers\n|upkeep\n|\n|t:|1781394816\n|switch|p2a: Golurk|Golurk, L87|297/297\n|turn|16\n|\n|t:|1781394832\n|move|p1a: Chesnaught|Trailblaze|p2a: Golurk\n|-supereffective|p2a: Golurk\n|-damage|p2a: Golurk|187/297\n|-boost|p1a: Chesnaught|spe|1\n|move|p2a: Golurk|Earthquake|p1a: Chesnaught\n|-resisted|p1a: Chesnaught\n|-crit|p1a: Chesnaught\n|-damage|p1a: Chesnaught|183/285\n|-damage|p2a: Golurk|158/297|[from] item: Life Orb\n|\n|-heal|p1a: Chesnaught|200/285|[from] item: Leftovers\n|upkeep\n|turn|17\n|\n|t:|1781394846\n|move|p1a: Chesnaught|Iron Defense|p1a: Chesnaught\n|-boost|p1a: Chesnaught|def|0\n|move|p2a: Golurk|Earthquake|p1a: Chesnaught\n|-resisted|p1a: Chesnaught\n|-damage|p1a: Chesnaught|184/285\n|-damage|p2a: Golurk|129/297|[from] item: Life Orb\n|\n|-heal|p1a: Chesnaught|201/285|[from] item: Leftovers\n|upkeep\n|turn|18\n|\n|t:|1781394864\n|move|p1a: Chesnaught|Trailblaze|p2a: Golurk\n|-supereffective|p2a: Golurk\n|-damage|p2a: Golurk|19/297\n|-boost|p1a: Chesnaught|spe|1\n|move|p2a: Golurk|Stealth Rock|p1a: Chesnaught\n|-sidestart|p1: kailerv|move: Stealth Rock\n|\n|-heal|p1a: Chesnaught|218/285|[from] item: Leftovers\n|upkeep\n|turn|19\n|\n|t:|1781394875\n|move|p1a: Chesnaught|Synthesis|p1a: Chesnaught\n|-heal|p1a: Chesnaught|285/285\n|move|p2a: Golurk|Earthquake|p1a: Chesnaught\n|-resisted|p1a: Chesnaught\n|-damage|p1a: Chesnaught|269/285\n|-damage|p2a: Golurk|0 fnt|[from] item: Life Orb\n|faint|p2a: Golurk\n|\n|-heal|p1a: Chesnaught|285/285|[from] item: Leftovers\n|upkeep\n|\n|t:|1781394888\n|switch|p2a: Keldeo|Keldeo-Resolute, L79|273/273\n|turn|20\n|\n|t:|1781394896\n|move|p1a: Chesnaught|Body Press|p2a: Keldeo\n|-damage|p2a: Keldeo|0 fnt\n|faint|p2a: Keldeo\n|\n|upkeep\n|\n|t:|1781394902\n|switch|p2a: Drednaw|Drednaw, L81, M|278/278\n|turn|21\n|\n|t:|1781394911\n|move|p1a: Chesnaught|Trailblaze|p2a: Drednaw\n|-supereffective|p2a: Drednaw\n|-damage|p2a: Drednaw|62/278\n|-boost|p1a: Chesnaught|spe|1\n|move|p2a: Drednaw|Earthquake|p1a: Chesnaught\n|-resisted|p1a: Chesnaught\n|-damage|p1a: Chesnaught|277/285\n|\n|-heal|p1a: Chesnaught|285/285|[from] item: Leftovers\n|upkeep\n|turn|22\n|\n|t:|1781394925\n|move|p1a: Chesnaught|Trailblaze|p2a: Drednaw\n|-supereffective|p2a: Drednaw\n|-damage|p2a: Drednaw|0 fnt\n|-boost|p1a: Chesnaught|spe|1\n|faint|p2a: Drednaw\n|\n|win|kailerv\n|raw|kailerv's rating: 1123 &rarr; <strong>1147</strong><br />(+24 for winning)\n|raw|manitodemano's rating: 1110 &rarr; <strong>1086</strong><br />(-24 for losing)\n|l|\u2606manitodemano\n|player|p2|\n", "inputlog": ">version a8376a258c1d4662feba110a92103f3664a72141\n>start {\"formatid\":\"gen9randombattle\",\"seed\":\"sodium,910e96036a85c06605d4f9c2cf7159d3\",\"rated\":\"Rated battle\"}\n>player p1 {\"name\":\"kailerv\",\"avatar\":\"hilbert-wonderlauncher\",\"rating\":1123,\"seed\":\"sodium,1aa92dbc842c000a0687aba85b236fb2\"}\n>player p2 {\"name\":\"manitodemano\",\"avatar\":\"266\",\"rating\":1110,\"seed\":\"sodium,34a869d5920e3d99d943a2ce32bd324e\"}\n>p1 switch 2\n>p2 move swordsdance\n>p1 move coil\n>p2 move drillrun\n>p1 move irontail\n>p2 move swordsdance\n>p1 move irontail\n>p2 move doubleedge\n>p2 switch 4\n>p1 move coil\n>p2 move bodypress terastallize\n>p1 move irontail\n>p2 move bodypress\n>p1 move rest\n>p2 move bodypress\n>p1 switch 6\n>p1 move synthesis\n>p2 move rest\n>p1 move irondefense\n>p2 move sleeptalk\n>p1 move irondefense\n>p2 move sleeptalk\n>p1 move irondefense\n>p2 move sleeptalk\n>p1 move trailblaze\n>p2 move poltergeist\n>p1 move bodypress\n>p2 move poltergeist\n>p1 move bodypress\n>p2 move rest\n>p2 switch 2\n>p1 move bodypress\n>p2 move curse\n>p2 switch 3\n>p1 move trailblaze\n>p2 move earthquake\n>p1 move irondefense\n>p2 move earthquake\n>p1 move trailblaze\n>p2 move stealthrock\n>p1 move synthesis\n>p2 move earthquake\n>p2 switch 5\n>p1 move bodypress\n>p2 move calmmind\n>p2 switch 6\n>p1 move trailblaze\n>p2 move earthquake\n>p1 move trailblaze\n>p2 move liquidation", "uploadtime": 1781394939, "views": 19, "formatid": "gen9randombattle", "rating": 1086, "private": 0, "password": null, "player_dets": [{"name": "kailerv", "avatar": "hilbert-wonderlauncher", "rating": 1123, "seed": "sodium,1aa92dbc842c000a0687aba85b236fb2"}, {"name": "manitodemano", "avatar": "266", "rating": 1110, "seed": "sodium,34a869d5920e3d99d943a2ce32bd324e"}], "teams_full": [{"Leafeon": {"name": "Leafeon", "species": "Leafeon", "speciesId": "leafeon", "gender": "M", "shiny": false, "level": 88, "moves": ["swordsdance", "leafblade", "knockoff", "doubleedge"], "ability": "Chlorophyll", "evs": {"hp": 85, "atk": 85, "def": 85, "spa": 85, "spd": 85, "spe": 85}, "ivs": {"hp": 31, "atk": 31, "def": 31, "spa": 31, "spd": 31, "spe": 31}, "item": "Life Orb", "teraType": "Dark", "role": "Setup Sweeper", "bvs": {"hp": 65, "atk": 110, "def": 130, "spa": 60, "spd": 65, "spe": 95}, "stats": {"hp": 258, "atk": 244, "def": 279, "spa": 156, "spd": 165, "spe": 217}, "types": ["Grass"]}, "Orthworm": {"name": "Orthworm", "species": "Orthworm", "speciesId": "orthworm", "gender": "F", "shiny": false, "level": 88, "moves": ["irontail", "coil", "rest", "bodypress"], "ability": "Earth Eater", "evs": {"hp": 85, "atk": 85, "def": 85, "spa": 85, "spd": 85, "spe": 85}, "ivs": {"hp": 31, "atk": 31, "def": 31, "spa": 31, "spd": 31, "spe": 31}, "item": "Chesto Berry", "teraType": "Electric", "role": "Bulky Setup", "bvs": {"hp": 70, "atk": 85, "def": 145, "spa": 60, "spd": 55, "spe": 65}, "stats": {"hp": 266, "atk": 200, "def": 305, "spa": 156, "spd": 147, "spe": 165}, "types": ["Steel"]}, "Grimmsnarl": {"name": "Grimmsnarl", "species": "Grimmsnarl", "speciesId": "grimmsnarl", "gender": "M", "shiny": false, "level": 83, "moves": ["reflect", "spiritbreak", "partingshot", "lightscreen"], "ability": "Prankster", "evs": {"hp": 85, "atk": 85, "def": 85, "spa": 85, "spd": 85, "spe": 85}, "ivs": {"hp": 31, "atk": 31, "def": 31, "spa": 31, "spd": 31, "spe": 31}, "item": "Light Clay", "teraType": "Steel", "role": "Bulky Support", "bvs": {"hp": 95, "atk": 120, "def": 65, "spa": 95, "spd": 75, "spe": 60}, "stats": {"hp": 293, "atk": 247, "def": 156, "spa": 205, "spd": 172, "spe": 147}, "types": ["Dark", "Fairy"]}, "Reshiram": {"name": "Reshiram", "species": "Reshiram", "speciesId": "reshiram", "gender": "N", "shiny": false, "level": 76, "moves": ["stoneedge", "dragondance", "flareblitz", "outrage"], "ability": "Turboblaze", "evs": {"hp": 85, "atk": 85, "def": 85, "spa": 85, "spd": 85, "spe": 85}, "ivs": {"hp": 31, "atk": 31, "def": 31, "spa": 31, "spd": 31, "spe": 31}, "item": "Heavy-Duty Boots", "teraType": "Dragon", "role": "Setup Sweeper", "bvs": {"hp": 100, "atk": 120, "def": 100, "spa": 150, "spd": 120, "spe": 90}, "stats": {"hp": 277, "atk": 226, "def": 196, "spa": 272, "spd": 226, "spe": 181}, "types": ["Dragon", "Fire"]}, "Kommo-o": {"name": "Kommo-o", "species": "Kommo-o", "speciesId": "kommoo", "gender": "M", "shiny": false, "level": 78, "moves": ["ironhead", "swordsdance", "closecombat", "scaleshot"], "ability": "Soundproof", "evs": {"hp": 85, "atk": 85, "def": 85, "spa": 85, "spd": 85, "spe": 85}, "ivs": {"hp": 31, "atk": 31, "def": 31, "spa": 31, "spd": 31, "spe": 31}, "item": "Loaded Dice", "teraType": "Steel", "role": "Setup Sweeper", "bvs": {"hp": 75, "atk": 110, "def": 125, "spa": 100, "spd": 105, "spe": 85}, "stats": {"hp": 245, "atk": 217, "def": 240, "spa": 201, "spd": 209, "spe": 178}, "types": ["Dragon", "Fighting"]}, "Chesnaught": {"name": "Chesnaught", "species": "Chesnaught", "speciesId": "chesnaught", "gender": "F", "shiny": false, "level": 84, "moves": ["synthesis", "bodypress", "irondefense", "trailblaze"], "ability": "Bulletproof", "evs": {"hp": 85, "atk": 85, "def": 85, "spa": 85, "spd": 85, "spe": 85}, "ivs": {"hp": 31, "atk": 31, "def": 31, "spa": 31, "spd": 31, "spe": 31}, "item": "Leftovers", "teraType": "Steel", "role": "Fast Bulky Setup", "bvs": {"hp": 88, "atk": 107, "def": 122, "spa": 74, "spd": 75, "spe": 64}, "stats": {"hp": 285, "atk": 228, "def": 253, "spa": 173, "spd": 174, "spe": 156}, "types": ["Grass", "Fighting"]}}, {"Dodrio": {"name": "Dodrio", "species": "Dodrio", "speciesId": "dodrio", "gender": "F", "shiny": false, "level": 85, "moves": ["drillrun", "doubleedge", "bravebird", "swordsdance"], "ability": "Early Bird", "evs": {"hp": 85, "atk": 85, "def": 85, "spa": 85, "spd": 85, "spe": 85}, "ivs": {"hp": 31, "atk": 31, "def": 31, "spa": 31, "spd": 31, "spe": 31}, "item": "Heavy-Duty Boots", "teraType": "Ground", "role": "Setup Sweeper", "bvs": {"hp": 60, "atk": 110, "def": 70, "spa": 60, "spd": 60, "spe": 110}, "stats": {"hp": 241, "atk": 236, "def": 168, "spa": 151, "spd": 151, "spe": 236}, "types": ["Normal", "Flying"]}, "Snorlax": {"name": "Snorlax", "species": "Snorlax", "speciesId": "snorlax", "gender": "F", "shiny": false, "level": 82, "moves": ["rest", "earthquake", "curse", "bodyslam"], "ability": "Thick Fat", "evs": {"hp": 85, "atk": 85, "def": 85, "spa": 85, "spd": 85, "spe": 85}, "ivs": {"hp": 31, "atk": 31, "def": 31, "spa": 31, "spd": 31, "spe": 31}, "item": "Chesto Berry", "teraType": "Poison", "role": "Bulky Setup", "bvs": {"hp": 160, "atk": 110, "def": 65, "spa": 65, "spd": 110, "spe": 30}, "stats": {"hp": 397, "atk": 228, "def": 154, "spa": 154, "spd": 228, "spe": 96}, "types": ["Normal"]}, "Golurk": {"name": "Golurk", "species": "Golurk", "speciesId": "golurk", "gender": "N", "shiny": false, "level": 87, "moves": ["poltergeist", "stoneedge", "stealthrock", "earthquake"], "ability": "No Guard", "evs": {"hp": 85, "atk": 85, "def": 85, "spa": 85, "spd": 85, "spe": 85}, "ivs": {"hp": 31, "atk": 31, "def": 31, "spa": 31, "spd": 31, "spe": 31}, "item": "Life Orb", "teraType": "Ghost", "role": "Wallbreaker", "bvs": {"hp": 89, "atk": 124, "def": 80, "spa": 55, "spd": 80, "spe": 55}, "stats": {"hp": 297, "atk": 266, "def": 189, "spa": 145, "spd": 189, "spe": 145}, "types": ["Ground", "Ghost"]}, "Houndstone": {"name": "Houndstone", "species": "Houndstone", "speciesId": "houndstone", "gender": "F", "shiny": false, "level": 86, "moves": ["poltergeist", "sleeptalk", "rest", "bodypress"], "ability": "Fluffy", "evs": {"hp": 85, "atk": 85, "def": 85, "spa": 85, "spd": 85, "spe": 85}, "ivs": {"hp": 31, "atk": 31, "def": 31, "spa": 31, "spd": 31, "spe": 31}, "item": "Leftovers", "teraType": "Fighting", "role": "Bulky Support", "bvs": {"hp": 72, "atk": 101, "def": 100, "spa": 50, "spd": 97, "spe": 68}, "stats": {"hp": 264, "atk": 223, "def": 221, "spa": 135, "spd": 216, "spe": 166}, "types": ["Ghost"]}, "Keldeo": {"name": "Keldeo", "species": "Keldeo-Resolute", "speciesId": "keldeoresolute", "gender": "N", "shiny": false, "level": 79, "moves": ["substitute", "hydropump", "calmmind", "secretsword"], "ability": "Justified", "evs": {"hp": 85, "atk": 0, "def": 85, "spa": 85, "spd": 85, "spe": 85}, "ivs": {"hp": 31, "atk": 0, "def": 31, "spa": 31, "spd": 31, "spe": 31}, "item": "Leftovers", "teraType": "Steel", "role": "Bulky Setup", "bvs": {"hp": 91, "atk": 72, "def": 90, "spa": 129, "spd": 90, "spe": 108}, "stats": {"hp": 273, "atk": 118, "def": 188, "spa": 249, "spd": 188, "spe": 216}, "types": ["Water", "Fighting"]}, "Drednaw": {"name": "Drednaw", "species": "Drednaw", "speciesId": "drednaw", "gender": "M", "shiny": false, "level": 81, "moves": ["earthquake", "stoneedge", "shellsmash", "liquidation"], "ability": "Shell Armor", "evs": {"hp": 85, "atk": 85, "def": 85, "spa": 85, "spd": 85, "spe": 85}, "ivs": {"hp": 31, "atk": 31, "def": 31, "spa": 31, "spd": 31, "spe": 31}, "item": "White Herb", "teraType": "Water", "role": "Fast Bulky Setup", "bvs": {"hp": 90, "atk": 115, "def": 90, "spa": 48, "spd": 68, "spe": 74}, "stats": {"hp": 278, "atk": 233, "def": 192, "spa": 124, "spd": 157, "spe": 167}, "types": ["Water", "Rock"]}}]}