{"id": "gen9randombattle-2631481505", "format": "[Gen 9] Random Battle", "players": ["OmegaX0168", "Ban Hero"], "log": "|j|\u2606OmegaX0168\n|j|\u2606Ban Hero\n|t:|1781390408\n|gametype|singles\n|player|p1|OmegaX0168|steven|2201\n|player|p2|Ban Hero|101|2195\n|gen|9\n|tier|[Gen 9] Random Battle\n|rated|\n|rule|Species Clause: Limit one of each Pok\u00e9mon\n|rule|HP Percentage Mod: HP is shown in percentages\n|rule|Sleep Clause Mod: Limit one foe put to sleep\n|rule|Illusion Level Mod: Illusion disguises the Pok\u00e9mon's true level\n|\n|t:|1781390408\n|teamsize|p1|6\n|teamsize|p2|6\n|start\n|switch|p1a: Cyclizar|Cyclizar, L83, F|252/252\n|switch|p2a: Granbull|Granbull, L88, M|302/302\n|-ability|p2a: Granbull|Intimidate|boost\n|-unboost|p1a: Cyclizar|atk|1\n|turn|1\n|\n|t:|1781390415\n|move|p1a: Cyclizar|Shed Tail|p1a: Cyclizar\n|-start|p1a: Cyclizar|Substitute|[from] move: Shed Tail\n|-damage|p1a: Cyclizar|126/252\n|\n|t:|1781390417\n|switch|p1a: Perrserker|Perrserker, L89, M|269/269|[from] Shed Tail\n|move|p2a: Granbull|Earthquake|p1a: Perrserker\n|-supereffective|p1a: Perrserker\n|-end|p1a: Perrserker|Substitute\n|\n|upkeep\n|turn|2\n|inactive|Battle timer is ON: inactive players will automatically lose when time's up. (requested by OmegaX0168)\n|\n|t:|1781390428\n|switch|p2a: Wyrdeer|Wyrdeer, L87, F|321/321\n|-ability|p2a: Wyrdeer|Intimidate|boost\n|-unboost|p1a: Perrserker|atk|1\n|move|p1a: Perrserker|Iron Head|p2a: Wyrdeer\n|-damage|p2a: Wyrdeer|191/321\n|-damage|p1a: Perrserker|243/269|[from] item: Life Orb\n|\n|-heal|p2a: Wyrdeer|211/321|[from] item: Leftovers\n|upkeep\n|turn|3\n|\n|t:|1781390436\n|move|p2a: Wyrdeer|Earthquake|p1a: Perrserker\n|-supereffective|p1a: Perrserker\n|-damage|p1a: Perrserker|103/269\n|move|p1a: Perrserker|Stealth Rock|p2a: Wyrdeer\n|-sidestart|p2: Ban Hero|move: Stealth Rock\n|\n|-heal|p2a: Wyrdeer|231/321|[from] item: Leftovers\n|upkeep\n|turn|4\n|\n|t:|1781390445\n|switch|p1a: Flygon|Flygon, L82, M|265/265\n|move|p2a: Wyrdeer|Body Slam|p1a: Flygon\n|-damage|p1a: Flygon|151/265\n|\n|-heal|p2a: Wyrdeer|251/321|[from] item: Leftovers\n|upkeep\n|turn|5\n|\n|t:|1781390456\n|move|p1a: Flygon|U-turn|p2a: Wyrdeer\n|-supereffective|p2a: Wyrdeer\n|-damage|p2a: Wyrdeer|93/321\n|\n|t:|1781390461\n|switch|p1a: Perrserker|Perrserker, L89, M|103/269|[from] U-turn\n|move|p2a: Wyrdeer|Body Slam|p1a: Perrserker\n|-resisted|p1a: Perrserker\n|-damage|p1a: Perrserker|63/269\n|\n|-heal|p2a: Wyrdeer|113/321|[from] item: Leftovers\n|upkeep\n|turn|6\n|j| DikkeBende\n|inactive|OmegaX0168 has 120 seconds left.\n|\n|t:|1781390512\n|move|p2a: Wyrdeer|Earthquake|p1a: Perrserker\n|-supereffective|p1a: Perrserker\n|-damage|p1a: Perrserker|0 fnt\n|faint|p1a: Perrserker\n|\n|-heal|p2a: Wyrdeer|133/321|[from] item: Leftovers\n|upkeep\n|\n|t:|1781390515\n|switch|p1a: Flygon|Flygon, L82, M|151/265\n|turn|7\n|\n|t:|1781390524\n|move|p1a: Flygon|Earthquake|p2a: Wyrdeer\n|-damage|p2a: Wyrdeer|0 fnt\n|faint|p2a: Wyrdeer\n|\n|upkeep\n|\n|t:|1781390538\n|switch|p2a: Decidueye|Decidueye, L88, M|281/281\n|-damage|p2a: Decidueye|246/281|[from] Stealth Rock\n|turn|8\n|\n|t:|1781390544\n|switch|p1a: Cyclizar|Cyclizar, L83, F|210/252\n|move|p2a: Decidueye|Leaf Blade|p1a: Cyclizar\n|-resisted|p1a: Cyclizar\n|-damage|p1a: Cyclizar|113/252\n|-damage|p2a: Decidueye|218/281|[from] item: Life Orb\n|\n|upkeep\n|turn|9\n|\n|t:|1781390553\n|move|p1a: Cyclizar|Draco Meteor|p2a: Decidueye\n|-damage|p2a: Decidueye|104/281\n|-unboost|p1a: Cyclizar|spa|2\n|move|p2a: Decidueye|Leaf Blade|p1a: Cyclizar\n|-resisted|p1a: Cyclizar\n|-damage|p1a: Cyclizar|26/252\n|-damage|p2a: Decidueye|76/281|[from] item: Life Orb\n|\n|upkeep\n|turn|10\n|\n|t:|1781390564\n|switch|p1a: Virizion|Virizion, L82|283/283\n|move|p2a: Decidueye|Leaf Blade|p1a: Virizion\n|-resisted|p1a: Virizion\n|-damage|p1a: Virizion|150/283\n|-damage|p2a: Decidueye|48/281|[from] item: Life Orb\n|\n|upkeep\n|turn|11\n|c|\u2606Ban Hero|lol wut\n|c|\u2606OmegaX0168|Overgrow\n|c|\u2606Ban Hero|Leaf blade did 39%\n|inactive|Ban Hero has 120 seconds left.\n|c|\u2606Ban Hero|Then overgrow kicked in\n|c|\u2606Ban Hero|then it did a whopping\n|c|\u2606Ban Hero|34\n|c|\u2606Ban Hero|L\n|c|\u2606Ban Hero|m\n|c|\u2606Ban Hero|f\n|c|\u2606Ban Hero|a\n|c|\u2606Ban Hero|O\n|\n|t:|1781390617\n|move|p2a: Decidueye|Shadow Sneak|p1a: Virizion\n|-damage|p1a: Virizion|76/283\n|-damage|p2a: Decidueye|20/281|[from] item: Life Orb\n|move|p1a: Virizion|Stone Edge|p2a: Decidueye|[miss]\n|-miss|p1a: Virizion|p2a: Decidueye\n|\n|upkeep\n|turn|12\n|\n|t:|1781390626\n|move|p1a: Virizion|Leaf Blade|p2a: Decidueye\n|-resisted|p2a: Decidueye\n|-damage|p2a: Decidueye|0 fnt\n|faint|p2a: Decidueye\n|-damage|p1a: Virizion|48/283|[from] item: Life Orb\n|\n|upkeep\n|\n|t:|1781390639\n|switch|p2a: Flapple|Flapple, L88, M|266/266\n|-damage|p2a: Flapple|233/266|[from] Stealth Rock\n|turn|13\n|\n|t:|1781390644\n|move|p1a: Virizion|Close Combat|p2a: Flapple\n|-damage|p2a: Flapple|84/266\n|-unboost|p1a: Virizion|def|1\n|-unboost|p1a: Virizion|spd|1\n|-damage|p1a: Virizion|20/283|[from] item: Life Orb\n|move|p2a: Flapple|Dragon Dance|p2a: Flapple\n|-boost|p2a: Flapple|atk|1\n|-boost|p2a: Flapple|spe|1\n|\n|upkeep\n|turn|14\n|\n|t:|1781390649\n|move|p2a: Flapple|Grav Apple|p1a: Virizion\n|-resisted|p1a: Virizion\n|-damage|p1a: Virizion|0 fnt\n|faint|p1a: Virizion\n|\n|upkeep\n|\n|t:|1781390659\n|switch|p1a: Flygon|Flygon, L82, M|151/265\n|turn|15\n|\n|t:|1781390668\n|move|p2a: Flapple|Sucker Punch|p1a: Flygon\n|-damage|p1a: Flygon|15/265\n|move|p1a: Flygon|Outrage|p2a: Flapple\n|-supereffective|p2a: Flapple\n|-damage|p2a: Flapple|0 fnt\n|faint|p2a: Flapple\n|\n|upkeep\n|\n|t:|1781390679\n|switch|p2a: Granbull|Granbull, L88, M|302/302\n|-damage|p2a: Granbull|265/302|[from] Stealth Rock\n|-ability|p2a: Granbull|Intimidate|boost\n|-unboost|p1a: Flygon|atk|1\n|turn|16\n|\n|t:|1781390681\n|move|p1a: Flygon|Outrage|p2a: Granbull|[from] lockedmove\n|-immune|p2a: Granbull\n|move|p2a: Granbull|Play Rough|p1a: Flygon\n|-supereffective|p1a: Flygon\n|-damage|p1a: Flygon|0 fnt\n|faint|p1a: Flygon\n|\n|-heal|p2a: Granbull|283/302|[from] item: Leftovers\n|upkeep\n|c|\u2606OmegaX0168|i was band btw\n|\n|t:|1781390698\n|switch|p1a: Inteleon|Inteleon, L81, F|246/246\n|turn|17\n|c|\u2606Ban Hero|K\n|inactive|Ban Hero has 120 seconds left.\n|c|\u2606Ban Hero|I stand by the decision, it\u2019s not like I run calcs to figure out based on the uturn\n|c|\u2606Ban Hero|lmfao\n|\n|t:|1781390737\n|move|p1a: Inteleon|Hydro Pump|p2a: Granbull\n|-damage|p2a: Granbull|36/302\n|move|p2a: Granbull|Thunder Wave|p1a: Inteleon\n|-status|p1a: Inteleon|par\n|\n|-heal|p2a: Granbull|54/302|[from] item: Leftovers\n|upkeep\n|turn|18\n|inactive|Ban Hero has 120 seconds left.\n|c|\u2606OmegaX0168|nah you made the right decision\n|c|\u2606OmegaX0168|i would have done the same no matther what\n|inactive|OmegaX0168 has 120 seconds left.\n|inactive|Ban Hero has 90 seconds left.\n|c|\u2606Ban Hero|I also stand by, that leaf blade was bullshit\n|c|\u2606OmegaX0168|yeah\n|\n|t:|1781390787\n|move|p2a: Granbull|Play Rough|p1a: Inteleon\n|-damage|p1a: Inteleon|75/246 par\n|move|p1a: Inteleon|Hydro Pump|p2a: Granbull\n|-damage|p2a: Granbull|0 fnt\n|faint|p2a: Granbull\n|\n|upkeep\n|c|\u2606OmegaX0168|fake overgrow\n|\n|t:|1781390794\n|switch|p2a: Hawlucha|Hawlucha, L80, F|256/256\n|-damage|p2a: Hawlucha|224/256|[from] Stealth Rock\n|turn|19\n|\n|t:|1781390799\n|move|p2a: Hawlucha|Close Combat|p1a: Inteleon\n|-damage|p1a: Inteleon|0 fnt\n|-unboost|p2a: Hawlucha|def|1\n|-unboost|p2a: Hawlucha|spd|1\n|faint|p1a: Inteleon\n|-enditem|p2a: Hawlucha|White Herb\n|-clearnegativeboost|p2a: Hawlucha|[silent]\n|\n|upkeep\n|c|\u2606Ban Hero|Undergrow tbh\n|\n|t:|1781390807\n|switch|p1a: Ursaring|Ursaring, L84, M|288/288\n|turn|20\n|\n|t:|1781390817\n|move|p2a: Hawlucha|Swords Dance|p2a: Hawlucha\n|-boost|p2a: Hawlucha|atk|2\n|move|p1a: Ursaring|Facade|p2a: Hawlucha\n|-damage|p2a: Hawlucha|110/256\n|\n|-status|p1a: Ursaring|tox|[from] item: Toxic Orb\n|upkeep\n|turn|21\n|\n|t:|1781390826\n|-terastallize|p2a: Hawlucha|Flying\n|move|p2a: Hawlucha|Brave Bird|p1a: Ursaring\n|-damage|p1a: Ursaring|0 fnt\n|faint|p1a: Ursaring\n|-damage|p2a: Hawlucha|15/256|[from] Recoil\n|\n|upkeep\n|\n|t:|1781390828\n|switch|p1a: Cyclizar|Cyclizar, L83, F|110/252\n|turn|22\n|c|\u2606OmegaX0168|gg\n|\n|t:|1781390837\n|-terastallize|p1a: Cyclizar|Fairy\n|move|p2a: Hawlucha|Brave Bird|p1a: Cyclizar\n|-damage|p1a: Cyclizar|0 fnt\n|faint|p1a: Cyclizar\n|-damage|p2a: Hawlucha|0 fnt|[from] Recoil\n|faint|p2a: Hawlucha\n|\n|win|Ban Hero\n", "inputlog": ">version a8376a258c1d4662feba110a92103f3664a72141\n>start {\"formatid\":\"gen9randombattle\",\"seed\":\"sodium,7d1906146d1a8c356ace5f547a976972\",\"rated\":\"Rated battle\"}\n>player p1 {\"name\":\"OmegaX0168\",\"avatar\":\"steven\",\"rating\":2201,\"seed\":\"sodium,4b3c443affaf7aaa32f23cc93492038c\"}\n>player p2 {\"name\":\"Ban Hero\",\"avatar\":\"101\",\"rating\":2195,\"seed\":\"sodium,ba846da97564320eb5e5eac2aeafbbbe\"}\n>p1 move shedtail\n>p2 move earthquake\n>p1 switch 5\n>p1 move ironhead\n>p2 switch 6\n>p1 move stealthrock\n>p2 move earthquake\n>p1 switch 6\n>p2 move bodyslam\n>p1 move uturn\n>p2 move bodyslam\n>p1 switch 6\n>p1 move uturn\n>p2 move earthquake\n>p1 switch 6\n>p1 move earthquake\n>p2 move bodyslam\n>p2 switch 5\n>p1 switch 5\n>p2 move leafblade\n>p1 move dracometeor\n>p2 move leafblade\n>p1 switch 4\n>p2 move leafblade\n>chat \u2606Ban Hero|lol wut\n>chat \u2606OmegaX0168|Overgrow\n>chat \u2606Ban Hero|Leaf blade did 39%\n>chat \u2606Ban Hero|Then overgrow kicked in\n>chat \u2606Ban Hero|then it did a whopping\n>chat \u2606Ban Hero|34\n>chat \u2606Ban Hero|L\n>chat \u2606Ban Hero|m\n>chat \u2606Ban Hero|f\n>chat \u2606Ban Hero|a\n>chat \u2606Ban Hero|O\n>p1 move stoneedge\n>p2 move shadowsneak\n>p1 move leafblade\n>p2 move leafblade\n>p2 switch 2\n>p1 move closecombat\n>p2 move dragondance\n>p1 move closecombat\n>p2 move gravapple\n>p1 switch 5\n>p1 move outrage\n>p2 move suckerpunch\n>p2 switch 6\n>p1 move outrage\n>p2 move playrough\n>chat \u2606OmegaX0168|i was band btw\n>p1 switch 3\n>chat \u2606Ban Hero|K\n>chat \u2606Ban Hero|I stand by the decision, it\u2019s not like I run calcs to figure out based on the uturn\n>chat \u2606Ban Hero|lmfao\n>p1 move hydropump\n>p2 move thunderwave\n>chat \u2606OmegaX0168|nah you made the right decision\n>chat \u2606OmegaX0168|i would have done the same no matther what\n>chat \u2606Ban Hero|I also stand by, that leaf blade was bullshit\n>chat \u2606OmegaX0168|yeah\n>p1 move hydropump\n>p2 move playrough\n>chat \u2606OmegaX0168|fake overgrow\n>p2 switch 4\n>p1 move hydropump\n>p2 move closecombat\n>chat \u2606Ban Hero|Undergrow tbh\n>p1 switch 2\n>p1 move facade\n>p2 move swordsdance\n>p1 move facade\n>p2 move bravebird terastallize\n>p1 switch 4\n>chat \u2606OmegaX0168|gg\n>p1 move rapidspin terastallize\n>p2 move bravebird", "uploadtime": 1781390410, "views": 7, "formatid": "gen9randombattle", "rating": null, "private": 0, "password": null, "player_dets": [{"name": "OmegaX0168", "avatar": "steven", "rating": 2201, "seed": "sodium,4b3c443affaf7aaa32f23cc93492038c"}, {"name": "Ban Hero", "avatar": "101", "rating": 2195, "seed": "sodium,ba846da97564320eb5e5eac2aeafbbbe"}], "teams_full": [{"Cyclizar": {"name": "Cyclizar", "species": "Cyclizar", "speciesId": "cyclizar", "gender": "F", "shiny": false, "level": 83, "moves": ["taunt", "rapidspin", "shedtail", "dracometeor"], "ability": "Regenerator", "evs": {"hp": 85, "atk": 85, "def": 85, "spa": 85, "spd": 85, "spe": 85}, "ivs": {"hp": 31, "atk": 31, "def": 31, "spa": 31, "spd": 31, "spe": 31}, "item": "Heavy-Duty Boots", "teraType": "Fairy", "role": "Fast Support", "bvs": {"hp": 70, "atk": 95, "def": 65, "spa": 85, "spd": 65, "spe": 121}, "stats": {"hp": 252, "atk": 205, "def": 156, "spa": 189, "spd": 156, "spe": 249}}, "Ursaring": {"name": "Ursaring", "species": "Ursaring", "speciesId": "ursaring", "gender": "M", "shiny": false, "level": 84, "moves": ["facade", "swordsdance", "crunch", "closecombat"], "ability": "Quick Feet", "evs": {"hp": 85, "atk": 85, "def": 85, "spa": 85, "spd": 85, "spe": 85}, "ivs": {"hp": 31, "atk": 31, "def": 31, "spa": 31, "spd": 31, "spe": 31}, "item": "Toxic Orb", "teraType": "Normal", "role": "Setup Sweeper", "bvs": {"hp": 90, "atk": 130, "def": 75, "spa": 75, "spd": 75, "spe": 55}, "stats": {"hp": 288, "atk": 267, "def": 174, "spa": 174, "spd": 174, "spe": 141}}, "Inteleon": {"name": "Inteleon", "species": "Inteleon", "speciesId": "inteleon", "gender": "F", "shiny": false, "level": 81, "moves": ["scald", "uturn", "icebeam", "hydropump"], "ability": "Torrent", "evs": {"hp": 85, "atk": 85, "def": 85, "spa": 85, "spd": 85, "spe": 85}, "ivs": {"hp": 31, "atk": 31, "def": 31, "spa": 31, "spd": 31, "spe": 31}, "item": "Choice Specs", "teraType": "Water", "role": "Wallbreaker", "bvs": {"hp": 70, "atk": 85, "def": 65, "spa": 125, "spd": 65, "spe": 120}, "stats": {"hp": 246, "atk": 184, "def": 152, "spa": 249, "spd": 152, "spe": 241}}, "Virizion": {"name": "Virizion", "species": "Virizion", "speciesId": "virizion", "gender": "N", "shiny": false, "level": 82, "moves": ["stoneedge", "swordsdance", "closecombat", "leafblade"], "ability": "Justified", "evs": {"hp": 85, "atk": 85, "def": 85, "spa": 85, "spd": 85, "spe": 85}, "ivs": {"hp": 31, "atk": 31, "def": 31, "spa": 31, "spd": 31, "spe": 31}, "item": "Life Orb", "teraType": "Rock", "role": "Setup Sweeper", "bvs": {"hp": 91, "atk": 90, "def": 72, "spa": 90, "spd": 129, "spe": 108}, "stats": {"hp": 283, "atk": 195, "def": 165, "spa": 195, "spd": 259, "spe": 224}}, "Perrserker": {"name": "Perrserker", "species": "Perrserker", "speciesId": "perrserker", "gender": "M", "shiny": false, "level": 89, "moves": ["closecombat", "uturn", "ironhead", "stealthrock"], "ability": "Tough Claws", "evs": {"hp": 85, "atk": 85, "def": 85, "spa": 85, "spd": 85, "spe": 85}, "ivs": {"hp": 31, "atk": 31, "def": 31, "spa": 31, "spd": 31, "spe": 31}, "item": "Life Orb", "teraType": "Fighting", "role": "Fast Attacker", "bvs": {"hp": 70, "atk": 110, "def": 100, "spa": 50, "spd": 60, "spe": 50}, "stats": {"hp": 269, "atk": 247, "def": 229, "spa": 140, "spd": 158, "spe": 140}}, "Flygon": {"name": "Flygon", "species": "Flygon", "speciesId": "flygon", "gender": "M", "shiny": false, "level": 82, "moves": ["uturn", "outrage", "earthquake", "stoneedge"], "ability": "Levitate", "evs": {"hp": 85, "atk": 85, "def": 85, "spa": 85, "spd": 85, "spe": 85}, "ivs": {"hp": 31, "atk": 31, "def": 31, "spa": 31, "spd": 31, "spe": 31}, "item": "Choice Band", "teraType": "Steel", "role": "Fast Attacker", "bvs": {"hp": 80, "atk": 100, "def": 80, "spa": 80, "spd": 80, "spe": 100}, "stats": {"hp": 265, "atk": 211, "def": 178, "spa": 178, "spd": 178, "spe": 211}}}, {"Granbull": {"name": "Granbull", "species": "Granbull", "speciesId": "granbull", "gender": "M", "shiny": false, "level": 88, "moves": ["thunderwave", "earthquake", "playrough", "encore"], "ability": "Intimidate", "evs": {"hp": 85, "atk": 85, "def": 85, "spa": 85, "spd": 85, "spe": 85}, "ivs": {"hp": 31, "atk": 31, "def": 31, "spa": 31, "spd": 31, "spe": 31}, "item": "Leftovers", "teraType": "Ground", "role": "Bulky Attacker", "bvs": {"hp": 90, "atk": 120, "def": 75, "spa": 60, "spd": 60, "spe": 45}, "stats": {"hp": 302, "atk": 261, "def": 182, "spa": 156, "spd": 156, "spe": 129}}, "Flapple": {"name": "Flapple", "species": "Flapple", "speciesId": "flapple", "gender": "M", "shiny": false, "level": 88, "moves": ["outrage", "gravapple", "suckerpunch", "dragondance"], "ability": "Hustle", "evs": {"hp": 85, "atk": 85, "def": 85, "spa": 85, "spd": 85, "spe": 85}, "ivs": {"hp": 31, "atk": 31, "def": 31, "spa": 31, "spd": 31, "spe": 31}, "item": "Lum Berry", "teraType": "Dragon", "role": "Fast Attacker", "bvs": {"hp": 70, "atk": 110, "def": 80, "spa": 95, "spd": 60, "spe": 70}, "stats": {"hp": 266, "atk": 244, "def": 191, "spa": 217, "spd": 156, "spe": 173}}, "Raichu": {"name": "Raichu", "species": "Raichu", "speciesId": "raichu", "gender": "M", "shiny": false, "level": 88, "moves": ["nastyplot", "terablast", "thunderbolt", "focusblast"], "ability": "Lightning Rod", "evs": {"hp": 85, "atk": 0, "def": 85, "spa": 85, "spd": 85, "spe": 85}, "ivs": {"hp": 31, "atk": 0, "def": 31, "spa": 31, "spd": 31, "spe": 31}, "item": "Life Orb", "teraType": "Ice", "role": "Tera Blast user", "bvs": {"hp": 60, "atk": 90, "def": 55, "spa": 90, "spd": 80, "spe": 110}, "stats": {"hp": 249, "atk": 163, "def": 147, "spa": 209, "spd": 191, "spe": 244}}, "Hawlucha": {"name": "Hawlucha", "species": "Hawlucha", "speciesId": "hawlucha", "gender": "F", "shiny": false, "level": 80, "moves": ["swordsdance", "bravebird", "closecombat", "throatchop"], "ability": "Unburden", "evs": {"hp": 85, "atk": 85, "def": 85, "spa": 85, "spd": 85, "spe": 85}, "ivs": {"hp": 31, "atk": 31, "def": 31, "spa": 31, "spd": 31, "spe": 31}, "item": "White Herb", "teraType": "Flying", "role": "Setup Sweeper", "bvs": {"hp": 78, "atk": 92, "def": 75, "spa": 74, "spd": 63, "spe": 118}, "stats": {"hp": 256, "atk": 193, "def": 166, "spa": 165, "spd": 147, "spe": 235}}, "Decidueye": {"name": "Decidueye", "species": "Decidueye", "speciesId": "decidueye", "gender": "M", "shiny": false, "level": 88, "moves": ["poltergeist", "leafblade", "swordsdance", "shadowsneak"], "ability": "Overgrow", "evs": {"hp": 85, "atk": 85, "def": 85, "spa": 85, "spd": 85, "spe": 85}, "ivs": {"hp": 31, "atk": 31, "def": 31, "spa": 31, "spd": 31, "spe": 31}, "item": "Life Orb", "teraType": "Ghost", "role": "Setup Sweeper", "bvs": {"hp": 78, "atk": 107, "def": 75, "spa": 100, "spd": 100, "spe": 70}, "stats": {"hp": 281, "atk": 239, "def": 182, "spa": 226, "spd": 226, "spe": 173}}, "Wyrdeer": {"name": "Wyrdeer", "species": "Wyrdeer", "speciesId": "wyrdeer", "gender": "F", "shiny": false, "level": 87, "moves": ["bodyslam", "thunderwave", "earthquake", "psychicnoise"], "ability": "Intimidate", "evs": {"hp": 85, "atk": 85, "def": 85, "spa": 85, "spd": 85, "spe": 85}, "ivs": {"hp": 31, "atk": 31, "def": 31, "spa": 31, "spd": 31, "spe": 31}, "item": "Leftovers", "teraType": "Ground", "role": "Bulky Attacker", "bvs": {"hp": 103, "atk": 105, "def": 72, "spa": 105, "spd": 75, "spe": 65}, "stats": {"hp": 321, "atk": 232, "def": 175, "spa": 232, "spd": 180, "spe": 163}}}]}