{"id": "gen9randombattle-2631960003", "format": "[Gen 9] Random Battle", "players": ["RedDudeN64", "personanongrattata"], "log": "|j|\u2606RedDudeN64\n|j|\u2606personanongrattata\n|t:|1781460098\n|gametype|singles\n|player|p1|RedDudeN64|red|2123\n|player|p2|personanongrattata|youngster-gen4dp|2201\n|gen|9\n|tier|[Gen 9] Random Battle\n|rated|\n|rule|Species Clause: Limit one of each Pok\u00e9mon\n|rule|HP Percentage Mod: HP is shown in percentages\n|rule|Sleep Clause Mod: Limit one foe put to sleep\n|rule|Illusion Level Mod: Illusion disguises the Pok\u00e9mon's true level\n|\n|t:|1781460098\n|teamsize|p1|6\n|teamsize|p2|6\n|start\n|switch|p1a: Spiritomb|Spiritomb, L89, F|234/234\n|switch|p2a: Slither Wing|Slither Wing, L81|270/270\n|turn|1\n|inactive|Battle timer is ON: inactive players will automatically lose when time's up. (requested by personanongrattata)\n|\n|t:|1781460107\n|move|p2a: Slither Wing|U-turn|p1a: Spiritomb\n|-damage|p1a: Spiritomb|161/234\n|\n|t:|1781460109\n|-end|p2a: Slither Wing|Protosynthesis|[silent]\n|switch|p2a: Torkoal|Torkoal, L88, M|266/266|[from] U-turn\n|-weather|SunnyDay|[from] ability: Drought|[of] p2a: Torkoal\n|move|p1a: Spiritomb|Will-O-Wisp|p2a: Torkoal\n|-immune|p2a: Torkoal\n|\n|-weather|SunnyDay|[upkeep]\n|-heal|p1a: Spiritomb|175/234|[from] item: Leftovers\n|upkeep\n|turn|2\n|\n|t:|1781460113\n|move|p1a: Spiritomb|Poltergeist|p2a: Torkoal\n|-activate|p2a: Torkoal|move: Poltergeist|Heavy-Duty Boots\n|-damage|p2a: Torkoal|184/266\n|move|p2a: Torkoal|Stealth Rock|p1a: Spiritomb\n|-sidestart|p1: RedDudeN64|move: Stealth Rock\n|\n|-weather|SunnyDay|[upkeep]\n|-heal|p1a: Spiritomb|189/234|[from] item: Leftovers\n|upkeep\n|turn|3\n|\n|t:|1781460116\n|move|p1a: Spiritomb|Poltergeist|p2a: Torkoal\n|-activate|p2a: Torkoal|move: Poltergeist|Heavy-Duty Boots\n|-damage|p2a: Torkoal|106/266\n|move|p2a: Torkoal|Lava Plume|p1a: Spiritomb\n|-damage|p1a: Spiritomb|86/234\n|\n|-weather|SunnyDay|[upkeep]\n|-heal|p1a: Spiritomb|100/234|[from] item: Leftovers\n|upkeep\n|turn|4\n|\n|t:|1781460120\n|move|p1a: Spiritomb|Foul Play|p2a: Torkoal\n|-damage|p2a: Torkoal|43/266\n|move|p2a: Torkoal|Lava Plume|p1a: Spiritomb\n|-crit|p1a: Spiritomb\n|-damage|p1a: Spiritomb|0 fnt\n|faint|p1a: Spiritomb\n|\n|-weather|SunnyDay|[upkeep]\n|upkeep\n|\n|t:|1781460129\n|switch|p1a: Reuniclus|Reuniclus, L88, F|337/337\n|turn|5\n|\n|t:|1781460134\n|switch|p2a: Kricketune|Kricketune, L99, F|312/312\n|move|p1a: Reuniclus|Psychic|p2a: Kricketune\n|-damage|p2a: Kricketune|112/312\n|\n|-weather|none\n|upkeep\n|turn|6\n|\n|t:|1781460152\n|move|p2a: Kricketune|Knock Off|p1a: Reuniclus\n|-supereffective|p1a: Reuniclus\n|-damage|p1a: Reuniclus|141/337\n|-enditem|p1a: Reuniclus|Life Orb|[from] move: Knock Off|[of] p2a: Kricketune\n|move|p1a: Reuniclus|Psychic|p2a: Kricketune\n|-damage|p2a: Kricketune|0 fnt\n|faint|p2a: Kricketune\n|\n|upkeep\n|\n|t:|1781460157\n|switch|p2a: Hariyama|Hariyama, L87, F|392/392\n|turn|7\n|\n|t:|1781460160\n|move|p2a: Hariyama|Fake Out|p1a: Reuniclus\n|-damage|p1a: Reuniclus|104/337\n|cant|p1a: Reuniclus|flinch\n|\n|-status|p2a: Hariyama|brn|[from] item: Flame Orb\n|upkeep\n|turn|8\n|\n|t:|1781460165\n|switch|p1a: Incineroar|Incineroar, L82, F|290/290\n|-damage|p1a: Incineroar|218/290|[from] Stealth Rock\n|-ability|p1a: Incineroar|Intimidate|boost\n|-unboost|p2a: Hariyama|atk|1\n|move|p2a: Hariyama|Facade|p1a: Incineroar\n|-damage|p1a: Incineroar|102/290\n|\n|-damage|p2a: Hariyama|368/392 brn|[from] brn\n|upkeep\n|turn|9\n|\n|t:|1781460174\n|move|p1a: Incineroar|Overheat|p2a: Hariyama\n|-damage|p2a: Hariyama|229/392 brn\n|-unboost|p1a: Incineroar|spa|2\n|move|p2a: Hariyama|Facade|p1a: Incineroar\n|-damage|p1a: Incineroar|0 fnt\n|faint|p1a: Incineroar\n|\n|-damage|p2a: Hariyama|205/392 brn|[from] brn\n|upkeep\n|\n|t:|1781460198\n|switch|p1a: Okidogi|Okidogi, L77, M|262/262\n|-damage|p1a: Okidogi|246/262|[from] Stealth Rock\n|turn|10\n|\n|t:|1781460208\n|switch|p2a: Torkoal|Torkoal, L88, M|43/266\n|-weather|SunnyDay|[from] ability: Drought|[of] p2a: Torkoal\n|move|p1a: Okidogi|Gunk Shot|p2a: Torkoal\n|-damage|p2a: Torkoal|0 fnt\n|faint|p2a: Torkoal\n|\n|-weather|SunnyDay|[upkeep]\n|upkeep\n|\n|t:|1781460213\n|switch|p2a: Slither Wing|Slither Wing, L81|270/270\n|-activate|p2a: Slither Wing|ability: Protosynthesis\n|-start|p2a: Slither Wing|protosynthesisatk\n|turn|11\n|inactive|RedDudeN64 has 120 seconds left.\n|\n|t:|1781460246\n|switch|p1a: Reuniclus|Reuniclus, L88, F|104/337\n|move|p2a: Slither Wing|Earthquake|p1a: Reuniclus\n|-damage|p1a: Reuniclus|0 fnt\n|faint|p1a: Reuniclus\n|\n|-weather|SunnyDay|[upkeep]\n|upkeep\n|inactive|RedDudeN64 has 120 seconds left.\n|\n|t:|1781460258\n|switch|p1a: Regidrago|Regidrago, L77|435/435\n|-damage|p1a: Regidrago|381/435|[from] Stealth Rock\n|turn|12\n|\n|t:|1781460271\n|move|p2a: Slither Wing|Earthquake|p1a: Regidrago\n|-crit|p1a: Regidrago\n|-damage|p1a: Regidrago|105/435\n|move|p1a: Regidrago|Dragon Energy|p2a: Slither Wing\n|-damage|p2a: Slither Wing|228/270\n|\n|-weather|SunnyDay|[upkeep]\n|upkeep\n|turn|13\n|-message|RedDudeN64 forfeited.\n|\n|win|personanongrattata\n", "inputlog": ">version a8376a258c1d4662feba110a92103f3664a72141\n>start {\"formatid\":\"gen9randombattle\",\"seed\":\"sodium,67eb7ffb97ebcf4c9e5120341a52f0a1\",\"rated\":\"Rated battle\"}\n>player p1 {\"name\":\"RedDudeN64\",\"avatar\":\"red\",\"rating\":2123,\"seed\":\"sodium,64d45c34c1ec1da0e5dae239be67bc55\"}\n>player p2 {\"name\":\"personanongrattata\",\"avatar\":\"youngster-gen4dp\",\"rating\":2201,\"seed\":\"sodium,ae55786adbb70dc9cf13aac10bbbb35e\"}\n>p1 move willowisp\n>p2 move uturn\n>p2 switch 6\n>p1 move poltergeist\n>p2 move stealthrock\n>p1 move poltergeist\n>p2 move lavaplume\n>p1 move foulplay\n>p2 move lavaplume\n>p1 switch 5\n>p1 move psychic\n>p2 switch 2\n>p1 move psychic\n>p2 move knockoff\n>p2 switch 3\n>p1 move recover\n>p2 move fakeout\n>p1 switch 6\n>p2 move facade\n>p1 move overheat\n>p2 move facade\n>p1 switch 4\n>p1 move gunkshot\n>p2 switch 2\n>p2 switch 6\n>p1 switch 6\n>p2 move earthquake\n>p1 switch 2\n>p1 move dragonenergy\n>p2 move earthquake\n>forcelose p1", "uploadtime": 1781460100, "views": 5, "formatid": "gen9randombattle", "rating": null, "private": 0, "password": null, "player_dets": [{"name": "RedDudeN64", "avatar": "red", "rating": 2123, "seed": "sodium,64d45c34c1ec1da0e5dae239be67bc55"}, {"name": "personanongrattata", "avatar": "youngster-gen4dp", "rating": 2201, "seed": "sodium,ae55786adbb70dc9cf13aac10bbbb35e"}], "teams_full": [{"Spiritomb": {"name": "Spiritomb", "species": "Spiritomb", "speciesId": "spiritomb", "gender": "F", "shiny": false, "level": 89, "moves": ["foulplay", "poltergeist", "willowisp", "painsplit"], "ability": "Infiltrator", "evs": {"hp": 85, "atk": 85, "def": 85, "spa": 85, "spd": 85, "spe": 85}, "ivs": {"hp": 31, "atk": 31, "def": 31, "spa": 31, "spd": 31, "spe": 31}, "item": "Leftovers", "teraType": "Steel", "role": "Bulky Support", "bvs": {"hp": 50, "atk": 92, "def": 108, "spa": 92, "spd": 108, "spe": 35}, "stats": {"hp": 234, "atk": 215, "def": 243, "spa": 215, "spd": 243, "spe": 113}}, "Regidrago": {"name": "Regidrago", "species": "Regidrago", "speciesId": "regidrago", "gender": "N", "shiny": false, "level": 77, "moves": ["dracometeor", "dragonenergy", "earthquake", "outrage"], "ability": "Dragon's Maw", "evs": {"hp": 85, "atk": 85, "def": 85, "spa": 85, "spd": 85, "spe": 85}, "ivs": {"hp": 31, "atk": 31, "def": 31, "spa": 31, "spd": 31, "spe": 31}, "item": "Choice Scarf", "teraType": "Dragon", "role": "Fast Attacker", "bvs": {"hp": 200, "atk": 100, "def": 50, "spa": 100, "spd": 50, "spe": 80}, "stats": {"hp": 435, "atk": 199, "def": 122, "spa": 199, "spd": 122, "spe": 168}}, "Empoleon": {"name": "Empoleon", "species": "Empoleon", "speciesId": "empoleon", "gender": "F", "shiny": false, "level": 84, "moves": ["roost", "roar", "stealthrock", "surf"], "ability": "Competitive", "evs": {"hp": 85, "atk": 0, "def": 85, "spa": 85, "spd": 85, "spe": 85}, "ivs": {"hp": 31, "atk": 0, "def": 31, "spa": 31, "spd": 31, "spe": 31}, "item": "Leftovers", "teraType": "Grass", "role": "Bulky Support", "bvs": {"hp": 84, "atk": 86, "def": 88, "spa": 111, "spd": 101, "spe": 60}, "stats": {"hp": 278, "atk": 149, "def": 196, "spa": 235, "spd": 218, "spe": 149}}, "Okidogi": {"name": "Okidogi", "species": "Okidogi", "speciesId": "okidogi", "gender": "M", "shiny": false, "level": 77, "moves": ["gunkshot", "drainpunch", "highhorsepower", "knockoff"], "ability": "Toxic Chain", "evs": {"hp": 85, "atk": 85, "def": 85, "spa": 85, "spd": 85, "spe": 85}, "ivs": {"hp": 31, "atk": 31, "def": 31, "spa": 31, "spd": 31, "spe": 31}, "item": "Assault Vest", "teraType": "Dark", "role": "AV Pivot", "bvs": {"hp": 88, "atk": 128, "def": 115, "spa": 58, "spd": 86, "spe": 80}, "stats": {"hp": 262, "atk": 242, "def": 222, "spa": 134, "spd": 177, "spe": 168}}, "Reuniclus": {"name": "Reuniclus", "species": "Reuniclus", "speciesId": "reuniclus", "gender": "F", "shiny": false, "level": 88, "moves": ["recover", "focusblast", "psychic", "calmmind"], "ability": "Magic Guard", "evs": {"hp": 85, "atk": 0, "def": 85, "spa": 85, "spd": 85, "spe": 85}, "ivs": {"hp": 31, "atk": 0, "def": 31, "spa": 31, "spd": 31, "spe": 31}, "item": "Life Orb", "teraType": "Fighting", "role": "Bulky Setup", "bvs": {"hp": 110, "atk": 65, "def": 75, "spa": 125, "spd": 85, "spe": 30}, "stats": {"hp": 337, "atk": 119, "def": 182, "spa": 270, "spd": 200, "spe": 103}}, "Incineroar": {"name": "Incineroar", "species": "Incineroar", "speciesId": "incineroar", "gender": "F", "shiny": false, "level": 82, "moves": ["closecombat", "uturn", "overheat", "knockoff"], "ability": "Intimidate", "evs": {"hp": 85, "atk": 85, "def": 85, "spa": 85, "spd": 85, "spe": 85}, "ivs": {"hp": 31, "atk": 31, "def": 31, "spa": 31, "spd": 31, "spe": 31}, "item": "Assault Vest", "teraType": "Water", "role": "AV Pivot", "bvs": {"hp": 95, "atk": 115, "def": 90, "spa": 80, "spd": 90, "spe": 60}, "stats": {"hp": 290, "atk": 236, "def": 195, "spa": 178, "spd": 195, "spe": 146}}}, {"Slither Wing": {"name": "Slither Wing", "species": "Slither Wing", "speciesId": "slitherwing", "gender": "N", "shiny": false, "level": 81, "moves": ["earthquake", "uturn", "closecombat", "flareblitz"], "ability": "Protosynthesis", "evs": {"hp": 85, "atk": 85, "def": 85, "spa": 85, "spd": 85, "spe": 85}, "ivs": {"hp": 31, "atk": 31, "def": 31, "spa": 31, "spd": 31, "spe": 31}, "item": "Choice Scarf", "teraType": "Fire", "role": "Fast Attacker", "bvs": {"hp": 85, "atk": 135, "def": 79, "spa": 85, "spd": 105, "spe": 81}, "stats": {"hp": 270, "atk": 265, "def": 175, "spa": 184, "spd": 217, "spe": 178}}, "Kricketune": {"name": "Kricketune", "species": "Kricketune", "speciesId": "kricketune", "gender": "F", "shiny": false, "level": 99, "moves": ["pounce", "stickyweb", "knockoff", "taunt"], "ability": "Technician", "evs": {"hp": 85, "atk": 85, "def": 85, "spa": 85, "spd": 85, "spe": 85}, "ivs": {"hp": 31, "atk": 31, "def": 31, "spa": 31, "spd": 31, "spe": 31}, "item": "Heavy-Duty Boots", "teraType": "Ghost", "role": "Fast Support", "bvs": {"hp": 77, "atk": 85, "def": 51, "spa": 55, "spd": 51, "spe": 65}, "stats": {"hp": 312, "atk": 224, "def": 157, "spa": 165, "spd": 157, "spe": 185}}, "Hariyama": {"name": "Hariyama", "species": "Hariyama", "speciesId": "hariyama", "gender": "F", "shiny": false, "level": 87, "moves": ["closecombat", "facade", "fakeout", "knockoff"], "ability": "Guts", "evs": {"hp": 85, "atk": 85, "def": 85, "spa": 85, "spd": 85, "spe": 85}, "ivs": {"hp": 31, "atk": 31, "def": 31, "spa": 31, "spd": 31, "spe": 31}, "item": "Flame Orb", "teraType": "Normal", "role": "Wallbreaker", "bvs": {"hp": 144, "atk": 120, "def": 60, "spa": 40, "spd": 60, "spe": 50}, "stats": {"hp": 392, "atk": 259, "def": 154, "spa": 119, "spd": 154, "spe": 137}}, "Sylveon": {"name": "Sylveon", "species": "Sylveon", "speciesId": "sylveon", "gender": "M", "shiny": false, "level": 85, "moves": ["calmmind", "wish", "protect", "hypervoice"], "ability": "Pixilate", "evs": {"hp": 85, "atk": 0, "def": 85, "spa": 85, "spd": 85, "spe": 85}, "ivs": {"hp": 31, "atk": 0, "def": 31, "spa": 31, "spd": 31, "spe": 31}, "item": "Leftovers", "teraType": "Steel", "role": "Bulky Setup", "bvs": {"hp": 95, "atk": 65, "def": 65, "spa": 110, "spd": 130, "spe": 60}, "stats": {"hp": 300, "atk": 115, "def": 159, "spa": 236, "spd": 270, "spe": 151}}, "Cetitan": {"name": "Cetitan", "species": "Cetitan", "speciesId": "cetitan", "gender": "F", "shiny": false, "level": 82, "moves": ["icespinner", "bellydrum", "earthquake", "iceshard"], "ability": "Thick Fat", "evs": {"hp": 81, "atk": 85, "def": 85, "spa": 85, "spd": 85, "spe": 85}, "ivs": {"hp": 31, "atk": 31, "def": 31, "spa": 31, "spd": 31, "spe": 31}, "item": "Sitrus Berry", "teraType": "Ice", "role": "Bulky Setup", "bvs": {"hp": 170, "atk": 113, "def": 65, "spa": 45, "spd": 55, "spe": 73}, "stats": {"hp": 412, "atk": 232, "def": 154, "spa": 121, "spd": 137, "spe": 167}}, "Torkoal": {"name": "Torkoal", "species": "Torkoal", "speciesId": "torkoal", "gender": "M", "shiny": false, "level": 88, "moves": ["rapidspin", "yawn", "stealthrock", "lavaplume"], "ability": "Drought", "evs": {"hp": 85, "atk": 85, "def": 85, "spa": 85, "spd": 85, "spe": 85}, "ivs": {"hp": 31, "atk": 31, "def": 31, "spa": 31, "spd": 31, "spe": 31}, "item": "Heavy-Duty Boots", "teraType": "Dragon", "role": "Bulky Support", "bvs": {"hp": 70, "atk": 85, "def": 140, "spa": 85, "spd": 70, "spe": 20}, "stats": {"hp": 266, "atk": 200, "def": 297, "spa": 200, "spd": 173, "spe": 85}}}]}