{"id": "gen9randombattle-2631600572", "format": "[Gen 9] Random Battle", "players": ["Kool Kiddo", "Cesar A Bedoya"], "log": "|j|\u2606Kool Kiddo\n|j|\u2606Cesar A Bedoya\n|t:|1781406976\n|gametype|singles\n|player|p1|Kool Kiddo|hilbert|2015\n|player|p2|Cesar A Bedoya|shadowtriad|1934\n|gen|9\n|tier|[Gen 9] Random Battle\n|rated|\n|rule|Species Clause: Limit one of each Pok\u00e9mon\n|rule|HP Percentage Mod: HP is shown in percentages\n|rule|Sleep Clause Mod: Limit one foe put to sleep\n|rule|Illusion Level Mod: Illusion disguises the Pok\u00e9mon's true level\n|\n|t:|1781406976\n|teamsize|p1|6\n|teamsize|p2|6\n|start\n|switch|p1a: Jolteon|Jolteon, L84, M|246/246\n|switch|p2a: Cobalion|Cobalion, L80|277/277\n|turn|1\n|inactive|Battle timer is ON: inactive players will automatically lose when time's up. (requested by Kool Kiddo)\n|\n|t:|1781406989\n|switch|p1a: Moltres|Moltres, L81|278/278\n|switch|p2a: Rillaboom|Rillaboom, L79, M|288/288\n|-fieldstart|move: Grassy Terrain|[from] ability: Grassy Surge|[of] p2a: Rillaboom\n|\n|upkeep\n|turn|2\n|\n|t:|1781407001\n|switch|p2a: Veluza|Veluza, L85, M|292/292\n|move|p1a: Moltres|Fire Blast|p2a: Veluza\n|-resisted|p2a: Veluza\n|-damage|p2a: Veluza|209/292\n|\n|-heal|p2a: Veluza|227/292|[from] Grassy Terrain\n|upkeep\n|turn|3\n|\n|t:|1781407006\n|move|p1a: Moltres|U-turn|p2a: Veluza\n|-supereffective|p2a: Veluza\n|-damage|p2a: Veluza|117/292\n|-enditem|p2a: Veluza|Sitrus Berry|[eat]\n|-heal|p2a: Veluza|190/292|[from] item: Sitrus Berry\n|\n|t:|1781407009\n|switch|p1a: Zarude|Zarude-Dada, L77|288/288|[from] U-turn\n|move|p2a: Veluza|Fillet Away|p2a: Veluza\n|-boost|p2a: Veluza|atk|2\n|-boost|p2a: Veluza|spa|2\n|-boost|p2a: Veluza|spe|2\n|-damage|p2a: Veluza|44/292\n|\n|-heal|p2a: Veluza|62/292|[from] Grassy Terrain\n|upkeep\n|turn|4\n|\n|t:|1781407016\n|move|p2a: Veluza|Aqua Cutter|p1a: Zarude\n|-resisted|p1a: Zarude\n|-damage|p1a: Zarude|165/288\n|move|p1a: Zarude|U-turn|p2a: Veluza\n|-supereffective|p2a: Veluza\n|-damage|p2a: Veluza|0 fnt\n|faint|p2a: Veluza\n|\n|t:|1781407021\n|switch|p1a: Moltres|Moltres, L81|278/278|[from] U-turn\n|\n|upkeep\n|\n|t:|1781407032\n|switch|p2a: Barraskewda|Barraskewda, L81, M|231/231\n|turn|5\n|\n|t:|1781407052\n|switch|p1a: Zarude|Zarude-Dada, L77|165/288\n|move|p2a: Barraskewda|Waterfall|p1a: Zarude\n|-resisted|p1a: Zarude\n|-damage|p1a: Zarude|92/288\n|\n|-heal|p1a: Zarude|110/288|[from] Grassy Terrain\n|-fieldend|move: Grassy Terrain\n|upkeep\n|turn|6\n|\n|t:|1781407075\n|switch|p2a: Rillaboom|Rillaboom, L79, M|288/288\n|-fieldstart|move: Grassy Terrain|[from] ability: Grassy Surge|[of] p2a: Rillaboom\n|move|p1a: Zarude|U-turn|p2a: Rillaboom\n|-supereffective|p2a: Rillaboom\n|-damage|p2a: Rillaboom|190/288\n|\n|t:|1781407078\n|switch|p1a: Moltres|Moltres, L81|278/278|[from] U-turn\n|\n|-heal|p2a: Rillaboom|208/288|[from] Grassy Terrain\n|upkeep\n|turn|7\n|\n|t:|1781407098\n|switch|p2a: Ursaring|Ursaring, L84, F|288/288\n|move|p1a: Moltres|Brave Bird|p2a: Ursaring\n|-damage|p2a: Ursaring|150/288\n|-damage|p1a: Moltres|232/278|[from] Recoil\n|\n|-heal|p2a: Ursaring|168/288|[from] Grassy Terrain\n|-status|p2a: Ursaring|tox|[from] item: Toxic Orb\n|upkeep\n|turn|8\n|\n|t:|1781407108\n|move|p2a: Ursaring|Facade|p1a: Moltres\n|-damage|p1a: Moltres|51/278\n|move|p1a: Moltres|Roost|p1a: Moltres\n|-heal|p1a: Moltres|190/278\n|-singleturn|p1a: Moltres|move: Roost\n|\n|-heal|p2a: Ursaring|186/288 tox|[from] Grassy Terrain\n|-heal|p1a: Moltres|207/278|[from] Grassy Terrain\n|-damage|p2a: Ursaring|168/288 tox|[from] psn\n|upkeep\n|turn|9\n|inactive|Cesar A Bedoya has 120 seconds left.\n|\n|t:|1781407162\n|move|p2a: Ursaring|Swords Dance|p2a: Ursaring\n|-boost|p2a: Ursaring|atk|2\n|move|p1a: Moltres|Fire Blast|p2a: Ursaring\n|-damage|p2a: Ursaring|30/288 tox\n|\n|-heal|p2a: Ursaring|48/288 tox|[from] Grassy Terrain\n|-damage|p2a: Ursaring|12/288 tox|[from] psn\n|upkeep\n|turn|10\n|\n|t:|1781407169\n|move|p2a: Ursaring|Facade|p1a: Moltres\n|-damage|p1a: Moltres|0 fnt\n|faint|p1a: Moltres\n|\n|-heal|p2a: Ursaring|30/288 tox|[from] Grassy Terrain\n|-damage|p2a: Ursaring|0 fnt|[from] psn\n|faint|p2a: Ursaring\n|-fieldend|move: Grassy Terrain\n|upkeep\n|\n|t:|1781407181\n|switch|p1a: Zarude|Zarude-Dada, L77|110/288\n|switch|p2a: Avalugg|Avalugg-Hisui, L90, F|317/317\n|turn|11\n|\n|t:|1781407186\n|move|p1a: Zarude|U-turn|p2a: Avalugg\n|-damage|p2a: Avalugg|291/317\n|\n|t:|1781407187\n|switch|p1a: Groudon|Groudon, L72|263/263|[from] U-turn\n|-weather|SunnyDay|[from] ability: Drought|[of] p1a: Groudon\n|move|p2a: Avalugg|Avalanche|p1a: Groudon\n|-supereffective|p1a: Groudon\n|-damage|p1a: Groudon|119/263\n|\n|-weather|SunnyDay|[upkeep]\n|-heal|p1a: Groudon|135/263|[from] item: Leftovers\n|upkeep\n|turn|12\n|inactive|Cesar A Bedoya has 120 seconds left.\n|\n|t:|1781407208\n|move|p2a: Avalugg|Avalanche|p1a: Groudon\n|-supereffective|p1a: Groudon\n|-damage|p1a: Groudon|0 fnt\n|faint|p1a: Groudon\n|\n|-weather|SunnyDay|[upkeep]\n|upkeep\n|\n|t:|1781407211\n|switch|p1a: Victreebel|Victreebel, L90, M|290/290\n|turn|13\n|\n|t:|1781407216\n|-terastallize|p1a: Victreebel|Fire\n|move|p1a: Victreebel|Weather Ball|p2a: Avalugg\n|-damage|p2a: Avalugg|0 fnt\n|faint|p2a: Avalugg\n|-damage|p1a: Victreebel|261/290|[from] item: Life Orb\n|\n|-weather|SunnyDay|[upkeep]\n|upkeep\n|\n|t:|1781407223\n|switch|p2a: Rillaboom|Rillaboom, L79, M|208/288\n|-fieldstart|move: Grassy Terrain|[from] ability: Grassy Surge|[of] p2a: Rillaboom\n|turn|14\n|\n|t:|1781407228\n|move|p2a: Rillaboom|Grassy Glide|p1a: Victreebel\n|-resisted|p1a: Victreebel\n|-damage|p1a: Victreebel|196/290\n|-damage|p2a: Rillaboom|180/288|[from] item: Life Orb\n|move|p1a: Victreebel|Sludge Wave|p2a: Rillaboom\n|-supereffective|p2a: Rillaboom\n|-damage|p2a: Rillaboom|0 fnt\n|faint|p2a: Rillaboom\n|-damage|p1a: Victreebel|167/290|[from] item: Life Orb\n|\n|-weather|SunnyDay|[upkeep]\n|-heal|p1a: Victreebel|185/290|[from] Grassy Terrain\n|upkeep\n|inactive|Cesar A Bedoya has 120 seconds left.\n|\n|t:|1781407240\n|switch|p2a: Barraskewda|Barraskewda, L81, M|231/231\n|turn|15\n|\n|t:|1781407243\n|switch|p2a: Cobalion|Cobalion, L80|277/277\n|move|p1a: Victreebel|Power Whip|p2a: Cobalion\n|-resisted|p2a: Cobalion\n|-damage|p2a: Cobalion|170/277\n|-damage|p1a: Victreebel|156/290|[from] item: Life Orb\n|\n|-weather|none\n|-heal|p1a: Victreebel|174/290|[from] Grassy Terrain\n|-heal|p2a: Cobalion|187/277|[from] Grassy Terrain\n|-heal|p2a: Cobalion|204/277|[from] item: Leftovers\n|upkeep\n|turn|16\n|\n|t:|1781407254\n|move|p2a: Cobalion|Iron Head|p1a: Victreebel\n|-resisted|p1a: Victreebel\n|-damage|p1a: Victreebel|129/290\n|move|p1a: Victreebel|Sunny Day|p1a: Victreebel\n|-weather|SunnyDay\n|\n|-weather|SunnyDay|[upkeep]\n|-heal|p1a: Victreebel|147/290|[from] Grassy Terrain\n|-heal|p2a: Cobalion|221/277|[from] Grassy Terrain\n|-heal|p2a: Cobalion|238/277|[from] item: Leftovers\n|upkeep\n|turn|17\n|\n|t:|1781407257\n|move|p1a: Victreebel|Weather Ball|p2a: Cobalion\n|-supereffective|p2a: Cobalion\n|-damage|p2a: Cobalion|0 fnt\n|faint|p2a: Cobalion\n|-damage|p1a: Victreebel|118/290|[from] item: Life Orb\n|\n|-weather|SunnyDay|[upkeep]\n|-heal|p1a: Victreebel|136/290|[from] Grassy Terrain\n|upkeep\n|-message|Cesar A Bedoya forfeited.\n|\n|win|Kool Kiddo\n", "inputlog": ">version a8376a258c1d4662feba110a92103f3664a72141\n>start {\"formatid\":\"gen9randombattle\",\"seed\":\"sodium,6a0dfef31d8be7ab605c023d4ba7923f\",\"rated\":\"Rated battle\"}\n>player p1 {\"name\":\"Kool Kiddo\",\"avatar\":\"hilbert\",\"rating\":2015,\"seed\":\"sodium,d3b354b810a85f4aafe1f7e37fc86992\"}\n>player p2 {\"name\":\"Cesar A Bedoya\",\"avatar\":\"shadowtriad\",\"rating\":1934,\"seed\":\"sodium,8105e2b9a87e2bbce5565ab459a547fd\"}\n>p1 switch 5\n>p2 switch 3\n>p1 move fireblast\n>p2 switch 4\n>p1 move uturn\n>p2 move filletaway\n>p1 switch 3\n>p1 move uturn\n>p2 move aquacutter\n>p1 switch 3\n>p2 switch 2\n>p1 switch 3\n>p2 move waterfall\n>p1 move uturn\n>p2 switch 4\n>p1 switch 3\n>p1 move bravebird\n>p2 switch 5\n>p1 move roost\n>p2 move facade\n>p1 move fireblast\n>p2 move swordsdance\n>p1 move uturn\n>p2 move facade\n>p1 switch 3\n>p2 switch 6\n>p1 move uturn\n>p2 move avalanche\n>p1 switch 4\n>p1 move roar\n>p2 move avalanche\n>p1 switch 2\n>p1 move weatherball terastallize\n>p2 move avalanche\n>p2 switch 5\n>p1 move sludgewave\n>p2 move grassyglide\n>p2 switch 4\n>p1 move powerwhip\n>p2 switch 3\n>p1 move sunnyday\n>p2 move ironhead\n>p1 move weatherball\n>p2 move closecombat\n>forcelose p2", "uploadtime": 1781406977, "views": 5, "formatid": "gen9randombattle", "rating": null, "private": 0, "password": null, "player_dets": [{"name": "Kool Kiddo", "avatar": "hilbert", "rating": 2015, "seed": "sodium,d3b354b810a85f4aafe1f7e37fc86992"}, {"name": "Cesar A Bedoya", "avatar": "shadowtriad", "rating": 1934, "seed": "sodium,8105e2b9a87e2bbce5565ab459a547fd"}], "teams_full": [{"Jolteon": {"name": "Jolteon", "species": "Jolteon", "speciesId": "jolteon", "gender": "M", "shiny": false, "level": 84, "moves": ["shadowball", "alluringvoice", "thunderbolt", "calmmind"], "ability": "Volt Absorb", "evs": {"hp": 85, "atk": 0, "def": 85, "spa": 85, "spd": 85, "spe": 85}, "ivs": {"hp": 31, "atk": 0, "def": 31, "spa": 31, "spd": 31, "spe": 31}, "item": "Life Orb", "teraType": "Fairy", "role": "Fast Attacker", "bvs": {"hp": 65, "atk": 65, "def": 60, "spa": 110, "spd": 95, "spe": 130}, "stats": {"hp": 246, "atk": 114, "def": 149, "spa": 233, "spd": 208, "spe": 267}}, "Victreebel": {"name": "Victreebel", "species": "Victreebel", "speciesId": "victreebel", "gender": "M", "shiny": false, "level": 90, "moves": ["sludgewave", "weatherball", "powerwhip", "sunnyday"], "ability": "Chlorophyll", "evs": {"hp": 85, "atk": 85, "def": 85, "spa": 85, "spd": 85, "spe": 85}, "ivs": {"hp": 31, "atk": 31, "def": 31, "spa": 31, "spd": 31, "spe": 31}, "item": "Life Orb", "teraType": "Fire", "role": "Fast Attacker", "bvs": {"hp": 80, "atk": 105, "def": 65, "spa": 100, "spd": 70, "spe": 70}, "stats": {"hp": 290, "atk": 240, "def": 168, "spa": 231, "spd": 177, "spe": 177}}, "Zarude": {"name": "Zarude", "species": "Zarude-Dada", "speciesId": "zarude", "gender": "N", "shiny": false, "level": 77, "moves": ["uturn", "knockoff", "powerwhip", "closecombat"], "ability": "Leaf Guard", "evs": {"hp": 85, "atk": 85, "def": 85, "spa": 85, "spd": 85, "spe": 85}, "ivs": {"hp": 31, "atk": 31, "def": 31, "spa": 31, "spd": 31, "spe": 31}, "item": "Choice Scarf", "teraType": "Dark", "role": "Fast Attacker", "bvs": {"hp": 105, "atk": 120, "def": 105, "spa": 70, "spd": 95, "spe": 105}, "stats": {"hp": 288, "atk": 229, "def": 206, "spa": 152, "spd": 191, "spe": 206}}, "Groudon": {"name": "Groudon", "species": "Groudon", "speciesId": "groudon", "gender": "N", "shiny": false, "level": 72, "moves": ["heatcrash", "precipiceblades", "roar", "stoneedge"], "ability": "Drought", "evs": {"hp": 85, "atk": 85, "def": 85, "spa": 85, "spd": 85, "spe": 85}, "ivs": {"hp": 31, "atk": 31, "def": 31, "spa": 31, "spd": 31, "spe": 31}, "item": "Leftovers", "teraType": "Fire", "role": "Bulky Attacker", "bvs": {"hp": 100, "atk": 150, "def": 140, "spa": 100, "spd": 90, "spe": 90}, "stats": {"hp": 263, "atk": 258, "def": 244, "spa": 186, "spd": 172, "spe": 172}}, "Moltres": {"name": "Moltres", "species": "Moltres", "speciesId": "moltres", "gender": "N", "shiny": false, "level": 81, "moves": ["bravebird", "roost", "uturn", "fireblast"], "ability": "Flame Body", "evs": {"hp": 85, "atk": 85, "def": 85, "spa": 85, "spd": 85, "spe": 85}, "ivs": {"hp": 31, "atk": 31, "def": 31, "spa": 31, "spd": 31, "spe": 31}, "item": "Heavy-Duty Boots", "teraType": "Steel", "role": "Bulky Attacker", "bvs": {"hp": 90, "atk": 100, "def": 90, "spa": 125, "spd": 85, "spe": 90}, "stats": {"hp": 278, "atk": 209, "def": 192, "spa": 249, "spd": 184, "spe": 192}}, "Overqwil": {"name": "Overqwil", "species": "Overqwil", "speciesId": "overqwil", "gender": "F", "shiny": false, "level": 82, "moves": ["scaleshot", "crunch", "gunkshot", "swordsdance"], "ability": "Intimidate", "evs": {"hp": 85, "atk": 85, "def": 85, "spa": 85, "spd": 85, "spe": 85}, "ivs": {"hp": 31, "atk": 31, "def": 31, "spa": 31, "spd": 31, "spe": 31}, "item": "Loaded Dice", "teraType": "Dragon", "role": "Setup Sweeper", "bvs": {"hp": 85, "atk": 115, "def": 95, "spa": 65, "spd": 65, "spe": 85}, "stats": {"hp": 274, "atk": 236, "def": 203, "spa": 154, "spd": 154, "spe": 187}}}, {"Cobalion": {"name": "Cobalion", "species": "Cobalion", "speciesId": "cobalion", "gender": "N", "shiny": false, "level": 80, "moves": ["ironhead", "closecombat", "swordsdance", "taunt"], "ability": "Justified", "evs": {"hp": 85, "atk": 85, "def": 85, "spa": 85, "spd": 85, "spe": 85}, "ivs": {"hp": 31, "atk": 31, "def": 31, "spa": 31, "spd": 31, "spe": 31}, "item": "Leftovers", "teraType": "Fighting", "role": "Fast Bulky Setup", "bvs": {"hp": 91, "atk": 90, "def": 129, "spa": 90, "spd": 72, "spe": 108}, "stats": {"hp": 277, "atk": 190, "def": 253, "spa": 190, "spd": 161, "spe": 219}}, "Barraskewda": {"name": "Barraskewda", "species": "Barraskewda", "speciesId": "barraskewda", "gender": "M", "shiny": false, "level": 81, "moves": ["psychicfangs", "flipturn", "waterfall", "closecombat"], "ability": "Swift Swim", "evs": {"hp": 85, "atk": 85, "def": 85, "spa": 85, "spd": 85, "spe": 85}, "ivs": {"hp": 31, "atk": 31, "def": 31, "spa": 31, "spd": 31, "spe": 31}, "item": "Choice Band", "teraType": "Fighting", "role": "Wallbreaker", "bvs": {"hp": 61, "atk": 123, "def": 60, "spa": 60, "spd": 50, "spe": 136}, "stats": {"hp": 231, "atk": 246, "def": 144, "spa": 144, "spd": 128, "spe": 267}}, "Rillaboom": {"name": "Rillaboom", "species": "Rillaboom", "speciesId": "rillaboom", "gender": "M", "shiny": false, "level": 79, "moves": ["swordsdance", "grassyglide", "woodhammer", "knockoff"], "ability": "Grassy Surge", "evs": {"hp": 85, "atk": 85, "def": 85, "spa": 85, "spd": 85, "spe": 85}, "ivs": {"hp": 31, "atk": 31, "def": 31, "spa": 31, "spd": 31, "spe": 31}, "item": "Life Orb", "teraType": "Grass", "role": "Wallbreaker", "bvs": {"hp": 100, "atk": 125, "def": 90, "spa": 60, "spd": 70, "spe": 85}, "stats": {"hp": 288, "atk": 243, "def": 188, "spa": 140, "spd": 156, "spe": 180}}, "Veluza": {"name": "Veluza", "species": "Veluza", "speciesId": "veluza", "gender": "M", "shiny": false, "level": 85, "moves": ["nightslash", "psychocut", "filletaway", "aquacutter"], "ability": "Sharpness", "evs": {"hp": 85, "atk": 85, "def": 85, "spa": 85, "spd": 85, "spe": 85}, "ivs": {"hp": 31, "atk": 31, "def": 31, "spa": 31, "spd": 31, "spe": 31}, "item": "Sitrus Berry", "teraType": "Dark", "role": "Setup Sweeper", "bvs": {"hp": 90, "atk": 102, "def": 73, "spa": 78, "spd": 65, "spe": 70}, "stats": {"hp": 292, "atk": 222, "def": 173, "spa": 181, "spd": 159, "spe": 168}}, "Ursaring": {"name": "Ursaring", "species": "Ursaring", "speciesId": "ursaring", "gender": "F", "shiny": false, "level": 84, "moves": ["crunch", "swordsdance", "closecombat", "facade"], "ability": "Quick Feet", "evs": {"hp": 85, "atk": 85, "def": 85, "spa": 85, "spd": 85, "spe": 85}, "ivs": {"hp": 31, "atk": 31, "def": 31, "spa": 31, "spd": 31, "spe": 31}, "item": "Toxic Orb", "teraType": "Normal", "role": "Setup Sweeper", "bvs": {"hp": 90, "atk": 130, "def": 75, "spa": 75, "spd": 75, "spe": 55}, "stats": {"hp": 288, "atk": 267, "def": 174, "spa": 174, "spd": 174, "spe": 141}}, "Avalugg": {"name": "Avalugg", "species": "Avalugg-Hisui", "speciesId": "avalugghisui", "gender": "F", "shiny": false, "level": 90, "moves": ["stoneedge", "rapidspin", "avalanche", "recover"], "ability": "Sturdy", "evs": {"hp": 85, "atk": 85, "def": 85, "spa": 85, "spd": 85, "spe": 85}, "ivs": {"hp": 31, "atk": 31, "def": 31, "spa": 31, "spd": 31, "spe": 31}, "item": "Heavy-Duty Boots", "teraType": "Flying", "role": "Bulky Attacker", "bvs": {"hp": 95, "atk": 127, "def": 184, "spa": 34, "spd": 36, "spe": 38}, "stats": {"hp": 317, "atk": 280, "def": 383, "spa": 113, "spd": 116, "spe": 120}}}]}