{"id": "gen9randombattle-2631705469", "format": "[Gen 9] Random Battle", "players": ["koopa003", "gothampaladin"], "log": "|j|\u2606koopa003\n|j|\u2606gothampaladin\n|t:|1781425414\n|gametype|singles\n|player|p1|koopa003|camper|2158\n|player|p2|gothampaladin|flannery|2208\n|gen|9\n|tier|[Gen 9] Random Battle\n|rated|\n|rule|Species Clause: Limit one of each Pok\u00e9mon\n|rule|HP Percentage Mod: HP is shown in percentages\n|rule|Sleep Clause Mod: Limit one foe put to sleep\n|rule|Illusion Level Mod: Illusion disguises the Pok\u00e9mon's true level\n|\n|t:|1781425415\n|teamsize|p1|6\n|teamsize|p2|6\n|start\n|switch|p1a: Vespiquen|Vespiquen, L99, F|299/299\n|switch|p2a: Torkoal|Torkoal, L88, M|266/266\n|-ability|p1a: Vespiquen|Pressure\n|-weather|SunnyDay|[from] ability: Drought|[of] p2a: Torkoal\n|turn|1\n|inactive|Battle timer is ON: inactive players will automatically lose when time's up. (requested by koopa003)\n|\n|t:|1781425429\n|move|p1a: Vespiquen|U-turn|p2a: Torkoal\n|-resisted|p2a: Torkoal\n|-crit|p2a: Torkoal\n|-damage|p2a: Torkoal|221/266\n|\n|t:|1781425433\n|switch|p1a: Hydrapple|Hydrapple, L83, F|312/312|[from] U-turn\n|move|p2a: Torkoal|Stealth Rock|p1a: Hydrapple\n|-sidestart|p1: koopa003|move: Stealth Rock\n|\n|-weather|SunnyDay|[upkeep]\n|upkeep\n|turn|2\n|\n|t:|1781425437\n|switch|p2a: Hypno|Hypno, L95, F|315/315\n|move|p1a: Hydrapple|Dragon Tail|p2a: Hypno\n|-damage|p2a: Hypno|258/315\n|drag|p2a: Vivillon|Vivillon-Tundra, L83, F|268/268\n|\n|-weather|SunnyDay|[upkeep]\n|upkeep\n|turn|3\n|\n|t:|1781425448\n|switch|p1a: Empoleon|Empoleon, L84, F|278/278\n|-damage|p1a: Empoleon|261/278|[from] Stealth Rock\n|move|p2a: Vivillon|Bug Buzz|p1a: Empoleon\n|-resisted|p1a: Empoleon\n|-damage|p1a: Empoleon|222/278\n|\n|-weather|SunnyDay|[upkeep]\n|-heal|p1a: Empoleon|239/278|[from] item: Leftovers\n|upkeep\n|turn|4\n|\n|t:|1781425452\n|move|p2a: Vivillon|Sleep Powder|p1a: Empoleon\n|-status|p1a: Empoleon|slp|[from] move: Sleep Powder\n|cant|p1a: Empoleon|slp\n|\n|-weather|SunnyDay|[upkeep]\n|-heal|p1a: Empoleon|256/278 slp|[from] item: Leftovers\n|upkeep\n|turn|5\n|\n|t:|1781425458\n|switch|p2a: Jolteon|Jolteon, L84, F|246/246\n|-curestatus|p1a: Empoleon|slp|[msg]\n|move|p1a: Empoleon|Ice Beam|p2a: Jolteon\n|-damage|p2a: Jolteon|173/246\n|\n|-weather|none\n|-heal|p1a: Empoleon|273/278|[from] item: Leftovers\n|upkeep\n|turn|6\n|\n|t:|1781425464\n|switch|p1a: Hydrapple|Hydrapple, L83, F|312/312\n|-damage|p1a: Hydrapple|273/312|[from] Stealth Rock\n|move|p2a: Jolteon|Volt Switch|p1a: Hydrapple\n|-resisted|p1a: Hydrapple\n|-damage|p1a: Hydrapple|252/312\n|\n|t:|1781425468\n|switch|p2a: Hypno|Hypno, L95, F|258/315|[from] Volt Switch\n|\n|-heal|p2a: Hypno|277/315|[from] item: Leftovers\n|upkeep\n|turn|7\n|\n|t:|1781425482\n|switch|p1a: Vespiquen|Vespiquen, L99, F|299/299\n|-ability|p1a: Vespiquen|Pressure\n|move|p2a: Hypno|Toxic|p1a: Vespiquen\n|-status|p1a: Vespiquen|tox\n|\n|-heal|p2a: Hypno|296/315|[from] item: Leftovers\n|-damage|p1a: Vespiquen|281/299 tox|[from] psn\n|upkeep\n|turn|8\n|\n|t:|1781425488\n|switch|p2a: Torkoal|Torkoal, L88, M|221/266\n|-weather|SunnyDay|[from] ability: Drought|[of] p2a: Torkoal\n|move|p1a: Vespiquen|U-turn|p2a: Torkoal\n|-resisted|p2a: Torkoal\n|-damage|p2a: Torkoal|191/266\n|\n|t:|1781425499\n|switch|p1a: Torkoal|Torkoal, L88, F|266/266|[from] U-turn\n|\n|-weather|SunnyDay|[upkeep]\n|upkeep\n|turn|9\n|\n|t:|1781425504\n|move|p1a: Torkoal|Rapid Spin|p2a: Torkoal\n|-damage|p2a: Torkoal|168/266\n|-boost|p1a: Torkoal|spe|1\n|-sideend|p1: koopa003|Stealth Rock|[from] move: Rapid Spin|[of] p1a: Torkoal\n|move|p2a: Torkoal|Earthquake|p1a: Torkoal\n|-supereffective|p1a: Torkoal\n|-damage|p1a: Torkoal|176/266\n|\n|-weather|SunnyDay|[upkeep]\n|upkeep\n|turn|10\n|\n|t:|1781425508\n|switch|p1a: Hydrapple|Hydrapple, L83, F|312/312\n|move|p2a: Torkoal|Earthquake|p1a: Hydrapple\n|-resisted|p1a: Hydrapple\n|-damage|p1a: Hydrapple|281/312\n|\n|-weather|SunnyDay|[upkeep]\n|upkeep\n|turn|11\n|\n|t:|1781425513\n|switch|p2a: Hypno|Hypno, L95, F|296/315\n|move|p1a: Hydrapple|Fickle Beam|p2a: Hypno\n|-damage|p2a: Hypno|221/315\n|\n|-weather|SunnyDay|[upkeep]\n|-heal|p2a: Hypno|240/315|[from] item: Leftovers\n|upkeep\n|turn|12\n|\n|t:|1781425527\n|switch|p1a: Vespiquen|Vespiquen, L99, F|281/299 tox\n|-ability|p1a: Vespiquen|Pressure\n|move|p2a: Hypno|Psychic Noise|p1a: Vespiquen\n|-damage|p1a: Vespiquen|218/299 tox\n|-start|p1a: Vespiquen|move: Heal Block\n|\n|-weather|none\n|-heal|p2a: Hypno|259/315|[from] item: Leftovers\n|-damage|p1a: Vespiquen|200/299 tox|[from] psn\n|upkeep\n|turn|13\n|\n|t:|1781425530\n|move|p2a: Hypno|Protect|p2a: Hypno\n|-singleturn|p2a: Hypno|Protect\n|move|p1a: Vespiquen|U-turn|p2a: Hypno\n|-activate|p2a: Hypno|move: Protect\n|\n|-heal|p2a: Hypno|278/315|[from] item: Leftovers\n|-damage|p1a: Vespiquen|164/299 tox|[from] psn\n|-end|p1a: Vespiquen|move: Heal Block\n|upkeep\n|turn|14\n|\n|t:|1781425536\n|switch|p2a: Torkoal|Torkoal, L88, M|168/266\n|-weather|SunnyDay|[from] ability: Drought|[of] p2a: Torkoal\n|move|p1a: Vespiquen|U-turn|p2a: Torkoal\n|-resisted|p2a: Torkoal\n|-damage|p2a: Torkoal|138/266\n|\n|t:|1781425544\n|switch|p1a: Hydrapple|Hydrapple, L83, F|312/312|[from] U-turn\n|\n|-weather|SunnyDay|[upkeep]\n|upkeep\n|turn|15\n|\n|t:|1781425550\n|switch|p2a: Hypno|Hypno, L95, F|278/315\n|move|p1a: Hydrapple|Leaf Storm|p2a: Hypno|[miss]\n|-miss|p1a: Hydrapple|p2a: Hypno\n|\n|-weather|SunnyDay|[upkeep]\n|-heal|p2a: Hypno|297/315|[from] item: Leftovers\n|upkeep\n|turn|16\n|\n|t:|1781425554\n|switch|p1a: Empoleon|Empoleon, L84, F|273/278\n|move|p2a: Hypno|Toxic|p1a: Empoleon\n|-immune|p1a: Empoleon\n|\n|-weather|SunnyDay|[upkeep]\n|-heal|p2a: Hypno|315/315|[from] item: Leftovers\n|-heal|p1a: Empoleon|278/278|[from] item: Leftovers\n|upkeep\n|turn|17\n|\n|t:|1781425558\n|move|p2a: Hypno|Focus Blast|p1a: Empoleon|[miss]\n|-miss|p2a: Hypno|p1a: Empoleon\n|move|p1a: Empoleon|Yawn|p2a: Hypno\n|-immune|p2a: Hypno|[from] ability: Insomnia\n|\n|-weather|SunnyDay|[upkeep]\n|upkeep\n|turn|18\n|\n|t:|1781425570\n|move|p2a: Hypno|Psychic Noise|p1a: Empoleon\n|-resisted|p1a: Empoleon\n|-damage|p1a: Empoleon|239/278\n|-start|p1a: Empoleon|move: Heal Block\n|move|p1a: Empoleon|Ice Beam|p2a: Hypno\n|-damage|p2a: Hypno|266/315\n|\n|-weather|none\n|-heal|p2a: Hypno|285/315|[from] item: Leftovers\n|upkeep\n|turn|19\n|\n|t:|1781425574\n|move|p2a: Hypno|Focus Blast|p1a: Empoleon|[miss]\n|-miss|p2a: Hypno|p1a: Empoleon\n|move|p1a: Empoleon|Surf|p2a: Hypno\n|-damage|p2a: Hypno|209/315\n|\n|-heal|p2a: Hypno|228/315|[from] item: Leftovers\n|-end|p1a: Empoleon|move: Heal Block\n|upkeep\n|turn|20\n|\n|t:|1781425577\n|move|p2a: Hypno|Focus Blast|p1a: Empoleon\n|-supereffective|p1a: Empoleon\n|-damage|p1a: Empoleon|79/278\n|move|p1a: Empoleon|Surf|p2a: Hypno\n|-damage|p2a: Hypno|150/315\n|\n|-heal|p2a: Hypno|169/315|[from] item: Leftovers\n|-heal|p1a: Empoleon|96/278|[from] item: Leftovers\n|upkeep\n|turn|21\n|\n|t:|1781425582\n|switch|p1a: Revavroom|Revavroom, L79, F|256/256\n|move|p2a: Hypno|Focus Blast|p1a: Revavroom|[miss]\n|-miss|p2a: Hypno|p1a: Revavroom\n|\n|-heal|p2a: Hypno|188/315|[from] item: Leftovers\n|upkeep\n|turn|22\n|\n|t:|1781425589\n|switch|p2a: Torkoal|Torkoal, L88, M|138/266\n|-weather|SunnyDay|[from] ability: Drought|[of] p2a: Torkoal\n|move|p1a: Revavroom|Shift Gear|p1a: Revavroom\n|-boost|p1a: Revavroom|spe|2\n|-boost|p1a: Revavroom|atk|1\n|\n|-weather|SunnyDay|[upkeep]\n|upkeep\n|turn|23\n|\n|t:|1781425595\n|move|p1a: Revavroom|High Horsepower|p2a: Torkoal\n|-supereffective|p2a: Torkoal\n|-crit|p2a: Torkoal\n|-damage|p2a: Torkoal|0 fnt\n|faint|p2a: Torkoal\n|-damage|p1a: Revavroom|231/256|[from] item: Life Orb\n|\n|-weather|SunnyDay|[upkeep]\n|upkeep\n|\n|t:|1781425602\n|switch|p2a: Raging Bolt|Raging Bolt, L78|323/323\n|-activate|p2a: Raging Bolt|ability: Protosynthesis\n|-start|p2a: Raging Bolt|protosynthesisspa\n|turn|24\n|\n|t:|1781425612\n|-terastallize|p1a: Revavroom|Ground\n|move|p1a: Revavroom|High Horsepower|p2a: Raging Bolt\n|-supereffective|p2a: Raging Bolt\n|-damage|p2a: Raging Bolt|0 fnt\n|faint|p2a: Raging Bolt\n|-end|p2a: Raging Bolt|Protosynthesis|[silent]\n|-damage|p1a: Revavroom|206/256|[from] item: Life Orb\n|\n|-weather|SunnyDay|[upkeep]\n|upkeep\n|\n|t:|1781425619\n|switch|p2a: Braviary|Braviary, L85, M|309/309\n|turn|25\n|\n|t:|1781425622\n|move|p1a: Revavroom|Gunk Shot|p2a: Braviary|[miss]\n|-miss|p1a: Revavroom|p2a: Braviary\n|move|p2a: Braviary|Brave Bird|p1a: Revavroom\n|-damage|p1a: Revavroom|43/256\n|-damage|p2a: Braviary|255/309|[from] Recoil\n|\n|-weather|SunnyDay|[upkeep]\n|upkeep\n|turn|26\n|\n|t:|1781425628\n|move|p1a: Revavroom|Iron Head|p2a: Braviary\n|-damage|p2a: Braviary|59/309\n|-damage|p1a: Revavroom|18/256|[from] item: Life Orb\n|move|p2a: Braviary|Close Combat|p1a: Revavroom\n|-damage|p1a: Revavroom|0 fnt\n|-unboost|p2a: Braviary|def|1\n|-unboost|p2a: Braviary|spd|1\n|faint|p1a: Revavroom\n|\n|-weather|none\n|upkeep\n|\n|t:|1781425633\n|switch|p1a: Meowstic|Meowstic, L89, M|277/277\n|turn|27\n|\n|t:|1781425636\n|move|p1a: Meowstic|Psychic Noise|p2a: Braviary\n|-damage|p2a: Braviary|0 fnt\n|faint|p2a: Braviary\n|\n|upkeep\n|\n|t:|1781425640\n|switch|p2a: Hypno|Hypno, L95, F|188/315\n|turn|28\n|\n|t:|1781425643\n|move|p1a: Meowstic|Thunder Wave|p2a: Hypno\n|-status|p2a: Hypno|par\n|cant|p2a: Hypno|par\n|\n|-heal|p2a: Hypno|207/315 par|[from] item: Leftovers\n|upkeep\n|turn|29\n|\n|t:|1781425647\n|switch|p1a: Vespiquen|Vespiquen, L99, F|164/299 tox\n|-ability|p1a: Vespiquen|Pressure\n|move|p2a: Hypno|Psychic Noise|p1a: Vespiquen\n|-damage|p1a: Vespiquen|103/299 tox\n|-start|p1a: Vespiquen|move: Heal Block\n|\n|-heal|p2a: Hypno|226/315 par|[from] item: Leftovers\n|-damage|p1a: Vespiquen|85/299 tox|[from] psn\n|upkeep\n|turn|30\n|\n|t:|1781425651\n|cant|p2a: Hypno|par\n|move|p1a: Vespiquen|Spikes|p2a: Hypno\n|-sidestart|p2: gothampaladin|Spikes\n|\n|-heal|p2a: Hypno|245/315 par|[from] item: Leftovers\n|-damage|p1a: Vespiquen|49/299 tox|[from] psn\n|-end|p1a: Vespiquen|move: Heal Block\n|upkeep\n|turn|31\n|\n|t:|1781425655\n|move|p1a: Vespiquen|Roost|p1a: Vespiquen\n|-heal|p1a: Vespiquen|199/299 tox\n|-singleturn|p1a: Vespiquen|move: Roost\n|move|p2a: Hypno|Psychic Noise|p1a: Vespiquen\n|-damage|p1a: Vespiquen|141/299 tox\n|-start|p1a: Vespiquen|move: Heal Block\n|\n|-heal|p2a: Hypno|264/315 par|[from] item: Leftovers\n|-damage|p1a: Vespiquen|87/299 tox|[from] psn\n|upkeep\n|turn|32\n|\n|t:|1781425661\n|switch|p2a: Vivillon|Vivillon-Tundra, L83, F|268/268\n|move|p1a: Vespiquen|U-turn|p2a: Vivillon\n|-resisted|p2a: Vivillon\n|-damage|p2a: Vivillon|199/268\n|\n|t:|1781425672\n|switch|p1a: Empoleon|Empoleon, L84, F|96/278|[from] U-turn\n|\n|-heal|p1a: Empoleon|113/278|[from] item: Leftovers\n|upkeep\n|turn|33\n|\n|t:|1781425676\n|move|p2a: Vivillon|Sleep Powder|p1a: Empoleon\n|-status|p1a: Empoleon|slp|[from] move: Sleep Powder\n|cant|p1a: Empoleon|slp\n|\n|-heal|p1a: Empoleon|130/278 slp|[from] item: Leftovers\n|upkeep\n|turn|34\n|\n|t:|1781425681\n|move|p2a: Vivillon|Quiver Dance|p2a: Vivillon\n|-boost|p2a: Vivillon|spa|1\n|-boost|p2a: Vivillon|spd|1\n|-boost|p2a: Vivillon|spe|1\n|cant|p1a: Empoleon|slp\n|\n|-heal|p1a: Empoleon|147/278 slp|[from] item: Leftovers\n|upkeep\n|turn|35\n|\n|t:|1781425684\n|move|p2a: Vivillon|Hurricane|p1a: Empoleon|[miss]\n|-miss|p2a: Vivillon|p1a: Empoleon\n|-curestatus|p1a: Empoleon|slp|[msg]\n|move|p1a: Empoleon|Ice Beam|p2a: Vivillon\n|-supereffective|p2a: Vivillon\n|-damage|p2a: Vivillon|53/268\n|\n|-heal|p1a: Empoleon|164/278|[from] item: Leftovers\n|upkeep\n|turn|36\n|\n|t:|1781425687\n|move|p2a: Vivillon|Sleep Powder|p1a: Empoleon\n|-status|p1a: Empoleon|slp|[from] move: Sleep Powder\n|cant|p1a: Empoleon|slp\n|\n|-heal|p1a: Empoleon|181/278 slp|[from] item: Leftovers\n|upkeep\n|turn|37\n|\n|t:|1781425689\n|move|p2a: Vivillon|Hurricane|p1a: Empoleon|[miss]\n|-miss|p2a: Vivillon|p1a: Empoleon\n|-curestatus|p1a: Empoleon|slp|[msg]\n|move|p1a: Empoleon|Ice Beam|p2a: Vivillon\n|-supereffective|p2a: Vivillon\n|-damage|p2a: Vivillon|0 fnt\n|faint|p2a: Vivillon\n|\n|-heal|p1a: Empoleon|198/278|[from] item: Leftovers\n|upkeep\n|-message|gothampaladin forfeited.\n|\n|win|koopa003\n", "inputlog": ">version a8376a258c1d4662feba110a92103f3664a72141\n>start {\"formatid\":\"gen9randombattle\",\"seed\":\"sodium,755e0f51592909fc1c7cd1a7d518434d\",\"rated\":\"Rated battle\"}\n>player p1 {\"name\":\"koopa003\",\"avatar\":\"camper\",\"rating\":2158,\"seed\":\"sodium,1b43d5a61188690e3268a27d0a0a6b40\"}\n>player p2 {\"name\":\"gothampaladin\",\"avatar\":\"flannery\",\"rating\":2208,\"seed\":\"sodium,80ddeddc5fb10919cc4100c8f48d5f76\"}\n>p1 move uturn\n>p2 move stealthrock\n>p1 switch 5\n>p1 move dragontail\n>p2 switch 4\n>p1 switch 3\n>p2 move bugbuzz\n>p1 move yawn\n>p2 move sleeppowder\n>p1 move icebeam\n>p2 switch 2\n>p1 switch 3\n>p2 move voltswitch\n>p2 switch 5\n>p1 switch 5\n>p2 move toxic\n>p1 move uturn\n>p2 switch 4\n>p1 switch 2\n>p1 move rapidspin\n>p2 move earthquake\n>p1 switch 5\n>p2 move earthquake\n>p1 move ficklebeam\n>p2 switch 4\n>p1 switch 2\n>p2 move psychicnoise\n>p1 move uturn\n>p2 move protect\n>p1 move uturn\n>p2 switch 4\n>p1 switch 2\n>p1 move leafstorm\n>p2 switch 4\n>p1 switch 3\n>p2 move toxic\n>p1 move yawn\n>p2 move focusblast\n>p1 move icebeam\n>p2 move psychicnoise\n>p1 move surf\n>p2 move focusblast\n>p1 move surf\n>p2 move focusblast\n>p1 switch 4\n>p2 move focusblast\n>p1 move shiftgear\n>p2 switch 4\n>p1 move highhorsepower\n>p2 move fireblast\n>p2 switch 3\n>p1 move highhorsepower terastallize\n>p2 move thunderbolt\n>p2 switch 6\n>p1 move gunkshot\n>p2 move bravebird\n>p1 move ironhead\n>p2 move closecombat\n>p1 switch 6\n>p1 move psychicnoise\n>p2 move bravebird\n>p2 switch 4\n>p1 move thunderwave\n>p2 move toxic\n>p1 switch 2\n>p2 move psychicnoise\n>p1 move spikes\n>p2 move protect\n>p1 move roost\n>p2 move psychicnoise\n>p1 move uturn\n>p2 switch 2\n>p1 switch 4\n>p1 move icebeam\n>p2 move sleeppowder\n>p1 move icebeam\n>p2 move quiverdance\n>p1 move icebeam\n>p2 move hurricane\n>p1 move icebeam\n>p2 move sleeppowder\n>p1 move icebeam\n>p2 move hurricane\n>forcelose p2", "uploadtime": 1781425416, "views": 6, "formatid": "gen9randombattle", "rating": null, "private": 0, "password": null, "player_dets": [{"name": "koopa003", "avatar": "camper", "rating": 2158, "seed": "sodium,1b43d5a61188690e3268a27d0a0a6b40"}, {"name": "gothampaladin", "avatar": "flannery", "rating": 2208, "seed": "sodium,80ddeddc5fb10919cc4100c8f48d5f76"}], "teams_full": [{"Vespiquen": {"name": "Vespiquen", "species": "Vespiquen", "speciesId": "vespiquen", "gender": "F", "shiny": false, "level": 99, "moves": ["airslash", "spikes", "roost", "uturn"], "ability": "Pressure", "evs": {"hp": 85, "atk": 85, "def": 85, "spa": 85, "spd": 85, "spe": 85}, "ivs": {"hp": 31, "atk": 31, "def": 31, "spa": 31, "spd": 31, "spe": 31}, "item": "Heavy-Duty Boots", "teraType": "Steel", "role": "Bulky Support", "bvs": {"hp": 70, "atk": 80, "def": 102, "spa": 80, "spd": 102, "spe": 40}, "stats": {"hp": 299, "atk": 214, "def": 258, "spa": 214, "spd": 258, "spe": 135}}, "Torkoal": {"name": "Torkoal", "species": "Torkoal", "speciesId": "torkoal", "gender": "F", "shiny": false, "level": 88, "moves": ["stealthrock", "rapidspin", "yawn", "lavaplume"], "ability": "Drought", "evs": {"hp": 85, "atk": 85, "def": 85, "spa": 85, "spd": 85, "spe": 85}, "ivs": {"hp": 31, "atk": 31, "def": 31, "spa": 31, "spd": 31, "spe": 31}, "item": "Heavy-Duty Boots", "teraType": "Dragon", "role": "Bulky Support", "bvs": {"hp": 70, "atk": 85, "def": 140, "spa": 85, "spd": 70, "spe": 20}, "stats": {"hp": 266, "atk": 200, "def": 297, "spa": 200, "spd": 173, "spe": 85}}, "Empoleon": {"name": "Empoleon", "species": "Empoleon", "speciesId": "empoleon", "gender": "F", "shiny": false, "level": 84, "moves": ["roost", "surf", "yawn", "icebeam"], "ability": "Competitive", "evs": {"hp": 85, "atk": 0, "def": 85, "spa": 85, "spd": 85, "spe": 85}, "ivs": {"hp": 31, "atk": 0, "def": 31, "spa": 31, "spd": 31, "spe": 31}, "item": "Leftovers", "teraType": "Grass", "role": "Bulky Support", "bvs": {"hp": 84, "atk": 86, "def": 88, "spa": 111, "spd": 101, "spe": 60}, "stats": {"hp": 278, "atk": 149, "def": 196, "spa": 235, "spd": 218, "spe": 149}}, "Revavroom": {"name": "Revavroom", "species": "Revavroom", "speciesId": "revavroom", "gender": "F", "shiny": false, "level": 79, "moves": ["shiftgear", "highhorsepower", "gunkshot", "ironhead"], "ability": "Filter", "evs": {"hp": 85, "atk": 85, "def": 85, "spa": 85, "spd": 85, "spe": 85}, "ivs": {"hp": 31, "atk": 31, "def": 31, "spa": 31, "spd": 31, "spe": 31}, "item": "Life Orb", "teraType": "Ground", "role": "Fast Attacker", "bvs": {"hp": 80, "atk": 119, "def": 90, "spa": 54, "spd": 67, "spe": 90}, "stats": {"hp": 256, "atk": 234, "def": 188, "spa": 131, "spd": 151, "spe": 188}}, "Hydrapple": {"name": "Hydrapple", "species": "Hydrapple", "speciesId": "hydrapple", "gender": "F", "shiny": false, "level": 83, "moves": ["dragontail", "earthpower", "ficklebeam", "leafstorm"], "ability": "Regenerator", "evs": {"hp": 85, "atk": 85, "def": 85, "spa": 85, "spd": 85, "spe": 85}, "ivs": {"hp": 31, "atk": 31, "def": 31, "spa": 31, "spd": 31, "spe": 31}, "item": "Assault Vest", "teraType": "Steel", "role": "AV Pivot", "bvs": {"hp": 106, "atk": 80, "def": 110, "spa": 120, "spd": 80, "spe": 44}, "stats": {"hp": 312, "atk": 180, "def": 230, "spa": 247, "spd": 180, "spe": 121}}, "Meowstic": {"name": "Meowstic", "species": "Meowstic", "speciesId": "meowstic", "gender": "M", "shiny": false, "level": 89, "moves": ["yawn", "psychicnoise", "thunderwave", "alluringvoice"], "ability": "Prankster", "evs": {"hp": 85, "atk": 0, "def": 85, "spa": 85, "spd": 85, "spe": 85}, "ivs": {"hp": 31, "atk": 0, "def": 31, "spa": 31, "spd": 31, "spe": 31}, "item": "Leftovers", "teraType": "Fairy", "role": "Bulky Support", "bvs": {"hp": 74, "atk": 48, "def": 76, "spa": 83, "spd": 81, "spe": 104}, "stats": {"hp": 277, "atk": 90, "def": 186, "spa": 199, "spd": 195, "spe": 236}}}, {"Torkoal": {"name": "Torkoal", "species": "Torkoal", "speciesId": "torkoal", "gender": "M", "shiny": false, "level": 88, "moves": ["fireblast", "earthquake", "solarbeam", "stealthrock"], "ability": "Drought", "evs": {"hp": 85, "atk": 85, "def": 85, "spa": 85, "spd": 85, "spe": 85}, "ivs": {"hp": 31, "atk": 31, "def": 31, "spa": 31, "spd": 31, "spe": 31}, "item": "Heavy-Duty Boots", "teraType": "Grass", "role": "Wallbreaker", "bvs": {"hp": 70, "atk": 85, "def": 140, "spa": 85, "spd": 70, "spe": 20}, "stats": {"hp": 266, "atk": 200, "def": 297, "spa": 200, "spd": 173, "spe": 85}}, "Jolteon": {"name": "Jolteon", "species": "Jolteon", "speciesId": "jolteon", "gender": "F", "shiny": false, "level": 84, "moves": ["shadowball", "thunderbolt", "alluringvoice", "voltswitch"], "ability": "Volt Absorb", "evs": {"hp": 85, "atk": 0, "def": 85, "spa": 85, "spd": 85, "spe": 85}, "ivs": {"hp": 31, "atk": 0, "def": 31, "spa": 31, "spd": 31, "spe": 31}, "item": "Choice Specs", "teraType": "Fairy", "role": "Fast Attacker", "bvs": {"hp": 65, "atk": 65, "def": 60, "spa": 110, "spd": 95, "spe": 130}, "stats": {"hp": 246, "atk": 114, "def": 149, "spa": 233, "spd": 208, "spe": 267}}, "Raging Bolt": {"name": "Raging Bolt", "species": "Raging Bolt", "speciesId": "ragingbolt", "gender": "N", "shiny": false, "level": 78, "moves": ["dragonpulse", "calmmind", "thunderbolt", "thunderclap"], "ability": "Protosynthesis", "evs": {"hp": 85, "atk": 0, "def": 85, "spa": 85, "spd": 85, "spe": 85}, "ivs": {"hp": 31, "atk": 0, "def": 31, "spa": 31, "spd": 31, "spe": 31}, "item": "Booster Energy", "teraType": "Electric", "role": "Fast Bulky Setup", "bvs": {"hp": 125, "atk": 73, "def": 91, "spa": 137, "spd": 89, "spe": 75}, "stats": {"hp": 323, "atk": 118, "def": 187, "spa": 259, "spd": 184, "spe": 162}}, "Hypno": {"name": "Hypno", "species": "Hypno", "speciesId": "hypno", "gender": "F", "shiny": false, "level": 95, "moves": ["psychicnoise", "toxic", "focusblast", "protect"], "ability": "Insomnia", "evs": {"hp": 85, "atk": 0, "def": 85, "spa": 85, "spd": 85, "spe": 85}, "ivs": {"hp": 31, "atk": 0, "def": 31, "spa": 31, "spd": 31, "spe": 31}, "item": "Leftovers", "teraType": "Fighting", "role": "Bulky Attacker", "bvs": {"hp": 85, "atk": 73, "def": 70, "spa": 73, "spd": 115, "spe": 67}, "stats": {"hp": 315, "atk": 143, "def": 187, "spa": 193, "spd": 272, "spe": 181}}, "Vivillon": {"name": "Vivillon", "species": "Vivillon-Tundra", "speciesId": "vivillon", "gender": "F", "shiny": false, "level": 83, "moves": ["bugbuzz", "hurricane", "sleeppowder", "quiverdance"], "ability": "Compound Eyes", "evs": {"hp": 85, "atk": 0, "def": 85, "spa": 85, "spd": 85, "spe": 85}, "ivs": {"hp": 31, "atk": 0, "def": 31, "spa": 31, "spd": 31, "spe": 31}, "item": "Heavy-Duty Boots", "teraType": "Steel", "role": "Fast Bulky Setup", "bvs": {"hp": 80, "atk": 52, "def": 50, "spa": 90, "spd": 50, "spe": 89}, "stats": {"hp": 268, "atk": 91, "def": 131, "spa": 197, "spd": 131, "spe": 195}}, "Braviary": {"name": "Braviary", "species": "Braviary", "speciesId": "braviary", "gender": "M", "shiny": false, "level": 85, "moves": ["bravebird", "bulkup", "roost", "closecombat"], "ability": "Defiant", "evs": {"hp": 85, "atk": 85, "def": 85, "spa": 85, "spd": 85, "spe": 85}, "ivs": {"hp": 31, "atk": 31, "def": 31, "spa": 31, "spd": 31, "spe": 31}, "item": "Heavy-Duty Boots", "teraType": "Fighting", "role": "Fast Bulky Setup", "bvs": {"hp": 100, "atk": 123, "def": 75, "spa": 57, "spd": 75, "spe": 80}, "stats": {"hp": 309, "atk": 258, "def": 176, "spa": 146, "spd": 176, "spe": 185}}}]}