{"id": "gen9randombattle-2631945981", "format": "[Gen 9] Random Battle", "players": ["leminator13", "ViPa"], "log": "|j|\u2606leminator13\n|j|\u2606ViPa\n|t:|1781458583\n|gametype|singles\n|player|p1|leminator13|102|2196\n|player|p2|ViPa|guitarist|2233\n|gen|9\n|tier|[Gen 9] Random Battle\n|rated|\n|rule|Species Clause: Limit one of each Pok\u00e9mon\n|rule|HP Percentage Mod: HP is shown in percentages\n|rule|Sleep Clause Mod: Limit one foe put to sleep\n|rule|Illusion Level Mod: Illusion disguises the Pok\u00e9mon's true level\n|\n|t:|1781458583\n|teamsize|p1|6\n|teamsize|p2|6\n|start\n|switch|p1a: Meloetta|Meloetta, L82|298/298\n|switch|p2a: Amoonguss|Amoonguss, L82, F|321/321\n|turn|1\n|inactive|Battle timer is ON: inactive players will automatically lose when time's up. (requested by leminator13)\n|\n|t:|1781458616\n|move|p1a: Meloetta|Hyper Voice|p2a: Amoonguss\n|-damage|p2a: Amoonguss|201/321\n|move|p2a: Amoonguss|Toxic|p1a: Meloetta\n|-status|p1a: Meloetta|tox\n|\n|-damage|p1a: Meloetta|280/298 tox|[from] psn\n|upkeep\n|turn|2\n|\n|t:|1781458625\n|switch|p2a: Bombirdier|Bombirdier, L85, F|258/258\n|move|p1a: Meloetta|Calm Mind|p1a: Meloetta\n|-boost|p1a: Meloetta|spa|1\n|-boost|p1a: Meloetta|spd|1\n|\n|-heal|p1a: Meloetta|298/298 tox|[from] item: Leftovers\n|-damage|p1a: Meloetta|262/298 tox|[from] psn\n|upkeep\n|turn|3\n|\n|t:|1781458629\n|move|p1a: Meloetta|Hyper Voice|p2a: Bombirdier\n|-damage|p2a: Bombirdier|80/258\n|move|p2a: Bombirdier|Knock Off|p1a: Meloetta\n|-supereffective|p1a: Meloetta\n|-damage|p1a: Meloetta|10/298 tox\n|-enditem|p1a: Meloetta|Leftovers|[from] move: Knock Off|[of] p2a: Bombirdier\n|\n|-damage|p1a: Meloetta|0 fnt|[from] psn\n|faint|p1a: Meloetta\n|upkeep\n|\n|t:|1781458637\n|switch|p1a: Zacian|Zacian-Crowned, L64|225/225\n|-ability|p1a: Zacian|Intrepid Sword|boost\n|-boost|p1a: Zacian|atk|1\n|turn|4\n|l|\u2606ViPa\n|inactive|ViPa disconnected and has a minute to reconnect!\n|player|p2|\n|j|\u2606ViPa\n|inactive|ViPa reconnected and has 125 seconds left.\n|player|p2|ViPa|guitarist|\n|inactive|ViPa has 120 seconds left.\n|\n|t:|1781458676\n|switch|p2a: Grumpig|Grumpig, L92, M|297/297\n|move|p1a: Zacian|Swords Dance|p1a: Zacian\n|-boost|p1a: Zacian|atk|2\n|\n|upkeep\n|turn|5\n|inactive|ViPa has 120 seconds left.\n|\n|t:|1781458682\n|move|p1a: Zacian|Behemoth Blade|p2a: Grumpig\n|-damage|p2a: Grumpig|24/297\n|move|p2a: Grumpig|Focus Blast|p1a: Zacian\n|-damage|p1a: Zacian|127/225\n|-unboost|p1a: Zacian|spd|1\n|\n|-heal|p2a: Grumpig|42/297|[from] item: Leftovers\n|upkeep\n|turn|6\n|\n|t:|1781458690\n|move|p1a: Zacian|Behemoth Blade|p2a: Grumpig\n|-damage|p2a: Grumpig|0 fnt\n|faint|p2a: Grumpig\n|\n|upkeep\n|inactive|ViPa has 120 seconds left.\n|\n|t:|1781458701\n|switch|p2a: Amoonguss|Amoonguss, L82, F|308/321\n|turn|7\n|\n|t:|1781458709\n|move|p1a: Zacian|Behemoth Blade|p2a: Amoonguss\n|-damage|p2a: Amoonguss|49/321\n|-damage|p1a: Zacian|90/225|[from] item: Rocky Helmet|[of] p2a: Amoonguss\n|move|p2a: Amoonguss|Spore|p1a: Zacian\n|-status|p1a: Zacian|slp|[from] move: Spore\n|\n|upkeep\n|turn|8\n|\n|t:|1781458725\n|switch|p1a: Vikavolt|Vikavolt, L83, M|263/263\n|move|p2a: Amoonguss|Giga Drain|p1a: Vikavolt\n|-resisted|p1a: Vikavolt\n|-damage|p1a: Vikavolt|224/263\n|-heal|p2a: Amoonguss|69/321|[from] drain|[of] p1a: Vikavolt\n|\n|upkeep\n|turn|9\n|\n|t:|1781458734\n|switch|p2a: Bombirdier|Bombirdier, L85, F|80/258\n|move|p1a: Vikavolt|Sticky Web|p2a: Bombirdier\n|-sidestart|p2: ViPa|move: Sticky Web\n|\n|upkeep\n|turn|10\n|\n|t:|1781458745\n|switch|p1a: Zacian|Zacian-Crowned, L64|90/225 slp\n|move|p2a: Bombirdier|Stone Edge|p1a: Zacian|[miss]\n|-miss|p2a: Bombirdier|p1a: Zacian\n|\n|upkeep\n|turn|11\n|\n|t:|1781458754\n|cant|p1a: Zacian|slp\n|move|p2a: Bombirdier|Brave Bird|p1a: Zacian\n|-resisted|p1a: Zacian\n|-damage|p1a: Zacian|23/225 slp\n|-damage|p2a: Bombirdier|58/258|[from] Recoil\n|\n|upkeep\n|turn|12\n|\n|t:|1781458760\n|cant|p1a: Zacian|slp\n|move|p2a: Bombirdier|Knock Off|p1a: Zacian\n|-resisted|p1a: Zacian\n|-damage|p1a: Zacian|0 fnt\n|faint|p1a: Zacian\n|\n|upkeep\n|inactive|leminator13 has 120 seconds left.\n|\n|t:|1781458798\n|switch|p1a: Vikavolt|Vikavolt, L83, M|224/263\n|turn|13\n|\n|t:|1781458803\n|move|p2a: Bombirdier|Stone Edge|p1a: Vikavolt\n|-supereffective|p1a: Vikavolt\n|-damage|p1a: Vikavolt|0 fnt\n|faint|p1a: Vikavolt\n|\n|upkeep\n|inactive|leminator13 has 120 seconds left.\n|\n|t:|1781458834\n|switch|p1a: Duraludon|Duraludon, L82, F|249/249\n|turn|14\n|\n|t:|1781458846\n|move|p2a: Bombirdier|Knock Off|p1a: Duraludon\n|-damage|p1a: Duraludon|185/249\n|-enditem|p1a: Duraludon|Eviolite|[from] move: Knock Off|[of] p2a: Bombirdier\n|move|p1a: Duraludon|Iron Defense|p1a: Duraludon\n|-boost|p1a: Duraludon|def|2\n|\n|upkeep\n|turn|15\n|\n|t:|1781458862\n|switch|p2a: Hypno|Hypno, L95, F|315/315\n|-activate|p2a: Hypno|move: Sticky Web\n|-unboost|p2a: Hypno|spe|1\n|move|p1a: Duraludon|Flash Cannon|p2a: Hypno\n|-damage|p2a: Hypno|242/315\n|\n|-heal|p2a: Hypno|261/315|[from] item: Leftovers\n|upkeep\n|turn|16\n|inactive|leminator13 has 120 seconds left.\n|\n|t:|1781458870\n|move|p1a: Duraludon|Body Press|p2a: Hypno\n|-resisted|p2a: Hypno\n|-damage|p2a: Hypno|195/315\n|move|p2a: Hypno|Focus Blast|p1a: Duraludon\n|-supereffective|p1a: Duraludon\n|-damage|p1a: Duraludon|0 fnt\n|faint|p1a: Duraludon\n|\n|-heal|p2a: Hypno|214/315|[from] item: Leftovers\n|upkeep\n|\n|t:|1781458875\n|switch|p1a: Muk|Muk-Alola, L82, M|306/306\n|turn|17\n|\n|t:|1781458881\n|move|p2a: Hypno|Protect|p2a: Hypno\n|-singleturn|p2a: Hypno|Protect\n|move|p1a: Muk|Knock Off|p2a: Hypno\n|-activate|p2a: Hypno|move: Protect\n|\n|-heal|p2a: Hypno|233/315|[from] item: Leftovers\n|upkeep\n|turn|18\n|\n|t:|1781458891\n|switch|p2a: Amoonguss|Amoonguss, L82, F|176/321\n|-activate|p2a: Amoonguss|move: Sticky Web\n|-unboost|p2a: Amoonguss|spe|1\n|move|p1a: Muk|Knock Off|p2a: Amoonguss\n|-damage|p2a: Amoonguss|61/321\n|-damage|p1a: Muk|255/306|[from] item: Rocky Helmet|[of] p2a: Amoonguss\n|-enditem|p2a: Amoonguss|Rocky Helmet|[from] move: Knock Off|[of] p1a: Muk\n|\n|upkeep\n|turn|19\n|\n|t:|1781458900\n|move|p1a: Muk|Knock Off|p2a: Amoonguss\n|-damage|p2a: Amoonguss|0 fnt\n|faint|p2a: Amoonguss\n|\n|upkeep\n|\n|t:|1781458902\n|switch|p2a: Bombirdier|Bombirdier, L85, F|58/258\n|turn|20\n|\n|t:|1781458910\n|switch|p1a: Grumpig|Grumpig, L92, F|297/297\n|move|p2a: Bombirdier|Roost|p2a: Bombirdier\n|-heal|p2a: Bombirdier|187/258\n|-singleturn|p2a: Bombirdier|move: Roost\n|\n|upkeep\n|turn|21\n|\n|t:|1781458915\n|-terastallize|p1a: Grumpig|Fighting\n|move|p1a: Grumpig|Focus Blast|p2a: Bombirdier\n|-damage|p2a: Bombirdier|39/258\n|move|p2a: Bombirdier|Knock Off|p1a: Grumpig\n|-resisted|p1a: Grumpig\n|-damage|p1a: Grumpig|239/297\n|-enditem|p1a: Grumpig|Leftovers|[from] move: Knock Off|[of] p2a: Bombirdier\n|\n|upkeep\n|turn|22\n|\n|t:|1781458938\n|move|p1a: Grumpig|Focus Blast|p2a: Bombirdier\n|-damage|p2a: Bombirdier|0 fnt\n|faint|p2a: Bombirdier\n|\n|upkeep\n|\n|t:|1781458949\n|switch|p2a: Hypno|Hypno, L95, F|233/315\n|-activate|p2a: Hypno|move: Sticky Web\n|-unboost|p2a: Hypno|spe|1\n|turn|23\n|\n|t:|1781458954\n|switch|p1a: Muk|Muk-Alola, L82, M|255/306\n|move|p2a: Hypno|Focus Blast|p1a: Muk|[miss]\n|-miss|p2a: Hypno|p1a: Muk\n|\n|-heal|p2a: Hypno|252/315|[from] item: Leftovers\n|upkeep\n|turn|24\n|\n|t:|1781458956\n|switch|p2a: Furret|Furret, L94, F|312/312\n|-activate|p2a: Furret|move: Sticky Web\n|-unboost|p2a: Furret|spe|1\n|-item|p1a: Muk|Assault Vest|[from] ability: Frisk|[of] p2a: Furret\n|move|p1a: Muk|Knock Off|p2a: Furret\n|-damage|p2a: Furret|198/312\n|-enditem|p2a: Furret|Life Orb|[from] move: Knock Off|[of] p1a: Muk\n|\n|upkeep\n|turn|25\n|\n|t:|1781458962\n|switch|p1a: Grumpig|Grumpig, L92, F, tera:Fighting|239/297\n|move|p2a: Furret|Tidy Up|p2a: Furret\n|-sideend|p2: ViPa|Sticky Web\n|-activate|p2a: Furret|move: Tidy Up\n|-boost|p2a: Furret|atk|1\n|-boost|p2a: Furret|spe|1\n|\n|upkeep\n|turn|26\n|\n|t:|1781458966\n|move|p2a: Furret|Double-Edge|p1a: Grumpig\n|-damage|p1a: Grumpig|23/297\n|-damage|p2a: Furret|127/312|[from] Recoil\n|move|p1a: Grumpig|Psychic|p2a: Furret\n|-damage|p2a: Furret|0 fnt\n|faint|p2a: Furret\n|\n|upkeep\n|\n|t:|1781458978\n|switch|p2a: Lapras|Lapras, L87, F|367/367\n|turn|27\n|\n|t:|1781458992\n|-terastallize|p2a: Lapras|Ground\n|move|p1a: Grumpig|Focus Blast|p2a: Lapras|[miss]\n|-miss|p1a: Grumpig|p2a: Lapras\n|move|p2a: Lapras|Dragon Dance|p2a: Lapras\n|-boost|p2a: Lapras|atk|1\n|-boost|p2a: Lapras|spe|1\n|\n|upkeep\n|turn|28\n|-message|leminator13 forfeited.\n|\n|win|ViPa\n", "inputlog": ">version a8376a258c1d4662feba110a92103f3664a72141\n>start {\"formatid\":\"gen9randombattle\",\"seed\":\"sodium,02903978e453d61c9dec4b7b49d1a83e\",\"rated\":\"Rated battle\"}\n>player p1 {\"name\":\"leminator13\",\"avatar\":\"102\",\"rating\":2196,\"seed\":\"sodium,04e00d0e1c28846c54a70558d7979258\"}\n>player p2 {\"name\":\"ViPa\",\"avatar\":\"guitarist\",\"rating\":2233,\"seed\":\"sodium,165c893a2d016a1f8b56805e3e4f503f\"}\n>p1 move hypervoice\n>p2 move toxic\n>p1 move calmmind\n>p2 switch 4\n>p1 move hypervoice\n>p2 move knockoff\n>p1 switch 2\n>p1 move swordsdance\n>p2 switch 2\n>p1 move behemothblade\n>p2 move focusblast\n>p1 move behemothblade\n>p2 move shadowball\n>p2 switch 4\n>p1 move behemothblade\n>p2 move spore\n>p1 switch 4\n>p2 move gigadrain\n>p1 move stickyweb\n>p2 switch 2\n>p1 switch 4\n>p2 move stoneedge\n>p1 move swordsdance\n>p2 move bravebird\n>p1 move behemothblade\n>p2 move knockoff\n>p1 switch 4\n>p1 move bugbuzz\n>p2 move stoneedge\n>p1 switch 5\n>p1 move irondefense\n>p2 move knockoff\n>p1 move flashcannon\n>p2 switch 6\n>p1 move bodypress\n>p2 move focusblast\n>p1 switch 6\n>p1 move knockoff\n>p2 move protect\n>p1 move knockoff\n>p2 switch 2\n>p1 move knockoff\n>p2 move spore\n>p2 switch 6\n>p1 switch 3\n>p2 move roost\n>p1 move focusblast terastallize\n>p2 move knockoff\n>p1 move focusblast\n>p2 move bravebird\n>p2 switch 2\n>p1 switch 3\n>p2 move focusblast\n>p1 move knockoff\n>p2 switch 3\n>p1 switch 3\n>p2 move tidyup\n>p1 move psychic\n>p2 move doubleedge\n>p2 switch 5\n>p1 move focusblast\n>p2 move dragondance terastallize\n>forcelose p1", "uploadtime": 1781458585, "views": 5, "formatid": "gen9randombattle", "rating": null, "private": 0, "password": null, "player_dets": [{"name": "leminator13", "avatar": "102", "rating": 2196, "seed": "sodium,04e00d0e1c28846c54a70558d7979258"}, {"name": "ViPa", "avatar": "guitarist", "rating": 2233, "seed": "sodium,165c893a2d016a1f8b56805e3e4f503f"}], "teams_full": [{"Meloetta": {"name": "Meloetta", "species": "Meloetta", "speciesId": "meloetta", "gender": "N", "shiny": false, "level": 82, "moves": ["hypervoice", "focusblast", "psyshock", "calmmind"], "ability": "Serene Grace", "evs": {"hp": 85, "atk": 0, "def": 85, "spa": 85, "spd": 85, "spe": 85}, "ivs": {"hp": 31, "atk": 0, "def": 31, "spa": 31, "spd": 31, "spe": 31}, "item": "Leftovers", "teraType": "Psychic", "role": "Bulky Attacker", "bvs": {"hp": 100, "atk": 77, "def": 77, "spa": 128, "spd": 128, "spe": 90}, "stats": {"hp": 298, "atk": 131, "def": 173, "spa": 257, "spd": 257, "spe": 195}}, "Zacian": {"name": "Zacian", "species": "Zacian", "speciesId": "zaciancrowned", "gender": "N", "shiny": false, "level": 64, "moves": ["behemothblade", "swordsdance", "playrough", "closecombat"], "ability": "Intrepid Sword", "evs": {"hp": 85, "atk": 85, "def": 85, "spa": 85, "spd": 85, "spe": 85}, "ivs": {"hp": 31, "atk": 31, "def": 31, "spa": 31, "spd": 31, "spe": 31}, "item": "Rusted Sword", "teraType": "Fighting", "role": "Setup Sweeper", "bvs": {"hp": 92, "atk": 150, "def": 115, "spa": 80, "spd": 115, "spe": 148}, "stats": {"hp": 225, "atk": 230, "def": 185, "spa": 140, "spd": 185, "spe": 227}}, "Grumpig": {"name": "Grumpig", "species": "Grumpig", "speciesId": "grumpig", "gender": "F", "shiny": false, "level": 92, "moves": ["focusblast", "psychic", "nastyplot", "shadowball"], "ability": "Thick Fat", "evs": {"hp": 85, "atk": 0, "def": 85, "spa": 85, "spd": 85, "spe": 85}, "ivs": {"hp": 31, "atk": 0, "def": 31, "spa": 31, "spd": 31, "spe": 31}, "item": "Leftovers", "teraType": "Fighting", "role": "Bulky Setup", "bvs": {"hp": 80, "atk": 45, "def": 65, "spa": 90, "spd": 110, "spe": 80}, "stats": {"hp": 297, "atk": 87, "def": 172, "spa": 218, "spd": 255, "spe": 200}}, "Vikavolt": {"name": "Vikavolt", "species": "Vikavolt", "speciesId": "vikavolt", "gender": "M", "shiny": false, "level": 83, "moves": ["stickyweb", "energyball", "discharge", "bugbuzz"], "ability": "Levitate", "evs": {"hp": 85, "atk": 0, "def": 85, "spa": 85, "spd": 85, "spe": 85}, "ivs": {"hp": 31, "atk": 0, "def": 31, "spa": 31, "spd": 31, "spe": 31}, "item": "Heavy-Duty Boots", "teraType": "Electric", "role": "Bulky Support", "bvs": {"hp": 77, "atk": 70, "def": 90, "spa": 145, "spd": 75, "spe": 43}, "stats": {"hp": 263, "atk": 121, "def": 197, "spa": 288, "spd": 172, "spe": 119}}, "Duraludon": {"name": "Duraludon", "species": "Duraludon", "speciesId": "duraludon", "gender": "F", "shiny": false, "level": 82, "moves": ["bodypress", "flashcannon", "dracometeor", "irondefense"], "ability": "Light Metal", "evs": {"hp": 85, "atk": 0, "def": 85, "spa": 85, "spd": 85, "spe": 85}, "ivs": {"hp": 31, "atk": 0, "def": 31, "spa": 31, "spd": 31, "spe": 31}, "item": "Eviolite", "teraType": "Fighting", "role": "Bulky Attacker", "bvs": {"hp": 70, "atk": 95, "def": 115, "spa": 120, "spd": 50, "spe": 85}, "stats": {"hp": 249, "atk": 160, "def": 236, "spa": 244, "spd": 129, "spe": 187}}, "Muk": {"name": "Muk", "species": "Muk-Alola", "speciesId": "mukalola", "gender": "M", "shiny": false, "level": 82, "moves": ["knockoff", "drainpunch", "poisonjab", "icepunch"], "ability": "Poison Touch", "evs": {"hp": 85, "atk": 85, "def": 85, "spa": 85, "spd": 85, "spe": 85}, "ivs": {"hp": 31, "atk": 31, "def": 31, "spa": 31, "spd": 31, "spe": 31}, "item": "Assault Vest", "teraType": "Fighting", "role": "AV Pivot", "bvs": {"hp": 105, "atk": 105, "def": 75, "spa": 65, "spd": 100, "spe": 50}, "stats": {"hp": 306, "atk": 219, "def": 170, "spa": 154, "spd": 211, "spe": 129}}}, {"Amoonguss": {"name": "Amoonguss", "species": "Amoonguss", "speciesId": "amoonguss", "gender": "F", "shiny": false, "level": 82, "moves": ["toxic", "sludgebomb", "spore", "gigadrain"], "ability": "Regenerator", "evs": {"hp": 85, "atk": 0, "def": 85, "spa": 85, "spd": 85, "spe": 85}, "ivs": {"hp": 31, "atk": 0, "def": 31, "spa": 31, "spd": 31, "spe": 31}, "item": "Rocky Helmet", "teraType": "Water", "role": "Bulky Support", "bvs": {"hp": 114, "atk": 85, "def": 70, "spa": 85, "spd": 80, "spe": 30}, "stats": {"hp": 321, "atk": 144, "def": 162, "spa": 187, "spd": 178, "spe": 96}}, "Grumpig": {"name": "Grumpig", "species": "Grumpig", "speciesId": "grumpig", "gender": "M", "shiny": false, "level": 92, "moves": ["nastyplot", "focusblast", "psychic", "shadowball"], "ability": "Thick Fat", "evs": {"hp": 85, "atk": 0, "def": 85, "spa": 85, "spd": 85, "spe": 85}, "ivs": {"hp": 31, "atk": 0, "def": 31, "spa": 31, "spd": 31, "spe": 31}, "item": "Leftovers", "teraType": "Fighting", "role": "Bulky Setup", "bvs": {"hp": 80, "atk": 45, "def": 65, "spa": 90, "spd": 110, "spe": 80}, "stats": {"hp": 297, "atk": 87, "def": 172, "spa": 218, "spd": 255, "spe": 200}}, "Furret": {"name": "Furret", "species": "Furret", "speciesId": "furret", "gender": "F", "shiny": false, "level": 94, "moves": ["knockoff", "brickbreak", "tidyup", "doubleedge"], "ability": "Frisk", "evs": {"hp": 85, "atk": 85, "def": 85, "spa": 85, "spd": 85, "spe": 85}, "ivs": {"hp": 31, "atk": 31, "def": 31, "spa": 31, "spd": 31, "spe": 31}, "item": "Life Orb", "teraType": "Normal", "role": "Setup Sweeper", "bvs": {"hp": 85, "atk": 76, "def": 64, "spa": 45, "spd": 55, "spe": 90}, "stats": {"hp": 312, "atk": 196, "def": 174, "spa": 138, "spd": 157, "spe": 223}}, "Bombirdier": {"name": "Bombirdier", "species": "Bombirdier", "speciesId": "bombirdier", "gender": "F", "shiny": false, "level": 85, "moves": ["knockoff", "roost", "bravebird", "stoneedge"], "ability": "Rocky Payload", "evs": {"hp": 85, "atk": 85, "def": 85, "spa": 85, "spd": 85, "spe": 85}, "ivs": {"hp": 31, "atk": 31, "def": 31, "spa": 31, "spd": 31, "spe": 31}, "item": "Heavy-Duty Boots", "teraType": "Rock", "role": "Fast Attacker", "bvs": {"hp": 70, "atk": 103, "def": 85, "spa": 60, "spd": 85, "spe": 82}, "stats": {"hp": 258, "atk": 224, "def": 193, "spa": 151, "spd": 193, "spe": 188}}, "Lapras": {"name": "Lapras", "species": "Lapras", "speciesId": "lapras", "gender": "F", "shiny": false, "level": 87, "moves": ["dragondance", "earthquake", "iciclespear", "waterfall"], "ability": "Water Absorb", "evs": {"hp": 81, "atk": 85, "def": 85, "spa": 85, "spd": 85, "spe": 85}, "ivs": {"hp": 31, "atk": 31, "def": 31, "spa": 31, "spd": 31, "spe": 31}, "item": "Loaded Dice", "teraType": "Ground", "role": "Setup Sweeper", "bvs": {"hp": 130, "atk": 85, "def": 80, "spa": 85, "spd": 95, "spe": 60}, "stats": {"hp": 367, "atk": 198, "def": 189, "spa": 198, "spd": 215, "spe": 154}}, "Hypno": {"name": "Hypno", "species": "Hypno", "speciesId": "hypno", "gender": "F", "shiny": false, "level": 95, "moves": ["protect", "focusblast", "psychicnoise", "toxic"], "ability": "Insomnia", "evs": {"hp": 85, "atk": 0, "def": 85, "spa": 85, "spd": 85, "spe": 85}, "ivs": {"hp": 31, "atk": 0, "def": 31, "spa": 31, "spd": 31, "spe": 31}, "item": "Leftovers", "teraType": "Dark", "role": "Bulky Attacker", "bvs": {"hp": 85, "atk": 73, "def": 70, "spa": 73, "spd": 115, "spe": 67}, "stats": {"hp": 315, "atk": 143, "def": 187, "spa": 193, "spd": 272, "spe": 181}}}]}