{"id": "gen9randombattle-2631842590", "format": "[Gen 9] Random Battle", "players": ["moritzvb", "makkereel"], "log": "|j|\u2606moritzvb\n|j|\u2606makkereel\n|t:|1781447070\n|gametype|singles\n|player|p1|moritzvb|ariana|2142\n|player|p2|makkereel|170|2161\n|gen|9\n|tier|[Gen 9] Random Battle\n|rated|\n|rule|Species Clause: Limit one of each Pok\u00e9mon\n|rule|HP Percentage Mod: HP is shown in percentages\n|rule|Sleep Clause Mod: Limit one foe put to sleep\n|rule|Illusion Level Mod: Illusion disguises the Pok\u00e9mon's true level\n|\n|t:|1781447070\n|teamsize|p1|6\n|teamsize|p2|6\n|start\n|switch|p1a: Magearna|Magearna-Original, L77|250/250\n|switch|p2a: Ditto|Ditto, L87|225/225\n|-transform|p2a: Ditto|p1a: Magearna|[from] ability: Imposter\n|turn|1\n|\n|t:|1781447090\n|switch|p2a: Ceruledge|Ceruledge, L78, M|245/245\n|move|p1a: Magearna|Spikes|p2a: Ceruledge\n|-sidestart|p2: makkereel|Spikes\n|\n|upkeep\n|turn|2\n|\n|t:|1781447099\n|switch|p1a: Milotic|Milotic, L83, M|293/293\n|move|p2a: Ceruledge|Swords Dance|p2a: Ceruledge\n|-boost|p2a: Ceruledge|atk|2\n|\n|upkeep\n|turn|3\n|\n|t:|1781447114\n|move|p1a: Milotic|Haze|p1a: Milotic\n|-clearallboost\n|move|p2a: Ceruledge|Poltergeist|p1a: Milotic\n|-activate|p1a: Milotic|move: Poltergeist|Leftovers\n|-damage|p1a: Milotic|163/293\n|\n|-heal|p1a: Milotic|181/293|[from] item: Leftovers\n|upkeep\n|turn|4\n|\n|t:|1781447124\n|switch|p2a: Latias|Latias, L79, F|256/256\n|move|p1a: Milotic|Scald|p2a: Latias\n|-resisted|p2a: Latias\n|-damage|p2a: Latias|221/256\n|\n|-heal|p1a: Milotic|199/293|[from] item: Leftovers\n|upkeep\n|turn|5\n|\n|t:|1781447131\n|switch|p2a: Ceruledge|Ceruledge, L78, M|245/245\n|switch|p1a: Magearna|Magearna-Original, L77|250/250\n|\n|upkeep\n|turn|6\n|\n|t:|1781447136\n|move|p2a: Ceruledge|Poltergeist|p1a: Magearna|[miss]\n|-miss|p2a: Ceruledge|p1a: Magearna\n|move|p1a: Magearna|Thunder Wave|p2a: Ceruledge\n|-status|p2a: Ceruledge|par\n|\n|upkeep\n|turn|7\n|-message|makkereel forfeited.\n|\n|win|moritzvb\n", "inputlog": ">version a8376a258c1d4662feba110a92103f3664a72141\n>start {\"formatid\":\"gen9randombattle\",\"seed\":\"sodium,27745ac23078dac961a4fc2e66f76d62\",\"rated\":\"Rated battle\"}\n>player p1 {\"name\":\"moritzvb\",\"avatar\":\"ariana\",\"rating\":2142,\"seed\":\"sodium,5ea8c092a6de10100c4681ee12ab55d6\"}\n>player p2 {\"name\":\"makkereel\",\"avatar\":\"170\",\"rating\":2161,\"seed\":\"sodium,d3988be2a9676cc2922baf5ea400e86f\"}\n>p1 move spikes\n>p2 switch 5\n>p1 switch 2\n>p2 move swordsdance\n>p1 move haze\n>p2 move poltergeist\n>p1 move scald\n>p2 switch 4\n>p1 switch 2\n>p2 switch 4\n>p1 move thunderwave\n>p2 move poltergeist\n>forcelose p2", "uploadtime": 1781447072, "views": 6, "formatid": "gen9randombattle", "rating": null, "private": 0, "password": null}