{"id": "gen9randombattle-2631867044", "format": "[Gen 9] Random Battle", "players": ["Deven711", "Murales"], "log": "|j|\u2606Deven711\n|j|\u2606Murales\n|t:|1781449913\n|gametype|singles\n|player|p1|Deven711|2|1846\n|player|p2|Murales|firebreather|1816\n|gen|9\n|tier|[Gen 9] Random Battle\n|rated|\n|rule|Species Clause: Limit one of each Pok\u00e9mon\n|rule|HP Percentage Mod: HP is shown in percentages\n|rule|Sleep Clause Mod: Limit one foe put to sleep\n|rule|Illusion Level Mod: Illusion disguises the Pok\u00e9mon's true level\n|\n|t:|1781449913\n|teamsize|p1|6\n|teamsize|p2|6\n|start\n|switch|p1a: Alcremie|Alcremie-Salted-Cream, L90, F|263/263\n|switch|p2a: Farigiraf|Farigiraf, L90, M|362/362\n|turn|1\n|inactive|Battle timer is ON: inactive players will automatically lose when time's up. (requested by Murales)\n|\n|t:|1781449932\n|switch|p1a: Spidops|Spidops, L96, M|271/271\n|move|p2a: Farigiraf|Body Slam|p1a: Spidops\n|-damage|p1a: Spidops|193/271\n|-status|p1a: Spidops|par\n|\n|upkeep\n|turn|2\n|\n|t:|1781449944\n|switch|p2a: Dodrio|Dodrio, L85, F|241/241\n|move|p1a: Spidops|Sticky Web|p2a: Dodrio\n|-sidestart|p2: Murales|move: Sticky Web\n|\n|upkeep\n|turn|3\n|\n|t:|1781449949\n|move|p2a: Dodrio|Swords Dance|p2a: Dodrio\n|-boost|p2a: Dodrio|atk|2\n|cant|p1a: Spidops|par\n|\n|upkeep\n|turn|4\n|\n|t:|1781449955\n|move|p2a: Dodrio|Knock Off|p1a: Spidops\n|-damage|p1a: Spidops|58/271 par\n|-enditem|p1a: Spidops|Heavy-Duty Boots|[from] move: Knock Off|[of] p2a: Dodrio\n|move|p1a: Spidops|Circle Throw|p2a: Dodrio|[miss]\n|-miss|p1a: Spidops|p2a: Dodrio\n|\n|upkeep\n|turn|5\n|\n|t:|1781449961\n|move|p2a: Dodrio|Knock Off|p1a: Spidops\n|-damage|p1a: Spidops|0 fnt\n|faint|p1a: Spidops\n|\n|upkeep\n|\n|t:|1781449970\n|switch|p1a: Orthworm|Orthworm, L88, F|266/266\n|turn|6\n|\n|t:|1781449983\n|move|p2a: Dodrio|Knock Off|p1a: Orthworm\n|-damage|p1a: Orthworm|171/266\n|-enditem|p1a: Orthworm|Leftovers|[from] move: Knock Off|[of] p2a: Dodrio\n|move|p1a: Orthworm|Heavy Slam|p2a: Dodrio\n|-damage|p2a: Dodrio|139/241\n|\n|upkeep\n|turn|7\n|\n|t:|1781450003\n|switch|p2a: Magnezone|Magnezone, L85|258/258\n|-activate|p2a: Magnezone|move: Sticky Web\n|-unboost|p2a: Magnezone|spe|1\n|move|p1a: Orthworm|Heavy Slam|p2a: Magnezone\n|-resisted|p2a: Magnezone\n|-damage|p2a: Magnezone|249/258\n|\n|upkeep\n|turn|8\n|\n|t:|1781450008\n|move|p1a: Orthworm|Body Press|p2a: Magnezone\n|-supereffective|p2a: Magnezone\n|-damage|p2a: Magnezone|101/258\n|move|p2a: Magnezone|Thunderbolt|p1a: Orthworm\n|-damage|p1a: Orthworm|0 fnt\n|faint|p1a: Orthworm\n|\n|upkeep\n|\n|t:|1781450016\n|switch|p1a: Metagross|Metagross, L79|256/256\n|turn|9\n|\n|t:|1781450024\n|move|p1a: Metagross|Earthquake|p2a: Magnezone\n|-supereffective|p2a: Magnezone\n|-damage|p2a: Magnezone|0 fnt\n|faint|p2a: Magnezone\n|\n|upkeep\n|\n|t:|1781450033\n|switch|p2a: Piloswine|Piloswine, L85, F|309/309\n|-activate|p2a: Piloswine|move: Sticky Web\n|-unboost|p2a: Piloswine|spe|1\n|turn|10\n|\n|t:|1781450042\n|move|p1a: Metagross|Agility|p1a: Metagross\n|-boost|p1a: Metagross|spe|2\n|move|p2a: Piloswine|Earthquake|p1a: Metagross\n|-supereffective|p1a: Metagross\n|-damage|p1a: Metagross|88/256\n|-enditem|p1a: Metagross|Weakness Policy\n|-boost|p1a: Metagross|atk|2|[from] item: Weakness Policy\n|-boost|p1a: Metagross|spa|2|[from] item: Weakness Policy\n|\n|upkeep\n|turn|11\n|\n|t:|1781450049\n|-terastallize|p2a: Piloswine|Dragon\n|move|p1a: Metagross|Heavy Slam|p2a: Piloswine\n|-damage|p2a: Piloswine|110/309\n|move|p2a: Piloswine|Earthquake|p1a: Metagross\n|-supereffective|p1a: Metagross\n|-damage|p1a: Metagross|0 fnt\n|faint|p1a: Metagross\n|\n|upkeep\n|\n|t:|1781450055\n|switch|p1a: Alcremie|Alcremie-Salted-Cream, L90, F|263/263\n|turn|12\n|\n|t:|1781450059\n|move|p1a: Alcremie|Alluring Voice|p2a: Piloswine\n|-supereffective|p2a: Piloswine\n|-damage|p2a: Piloswine|0 fnt\n|faint|p2a: Piloswine\n|\n|upkeep\n|\n|t:|1781450062\n|switch|p2a: Farigiraf|Farigiraf, L90, M|362/362\n|-activate|p2a: Farigiraf|move: Sticky Web\n|-unboost|p2a: Farigiraf|spe|1\n|turn|13\n|\n|t:|1781450065\n|move|p1a: Alcremie|Calm Mind|p1a: Alcremie\n|-boost|p1a: Alcremie|spa|1\n|-boost|p1a: Alcremie|spd|1\n|move|p2a: Farigiraf|Body Slam|p1a: Alcremie\n|-damage|p1a: Alcremie|166/263\n|-status|p1a: Alcremie|par\n|\n|-heal|p1a: Alcremie|182/263 par|[from] item: Leftovers\n|upkeep\n|turn|14\n|\n|t:|1781450069\n|move|p2a: Farigiraf|Psychic Noise|p1a: Alcremie\n|-damage|p1a: Alcremie|130/263 par\n|-block|p1a: Alcremie|ability: Aroma Veil|[of] p1a: Alcremie\n|move|p1a: Alcremie|Alluring Voice|p2a: Farigiraf\n|-damage|p2a: Farigiraf|179/362\n|\n|-heal|p2a: Farigiraf|201/362|[from] item: Leftovers\n|-heal|p1a: Alcremie|146/263 par|[from] item: Leftovers\n|upkeep\n|turn|15\n|\n|t:|1781450076\n|move|p2a: Farigiraf|Wish|p2a: Farigiraf\n|move|p1a: Alcremie|Calm Mind|p1a: Alcremie\n|-boost|p1a: Alcremie|spa|1\n|-boost|p1a: Alcremie|spd|1\n|\n|-heal|p2a: Farigiraf|223/362|[from] item: Leftovers\n|-heal|p1a: Alcremie|162/263 par|[from] item: Leftovers\n|upkeep\n|turn|16\n|\n|t:|1781450080\n|move|p2a: Farigiraf|Body Slam|p1a: Alcremie\n|-damage|p1a: Alcremie|65/263 par\n|move|p1a: Alcremie|Calm Mind|p1a: Alcremie\n|-boost|p1a: Alcremie|spa|1\n|-boost|p1a: Alcremie|spd|1\n|\n|-heal|p2a: Farigiraf|362/362|[from] move: Wish|[wisher] Farigiraf\n|-heal|p1a: Alcremie|81/263 par|[from] item: Leftovers\n|upkeep\n|turn|17\n|\n|t:|1781450084\n|move|p2a: Farigiraf|Body Slam|p1a: Alcremie\n|-damage|p1a: Alcremie|0 fnt\n|faint|p1a: Alcremie\n|\n|upkeep\n|\n|t:|1781450087\n|switch|p1a: Lanturn|Lanturn, L89, F|367/367\n|turn|18\n|\n|t:|1781450091\n|move|p2a: Farigiraf|Protect|p2a: Farigiraf\n|-singleturn|p2a: Farigiraf|Protect\n|move|p1a: Lanturn|Thunder Wave|p2a: Farigiraf\n|-activate|p2a: Farigiraf|move: Protect\n|\n|upkeep\n|turn|19\n|\n|t:|1781450099\n|switch|p2a: Raging Bolt|Raging Bolt, L78|323/323\n|-activate|p2a: Raging Bolt|move: Sticky Web\n|-unboost|p2a: Raging Bolt|spe|1\n|move|p1a: Lanturn|Thunder Wave|p2a: Raging Bolt\n|-immune|p2a: Raging Bolt\n|\n|upkeep\n|turn|20\n|\n|t:|1781450105\n|move|p1a: Lanturn|Scald|p2a: Raging Bolt\n|-resisted|p2a: Raging Bolt\n|-damage|p2a: Raging Bolt|295/323\n|move|p2a: Raging Bolt|Draco Meteor|p1a: Lanturn\n|-damage|p1a: Lanturn|202/367\n|-unboost|p2a: Raging Bolt|spa|2\n|\n|upkeep\n|turn|21\n|\n|t:|1781450114\n|move|p1a: Lanturn|Thunder Wave|p2a: Raging Bolt\n|-immune|p2a: Raging Bolt\n|move|p2a: Raging Bolt|Draco Meteor|p1a: Lanturn\n|-damage|p1a: Lanturn|117/367\n|-unboost|p2a: Raging Bolt|spa|2\n|\n|upkeep\n|turn|22\n|\n|t:|1781450117\n|move|p1a: Lanturn|Scald|p2a: Raging Bolt\n|-resisted|p2a: Raging Bolt\n|-damage|p2a: Raging Bolt|265/323\n|-status|p2a: Raging Bolt|brn\n|move|p2a: Raging Bolt|Draco Meteor|p1a: Lanturn\n|-damage|p1a: Lanturn|65/367\n|-unboost|p2a: Raging Bolt|spa|2\n|\n|-damage|p2a: Raging Bolt|245/323 brn|[from] brn\n|upkeep\n|turn|23\n|\n|t:|1781450122\n|move|p1a: Lanturn|Scald|p2a: Raging Bolt\n|-resisted|p2a: Raging Bolt\n|-damage|p2a: Raging Bolt|218/323 brn\n|move|p2a: Raging Bolt|Draco Meteor|p1a: Lanturn\n|-damage|p1a: Lanturn|26/367\n|\n|-damage|p2a: Raging Bolt|198/323 brn|[from] brn\n|upkeep\n|turn|24\n|\n|t:|1781450124\n|move|p1a: Lanturn|Scald|p2a: Raging Bolt\n|-resisted|p2a: Raging Bolt\n|-damage|p2a: Raging Bolt|168/323 brn\n|move|p2a: Raging Bolt|Draco Meteor|p1a: Lanturn\n|-damage|p1a: Lanturn|0 fnt\n|faint|p1a: Lanturn\n|\n|-damage|p2a: Raging Bolt|148/323 brn|[from] brn\n|upkeep\n|\n|t:|1781450126\n|switch|p1a: Spectrier|Spectrier, L75|274/274\n|turn|25\n|\n|t:|1781450130\n|move|p1a: Spectrier|Nasty Plot|p1a: Spectrier\n|-boost|p1a: Spectrier|spa|2\n|move|p2a: Raging Bolt|Volt Switch|p1a: Spectrier\n|-damage|p1a: Spectrier|246/274\n|\n|t:|1781450139\n|-end|p2a: Raging Bolt|Protosynthesis|[silent]\n|switch|p2a: Farigiraf|Farigiraf, L90, M|362/362|[from] Volt Switch\n|-activate|p2a: Farigiraf|move: Sticky Web\n|-unboost|p2a: Farigiraf|spe|1\n|\n|-heal|p1a: Spectrier|263/274|[from] item: Leftovers\n|upkeep\n|turn|26\n|\n|t:|1781450151\n|move|p1a: Spectrier|Nasty Plot|p1a: Spectrier\n|-boost|p1a: Spectrier|spa|2\n|move|p2a: Farigiraf|Psychic Noise|p1a: Spectrier\n|-damage|p1a: Spectrier|137/274\n|-start|p1a: Spectrier|move: Heal Block\n|\n|upkeep\n|turn|27\n|\n|t:|1781450154\n|move|p1a: Spectrier|Nasty Plot|p1a: Spectrier\n|-boost|p1a: Spectrier|spa|2\n|move|p2a: Farigiraf|Psychic Noise|p1a: Spectrier\n|-damage|p1a: Spectrier|26/274\n|\n|-end|p1a: Spectrier|move: Heal Block\n|upkeep\n|turn|28\n|\n|t:|1781450158\n|-terastallize|p1a: Spectrier|Fairy\n|move|p1a: Spectrier|Draining Kiss|p2a: Farigiraf\n|-crit|p2a: Farigiraf\n|-damage|p2a: Farigiraf|0 fnt\n|-heal|p1a: Spectrier|274/274|[from] drain|[of] p2a: Farigiraf\n|faint|p2a: Farigiraf\n|\n|upkeep\n|\n|t:|1781450166\n|switch|p2a: Raging Bolt|Raging Bolt, L78|148/323 brn\n|-activate|p2a: Raging Bolt|move: Sticky Web\n|-unboost|p2a: Raging Bolt|spe|1\n|turn|29\n|\n|t:|1781450170\n|move|p2a: Raging Bolt|Thunderclap|p1a: Spectrier\n|-damage|p1a: Spectrier|172/274\n|move|p1a: Spectrier|Draining Kiss|p2a: Raging Bolt\n|-supereffective|p2a: Raging Bolt\n|-damage|p2a: Raging Bolt|0 fnt\n|-heal|p1a: Spectrier|274/274|[from] drain|[of] p2a: Raging Bolt\n|faint|p2a: Raging Bolt\n|-end|p2a: Raging Bolt|Protosynthesis|[silent]\n|\n|upkeep\n|\n|t:|1781450174\n|switch|p2a: Medicham|Medicham, L86, M|243/243\n|-activate|p2a: Medicham|move: Sticky Web\n|-unboost|p2a: Medicham|spe|1\n|turn|30\n|c|\u2606Murales|gg\n|\n|t:|1781450178\n|move|p1a: Spectrier|Draining Kiss|p2a: Medicham\n|-supereffective|p2a: Medicham\n|-damage|p2a: Medicham|0 fnt\n|faint|p2a: Medicham\n|\n|upkeep\n|\n|t:|1781450180\n|switch|p2a: Dodrio|Dodrio, L85, F|139/241\n|turn|31\n|\n|t:|1781450181\n|move|p1a: Spectrier|Draining Kiss|p2a: Dodrio\n|-damage|p2a: Dodrio|0 fnt\n|faint|p2a: Dodrio\n|\n|win|Deven711\n|raw|Deven711's rating: 1846 &rarr; <strong>1864</strong><br />(+18 for winning)\n|raw|Murales's rating: 1816 &rarr; <strong>1798</strong><br />(-18 for losing)\n|l|\u2606Murales\n|player|p2|\n|c|\u2606Deven711|spec should be banned\n", "inputlog": ">version a8376a258c1d4662feba110a92103f3664a72141\n>start {\"formatid\":\"gen9randombattle\",\"seed\":\"sodium,5da1e68df799ee05c0790e34d8698a4e\",\"rated\":\"Rated battle\"}\n>player p1 {\"name\":\"Deven711\",\"avatar\":\"2\",\"rating\":1846,\"seed\":\"sodium,3b7ef3bbc21e251659f035f2a4dabe50\"}\n>player p2 {\"name\":\"Murales\",\"avatar\":\"firebreather\",\"rating\":1816,\"seed\":\"sodium,82e342de22d46dc9f468463a641ac6ff\"}\n>p1 switch 4\n>p2 move bodyslam\n>p1 move stickyweb\n>p2 switch 3\n>p1 move circlethrow\n>p2 move swordsdance\n>p1 move circlethrow\n>p2 move knockoff\n>p1 move circlethrow\n>p2 move knockoff\n>p1 switch 3\n>p1 move heavyslam\n>p2 move knockoff\n>p1 move heavyslam\n>p2 switch 5\n>p1 move bodypress\n>p2 move thunderbolt\n>p1 switch 2\n>p1 move earthquake\n>p2 move thunderbolt\n>p2 switch 2\n>p1 move agility\n>p2 move earthquake\n>p1 move heavyslam\n>p2 move earthquake terastallize\n>p1 switch 4\n>p1 move alluringvoice\n>p2 move roar\n>p2 switch 3\n>p1 move calmmind\n>p2 move bodyslam\n>p1 move alluringvoice\n>p2 move psychicnoise\n>p1 move calmmind\n>p2 move wish\n>p1 move calmmind\n>p2 move bodyslam\n>p1 move recover\n>p2 move bodyslam\n>p1 switch 5\n>p1 move thunderwave\n>p2 move protect\n>p1 move thunderwave\n>p2 switch 6\n>p1 move scald\n>p2 move dracometeor\n>p1 move thunderwave\n>p2 move dracometeor\n>p1 move scald\n>p2 move dracometeor\n>p1 move scald\n>p2 move dracometeor\n>p1 move scald\n>p2 move dracometeor\n>p1 switch 6\n>p1 move nastyplot\n>p2 move voltswitch\n>p2 switch 6\n>p1 move nastyplot\n>p2 move psychicnoise\n>p1 move nastyplot\n>p2 move psychicnoise\n>p1 move drainingkiss terastallize\n>p2 move psychicnoise\n>p2 switch 6\n>p1 move drainingkiss\n>p2 move thunderclap\n>p2 switch 4\n>chat \u2606Murales|gg\n>p1 move drainingkiss\n>p2 move poisonjab\n>p2 switch 5\n>p1 move drainingkiss\n>p2 move bravebird", "uploadtime": 1781450189, "views": 4, "formatid": "gen9randombattle", "rating": 1798, "private": 0, "password": null, "player_dets": [{"name": "Deven711", "avatar": "2", "rating": 1846, "seed": "sodium,3b7ef3bbc21e251659f035f2a4dabe50"}, {"name": "Murales", "avatar": "firebreather", "rating": 1816, "seed": "sodium,82e342de22d46dc9f468463a641ac6ff"}], "teams_full": [{"Alcremie": {"name": "Alcremie", "species": "Alcremie-Salted-Cream", "speciesId": "alcremie", "gender": "F", "shiny": false, "level": 90, "moves": ["recover", "terablast", "alluringvoice", "calmmind"], "ability": "Aroma Veil", "evs": {"hp": 85, "atk": 0, "def": 85, "spa": 85, "spd": 85, "spe": 85}, "ivs": {"hp": 31, "atk": 0, "def": 31, "spa": 31, "spd": 31, "spe": 31}, "item": "Leftovers", "teraType": "Ground", "role": "Tera Blast user", "bvs": {"hp": 65, "atk": 60, "def": 75, "spa": 110, "spd": 121, "spe": 64}, "stats": {"hp": 263, "atk": 113, "def": 186, "spa": 249, "spd": 269, "spe": 167}, "types": ["Fairy"]}, "Metagross": {"name": "Metagross", "species": "Metagross", "speciesId": "metagross", "gender": "N", "shiny": false, "level": 79, "moves": ["agility", "earthquake", "psychicfangs", "heavyslam"], "ability": "Clear Body", "evs": {"hp": 85, "atk": 85, "def": 85, "spa": 85, "spd": 85, "spe": 85}, "ivs": {"hp": 31, "atk": 31, "def": 31, "spa": 31, "spd": 31, "spe": 31}, "item": "Weakness Policy", "teraType": "Ground", "role": "Bulky Setup", "bvs": {"hp": 80, "atk": 135, "def": 130, "spa": 95, "spd": 90, "spe": 70}, "stats": {"hp": 256, "atk": 259, "def": 251, "spa": 196, "spd": 188, "spe": 156}, "types": ["Steel", "Psychic"]}, "Orthworm": {"name": "Orthworm", "species": "Orthworm", "speciesId": "orthworm", "gender": "F", "shiny": false, "level": 88, "moves": ["heavyslam", "spikes", "bodypress", "shedtail"], "ability": "Earth Eater", "evs": {"hp": 85, "atk": 85, "def": 85, "spa": 85, "spd": 85, "spe": 85}, "ivs": {"hp": 31, "atk": 31, "def": 31, "spa": 31, "spd": 31, "spe": 31}, "item": "Leftovers", "teraType": "Ghost", "role": "Bulky Attacker", "bvs": {"hp": 70, "atk": 85, "def": 145, "spa": 60, "spd": 55, "spe": 65}, "stats": {"hp": 266, "atk": 200, "def": 305, "spa": 156, "spd": 147, "spe": 165}, "types": ["Steel"]}, "Spidops": {"name": "Spidops", "species": "Spidops", "speciesId": "spidops", "gender": "M", "shiny": false, "level": 96, "moves": ["knockoff", "stickyweb", "circlethrow", "spikes"], "ability": "Stakeout", "evs": {"hp": 85, "atk": 85, "def": 85, "spa": 85, "spd": 85, "spe": 85}, "ivs": {"hp": 31, "atk": 31, "def": 31, "spa": 31, "spd": 31, "spe": 31}, "item": "Heavy-Duty Boots", "teraType": "Ghost", "role": "Bulky Support", "bvs": {"hp": 60, "atk": 79, "def": 92, "spa": 52, "spd": 86, "spe": 35}, "stats": {"hp": 271, "atk": 206, "def": 231, "spa": 154, "spd": 220, "spe": 122}, "types": ["Bug"]}, "Lanturn": {"name": "Lanturn", "species": "Lanturn", "speciesId": "lanturn", "gender": "F", "shiny": false, "level": 89, "moves": ["voltswitch", "thunderwave", "thunderbolt", "scald"], "ability": "Volt Absorb", "evs": {"hp": 85, "atk": 0, "def": 85, "spa": 85, "spd": 85, "spe": 85}, "ivs": {"hp": 31, "atk": 0, "def": 31, "spa": 31, "spd": 31, "spe": 31}, "item": "Heavy-Duty Boots", "teraType": "Flying", "role": "Fast Support", "bvs": {"hp": 125, "atk": 58, "def": 58, "spa": 76, "spd": 76, "spe": 67}, "stats": {"hp": 367, "atk": 108, "def": 154, "spa": 186, "spd": 186, "spe": 170}, "types": ["Water", "Electric"]}, "Spectrier": {"name": "Spectrier", "species": "Spectrier", "speciesId": "spectrier", "gender": "N", "shiny": false, "level": 75, "moves": ["drainingkiss", "shadowball", "nastyplot", "substitute"], "ability": "Grim Neigh", "evs": {"hp": 85, "atk": 0, "def": 85, "spa": 85, "spd": 85, "spe": 85}, "ivs": {"hp": 31, "atk": 0, "def": 31, "spa": 31, "spd": 31, "spe": 31}, "item": "Leftovers", "teraType": "Fairy", "role": "Setup Sweeper", "bvs": {"hp": 100, "atk": 65, "def": 60, "spa": 145, "spd": 80, "spe": 130}, "stats": {"hp": 274, "atk": 102, "def": 134, "spa": 261, "spd": 164, "spe": 239}, "types": ["Ghost"]}}, {"Farigiraf": {"name": "Farigiraf", "species": "Farigiraf", "speciesId": "farigiraf", "gender": "M", "shiny": false, "level": 90, "moves": ["bodyslam", "wish", "protect", "psychicnoise"], "ability": "Sap Sipper", "evs": {"hp": 85, "atk": 85, "def": 85, "spa": 85, "spd": 85, "spe": 85}, "ivs": {"hp": 31, "atk": 31, "def": 31, "spa": 31, "spd": 31, "spe": 31}, "item": "Leftovers", "teraType": "Water", "role": "Bulky Support", "bvs": {"hp": 120, "atk": 90, "def": 70, "spa": 110, "spd": 70, "spe": 60}, "stats": {"hp": 362, "atk": 213, "def": 177, "spa": 249, "spd": 177, "spe": 159}, "types": ["Normal", "Psychic"]}, "Piloswine": {"name": "Piloswine", "species": "Piloswine", "speciesId": "piloswine", "gender": "F", "shiny": false, "level": 85, "moves": ["earthquake", "roar", "iciclecrash", "iceshard"], "ability": "Thick Fat", "evs": {"hp": 85, "atk": 85, "def": 85, "spa": 85, "spd": 85, "spe": 85}, "ivs": {"hp": 31, "atk": 31, "def": 31, "spa": 31, "spd": 31, "spe": 31}, "item": "Eviolite", "teraType": "Dragon", "role": "Bulky Support", "bvs": {"hp": 100, "atk": 100, "def": 80, "spa": 60, "spd": 60, "spe": 50}, "stats": {"hp": 309, "atk": 219, "def": 185, "spa": 151, "spd": 151, "spe": 134}, "types": ["Ice", "Ground"]}, "Dodrio": {"name": "Dodrio", "species": "Dodrio", "speciesId": "dodrio", "gender": "F", "shiny": false, "level": 85, "moves": ["knockoff", "swordsdance", "drillrun", "bravebird"], "ability": "Early Bird", "evs": {"hp": 85, "atk": 85, "def": 85, "spa": 85, "spd": 85, "spe": 85}, "ivs": {"hp": 31, "atk": 31, "def": 31, "spa": 31, "spd": 31, "spe": 31}, "item": "Heavy-Duty Boots", "teraType": "Ground", "role": "Setup Sweeper", "bvs": {"hp": 60, "atk": 110, "def": 70, "spa": 60, "spd": 60, "spe": 110}, "stats": {"hp": 241, "atk": 236, "def": 168, "spa": 151, "spd": 151, "spe": 236}, "types": ["Normal", "Flying"]}, "Medicham": {"name": "Medicham", "species": "Medicham", "speciesId": "medicham", "gender": "M", "shiny": false, "level": 86, "moves": ["zenheadbutt", "poisonjab", "closecombat", "trick"], "ability": "Pure Power", "evs": {"hp": 85, "atk": 85, "def": 85, "spa": 85, "spd": 85, "spe": 85}, "ivs": {"hp": 31, "atk": 31, "def": 31, "spa": 31, "spd": 31, "spe": 31}, "item": "Choice Scarf", "teraType": "Fighting", "role": "Fast Attacker", "bvs": {"hp": 60, "atk": 60, "def": 75, "spa": 60, "spd": 75, "spe": 80}, "stats": {"hp": 243, "atk": 152, "def": 178, "spa": 152, "spd": 178, "spe": 187}, "types": ["Fighting", "Psychic"]}, "Magnezone": {"name": "Magnezone", "species": "Magnezone", "speciesId": "magnezone", "gender": "N", "shiny": false, "level": 85, "moves": ["flashcannon", "thunderbolt", "bodypress", "voltswitch"], "ability": "Analytic", "evs": {"hp": 85, "atk": 0, "def": 85, "spa": 85, "spd": 85, "spe": 85}, "ivs": {"hp": 31, "atk": 0, "def": 31, "spa": 31, "spd": 31, "spe": 31}, "item": "Choice Scarf", "teraType": "Flying", "role": "Fast Attacker", "bvs": {"hp": 70, "atk": 70, "def": 115, "spa": 130, "spd": 90, "spe": 60}, "stats": {"hp": 258, "atk": 124, "def": 244, "spa": 270, "spd": 202, "spe": 151}, "types": ["Electric", "Steel"]}, "Raging Bolt": {"name": "Raging Bolt", "species": "Raging Bolt", "speciesId": "ragingbolt", "gender": "N", "shiny": false, "level": 78, "moves": ["discharge", "dracometeor", "thunderclap", "voltswitch"], "ability": "Protosynthesis", "evs": {"hp": 85, "atk": 0, "def": 85, "spa": 85, "spd": 85, "spe": 85}, "ivs": {"hp": 31, "atk": 0, "def": 31, "spa": 31, "spd": 31, "spe": 31}, "item": "Assault Vest", "teraType": "Electric", "role": "AV Pivot", "bvs": {"hp": 125, "atk": 73, "def": 91, "spa": 137, "spd": 89, "spe": 75}, "stats": {"hp": 323, "atk": 118, "def": 187, "spa": 259, "spd": 184, "spe": 162}, "types": ["Electric", "Dragon"]}}]}