{"id": "gen9randombattle-2632001888", "format": "[Gen 9] Random Battle", "players": ["bluffmepls", "Alexander Babits"], "log": "|j|\u2606bluffmepls\n|j|\u203dAlexander Babits\n|t:|1781464693\n|gametype|singles\n|player|p1|bluffmepls|169|2071\n|player|p2|Alexander Babits|2|2062\n|gen|9\n|tier|[Gen 9] Random Battle\n|rated|\n|rule|Species Clause: Limit one of each Pok\u00e9mon\n|rule|HP Percentage Mod: HP is shown in percentages\n|rule|Sleep Clause Mod: Limit one foe put to sleep\n|rule|Illusion Level Mod: Illusion disguises the Pok\u00e9mon's true level\n|\n|t:|1781464693\n|teamsize|p1|6\n|teamsize|p2|6\n|start\n|switch|p1a: Shiftry|Shiftry, L89, F|305/305\n|switch|p2a: Houndstone|Houndstone, L86, M|264/264\n|turn|1\n|inactive|Battle timer is ON: inactive players will automatically lose when time's up. (requested by bluffmepls)\n|\n|t:|1781464708\n|switch|p2a: Talonflame|Talonflame, L83, F|265/265\n|move|p1a: Shiftry|Knock Off|p2a: Talonflame\n|-damage|p2a: Talonflame|97/265\n|-enditem|p2a: Talonflame|Heavy-Duty Boots|[from] move: Knock Off|[of] p1a: Shiftry\n|-damage|p1a: Shiftry|275/305|[from] item: Life Orb\n|\n|upkeep\n|turn|2\n|\n|t:|1781464719\n|switch|p2a: Magnezone|Magnezone, L85|258/258\n|switch|p1a: Grafaiai|Grafaiai, L86, F|249/249\n|\n|upkeep\n|turn|3\n|\n|t:|1781464727\n|move|p1a: Grafaiai|Super Fang|p2a: Magnezone\n|-damage|p2a: Magnezone|129/258\n|move|p2a: Magnezone|Flash Cannon|p1a: Grafaiai\n|-damage|p1a: Grafaiai|140/249\n|\n|-heal|p2a: Magnezone|145/258|[from] item: Leftovers\n|upkeep\n|turn|4\n|\n|t:|1781464735\n|move|p1a: Grafaiai|U-turn|p2a: Magnezone\n|-resisted|p2a: Magnezone\n|-damage|p2a: Magnezone|126/258\n|\n|t:|1781464743\n|switch|p1a: Corviknight|Corviknight, L80, M|288/288|[from] U-turn\n|move|p2a: Magnezone|Body Press|p1a: Corviknight\n|-damage|p1a: Corviknight|202/288\n|\n|-heal|p1a: Corviknight|220/288|[from] item: Leftovers\n|-heal|p2a: Magnezone|142/258|[from] item: Leftovers\n|upkeep\n|turn|5\n|\n|t:|1781464749\n|move|p1a: Corviknight|Body Press|p2a: Magnezone\n|-supereffective|p2a: Magnezone\n|-damage|p2a: Magnezone|52/258\n|move|p2a: Magnezone|Discharge|p1a: Corviknight\n|-supereffective|p1a: Corviknight\n|-damage|p1a: Corviknight|0 fnt\n|faint|p1a: Corviknight\n|\n|-heal|p2a: Magnezone|68/258|[from] item: Leftovers\n|upkeep\n|\n|t:|1781464754\n|switch|p1a: Shiftry|Shiftry, L89, F|275/305\n|turn|6\n|\n|t:|1781464759\n|move|p1a: Shiftry|Knock Off|p2a: Magnezone\n|-damage|p2a: Magnezone|0 fnt\n|-enditem|p2a: Magnezone|Leftovers|[from] move: Knock Off|[of] p1a: Shiftry\n|faint|p2a: Magnezone\n|-damage|p1a: Shiftry|245/305|[from] item: Life Orb\n|\n|upkeep\n|\n|t:|1781464774\n|switch|p2a: Iron Bundle|Iron Bundle, L78|215/215\n|turn|7\n|\n|t:|1781464786\n|switch|p1a: Medicham|Medicham, L86, F|243/243\n|move|p2a: Iron Bundle|Ice Beam|p1a: Medicham\n|-crit|p1a: Medicham\n|-damage|p1a: Medicham|62/243\n|-status|p1a: Medicham|frz\n|\n|upkeep\n|turn|8\n|\n|t:|1781464792\n|-curestatus|p1a: Medicham|frz|[msg]\n|move|p1a: Medicham|Zen Headbutt|p2a: Iron Bundle|[miss]\n|-miss|p1a: Medicham|p2a: Iron Bundle\n|move|p2a: Iron Bundle|Ice Beam|p1a: Medicham\n|-damage|p1a: Medicham|0 fnt\n|faint|p1a: Medicham\n|\n|upkeep\n|\n|t:|1781464799\n|switch|p1a: Grafaiai|Grafaiai, L86, F|140/249\n|turn|9\n|\n|t:|1781464808\n|move|p2a: Iron Bundle|Ice Beam|p1a: Grafaiai\n|-crit|p1a: Grafaiai\n|-damage|p1a: Grafaiai|23/249\n|move|p1a: Grafaiai|Gunk Shot|p2a: Iron Bundle|[miss]\n|-miss|p1a: Grafaiai|p2a: Iron Bundle\n|\n|upkeep\n|turn|10\n|c|\u2606bluffmepls|i see\n|\n|t:|1781464817\n|move|p2a: Iron Bundle|Ice Beam|p1a: Grafaiai\n|-damage|p1a: Grafaiai|0 fnt\n|faint|p1a: Grafaiai\n|\n|upkeep\n|\n|t:|1781464824\n|switch|p1a: Shiftry|Shiftry, L89, F|245/305\n|turn|11\n|\n|t:|1781464831\n|-end|p2a: Iron Bundle|Quark Drive|[silent]\n|switch|p2a: Tornadus|Tornadus-Therian, L79, M|254/254\n|-terastallize|p1a: Shiftry|Fighting\n|move|p1a: Shiftry|Tailwind|p1a: Shiftry\n|-sidestart|p1: bluffmepls|move: Tailwind\n|-ability|p1a: Shiftry|Wind Rider|boost\n|-boost|p1a: Shiftry|atk|1\n|\n|upkeep\n|turn|12\n|\n|t:|1781464846\n|-terastallize|p2a: Tornadus|Fighting\n|move|p1a: Shiftry|Knock Off|p2a: Tornadus\n|-resisted|p2a: Tornadus\n|-damage|p2a: Tornadus|121/254\n|-enditem|p2a: Tornadus|Choice Specs|[from] move: Knock Off|[of] p1a: Shiftry\n|-damage|p1a: Shiftry|215/305|[from] item: Life Orb\n|move|p2a: Tornadus|Focus Blast|p1a: Shiftry|[miss]\n|-miss|p2a: Tornadus|p1a: Shiftry\n|\n|upkeep\n|turn|13\n|\n|t:|1781464857\n|move|p1a: Shiftry|Leaf Blade|p2a: Tornadus\n|-damage|p2a: Tornadus|0 fnt\n|faint|p2a: Tornadus\n|-damage|p1a: Shiftry|185/305|[from] item: Life Orb\n|\n|upkeep\n|\n|t:|1781464860\n|switch|p2a: Meganium|Meganium, L90, M|290/290\n|turn|14\n|\n|t:|1781464868\n|move|p1a: Shiftry|Knock Off|p2a: Meganium\n|-damage|p2a: Meganium|90/290\n|-enditem|p2a: Meganium|Leftovers|[from] move: Knock Off|[of] p1a: Shiftry\n|-damage|p1a: Shiftry|155/305|[from] item: Life Orb\n|move|p2a: Meganium|Earthquake|p1a: Shiftry\n|-damage|p1a: Shiftry|69/305\n|\n|-sideend|p1: bluffmepls|move: Tailwind\n|upkeep\n|turn|15\n|\n|t:|1781464884\n|switch|p1a: Iron Jugulis|Iron Jugulis, L77|271/271\n|move|p2a: Meganium|Earthquake|p1a: Iron Jugulis\n|-immune|p1a: Iron Jugulis\n|\n|upkeep\n|turn|16\n|\n|t:|1781464893\n|move|p1a: Iron Jugulis|Dark Pulse|p2a: Meganium\n|-damage|p2a: Meganium|0 fnt\n|faint|p2a: Meganium\n|\n|upkeep\n|\n|t:|1781464902\n|switch|p2a: Iron Bundle|Iron Bundle, L78|215/215\n|turn|17\n|\n|t:|1781464912\n|-end|p1a: Iron Jugulis|Quark Drive|[silent]\n|switch|p1a: Shiftry|Shiftry, L89, F, tera:Fighting|69/305\n|move|p2a: Iron Bundle|Ice Beam|p1a: Shiftry\n|-damage|p1a: Shiftry|0 fnt\n|faint|p1a: Shiftry\n|\n|upkeep\n|\n|t:|1781464916\n|switch|p1a: Shaymin|Shaymin, L82|298/298\n|turn|18\n|\n|t:|1781464926\n|-end|p2a: Iron Bundle|Quark Drive|[silent]\n|switch|p2a: Talonflame|Talonflame, L83, F|97/265\n|move|p1a: Shaymin|Seed Flare|p2a: Talonflame\n|-resisted|p2a: Talonflame\n|-damage|p2a: Talonflame|57/265\n|\n|upkeep\n|turn|19\n|\n|t:|1781464939\n|switch|p1a: Iron Jugulis|Iron Jugulis, L77|271/271\n|move|p2a: Talonflame|Brave Bird|p1a: Iron Jugulis\n|-damage|p1a: Iron Jugulis|160/271\n|-damage|p2a: Talonflame|20/265|[from] Recoil\n|\n|upkeep\n|turn|20\n|\n|t:|1781464948\n|switch|p2a: Houndstone|Houndstone, L86, M|264/264\n|move|p1a: Iron Jugulis|Dark Pulse|p2a: Houndstone\n|-supereffective|p2a: Houndstone\n|-damage|p2a: Houndstone|108/264\n|\n|upkeep\n|turn|21\n|\n|t:|1781464959\n|move|p2a: Houndstone|Shadow Sneak|p1a: Iron Jugulis\n|-resisted|p1a: Iron Jugulis\n|-damage|p1a: Iron Jugulis|136/271\n|move|p1a: Iron Jugulis|Dark Pulse|p2a: Houndstone\n|-supereffective|p2a: Houndstone\n|-damage|p2a: Houndstone|0 fnt\n|faint|p2a: Houndstone\n|\n|upkeep\n|\n|t:|1781464964\n|switch|p2a: Iron Bundle|Iron Bundle, L78|215/215\n|turn|22\n|\n|t:|1781464969\n|move|p2a: Iron Bundle|Ice Beam|p1a: Iron Jugulis\n|-supereffective|p1a: Iron Jugulis\n|-damage|p1a: Iron Jugulis|0 fnt\n|faint|p1a: Iron Jugulis\n|-end|p1a: Iron Jugulis|Quark Drive|[silent]\n|\n|upkeep\n|\n|t:|1781464972\n|switch|p1a: Shaymin|Shaymin, L82|298/298\n|turn|23\n|\n|t:|1781464979\n|move|p2a: Iron Bundle|Ice Beam|p1a: Shaymin\n|-supereffective|p1a: Shaymin\n|-damage|p1a: Shaymin|106/298\n|move|p1a: Shaymin|Seed Flare|p2a: Iron Bundle\n|-supereffective|p2a: Iron Bundle\n|-damage|p2a: Iron Bundle|0 fnt\n|faint|p2a: Iron Bundle\n|-end|p2a: Iron Bundle|Quark Drive|[silent]\n|\n|-heal|p1a: Shaymin|124/298|[from] item: Leftovers\n|upkeep\n|\n|t:|1781464982\n|switch|p2a: Talonflame|Talonflame, L83, F|20/265\n|turn|24\n|\n|t:|1781464986\n|move|p2a: Talonflame|Flare Blitz|p1a: Shaymin\n|-supereffective|p1a: Shaymin\n|-crit|p1a: Shaymin\n|-damage|p1a: Shaymin|0 fnt\n|faint|p1a: Shaymin\n|-damage|p2a: Talonflame|0 fnt|[from] Recoil\n|faint|p2a: Talonflame\n|\n|win|Alexander Babits\n", "inputlog": ">version a8376a258c1d4662feba110a92103f3664a72141\n>start {\"formatid\":\"gen9randombattle\",\"seed\":\"sodium,d35baca8e879c50fa46a9db74eccff47\",\"rated\":\"Rated battle\"}\n>player p1 {\"name\":\"bluffmepls\",\"avatar\":\"169\",\"rating\":2071,\"seed\":\"sodium,803a32b3efe06c5173c40fcb296f4d8b\"}\n>player p2 {\"name\":\"Alexander Babits\",\"avatar\":\"2\",\"rating\":2062,\"seed\":\"sodium,052846b6d37cd030014a760d2158721a\"}\n>p1 move knockoff\n>p2 switch 2\n>p1 switch 3\n>p2 switch 4\n>p1 move superfang\n>p2 move flashcannon\n>p1 move uturn\n>p2 move bodypress\n>p1 switch 6\n>p1 move bodypress\n>p2 move discharge\n>p1 switch 3\n>p1 move knockoff\n>p2 move bodypress\n>p2 switch 3\n>p1 switch 5\n>p2 move icebeam\n>p1 move zenheadbutt\n>p2 move icebeam\n>p1 switch 6\n>p1 move gunkshot\n>p2 move icebeam\n>chat \u2606bluffmepls|i see\n>p1 move gunkshot\n>p2 move icebeam\n>p1 switch 5\n>p1 move tailwind terastallize\n>p2 switch 5\n>p1 move knockoff\n>p2 move focusblast terastallize\n>p1 move leafblade\n>p2 move focusblast\n>p2 switch 6\n>p1 move knockoff\n>p2 move earthquake\n>p1 switch 2\n>p2 move earthquake\n>p1 move darkpulse\n>p2 move petalblizzard\n>p2 switch 5\n>p1 switch 2\n>p2 move icebeam\n>p1 switch 4\n>p1 move seedflare\n>p2 switch 4\n>p1 switch 2\n>p2 move bravebird\n>p1 move darkpulse\n>p2 switch 2\n>p1 move darkpulse\n>p2 move shadowsneak\n>p2 switch 4\n>p1 move darkpulse\n>p2 move icebeam\n>p1 switch 2\n>p1 move seedflare\n>p2 move icebeam\n>p2 switch 2\n>p1 move synthesis\n>p2 move flareblitz", "uploadtime": 1781464695, "views": 5, "formatid": "gen9randombattle", "rating": null, "private": 0, "password": null, "player_dets": [{"name": "bluffmepls", "avatar": "169", "rating": 2071, "seed": "sodium,803a32b3efe06c5173c40fcb296f4d8b"}, {"name": "Alexander Babits", "avatar": "2", "rating": 2062, "seed": "sodium,052846b6d37cd030014a760d2158721a"}], "teams_full": [{"Shiftry": {"name": "Shiftry", "species": "Shiftry", "speciesId": "shiftry", "gender": "F", "shiny": false, "level": 89, "moves": ["leafblade", "tailwind", "lowkick", "knockoff"], "ability": "Wind Rider", "evs": {"hp": 85, "atk": 85, "def": 85, "spa": 85, "spd": 85, "spe": 85}, "ivs": {"hp": 31, "atk": 31, "def": 31, "spa": 31, "spd": 31, "spe": 31}, "item": "Life Orb", "teraType": "Fighting", "role": "Setup Sweeper", "bvs": {"hp": 90, "atk": 100, "def": 60, "spa": 90, "spd": 60, "spe": 80}, "stats": {"hp": 305, "atk": 229, "def": 158, "spa": 211, "spd": 158, "spe": 193}, "types": ["Grass", "Dark"]}, "Iron Jugulis": {"name": "Iron Jugulis", "species": "Iron Jugulis", "speciesId": "ironjugulis", "gender": "N", "shiny": false, "level": 77, "moves": ["darkpulse", "earthpower", "hydropump", "hurricane"], "ability": "Quark Drive", "evs": {"hp": 85, "atk": 0, "def": 85, "spa": 85, "spd": 85, "spe": 85}, "ivs": {"hp": 31, "atk": 0, "def": 31, "spa": 31, "spd": 31, "spe": 31}, "item": "Choice Specs", "teraType": "Flying", "role": "Wallbreaker", "bvs": {"hp": 94, "atk": 80, "def": 86, "spa": 122, "spd": 80, "spe": 108}, "stats": {"hp": 271, "atk": 128, "def": 177, "spa": 232, "spd": 168, "spe": 211}, "types": ["Dark", "Flying"]}, "Grafaiai": {"name": "Grafaiai", "species": "Grafaiai", "speciesId": "grafaiai", "gender": "F", "shiny": false, "level": 86, "moves": ["knockoff", "uturn", "superfang", "gunkshot"], "ability": "Poison Touch", "evs": {"hp": 85, "atk": 85, "def": 85, "spa": 85, "spd": 85, "spe": 85}, "ivs": {"hp": 31, "atk": 31, "def": 31, "spa": 31, "spd": 31, "spe": 31}, "item": "Assault Vest", "teraType": "Dark", "role": "AV Pivot", "bvs": {"hp": 63, "atk": 95, "def": 65, "spa": 80, "spd": 72, "spe": 110}, "stats": {"hp": 249, "atk": 213, "def": 161, "spa": 187, "spd": 173, "spe": 238}, "types": ["Poison", "Normal"]}, "Shaymin": {"name": "Shaymin", "species": "Shaymin", "speciesId": "shaymin", "gender": "N", "shiny": false, "level": 82, "moves": ["airslash", "earthpower", "seedflare", "synthesis"], "ability": "Natural Cure", "evs": {"hp": 85, "atk": 0, "def": 85, "spa": 85, "spd": 85, "spe": 85}, "ivs": {"hp": 31, "atk": 0, "def": 31, "spa": 31, "spd": 31, "spe": 31}, "item": "Leftovers", "teraType": "Ground", "role": "Bulky Attacker", "bvs": {"hp": 100, "atk": 100, "def": 100, "spa": 100, "spd": 100, "spe": 100}, "stats": {"hp": 298, "atk": 169, "def": 211, "spa": 211, "spd": 211, "spe": 211}, "types": ["Grass"]}, "Medicham": {"name": "Medicham", "species": "Medicham", "speciesId": "medicham", "gender": "F", "shiny": false, "level": 86, "moves": ["poisonjab", "closecombat", "trick", "zenheadbutt"], "ability": "Pure Power", "evs": {"hp": 85, "atk": 85, "def": 85, "spa": 85, "spd": 85, "spe": 85}, "ivs": {"hp": 31, "atk": 31, "def": 31, "spa": 31, "spd": 31, "spe": 31}, "item": "Choice Scarf", "teraType": "Fighting", "role": "Fast Attacker", "bvs": {"hp": 60, "atk": 60, "def": 75, "spa": 60, "spd": 75, "spe": 80}, "stats": {"hp": 243, "atk": 152, "def": 178, "spa": 152, "spd": 178, "spe": 187}, "types": ["Fighting", "Psychic"]}, "Corviknight": {"name": "Corviknight", "species": "Corviknight", "speciesId": "corviknight", "gender": "M", "shiny": false, "level": 80, "moves": ["defog", "roost", "bodypress", "bravebird"], "ability": "Mirror Armor", "evs": {"hp": 85, "atk": 85, "def": 85, "spa": 85, "spd": 85, "spe": 85}, "ivs": {"hp": 31, "atk": 31, "def": 31, "spa": 31, "spd": 31, "spe": 31}, "item": "Leftovers", "teraType": "Dragon", "role": "Bulky Support", "bvs": {"hp": 98, "atk": 87, "def": 105, "spa": 53, "spd": 85, "spe": 67}, "stats": {"hp": 288, "atk": 185, "def": 214, "spa": 131, "spd": 182, "spe": 153}, "types": ["Flying", "Steel"]}}, {"Houndstone": {"name": "Houndstone", "species": "Houndstone", "speciesId": "houndstone", "gender": "M", "shiny": false, "level": 86, "moves": ["shadowsneak", "playrough", "bodypress", "poltergeist"], "ability": "Fluffy", "evs": {"hp": 85, "atk": 85, "def": 85, "spa": 85, "spd": 85, "spe": 85}, "ivs": {"hp": 31, "atk": 31, "def": 31, "spa": 31, "spd": 31, "spe": 31}, "item": "Assault Vest", "teraType": "Fairy", "role": "AV Pivot", "bvs": {"hp": 72, "atk": 101, "def": 100, "spa": 50, "spd": 97, "spe": 68}, "stats": {"hp": 264, "atk": 223, "def": 221, "spa": 135, "spd": 216, "spe": 166}, "types": ["Ghost"]}, "Talonflame": {"name": "Talonflame", "species": "Talonflame", "speciesId": "talonflame", "gender": "F", "shiny": false, "level": 83, "moves": ["flareblitz", "bravebird", "swordsdance", "terablast"], "ability": "Flame Body", "evs": {"hp": 85, "atk": 85, "def": 85, "spa": 85, "spd": 85, "spe": 85}, "ivs": {"hp": 31, "atk": 31, "def": 31, "spa": 31, "spd": 31, "spe": 31}, "item": "Heavy-Duty Boots", "teraType": "Ground", "role": "Tera Blast user", "bvs": {"hp": 78, "atk": 81, "def": 71, "spa": 74, "spd": 69, "spe": 126}, "stats": {"hp": 265, "atk": 182, "def": 166, "spa": 171, "spd": 162, "spe": 257}, "types": ["Fire", "Flying"]}, "Iron Bundle": {"name": "Iron Bundle", "species": "Iron Bundle", "speciesId": "ironbundle", "gender": "N", "shiny": false, "level": 78, "moves": ["icebeam", "hydropump", "freezedry", "encore"], "ability": "Quark Drive", "evs": {"hp": 85, "atk": 0, "def": 85, "spa": 85, "spd": 85, "spe": 85}, "ivs": {"hp": 31, "atk": 0, "def": 31, "spa": 31, "spd": 31, "spe": 31}, "item": "Heavy-Duty Boots", "teraType": "Water", "role": "Fast Attacker", "bvs": {"hp": 56, "atk": 80, "def": 114, "spa": 124, "spd": 60, "spe": 136}, "stats": {"hp": 215, "atk": 129, "def": 223, "spa": 239, "spd": 139, "spe": 257}, "types": ["Ice", "Water"]}, "Magnezone": {"name": "Magnezone", "species": "Magnezone", "speciesId": "magnezone", "gender": "N", "shiny": false, "level": 85, "moves": ["discharge", "flashcannon", "bodypress", "irondefense"], "ability": "Analytic", "evs": {"hp": 85, "atk": 0, "def": 85, "spa": 85, "spd": 85, "spe": 85}, "ivs": {"hp": 31, "atk": 0, "def": 31, "spa": 31, "spd": 31, "spe": 31}, "item": "Leftovers", "teraType": "Fighting", "role": "Bulky Setup", "bvs": {"hp": 70, "atk": 70, "def": 115, "spa": 130, "spd": 90, "spe": 60}, "stats": {"hp": 258, "atk": 124, "def": 244, "spa": 270, "spd": 202, "spe": 151}, "types": ["Electric", "Steel"]}, "Tornadus": {"name": "Tornadus", "species": "Tornadus-Therian", "speciesId": "tornadustherian", "gender": "M", "shiny": false, "level": 79, "moves": ["focusblast", "uturn", "heatwave", "bleakwindstorm"], "ability": "Regenerator", "evs": {"hp": 85, "atk": 85, "def": 85, "spa": 85, "spd": 85, "spe": 85}, "ivs": {"hp": 31, "atk": 31, "def": 31, "spa": 31, "spd": 31, "spe": 31}, "item": "Choice Specs", "teraType": "Fighting", "role": "Fast Attacker", "bvs": {"hp": 79, "atk": 100, "def": 80, "spa": 110, "spd": 90, "spe": 121}, "stats": {"hp": 254, "atk": 204, "def": 172, "spa": 219, "spd": 188, "spe": 237}, "types": ["Flying"]}, "Meganium": {"name": "Meganium", "species": "Meganium", "speciesId": "meganium", "gender": "M", "shiny": false, "level": 90, "moves": ["earthquake", "swordsdance", "petalblizzard", "knockoff"], "ability": "Overgrow", "evs": {"hp": 85, "atk": 85, "def": 85, "spa": 85, "spd": 85, "spe": 85}, "ivs": {"hp": 31, "atk": 31, "def": 31, "spa": 31, "spd": 31, "spe": 31}, "item": "Leftovers", "teraType": "Water", "role": "Bulky Setup", "bvs": {"hp": 80, "atk": 82, "def": 100, "spa": 83, "spd": 100, "spe": 80}, "stats": {"hp": 290, "atk": 199, "def": 231, "spa": 201, "spd": 231, "spe": 195}, "types": ["Grass"]}}]}