{"id": "gen9randombattle-2631879893", "format": "[Gen 9] Random Battle", "players": ["kormorano", "Elpapi18"], "log": "|j|\u2606kormorano\n|j|\u2606Elpapi18\n|t:|1781451354\n|gametype|singles\n|player|p1|kormorano|102|2042\n|player|p2|Elpapi18|2|2081\n|gen|9\n|tier|[Gen 9] Random Battle\n|rated|\n|rule|Species Clause: Limit one of each Pok\u00e9mon\n|rule|HP Percentage Mod: HP is shown in percentages\n|rule|Sleep Clause Mod: Limit one foe put to sleep\n|rule|Illusion Level Mod: Illusion disguises the Pok\u00e9mon's true level\n|\n|t:|1781451354\n|teamsize|p1|6\n|teamsize|p2|6\n|start\n|switch|p1a: Raging Bolt|Raging Bolt, L78|323/323\n|switch|p2a: Whiscash|Whiscash, L88, F|337/337\n|turn|1\n|inactive|Battle timer is ON: inactive players will automatically lose when time's up. (requested by kormorano)\n|\n|t:|1781451375\n|-end|p1a: Raging Bolt|Protosynthesis|[silent]\n|switch|p1a: Scovillain|Scovillain, L91, M|266/266\n|move|p2a: Whiscash|Stealth Rock|p1a: Scovillain\n|-sidestart|p1: kormorano|move: Stealth Rock\n|\n|upkeep\n|turn|2\n|\n|t:|1781451383\n|switch|p2a: Houndstone|Houndstone, L86, F|264/264\n|move|p1a: Scovillain|Energy Ball|p2a: Houndstone\n|-damage|p2a: Houndstone|186/264\n|\n|upkeep\n|turn|3\n|\n|t:|1781451389\n|move|p1a: Scovillain|Fire Blast|p2a: Houndstone\n|-damage|p2a: Houndstone|10/264\n|move|p2a: Houndstone|Poltergeist|p1a: Scovillain\n|-activate|p1a: Scovillain|move: Poltergeist|Heavy-Duty Boots\n|-damage|p1a: Scovillain|119/266\n|\n|upkeep\n|turn|4\n|\n|t:|1781451398\n|move|p2a: Houndstone|Shadow Sneak|p1a: Scovillain\n|-crit|p1a: Scovillain\n|-damage|p1a: Scovillain|46/266\n|move|p1a: Scovillain|Energy Ball|p2a: Houndstone\n|-damage|p2a: Houndstone|0 fnt\n|faint|p2a: Houndstone\n|\n|upkeep\n|\n|t:|1781451404\n|switch|p2a: Tauros|Tauros-Paldea-Combat, L82, M|257/257\n|-ability|p2a: Tauros|Intimidate|boost\n|-unboost|p1a: Scovillain|atk|1\n|turn|5\n|inactive|kormorano has 120 seconds left.\n|\n|t:|1781451439\n|move|p2a: Tauros|Earthquake|p1a: Scovillain\n|-damage|p1a: Scovillain|0 fnt\n|faint|p1a: Scovillain\n|-damage|p2a: Tauros|232/257|[from] item: Life Orb\n|\n|upkeep\n|\n|t:|1781451445\n|switch|p1a: Corviknight|Corviknight, L80, F|288/288\n|-damage|p1a: Corviknight|252/288|[from] Stealth Rock\n|-ability|p1a: Corviknight|Pressure\n|turn|6\n|inactive|kormorano has 120 seconds left.\n|\n|t:|1781451451\n|move|p2a: Tauros|Bulk Up|p2a: Tauros\n|-boost|p2a: Tauros|atk|1\n|-boost|p2a: Tauros|def|1\n|move|p1a: Corviknight|Brave Bird|p2a: Tauros\n|-supereffective|p2a: Tauros\n|-damage|p2a: Tauros|104/257\n|-damage|p1a: Corviknight|210/288|[from] Recoil\n|\n|-heal|p1a: Corviknight|228/288|[from] item: Leftovers\n|upkeep\n|turn|7\n|\n|t:|1781451457\n|move|p2a: Tauros|Close Combat|p1a: Corviknight\n|-damage|p1a: Corviknight|6/288\n|-unboost|p2a: Tauros|def|1\n|-unboost|p2a: Tauros|spd|1\n|-damage|p2a: Tauros|79/257|[from] item: Life Orb\n|move|p1a: Corviknight|Brave Bird|p2a: Tauros\n|-supereffective|p2a: Tauros\n|-damage|p2a: Tauros|0 fnt\n|faint|p2a: Tauros\n|-damage|p1a: Corviknight|0 fnt|[from] Recoil\n|faint|p1a: Corviknight\n|\n|upkeep\n|\n|t:|1781451465\n|switch|p2a: Iron Thorns|Iron Thorns, L83|302/302\n|switch|p1a: Weavile|Weavile, L79, M|239/239\n|-damage|p1a: Weavile|180/239|[from] Stealth Rock\n|turn|8\n|\n|t:|1781451476\n|switch|p1a: Piloswine|Piloswine, L85, M|309/309\n|-damage|p1a: Piloswine|271/309|[from] Stealth Rock\n|move|p2a: Iron Thorns|Stone Edge|p1a: Piloswine\n|-damage|p1a: Piloswine|174/309\n|\n|upkeep\n|turn|9\n|\n|t:|1781451497\n|-end|p2a: Iron Thorns|Quark Drive|[silent]\n|switch|p2a: Whiscash|Whiscash, L88, F|337/337\n|move|p1a: Piloswine|Earthquake|p2a: Whiscash\n|-damage|p2a: Whiscash|207/337\n|\n|-heal|p2a: Whiscash|228/337|[from] item: Leftovers\n|upkeep\n|turn|10\n|\n|t:|1781451503\n|move|p2a: Whiscash|Hydro Pump|p1a: Piloswine\n|-supereffective|p1a: Piloswine\n|-damage|p1a: Piloswine|0 fnt\n|faint|p1a: Piloswine\n|\n|-heal|p2a: Whiscash|249/337|[from] item: Leftovers\n|upkeep\n|\n|t:|1781451505\n|switch|p1a: Weavile|Weavile, L79, M|180/239\n|-damage|p1a: Weavile|121/239|[from] Stealth Rock\n|turn|11\n|\n|t:|1781451516\n|move|p1a: Weavile|Triple Axel|p2a: Whiscash\n|-damage|p2a: Whiscash|215/337\n|-damage|p2a: Whiscash|146/337\n|-damage|p2a: Whiscash|38/337\n|-hitcount|p2a: Whiscash|3\n|move|p2a: Whiscash|Earthquake|p1a: Weavile\n|-damage|p1a: Weavile|0 fnt\n|faint|p1a: Weavile\n|\n|-heal|p2a: Whiscash|59/337|[from] item: Leftovers\n|upkeep\n|\n|t:|1781451519\n|switch|p1a: Stonjourner|Stonjourner, L91, F|330/330\n|-damage|p1a: Stonjourner|289/330|[from] Stealth Rock\n|turn|12\n|\n|t:|1781451529\n|move|p1a: Stonjourner|Earthquake|p2a: Whiscash\n|-damage|p2a: Whiscash|0 fnt\n|faint|p2a: Whiscash\n|-damage|p1a: Stonjourner|256/330|[from] item: Life Orb\n|\n|upkeep\n|\n|t:|1781451550\n|switch|p2a: Ninetales|Ninetales, L85, M|263/263\n|-weather|SunnyDay|[from] ability: Drought|[of] p2a: Ninetales\n|turn|13\n|\n|t:|1781451561\n|move|p2a: Ninetales|Solar Beam||[still]\n|-prepare|p2a: Ninetales|Solar Beam\n|-anim|p2a: Ninetales|Solar Beam|p1a: Stonjourner\n|-supereffective|p1a: Stonjourner\n|-damage|p1a: Stonjourner|0 fnt\n|faint|p1a: Stonjourner\n|\n|-weather|SunnyDay|[upkeep]\n|upkeep\n|\n|t:|1781451564\n|switch|p1a: Raging Bolt|Raging Bolt, L78|323/323\n|-damage|p1a: Raging Bolt|283/323|[from] Stealth Rock\n|-activate|p1a: Raging Bolt|ability: Protosynthesis\n|-start|p1a: Raging Bolt|protosynthesisspa\n|turn|14\n|\n|t:|1781451570\n|move|p2a: Ninetales|Scorching Sands|p1a: Raging Bolt\n|-supereffective|p1a: Raging Bolt\n|-damage|p1a: Raging Bolt|193/323\n|move|p1a: Raging Bolt|Calm Mind|p1a: Raging Bolt\n|-boost|p1a: Raging Bolt|spa|1\n|-boost|p1a: Raging Bolt|spd|1\n|\n|-weather|SunnyDay|[upkeep]\n|-heal|p1a: Raging Bolt|213/323|[from] item: Leftovers\n|upkeep\n|turn|15\n|\n|t:|1781451577\n|move|p2a: Ninetales|Nasty Plot|p2a: Ninetales\n|-boost|p2a: Ninetales|spa|2\n|move|p1a: Raging Bolt|Thunderbolt|p2a: Ninetales\n|-damage|p2a: Ninetales|59/263\n|\n|-weather|SunnyDay|[upkeep]\n|-heal|p1a: Raging Bolt|233/323|[from] item: Leftovers\n|upkeep\n|turn|16\n|\n|t:|1781451580\n|move|p2a: Ninetales|Scorching Sands|p1a: Raging Bolt\n|-supereffective|p1a: Raging Bolt\n|-damage|p1a: Raging Bolt|103/323\n|move|p1a: Raging Bolt|Thunderbolt|p2a: Ninetales\n|-damage|p2a: Ninetales|0 fnt\n|faint|p2a: Ninetales\n|\n|-weather|SunnyDay|[upkeep]\n|-heal|p1a: Raging Bolt|123/323|[from] item: Leftovers\n|upkeep\n|\n|t:|1781451583\n|switch|p2a: Iron Thorns|Iron Thorns, L83|302/302\n|turn|17\n|\n|t:|1781451586\n|move|p2a: Iron Thorns|Earthquake|p1a: Raging Bolt\n|-supereffective|p1a: Raging Bolt\n|-damage|p1a: Raging Bolt|0 fnt\n|faint|p1a: Raging Bolt\n|-end|p1a: Raging Bolt|Protosynthesis|[silent]\n|\n|win|Elpapi18\n", "inputlog": ">version a8376a258c1d4662feba110a92103f3664a72141\n>start {\"formatid\":\"gen9randombattle\",\"seed\":\"sodium,2d8f74b6a3904af3874a250db25286c7\",\"rated\":\"Rated battle\"}\n>player p1 {\"name\":\"kormorano\",\"avatar\":\"102\",\"rating\":2042,\"seed\":\"sodium,f44b53a3c4890253d511a18453e8e037\"}\n>player p2 {\"name\":\"Elpapi18\",\"avatar\":\"2\",\"rating\":2081,\"seed\":\"sodium,930d62b2bba6e35c95970abc37def3f2\"}\n>p1 switch 5\n>p2 move stealthrock\n>p1 move energyball\n>p2 switch 6\n>p1 move fireblast\n>p2 move poltergeist\n>p1 move energyball\n>p2 move shadowsneak\n>p2 switch 5\n>p1 move fireblast\n>p2 move earthquake\n>p1 switch 3\n>p1 move bravebird\n>p2 move bulkup\n>p1 move bravebird\n>p2 move closecombat\n>p1 switch 6\n>p2 switch 2\n>p1 switch 4\n>p2 move stoneedge\n>p1 move earthquake\n>p2 switch 6\n>p1 move earthquake\n>p2 move hydropump\n>p1 switch 4\n>p1 move tripleaxel\n>p2 move earthquake\n>p1 switch 2\n>p1 move earthquake\n>p2 move icebeam\n>p2 switch 4\n>p1 move rockpolish\n>p2 move solarbeam\n>p1 switch 5\n>p1 move calmmind\n>p2 move scorchingsands\n>p1 move thunderbolt\n>p2 move nastyplot\n>p1 move thunderbolt\n>p2 move scorchingsands\n>p2 switch 6\n>p1 move dracometeor\n>p2 move earthquake", "uploadtime": 1781451357, "views": 4, "formatid": "gen9randombattle", "rating": null, "private": 0, "password": null, "player_dets": [{"name": "kormorano", "avatar": "102", "rating": 2042, "seed": "sodium,f44b53a3c4890253d511a18453e8e037"}, {"name": "Elpapi18", "avatar": "2", "rating": 2081, "seed": "sodium,930d62b2bba6e35c95970abc37def3f2"}], "teams_full": [{"Raging Bolt": {"name": "Raging Bolt", "species": "Raging Bolt", "speciesId": "ragingbolt", "gender": "N", "shiny": false, "level": 78, "moves": ["calmmind", "dracometeor", "thunderclap", "thunderbolt"], "ability": "Protosynthesis", "evs": {"hp": 85, "atk": 0, "def": 85, "spa": 85, "spd": 85, "spe": 85}, "ivs": {"hp": 31, "atk": 0, "def": 31, "spa": 31, "spd": 31, "spe": 31}, "item": "Leftovers", "teraType": "Electric", "role": "Bulky Setup", "bvs": {"hp": 125, "atk": 73, "def": 91, "spa": 137, "spd": 89, "spe": 75}, "stats": {"hp": 323, "atk": 118, "def": 187, "spa": 259, "spd": 184, "spe": 162}, "types": ["Electric", "Dragon"]}, "Stonjourner": {"name": "Stonjourner", "species": "Stonjourner", "speciesId": "stonjourner", "gender": "F", "shiny": false, "level": 91, "moves": ["earthquake", "rockpolish", "stoneedge", "heatcrash"], "ability": "Power Spot", "evs": {"hp": 85, "atk": 85, "def": 85, "spa": 85, "spd": 85, "spe": 85}, "ivs": {"hp": 31, "atk": 31, "def": 31, "spa": 31, "spd": 31, "spe": 31}, "item": "Life Orb", "teraType": "Fire", "role": "Fast Attacker", "bvs": {"hp": 100, "atk": 125, "def": 135, "spa": 20, "spd": 20, "spe": 70}, "stats": {"hp": 330, "atk": 279, "def": 298, "spa": 88, "spd": 88, "spe": 179}, "types": ["Rock"]}, "Corviknight": {"name": "Corviknight", "species": "Corviknight", "speciesId": "corviknight", "gender": "F", "shiny": false, "level": 80, "moves": ["bodypress", "bravebird", "roost", "defog"], "ability": "Pressure", "evs": {"hp": 85, "atk": 85, "def": 85, "spa": 85, "spd": 85, "spe": 85}, "ivs": {"hp": 31, "atk": 31, "def": 31, "spa": 31, "spd": 31, "spe": 31}, "item": "Leftovers", "teraType": "Dragon", "role": "Bulky Support", "bvs": {"hp": 98, "atk": 87, "def": 105, "spa": 53, "spd": 85, "spe": 67}, "stats": {"hp": 288, "atk": 185, "def": 214, "spa": 131, "spd": 182, "spe": 153}, "types": ["Flying", "Steel"]}, "Piloswine": {"name": "Piloswine", "species": "Piloswine", "speciesId": "piloswine", "gender": "M", "shiny": false, "level": 85, "moves": ["stealthrock", "roar", "iciclecrash", "earthquake"], "ability": "Thick Fat", "evs": {"hp": 85, "atk": 85, "def": 85, "spa": 85, "spd": 85, "spe": 85}, "ivs": {"hp": 31, "atk": 31, "def": 31, "spa": 31, "spd": 31, "spe": 31}, "item": "Eviolite", "teraType": "Dragon", "role": "Bulky Support", "bvs": {"hp": 100, "atk": 100, "def": 80, "spa": 60, "spd": 60, "spe": 50}, "stats": {"hp": 309, "atk": 219, "def": 185, "spa": 151, "spd": 151, "spe": 134}, "types": ["Ice", "Ground"]}, "Scovillain": {"name": "Scovillain", "species": "Scovillain", "speciesId": "scovillain", "gender": "M", "shiny": false, "level": 91, "moves": ["stompingtantrum", "fireblast", "sunnyday", "energyball"], "ability": "Chlorophyll", "evs": {"hp": 85, "atk": 85, "def": 85, "spa": 85, "spd": 85, "spe": 85}, "ivs": {"hp": 31, "atk": 31, "def": 31, "spa": 31, "spd": 31, "spe": 31}, "item": "Heavy-Duty Boots", "teraType": "Ground", "role": "Wallbreaker", "bvs": {"hp": 65, "atk": 108, "def": 65, "spa": 108, "spd": 65, "spe": 75}, "stats": {"hp": 266, "atk": 248, "def": 170, "spa": 248, "spd": 170, "spe": 188}, "types": ["Grass", "Fire"]}, "Weavile": {"name": "Weavile", "species": "Weavile", "speciesId": "weavile", "gender": "M", "shiny": false, "level": 79, "moves": ["knockoff", "lowkick", "tripleaxel", "iceshard"], "ability": "Pickpocket", "evs": {"hp": 81, "atk": 85, "def": 85, "spa": 85, "spd": 85, "spe": 85}, "ivs": {"hp": 31, "atk": 31, "def": 31, "spa": 31, "spd": 31, "spe": 31}, "item": "Choice Band", "teraType": "Dark", "role": "Fast Attacker", "bvs": {"hp": 70, "atk": 120, "def": 65, "spa": 45, "spd": 85, "spe": 125}, "stats": {"hp": 239, "atk": 235, "def": 148, "spa": 117, "spd": 180, "spe": 243}, "types": ["Dark", "Ice"]}}, {"Whiscash": {"name": "Whiscash", "species": "Whiscash", "speciesId": "whiscash", "gender": "F", "shiny": false, "level": 88, "moves": ["earthquake", "hydropump", "icebeam", "stealthrock"], "ability": "Oblivious", "evs": {"hp": 85, "atk": 85, "def": 85, "spa": 85, "spd": 85, "spe": 85}, "ivs": {"hp": 31, "atk": 31, "def": 31, "spa": 31, "spd": 31, "spe": 31}, "item": "Leftovers", "teraType": "Poison", "role": "Bulky Support", "bvs": {"hp": 110, "atk": 78, "def": 73, "spa": 76, "spd": 71, "spe": 60}, "stats": {"hp": 337, "atk": 188, "def": 179, "spa": 184, "spd": 175, "spe": 156}, "types": ["Water", "Ground"]}, "Iron Thorns": {"name": "Iron Thorns", "species": "Iron Thorns", "speciesId": "ironthorns", "gender": "N", "shiny": false, "level": 83, "moves": ["stoneedge", "voltswitch", "earthquake", "wildcharge"], "ability": "Quark Drive", "evs": {"hp": 85, "atk": 85, "def": 85, "spa": 85, "spd": 85, "spe": 85}, "ivs": {"hp": 31, "atk": 31, "def": 31, "spa": 31, "spd": 31, "spe": 31}, "item": "Assault Vest", "teraType": "Grass", "role": "Fast Support", "bvs": {"hp": 100, "atk": 134, "def": 110, "spa": 70, "spd": 84, "spe": 72}, "stats": {"hp": 302, "atk": 270, "def": 230, "spa": 164, "spd": 187, "spe": 167}, "types": ["Rock", "Electric"]}, "Torterra": {"name": "Torterra", "species": "Torterra", "speciesId": "torterra", "gender": "M", "shiny": false, "level": 78, "moves": ["shellsmash", "bulletseed", "rockblast", "headlongrush"], "ability": "Overgrow", "evs": {"hp": 85, "atk": 85, "def": 85, "spa": 85, "spd": 85, "spe": 85}, "ivs": {"hp": 31, "atk": 31, "def": 31, "spa": 31, "spd": 31, "spe": 31}, "item": "Loaded Dice", "teraType": "Ground", "role": "Setup Sweeper", "bvs": {"hp": 95, "atk": 109, "def": 105, "spa": 75, "spd": 85, "spe": 56}, "stats": {"hp": 276, "atk": 215, "def": 209, "spa": 162, "spd": 178, "spe": 132}, "types": ["Grass", "Ground"]}, "Ninetales": {"name": "Ninetales", "species": "Ninetales", "speciesId": "ninetales", "gender": "M", "shiny": false, "level": 85, "moves": ["solarbeam", "fireblast", "nastyplot", "scorchingsands"], "ability": "Drought", "evs": {"hp": 85, "atk": 0, "def": 85, "spa": 85, "spd": 85, "spe": 85}, "ivs": {"hp": 31, "atk": 0, "def": 31, "spa": 31, "spd": 31, "spe": 31}, "item": "Heavy-Duty Boots", "teraType": "Fire", "role": "Setup Sweeper", "bvs": {"hp": 73, "atk": 76, "def": 75, "spa": 81, "spd": 100, "spe": 100}, "stats": {"hp": 263, "atk": 134, "def": 176, "spa": 186, "spd": 219, "spe": 219}, "types": ["Fire"]}, "Tauros": {"name": "Tauros", "species": "Tauros-Paldea-Combat", "speciesId": "taurospaldeacombat", "gender": "M", "shiny": false, "level": 82, "moves": ["earthquake", "ironhead", "closecombat", "bulkup"], "ability": "Intimidate", "evs": {"hp": 85, "atk": 85, "def": 85, "spa": 85, "spd": 85, "spe": 85}, "ivs": {"hp": 31, "atk": 31, "def": 31, "spa": 31, "spd": 31, "spe": 31}, "item": "Life Orb", "teraType": "Fighting", "role": "Wallbreaker", "bvs": {"hp": 75, "atk": 110, "def": 105, "spa": 30, "spd": 70, "spe": 100}, "stats": {"hp": 257, "atk": 228, "def": 219, "spa": 96, "spd": 162, "spe": 211}, "types": ["Fighting"]}, "Houndstone": {"name": "Houndstone", "species": "Houndstone", "speciesId": "houndstone", "gender": "F", "shiny": false, "level": 86, "moves": ["playrough", "shadowsneak", "poltergeist", "bodypress"], "ability": "Fluffy", "evs": {"hp": 85, "atk": 85, "def": 85, "spa": 85, "spd": 85, "spe": 85}, "ivs": {"hp": 31, "atk": 31, "def": 31, "spa": 31, "spd": 31, "spe": 31}, "item": "Assault Vest", "teraType": "Fairy", "role": "AV Pivot", "bvs": {"hp": 72, "atk": 101, "def": 100, "spa": 50, "spd": 97, "spe": 68}, "stats": {"hp": 264, "atk": 223, "def": 221, "spa": 135, "spd": 216, "spe": 166}, "types": ["Ghost"]}}]}