{"id": "gen9randombattle-2631392688", "format": "[Gen 9] Random Battle", "players": ["WhatEver2102", "aestheticsdavid"], "log": "|j|\u2606WhatEver2102\n|j|\u2606aestheticsdavid\n|t:|1781379258\n|gametype|singles\n|player|p1|WhatEver2102|juan|2012\n|player|p2|aestheticsdavid|n|1960\n|gen|9\n|tier|[Gen 9] Random Battle\n|rated|\n|rule|Species Clause: Limit one of each Pok\u00e9mon\n|rule|HP Percentage Mod: HP is shown in percentages\n|rule|Sleep Clause Mod: Limit one foe put to sleep\n|rule|Illusion Level Mod: Illusion disguises the Pok\u00e9mon's true level\n|\n|t:|1781379258\n|teamsize|p1|6\n|teamsize|p2|6\n|start\n|switch|p1a: Clefable|Clefable, L83, M|293/293\n|switch|p2a: Mightyena|Mightyena, L96, F|290/290\n|-ability|p2a: Mightyena|Intimidate|boost\n|-unboost|p1a: Clefable|atk|1\n|turn|1\n|inactive|Battle timer is ON: inactive players will automatically lose when time's up. (requested by aestheticsdavid)\n|\n|t:|1781379276\n|switch|p2a: Toxtricity|Toxtricity, L82, M|257/257\n|move|p1a: Clefable|Moonblast|p2a: Toxtricity\n|-resisted|p2a: Toxtricity\n|-damage|p2a: Toxtricity|186/257\n|\n|upkeep\n|turn|2\n|\n|t:|1781379294\n|switch|p1a: Eelektross|Eelektross, L87, M|290/290\n|move|p2a: Toxtricity|Overdrive|p1a: Eelektross\n|-resisted|p1a: Eelektross\n|-damage|p1a: Eelektross|227/290\n|\n|upkeep\n|turn|3\n|\n|t:|1781379303\n|switch|p2a: Conkeldurr|Conkeldurr, L80, F|299/299\n|move|p1a: Eelektross|U-turn|p2a: Conkeldurr\n|-resisted|p2a: Conkeldurr\n|-damage|p2a: Conkeldurr|268/299\n|\n|t:|1781379310\n|switch|p1a: Clefable|Clefable, L83, M|293/293|[from] U-turn\n|\n|-status|p2a: Conkeldurr|brn|[from] item: Flame Orb\n|upkeep\n|turn|4\n|\n|t:|1781379313\n|switch|p2a: Toxtricity|Toxtricity, L82, M|186/257\n|move|p1a: Clefable|Moonblast|p2a: Toxtricity\n|-resisted|p2a: Toxtricity\n|-damage|p2a: Toxtricity|112/257\n|-unboost|p2a: Toxtricity|spa|1\n|\n|upkeep\n|turn|5\n|\n|t:|1781379323\n|switch|p1a: Eelektross|Eelektross, L87, M|227/290\n|move|p2a: Toxtricity|Sludge Wave|p1a: Eelektross\n|-damage|p1a: Eelektross|148/290\n|\n|upkeep\n|turn|6\n|\n|t:|1781379329\n|move|p2a: Toxtricity|Sludge Wave|p1a: Eelektross\n|-damage|p1a: Eelektross|69/290\n|move|p1a: Eelektross|Dragon Tail|p2a: Toxtricity\n|-damage|p2a: Toxtricity|46/257\n|drag|p2a: Mightyena|Mightyena, L96, F|290/290\n|-ability|p2a: Mightyena|Intimidate|boost\n|-unboost|p1a: Eelektross|atk|1\n|\n|upkeep\n|turn|7\n|\n|t:|1781379339\n|switch|p1a: Clefable|Clefable, L83, M|293/293\n|move|p2a: Mightyena|Crunch|p1a: Clefable\n|-resisted|p1a: Clefable\n|-damage|p1a: Clefable|235/293\n|\n|upkeep\n|turn|8\n|\n|t:|1781379346\n|switch|p2a: Sylveon|Sylveon, L85, M|300/300\n|move|p1a: Clefable|Moonblast|p2a: Sylveon\n|-damage|p2a: Sylveon|206/300\n|-unboost|p2a: Sylveon|spa|1\n|\n|-heal|p2a: Sylveon|224/300|[from] item: Leftovers\n|upkeep\n|turn|9\n|\n|t:|1781379354\n|move|p2a: Sylveon|Wish|p2a: Sylveon\n|move|p1a: Clefable|Calm Mind|p1a: Clefable\n|-boost|p1a: Clefable|spa|1\n|-boost|p1a: Clefable|spd|1\n|\n|-heal|p2a: Sylveon|242/300|[from] item: Leftovers\n|upkeep\n|turn|10\n|\n|t:|1781379363\n|switch|p2a: Vivillon|Vivillon-Polar, L83, F|268/268\n|move|p1a: Clefable|Calm Mind|p1a: Clefable\n|-boost|p1a: Clefable|spa|1\n|-boost|p1a: Clefable|spd|1\n|\n|upkeep\n|turn|11\n|\n|t:|1781379369\n|move|p2a: Vivillon|Sleep Powder|p1a: Clefable\n|-status|p1a: Clefable|slp|[from] move: Sleep Powder\n|cant|p1a: Clefable|slp\n|\n|upkeep\n|turn|12\n|inactive|WhatEver2102 has 120 seconds left.\n|\n|t:|1781379415\n|switch|p2a: Conkeldurr|Conkeldurr, L80, F|268/299 brn\n|switch|p1a: Eelektross|Eelektross, L87, M|69/290\n|\n|-damage|p2a: Conkeldurr|250/299 brn|[from] brn\n|upkeep\n|turn|13\n|\n|t:|1781379424\n|move|p2a: Conkeldurr|Mach Punch|p1a: Eelektross\n|-damage|p1a: Eelektross|0 fnt\n|faint|p1a: Eelektross\n|\n|-damage|p2a: Conkeldurr|232/299 brn|[from] brn\n|upkeep\n|\n|t:|1781379434\n|switch|p1a: Gothitelle|Gothitelle, L90, M|272/272\n|turn|14\n|\n|t:|1781379440\n|move|p1a: Gothitelle|Psychic Noise|p2a: Conkeldurr\n|-supereffective|p2a: Conkeldurr\n|-damage|p2a: Conkeldurr|0 fnt\n|faint|p2a: Conkeldurr\n|\n|upkeep\n|\n|t:|1781379459\n|switch|p2a: Mightyena|Mightyena, L96, F|290/290\n|-ability|p2a: Mightyena|Intimidate|boost\n|-unboost|p1a: Gothitelle|atk|1\n|turn|15\n|inactive|WhatEver2102 has 120 seconds left.\n|\n|t:|1781379468\n|switch|p1a: Magearna|Magearna, L77|250/250\n|move|p2a: Mightyena|Poison Fang|p1a: Magearna\n|-immune|p1a: Magearna\n|\n|upkeep\n|turn|16\n|\n|t:|1781379478\n|switch|p2a: Decidueye|Decidueye-Hisui, L87, F|295/295\n|move|p1a: Magearna|Shift Gear|p1a: Magearna\n|-boost|p1a: Magearna|spe|2\n|-boost|p1a: Magearna|atk|1\n|\n|upkeep\n|turn|17\n|\n|t:|1781379489\n|move|p1a: Magearna|Shift Gear|p1a: Magearna\n|-boost|p1a: Magearna|spe|2\n|-boost|p1a: Magearna|atk|1\n|move|p2a: Decidueye|Triple Arrows|p1a: Magearna\n|-damage|p1a: Magearna|147/250\n|\n|upkeep\n|turn|18\n|\n|t:|1781379505\n|-terastallize|p2a: Decidueye|Steel\n|move|p1a: Magearna|Fleur Cannon|p2a: Decidueye\n|-resisted|p2a: Decidueye\n|-damage|p2a: Decidueye|232/295\n|-unboost|p1a: Magearna|spa|2\n|move|p2a: Decidueye|Triple Arrows|p1a: Magearna\n|-damage|p1a: Magearna|41/250\n|-unboost|p1a: Magearna|def|1\n|\n|-heal|p2a: Decidueye|250/295|[from] item: Leftovers\n|upkeep\n|turn|19\n|\n|t:|1781379518\n|-terastallize|p1a: Magearna|Ground\n|move|p1a: Magearna|Tera Blast|p2a: Decidueye|[anim] Tera Blast Ground\n|-supereffective|p2a: Decidueye\n|-damage|p2a: Decidueye|0 fnt\n|faint|p2a: Decidueye\n|-ability|p1a: Magearna|Soul-Heart|boost\n|-boost|p1a: Magearna|spa|1\n|\n|upkeep\n|\n|t:|1781379523\n|switch|p2a: Mightyena|Mightyena, L96, F|290/290\n|-ability|p2a: Mightyena|Intimidate|boost\n|-unboost|p1a: Magearna|atk|1\n|turn|20\n|\n|t:|1781379530\n|move|p1a: Magearna|Iron Head|p2a: Mightyena\n|-damage|p2a: Mightyena|175/290\n|cant|p2a: Mightyena|flinch\n|\n|-heal|p2a: Mightyena|193/290|[from] item: Leftovers\n|upkeep\n|turn|21\n|\n|t:|1781379536\n|move|p2a: Mightyena|Sucker Punch|p1a: Magearna\n|-damage|p1a: Magearna|0 fnt\n|faint|p1a: Magearna\n|\n|-heal|p2a: Mightyena|211/290|[from] item: Leftovers\n|upkeep\n|\n|t:|1781379541\n|switch|p1a: Plusle|Plusle, L95, M|268/268\n|turn|22\n|\n|t:|1781379548\n|move|p1a: Plusle|Thunderbolt|p2a: Mightyena\n|-damage|p2a: Mightyena|58/290\n|-damage|p1a: Plusle|242/268|[from] item: Life Orb\n|move|p2a: Mightyena|Crunch|p1a: Plusle\n|-damage|p1a: Plusle|79/268\n|\n|-heal|p2a: Mightyena|76/290|[from] item: Leftovers\n|upkeep\n|turn|23\n|\n|t:|1781379556\n|move|p2a: Mightyena|Sucker Punch|p1a: Plusle\n|-damage|p1a: Plusle|0 fnt\n|faint|p1a: Plusle\n|\n|-heal|p2a: Mightyena|94/290|[from] item: Leftovers\n|upkeep\n|\n|t:|1781379565\n|switch|p1a: Slowking|Slowking, L88, M|310/310\n|turn|24\n|\n|t:|1781379568\n|move|p2a: Mightyena|Crunch|p1a: Slowking\n|-supereffective|p1a: Slowking\n|-damage|p1a: Slowking|88/310\n|move|p1a: Slowking|Scald|p2a: Mightyena\n|-damage|p2a: Mightyena|0 fnt\n|faint|p2a: Mightyena\n|\n|upkeep\n|\n|t:|1781379582\n|switch|p2a: Toxtricity|Toxtricity, L82, M|46/257\n|turn|25\n|\n|t:|1781379588\n|move|p2a: Toxtricity|Volt Switch|p1a: Slowking\n|-supereffective|p1a: Slowking\n|-damage|p1a: Slowking|0 fnt\n|faint|p1a: Slowking\n|\n|t:|1781379593\n|switch|p2a: Vivillon|Vivillon-Polar, L83, F|268/268|[from] Volt Switch\n|\n|upkeep\n|\n|t:|1781379595\n|switch|p1a: Gothitelle|Gothitelle, L90, M|272/272\n|turn|26\n|\n|t:|1781379600\n|move|p2a: Vivillon|Quiver Dance|p2a: Vivillon\n|-boost|p2a: Vivillon|spa|1\n|-boost|p2a: Vivillon|spd|1\n|-boost|p2a: Vivillon|spe|1\n|move|p1a: Gothitelle|Calm Mind|p1a: Gothitelle\n|-boost|p1a: Gothitelle|spa|1\n|-boost|p1a: Gothitelle|spd|1\n|\n|upkeep\n|turn|27\n|\n|t:|1781379611\n|move|p2a: Vivillon|Bug Buzz|p1a: Gothitelle\n|-supereffective|p1a: Gothitelle\n|-damage|p1a: Gothitelle|134/272\n|move|p1a: Gothitelle|Calm Mind|p1a: Gothitelle\n|-boost|p1a: Gothitelle|spa|1\n|-boost|p1a: Gothitelle|spd|1\n|\n|-heal|p1a: Gothitelle|151/272|[from] item: Leftovers\n|upkeep\n|turn|28\n|\n|t:|1781379618\n|move|p2a: Vivillon|Bug Buzz|p1a: Gothitelle\n|-supereffective|p1a: Gothitelle\n|-crit|p1a: Gothitelle\n|-damage|p1a: Gothitelle|0 fnt\n|faint|p1a: Gothitelle\n|\n|upkeep\n|-message|WhatEver2102 forfeited.\n|\n|win|aestheticsdavid\n", "inputlog": ">version a8376a258c1d4662feba110a92103f3664a72141\n>start {\"formatid\":\"gen9randombattle\",\"seed\":\"sodium,b9ef01bfeef16fe64344319ed4ac3d4c\",\"rated\":\"Rated battle\"}\n>player p1 {\"name\":\"WhatEver2102\",\"avatar\":\"juan\",\"rating\":2012,\"seed\":\"sodium,b3651905b595ed8823f38d6d35fb10ea\"}\n>player p2 {\"name\":\"aestheticsdavid\",\"avatar\":\"n\",\"rating\":1960,\"seed\":\"sodium,026d4564094f6bd40ec5d9e765ee5c72\"}\n>p1 move moonblast\n>p2 switch 6\n>p1 switch 2\n>p2 move overdrive\n>p1 move uturn\n>p2 switch 2\n>p1 switch 2\n>p1 move moonblast\n>p2 switch 2\n>p1 switch 2\n>p2 move sludgewave\n>p1 move dragontail\n>p2 move sludgewave\n>p1 switch 2\n>p2 move crunch\n>p1 move moonblast\n>p2 switch 5\n>p1 move calmmind\n>p2 move wish\n>p1 move calmmind\n>p2 switch 4\n>p1 move moonblast\n>p2 move sleeppowder\n>p1 switch 2\n>p2 switch 2\n>p1 move discharge\n>p2 move machpunch\n>p1 switch 3\n>p1 move psychicnoise\n>p2 move knockoff\n>p2 switch 5\n>p1 switch 4\n>p2 move poisonfang\n>p1 move shiftgear\n>p2 switch 3\n>p1 move shiftgear\n>p2 move triplearrows\n>p1 move fleurcannon\n>p2 move triplearrows terastallize\n>p1 move terablast terastallize\n>p2 move triplearrows\n>p2 switch 3\n>p1 move ironhead\n>p2 move crunch\n>p1 move fleurcannon\n>p2 move suckerpunch\n>p1 switch 5\n>p1 move thunderbolt\n>p2 move crunch\n>p1 move thunderbolt\n>p2 move suckerpunch\n>p1 switch 6\n>p1 move scald\n>p2 move crunch\n>p2 switch 6\n>p1 move scald\n>p2 move voltswitch\n>p2 switch 2\n>p1 switch 4\n>p1 move calmmind\n>p2 move quiverdance\n>p1 move calmmind\n>p2 move bugbuzz\n>p1 move thunderbolt\n>p2 move bugbuzz\n>forcelose p1", "uploadtime": 1781379260, "views": 9, "formatid": "gen9randombattle", "rating": null, "private": 0, "password": null, "player_dets": [{"name": "WhatEver2102", "avatar": "juan", "rating": 2012, "seed": "sodium,b3651905b595ed8823f38d6d35fb10ea"}, {"name": "aestheticsdavid", "avatar": "n", "rating": 1960, "seed": "sodium,026d4564094f6bd40ec5d9e765ee5c72"}], "teams_full": [{"Clefable": {"name": "Clefable", "species": "Clefable", "speciesId": "clefable", "gender": "M", "shiny": false, "level": 83, "moves": ["fireblast", "moonblast", "calmmind", "moonlight"], "ability": "Magic Guard", "evs": {"hp": 85, "atk": 0, "def": 85, "spa": 85, "spd": 85, "spe": 85}, "ivs": {"hp": 31, "atk": 0, "def": 31, "spa": 31, "spd": 31, "spe": 31}, "item": "Life Orb", "teraType": "Steel", "role": "Bulky Setup", "bvs": {"hp": 95, "atk": 70, "def": 73, "spa": 95, "spd": 90, "spe": 60}, "stats": {"hp": 293, "atk": 121, "def": 169, "spa": 205, "spd": 197, "spe": 147}}, "Eelektross": {"name": "Eelektross", "species": "Eelektross", "speciesId": "eelektross", "gender": "M", "shiny": false, "level": 87, "moves": ["dragontail", "uturn", "gigadrain", "discharge"], "ability": "Levitate", "evs": {"hp": 85, "atk": 85, "def": 85, "spa": 85, "spd": 85, "spe": 85}, "ivs": {"hp": 31, "atk": 31, "def": 31, "spa": 31, "spd": 31, "spe": 31}, "item": "Assault Vest", "teraType": "Steel", "role": "AV Pivot", "bvs": {"hp": 85, "atk": 115, "def": 80, "spa": 105, "spd": 80, "spe": 50}, "stats": {"hp": 290, "atk": 250, "def": 189, "spa": 232, "spd": 189, "spe": 137}}, "Gothitelle": {"name": "Gothitelle", "species": "Gothitelle", "speciesId": "gothitelle", "gender": "M", "shiny": false, "level": 90, "moves": ["psychicnoise", "darkpulse", "calmmind", "thunderbolt"], "ability": "Shadow Tag", "evs": {"hp": 85, "atk": 0, "def": 85, "spa": 85, "spd": 85, "spe": 85}, "ivs": {"hp": 31, "atk": 0, "def": 31, "spa": 31, "spd": 31, "spe": 31}, "item": "Leftovers", "teraType": "Flying", "role": "Bulky Setup", "bvs": {"hp": 70, "atk": 55, "def": 95, "spa": 95, "spd": 110, "spe": 65}, "stats": {"hp": 272, "atk": 104, "def": 222, "spa": 222, "spd": 249, "spe": 168}}, "Magearna": {"name": "Magearna", "species": "Magearna", "speciesId": "magearna", "gender": "N", "shiny": false, "level": 77, "moves": ["fleurcannon", "ironhead", "terablast", "shiftgear"], "ability": "Soul-Heart", "evs": {"hp": 85, "atk": 85, "def": 85, "spa": 85, "spd": 85, "spe": 85}, "ivs": {"hp": 31, "atk": 31, "def": 31, "spa": 31, "spd": 31, "spe": 31}, "item": "Weakness Policy", "teraType": "Ground", "role": "Tera Blast user", "bvs": {"hp": 80, "atk": 95, "def": 115, "spa": 130, "spd": 115, "spe": 65}, "stats": {"hp": 250, "atk": 191, "def": 222, "spa": 245, "spd": 222, "spe": 145}}, "Plusle": {"name": "Plusle", "species": "Plusle", "speciesId": "plusle", "gender": "M", "shiny": false, "level": 95, "moves": ["nastyplot", "alluringvoice", "grassknot", "thunderbolt"], "ability": "Lightning Rod", "evs": {"hp": 85, "atk": 0, "def": 85, "spa": 85, "spd": 85, "spe": 85}, "ivs": {"hp": 31, "atk": 0, "def": 31, "spa": 31, "spd": 31, "spe": 31}, "item": "Life Orb", "teraType": "Electric", "role": "Setup Sweeper", "bvs": {"hp": 60, "atk": 50, "def": 40, "spa": 85, "spd": 75, "spe": 95}, "stats": {"hp": 268, "atk": 100, "def": 130, "spa": 215, "spd": 196, "spe": 234}}, "Slowking": {"name": "Slowking", "species": "Slowking", "speciesId": "slowking", "gender": "M", "shiny": false, "level": 88, "moves": ["futuresight", "chillyreception", "scald", "slackoff"], "ability": "Regenerator", "evs": {"hp": 85, "atk": 0, "def": 85, "spa": 85, "spd": 85, "spe": 85}, "ivs": {"hp": 31, "atk": 0, "def": 31, "spa": 31, "spd": 31, "spe": 31}, "item": "Heavy-Duty Boots", "teraType": "Dragon", "role": "Fast Support", "bvs": {"hp": 95, "atk": 75, "def": 80, "spa": 100, "spd": 110, "spe": 30}, "stats": {"hp": 310, "atk": 137, "def": 191, "spa": 226, "spd": 244, "spe": 103}}}, {"Mightyena": {"name": "Mightyena", "species": "Mightyena", "speciesId": "mightyena", "gender": "F", "shiny": false, "level": 96, "moves": ["taunt", "poisonfang", "crunch", "suckerpunch"], "ability": "Intimidate", "evs": {"hp": 85, "atk": 85, "def": 85, "spa": 85, "spd": 85, "spe": 85}, "ivs": {"hp": 31, "atk": 31, "def": 31, "spa": 31, "spd": 31, "spe": 31}, "item": "Leftovers", "teraType": "Poison", "role": "Bulky Attacker", "bvs": {"hp": 70, "atk": 90, "def": 70, "spa": 60, "spd": 60, "spe": 70}, "stats": {"hp": 290, "atk": 227, "def": 189, "spa": 170, "spd": 170, "spe": 189}}, "Conkeldurr": {"name": "Conkeldurr", "species": "Conkeldurr", "speciesId": "conkeldurr", "gender": "F", "shiny": false, "level": 80, "moves": ["knockoff", "closecombat", "machpunch", "facade"], "ability": "Guts", "evs": {"hp": 85, "atk": 85, "def": 85, "spa": 85, "spd": 85, "spe": 85}, "ivs": {"hp": 31, "atk": 31, "def": 31, "spa": 31, "spd": 31, "spe": 31}, "item": "Flame Orb", "teraType": "Normal", "role": "Wallbreaker", "bvs": {"hp": 105, "atk": 140, "def": 95, "spa": 55, "spd": 65, "spe": 45}, "stats": {"hp": 299, "atk": 270, "def": 198, "spa": 134, "spd": 150, "spe": 118}}, "Decidueye": {"name": "Decidueye", "species": "Decidueye-Hisui", "speciesId": "decidueyehisui", "gender": "F", "shiny": false, "level": 87, "moves": ["leafblade", "roost", "suckerpunch", "triplearrows"], "ability": "Scrappy", "evs": {"hp": 85, "atk": 85, "def": 85, "spa": 85, "spd": 85, "spe": 85}, "ivs": {"hp": 31, "atk": 31, "def": 31, "spa": 31, "spd": 31, "spe": 31}, "item": "Leftovers", "teraType": "Steel", "role": "Bulky Attacker", "bvs": {"hp": 88, "atk": 112, "def": 80, "spa": 95, "spd": 95, "spe": 60}, "stats": {"hp": 295, "atk": 245, "def": 189, "spa": 215, "spd": 215, "spe": 154}}, "Vivillon": {"name": "Vivillon", "species": "Vivillon-Polar", "speciesId": "vivillon", "gender": "F", "shiny": false, "level": 83, "moves": ["quiverdance", "hurricane", "sleeppowder", "bugbuzz"], "ability": "Compound Eyes", "evs": {"hp": 85, "atk": 0, "def": 85, "spa": 85, "spd": 85, "spe": 85}, "ivs": {"hp": 31, "atk": 0, "def": 31, "spa": 31, "spd": 31, "spe": 31}, "item": "Heavy-Duty Boots", "teraType": "Steel", "role": "Fast Bulky Setup", "bvs": {"hp": 80, "atk": 52, "def": 50, "spa": 90, "spd": 50, "spe": 89}, "stats": {"hp": 268, "atk": 91, "def": 131, "spa": 197, "spd": 131, "spe": 195}}, "Sylveon": {"name": "Sylveon", "species": "Sylveon", "speciesId": "sylveon", "gender": "M", "shiny": false, "level": 85, "moves": ["hypervoice", "protect", "wish", "calmmind"], "ability": "Pixilate", "evs": {"hp": 85, "atk": 0, "def": 85, "spa": 85, "spd": 85, "spe": 85}, "ivs": {"hp": 31, "atk": 0, "def": 31, "spa": 31, "spd": 31, "spe": 31}, "item": "Leftovers", "teraType": "Steel", "role": "Bulky Setup", "bvs": {"hp": 95, "atk": 65, "def": 65, "spa": 110, "spd": 130, "spe": 60}, "stats": {"hp": 300, "atk": 115, "def": 159, "spa": 236, "spd": 270, "spe": 151}}, "Toxtricity": {"name": "Toxtricity", "species": "Toxtricity", "speciesId": "toxtricity", "gender": "M", "shiny": false, "level": 82, "moves": ["sludgewave", "voltswitch", "boomburst", "overdrive"], "ability": "Punk Rock", "evs": {"hp": 85, "atk": 0, "def": 85, "spa": 85, "spd": 85, "spe": 85}, "ivs": {"hp": 31, "atk": 0, "def": 31, "spa": 31, "spd": 31, "spe": 31}, "item": "Choice Specs", "teraType": "Normal", "role": "Fast Attacker", "bvs": {"hp": 75, "atk": 98, "def": 70, "spa": 114, "spd": 70, "spe": 75}, "stats": {"hp": 257, "atk": 165, "def": 162, "spa": 234, "spd": 162, "spe": 170}}}]}