{"id": "gen9randombattle-2631980271", "format": "[Gen 9] Random Battle", "players": ["l'ingegnere", "castiel123"], "log": "|j|\u2606l'ingegnere\n|j|\u2606castiel123\n|t:|1781462313\n|gametype|singles\n|player|p1|l'ingegnere|scientist-gen4|1906\n|player|p2|castiel123|170|2011\n|gen|9\n|tier|[Gen 9] Random Battle\n|rated|\n|rule|Species Clause: Limit one of each Pok\u00e9mon\n|rule|HP Percentage Mod: HP is shown in percentages\n|rule|Sleep Clause Mod: Limit one foe put to sleep\n|rule|Illusion Level Mod: Illusion disguises the Pok\u00e9mon's true level\n|\n|t:|1781462313\n|teamsize|p1|6\n|teamsize|p2|6\n|start\n|switch|p1a: Dipplin|Dipplin, L88, F|284/284\n|switch|p2a: Eelektross|Eelektross, L87, F|290/290\n|turn|1\n|inactive|Battle timer is ON: inactive players will automatically lose when time's up. (requested by l'ingegnere)\n|\n|t:|1781462330\n|move|p2a: Eelektross|Coil|p2a: Eelektross\n|-boost|p2a: Eelektross|atk|1\n|-boost|p2a: Eelektross|def|1\n|-boost|p2a: Eelektross|accuracy|1\n|move|p1a: Dipplin|Dragon Tail|p2a: Eelektross\n|-damage|p2a: Eelektross|247/290\n|drag|p2a: Kleavor|Kleavor, L78, F|237/237\n|\n|upkeep\n|turn|2\n|\n|t:|1781462349\n|move|p2a: Kleavor|Stone Axe|p1a: Dipplin\n|-damage|p1a: Dipplin|224/284\n|-sidestart|p1: l'ingegnere|move: Stealth Rock\n|move|p1a: Dipplin|Dragon Tail|p2a: Kleavor\n|-damage|p2a: Kleavor|171/237\n|drag|p2a: Kommo-o|Kommo-o, L78, F|245/245\n|\n|upkeep\n|turn|3\n|\n|t:|1781462361\n|move|p2a: Kommo-o|Scale Shot|p1a: Dipplin\n|-supereffective|p1a: Dipplin\n|-damage|p1a: Dipplin|194/284\n|-supereffective|p1a: Dipplin\n|-damage|p1a: Dipplin|168/284\n|-supereffective|p1a: Dipplin\n|-damage|p1a: Dipplin|138/284\n|-supereffective|p1a: Dipplin\n|-damage|p1a: Dipplin|112/284\n|-supereffective|p1a: Dipplin\n|-damage|p1a: Dipplin|82/284\n|-hitcount|p1a: Dipplin|5\n|-unboost|p2a: Kommo-o|def|1\n|-boost|p2a: Kommo-o|spe|1\n|move|p1a: Dipplin|Dragon Pulse|p2a: Kommo-o\n|-supereffective|p2a: Kommo-o\n|-damage|p2a: Kommo-o|77/245\n|\n|upkeep\n|turn|4\n|\n|t:|1781462372\n|switch|p1a: Honchkrow|Honchkrow, L86, F|312/312\n|move|p2a: Kommo-o|Scale Shot|p1a: Honchkrow\n|-crit|p1a: Honchkrow\n|-damage|p1a: Honchkrow|252/312\n|-damage|p1a: Honchkrow|218/312\n|-damage|p1a: Honchkrow|178/312\n|-damage|p1a: Honchkrow|139/312\n|-damage|p1a: Honchkrow|102/312\n|-hitcount|p1a: Honchkrow|5\n|-unboost|p2a: Kommo-o|def|1\n|-boost|p2a: Kommo-o|spe|1\n|\n|upkeep\n|turn|5\n|\n|t:|1781462377\n|switch|p2a: Kleavor|Kleavor, L78, F|171/237\n|move|p1a: Honchkrow|Sucker Punch||[still]\n|-fail|p1a: Honchkrow\n|\n|upkeep\n|turn|6\n|\n|t:|1781462393\n|switch|p2a: Overqwil|Overqwil, L82, F|274/274\n|-ability|p2a: Overqwil|Intimidate|boost\n|-unboost|p1a: Honchkrow|atk|1\n|move|p1a: Honchkrow|Sucker Punch||[still]\n|-fail|p1a: Honchkrow\n|\n|upkeep\n|turn|7\n|\n|t:|1781462408\n|move|p2a: Overqwil|Swords Dance|p2a: Overqwil\n|-boost|p2a: Overqwil|atk|2\n|move|p1a: Honchkrow|Brave Bird|p2a: Overqwil\n|-damage|p2a: Overqwil|168/274\n|-damage|p1a: Honchkrow|67/312|[from] Recoil\n|\n|upkeep\n|turn|8\n|\n|t:|1781462413\n|move|p2a: Overqwil|Scale Shot|p1a: Honchkrow\n|-damage|p1a: Honchkrow|11/312\n|-damage|p1a: Honchkrow|0 fnt\n|faint|p1a: Honchkrow\n|-hitcount|p1: Honchkrow|2\n|-unboost|p2a: Overqwil|def|1\n|-boost|p2a: Overqwil|spe|1\n|\n|upkeep\n|inactive|l'ingegnere has 120 seconds left.\n|\n|t:|1781462446\n|switch|p1a: Medicham|Medicham, L86, F|243/243\n|-damage|p1a: Medicham|228/243|[from] Stealth Rock\n|turn|9\n|\n|t:|1781462449\n|-terastallize|p1a: Medicham|Fighting\n|move|p2a: Overqwil|Crunch|p1a: Medicham\n|-resisted|p1a: Medicham\n|-damage|p1a: Medicham|135/243\n|move|p1a: Medicham|Close Combat|p2a: Overqwil\n|-damage|p2a: Overqwil|0 fnt\n|-unboost|p1a: Medicham|def|1\n|-unboost|p1a: Medicham|spd|1\n|faint|p2a: Overqwil\n|\n|upkeep\n|\n|t:|1781462459\n|switch|p2a: Misdreavus|Misdreavus, L90, M|254/254\n|turn|10\n|\n|t:|1781462463\n|switch|p1a: Chansey|Chansey, L85, F|564/564\n|-damage|p1a: Chansey|494/564|[from] Stealth Rock\n|move|p2a: Misdreavus|Will-O-Wisp|p1a: Chansey\n|-status|p1a: Chansey|brn\n|\n|-damage|p1a: Chansey|459/564 brn|[from] brn\n|upkeep\n|turn|11\n|\n|t:|1781462471\n|switch|p2a: Eelektross|Eelektross, L87, F|247/290\n|move|p1a: Chansey|Thunder Wave|p2a: Eelektross\n|-immune|p2a: Eelektross\n|\n|-heal|p2a: Eelektross|265/290|[from] item: Leftovers\n|-damage|p1a: Chansey|424/564 brn|[from] brn\n|upkeep\n|turn|12\n|\n|t:|1781462486\n|-curestatus|p1a: Chansey|brn|[from] ability: Natural Cure|[silent]\n|switch|p1a: Pachirisu|Pachirisu, L96, M|271/271\n|move|p2a: Eelektross|Coil|p2a: Eelektross\n|-boost|p2a: Eelektross|atk|1\n|-boost|p2a: Eelektross|def|1\n|-boost|p2a: Eelektross|accuracy|1\n|\n|-heal|p2a: Eelektross|283/290|[from] item: Leftovers\n|upkeep\n|turn|13\n|\n|t:|1781462493\n|move|p1a: Pachirisu|Encore|p2a: Eelektross\n|-start|p2a: Eelektross|Encore\n|move|p2a: Eelektross|Coil|p2a: Eelektross\n|-boost|p2a: Eelektross|atk|1\n|-boost|p2a: Eelektross|def|1\n|-boost|p2a: Eelektross|accuracy|1\n|\n|-heal|p2a: Eelektross|290/290|[from] item: Leftovers\n|upkeep\n|turn|14\n|\n|t:|1781462496\n|move|p1a: Pachirisu|Discharge|p2a: Eelektross\n|-resisted|p2a: Eelektross\n|-damage|p2a: Eelektross|260/290\n|move|p2a: Eelektross|Coil|p2a: Eelektross\n|-boost|p2a: Eelektross|atk|1\n|-boost|p2a: Eelektross|def|1\n|-boost|p2a: Eelektross|accuracy|1\n|\n|-heal|p2a: Eelektross|278/290|[from] item: Leftovers\n|upkeep\n|turn|15\n|\n|t:|1781462499\n|move|p1a: Pachirisu|Discharge|p2a: Eelektross\n|-resisted|p2a: Eelektross\n|-damage|p2a: Eelektross|246/290\n|move|p2a: Eelektross|Coil|p2a: Eelektross\n|-boost|p2a: Eelektross|atk|1\n|-boost|p2a: Eelektross|def|1\n|-boost|p2a: Eelektross|accuracy|1\n|\n|-heal|p2a: Eelektross|264/290|[from] item: Leftovers\n|-end|p2a: Eelektross|Encore\n|upkeep\n|turn|16\n|\n|t:|1781462501\n|move|p1a: Pachirisu|Encore|p2a: Eelektross\n|-start|p2a: Eelektross|Encore\n|move|p2a: Eelektross|Coil|p2a: Eelektross\n|-boost|p2a: Eelektross|atk|1\n|-boost|p2a: Eelektross|def|1\n|-boost|p2a: Eelektross|accuracy|1\n|\n|-heal|p2a: Eelektross|282/290|[from] item: Leftovers\n|upkeep\n|turn|17\n|\n|t:|1781462504\n|move|p1a: Pachirisu|Super Fang|p2a: Eelektross\n|-damage|p2a: Eelektross|141/290\n|move|p2a: Eelektross|Coil|p2a: Eelektross\n|-boost|p2a: Eelektross|atk|1\n|-boost|p2a: Eelektross|def|1\n|-boost|p2a: Eelektross|accuracy|1\n|\n|-heal|p2a: Eelektross|159/290|[from] item: Leftovers\n|upkeep\n|turn|18\n|\n|t:|1781462508\n|move|p1a: Pachirisu|Super Fang|p2a: Eelektross\n|-damage|p2a: Eelektross|80/290\n|move|p2a: Eelektross|Coil|p2a: Eelektross\n|-boost|p2a: Eelektross|atk|0\n|-boost|p2a: Eelektross|def|0\n|-boost|p2a: Eelektross|accuracy|0\n|\n|-heal|p2a: Eelektross|98/290|[from] item: Leftovers\n|-end|p2a: Eelektross|Encore\n|upkeep\n|turn|19\n|\n|t:|1781462511\n|switch|p2a: Rhyperior|Rhyperior, L82, F|323/323\n|move|p1a: Pachirisu|Encore||[still]\n|-fail|p1a: Pachirisu\n|\n|upkeep\n|turn|20\n|\n|t:|1781462537\n|move|p1a: Pachirisu|U-turn|p2a: Rhyperior\n|-damage|p2a: Rhyperior|295/323\n|\n|t:|1781462539\n|switch|p1a: Chansey|Chansey, L85, F|424/564|[from] U-turn\n|-damage|p1a: Chansey|354/564|[from] Stealth Rock\n|move|p2a: Rhyperior|Ice Punch|p1a: Chansey\n|-damage|p1a: Chansey|106/564\n|\n|upkeep\n|turn|21\n|\n|t:|1781462547\n|switch|p2a: Eelektross|Eelektross, L87, F|98/290\n|move|p1a: Chansey|Seismic Toss|p2a: Eelektross\n|-damage|p2a: Eelektross|13/290\n|\n|-heal|p2a: Eelektross|31/290|[from] item: Leftovers\n|upkeep\n|turn|22\n|\n|t:|1781462553\n|switch|p1a: Pachirisu|Pachirisu, L96, M|271/271\n|move|p2a: Eelektross|Drain Punch|p1a: Pachirisu\n|-damage|p1a: Pachirisu|199/271\n|-heal|p2a: Eelektross|67/290|[from] drain|[of] p1a: Pachirisu\n|\n|-heal|p2a: Eelektross|85/290|[from] item: Leftovers\n|upkeep\n|turn|23\n|\n|t:|1781462561\n|move|p1a: Pachirisu|Encore|p2a: Eelektross\n|-start|p2a: Eelektross|Encore\n|move|p2a: Eelektross|Drain Punch|p1a: Pachirisu\n|-damage|p1a: Pachirisu|135/271\n|-heal|p2a: Eelektross|117/290|[from] drain|[of] p1a: Pachirisu\n|\n|-heal|p2a: Eelektross|135/290|[from] item: Leftovers\n|upkeep\n|turn|24\n|\n|t:|1781462564\n|switch|p1a: Typhlosion|Typhlosion-Hisui, L83, M|257/257\n|move|p2a: Eelektross|Drain Punch|p1a: Typhlosion\n|-immune|p1a: Typhlosion\n|\n|-heal|p2a: Eelektross|153/290|[from] item: Leftovers\n|upkeep\n|turn|25\n|\n|t:|1781462576\n|switch|p2a: Kleavor|Kleavor, L78, F|171/237\n|move|p1a: Typhlosion|Will-O-Wisp|p2a: Kleavor|[miss]\n|-miss|p1a: Typhlosion|p2a: Kleavor\n|\n|upkeep\n|turn|26\n|\n|t:|1781462581\n|switch|p1a: Chansey|Chansey, L85, F|106/564\n|-damage|p1a: Chansey|36/564|[from] Stealth Rock\n|move|p2a: Kleavor|Stone Axe|p1a: Chansey\n|-damage|p1a: Chansey|0 fnt\n|faint|p1a: Chansey\n|\n|upkeep\n|\n|t:|1781462586\n|switch|p1a: Medicham|Medicham, L86, F, tera:Fighting|135/243\n|-damage|p1a: Medicham|120/243|[from] Stealth Rock\n|turn|27\n|\n|t:|1781462591\n|move|p1a: Medicham|Zen Headbutt|p2a: Kleavor\n|-damage|p2a: Kleavor|0 fnt\n|faint|p2a: Kleavor\n|\n|upkeep\n|\n|t:|1781462598\n|switch|p2a: Misdreavus|Misdreavus, L90, M|254/254\n|turn|28\n|\n|t:|1781462602\n|switch|p1a: Pachirisu|Pachirisu, L96, M|135/271\n|move|p2a: Misdreavus|Calm Mind|p2a: Misdreavus\n|-boost|p2a: Misdreavus|spa|1\n|-boost|p2a: Misdreavus|spd|1\n|\n|upkeep\n|turn|29\n|\n|t:|1781462608\n|switch|p2a: Rhyperior|Rhyperior, L82, F|295/323\n|move|p1a: Pachirisu|Encore||[still]\n|-fail|p1a: Pachirisu\n|\n|upkeep\n|turn|30\n|\n|t:|1781462617\n|move|p1a: Pachirisu|Super Fang|p2a: Rhyperior|[miss]\n|-miss|p1a: Pachirisu|p2a: Rhyperior\n|move|p2a: Rhyperior|Stone Edge|p1a: Pachirisu|[miss]\n|-miss|p2a: Rhyperior|p1a: Pachirisu\n|\n|upkeep\n|turn|31\n|\n|t:|1781462629\n|switch|p1a: Medicham|Medicham, L86, F, tera:Fighting|120/243\n|-damage|p1a: Medicham|105/243|[from] Stealth Rock\n|switch|p2a: Misdreavus|Misdreavus, L90, M|254/254\n|\n|upkeep\n|turn|32\n|\n|t:|1781462635\n|switch|p1a: Pachirisu|Pachirisu, L96, M|135/271\n|move|p2a: Misdreavus|Draining Kiss|p1a: Pachirisu\n|-damage|p1a: Pachirisu|99/271\n|\n|upkeep\n|turn|33\n|\n|t:|1781462643\n|switch|p2a: Rhyperior|Rhyperior, L82, F|295/323\n|move|p1a: Pachirisu|U-turn|p2a: Rhyperior\n|-damage|p2a: Rhyperior|264/323\n|\n|t:|1781462647\n|switch|p1a: Medicham|Medicham, L86, F, tera:Fighting|105/243|[from] U-turn\n|-damage|p1a: Medicham|90/243|[from] Stealth Rock\n|\n|upkeep\n|turn|34\n|\n|t:|1781462649\n|move|p1a: Medicham|Zen Headbutt|p2a: Rhyperior\n|-damage|p2a: Rhyperior|126/323\n|move|p2a: Rhyperior|Earthquake|p1a: Medicham\n|-damage|p1a: Medicham|0 fnt\n|faint|p1a: Medicham\n|\n|upkeep\n|\n|t:|1781462659\n|switch|p1a: Dipplin|Dipplin, L88, F|82/284\n|-damage|p1a: Dipplin|47/284|[from] Stealth Rock\n|turn|35\n|\n|t:|1781462664\n|switch|p2a: Misdreavus|Misdreavus, L90, M|254/254\n|move|p1a: Dipplin|Recover|p1a: Dipplin\n|-heal|p1a: Dipplin|189/284\n|\n|upkeep\n|turn|36\n|\n|t:|1781462669\n|-terastallize|p2a: Misdreavus|Fairy\n|move|p2a: Misdreavus|Calm Mind|p2a: Misdreavus\n|-boost|p2a: Misdreavus|spa|1\n|-boost|p2a: Misdreavus|spd|1\n|move|p1a: Dipplin|Dragon Tail|p2a: Misdreavus\n|-immune|p2a: Misdreavus\n|\n|upkeep\n|turn|37\n|\n|t:|1781462676\n|switch|p1a: Pachirisu|Pachirisu, L96, M|99/271\n|move|p2a: Misdreavus|Shadow Ball|p1a: Pachirisu\n|-damage|p1a: Pachirisu|0 fnt\n|faint|p1a: Pachirisu\n|\n|upkeep\n|\n|t:|1781462679\n|switch|p1a: Typhlosion|Typhlosion-Hisui, L83, M|257/257\n|turn|38\n|\n|t:|1781462682\n|move|p1a: Typhlosion|Calm Mind|p1a: Typhlosion\n|-boost|p1a: Typhlosion|spa|1\n|-boost|p1a: Typhlosion|spd|1\n|move|p2a: Misdreavus|Shadow Ball|p1a: Typhlosion\n|-supereffective|p1a: Typhlosion\n|-damage|p1a: Typhlosion|57/257\n|\n|upkeep\n|turn|39\n|\n|t:|1781462689\n|move|p1a: Typhlosion|Fire Blast|p2a: Misdreavus\n|-damage|p2a: Misdreavus|122/254\n|move|p2a: Misdreavus|Shadow Ball|p1a: Typhlosion\n|-supereffective|p1a: Typhlosion\n|-damage|p1a: Typhlosion|0 fnt\n|faint|p1a: Typhlosion\n|\n|upkeep\n|-message|l'ingegnere forfeited.\n|\n|win|castiel123\n", "inputlog": ">version a8376a258c1d4662feba110a92103f3664a72141\n>start {\"formatid\":\"gen9randombattle\",\"seed\":\"sodium,48b19aa369ff719425102e237889011b\",\"rated\":\"Rated battle\"}\n>player p1 {\"name\":\"l'ingegnere\",\"avatar\":\"scientist-gen4\",\"rating\":1906,\"seed\":\"sodium,81c931f7bc1f434291f95de4a78c4a65\"}\n>player p2 {\"name\":\"castiel123\",\"avatar\":\"170\",\"rating\":2011,\"seed\":\"sodium,ca17ff89c8eed67c571b09d5b186dfa9\"}\n>p1 move dragontail\n>p2 move coil\n>p1 move dragontail\n>p2 move stoneaxe\n>p1 move dragonpulse\n>p2 move scaleshot\n>p1 switch 6\n>p2 move scaleshot\n>p1 move suckerpunch\n>p2 switch 5\n>p1 move suckerpunch\n>p2 switch 4\n>p1 move bravebird\n>p2 move swordsdance\n>p1 move bravebird\n>p2 move scaleshot\n>p1 switch 3\n>p1 move closecombat terastallize\n>p2 move crunch\n>p2 switch 2\n>p1 switch 5\n>p2 move willowisp\n>p1 move thunderwave\n>p2 switch 3\n>p1 switch 4\n>p2 move coil\n>p1 move encore\n>p2 move drainpunch\n>p1 move discharge\n>p2 move coil\n>p1 move discharge\n>p2 move coil\n>p1 move encore\n>p2 move drainpunch\n>p1 move superfang\n>p2 move coil\n>p1 move superfang\n>p2 move coil\n>p1 move encore\n>p2 switch 6\n>p1 move uturn\n>p2 move icepunch\n>p1 switch 4\n>p1 move seismictoss\n>p2 switch 6\n>p1 switch 4\n>p2 move drainpunch\n>p1 move encore\n>p2 move drainpunch\n>p1 switch 2\n>p2 move drainpunch\n>p1 move willowisp\n>p2 switch 4\n>p1 switch 4\n>p2 move stoneaxe\n>p1 switch 5\n>p1 move zenheadbutt\n>p2 move xscissor\n>p2 switch 3\n>p1 switch 2\n>p2 move calmmind\n>p1 move encore\n>p2 switch 6\n>p1 move superfang\n>p2 move stoneedge\n>p1 switch 2\n>p2 switch 6\n>p1 switch 2\n>p2 move drainingkiss\n>p1 move uturn\n>p2 switch 6\n>p1 switch 2\n>p1 move zenheadbutt\n>p2 move earthquake\n>p1 switch 6\n>p1 move recover\n>p2 switch 6\n>p1 move dragontail\n>p2 move calmmind terastallize\n>p1 switch 2\n>p2 move shadowball\n>p1 switch 4\n>p1 move calmmind\n>p2 move shadowball\n>p1 move fireblast\n>p2 move shadowball\n>forcelose p1", "uploadtime": 1781462315, "views": 5, "formatid": "gen9randombattle", "rating": null, "private": 0, "password": null, "player_dets": [{"name": "l'ingegnere", "avatar": "scientist-gen4", "rating": 1906, "seed": "sodium,81c931f7bc1f434291f95de4a78c4a65"}, {"name": "castiel123", "avatar": "170", "rating": 2011, "seed": "sodium,ca17ff89c8eed67c571b09d5b186dfa9"}], "teams_full": [{"Dipplin": {"name": "Dipplin", "species": "Dipplin", "speciesId": "dipplin", "gender": "F", "shiny": false, "level": 88, "moves": ["dragonpulse", "dragontail", "recover", "gigadrain"], "ability": "Sticky Hold", "evs": {"hp": 85, "atk": 85, "def": 85, "spa": 85, "spd": 85, "spe": 85}, "ivs": {"hp": 31, "atk": 31, "def": 31, "spa": 31, "spd": 31, "spe": 31}, "item": "Eviolite", "teraType": "Steel", "role": "Bulky Attacker", "bvs": {"hp": 80, "atk": 80, "def": 110, "spa": 95, "spd": 80, "spe": 40}, "stats": {"hp": 284, "atk": 191, "def": 244, "spa": 217, "spd": 191, "spe": 121}}, "Typhlosion": {"name": "Typhlosion", "species": "Typhlosion-Hisui", "speciesId": "typhlosionhisui", "gender": "M", "shiny": false, "level": 83, "moves": ["shadowball", "fireblast", "willowisp", "calmmind"], "ability": "Blaze", "evs": {"hp": 85, "atk": 0, "def": 85, "spa": 85, "spd": 85, "spe": 85}, "ivs": {"hp": 31, "atk": 0, "def": 31, "spa": 31, "spd": 31, "spe": 31}, "item": "Heavy-Duty Boots", "teraType": "Ghost", "role": "Fast Bulky Setup", "bvs": {"hp": 73, "atk": 84, "def": 78, "spa": 119, "spd": 85, "spe": 95}, "stats": {"hp": 257, "atk": 144, "def": 177, "spa": 245, "spd": 189, "spe": 205}}, "Medicham": {"name": "Medicham", "species": "Medicham", "speciesId": "medicham", "gender": "F", "shiny": false, "level": 86, "moves": ["icepunch", "zenheadbutt", "closecombat", "bulletpunch"], "ability": "Pure Power", "evs": {"hp": 85, "atk": 85, "def": 85, "spa": 85, "spd": 85, "spe": 85}, "ivs": {"hp": 31, "atk": 31, "def": 31, "spa": 31, "spd": 31, "spe": 31}, "item": "Choice Band", "teraType": "Fighting", "role": "Fast Attacker", "bvs": {"hp": 60, "atk": 60, "def": 75, "spa": 60, "spd": 75, "spe": 80}, "stats": {"hp": 243, "atk": 152, "def": 178, "spa": 152, "spd": 178, "spe": 187}}, "Pachirisu": {"name": "Pachirisu", "species": "Pachirisu", "speciesId": "pachirisu", "gender": "M", "shiny": false, "level": 96, "moves": ["uturn", "discharge", "encore", "superfang"], "ability": "Volt Absorb", "evs": {"hp": 85, "atk": 85, "def": 85, "spa": 85, "spd": 85, "spe": 85}, "ivs": {"hp": 31, "atk": 31, "def": 31, "spa": 31, "spd": 31, "spe": 31}, "item": "Heavy-Duty Boots", "teraType": "Flying", "role": "Fast Support", "bvs": {"hp": 60, "atk": 45, "def": 70, "spa": 45, "spd": 90, "spe": 95}, "stats": {"hp": 271, "atk": 141, "def": 189, "spa": 141, "spd": 227, "spe": 237}}, "Chansey": {"name": "Chansey", "species": "Chansey", "speciesId": "chansey", "gender": "F", "shiny": false, "level": 85, "moves": ["healbell", "thunderwave", "softboiled", "seismictoss"], "ability": "Natural Cure", "evs": {"hp": 85, "atk": 0, "def": 85, "spa": 85, "spd": 85, "spe": 85}, "ivs": {"hp": 31, "atk": 0, "def": 31, "spa": 31, "spd": 31, "spe": 31}, "item": "Eviolite", "teraType": "Ghost", "role": "Bulky Support", "bvs": {"hp": 250, "atk": 5, "def": 5, "spa": 35, "spd": 105, "spe": 50}, "stats": {"hp": 564, "atk": 13, "def": 57, "spa": 108, "spd": 227, "spe": 134}}, "Honchkrow": {"name": "Honchkrow", "species": "Honchkrow", "speciesId": "honchkrow", "gender": "F", "shiny": false, "level": 86, "moves": ["bravebird", "heatwave", "lashout", "suckerpunch"], "ability": "Moxie", "evs": {"hp": 85, "atk": 85, "def": 85, "spa": 85, "spd": 85, "spe": 85}, "ivs": {"hp": 31, "atk": 31, "def": 31, "spa": 31, "spd": 31, "spe": 31}, "item": "Heavy-Duty Boots", "teraType": "Dark", "role": "Wallbreaker", "bvs": {"hp": 100, "atk": 125, "def": 52, "spa": 105, "spd": 52, "spe": 71}, "stats": {"hp": 312, "atk": 264, "def": 139, "spa": 230, "spd": 139, "spe": 171}}}, {"Eelektross": {"name": "Eelektross", "species": "Eelektross", "speciesId": "eelektross", "gender": "F", "shiny": false, "level": 87, "moves": ["knockoff", "coil", "supercellslam", "drainpunch"], "ability": "Levitate", "evs": {"hp": 85, "atk": 85, "def": 85, "spa": 85, "spd": 85, "spe": 85}, "ivs": {"hp": 31, "atk": 31, "def": 31, "spa": 31, "spd": 31, "spe": 31}, "item": "Leftovers", "teraType": "Fighting", "role": "Bulky Setup", "bvs": {"hp": 85, "atk": 115, "def": 80, "spa": 105, "spd": 80, "spe": 50}, "stats": {"hp": 290, "atk": 250, "def": 189, "spa": 232, "spd": 189, "spe": 137}}, "Misdreavus": {"name": "Misdreavus", "species": "Misdreavus", "speciesId": "misdreavus", "gender": "M", "shiny": false, "level": 90, "moves": ["drainingkiss", "willowisp", "calmmind", "shadowball"], "ability": "Levitate", "evs": {"hp": 85, "atk": 0, "def": 85, "spa": 85, "spd": 85, "spe": 85}, "ivs": {"hp": 31, "atk": 0, "def": 31, "spa": 31, "spd": 31, "spe": 31}, "item": "Eviolite", "teraType": "Fairy", "role": "Bulky Setup", "bvs": {"hp": 60, "atk": 60, "def": 60, "spa": 85, "spd": 85, "spe": 85}, "stats": {"hp": 254, "atk": 113, "def": 159, "spa": 204, "spd": 204, "spe": 204}}, "Kleavor": {"name": "Kleavor", "species": "Kleavor", "speciesId": "kleavor", "gender": "F", "shiny": false, "level": 78, "moves": ["xscissor", "stoneaxe", "swordsdance", "closecombat"], "ability": "Sharpness", "evs": {"hp": 85, "atk": 85, "def": 85, "spa": 85, "spd": 85, "spe": 85}, "ivs": {"hp": 31, "atk": 31, "def": 31, "spa": 31, "spd": 31, "spe": 31}, "item": "Heavy-Duty Boots", "teraType": "Fighting", "role": "Bulky Attacker", "bvs": {"hp": 70, "atk": 135, "def": 95, "spa": 45, "spd": 70, "spe": 85}, "stats": {"hp": 237, "atk": 256, "def": 193, "spa": 115, "spd": 154, "spe": 178}}, "Overqwil": {"name": "Overqwil", "species": "Overqwil", "speciesId": "overqwil", "gender": "F", "shiny": false, "level": 82, "moves": ["swordsdance", "scaleshot", "crunch", "gunkshot"], "ability": "Intimidate", "evs": {"hp": 85, "atk": 85, "def": 85, "spa": 85, "spd": 85, "spe": 85}, "ivs": {"hp": 31, "atk": 31, "def": 31, "spa": 31, "spd": 31, "spe": 31}, "item": "Loaded Dice", "teraType": "Dragon", "role": "Setup Sweeper", "bvs": {"hp": 85, "atk": 115, "def": 95, "spa": 65, "spd": 65, "spe": 85}, "stats": {"hp": 274, "atk": 236, "def": 203, "spa": 154, "spd": 154, "spe": 187}}, "Kommo-o": {"name": "Kommo-o", "species": "Kommo-o", "speciesId": "kommoo", "gender": "F", "shiny": false, "level": 78, "moves": ["scaleshot", "swordsdance", "ironhead", "closecombat"], "ability": "Soundproof", "evs": {"hp": 85, "atk": 85, "def": 85, "spa": 85, "spd": 85, "spe": 85}, "ivs": {"hp": 31, "atk": 31, "def": 31, "spa": 31, "spd": 31, "spe": 31}, "item": "Loaded Dice", "teraType": "Steel", "role": "Setup Sweeper", "bvs": {"hp": 75, "atk": 110, "def": 125, "spa": 100, "spd": 105, "spe": 85}, "stats": {"hp": 245, "atk": 217, "def": 240, "spa": 201, "spd": 209, "spe": 178}}, "Rhyperior": {"name": "Rhyperior", "species": "Rhyperior", "speciesId": "rhyperior", "gender": "F", "shiny": false, "level": 82, "moves": ["megahorn", "icepunch", "earthquake", "stoneedge"], "ability": "Solid Rock", "evs": {"hp": 85, "atk": 85, "def": 85, "spa": 85, "spd": 85, "spe": 85}, "ivs": {"hp": 31, "atk": 31, "def": 31, "spa": 31, "spd": 31, "spe": 31}, "item": "Choice Band", "teraType": "Bug", "role": "Bulky Attacker", "bvs": {"hp": 115, "atk": 140, "def": 130, "spa": 55, "spd": 55, "spe": 40}, "stats": {"hp": 323, "atk": 277, "def": 260, "spa": 137, "spd": 137, "spe": 113}}}]}