{"id": "gen9randombattle-2631865241", "format": "[Gen 9] Random Battle", "players": ["Robin blue 43", "Estrace"], "log": "|j|\u2606Robin blue 43\n|j|\u2606Estrace\n|t:|1781449715\n|gametype|singles\n|player|p1|Robin blue 43|170|1929\n|player|p2|Estrace|clair|1967\n|gen|9\n|tier|[Gen 9] Random Battle\n|rated|\n|rule|Species Clause: Limit one of each Pok\u00e9mon\n|rule|HP Percentage Mod: HP is shown in percentages\n|rule|Sleep Clause Mod: Limit one foe put to sleep\n|rule|Illusion Level Mod: Illusion disguises the Pok\u00e9mon's true level\n|\n|t:|1781449715\n|teamsize|p1|6\n|teamsize|p2|6\n|start\n|switch|p1a: Ursaluna|Ursaluna-Bloodmoon, L79, M|308/308\n|switch|p2a: Palafin|Palafin, L77, M|281/281\n|turn|1\n|inactive|Battle timer is ON: inactive players will automatically lose when time's up. (requested by Estrace)\n|\n|t:|1781449725\n|move|p2a: Palafin|Flip Turn|p1a: Ursaluna\n|-supereffective|p1a: Ursaluna\n|-damage|p1a: Ursaluna|194/308\n|\n|t:|1781449745\n|detailschange|p2a: Palafin|Palafin-Hero, L77, M\n|switch|p2a: Arceus|Arceus-Grass, L73|296/296|[from] Flip Turn\n|move|p1a: Ursaluna|Calm Mind|p1a: Ursaluna\n|-boost|p1a: Ursaluna|spa|1\n|-boost|p1a: Ursaluna|spd|1\n|\n|-heal|p1a: Ursaluna|213/308|[from] item: Leftovers\n|upkeep\n|turn|2\n|\n|t:|1781449751\n|move|p2a: Arceus|Judgment|p1a: Ursaluna\n|-supereffective|p1a: Ursaluna\n|-damage|p1a: Ursaluna|15/308\n|move|p1a: Ursaluna|Blood Moon|p2a: Arceus\n|-damage|p2a: Arceus|76/296\n|\n|-heal|p1a: Ursaluna|34/308|[from] item: Leftovers\n|upkeep\n|turn|3\n|\n|t:|1781449760\n|move|p2a: Arceus|Judgment|p1a: Ursaluna\n|-supereffective|p1a: Ursaluna\n|-crit|p1a: Ursaluna\n|-damage|p1a: Ursaluna|0 fnt\n|faint|p1a: Ursaluna\n|\n|upkeep\n|\n|t:|1781449769\n|switch|p1a: Greninja|Greninja, L80, M|246/246\n|turn|4\n|\n|t:|1781449789\n|switch|p2a: Salazzle|Salazzle, L83, F|249/249\n|move|p1a: Greninja|Gunk Shot|p2a: Salazzle|[miss]\n|-miss|p1a: Greninja|p2a: Salazzle\n|\n|upkeep\n|turn|5\n|\n|t:|1781449804\n|switch|p2a: Palafin|Palafin-Hero, L77, M|281/281\n|-activate|p2a: Palafin|ability: Zero to Hero\n|move|p1a: Greninja|Hydro Pump|p2a: Palafin|[miss]\n|-miss|p1a: Greninja|p2a: Palafin\n|\n|upkeep\n|turn|6\n|\n|t:|1781449810\n|move|p1a: Greninja|Dark Pulse|p2a: Palafin\n|-crit|p2a: Palafin\n|-damage|p2a: Palafin|94/281\n|-damage|p1a: Greninja|222/246|[from] item: Life Orb\n|cant|p2a: Palafin|flinch\n|\n|upkeep\n|turn|7\n|c|\u2606Robin blue 43|I hate\n|c|\u2606Robin blue 43|it\n|c|\u2606Estrace|lol\n|c|\u2606Estrace|hax\n|c|\u2606Estrace|it giveth\n|c|\u2606Estrace|it taketh\n|c|\u2606Robin blue 43|Bro\n|c|\u2606Robin blue 43|i missed 2 moves\n|c|\u2606Robin blue 43|only fair\n|c|\u2606Estrace|i just said it giveth it taketh\n|inactive|Estrace has 120 seconds left.\n|c|\u2606Estrace|whats your problem\n|c|\u2606Estrace|actually agreeing with you\n|c|\u2606Robin blue 43|My problem is that i am dumb\n|c|\u2606Robin blue 43|af\n|\n|t:|1781449854\n|switch|p2a: Arceus|Arceus-Grass, L73|76/296\n|move|p1a: Greninja|Dark Pulse|p2a: Arceus\n|-damage|p2a: Arceus|0 fnt\n|faint|p2a: Arceus\n|-ability|p1a: Greninja|Battle Bond|boost\n|-boost|p1a: Greninja|atk|1\n|-boost|p1a: Greninja|spa|1\n|-boost|p1a: Greninja|spe|1\n|-activate|p1a: Greninja|ability: Battle Bond\n|-damage|p1a: Greninja|198/246|[from] item: Life Orb\n|\n|upkeep\n|c|\u2606Robin blue 43|Well\n|\n|t:|1781449865\n|switch|p2a: Salazzle|Salazzle, L83, F|249/249\n|turn|8\n|\n|t:|1781449870\n|-terastallize|p2a: Salazzle|Grass\n|move|p1a: Greninja|Dark Pulse|p2a: Salazzle\n|-damage|p2a: Salazzle|19/249\n|-damage|p1a: Greninja|174/246|[from] item: Life Orb\n|cant|p2a: Salazzle|flinch\n|\n|-heal|p2a: Salazzle|34/249|[from] item: Leftovers\n|upkeep\n|turn|9\n|c|\u2606Robin blue 43|Lol\n|\n|t:|1781449882\n|move|p1a: Greninja|Dark Pulse|p2a: Salazzle\n|-damage|p2a: Salazzle|0 fnt\n|faint|p2a: Salazzle\n|-damage|p1a: Greninja|150/246|[from] item: Life Orb\n|\n|upkeep\n|\n|t:|1781449885\n|switch|p2a: Manaphy|Manaphy, L78|284/284\n|turn|10\n|\n|t:|1781449889\n|move|p1a: Greninja|Dark Pulse|p2a: Manaphy\n|-damage|p2a: Manaphy|123/284\n|-damage|p1a: Greninja|126/246|[from] item: Life Orb\n|move|p2a: Manaphy|Energy Ball|p1a: Greninja\n|-supereffective|p1a: Greninja\n|-damage|p1a: Greninja|0 fnt\n|faint|p1a: Greninja\n|\n|-heal|p2a: Manaphy|140/284|[from] item: Leftovers\n|upkeep\n|\n|t:|1781449900\n|switch|p1a: Squawkabilly|Squawkabilly-White, L89, F|291/291\n|turn|11\n|\n|t:|1781449916\n|switch|p2a: Armarouge|Armarouge, L80, F|267/267\n|move|p1a: Squawkabilly|Brave Bird|p2a: Armarouge|[miss]\n|-miss|p1a: Squawkabilly|p2a: Armarouge\n|\n|upkeep\n|turn|12\n|c|\u2606Robin blue 43|:D\n|inactive|Estrace has 120 seconds left.\n|c|\u2606Robin blue 43|You gonna win here\n|c|\u2606Estrace|you really don't need to :D after the flinches\n|c|\u2606Estrace|like\n|c|\u2606Robin blue 43|Bro\n|c|\u2606Robin blue 43|you win this\n|c|\u2606Estrace|if anything i'm the one getting fucked here\n|\n|t:|1781449948\n|move|p1a: Squawkabilly|Brave Bird|p2a: Armarouge\n|-damage|p2a: Armarouge|0 fnt\n|faint|p2a: Armarouge\n|-damage|p1a: Squawkabilly|203/291|[from] Recoil\n|\n|upkeep\n|\n|t:|1781449953\n|switch|p2a: Mewtwo|Mewtwo, L72|272/272\n|-ability|p2a: Mewtwo|Unnerve\n|turn|13\n|\n|t:|1781449960\n|switch|p1a: Gholdengo|Gholdengo, L77|261/261\n|move|p2a: Mewtwo|Psystrike|p1a: Gholdengo\n|-resisted|p1a: Gholdengo\n|-damage|p1a: Gholdengo|188/261\n|-damage|p2a: Mewtwo|245/272|[from] item: Life Orb\n|\n|upkeep\n|turn|14\n|inactive|Estrace has 120 seconds left.\n|\n|t:|1781449970\n|move|p1a: Gholdengo|Shadow Ball|p2a: Mewtwo\n|-supereffective|p2a: Mewtwo\n|-damage|p2a: Mewtwo|35/272\n|move|p2a: Mewtwo|Dark Pulse|p1a: Gholdengo\n|-supereffective|p1a: Gholdengo\n|-damage|p1a: Gholdengo|9/261\n|-damage|p2a: Mewtwo|8/272|[from] item: Life Orb\n|\n|upkeep\n|turn|15\n|\n|t:|1781449977\n|switch|p2a: Manaphy|Manaphy, L78|140/284\n|move|p1a: Gholdengo|Shadow Ball|p2a: Manaphy\n|-damage|p2a: Manaphy|49/284\n|\n|-heal|p2a: Manaphy|66/284|[from] item: Leftovers\n|upkeep\n|turn|16\n|\n|t:|1781449981\n|move|p1a: Gholdengo|Shadow Ball|p2a: Manaphy\n|-damage|p2a: Manaphy|0 fnt\n|faint|p2a: Manaphy\n|\n|upkeep\n|\n|t:|1781449982\n|switch|p2a: Palafin|Palafin-Hero, L77, M|94/281\n|turn|17\n|\n|t:|1781449987\n|switch|p1a: Hitmonchan|Hitmonchan, L87, M|229/229\n|move|p2a: Palafin|Jet Punch|p1a: Hitmonchan\n|-damage|p1a: Hitmonchan|109/229\n|\n|-heal|p1a: Hitmonchan|123/229|[from] item: Leftovers\n|upkeep\n|turn|18\n|\n|t:|1781449993\n|move|p2a: Palafin|Jet Punch|p1a: Hitmonchan\n|-damage|p1a: Hitmonchan|6/229\n|move|p1a: Hitmonchan|Drain Punch|p2a: Palafin\n|-damage|p2a: Palafin|0 fnt\n|-heal|p1a: Hitmonchan|53/229|[from] drain|[of] p2a: Palafin\n|faint|p2a: Palafin\n|\n|-heal|p1a: Hitmonchan|67/229|[from] item: Leftovers\n|upkeep\n|c|\u2606Robin blue 43|Well\n|c|\u2606Estrace|now stop whining. annoying ass\n|\n|t:|1781450002\n|switch|p2a: Mewtwo|Mewtwo, L72|8/272\n|-ability|p2a: Mewtwo|Unnerve\n|turn|19\n|c|\u2606Robin blue 43|Why\n|c|\u2606Robin blue 43|tf did you gave me the boost\n|-message|Estrace forfeited.\n|\n|win|Robin blue 43\n", "inputlog": ">version a8376a258c1d4662feba110a92103f3664a72141\n>start {\"formatid\":\"gen9randombattle\",\"seed\":\"sodium,15c480391e6048746679e748f7bf9b16\",\"rated\":\"Rated battle\"}\n>player p1 {\"name\":\"Robin blue 43\",\"avatar\":\"170\",\"rating\":1929,\"seed\":\"sodium,9e2fe876457d4de2bcd655df18b66ec1\"}\n>player p2 {\"name\":\"Estrace\",\"avatar\":\"clair\",\"rating\":1967,\"seed\":\"sodium,1562dde64821f7971419ff46b40beb87\"}\n>p1 move calmmind\n>p2 move flipturn\n>p2 switch 3\n>p1 move bloodmoon\n>p2 move judgment\n>p1 move moonlight\n>p2 move judgment\n>p1 switch 6\n>p1 move gunkshot\n>p2 switch 2\n>p1 move hydropump\n>p2 switch 3\n>p1 move darkpulse\n>p2 move closecombat\n>chat \u2606Robin blue 43|I hate\n>chat \u2606Robin blue 43|it\n>chat \u2606Estrace|lol\n>chat \u2606Estrace|hax\n>chat \u2606Estrace|it giveth\n>chat \u2606Estrace|it taketh\n>chat \u2606Robin blue 43|Bro\n>chat \u2606Robin blue 43|i missed 2 moves\n>chat \u2606Robin blue 43|only fair\n>chat \u2606Estrace|i just said it giveth it taketh\n>chat \u2606Estrace|whats your problem\n>chat \u2606Estrace|actually agreeing with you\n>chat \u2606Robin blue 43|My problem is that i am dumb\n>chat \u2606Robin blue 43|af\n>p1 move darkpulse\n>p2 switch 2\n>chat \u2606Robin blue 43|Well\n>p2 switch 3\n>p1 move darkpulse\n>p2 move toxic terastallize\n>chat \u2606Robin blue 43|Lol\n>p1 move darkpulse\n>p2 move toxic\n>p2 switch 6\n>p1 move darkpulse\n>p2 move energyball\n>p1 switch 5\n>p1 move bravebird\n>p2 switch 5\n>chat \u2606Robin blue 43|:D\n>chat \u2606Robin blue 43|You gonna win here\n>chat \u2606Estrace|you really don't need to :D after the flinches\n>chat \u2606Estrace|like\n>chat \u2606Robin blue 43|Bro \n>chat \u2606Robin blue 43|you win this\n>chat \u2606Estrace|if anything i'm the one getting fucked here\n>p1 move bravebird\n>p2 move meteorbeam\n>p2 switch 4\n>p1 switch 3\n>p2 move psystrike\n>p1 move shadowball\n>p2 move darkpulse\n>p1 move shadowball\n>p2 switch 5\n>p1 move shadowball\n>p2 move hydropump\n>p2 switch 2\n>p1 switch 4\n>p2 move jetpunch\n>p1 move drainpunch\n>p2 move jetpunch\n>chat \u2606Robin blue 43|Well\n>chat \u2606Estrace|now stop whining. annoying ass\n>p2 switch 5\n>chat \u2606Robin blue 43|Why\n>chat \u2606Robin blue 43|tf did you gave me the boost\n>forcelose p2", "uploadtime": 1781449717, "views": 12, "formatid": "gen9randombattle", "rating": null, "private": 0, "password": null, "player_dets": [{"name": "Robin blue 43", "avatar": "170", "rating": 1929, "seed": "sodium,9e2fe876457d4de2bcd655df18b66ec1"}, {"name": "Estrace", "avatar": "clair", "rating": 1967, "seed": "sodium,1562dde64821f7971419ff46b40beb87"}], "teams_full": [{"Ursaluna": {"name": "Ursaluna", "species": "Ursaluna-Bloodmoon", "speciesId": "ursalunabloodmoon", "gender": "M", "shiny": false, "level": 79, "moves": ["earthpower", "moonlight", "calmmind", "bloodmoon"], "ability": "Mind's Eye", "evs": {"hp": 85, "atk": 0, "def": 85, "spa": 85, "spd": 85, "spe": 85}, "ivs": {"hp": 31, "atk": 0, "def": 31, "spa": 31, "spd": 31, "spe": 31}, "item": "Leftovers", "teraType": "Ghost", "role": "Bulky Attacker", "bvs": {"hp": 113, "atk": 70, "def": 120, "spa": 135, "spd": 65, "spe": 52}, "stats": {"hp": 308, "atk": 115, "def": 235, "spa": 259, "spd": 148, "spe": 128}}, "Bellossom": {"name": "Bellossom", "species": "Bellossom", "speciesId": "bellossom", "gender": "F", "shiny": false, "level": 84, "moves": ["strengthsap", "quiverdance", "moonblast", "gigadrain"], "ability": "Chlorophyll", "evs": {"hp": 85, "atk": 0, "def": 85, "spa": 85, "spd": 85, "spe": 85}, "ivs": {"hp": 31, "atk": 0, "def": 31, "spa": 31, "spd": 31, "spe": 31}, "item": "Leftovers", "teraType": "Fairy", "role": "Bulky Setup", "bvs": {"hp": 75, "atk": 80, "def": 95, "spa": 90, "spd": 100, "spe": 50}, "stats": {"hp": 263, "atk": 139, "def": 208, "spa": 199, "spd": 216, "spe": 132}}, "Gholdengo": {"name": "Gholdengo", "species": "Gholdengo", "speciesId": "gholdengo", "gender": "N", "shiny": false, "level": 77, "moves": ["shadowball", "trick", "focusblast", "makeitrain"], "ability": "Good as Gold", "evs": {"hp": 85, "atk": 0, "def": 85, "spa": 85, "spd": 85, "spe": 85}, "ivs": {"hp": 31, "atk": 0, "def": 31, "spa": 31, "spd": 31, "spe": 31}, "item": "Choice Scarf", "teraType": "Steel", "role": "Bulky Attacker", "bvs": {"hp": 87, "atk": 60, "def": 95, "spa": 133, "spd": 91, "spe": 84}, "stats": {"hp": 261, "atk": 97, "def": 191, "spa": 249, "spd": 185, "spe": 174}}, "Hitmonchan": {"name": "Hitmonchan", "species": "Hitmonchan", "speciesId": "hitmonchan", "gender": "M", "shiny": false, "level": 87, "moves": ["knockoff", "drainpunch", "poisonjab", "bulkup"], "ability": "Iron Fist", "evs": {"hp": 85, "atk": 85, "def": 85, "spa": 85, "spd": 85, "spe": 85}, "ivs": {"hp": 31, "atk": 31, "def": 31, "spa": 31, "spd": 31, "spe": 31}, "item": "Leftovers", "teraType": "Steel", "role": "Bulky Setup", "bvs": {"hp": 50, "atk": 105, "def": 79, "spa": 35, "spd": 110, "spe": 76}, "stats": {"hp": 229, "atk": 232, "def": 187, "spa": 111, "spd": 241, "spe": 182}}, "Squawkabilly": {"name": "Squawkabilly", "species": "Squawkabilly-White", "speciesId": "squawkabillywhite", "gender": "F", "shiny": false, "level": 89, "moves": ["foulplay", "quickattack", "bravebird", "doubleedge"], "ability": "Hustle", "evs": {"hp": 85, "atk": 85, "def": 85, "spa": 85, "spd": 85, "spe": 85}, "ivs": {"hp": 31, "atk": 31, "def": 31, "spa": 31, "spd": 31, "spe": 31}, "item": "Choice Band", "teraType": "Flying", "role": "Wallbreaker", "bvs": {"hp": 82, "atk": 96, "def": 51, "spa": 45, "spd": 51, "spe": 92}, "stats": {"hp": 291, "atk": 222, "def": 142, "spa": 131, "spd": 142, "spe": 215}}, "Greninja": {"name": "Greninja", "species": "Greninja-Bond", "speciesId": "greninjabond", "gender": "M", "shiny": false, "level": 80, "moves": ["icebeam", "hydropump", "darkpulse", "gunkshot"], "ability": "Battle Bond", "evs": {"hp": 85, "atk": 85, "def": 85, "spa": 85, "spd": 85, "spe": 85}, "ivs": {"hp": 31, "atk": 31, "def": 31, "spa": 31, "spd": 31, "spe": 31}, "item": "Life Orb", "teraType": "Water", "role": "Fast Attacker", "bvs": {"hp": 72, "atk": 95, "def": 67, "spa": 103, "spd": 71, "spe": 122}, "stats": {"hp": 246, "atk": 198, "def": 153, "spa": 211, "spd": 160, "spe": 241}}}, {"Palafin": {"name": "Palafin", "species": "Palafin", "speciesId": "palafin", "gender": "M", "shiny": false, "level": 77, "moves": ["wavecrash", "flipturn", "jetpunch", "closecombat"], "ability": "Zero to Hero", "evs": {"hp": 85, "atk": 85, "def": 85, "spa": 85, "spd": 85, "spe": 85}, "ivs": {"hp": 31, "atk": 31, "def": 31, "spa": 31, "spd": 31, "spe": 31}, "item": "Choice Band", "teraType": "Fighting", "role": "Wallbreaker", "bvs": {"hp": 100, "atk": 70, "def": 72, "spa": 53, "spd": 62, "spe": 100}, "stats": {"hp": 281, "atk": 152, "def": 155, "spa": 126, "spd": 140, "spe": 199}}, "Salazzle": {"name": "Salazzle", "species": "Salazzle", "speciesId": "salazzle", "gender": "F", "shiny": false, "level": 83, "moves": ["flamethrower", "substitute", "toxic", "protect"], "ability": "Corrosion", "evs": {"hp": 85, "atk": 0, "def": 85, "spa": 85, "spd": 85, "spe": 85}, "ivs": {"hp": 31, "atk": 0, "def": 31, "spa": 31, "spd": 31, "spe": 31}, "item": "Leftovers", "teraType": "Grass", "role": "Fast Support", "bvs": {"hp": 68, "atk": 64, "def": 60, "spa": 111, "spd": 60, "spe": 117}, "stats": {"hp": 249, "atk": 111, "def": 147, "spa": 232, "spd": 147, "spe": 242}}, "Arceus": {"name": "Arceus", "species": "Arceus-Grass", "speciesId": "arceusgrass", "gender": "N", "shiny": false, "level": 73, "moves": ["earthpower", "icebeam", "calmmind", "judgment"], "ability": "Multitype", "evs": {"hp": 85, "atk": 0, "def": 85, "spa": 85, "spd": 85, "spe": 85}, "ivs": {"hp": 31, "atk": 0, "def": 31, "spa": 31, "spd": 31, "spe": 31}, "item": "Meadow Plate", "teraType": "Ground", "role": "Setup Sweeper", "bvs": {"hp": 120, "atk": 120, "def": 120, "spa": 120, "spd": 120, "spe": 120}, "stats": {"hp": 296, "atk": 180, "def": 218, "spa": 218, "spd": 218, "spe": 218}}, "Mewtwo": {"name": "Mewtwo", "species": "Mewtwo", "speciesId": "mewtwo", "gender": "N", "shiny": false, "level": 72, "moves": ["nastyplot", "darkpulse", "aurasphere", "psystrike"], "ability": "Unnerve", "evs": {"hp": 85, "atk": 0, "def": 85, "spa": 85, "spd": 85, "spe": 85}, "ivs": {"hp": 31, "atk": 0, "def": 31, "spa": 31, "spd": 31, "spe": 31}, "item": "Life Orb", "teraType": "Dark", "role": "Setup Sweeper", "bvs": {"hp": 106, "atk": 110, "def": 90, "spa": 154, "spd": 90, "spe": 130}, "stats": {"hp": 272, "atk": 163, "def": 172, "spa": 264, "spd": 172, "spe": 229}}, "Armarouge": {"name": "Armarouge", "species": "Armarouge", "speciesId": "armarouge", "gender": "F", "shiny": false, "level": 80, "moves": ["meteorbeam", "psyshock", "armorcannon", "energyball"], "ability": "Weak Armor", "evs": {"hp": 85, "atk": 0, "def": 85, "spa": 85, "spd": 85, "spe": 85}, "ivs": {"hp": 31, "atk": 0, "def": 31, "spa": 31, "spd": 31, "spe": 31}, "item": "Power Herb", "teraType": "Fire", "role": "Setup Sweeper", "bvs": {"hp": 85, "atk": 60, "def": 100, "spa": 125, "spd": 80, "spe": 75}, "stats": {"hp": 267, "atk": 101, "def": 206, "spa": 246, "spd": 174, "spe": 166}}, "Manaphy": {"name": "Manaphy", "species": "Manaphy", "speciesId": "manaphy", "gender": "N", "shiny": false, "level": 78, "moves": ["icebeam", "tailglow", "energyball", "hydropump"], "ability": "Hydration", "evs": {"hp": 85, "atk": 0, "def": 85, "spa": 85, "spd": 85, "spe": 85}, "ivs": {"hp": 31, "atk": 0, "def": 31, "spa": 31, "spd": 31, "spe": 31}, "item": "Leftovers", "teraType": "Grass", "role": "Bulky Setup", "bvs": {"hp": 100, "atk": 100, "def": 100, "spa": 100, "spd": 100, "spe": 100}, "stats": {"hp": 284, "atk": 161, "def": 201, "spa": 201, "spd": 201, "spe": 201}}}]}