{"id": "gen9randombattle-2631627810", "format": "[Gen 9] Random Battle", "players": ["AllCuzOfHax", "MMF6G"], "log": "|j|\u2606AllCuzOfHax\n|j|\u2606MMF6G\n|t:|1781411179\n|gametype|singles\n|player|p1|AllCuzOfHax|anabel|2040\n|player|p2|MMF6G|veteran|2010\n|gen|9\n|tier|[Gen 9] Random Battle\n|rated|\n|rule|Species Clause: Limit one of each Pok\u00e9mon\n|rule|HP Percentage Mod: HP is shown in percentages\n|rule|Sleep Clause Mod: Limit one foe put to sleep\n|rule|Illusion Level Mod: Illusion disguises the Pok\u00e9mon's true level\n|\n|t:|1781411179\n|teamsize|p1|6\n|teamsize|p2|6\n|start\n|switch|p1a: Tentacruel|Tentacruel, L84, M|272/272\n|switch|p2a: Oranguru|Oranguru, L92, M|315/315\n|turn|1\n|inactive|Battle timer is ON: inactive players will automatically lose when time's up. (requested by MMF6G)\n|inactive|AllCuzOfHax has 120 seconds left.\n|inactive|AllCuzOfHax has 90 seconds left.\n|\n|t:|1781411248\n|move|p1a: Tentacruel|Flip Turn|p2a: Oranguru\n|-damage|p2a: Oranguru|264/315\n|\n|t:|1781411250\n|switch|p1a: Bombirdier|Bombirdier, L85, F|258/258|[from] Flip Turn\n|move|p2a: Oranguru|Nasty Plot|p2a: Oranguru\n|-boost|p2a: Oranguru|spa|2\n|\n|-heal|p2a: Oranguru|283/315|[from] item: Leftovers\n|upkeep\n|turn|2\n|\n|t:|1781411263\n|switch|p2a: Umbreon|Umbreon, L84, M|297/297\n|move|p1a: Bombirdier|Knock Off|p2a: Umbreon\n|-resisted|p2a: Umbreon\n|-damage|p2a: Umbreon|247/297\n|-enditem|p2a: Umbreon|Leftovers|[from] move: Knock Off|[of] p1a: Bombirdier\n|\n|upkeep\n|turn|3\n|\n|t:|1781411280\n|switch|p1a: Tentacruel|Tentacruel, L84, M|272/272\n|move|p2a: Umbreon|Wish|p2a: Umbreon\n|\n|upkeep\n|turn|4\n|\n|t:|1781411300\n|switch|p2a: Oranguru|Oranguru, L92, M|283/315\n|move|p1a: Tentacruel|Sludge Bomb|p2a: Oranguru\n|-damage|p2a: Oranguru|216/315\n|\n|-heal|p2a: Oranguru|315/315|[from] move: Wish|[wisher] Umbreon\n|upkeep\n|turn|5\n|\n|t:|1781411309\n|move|p1a: Tentacruel|Flip Turn|p2a: Oranguru\n|-damage|p2a: Oranguru|267/315\n|\n|t:|1781411311\n|switch|p1a: Bombirdier|Bombirdier, L85, F|258/258|[from] Flip Turn\n|move|p2a: Oranguru|Thunderbolt|p1a: Bombirdier\n|-supereffective|p1a: Bombirdier\n|-damage|p1a: Bombirdier|114/258\n|\n|-heal|p2a: Oranguru|286/315|[from] item: Leftovers\n|upkeep\n|turn|6\n|\n|t:|1781411320\n|switch|p2a: Umbreon|Umbreon, L84, M|247/297\n|move|p1a: Bombirdier|Knock Off|p2a: Umbreon\n|-resisted|p2a: Umbreon\n|-damage|p2a: Umbreon|217/297\n|\n|upkeep\n|turn|7\n|\n|t:|1781411326\n|switch|p1a: Tentacruel|Tentacruel, L84, M|272/272\n|move|p2a: Umbreon|Wish|p2a: Umbreon\n|\n|upkeep\n|turn|8\n|\n|t:|1781411350\n|switch|p2a: Oranguru|Oranguru, L92, M|286/315\n|move|p1a: Tentacruel|Flip Turn|p2a: Oranguru\n|-damage|p2a: Oranguru|237/315\n|\n|t:|1781411354\n|switch|p1a: Bombirdier|Bombirdier, L85, F|114/258|[from] Flip Turn\n|\n|-heal|p2a: Oranguru|315/315|[from] move: Wish|[wisher] Umbreon\n|upkeep\n|turn|9\n|\n|t:|1781411361\n|move|p1a: Bombirdier|Roost|p1a: Bombirdier\n|-heal|p1a: Bombirdier|243/258\n|-singleturn|p1a: Bombirdier|move: Roost\n|move|p2a: Oranguru|Thunderbolt|p1a: Bombirdier\n|-damage|p1a: Bombirdier|172/258\n|\n|upkeep\n|turn|10\n|\n|t:|1781411370\n|switch|p2a: Umbreon|Umbreon, L84, M|217/297\n|move|p1a: Bombirdier|Knock Off|p2a: Umbreon\n|-resisted|p2a: Umbreon\n|-damage|p2a: Umbreon|184/297\n|\n|upkeep\n|turn|11\n|\n|t:|1781411375\n|switch|p1a: Jumpluff|Jumpluff, L87, M|271/271\n|move|p2a: Umbreon|Wish|p2a: Umbreon\n|\n|upkeep\n|turn|12\n|\n|t:|1781411382\n|move|p1a: Jumpluff|Substitute|p1a: Jumpluff\n|-start|p1a: Jumpluff|Substitute\n|-damage|p1a: Jumpluff|204/271\n|move|p2a: Umbreon|Foul Play|p1a: Jumpluff\n|-end|p1a: Jumpluff|Substitute\n|\n|-heal|p2a: Umbreon|297/297|[from] move: Wish|[wisher] Umbreon\n|upkeep\n|turn|13\n|\n|t:|1781411388\n|move|p1a: Jumpluff|Leech Seed|p2a: Umbreon\n|-start|p2a: Umbreon|move: Leech Seed\n|move|p2a: Umbreon|Foul Play|p1a: Jumpluff\n|-damage|p1a: Jumpluff|125/271\n|\n|-damage|p2a: Umbreon|260/297|[from] Leech Seed|[of] p1a: Jumpluff\n|-heal|p1a: Jumpluff|162/271|[silent]\n|upkeep\n|turn|14\n|\n|t:|1781411405\n|move|p1a: Jumpluff|Substitute|p1a: Jumpluff\n|-start|p1a: Jumpluff|Substitute\n|-damage|p1a: Jumpluff|95/271\n|move|p2a: Umbreon|Foul Play|p1a: Jumpluff\n|-end|p1a: Jumpluff|Substitute\n|\n|-damage|p2a: Umbreon|223/297|[from] Leech Seed|[of] p1a: Jumpluff\n|-heal|p1a: Jumpluff|132/271|[silent]\n|upkeep\n|turn|15\n|\n|t:|1781411413\n|move|p1a: Jumpluff|Substitute|p1a: Jumpluff\n|-start|p1a: Jumpluff|Substitute\n|-damage|p1a: Jumpluff|65/271\n|move|p2a: Umbreon|Foul Play|p1a: Jumpluff\n|-end|p1a: Jumpluff|Substitute\n|\n|-damage|p2a: Umbreon|186/297|[from] Leech Seed|[of] p1a: Jumpluff\n|-heal|p1a: Jumpluff|102/271|[silent]\n|upkeep\n|turn|16\n|\n|t:|1781411416\n|move|p1a: Jumpluff|Strength Sap|p2a: Umbreon\n|-unboost|p2a: Umbreon|atk|1\n|-heal|p1a: Jumpluff|216/271\n|move|p2a: Umbreon|Foul Play|p1a: Jumpluff\n|-damage|p1a: Jumpluff|137/271\n|\n|-damage|p2a: Umbreon|149/297|[from] Leech Seed|[of] p1a: Jumpluff\n|-heal|p1a: Jumpluff|174/271|[silent]\n|upkeep\n|turn|17\n|\n|t:|1781411422\n|switch|p2a: Oranguru|Oranguru, L92, M|315/315\n|move|p1a: Jumpluff|Substitute|p1a: Jumpluff\n|-start|p1a: Jumpluff|Substitute\n|-damage|p1a: Jumpluff|107/271\n|\n|upkeep\n|turn|18\n|\n|t:|1781411429\n|switch|p1a: Tentacruel|Tentacruel, L84, M|272/272\n|move|p2a: Oranguru|Thunderbolt|p1a: Tentacruel\n|-supereffective|p1a: Tentacruel\n|-damage|p1a: Tentacruel|196/272\n|\n|upkeep\n|turn|19\n|\n|t:|1781411436\n|move|p1a: Tentacruel|Flip Turn|p2a: Oranguru\n|-damage|p2a: Oranguru|270/315\n|\n|t:|1781411438\n|switch|p1a: Bombirdier|Bombirdier, L85, F|172/258|[from] Flip Turn\n|move|p2a: Oranguru|Nasty Plot|p2a: Oranguru\n|-boost|p2a: Oranguru|spa|2\n|\n|-heal|p2a: Oranguru|289/315|[from] item: Leftovers\n|upkeep\n|turn|20\n|\n|t:|1781411444\n|move|p1a: Bombirdier|Knock Off|p2a: Oranguru\n|-supereffective|p2a: Oranguru\n|-damage|p2a: Oranguru|59/315\n|-enditem|p2a: Oranguru|Leftovers|[from] move: Knock Off|[of] p1a: Bombirdier\n|move|p2a: Oranguru|Thunderbolt|p1a: Bombirdier\n|-supereffective|p1a: Bombirdier\n|-damage|p1a: Bombirdier|0 fnt\n|faint|p1a: Bombirdier\n|\n|upkeep\n|\n|t:|1781411452\n|switch|p1a: Tentacruel|Tentacruel, L84, M|196/272\n|turn|21\n|\n|t:|1781411462\n|move|p1a: Tentacruel|Sludge Bomb|p2a: Oranguru\n|-damage|p2a: Oranguru|0 fnt\n|faint|p2a: Oranguru\n|\n|upkeep\n|\n|t:|1781411477\n|switch|p2a: Raging Bolt|Raging Bolt, L78|323/323\n|-enditem|p2a: Raging Bolt|Booster Energy\n|-activate|p2a: Raging Bolt|ability: Protosynthesis|[fromitem]\n|-start|p2a: Raging Bolt|protosynthesisspa\n|turn|22\n|\n|t:|1781411484\n|move|p1a: Tentacruel|Flip Turn|p2a: Raging Bolt\n|-resisted|p2a: Raging Bolt\n|-damage|p2a: Raging Bolt|298/323\n|\n|t:|1781411488\n|switch|p1a: Ursaluna|Ursaluna-Bloodmoon, L79, M|308/308|[from] Flip Turn\n|move|p2a: Raging Bolt|Calm Mind|p2a: Raging Bolt\n|-boost|p2a: Raging Bolt|spa|1\n|-boost|p2a: Raging Bolt|spd|1\n|\n|upkeep\n|turn|23\n|\n|t:|1781411510\n|switch|p1a: Jumpluff|Jumpluff, L87, M|107/271\n|move|p2a: Raging Bolt|Calm Mind|p2a: Raging Bolt\n|-boost|p2a: Raging Bolt|spa|1\n|-boost|p2a: Raging Bolt|spd|1\n|\n|upkeep\n|turn|24\n|\n|t:|1781411520\n|move|p1a: Jumpluff|Substitute|p1a: Jumpluff\n|-start|p1a: Jumpluff|Substitute\n|-damage|p1a: Jumpluff|40/271\n|move|p2a: Raging Bolt|Dragon Pulse|p1a: Jumpluff\n|-end|p1a: Jumpluff|Substitute\n|\n|upkeep\n|turn|25\n|\n|t:|1781411524\n|move|p1a: Jumpluff|Leech Seed|p2a: Raging Bolt\n|-start|p2a: Raging Bolt|move: Leech Seed\n|move|p2a: Raging Bolt|Dragon Pulse|p1a: Jumpluff\n|-damage|p1a: Jumpluff|0 fnt\n|faint|p1a: Jumpluff\n|\n|upkeep\n|\n|t:|1781411530\n|switch|p1a: Ursaluna|Ursaluna-Bloodmoon, L79, M|308/308\n|turn|26\n|\n|t:|1781411534\n|move|p2a: Raging Bolt|Dragon Pulse|p1a: Ursaluna\n|-damage|p1a: Ursaluna|0 fnt\n|faint|p1a: Ursaluna\n|\n|upkeep\n|\n|t:|1781411538\n|switch|p1a: Zebstrika|Zebstrika, L87, M|272/272\n|turn|27\n|\n|t:|1781411547\n|-terastallize|p1a: Zebstrika|Ground\n|-terastallize|p2a: Raging Bolt|Fairy\n|move|p1a: Zebstrika|High Horsepower|p2a: Raging Bolt\n|-damage|p2a: Raging Bolt|156/323\n|-damage|p1a: Zebstrika|245/272|[from] item: Life Orb\n|move|p2a: Raging Bolt|Dragon Pulse|p1a: Zebstrika\n|-damage|p1a: Zebstrika|0 fnt\n|faint|p1a: Zebstrika\n|\n|upkeep\n|-message|AllCuzOfHax forfeited.\n|\n|win|MMF6G\n", "inputlog": ">version a8376a258c1d4662feba110a92103f3664a72141\n>start {\"formatid\":\"gen9randombattle\",\"seed\":\"sodium,6627ee9ae1548149175d23a60c14b733\",\"rated\":\"Rated battle\"}\n>player p1 {\"name\":\"AllCuzOfHax\",\"avatar\":\"anabel\",\"rating\":2040,\"seed\":\"sodium,288ebf9146ca8501eb6068e483f910c8\"}\n>player p2 {\"name\":\"MMF6G\",\"avatar\":\"veteran\",\"rating\":2010,\"seed\":\"sodium,e45bce1c9f70038c6fe04cb495b094ed\"}\n>p1 move flipturn\n>p2 move nastyplot\n>p1 switch 2\n>p1 move knockoff\n>p2 switch 4\n>p1 switch 2\n>p2 move wish\n>p1 move sludgebomb\n>p2 switch 4\n>p1 move flipturn\n>p2 move thunderbolt\n>p1 switch 2\n>p1 move knockoff\n>p2 switch 4\n>p1 switch 2\n>p2 move wish\n>p1 move flipturn\n>p2 switch 4\n>p1 switch 2\n>p1 move roost\n>p2 move thunderbolt\n>p1 move knockoff\n>p2 switch 4\n>p1 switch 4\n>p2 move wish\n>p1 move substitute\n>p2 move foulplay\n>p1 move leechseed\n>p2 move foulplay\n>p1 move substitute\n>p2 move foulplay\n>p1 move substitute\n>p2 move foulplay\n>p1 move strengthsap\n>p2 move foulplay\n>p1 move substitute\n>p2 switch 4\n>p1 switch 2\n>p2 move thunderbolt\n>p1 move flipturn\n>p2 move nastyplot\n>p1 switch 4\n>p1 move knockoff\n>p2 move thunderbolt\n>p1 switch 4\n>p1 move sludgebomb\n>p2 move thunderbolt\n>p2 switch 3\n>p1 move flipturn\n>p2 move calmmind\n>p1 switch 5\n>p1 switch 2\n>p2 move calmmind\n>p1 move substitute\n>p2 move dragonpulse\n>p1 move leechseed\n>p2 move dragonpulse\n>p1 switch 2\n>p1 move earthpower\n>p2 move dragonpulse\n>p1 switch 6\n>p1 move highhorsepower terastallize\n>p2 move dragonpulse terastallize\n>forcelose p1", "uploadtime": 1781411181, "views": 5, "formatid": "gen9randombattle", "rating": null, "private": 0, "password": null, "player_dets": [{"name": "AllCuzOfHax", "avatar": "anabel", "rating": 2040, "seed": "sodium,288ebf9146ca8501eb6068e483f910c8"}, {"name": "MMF6G", "avatar": "veteran", "rating": 2010, "seed": "sodium,e45bce1c9f70038c6fe04cb495b094ed"}], "teams_full": [{"Tentacruel": {"name": "Tentacruel", "species": "Tentacruel", "speciesId": "tentacruel", "gender": "M", "shiny": false, "level": 84, "moves": ["surf", "flipturn", "rapidspin", "sludgebomb"], "ability": "Liquid Ooze", "evs": {"hp": 85, "atk": 85, "def": 85, "spa": 85, "spd": 85, "spe": 85}, "ivs": {"hp": 31, "atk": 31, "def": 31, "spa": 31, "spd": 31, "spe": 31}, "item": "Assault Vest", "teraType": "Flying", "role": "Bulky Support", "bvs": {"hp": 80, "atk": 70, "def": 65, "spa": 80, "spd": 120, "spe": 100}, "stats": {"hp": 272, "atk": 166, "def": 157, "spa": 183, "spd": 250, "spe": 216}, "types": ["Water", "Poison"]}, "Bombirdier": {"name": "Bombirdier", "species": "Bombirdier", "speciesId": "bombirdier", "gender": "F", "shiny": false, "level": 85, "moves": ["roost", "knockoff", "stoneedge", "bravebird"], "ability": "Rocky Payload", "evs": {"hp": 85, "atk": 85, "def": 85, "spa": 85, "spd": 85, "spe": 85}, "ivs": {"hp": 31, "atk": 31, "def": 31, "spa": 31, "spd": 31, "spe": 31}, "item": "Heavy-Duty Boots", "teraType": "Rock", "role": "Fast Attacker", "bvs": {"hp": 70, "atk": 103, "def": 85, "spa": 60, "spd": 85, "spe": 82}, "stats": {"hp": 258, "atk": 224, "def": 193, "spa": 151, "spd": 193, "spe": 188}, "types": ["Flying", "Dark"]}, "Zangoose": {"name": "Zangoose", "species": "Zangoose", "speciesId": "zangoose", "gender": "M", "shiny": false, "level": 85, "moves": ["facade", "closecombat", "swordsdance", "knockoff"], "ability": "Toxic Boost", "evs": {"hp": 85, "atk": 85, "def": 85, "spa": 85, "spd": 85, "spe": 85}, "ivs": {"hp": 31, "atk": 31, "def": 31, "spa": 31, "spd": 31, "spe": 31}, "item": "Toxic Orb", "teraType": "Normal", "role": "Fast Attacker", "bvs": {"hp": 73, "atk": 115, "def": 60, "spa": 60, "spd": 60, "spe": 90}, "stats": {"hp": 263, "atk": 244, "def": 151, "spa": 151, "spd": 151, "spe": 202}, "types": ["Normal"]}, "Jumpluff": {"name": "Jumpluff", "species": "Jumpluff", "speciesId": "jumpluff", "gender": "M", "shiny": false, "level": 87, "moves": ["substitute", "leechseed", "strengthsap", "acrobatics"], "ability": "Infiltrator", "evs": {"hp": 81, "atk": 85, "def": 85, "spa": 85, "spd": 85, "spe": 85}, "ivs": {"hp": 31, "atk": 31, "def": 31, "spa": 31, "spd": 31, "spe": 31}, "item": "", "teraType": "Steel", "role": "Bulky Support", "bvs": {"hp": 75, "atk": 55, "def": 70, "spa": 55, "spd": 95, "spe": 110}, "stats": {"hp": 271, "atk": 145, "def": 172, "spa": 145, "spd": 215, "spe": 241}, "types": ["Grass", "Flying"]}, "Ursaluna": {"name": "Ursaluna", "species": "Ursaluna-Bloodmoon", "speciesId": "ursalunabloodmoon", "gender": "M", "shiny": false, "level": 79, "moves": ["calmmind", "moonlight", "bloodmoon", "earthpower"], "ability": "Mind's Eye", "evs": {"hp": 85, "atk": 0, "def": 85, "spa": 85, "spd": 85, "spe": 85}, "ivs": {"hp": 31, "atk": 0, "def": 31, "spa": 31, "spd": 31, "spe": 31}, "item": "Leftovers", "teraType": "Normal", "role": "Bulky Attacker", "bvs": {"hp": 113, "atk": 70, "def": 120, "spa": 135, "spd": 65, "spe": 52}, "stats": {"hp": 308, "atk": 115, "def": 235, "spa": 259, "spd": 148, "spe": 128}, "types": ["Ground", "Normal"]}, "Zebstrika": {"name": "Zebstrika", "species": "Zebstrika", "speciesId": "zebstrika", "gender": "M", "shiny": false, "level": 87, "moves": ["overheat", "supercellslam", "voltswitch", "highhorsepower"], "ability": "Sap Sipper", "evs": {"hp": 85, "atk": 85, "def": 85, "spa": 85, "spd": 85, "spe": 85}, "ivs": {"hp": 31, "atk": 31, "def": 31, "spa": 31, "spd": 31, "spe": 31}, "item": "Life Orb", "teraType": "Ground", "role": "Fast Attacker", "bvs": {"hp": 75, "atk": 100, "def": 63, "spa": 80, "spd": 63, "spe": 116}, "stats": {"hp": 272, "atk": 224, "def": 159, "spa": 189, "spd": 159, "spe": 252}, "types": ["Electric"]}}, {"Oranguru": {"name": "Oranguru", "species": "Oranguru", "speciesId": "oranguru", "gender": "M", "shiny": false, "level": 92, "moves": ["focusblast", "thunderbolt", "psychic", "nastyplot"], "ability": "Inner Focus", "evs": {"hp": 85, "atk": 0, "def": 85, "spa": 85, "spd": 85, "spe": 85}, "ivs": {"hp": 31, "atk": 0, "def": 31, "spa": 31, "spd": 31, "spe": 31}, "item": "Leftovers", "teraType": "Fighting", "role": "Bulky Attacker", "bvs": {"hp": 90, "atk": 60, "def": 80, "spa": 90, "spd": 110, "spe": 60}, "stats": {"hp": 315, "atk": 115, "def": 200, "spa": 218, "spd": 255, "spe": 163}, "types": ["Normal", "Psychic"]}, "Iron Jugulis": {"name": "Iron Jugulis", "species": "Iron Jugulis", "speciesId": "ironjugulis", "gender": "N", "shiny": false, "level": 77, "moves": ["meteorbeam", "hurricane", "earthpower", "darkpulse"], "ability": "Quark Drive", "evs": {"hp": 85, "atk": 0, "def": 85, "spa": 85, "spd": 85, "spe": 85}, "ivs": {"hp": 31, "atk": 0, "def": 31, "spa": 31, "spd": 31, "spe": 31}, "item": "Power Herb", "teraType": "Dark", "role": "Setup Sweeper", "bvs": {"hp": 94, "atk": 80, "def": 86, "spa": 122, "spd": 80, "spe": 108}, "stats": {"hp": 271, "atk": 128, "def": 177, "spa": 232, "spd": 168, "spe": 211}, "types": ["Dark", "Flying"]}, "Raging Bolt": {"name": "Raging Bolt", "species": "Raging Bolt", "speciesId": "ragingbolt", "gender": "N", "shiny": false, "level": 78, "moves": ["thunderclap", "thunderbolt", "dragonpulse", "calmmind"], "ability": "Protosynthesis", "evs": {"hp": 85, "atk": 0, "def": 85, "spa": 85, "spd": 85, "spe": 85}, "ivs": {"hp": 31, "atk": 0, "def": 31, "spa": 31, "spd": 31, "spe": 31}, "item": "Booster Energy", "teraType": "Fairy", "role": "Fast Bulky Setup", "bvs": {"hp": 125, "atk": 73, "def": 91, "spa": 137, "spd": 89, "spe": 75}, "stats": {"hp": 323, "atk": 118, "def": 187, "spa": 259, "spd": 184, "spe": 162}, "types": ["Electric", "Dragon"]}, "Umbreon": {"name": "Umbreon", "species": "Umbreon", "speciesId": "umbreon", "gender": "M", "shiny": false, "level": 84, "moves": ["toxic", "wish", "protect", "foulplay"], "ability": "Synchronize", "evs": {"hp": 85, "atk": 0, "def": 85, "spa": 85, "spd": 85, "spe": 85}, "ivs": {"hp": 31, "atk": 0, "def": 31, "spa": 31, "spd": 31, "spe": 31}, "item": "Leftovers", "teraType": "Poison", "role": "Bulky Support", "bvs": {"hp": 95, "atk": 65, "def": 110, "spa": 60, "spd": 130, "spe": 65}, "stats": {"hp": 297, "atk": 114, "def": 233, "spa": 149, "spd": 267, "spe": 157}, "types": ["Dark"]}, "Regirock": {"name": "Regirock", "species": "Regirock", "speciesId": "regirock", "gender": "N", "shiny": false, "level": 83, "moves": ["irondefense", "rest", "bodypress", "stoneedge"], "ability": "Clear Body", "evs": {"hp": 85, "atk": 85, "def": 85, "spa": 85, "spd": 85, "spe": 85}, "ivs": {"hp": 31, "atk": 31, "def": 31, "spa": 31, "spd": 31, "spe": 31}, "item": "Chesto Berry", "teraType": "Fighting", "role": "Bulky Setup", "bvs": {"hp": 80, "atk": 100, "def": 200, "spa": 50, "spd": 100, "spe": 50}, "stats": {"hp": 268, "atk": 214, "def": 380, "spa": 131, "spd": 214, "spe": 131}, "types": ["Rock"]}, "Blaziken": {"name": "Blaziken", "species": "Blaziken", "speciesId": "blaziken", "gender": "M", "shiny": false, "level": 76, "moves": ["knockoff", "flareblitz", "closecombat", "swordsdance"], "ability": "Speed Boost", "evs": {"hp": 85, "atk": 85, "def": 85, "spa": 85, "spd": 85, "spe": 85}, "ivs": {"hp": 31, "atk": 31, "def": 31, "spa": 31, "spd": 31, "spe": 31}, "item": "Life Orb", "teraType": "Dark", "role": "Setup Sweeper", "bvs": {"hp": 80, "atk": 120, "def": 70, "spa": 110, "spd": 70, "spe": 80}, "stats": {"hp": 247, "atk": 226, "def": 150, "spa": 211, "spd": 150, "spe": 166}, "types": ["Fire", "Fighting"]}}]}