{"id": "gen9randombattle-2631839273", "format": "[Gen 9] Random Battle", "players": ["MobilePodBall", "Heliodore"], "log": "|j|\u2606MobilePodBall\n|j|\u2606Heliodore\n|t:|1781446663\n|gametype|singles\n|player|p1|MobilePodBall|steven|1482\n|player|p2|Heliodore|bruno|1429\n|gen|9\n|tier|[Gen 9] Random Battle\n|rated|\n|rule|Species Clause: Limit one of each Pok\u00e9mon\n|rule|HP Percentage Mod: HP is shown in percentages\n|rule|Sleep Clause Mod: Limit one foe put to sleep\n|rule|Illusion Level Mod: Illusion disguises the Pok\u00e9mon's true level\n|\n|t:|1781446663\n|teamsize|p1|6\n|teamsize|p2|6\n|start\n|switch|p1a: Scizor|Scizor, L79, F|240/240\n|switch|p2a: Komala|Komala, L88, F|258/258\n|-ability|p2a: Komala|Comatose\n|turn|1\n|inactive|Battle timer is ON: inactive players will automatically lose when time's up. (requested by Heliodore)\n|\n|t:|1781446688\n|move|p2a: Komala|Body Slam|p1a: Scizor\n|-resisted|p1a: Scizor\n|-damage|p1a: Scizor|184/240\n|move|p1a: Scizor|Knock Off|p2a: Komala\n|-damage|p2a: Komala|131/258\n|-enditem|p2a: Komala|Assault Vest|[from] move: Knock Off|[of] p1a: Scizor\n|-damage|p1a: Scizor|160/240|[from] item: Life Orb\n|\n|upkeep\n|turn|2\n|inactive|MobilePodBall has 120 seconds left.\n|\n|t:|1781446724\n|move|p2a: Komala|Body Slam|p1a: Scizor\n|-resisted|p1a: Scizor\n|-crit|p1a: Scizor\n|-damage|p1a: Scizor|73/240\n|-status|p1a: Scizor|par\n|move|p1a: Scizor|Swords Dance|p1a: Scizor\n|-boost|p1a: Scizor|atk|2\n|\n|upkeep\n|turn|3\n|\n|t:|1781446732\n|move|p1a: Scizor|Bullet Punch|p2a: Komala\n|-damage|p2a: Komala|0 fnt\n|faint|p2a: Komala\n|-damage|p1a: Scizor|49/240 par|[from] item: Life Orb\n|\n|upkeep\n|\n|t:|1781446746\n|switch|p2a: Orthworm|Orthworm, L88, F|266/266\n|turn|4\n|\n|t:|1781446758\n|switch|p1a: Corviknight|Corviknight, L80, F|288/288\n|-ability|p1a: Corviknight|Pressure\n|move|p2a: Orthworm|Stealth Rock|p1a: Corviknight\n|-sidestart|p1: MobilePodBall|move: Stealth Rock\n|\n|upkeep\n|turn|5\n|\n|t:|1781446777\n|switch|p2a: Mew|Mew, L82|298/298\n|move|p1a: Corviknight|Body Press|p2a: Mew\n|-resisted|p2a: Mew\n|-damage|p2a: Mew|274/298\n|\n|-heal|p2a: Mew|292/298|[from] item: Leftovers\n|upkeep\n|turn|6\n|\n|t:|1781446787\n|switch|p1a: Scizor|Scizor, L79, F|49/240 par\n|-damage|p1a: Scizor|19/240 par|[from] Stealth Rock\n|move|p2a: Mew|Will-O-Wisp||[still]\n|-fail|p2a: Mew\n|\n|-heal|p2a: Mew|298/298|[from] item: Leftovers\n|upkeep\n|turn|7\n|\n|t:|1781446795\n|switch|p2a: Orthworm|Orthworm, L88, F|266/266\n|cant|p1a: Scizor|par\n|\n|upkeep\n|turn|8\n|\n|t:|1781446800\n|move|p2a: Orthworm|Spikes|p1a: Scizor\n|-sidestart|p1: MobilePodBall|Spikes\n|move|p1a: Scizor|Close Combat|p2a: Orthworm\n|-supereffective|p2a: Orthworm\n|-damage|p2a: Orthworm|110/266\n|-unboost|p1a: Scizor|def|1\n|-unboost|p1a: Scizor|spd|1\n|-damage|p1a: Scizor|0 fnt|[from] item: Life Orb\n|faint|p1a: Scizor\n|\n|-heal|p2a: Orthworm|126/266|[from] item: Leftovers\n|upkeep\n|\n|t:|1781446821\n|switch|p1a: Quaquaval|Quaquaval, L79, F|264/264\n|-damage|p1a: Quaquaval|248/264|[from] Stealth Rock\n|-damage|p1a: Quaquaval|215/264|[from] Spikes\n|turn|9\n|\n|t:|1781446833\n|switch|p2a: Venusaur|Venusaur, L84, M|272/272\n|move|p1a: Quaquaval|Aqua Step|p2a: Venusaur\n|-resisted|p2a: Venusaur\n|-damage|p2a: Venusaur|207/272\n|-boost|p1a: Quaquaval|spe|1\n|-damage|p1a: Quaquaval|189/264|[from] item: Life Orb\n|\n|-heal|p2a: Venusaur|224/272|[from] item: Leftovers\n|upkeep\n|turn|10\n|\n|t:|1781446845\n|switch|p1a: Corviknight|Corviknight, L80, F|288/288\n|-damage|p1a: Corviknight|252/288|[from] Stealth Rock\n|-ability|p1a: Corviknight|Pressure\n|move|p2a: Venusaur|Substitute|p2a: Venusaur\n|-start|p2a: Venusaur|Substitute\n|-damage|p2a: Venusaur|156/272\n|\n|-heal|p2a: Venusaur|173/272|[from] item: Leftovers\n|upkeep\n|turn|11\n|\n|t:|1781446854\n|move|p2a: Venusaur|Leech Seed|p1a: Corviknight\n|-start|p1a: Corviknight|move: Leech Seed\n|move|p1a: Corviknight|Brave Bird|p2a: Venusaur\n|-supereffective|p2a: Venusaur\n|-end|p2a: Venusaur|Substitute\n|-damage|p1a: Corviknight|230/288|[from] Recoil|[of] p2a: Venusaur\n|\n|-heal|p2a: Venusaur|190/272|[from] item: Leftovers\n|-damage|p1a: Corviknight|194/288|[from] Leech Seed|[of] p2a: Venusaur\n|-heal|p2a: Venusaur|226/272|[silent]\n|upkeep\n|turn|12\n|\n|t:|1781446864\n|move|p2a: Venusaur|Substitute|p2a: Venusaur\n|-start|p2a: Venusaur|Substitute\n|-damage|p2a: Venusaur|158/272\n|move|p1a: Corviknight|U-turn|p2a: Venusaur\n|-activate|p2a: Venusaur|move: Substitute|[damage]\n|\n|t:|1781446870\n|switch|p1a: Lokix|Lokix, L82, F|251/251|[from] U-turn\n|-damage|p1a: Lokix|189/251|[from] Stealth Rock\n|-damage|p1a: Lokix|158/251|[from] Spikes\n|\n|-heal|p2a: Venusaur|175/272|[from] item: Leftovers\n|upkeep\n|turn|13\n|\n|t:|1781446883\n|move|p1a: Lokix|Leech Life|p2a: Venusaur\n|-end|p2a: Venusaur|Substitute\n|-heal|p1a: Lokix|170/251|[from] drain|[of] p2a: Venusaur\n|-damage|p1a: Lokix|145/251|[from] item: Life Orb\n|move|p2a: Venusaur|Leech Seed|p1a: Lokix\n|-start|p1a: Lokix|move: Leech Seed\n|\n|-heal|p2a: Venusaur|192/272|[from] item: Leftovers\n|-damage|p1a: Lokix|114/251|[from] Leech Seed|[of] p2a: Venusaur\n|-heal|p2a: Venusaur|223/272|[silent]\n|upkeep\n|turn|14\n|\n|t:|1781446894\n|switch|p2a: Orthworm|Orthworm, L88, F|126/266\n|move|p1a: Lokix|Knock Off|p2a: Orthworm\n|-damage|p2a: Orthworm|39/266\n|-enditem|p2a: Orthworm|Leftovers|[from] move: Knock Off|[of] p1a: Lokix\n|-damage|p1a: Lokix|89/251|[from] item: Life Orb\n|\n|-damage|p1a: Lokix|58/251|[from] Leech Seed|[of] p2a: Orthworm\n|-heal|p2a: Orthworm|70/266|[silent]\n|upkeep\n|turn|15\n|\n|t:|1781446917\n|switch|p1a: Quaquaval|Quaquaval, L79, F|189/264\n|-damage|p1a: Quaquaval|173/264|[from] Stealth Rock\n|-damage|p1a: Quaquaval|140/264|[from] Spikes\n|move|p2a: Orthworm|Spikes|p1a: Quaquaval\n|-sidestart|p1: MobilePodBall|Spikes\n|\n|upkeep\n|turn|16\n|\n|t:|1781446931\n|move|p1a: Quaquaval|Swords Dance|p1a: Quaquaval\n|-boost|p1a: Quaquaval|atk|2\n|move|p2a: Orthworm|Spikes|p1a: Quaquaval\n|-sidestart|p1: MobilePodBall|Spikes\n|\n|upkeep\n|turn|17\n|\n|t:|1781446944\n|switch|p2a: Venusaur|Venusaur, L84, M|223/272\n|move|p1a: Quaquaval|Aqua Step|p2a: Venusaur\n|-resisted|p2a: Venusaur\n|-damage|p2a: Venusaur|98/272\n|-boost|p1a: Quaquaval|spe|1\n|-damage|p1a: Quaquaval|114/264|[from] item: Life Orb\n|\n|-heal|p2a: Venusaur|115/272|[from] item: Leftovers\n|upkeep\n|turn|18\n|\n|t:|1781446964\n|switch|p2a: Orthworm|Orthworm, L88, F|70/266\n|move|p1a: Quaquaval|Aqua Step|p2a: Orthworm\n|-damage|p2a: Orthworm|0 fnt\n|-boost|p1a: Quaquaval|spe|1\n|faint|p2a: Orthworm\n|-ability|p1a: Quaquaval|Moxie|boost\n|-boost|p1a: Quaquaval|atk|1\n|-damage|p1a: Quaquaval|88/264|[from] item: Life Orb\n|\n|upkeep\n|\n|t:|1781446974\n|switch|p2a: Perrserker|Perrserker, L89, M|269/269\n|turn|19\n|\n|t:|1781446984\n|-terastallize|p2a: Perrserker|Fighting\n|move|p1a: Quaquaval|Close Combat|p2a: Perrserker\n|-damage|p2a: Perrserker|0 fnt\n|-unboost|p1a: Quaquaval|def|1\n|-unboost|p1a: Quaquaval|spd|1\n|faint|p2a: Perrserker\n|-ability|p1a: Quaquaval|Moxie|boost\n|-boost|p1a: Quaquaval|atk|1\n|-damage|p1a: Quaquaval|62/264|[from] item: Life Orb\n|\n|upkeep\n|\n|t:|1781446998\n|switch|p2a: Uxie|Uxie, L83|260/260\n|turn|20\n|\n|t:|1781447005\n|move|p1a: Quaquaval|Knock Off|p2a: Uxie\n|-supereffective|p2a: Uxie\n|-damage|p2a: Uxie|0 fnt\n|-enditem|p2a: Uxie|Leftovers|[from] move: Knock Off|[of] p1a: Quaquaval\n|faint|p2a: Uxie\n|-ability|p1a: Quaquaval|Moxie|boost\n|-boost|p1a: Quaquaval|atk|1\n|-damage|p1a: Quaquaval|36/264|[from] item: Life Orb\n|\n|upkeep\n|\n|t:|1781447013\n|switch|p2a: Mew|Mew, L82|298/298\n|turn|21\n|\n|t:|1781447019\n|move|p1a: Quaquaval|Knock Off|p2a: Mew\n|-supereffective|p2a: Mew\n|-damage|p2a: Mew|0 fnt\n|-enditem|p2a: Mew|Leftovers|[from] move: Knock Off|[of] p1a: Quaquaval\n|faint|p2a: Mew\n|-ability|p1a: Quaquaval|Moxie|boost\n|-boost|p1a: Quaquaval|atk|1\n|-damage|p1a: Quaquaval|10/264|[from] item: Life Orb\n|\n|upkeep\n|c|\u2606MobilePodBall|Gg\n|-message|Heliodore forfeited.\n|\n|win|MobilePodBall\n|raw|MobilePodBall's rating: 1482 &rarr; <strong>1499</strong><br />(+17 for winning)\n|raw|Heliodore's rating: 1429 &rarr; <strong>1412</strong><br />(-17 for losing)\n|l|\u2606Heliodore\n|player|p2|\n", "inputlog": ">version a8376a258c1d4662feba110a92103f3664a72141\n>start {\"formatid\":\"gen9randombattle\",\"seed\":\"sodium,c40506dfac611019e77232c66f1fc674\",\"rated\":\"Rated battle\"}\n>player p1 {\"name\":\"MobilePodBall\",\"avatar\":\"steven\",\"rating\":1482,\"seed\":\"sodium,f68f94c50e9248520dee6f4a3a264568\"}\n>player p2 {\"name\":\"Heliodore\",\"avatar\":\"bruno\",\"rating\":1429,\"seed\":\"sodium,7d368eee9729454172fc41d96f10ec18\"}\n>p1 move knockoff\n>p2 move bodyslam\n>p1 move swordsdance\n>p2 move bodyslam\n>p1 move bulletpunch\n>p2 move knockoff\n>p2 switch 2\n>p1 switch 3\n>p2 move stealthrock\n>p1 move bodypress\n>p2 switch 6\n>p1 switch 3\n>p2 move willowisp\n>p1 move bulletpunch\n>p2 switch 6\n>p1 move closecombat\n>p2 move spikes\n>p1 switch 4\n>p1 move aquastep\n>p2 switch 3\n>p1 switch 3\n>p2 move substitute\n>p1 move bravebird\n>p2 move leechseed\n>p1 move uturn\n>p2 move substitute\n>p1 switch 6\n>p1 move leechlife\n>p2 move leechseed\n>p1 move knockoff\n>p2 switch 3\n>p1 switch 3\n>p2 move spikes\n>p1 move swordsdance\n>p2 move spikes\n>p1 move aquastep\n>p2 switch 3\n>p1 move aquastep\n>p2 switch 3\n>p2 switch 4\n>p1 move closecombat\n>p2 move closecombat terastallize\n>p2 switch 5\n>p1 move knockoff\n>p2 move psychicnoise\n>p2 switch 6\n>p1 move knockoff\n>p2 move psychicnoise\n>chat \u2606MobilePodBall|Gg\n>forcelose p2", "uploadtime": 1781447033, "views": 4, "formatid": "gen9randombattle", "rating": 1412, "private": 0, "password": null, "player_dets": [{"name": "MobilePodBall", "avatar": "steven", "rating": 1482, "seed": "sodium,f68f94c50e9248520dee6f4a3a264568"}, {"name": "Heliodore", "avatar": "bruno", "rating": 1429, "seed": "sodium,7d368eee9729454172fc41d96f10ec18"}], "teams_full": [{"Scizor": {"name": "Scizor", "species": "Scizor", "speciesId": "scizor", "gender": "F", "shiny": false, "level": 79, "moves": ["closecombat", "knockoff", "bulletpunch", "swordsdance"], "ability": "Technician", "evs": {"hp": 85, "atk": 85, "def": 85, "spa": 85, "spd": 85, "spe": 85}, "ivs": {"hp": 31, "atk": 31, "def": 31, "spa": 31, "spd": 31, "spe": 31}, "item": "Life Orb", "teraType": "Steel", "role": "Setup Sweeper", "bvs": {"hp": 70, "atk": 130, "def": 100, "spa": 55, "spd": 80, "spe": 65}, "stats": {"hp": 240, "atk": 251, "def": 204, "spa": 132, "spd": 172, "spe": 148}}, "Cyclizar": {"name": "Cyclizar", "species": "Cyclizar", "speciesId": "cyclizar", "gender": "F", "shiny": false, "level": 83, "moves": ["rapidspin", "dracometeor", "knockoff", "shedtail"], "ability": "Regenerator", "evs": {"hp": 85, "atk": 85, "def": 85, "spa": 85, "spd": 85, "spe": 85}, "ivs": {"hp": 31, "atk": 31, "def": 31, "spa": 31, "spd": 31, "spe": 31}, "item": "Heavy-Duty Boots", "teraType": "Fairy", "role": "Fast Support", "bvs": {"hp": 70, "atk": 95, "def": 65, "spa": 85, "spd": 65, "spe": 121}, "stats": {"hp": 252, "atk": 205, "def": 156, "spa": 189, "spd": 156, "spe": 249}}, "Corviknight": {"name": "Corviknight", "species": "Corviknight", "speciesId": "corviknight", "gender": "F", "shiny": false, "level": 80, "moves": ["bravebird", "bodypress", "roost", "uturn"], "ability": "Pressure", "evs": {"hp": 85, "atk": 85, "def": 85, "spa": 85, "spd": 85, "spe": 85}, "ivs": {"hp": 31, "atk": 31, "def": 31, "spa": 31, "spd": 31, "spe": 31}, "item": "Rocky Helmet", "teraType": "Dragon", "role": "Bulky Support", "bvs": {"hp": 98, "atk": 87, "def": 105, "spa": 53, "spd": 85, "spe": 67}, "stats": {"hp": 288, "atk": 185, "def": 214, "spa": 131, "spd": 182, "spe": 153}}, "Quaquaval": {"name": "Quaquaval", "species": "Quaquaval", "speciesId": "quaquaval", "gender": "F", "shiny": false, "level": 79, "moves": ["aquastep", "knockoff", "closecombat", "swordsdance"], "ability": "Moxie", "evs": {"hp": 85, "atk": 85, "def": 85, "spa": 85, "spd": 85, "spe": 85}, "ivs": {"hp": 31, "atk": 31, "def": 31, "spa": 31, "spd": 31, "spe": 31}, "item": "Life Orb", "teraType": "Water", "role": "Setup Sweeper", "bvs": {"hp": 85, "atk": 120, "def": 80, "spa": 85, "spd": 75, "spe": 85}, "stats": {"hp": 264, "atk": 235, "def": 172, "spa": 180, "spd": 164, "spe": 180}}, "Gumshoos": {"name": "Gumshoos", "species": "Gumshoos", "speciesId": "gumshoos", "gender": "F", "shiny": false, "level": 95, "moves": ["doubleedge", "earthquake", "knockoff", "uturn"], "ability": "Stakeout", "evs": {"hp": 85, "atk": 85, "def": 85, "spa": 85, "spd": 85, "spe": 85}, "ivs": {"hp": 31, "atk": 31, "def": 31, "spa": 31, "spd": 31, "spe": 31}, "item": "Choice Band", "teraType": "Normal", "role": "Wallbreaker", "bvs": {"hp": 88, "atk": 110, "def": 60, "spa": 55, "spd": 60, "spe": 45}, "stats": {"hp": 321, "atk": 263, "def": 168, "spa": 158, "spd": 168, "spe": 139}}, "Lokix": {"name": "Lokix", "species": "Lokix", "speciesId": "lokix", "gender": "F", "shiny": false, "level": 82, "moves": ["suckerpunch", "leechlife", "knockoff", "swordsdance"], "ability": "Tinted Lens", "evs": {"hp": 85, "atk": 85, "def": 85, "spa": 85, "spd": 85, "spe": 85}, "ivs": {"hp": 31, "atk": 31, "def": 31, "spa": 31, "spd": 31, "spe": 31}, "item": "Life Orb", "teraType": "Dark", "role": "Setup Sweeper", "bvs": {"hp": 71, "atk": 102, "def": 78, "spa": 52, "spd": 55, "spe": 92}, "stats": {"hp": 251, "atk": 214, "def": 175, "spa": 132, "spd": 137, "spe": 198}}}, {"Komala": {"name": "Komala", "species": "Komala", "speciesId": "komala", "gender": "F", "shiny": false, "level": 88, "moves": ["bodyslam", "uturn", "knockoff", "rapidspin"], "ability": "Comatose", "evs": {"hp": 85, "atk": 85, "def": 85, "spa": 85, "spd": 85, "spe": 85}, "ivs": {"hp": 31, "atk": 31, "def": 31, "spa": 31, "spd": 31, "spe": 31}, "item": "Assault Vest", "teraType": "Ghost", "role": "Bulky Support", "bvs": {"hp": 65, "atk": 115, "def": 65, "spa": 75, "spd": 95, "spe": 65}, "stats": {"hp": 258, "atk": 253, "def": 165, "spa": 182, "spd": 217, "spe": 165}}, "Orthworm": {"name": "Orthworm", "species": "Orthworm", "speciesId": "orthworm", "gender": "F", "shiny": false, "level": 88, "moves": ["spikes", "stealthrock", "bodypress", "heavyslam"], "ability": "Earth Eater", "evs": {"hp": 85, "atk": 85, "def": 85, "spa": 85, "spd": 85, "spe": 85}, "ivs": {"hp": 31, "atk": 31, "def": 31, "spa": 31, "spd": 31, "spe": 31}, "item": "Leftovers", "teraType": "Electric", "role": "Bulky Attacker", "bvs": {"hp": 70, "atk": 85, "def": 145, "spa": 60, "spd": 55, "spe": 65}, "stats": {"hp": 266, "atk": 200, "def": 305, "spa": 156, "spd": 147, "spe": 165}}, "Venusaur": {"name": "Venusaur", "species": "Venusaur", "speciesId": "venusaur", "gender": "M", "shiny": false, "level": 84, "moves": ["leechseed", "substitute", "sludgebomb", "gigadrain"], "ability": "Overgrow", "evs": {"hp": 85, "atk": 0, "def": 85, "spa": 85, "spd": 85, "spe": 85}, "ivs": {"hp": 31, "atk": 0, "def": 31, "spa": 31, "spd": 31, "spe": 31}, "item": "Leftovers", "teraType": "Water", "role": "Bulky Support", "bvs": {"hp": 80, "atk": 82, "def": 83, "spa": 100, "spd": 100, "spe": 80}, "stats": {"hp": 272, "atk": 142, "def": 188, "spa": 216, "spd": 216, "spe": 183}}, "Perrserker": {"name": "Perrserker", "species": "Perrserker", "speciesId": "perrserker", "gender": "M", "shiny": false, "level": 89, "moves": ["knockoff", "closecombat", "uturn", "ironhead"], "ability": "Tough Claws", "evs": {"hp": 85, "atk": 85, "def": 85, "spa": 85, "spd": 85, "spe": 85}, "ivs": {"hp": 31, "atk": 31, "def": 31, "spa": 31, "spd": 31, "spe": 31}, "item": "Choice Band", "teraType": "Fighting", "role": "Fast Attacker", "bvs": {"hp": 70, "atk": 110, "def": 100, "spa": 50, "spd": 60, "spe": 50}, "stats": {"hp": 269, "atk": 247, "def": 229, "spa": 140, "spd": 158, "spe": 140}}, "Uxie": {"name": "Uxie", "species": "Uxie", "speciesId": "uxie", "gender": "N", "shiny": false, "level": 83, "moves": ["knockoff", "yawn", "psychicnoise", "encore"], "ability": "Levitate", "evs": {"hp": 85, "atk": 85, "def": 85, "spa": 85, "spd": 85, "spe": 85}, "ivs": {"hp": 31, "atk": 31, "def": 31, "spa": 31, "spd": 31, "spe": 31}, "item": "Leftovers", "teraType": "Dark", "role": "Bulky Support", "bvs": {"hp": 75, "atk": 75, "def": 130, "spa": 75, "spd": 130, "spe": 95}, "stats": {"hp": 260, "atk": 172, "def": 263, "spa": 172, "spd": 263, "spe": 205}}, "Mew": {"name": "Mew", "species": "Mew", "speciesId": "mew", "gender": "N", "shiny": false, "level": 82, "moves": ["knockoff", "encore", "willowisp", "psychicnoise"], "ability": "Synchronize", "evs": {"hp": 85, "atk": 85, "def": 85, "spa": 85, "spd": 85, "spe": 85}, "ivs": {"hp": 31, "atk": 31, "def": 31, "spa": 31, "spd": 31, "spe": 31}, "item": "Leftovers", "teraType": "Steel", "role": "Bulky Support", "bvs": {"hp": 100, "atk": 100, "def": 100, "spa": 100, "spd": 100, "spe": 100}, "stats": {"hp": 298, "atk": 211, "def": 211, "spa": 211, "spd": 211, "spe": 211}}}]}