{"id": "gen9randombattle-2631539176", "format": "[Gen 9] Random Battle", "players": ["Dfrrnspa97", "nocomment3"], "log": "|j|\u2606Dfrrnspa97\n|j|\u2606nocomment3\n|t:|1781398473\n|gametype|singles\n|player|p1|Dfrrnspa97|266|2251\n|player|p2|nocomment3|2|2237\n|gen|9\n|tier|[Gen 9] Random Battle\n|rated|\n|rule|Species Clause: Limit one of each Pok\u00e9mon\n|rule|HP Percentage Mod: HP is shown in percentages\n|rule|Sleep Clause Mod: Limit one foe put to sleep\n|rule|Illusion Level Mod: Illusion disguises the Pok\u00e9mon's true level\n|\n|t:|1781398473\n|teamsize|p1|6\n|teamsize|p2|6\n|start\n|switch|p1a: Plusle|Plusle, L95, F|268/268\n|switch|p2a: Decidueye|Decidueye-Hisui, L87, M|295/295\n|turn|1\n|\n|t:|1781398486\n|switch|p1a: Ribombee|Ribombee, L83, F|235/235\n|move|p2a: Decidueye|Triple Arrows|p1a: Ribombee\n|-resisted|p1a: Ribombee\n|-crit|p1a: Ribombee\n|-damage|p1a: Ribombee|177/235\n|\n|upkeep\n|turn|2\n|inactive|Battle timer is ON: inactive players will automatically lose when time's up. (requested by Dfrrnspa97)\n|\n|t:|1781398503\n|switch|p1a: Inteleon|Inteleon, L81, M|246/246\n|switch|p2a: Porygon-Z|Porygon-Z, L83|277/277\n|\n|upkeep\n|turn|3\n|\n|t:|1781398509\n|move|p1a: Inteleon|U-turn|p2a: Porygon-Z\n|-damage|p2a: Porygon-Z|223/277\n|\n|t:|1781398512\n|switch|p1a: Chandelure|Chandelure, L83, F|235/235|[from] U-turn\n|move|p2a: Porygon-Z|Tri Attack|p1a: Chandelure\n|-immune|p1a: Chandelure\n|\n|upkeep\n|turn|4\n|\n|t:|1781398518\n|switch|p2a: Toxapex|Toxapex, L82, M|216/216\n|move|p1a: Chandelure|Fire Blast|p2a: Toxapex\n|-resisted|p2a: Toxapex\n|-damage|p2a: Toxapex|165/216\n|\n|-heal|p2a: Toxapex|178/216|[from] item: Leftovers\n|upkeep\n|turn|5\n|\n|t:|1781398532\n|switch|p1a: Plusle|Plusle, L95, F|268/268\n|move|p2a: Toxapex|Toxic Spikes|p1a: Plusle\n|-sidestart|p1: Dfrrnspa97|move: Toxic Spikes\n|\n|-heal|p2a: Toxapex|191/216|[from] item: Leftovers\n|upkeep\n|turn|6\n|\n|t:|1781398542\n|switch|p1a: Tornadus|Tornadus, L82, M|263/263\n|switch|p2a: Carbink|Carbink, L90|236/236\n|\n|upkeep\n|turn|7\n|\n|t:|1781398553\n|move|p1a: Tornadus|U-turn|p2a: Carbink\n|-resisted|p2a: Carbink\n|-damage|p2a: Carbink|221/236\n|\n|t:|1781398554\n|switch|p1a: Inteleon|Inteleon, L81, M|246/246|[from] U-turn\n|-status|p1a: Inteleon|psn\n|move|p2a: Carbink|Iron Defense|p2a: Carbink\n|-boost|p2a: Carbink|def|2\n|\n|-damage|p1a: Inteleon|216/246 psn|[from] psn\n|upkeep\n|turn|8\n|\n|t:|1781398559\n|move|p1a: Inteleon|U-turn|p2a: Carbink\n|-resisted|p2a: Carbink\n|-damage|p2a: Carbink|215/236\n|\n|t:|1781398562\n|switch|p1a: Plusle|Plusle, L95, F|268/268|[from] U-turn\n|-status|p1a: Plusle|psn\n|move|p2a: Carbink|Body Press|p1a: Plusle\n|-damage|p1a: Plusle|0 fnt\n|faint|p1a: Plusle\n|\n|upkeep\n|\n|t:|1781398565\n|switch|p1a: Inteleon|Inteleon, L81, M|216/246 psn\n|turn|9\n|\n|t:|1781398572\n|switch|p2a: Toxapex|Toxapex, L82, M|216/216\n|move|p1a: Inteleon|U-turn|p2a: Toxapex\n|-resisted|p2a: Toxapex\n|-damage|p2a: Toxapex|203/216\n|\n|t:|1781398576\n|switch|p1a: Tornadus|Tornadus, L82, M|263/263|[from] U-turn\n|\n|-heal|p2a: Toxapex|216/216|[from] item: Leftovers\n|upkeep\n|turn|10\n|\n|t:|1781398583\n|switch|p2a: Carbink|Carbink, L90|215/236\n|move|p1a: Tornadus|Bleakwind Storm|p2a: Carbink\n|-resisted|p2a: Carbink\n|-damage|p2a: Carbink|158/236\n|\n|upkeep\n|turn|11\n|\n|t:|1781398589\n|-terastallize|p1a: Tornadus|Flying\n|move|p1a: Tornadus|Bleakwind Storm|p2a: Carbink\n|-resisted|p2a: Carbink\n|-damage|p2a: Carbink|80/236\n|move|p2a: Carbink|Iron Defense|p2a: Carbink\n|-boost|p2a: Carbink|def|2\n|\n|upkeep\n|turn|12\n|\n|t:|1781398596\n|move|p1a: Tornadus|Bleakwind Storm|p2a: Carbink\n|-resisted|p2a: Carbink\n|-damage|p2a: Carbink|11/236\n|move|p2a: Carbink|Rest|p2a: Carbink\n|-status|p2a: Carbink|slp|[from] move: Rest\n|-heal|p2a: Carbink|236/236 slp|[silent]\n|-enditem|p2a: Carbink|Chesto Berry|[eat]\n|-curestatus|p2a: Carbink|slp|[msg]\n|\n|upkeep\n|turn|13\n|inactive|Dfrrnspa97 has 120 seconds left.\n|\n|t:|1781398647\n|switch|p1a: Inteleon|Inteleon, L81, M|216/246 psn\n|move|p2a: Carbink|Body Press|p1a: Inteleon\n|-damage|p1a: Inteleon|0 fnt\n|faint|p1a: Inteleon\n|\n|upkeep\n|-message|Dfrrnspa97 forfeited.\n|\n|win|nocomment3\n", "inputlog": ">version a8376a258c1d4662feba110a92103f3664a72141\n>start {\"formatid\":\"gen9randombattle\",\"seed\":\"sodium,3ddde56d50d688c9555d1ad5e2c374cd\",\"rated\":\"Rated battle\"}\n>player p1 {\"name\":\"Dfrrnspa97\",\"avatar\":\"266\",\"rating\":2251,\"seed\":\"sodium,2896273ea92587f52626f661e15cfec7\"}\n>player p2 {\"name\":\"nocomment3\",\"avatar\":\"2\",\"rating\":2237,\"seed\":\"sodium,7f69d390a99da5585719d2097dfd4e96\"}\n>p1 switch 3\n>p2 move triplearrows\n>p1 switch 5\n>p2 switch 4\n>p1 move uturn\n>p2 move triattack\n>p1 switch 6\n>p1 move fireblast\n>p2 switch 2\n>p1 switch 3\n>p2 move toxicspikes\n>p1 switch 2\n>p2 switch 3\n>p1 move uturn\n>p2 move irondefense\n>p1 switch 6\n>p1 move uturn\n>p2 move bodypress\n>p1 switch 2\n>p1 switch 2\n>p1 move uturn\n>p2 switch 3\n>p1 switch 6\n>p1 move bleakwindstorm\n>p2 switch 3\n>p1 move bleakwindstorm terastallize\n>p2 move irondefense\n>p1 move bleakwindstorm\n>p2 move rest\n>p1 switch 6\n>p2 move bodypress\n>forcelose p1", "uploadtime": 1781398475, "views": 6, "formatid": "gen9randombattle", "rating": null, "private": 0, "password": null, "player_dets": [{"name": "Dfrrnspa97", "avatar": "266", "rating": 2251, "seed": "sodium,2896273ea92587f52626f661e15cfec7"}, {"name": "nocomment3", "avatar": "2", "rating": 2237, "seed": "sodium,7f69d390a99da5585719d2097dfd4e96"}], "teams_full": [{"Plusle": {"name": "Plusle", "species": "Plusle", "speciesId": "plusle", "gender": "F", "shiny": false, "level": 95, "moves": ["nastyplot", "grassknot", "thunderbolt", "encore"], "ability": "Lightning Rod", "evs": {"hp": 85, "atk": 0, "def": 85, "spa": 85, "spd": 85, "spe": 85}, "ivs": {"hp": 31, "atk": 0, "def": 31, "spa": 31, "spd": 31, "spe": 31}, "item": "Life Orb", "teraType": "Grass", "role": "Setup Sweeper", "bvs": {"hp": 60, "atk": 50, "def": 40, "spa": 85, "spd": 75, "spe": 95}, "stats": {"hp": 268, "atk": 100, "def": 130, "spa": 215, "spd": 196, "spe": 234}, "types": ["Electric"]}, "Tornadus": {"name": "Tornadus", "species": "Tornadus", "speciesId": "tornadus", "gender": "M", "shiny": false, "level": 82, "moves": ["heatwave", "bleakwindstorm", "grassknot", "uturn"], "ability": "Defiant", "evs": {"hp": 81, "atk": 85, "def": 85, "spa": 85, "spd": 85, "spe": 85}, "ivs": {"hp": 31, "atk": 31, "def": 31, "spa": 31, "spd": 31, "spe": 31}, "item": "Choice Specs", "teraType": "Flying", "role": "Fast Attacker", "bvs": {"hp": 79, "atk": 115, "def": 70, "spa": 125, "spd": 80, "spe": 111}, "stats": {"hp": 263, "atk": 236, "def": 162, "spa": 252, "spd": 178, "spe": 229}, "types": ["Flying"]}, "Ribombee": {"name": "Ribombee", "species": "Ribombee", "speciesId": "ribombee", "gender": "F", "shiny": false, "level": 83, "moves": ["moonblast", "terablast", "quiverdance", "bugbuzz"], "ability": "Shield Dust", "evs": {"hp": 85, "atk": 0, "def": 85, "spa": 85, "spd": 85, "spe": 85}, "ivs": {"hp": 31, "atk": 0, "def": 31, "spa": 31, "spd": 31, "spe": 31}, "item": "Heavy-Duty Boots", "teraType": "Ground", "role": "Tera Blast user", "bvs": {"hp": 60, "atk": 55, "def": 60, "spa": 95, "spd": 70, "spe": 124}, "stats": {"hp": 235, "atk": 96, "def": 147, "spa": 205, "spd": 164, "spe": 254}, "types": ["Bug", "Fairy"]}, "Arceus": {"name": "Arceus", "species": "Arceus-Ground", "speciesId": "arceusground", "gender": "N", "shiny": false, "level": 70, "moves": ["calmmind", "judgment", "recover", "fireblast"], "ability": "Multitype", "evs": {"hp": 85, "atk": 0, "def": 85, "spa": 85, "spd": 85, "spe": 85}, "ivs": {"hp": 31, "atk": 0, "def": 31, "spa": 31, "spd": 31, "spe": 31}, "item": "Earth Plate", "teraType": "Dragon", "role": "Bulky Setup", "bvs": {"hp": 120, "atk": 120, "def": 120, "spa": 120, "spd": 120, "spe": 120}, "stats": {"hp": 284, "atk": 173, "def": 209, "spa": 209, "spd": 209, "spe": 209}, "types": ["Ground"]}, "Inteleon": {"name": "Inteleon", "species": "Inteleon", "speciesId": "inteleon", "gender": "M", "shiny": false, "level": 81, "moves": ["scald", "hydropump", "icebeam", "uturn"], "ability": "Torrent", "evs": {"hp": 85, "atk": 85, "def": 85, "spa": 85, "spd": 85, "spe": 85}, "ivs": {"hp": 31, "atk": 31, "def": 31, "spa": 31, "spd": 31, "spe": 31}, "item": "Choice Specs", "teraType": "Water", "role": "Wallbreaker", "bvs": {"hp": 70, "atk": 85, "def": 65, "spa": 125, "spd": 65, "spe": 120}, "stats": {"hp": 246, "atk": 184, "def": 152, "spa": 249, "spd": 152, "spe": 241}, "types": ["Water"]}, "Chandelure": {"name": "Chandelure", "species": "Chandelure", "speciesId": "chandelure", "gender": "F", "shiny": false, "level": 83, "moves": ["shadowball", "energyball", "fireblast", "trick"], "ability": "Flash Fire", "evs": {"hp": 85, "atk": 0, "def": 85, "spa": 85, "spd": 85, "spe": 85}, "ivs": {"hp": 31, "atk": 0, "def": 31, "spa": 31, "spd": 31, "spe": 31}, "item": "Choice Scarf", "teraType": "Fire", "role": "Fast Attacker", "bvs": {"hp": 60, "atk": 55, "def": 90, "spa": 145, "spd": 90, "spe": 80}, "stats": {"hp": 235, "atk": 96, "def": 197, "spa": 288, "spd": 197, "spe": 180}, "types": ["Ghost", "Fire"]}}, {"Decidueye": {"name": "Decidueye", "species": "Decidueye-Hisui", "speciesId": "decidueyehisui", "gender": "M", "shiny": false, "level": 87, "moves": ["knockoff", "leafblade", "roost", "triplearrows"], "ability": "Scrappy", "evs": {"hp": 85, "atk": 85, "def": 85, "spa": 85, "spd": 85, "spe": 85}, "ivs": {"hp": 31, "atk": 31, "def": 31, "spa": 31, "spd": 31, "spe": 31}, "item": "Leftovers", "teraType": "Water", "role": "Bulky Attacker", "bvs": {"hp": 88, "atk": 112, "def": 80, "spa": 95, "spd": 95, "spe": 60}, "stats": {"hp": 295, "atk": 245, "def": 189, "spa": 215, "spd": 215, "spe": 154}, "types": ["Grass", "Fighting"]}, "Toxapex": {"name": "Toxapex", "species": "Toxapex", "speciesId": "toxapex", "gender": "M", "shiny": false, "level": 82, "moves": ["toxicspikes", "haze", "liquidation", "recover"], "ability": "Regenerator", "evs": {"hp": 85, "atk": 85, "def": 85, "spa": 85, "spd": 85, "spe": 85}, "ivs": {"hp": 31, "atk": 31, "def": 31, "spa": 31, "spd": 31, "spe": 31}, "item": "Leftovers", "teraType": "Steel", "role": "Bulky Support", "bvs": {"hp": 50, "atk": 63, "def": 152, "spa": 53, "spd": 142, "spe": 35}, "stats": {"hp": 216, "atk": 150, "def": 296, "spa": 134, "spd": 280, "spe": 105}, "types": ["Poison", "Water"]}, "Carbink": {"name": "Carbink", "species": "Carbink", "speciesId": "carbink", "gender": "N", "shiny": false, "level": 90, "moves": ["moonblast", "rest", "bodypress", "irondefense"], "ability": "Clear Body", "evs": {"hp": 85, "atk": 0, "def": 85, "spa": 85, "spd": 85, "spe": 85}, "ivs": {"hp": 31, "atk": 0, "def": 31, "spa": 31, "spd": 31, "spe": 31}, "item": "Chesto Berry", "teraType": "Fighting", "role": "Fast Bulky Setup", "bvs": {"hp": 50, "atk": 50, "def": 150, "spa": 50, "spd": 150, "spe": 50}, "stats": {"hp": 236, "atk": 95, "def": 321, "spa": 141, "spd": 321, "spe": 141}, "types": ["Rock", "Fairy"]}, "Porygon-Z": {"name": "Porygon-Z", "species": "Porygon-Z", "speciesId": "porygonz", "gender": "N", "shiny": false, "level": 83, "moves": ["nastyplot", "thunderbolt", "triattack", "icebeam"], "ability": "Adaptability", "evs": {"hp": 85, "atk": 0, "def": 85, "spa": 85, "spd": 85, "spe": 85}, "ivs": {"hp": 31, "atk": 0, "def": 31, "spa": 31, "spd": 31, "spe": 31}, "item": "Life Orb", "teraType": "Electric", "role": "Fast Attacker", "bvs": {"hp": 85, "atk": 80, "def": 70, "spa": 135, "spd": 75, "spe": 90}, "stats": {"hp": 277, "atk": 137, "def": 164, "spa": 272, "spd": 172, "spe": 197}, "types": ["Normal"]}, "Koraidon": {"name": "Koraidon", "species": "Koraidon", "speciesId": "koraidon", "gender": "N", "shiny": false, "level": 64, "moves": ["flareblitz", "swordsdance", "scaleshot", "collisioncourse"], "ability": "Orichalcum Pulse", "evs": {"hp": 85, "atk": 85, "def": 85, "spa": 85, "spd": 85, "spe": 85}, "ivs": {"hp": 31, "atk": 31, "def": 31, "spa": 31, "spd": 31, "spe": 31}, "item": "Loaded Dice", "teraType": "Fire", "role": "Setup Sweeper", "bvs": {"hp": 100, "atk": 135, "def": 115, "spa": 85, "spd": 100, "spe": 135}, "stats": {"hp": 235, "atk": 211, "def": 185, "spa": 147, "spd": 166, "spe": 211}, "types": ["Fighting", "Dragon"]}, "Kingdra": {"name": "Kingdra", "species": "Kingdra", "speciesId": "kingdra", "gender": "F", "shiny": false, "level": 84, "moves": ["ironhead", "outrage", "wavecrash", "dragondance"], "ability": "Sniper", "evs": {"hp": 85, "atk": 85, "def": 85, "spa": 85, "spd": 85, "spe": 85}, "ivs": {"hp": 31, "atk": 31, "def": 31, "spa": 31, "spd": 31, "spe": 31}, "item": "Lum Berry", "teraType": "Steel", "role": "Fast Bulky Setup", "bvs": {"hp": 75, "atk": 95, "def": 95, "spa": 95, "spd": 95, "spe": 85}, "stats": {"hp": 263, "atk": 208, "def": 208, "spa": 208, "spd": 208, "spe": 191}, "types": ["Water", "Dragon"]}}]}