{"id": "gen9randombattle-2631383762", "format": "[Gen 9] Random Battle", "players": ["Isitshine11", "3kzzzzzzzz"], "log": "|j|\u2606Isitshine11\n|j|\u26063kzzzzzzzz\n|t:|1781378223\n|gametype|singles\n|player|p1|Isitshine11|medium|2045\n|player|p2|3kzzzzzzzz|janitor|2234\n|gen|9\n|tier|[Gen 9] Random Battle\n|rated|\n|rule|Species Clause: Limit one of each Pok\u00e9mon\n|rule|HP Percentage Mod: HP is shown in percentages\n|rule|Sleep Clause Mod: Limit one foe put to sleep\n|rule|Illusion Level Mod: Illusion disguises the Pok\u00e9mon's true level\n|\n|t:|1781378223\n|teamsize|p1|6\n|teamsize|p2|6\n|start\n|switch|p1a: Bellossom|Bellossom, L84, F|263/263\n|switch|p2a: Clefable|Clefable, L83, F|293/293\n|turn|1\n|inactive|Battle timer is ON: inactive players will automatically lose when time's up. (requested by Isitshine11)\n|\n|t:|1781378236\n|switch|p2a: Hypno|Hypno, L95, M|315/315\n|switch|p1a: Camerupt|Camerupt, L91, F|275/275\n|\n|upkeep\n|turn|2\n|\n|t:|1781378240\n|move|p2a: Hypno|Toxic|p1a: Camerupt\n|-status|p1a: Camerupt|tox\n|move|p1a: Camerupt|Stealth Rock|p2a: Hypno\n|-sidestart|p2: 3kzzzzzzzz|move: Stealth Rock\n|\n|-damage|p1a: Camerupt|258/275 tox|[from] psn\n|upkeep\n|turn|3\n|\n|t:|1781378249\n|switch|p2a: Noivern|Noivern, L82, M|274/274\n|move|p1a: Camerupt|Will-O-Wisp|p2a: Noivern\n|-status|p2a: Noivern|brn\n|\n|-heal|p1a: Camerupt|275/275 tox|[from] item: Leftovers\n|-damage|p1a: Camerupt|241/275 tox|[from] psn\n|-damage|p2a: Noivern|257/274 brn|[from] brn\n|upkeep\n|turn|4\n|\n|t:|1781378257\n|switch|p1a: Golem|Golem-Alola, L93, F|300/300\n|move|p2a: Noivern|Hurricane|p1a: Golem\n|-resisted|p1a: Golem\n|-damage|p1a: Golem|270/300\n|\n|-damage|p2a: Noivern|240/274 brn|[from] brn\n|upkeep\n|turn|5\n|\n|t:|1781378269\n|move|p2a: Noivern|Draco Meteor|p1a: Golem\n|-damage|p1a: Golem|123/300\n|-unboost|p2a: Noivern|spa|2\n|move|p1a: Golem|Double-Edge|p2a: Noivern\n|-damage|p2a: Noivern|0 fnt\n|faint|p2a: Noivern\n|-damage|p1a: Golem|44/300|[from] Recoil\n|\n|upkeep\n|\n|t:|1781378279\n|switch|p2a: Pyroar|Pyroar, L88, F|295/295\n|-ability|p2a: Pyroar|Unnerve\n|turn|6\n|\n|t:|1781378286\n|move|p2a: Pyroar|Hyper Voice|p1a: Golem\n|-resisted|p1a: Golem\n|-damage|p1a: Golem|0 fnt\n|faint|p1a: Golem\n|\n|upkeep\n|\n|t:|1781378289\n|switch|p1a: Camerupt|Camerupt, L91, F|241/275 tox\n|turn|7\n|\n|t:|1781378298\n|move|p2a: Pyroar|Hyper Voice|p1a: Camerupt\n|-damage|p1a: Camerupt|117/275 tox\n|move|p1a: Camerupt|Earthquake|p2a: Pyroar\n|-supereffective|p2a: Pyroar\n|-damage|p2a: Pyroar|5/295\n|\n|-heal|p1a: Camerupt|134/275 tox|[from] item: Leftovers\n|-damage|p1a: Camerupt|117/275 tox|[from] psn\n|upkeep\n|turn|8\n|\n|t:|1781378306\n|move|p2a: Pyroar|Hyper Voice|p1a: Camerupt\n|-damage|p1a: Camerupt|0 fnt\n|faint|p1a: Camerupt\n|\n|upkeep\n|\n|t:|1781378309\n|switch|p1a: Barraskewda|Barraskewda, L81, M|231/231\n|turn|9\n|\n|t:|1781378314\n|move|p1a: Barraskewda|Flip Turn|p2a: Pyroar\n|-supereffective|p2a: Pyroar\n|-damage|p2a: Pyroar|0 fnt\n|faint|p2a: Pyroar\n|\n|t:|1781378319\n|switch|p1a: Rotom|Rotom-Wash, L82|216/216|[from] Flip Turn\n|\n|upkeep\n|\n|t:|1781378325\n|switch|p2a: Clefable|Clefable, L83, F|293/293\n|-damage|p2a: Clefable|257/293|[from] Stealth Rock\n|turn|10\n|\n|t:|1781378328\n|move|p1a: Rotom|Trick|p2a: Clefable\n|-activate|p1a: Rotom|move: Trick|[of] p2a: Clefable\n|-item|p2a: Clefable|Choice Scarf|[from] move: Trick\n|-item|p1a: Rotom|Leftovers|[from] move: Trick\n|move|p2a: Clefable|Moonblast|p1a: Rotom\n|-crit|p1a: Rotom\n|-damage|p1a: Rotom|77/216\n|\n|-heal|p1a: Rotom|90/216|[from] item: Leftovers\n|upkeep\n|turn|11\n|\n|t:|1781378335\n|move|p2a: Clefable|Moonblast|p1a: Rotom\n|-damage|p1a: Rotom|3/216\n|move|p1a: Rotom|Volt Switch|p2a: Clefable\n|-damage|p2a: Clefable|188/293\n|\n|t:|1781378342\n|switch|p1a: Barraskewda|Barraskewda, L81, M|231/231|[from] Volt Switch\n|\n|upkeep\n|turn|12\n|\n|t:|1781378346\n|move|p1a: Barraskewda|Waterfall|p2a: Clefable\n|-crit|p2a: Clefable\n|-damage|p2a: Clefable|0 fnt\n|faint|p2a: Clefable\n|\n|upkeep\n|\n|t:|1781378362\n|switch|p2a: Arcanine|Arcanine-Hisui, L79, F|279/279\n|-damage|p2a: Arcanine|210/279|[from] Stealth Rock\n|turn|13\n|\n|t:|1781378368\n|switch|p1a: Rotom|Rotom-Wash, L82|3/216\n|move|p2a: Arcanine|Head Smash|p1a: Rotom\n|-damage|p1a: Rotom|0 fnt\n|faint|p1a: Rotom\n|\n|upkeep\n|\n|t:|1781378373\n|switch|p1a: Barraskewda|Barraskewda, L81, M|231/231\n|turn|14\n|\n|t:|1781378375\n|move|p2a: Arcanine|Head Smash|p1a: Barraskewda\n|-damage|p1a: Barraskewda|23/231\n|move|p1a: Barraskewda|Flip Turn|p2a: Arcanine\n|-supereffective|p2a: Arcanine\n|-damage|p2a: Arcanine|0 fnt\n|faint|p2a: Arcanine\n|\n|t:|1781378379\n|switch|p1a: Brute Bonnet|Brute Bonnet, L80|309/309|[from] Flip Turn\n|\n|upkeep\n|\n|t:|1781378381\n|switch|p2a: Iron Valiant|Iron Valiant, L78|244/244\n|-damage|p2a: Iron Valiant|229/244|[from] Stealth Rock\n|turn|15\n|\n|t:|1781378388\n|move|p2a: Iron Valiant|Close Combat|p1a: Brute Bonnet\n|-supereffective|p1a: Brute Bonnet\n|-damage|p1a: Brute Bonnet|0 fnt\n|-unboost|p2a: Iron Valiant|def|1\n|-unboost|p2a: Iron Valiant|spd|1\n|faint|p1a: Brute Bonnet\n|-end|p1a: Brute Bonnet|Protosynthesis|[silent]\n|-damage|p2a: Iron Valiant|205/244|[from] item: Life Orb\n|\n|upkeep\n|\n|t:|1781378391\n|switch|p1a: Barraskewda|Barraskewda, L81, M|23/231\n|turn|16\n|\n|t:|1781378394\n|move|p1a: Barraskewda|Waterfall|p2a: Iron Valiant\n|-damage|p2a: Iron Valiant|0 fnt\n|faint|p2a: Iron Valiant\n|-end|p2a: Iron Valiant|Quark Drive|[silent]\n|\n|upkeep\n|\n|t:|1781378396\n|switch|p2a: Hypno|Hypno, L95, M|315/315\n|-damage|p2a: Hypno|276/315|[from] Stealth Rock\n|turn|17\n|\n|t:|1781378399\n|move|p1a: Barraskewda|Waterfall|p2a: Hypno\n|-damage|p2a: Hypno|134/315\n|cant|p2a: Hypno|flinch\n|\n|-heal|p2a: Hypno|153/315|[from] item: Leftovers\n|upkeep\n|turn|18\n|\n|t:|1781378403\n|move|p1a: Barraskewda|Waterfall|p2a: Hypno\n|-damage|p2a: Hypno|11/315\n|cant|p2a: Hypno|flinch\n|\n|-heal|p2a: Hypno|30/315|[from] item: Leftovers\n|upkeep\n|turn|19\n|\n|t:|1781378406\n|move|p1a: Barraskewda|Waterfall|p2a: Hypno\n|-damage|p2a: Hypno|0 fnt\n|faint|p2a: Hypno\n|\n|win|Isitshine11\n", "inputlog": ">version a8376a258c1d4662feba110a92103f3664a72141\n>start {\"formatid\":\"gen9randombattle\",\"seed\":\"sodium,0f1650ecd5847dd59a4a4e5804000235\",\"rated\":\"Rated battle\"}\n>player p1 {\"name\":\"Isitshine11\",\"avatar\":\"medium\",\"rating\":2045,\"seed\":\"sodium,b283ea38c122bcc95237135ac3475ab4\"}\n>player p2 {\"name\":\"3kzzzzzzzz\",\"avatar\":\"janitor\",\"rating\":2234,\"seed\":\"sodium,ab21ef163f936877cb84a2ab2173f3f9\"}\n>p1 switch 6\n>p2 switch 2\n>p1 move stealthrock\n>p2 move toxic\n>p1 move willowisp\n>p2 switch 4\n>p1 switch 3\n>p2 move hurricane\n>p1 move doubleedge\n>p2 move dracometeor\n>p2 switch 3\n>p1 move doubleedge\n>p2 move hypervoice\n>p1 switch 3\n>p1 move earthquake\n>p2 move hypervoice\n>p1 move earthquake\n>p2 move hypervoice\n>p1 switch 2\n>p1 move flipturn\n>p2 move hypervoice\n>p1 switch 5\n>p2 switch 2\n>p1 move trick\n>p2 move moonblast\n>p1 move voltswitch\n>p2 move moonblast\n>p1 switch 5\n>p1 move waterfall\n>p2 move moonblast\n>p2 switch 5\n>p1 switch 5\n>p2 move headsmash\n>p1 switch 5\n>p1 move flipturn\n>p2 move headsmash\n>p1 switch 4\n>p2 switch 6\n>p1 move spore\n>p2 move closecombat\n>p1 switch 4\n>p1 move waterfall\n>p2 move knockoff\n>p2 switch 4\n>p1 move waterfall\n>p2 move psychicnoise\n>p1 move waterfall\n>p2 move psychicnoise\n>p1 move waterfall\n>p2 move psychicnoise", "uploadtime": 1781378225, "views": 11, "formatid": "gen9randombattle", "rating": null, "private": 0, "password": null, "player_dets": [{"name": "Isitshine11", "avatar": "medium", "rating": 2045, "seed": "sodium,b283ea38c122bcc95237135ac3475ab4"}, {"name": "3kzzzzzzzz", "avatar": "janitor", "rating": 2234, "seed": "sodium,ab21ef163f936877cb84a2ab2173f3f9"}], "teams_full": [{"Bellossom": {"name": "Bellossom", "species": "Bellossom", "speciesId": "bellossom", "gender": "F", "shiny": false, "level": 84, "moves": ["gigadrain", "quiverdance", "strengthsap", "sludgebomb"], "ability": "Chlorophyll", "evs": {"hp": 85, "atk": 0, "def": 85, "spa": 85, "spd": 85, "spe": 85}, "ivs": {"hp": 31, "atk": 0, "def": 31, "spa": 31, "spd": 31, "spe": 31}, "item": "Leftovers", "teraType": "Poison", "role": "Bulky Setup", "bvs": {"hp": 75, "atk": 80, "def": 95, "spa": 90, "spd": 100, "spe": 50}, "stats": {"hp": 263, "atk": 139, "def": 208, "spa": 199, "spd": 216, "spe": 132}, "types": ["Grass"]}, "Barraskewda": {"name": "Barraskewda", "species": "Barraskewda", "speciesId": "barraskewda", "gender": "M", "shiny": false, "level": 81, "moves": ["flipturn", "closecombat", "waterfall", "psychicfangs"], "ability": "Swift Swim", "evs": {"hp": 85, "atk": 85, "def": 85, "spa": 85, "spd": 85, "spe": 85}, "ivs": {"hp": 31, "atk": 31, "def": 31, "spa": 31, "spd": 31, "spe": 31}, "item": "Choice Band", "teraType": "Fighting", "role": "Wallbreaker", "bvs": {"hp": 61, "atk": 123, "def": 60, "spa": 60, "spd": 50, "spe": 136}, "stats": {"hp": 231, "atk": 246, "def": 144, "spa": 144, "spd": 128, "spe": 267}, "types": ["Water"]}, "Golem": {"name": "Golem", "species": "Golem-Alola", "speciesId": "golemalola", "gender": "F", "shiny": false, "level": 93, "moves": ["stoneedge", "explosion", "earthquake", "doubleedge"], "ability": "Galvanize", "evs": {"hp": 85, "atk": 85, "def": 85, "spa": 85, "spd": 85, "spe": 85}, "ivs": {"hp": 31, "atk": 31, "def": 31, "spa": 31, "spd": 31, "spe": 31}, "item": "Choice Band", "teraType": "Grass", "role": "Wallbreaker", "bvs": {"hp": 80, "atk": 120, "def": 130, "spa": 55, "spd": 65, "spe": 45}, "stats": {"hp": 300, "atk": 276, "def": 295, "spa": 155, "spd": 174, "spe": 137}, "types": ["Rock", "Electric"]}, "Brute Bonnet": {"name": "Brute Bonnet", "species": "Brute Bonnet", "speciesId": "brutebonnet", "gender": "N", "shiny": false, "level": 80, "moves": ["crunch", "closecombat", "spore", "suckerpunch"], "ability": "Protosynthesis", "evs": {"hp": 85, "atk": 85, "def": 85, "spa": 85, "spd": 85, "spe": 85}, "ivs": {"hp": 31, "atk": 31, "def": 31, "spa": 31, "spd": 31, "spe": 31}, "item": "Leftovers", "teraType": "Poison", "role": "Bulky Attacker", "bvs": {"hp": 111, "atk": 127, "def": 99, "spa": 79, "spd": 99, "spe": 55}, "stats": {"hp": 309, "atk": 249, "def": 205, "spa": 173, "spd": 205, "spe": 134}, "types": ["Grass", "Dark"]}, "Rotom": {"name": "Rotom", "species": "Rotom-Wash", "speciesId": "rotomwash", "gender": "N", "shiny": false, "level": 82, "moves": ["hydropump", "voltswitch", "thunderbolt", "trick"], "ability": "Levitate", "evs": {"hp": 85, "atk": 0, "def": 85, "spa": 85, "spd": 85, "spe": 85}, "ivs": {"hp": 31, "atk": 0, "def": 31, "spa": 31, "spd": 31, "spe": 31}, "item": "Choice Scarf", "teraType": "Steel", "role": "Bulky Attacker", "bvs": {"hp": 50, "atk": 65, "def": 107, "spa": 105, "spd": 107, "spe": 86}, "stats": {"hp": 216, "atk": 111, "def": 223, "spa": 219, "spd": 223, "spe": 188}, "types": ["Electric", "Water"]}, "Camerupt": {"name": "Camerupt", "species": "Camerupt", "speciesId": "camerupt", "gender": "F", "shiny": false, "level": 91, "moves": ["earthquake", "stealthrock", "overheat", "willowisp"], "ability": "Solid Rock", "evs": {"hp": 85, "atk": 85, "def": 85, "spa": 85, "spd": 85, "spe": 85}, "ivs": {"hp": 31, "atk": 31, "def": 31, "spa": 31, "spd": 31, "spe": 31}, "item": "Leftovers", "teraType": "Grass", "role": "Bulky Support", "bvs": {"hp": 70, "atk": 100, "def": 70, "spa": 105, "spd": 75, "spe": 40}, "stats": {"hp": 275, "atk": 234, "def": 179, "spa": 243, "spd": 188, "spe": 125}, "types": ["Fire", "Ground"]}}, {"Clefable": {"name": "Clefable", "species": "Clefable", "speciesId": "clefable", "gender": "F", "shiny": false, "level": 83, "moves": ["calmmind", "moonblast", "moonlight", "fireblast"], "ability": "Unaware", "evs": {"hp": 85, "atk": 0, "def": 85, "spa": 85, "spd": 85, "spe": 85}, "ivs": {"hp": 31, "atk": 0, "def": 31, "spa": 31, "spd": 31, "spe": 31}, "item": "Leftovers", "teraType": "Fire", "role": "Bulky Setup", "bvs": {"hp": 95, "atk": 70, "def": 73, "spa": 95, "spd": 90, "spe": 60}, "stats": {"hp": 293, "atk": 121, "def": 169, "spa": 205, "spd": 197, "spe": 147}, "types": ["Fairy"]}, "Hypno": {"name": "Hypno", "species": "Hypno", "speciesId": "hypno", "gender": "M", "shiny": false, "level": 95, "moves": ["encore", "toxic", "knockoff", "psychicnoise"], "ability": "Insomnia", "evs": {"hp": 85, "atk": 85, "def": 85, "spa": 85, "spd": 85, "spe": 85}, "ivs": {"hp": 31, "atk": 31, "def": 31, "spa": 31, "spd": 31, "spe": 31}, "item": "Leftovers", "teraType": "Steel", "role": "Bulky Support", "bvs": {"hp": 85, "atk": 73, "def": 70, "spa": 73, "spd": 115, "spe": 67}, "stats": {"hp": 315, "atk": 193, "def": 187, "spa": 193, "spd": 272, "spe": 181}, "types": ["Psychic"]}, "Pyroar": {"name": "Pyroar", "species": "Pyroar", "speciesId": "pyroar", "gender": "F", "shiny": false, "level": 88, "moves": ["fireblast", "workup", "taunt", "hypervoice"], "ability": "Unnerve", "evs": {"hp": 85, "atk": 0, "def": 85, "spa": 85, "spd": 85, "spe": 85}, "ivs": {"hp": 31, "atk": 0, "def": 31, "spa": 31, "spd": 31, "spe": 31}, "item": "Heavy-Duty Boots", "teraType": "Fire", "role": "Fast Attacker", "bvs": {"hp": 86, "atk": 68, "def": 72, "spa": 109, "spd": 66, "spe": 106}, "stats": {"hp": 295, "atk": 124, "def": 177, "spa": 242, "spd": 166, "spe": 237}, "types": ["Fire", "Normal"]}, "Noivern": {"name": "Noivern", "species": "Noivern", "speciesId": "noivern", "gender": "M", "shiny": false, "level": 82, "moves": ["dracometeor", "flamethrower", "roost", "hurricane"], "ability": "Infiltrator", "evs": {"hp": 85, "atk": 0, "def": 85, "spa": 85, "spd": 85, "spe": 85}, "ivs": {"hp": 31, "atk": 0, "def": 31, "spa": 31, "spd": 31, "spe": 31}, "item": "Heavy-Duty Boots", "teraType": "Fire", "role": "Fast Support", "bvs": {"hp": 85, "atk": 70, "def": 80, "spa": 97, "spd": 80, "spe": 123}, "stats": {"hp": 274, "atk": 119, "def": 178, "spa": 206, "spd": 178, "spe": 249}, "types": ["Flying", "Dragon"]}, "Arcanine": {"name": "Arcanine", "species": "Arcanine-Hisui", "speciesId": "arcaninehisui", "gender": "F", "shiny": false, "level": 79, "moves": ["wildcharge", "closecombat", "flareblitz", "headsmash"], "ability": "Rock Head", "evs": {"hp": 81, "atk": 85, "def": 85, "spa": 85, "spd": 85, "spe": 85}, "ivs": {"hp": 31, "atk": 31, "def": 31, "spa": 31, "spd": 31, "spe": 31}, "item": "Choice Scarf", "teraType": "Fire", "role": "Fast Attacker", "bvs": {"hp": 95, "atk": 115, "def": 80, "spa": 95, "spd": 80, "spe": 90}, "stats": {"hp": 279, "atk": 227, "def": 172, "spa": 196, "spd": 172, "spe": 188}, "types": ["Fire", "Rock"]}, "Iron Valiant": {"name": "Iron Valiant", "species": "Iron Valiant", "speciesId": "ironvaliant", "gender": "N", "shiny": false, "level": 78, "moves": ["closecombat", "spiritbreak", "swordsdance", "knockoff"], "ability": "Quark Drive", "evs": {"hp": 85, "atk": 85, "def": 85, "spa": 85, "spd": 85, "spe": 85}, "ivs": {"hp": 31, "atk": 31, "def": 31, "spa": 31, "spd": 31, "spe": 31}, "item": "Life Orb", "teraType": "Fighting", "role": "Setup Sweeper", "bvs": {"hp": 74, "atk": 130, "def": 90, "spa": 120, "spd": 60, "spe": 116}, "stats": {"hp": 244, "atk": 248, "def": 185, "spa": 232, "spd": 139, "spe": 226}, "types": ["Fairy", "Fighting"]}}]}