{"id": "gen9randombattle-2631961112", "format": "[Gen 9] Random Battle", "players": ["kytfvb2", "randomdude8876"], "log": "|j|\u2606kytfvb2\n|j|\u2606randomdude8876\n|t:|1781460221\n|gametype|singles\n|player|p1|kytfvb2|shadowtriad|1955\n|player|p2|randomdude8876|hiker-gen4|1908\n|gen|9\n|tier|[Gen 9] Random Battle\n|rated|\n|rule|Species Clause: Limit one of each Pok\u00e9mon\n|rule|HP Percentage Mod: HP is shown in percentages\n|rule|Sleep Clause Mod: Limit one foe put to sleep\n|rule|Illusion Level Mod: Illusion disguises the Pok\u00e9mon's true level\n|\n|t:|1781460221\n|teamsize|p1|6\n|teamsize|p2|6\n|start\n|switch|p1a: Cetitan|Cetitan, L82, M|412/412\n|switch|p2a: Tyranitar|Tyranitar, L78, F|284/284\n|-weather|Sandstorm|[from] ability: Sand Stream|[of] p2a: Tyranitar\n|turn|1\n|inactive|Battle timer is ON: inactive players will automatically lose when time's up. (requested by randomdude8876)\n|\n|t:|1781460234\n|move|p1a: Cetitan|Belly Drum|p1a: Cetitan\n|-damage|p1a: Cetitan|206/412\n|-setboost|p1a: Cetitan|atk|6|[from] move: Belly Drum\n|-enditem|p1a: Cetitan|Sitrus Berry|[eat]\n|-heal|p1a: Cetitan|309/412|[from] item: Sitrus Berry\n|move|p2a: Tyranitar|Dragon Dance|p2a: Tyranitar\n|-boost|p2a: Tyranitar|atk|1\n|-boost|p2a: Tyranitar|spe|1\n|\n|-weather|Sandstorm|[upkeep]\n|-damage|p1a: Cetitan|284/412|[from] Sandstorm\n|upkeep\n|turn|2\n|\n|t:|1781460248\n|move|p2a: Tyranitar|Stone Edge|p1a: Cetitan\n|-supereffective|p1a: Cetitan\n|-damage|p1a: Cetitan|0 fnt\n|faint|p1a: Cetitan\n|\n|-weather|Sandstorm|[upkeep]\n|upkeep\n|\n|t:|1781460254\n|switch|p1a: Urshifu|Urshifu-Rapid-Strike, L75, M|274/274\n|turn|3\n|\n|t:|1781460271\n|move|p2a: Tyranitar|Knock Off|p1a: Urshifu\n|-resisted|p1a: Urshifu\n|-damage|p1a: Urshifu|184/274\n|-enditem|p1a: Urshifu|Life Orb|[from] move: Knock Off|[of] p2a: Tyranitar\n|move|p1a: Urshifu|Surging Strikes|p2a: Tyranitar\n|-supereffective|p2a: Tyranitar\n|-crit|p2a: Tyranitar\n|-damage|p2a: Tyranitar|204/284\n|-enditem|p2a: Tyranitar|Weakness Policy\n|-boost|p2a: Tyranitar|atk|2|[from] item: Weakness Policy\n|-boost|p2a: Tyranitar|spa|2|[from] item: Weakness Policy\n|-supereffective|p2a: Tyranitar\n|-crit|p2a: Tyranitar\n|-damage|p2a: Tyranitar|132/284\n|-supereffective|p2a: Tyranitar\n|-crit|p2a: Tyranitar\n|-damage|p2a: Tyranitar|58/284\n|-hitcount|p2a: Tyranitar|3\n|\n|-weather|Sandstorm|[upkeep]\n|-damage|p1a: Urshifu|167/274|[from] Sandstorm\n|upkeep\n|turn|4\n|\n|t:|1781460286\n|move|p2a: Tyranitar|Stone Edge|p1a: Urshifu\n|-resisted|p1a: Urshifu\n|-damage|p1a: Urshifu|29/274\n|move|p1a: Urshifu|Close Combat|p2a: Tyranitar\n|-supereffective|p2a: Tyranitar\n|-damage|p2a: Tyranitar|0 fnt\n|-unboost|p1a: Urshifu|def|1\n|-unboost|p1a: Urshifu|spd|1\n|faint|p2a: Tyranitar\n|\n|-weather|Sandstorm|[upkeep]\n|-damage|p1a: Urshifu|12/274|[from] Sandstorm\n|upkeep\n|\n|t:|1781460292\n|switch|p2a: Minior|Minior-Blue, L79|224/224\n|-formechange|p2a: Minior|Minior-Meteor||[from] ability: Shields Down\n|turn|5\n|\n|t:|1781460298\n|move|p1a: Urshifu|Surging Strikes|p2a: Minior\n|-supereffective|p2a: Minior\n|-crit|p2a: Minior\n|-damage|p2a: Minior|138/224\n|-supereffective|p2a: Minior\n|-crit|p2a: Minior\n|-damage|p2a: Minior|54/224\n|-supereffective|p2a: Minior\n|-crit|p2a: Minior\n|-damage|p2a: Minior|0 fnt\n|faint|p2a: Minior\n|-hitcount|p2: Minior|3\n|\n|-weather|none\n|upkeep\n|\n|t:|1781460311\n|switch|p2a: Tauros|Tauros, L82, M|257/257\n|turn|6\n|\n|t:|1781460315\n|switch|p1a: Incineroar|Incineroar, L82, F|290/290\n|-ability|p1a: Incineroar|Intimidate|boost\n|-unboost|p2a: Tauros|atk|1\n|move|p2a: Tauros|Body Slam|p1a: Incineroar\n|-damage|p1a: Incineroar|187/290\n|\n|upkeep\n|turn|7\n|\n|t:|1781460329\n|move|p2a: Tauros|Earthquake|p1a: Incineroar\n|-supereffective|p1a: Incineroar\n|-damage|p1a: Incineroar|67/290\n|-damage|p2a: Tauros|232/257|[from] item: Life Orb\n|move|p1a: Incineroar|Trailblaze|p2a: Tauros\n|-damage|p2a: Tauros|194/257\n|-boost|p1a: Incineroar|spe|1\n|\n|upkeep\n|turn|8\n|\n|t:|1781460338\n|move|p2a: Tauros|Body Slam|p1a: Incineroar\n|-damage|p1a: Incineroar|0 fnt\n|faint|p1a: Incineroar\n|\n|upkeep\n|\n|t:|1781460344\n|switch|p1a: Medicham|Medicham, L86, F|243/243\n|turn|9\n|\n|t:|1781460351\n|move|p2a: Tauros|Body Slam|p1a: Medicham\n|-damage|p1a: Medicham|130/243\n|move|p1a: Medicham|Close Combat|p2a: Tauros\n|-supereffective|p2a: Tauros\n|-damage|p2a: Tauros|0 fnt\n|-unboost|p1a: Medicham|def|1\n|-unboost|p1a: Medicham|spd|1\n|faint|p2a: Tauros\n|\n|upkeep\n|\n|t:|1781460364\n|switch|p2a: Lurantis|Lurantis, L87, M|264/264\n|turn|10\n|\n|t:|1781460369\n|switch|p1a: Regice|Regice, L88|284/284\n|move|p2a: Lurantis|Superpower|p1a: Regice\n|-supereffective|p1a: Regice\n|-damage|p1a: Regice|118/284\n|-boost|p2a: Lurantis|atk|1\n|-boost|p2a: Lurantis|def|1\n|\n|upkeep\n|turn|11\n|\n|t:|1781460380\n|-terastallize|p2a: Lurantis|Water\n|move|p1a: Regice|Ice Beam|p2a: Lurantis\n|-resisted|p2a: Lurantis\n|-damage|p2a: Lurantis|228/264\n|move|p2a: Lurantis|Superpower|p1a: Regice\n|-supereffective|p1a: Regice\n|-damage|p1a: Regice|0 fnt\n|-boost|p2a: Lurantis|atk|1\n|-boost|p2a: Lurantis|def|1\n|faint|p1a: Regice\n|\n|upkeep\n|\n|t:|1781460395\n|switch|p1a: Medicham|Medicham, L86, F|130/243\n|turn|12\n|\n|t:|1781460402\n|move|p1a: Medicham|Close Combat|p2a: Lurantis\n|-damage|p2a: Lurantis|105/264\n|-unboost|p1a: Medicham|def|1\n|-unboost|p1a: Medicham|spd|1\n|move|p2a: Lurantis|Leech Life|p1a: Medicham\n|-damage|p1a: Medicham|0 fnt\n|-heal|p2a: Lurantis|170/264|[from] drain|[of] p1a: Medicham\n|faint|p1a: Medicham\n|\n|upkeep\n|\n|t:|1781460409\n|switch|p1a: Hatterene|Hatterene, L85, F|236/236\n|turn|13\n|\n|t:|1781460414\n|move|p2a: Lurantis|Leech Life|p1a: Hatterene\n|-damage|p1a: Hatterene|122/236\n|-heal|p2a: Lurantis|227/264|[from] drain|[of] p1a: Hatterene\n|move|p1a: Hatterene|Nuzzle|p2a: Lurantis\n|-supereffective|p2a: Lurantis\n|-damage|p2a: Lurantis|211/264\n|-status|p2a: Lurantis|par\n|\n|upkeep\n|turn|14\n|\n|t:|1781460422\n|-terastallize|p1a: Hatterene|Fairy\n|move|p1a: Hatterene|Psychic|p2a: Lurantis\n|-damage|p2a: Lurantis|126/264 par\n|move|p2a: Lurantis|Leech Life|p1a: Hatterene\n|-resisted|p1a: Hatterene\n|-damage|p1a: Hatterene|60/236\n|-heal|p2a: Lurantis|157/264 par|[from] drain|[of] p1a: Hatterene\n|\n|upkeep\n|turn|15\n|\n|t:|1781460429\n|move|p1a: Hatterene|Draining Kiss|p2a: Lurantis\n|-damage|p2a: Lurantis|85/264 par\n|-heal|p1a: Hatterene|114/236|[from] drain|[of] p2a: Lurantis\n|move|p2a: Lurantis|Leech Life|p1a: Hatterene\n|-resisted|p1a: Hatterene\n|-crit|p1a: Hatterene\n|-damage|p1a: Hatterene|32/236\n|-heal|p2a: Lurantis|126/264 par|[from] drain|[of] p1a: Hatterene\n|\n|upkeep\n|turn|16\n|\n|t:|1781460438\n|move|p1a: Hatterene|Draining Kiss|p2a: Lurantis\n|-damage|p2a: Lurantis|56/264 par\n|-heal|p1a: Hatterene|85/236|[from] drain|[of] p2a: Lurantis\n|move|p2a: Lurantis|Leech Life|p1a: Hatterene\n|-resisted|p1a: Hatterene\n|-damage|p1a: Hatterene|27/236\n|-heal|p2a: Lurantis|85/264 par|[from] drain|[of] p1a: Hatterene\n|\n|upkeep\n|turn|17\n|\n|t:|1781460448\n|move|p1a: Hatterene|Psychic|p2a: Lurantis\n|-damage|p2a: Lurantis|9/264 par\n|-boost|p2a: Lurantis|spd|1\n|move|p2a: Lurantis|Superpower|p1a: Hatterene\n|-resisted|p1a: Hatterene\n|-damage|p1a: Hatterene|0 fnt\n|-boost|p2a: Lurantis|atk|1\n|-boost|p2a: Lurantis|def|1\n|faint|p1a: Hatterene\n|\n|upkeep\n|\n|t:|1781460451\n|switch|p1a: Urshifu|Urshifu-Rapid-Strike, L75, M|12/274\n|turn|18\n|\n|t:|1781460454\n|move|p1a: Urshifu|Surging Strikes|p2a: Lurantis\n|-resisted|p2a: Lurantis\n|-crit|p2a: Lurantis\n|-damage|p2a: Lurantis|0 fnt\n|faint|p2a: Lurantis\n|-hitcount|p2: Lurantis|1\n|\n|upkeep\n|\n|t:|1781460457\n|switch|p2a: Swampert|Swampert, L83, F|302/302\n|turn|19\n|\n|t:|1781460460\n|move|p1a: Urshifu|Surging Strikes|p2a: Swampert\n|-crit|p2a: Swampert\n|-damage|p2a: Swampert|259/302\n|-crit|p2a: Swampert\n|-damage|p2a: Swampert|216/302\n|-crit|p2a: Swampert\n|-damage|p2a: Swampert|170/302\n|-hitcount|p2a: Swampert|3\n|move|p2a: Swampert|Earthquake|p1a: Urshifu\n|-damage|p1a: Urshifu|0 fnt\n|faint|p1a: Urshifu\n|\n|win|randomdude8876\n", "inputlog": ">version a8376a258c1d4662feba110a92103f3664a72141\n>start {\"formatid\":\"gen9randombattle\",\"seed\":\"sodium,62f7c76727f2917468e9a3900b1032df\",\"rated\":\"Rated battle\"}\n>player p1 {\"name\":\"kytfvb2\",\"avatar\":\"shadowtriad\",\"rating\":1955,\"seed\":\"sodium,23723165e391d1b5cd2f640d8b3e788c\"}\n>player p2 {\"name\":\"randomdude8876\",\"avatar\":\"hiker-gen4\",\"rating\":1908,\"seed\":\"sodium,3fd95541acd1c60d2839819bd79c293c\"}\n>p1 move bellydrum\n>p2 move dragondance\n>p1 move earthquake\n>p2 move stoneedge\n>p1 switch 6\n>p1 move surgingstrikes\n>p2 move knockoff\n>p1 move closecombat\n>p2 move stoneedge\n>p2 switch 4\n>p1 move surgingstrikes\n>p2 move shellsmash\n>p2 switch 6\n>p1 switch 2\n>p2 move bodyslam\n>p1 move trailblaze\n>p2 move earthquake\n>p1 move knockoff\n>p2 move bodyslam\n>p1 switch 3\n>p1 move closecombat\n>p2 move bodyslam\n>p2 switch 2\n>p1 switch 4\n>p2 move superpower\n>p1 move icebeam\n>p2 move superpower terastallize\n>p1 switch 4\n>p1 move closecombat\n>p2 move leechlife\n>p1 switch 5\n>p1 move nuzzle\n>p2 move leechlife\n>p1 move psychic terastallize\n>p2 move leechlife\n>p1 move drainingkiss\n>p2 move leechlife\n>p1 move drainingkiss\n>p2 move leechlife\n>p1 move psychic\n>p2 move superpower\n>p1 switch 2\n>p1 move surgingstrikes\n>p2 move leechlife\n>p2 switch 3\n>p1 move surgingstrikes\n>p2 move earthquake", "uploadtime": 1781460223, "views": 5, "formatid": "gen9randombattle", "rating": null, "private": 0, "password": null, "player_dets": [{"name": "kytfvb2", "avatar": "shadowtriad", "rating": 1955, "seed": "sodium,23723165e391d1b5cd2f640d8b3e788c"}, {"name": "randomdude8876", "avatar": "hiker-gen4", "rating": 1908, "seed": "sodium,3fd95541acd1c60d2839819bd79c293c"}], "teams_full": [{"Cetitan": {"name": "Cetitan", "species": "Cetitan", "speciesId": "cetitan", "gender": "M", "shiny": false, "level": 82, "moves": ["iceshard", "bellydrum", "earthquake", "icespinner"], "ability": "Thick Fat", "evs": {"hp": 81, "atk": 85, "def": 85, "spa": 85, "spd": 85, "spe": 85}, "ivs": {"hp": 31, "atk": 31, "def": 31, "spa": 31, "spd": 31, "spe": 31}, "item": "Sitrus Berry", "teraType": "Ice", "role": "Bulky Setup", "bvs": {"hp": 170, "atk": 113, "def": 65, "spa": 45, "spd": 55, "spe": 73}, "stats": {"hp": 412, "atk": 232, "def": 154, "spa": 121, "spd": 137, "spe": 167}}, "Incineroar": {"name": "Incineroar", "species": "Incineroar", "speciesId": "incineroar", "gender": "F", "shiny": false, "level": 82, "moves": ["trailblaze", "knockoff", "flareblitz", "swordsdance"], "ability": "Intimidate", "evs": {"hp": 85, "atk": 85, "def": 85, "spa": 85, "spd": 85, "spe": 85}, "ivs": {"hp": 31, "atk": 31, "def": 31, "spa": 31, "spd": 31, "spe": 31}, "item": "Heavy-Duty Boots", "teraType": "Grass", "role": "Setup Sweeper", "bvs": {"hp": 95, "atk": 115, "def": 90, "spa": 80, "spd": 90, "spe": 60}, "stats": {"hp": 290, "atk": 236, "def": 195, "spa": 178, "spd": 195, "spe": 146}}, "Medicham": {"name": "Medicham", "species": "Medicham", "speciesId": "medicham", "gender": "F", "shiny": false, "level": 86, "moves": ["bulletpunch", "closecombat", "icepunch", "zenheadbutt"], "ability": "Pure Power", "evs": {"hp": 85, "atk": 85, "def": 85, "spa": 85, "spd": 85, "spe": 85}, "ivs": {"hp": 31, "atk": 31, "def": 31, "spa": 31, "spd": 31, "spe": 31}, "item": "Choice Band", "teraType": "Fighting", "role": "Fast Attacker", "bvs": {"hp": 60, "atk": 60, "def": 75, "spa": 60, "spd": 75, "spe": 80}, "stats": {"hp": 243, "atk": 152, "def": 178, "spa": 152, "spd": 178, "spe": 187}}, "Regice": {"name": "Regice", "species": "Regice", "speciesId": "regice", "gender": "N", "shiny": false, "level": 88, "moves": ["thunderbolt", "rest", "sleeptalk", "icebeam"], "ability": "Clear Body", "evs": {"hp": 85, "atk": 0, "def": 85, "spa": 85, "spd": 85, "spe": 85}, "ivs": {"hp": 31, "atk": 0, "def": 31, "spa": 31, "spd": 31, "spe": 31}, "item": "Heavy-Duty Boots", "teraType": "Electric", "role": "Bulky Attacker", "bvs": {"hp": 80, "atk": 50, "def": 100, "spa": 100, "spd": 200, "spe": 50}, "stats": {"hp": 284, "atk": 93, "def": 226, "spa": 226, "spd": 402, "spe": 138}}, "Hatterene": {"name": "Hatterene", "species": "Hatterene", "speciesId": "hatterene", "gender": "F", "shiny": false, "level": 85, "moves": ["nuzzle", "psychic", "mysticalfire", "drainingkiss"], "ability": "Magic Bounce", "evs": {"hp": 85, "atk": 85, "def": 85, "spa": 85, "spd": 85, "spe": 85}, "ivs": {"hp": 31, "atk": 31, "def": 31, "spa": 31, "spd": 31, "spe": 31}, "item": "Assault Vest", "teraType": "Fairy", "role": "AV Pivot", "bvs": {"hp": 57, "atk": 90, "def": 95, "spa": 136, "spd": 103, "spe": 29}, "stats": {"hp": 236, "atk": 202, "def": 210, "spa": 280, "spd": 224, "spe": 98}}, "Urshifu": {"name": "Urshifu", "species": "Urshifu-Rapid-Strike", "speciesId": "urshifurapidstrike", "gender": "M", "shiny": false, "level": 75, "moves": ["swordsdance", "closecombat", "aquajet", "surgingstrikes"], "ability": "Unseen Fist", "evs": {"hp": 85, "atk": 85, "def": 85, "spa": 85, "spd": 85, "spe": 85}, "ivs": {"hp": 31, "atk": 31, "def": 31, "spa": 31, "spd": 31, "spe": 31}, "item": "Life Orb", "teraType": "Water", "role": "Fast Attacker", "bvs": {"hp": 100, "atk": 130, "def": 100, "spa": 63, "spd": 60, "spe": 97}, "stats": {"hp": 274, "atk": 239, "def": 194, "spa": 138, "spd": 134, "spe": 189}}}, {"Tyranitar": {"name": "Tyranitar", "species": "Tyranitar", "speciesId": "tyranitar", "gender": "F", "shiny": false, "level": 78, "moves": ["icepunch", "dragondance", "knockoff", "stoneedge"], "ability": "Sand Stream", "evs": {"hp": 85, "atk": 85, "def": 85, "spa": 85, "spd": 85, "spe": 85}, "ivs": {"hp": 31, "atk": 31, "def": 31, "spa": 31, "spd": 31, "spe": 31}, "item": "Weakness Policy", "teraType": "Ghost", "role": "Bulky Setup", "bvs": {"hp": 100, "atk": 134, "def": 110, "spa": 95, "spd": 100, "spe": 61}, "stats": {"hp": 284, "atk": 254, "def": 217, "spa": 193, "spd": 201, "spe": 140}}, "Lurantis": {"name": "Lurantis", "species": "Lurantis", "speciesId": "lurantis", "gender": "M", "shiny": false, "level": 87, "moves": ["knockoff", "leafstorm", "leechlife", "superpower"], "ability": "Contrary", "evs": {"hp": 85, "atk": 85, "def": 85, "spa": 85, "spd": 85, "spe": 85}, "ivs": {"hp": 31, "atk": 31, "def": 31, "spa": 31, "spd": 31, "spe": 31}, "item": "Assault Vest", "teraType": "Water", "role": "AV Pivot", "bvs": {"hp": 70, "atk": 105, "def": 90, "spa": 80, "spd": 90, "spe": 45}, "stats": {"hp": 264, "atk": 232, "def": 206, "spa": 189, "spd": 206, "spe": 128}}, "Swampert": {"name": "Swampert", "species": "Swampert", "speciesId": "swampert", "gender": "F", "shiny": false, "level": 83, "moves": ["icebeam", "stealthrock", "earthquake", "knockoff"], "ability": "Damp", "evs": {"hp": 85, "atk": 85, "def": 85, "spa": 85, "spd": 85, "spe": 85}, "ivs": {"hp": 31, "atk": 31, "def": 31, "spa": 31, "spd": 31, "spe": 31}, "item": "Leftovers", "teraType": "Poison", "role": "Bulky Support", "bvs": {"hp": 100, "atk": 110, "def": 90, "spa": 85, "spd": 90, "spe": 60}, "stats": {"hp": 302, "atk": 230, "def": 197, "spa": 189, "spd": 197, "spe": 147}}, "Minior": {"name": "Minior", "species": "Minior-Blue", "speciesId": "minior", "gender": "N", "shiny": false, "level": 79, "moves": ["earthquake", "powergem", "acrobatics", "shellsmash"], "ability": "Shields Down", "evs": {"hp": 85, "atk": 85, "def": 85, "spa": 85, "spd": 85, "spe": 85}, "ivs": {"hp": 31, "atk": 31, "def": 31, "spa": 31, "spd": 31, "spe": 31}, "item": "White Herb", "teraType": "Steel", "role": "Setup Sweeper", "bvs": {"hp": 60, "atk": 100, "def": 60, "spa": 100, "spd": 60, "spe": 120}, "stats": {"hp": 224, "atk": 204, "def": 140, "spa": 204, "spd": 140, "spe": 235}}, "Decidueye": {"name": "Decidueye", "species": "Decidueye-Hisui", "speciesId": "decidueyehisui", "gender": "M", "shiny": false, "level": 87, "moves": ["triplearrows", "knockoff", "leafblade", "roost"], "ability": "Scrappy", "evs": {"hp": 85, "atk": 85, "def": 85, "spa": 85, "spd": 85, "spe": 85}, "ivs": {"hp": 31, "atk": 31, "def": 31, "spa": 31, "spd": 31, "spe": 31}, "item": "Leftovers", "teraType": "Steel", "role": "Bulky Attacker", "bvs": {"hp": 88, "atk": 112, "def": 80, "spa": 95, "spd": 95, "spe": 60}, "stats": {"hp": 295, "atk": 245, "def": 189, "spa": 215, "spd": 215, "spe": 154}}, "Tauros": {"name": "Tauros", "species": "Tauros", "speciesId": "tauros", "gender": "M", "shiny": false, "level": 82, "moves": ["bodyslam", "closecombat", "earthquake", "throatchop"], "ability": "Sheer Force", "evs": {"hp": 85, "atk": 85, "def": 85, "spa": 85, "spd": 85, "spe": 85}, "ivs": {"hp": 31, "atk": 31, "def": 31, "spa": 31, "spd": 31, "spe": 31}, "item": "Life Orb", "teraType": "Ground", "role": "Fast Attacker", "bvs": {"hp": 75, "atk": 100, "def": 95, "spa": 40, "spd": 70, "spe": 110}, "stats": {"hp": 257, "atk": 211, "def": 203, "spa": 113, "spd": 162, "spe": 228}}}]}