{"id": "gen9randombattle-2631668597", "format": "[Gen 9] Random Battle", "players": ["yes eye on1", "who's jellies?"], "log": "|j|\u2606yes eye on1\n|j|\u2606who's jellies?\n|t:|1781418265\n|gametype|singles\n|player|p1|yes eye on1|266|1312\n|player|p2|who's jellies?|swimmer|1359\n|gen|9\n|tier|[Gen 9] Random Battle\n|rated|\n|rule|Species Clause: Limit one of each Pok\u00e9mon\n|rule|HP Percentage Mod: HP is shown in percentages\n|rule|Sleep Clause Mod: Limit one foe put to sleep\n|rule|Illusion Level Mod: Illusion disguises the Pok\u00e9mon's true level\n|\n|t:|1781418265\n|teamsize|p1|6\n|teamsize|p2|6\n|start\n|switch|p1a: Honchkrow|Honchkrow, L86, F|312/312\n|switch|p2a: Ceruledge|Ceruledge, L78, F|245/245\n|turn|1\n|inactive|Battle timer is ON: inactive players will automatically lose when time's up. (requested by who's jellies?)\n|\n|t:|1781418284\n|move|p2a: Ceruledge|Bitter Blade|p1a: Honchkrow\n|-damage|p1a: Honchkrow|167/312\n|move|p1a: Honchkrow|Brave Bird|p2a: Ceruledge\n|-damage|p2a: Ceruledge|58/245\n|-ability|p2a: Ceruledge|Weak Armor|boost\n|-unboost|p2a: Ceruledge|def|1\n|-boost|p2a: Ceruledge|spe|2\n|-damage|p1a: Honchkrow|105/312|[from] Recoil\n|\n|upkeep\n|turn|2\n|\n|t:|1781418302\n|move|p2a: Ceruledge|Shadow Sneak|p1a: Honchkrow\n|-resisted|p1a: Honchkrow\n|-damage|p1a: Honchkrow|73/312\n|move|p1a: Honchkrow|Sucker Punch||[still]\n|-fail|p1a: Honchkrow\n|\n|upkeep\n|turn|3\n|\n|t:|1781418317\n|move|p1a: Honchkrow|Sucker Punch|p2a: Ceruledge\n|-supereffective|p2a: Ceruledge\n|-damage|p2a: Ceruledge|0 fnt\n|faint|p2a: Ceruledge\n|-ability|p1a: Honchkrow|Moxie|boost\n|-boost|p1a: Honchkrow|atk|1\n|\n|upkeep\n|\n|t:|1781418327\n|switch|p2a: Falinks|Falinks, L84|246/246\n|turn|4\n|\n|t:|1781418350\n|move|p2a: Falinks|Close Combat|p1a: Honchkrow\n|-damage|p1a: Honchkrow|0 fnt\n|-unboost|p2a: Falinks|def|1\n|-unboost|p2a: Falinks|spd|1\n|faint|p1a: Honchkrow\n|-damage|p2a: Falinks|222/246|[from] item: Life Orb\n|\n|upkeep\n|\n|t:|1781418360\n|switch|p1a: Deoxys|Deoxys-Defense, L84|221/221\n|-ability|p1a: Deoxys|Pressure\n|turn|5\n|\n|t:|1781418376\n|-terastallize|p2a: Falinks|Dark\n|move|p1a: Deoxys|Psychic Noise|p2a: Falinks\n|-immune|p2a: Falinks\n|move|p2a: Falinks|No Retreat|p2a: Falinks\n|-boost|p2a: Falinks|atk|1\n|-boost|p2a: Falinks|def|1\n|-boost|p2a: Falinks|spa|1\n|-boost|p2a: Falinks|spd|1\n|-boost|p2a: Falinks|spe|1\n|-start|p2a: Falinks|move: No Retreat\n|\n|upkeep\n|turn|6\n|\n|t:|1781418392\n|move|p2a: Falinks|Knock Off|p1a: Deoxys\n|-supereffective|p1a: Deoxys\n|-damage|p1a: Deoxys|0 fnt\n|-damage|p2a: Falinks|181/246|[from] item: Rocky Helmet|[of] p1a: Deoxys\n|-enditem|p1a: Deoxys|Rocky Helmet|[from] move: Knock Off|[of] p2a: Falinks\n|faint|p1a: Deoxys\n|-damage|p2a: Falinks|157/246|[from] item: Life Orb\n|\n|upkeep\n|\n|t:|1781418402\n|switch|p1a: Tinkaton|Tinkaton, L82, F|274/274\n|-ability|p1a: Tinkaton|Mold Breaker\n|turn|7\n|\n|t:|1781418409\n|move|p2a: Falinks|Iron Head|p1a: Tinkaton\n|-damage|p1a: Tinkaton|152/274\n|-damage|p2a: Falinks|133/246|[from] item: Life Orb\n|move|p1a: Tinkaton|Play Rough|p2a: Falinks\n|-supereffective|p2a: Falinks\n|-damage|p2a: Falinks|0 fnt\n|faint|p2a: Falinks\n|\n|-heal|p1a: Tinkaton|169/274|[from] item: Leftovers\n|upkeep\n|\n|t:|1781418424\n|switch|p2a: Blaziken|Blaziken, L76, M|247/247\n|turn|8\n|\n|t:|1781418439\n|move|p2a: Blaziken|Protect|p2a: Blaziken\n|-singleturn|p2a: Blaziken|Protect\n|move|p1a: Tinkaton|Play Rough|p2a: Blaziken\n|-activate|p2a: Blaziken|move: Protect\n|\n|-heal|p1a: Tinkaton|186/274|[from] item: Leftovers\n|-ability|p2a: Blaziken|Speed Boost|boost\n|-boost|p2a: Blaziken|spe|1\n|upkeep\n|turn|9\n|\n|t:|1781418449\n|move|p2a: Blaziken|Flare Blitz|p1a: Tinkaton\n|-supereffective|p1a: Tinkaton\n|-damage|p1a: Tinkaton|0 fnt\n|faint|p1a: Tinkaton\n|-damage|p2a: Blaziken|186/247|[from] Recoil\n|-damage|p2a: Blaziken|162/247|[from] item: Life Orb\n|\n|-ability|p2a: Blaziken|Speed Boost|boost\n|-boost|p2a: Blaziken|spe|1\n|upkeep\n|\n|t:|1781418463\n|switch|p1a: Arceus|Arceus-Fairy, L69|280/280\n|turn|10\n|\n|t:|1781418467\n|move|p2a: Blaziken|Flare Blitz|p1a: Arceus\n|-damage|p1a: Arceus|127/280\n|-damage|p2a: Blaziken|112/247|[from] Recoil\n|-damage|p2a: Blaziken|88/247|[from] item: Life Orb\n|move|p1a: Arceus|Judgment|p2a: Blaziken\n|-damage|p2a: Blaziken|0 fnt\n|faint|p2a: Blaziken\n|\n|upkeep\n|\n|t:|1781418481\n|switch|p2a: Cinccino|Cinccino, L83, M|260/260\n|turn|11\n|\n|t:|1781418487\n|move|p2a: Cinccino|Tail Slap|p1a: Arceus\n|-damage|p1a: Arceus|93/280\n|-damage|p1a: Arceus|54/280\n|-damage|p1a: Arceus|18/280\n|-damage|p1a: Arceus|0 fnt\n|faint|p1a: Arceus\n|-hitcount|p1: Arceus|4\n|\n|upkeep\n|\n|t:|1781418493\n|switch|p1a: Brute Bonnet|Brute Bonnet, L80|309/309\n|turn|12\n|\n|t:|1781418503\n|move|p2a: Cinccino|Triple Axel|p1a: Brute Bonnet\n|-supereffective|p1a: Brute Bonnet\n|-damage|p1a: Brute Bonnet|263/309\n|-supereffective|p1a: Brute Bonnet\n|-damage|p1a: Brute Bonnet|177/309\n|-supereffective|p1a: Brute Bonnet\n|-damage|p1a: Brute Bonnet|55/309\n|-hitcount|p1a: Brute Bonnet|3\n|move|p1a: Brute Bonnet|Close Combat|p2a: Cinccino\n|-supereffective|p2a: Cinccino\n|-damage|p2a: Cinccino|18/260\n|-unboost|p1a: Brute Bonnet|def|1\n|-unboost|p1a: Brute Bonnet|spd|1\n|\n|-heal|p1a: Brute Bonnet|74/309|[from] item: Leftovers\n|upkeep\n|turn|13\n|\n|t:|1781418519\n|switch|p2a: Zangoose|Zangoose, L85, M|263/263\n|move|p1a: Brute Bonnet|Sucker Punch||[still]\n|-fail|p1a: Brute Bonnet\n|\n|-heal|p1a: Brute Bonnet|93/309|[from] item: Leftovers\n|-status|p2a: Zangoose|tox|[from] item: Toxic Orb\n|upkeep\n|turn|14\n|\n|t:|1781418531\n|move|p1a: Brute Bonnet|Sucker Punch|p2a: Zangoose\n|-damage|p2a: Zangoose|157/263 tox\n|move|p2a: Zangoose|Facade|p1a: Brute Bonnet\n|-damage|p1a: Brute Bonnet|0 fnt\n|faint|p1a: Brute Bonnet\n|-end|p1a: Brute Bonnet|Protosynthesis|[silent]\n|\n|-damage|p2a: Zangoose|141/263 tox|[from] psn\n|upkeep\n|\n|t:|1781418536\n|switch|p1a: Blissey|Blissey, L85, F|572/572\n|turn|15\n|\n|t:|1781418544\n|-terastallize|p1a: Blissey|Fairy\n|move|p2a: Zangoose|Facade|p1a: Blissey\n|-damage|p1a: Blissey|0 fnt\n|faint|p1a: Blissey\n|\n|win|who's jellies?\n|raw|yes eye on1's rating: 1312 &rarr; <strong>1295</strong><br />(-17 for losing)\n|raw|who&apos;s jellies?'s rating: 1359 &rarr; <strong>1376</strong><br />(+17 for winning)\n|l|\u2606yes eye on1\n|player|p1|\n", "inputlog": ">version a8376a258c1d4662feba110a92103f3664a72141\n>start {\"formatid\":\"gen9randombattle\",\"seed\":\"sodium,e0e67c0effddde7eb17763d562c82623\",\"rated\":\"Rated battle\"}\n>player p1 {\"name\":\"yes eye on1\",\"avatar\":\"266\",\"rating\":1312,\"seed\":\"sodium,64471b05705ea02f949de9e2adac8b86\"}\n>player p2 {\"name\":\"who's jellies?\",\"avatar\":\"swimmer\",\"rating\":1359,\"seed\":\"sodium,88fec566cb61c5608610fcd6d4515a5a\"}\n>p1 move bravebird\n>p2 move bitterblade\n>p1 move suckerpunch\n>p2 move shadowsneak\n>p1 move suckerpunch\n>p2 move bitterblade\n>p2 switch 3\n>p1 move bravebird\n>p2 move closecombat\n>p1 switch 4\n>p1 move psychicnoise\n>p2 move noretreat terastallize\n>p1 move spikes\n>p2 move knockoff\n>p1 switch 6\n>p1 move playrough\n>p2 move ironhead\n>p2 switch 4\n>p1 move playrough\n>p2 move protect\n>p1 move playrough\n>p2 move flareblitz\n>p1 switch 2\n>p1 move judgment\n>p2 move flareblitz\n>p2 switch 2\n>p1 move recover\n>p2 move tailslap\n>p1 switch 5\n>p1 move closecombat\n>p2 move tripleaxel\n>p1 move suckerpunch\n>p2 switch 6\n>p1 move suckerpunch\n>p2 move facade\n>p1 switch 3\n>p1 move seismictoss terastallize\n>p2 move facade", "uploadtime": 1781418558, "views": 7, "formatid": "gen9randombattle", "rating": 1295, "private": 0, "password": null, "player_dets": [{"name": "yes eye on1", "avatar": "266", "rating": 1312, "seed": "sodium,64471b05705ea02f949de9e2adac8b86"}, {"name": "who's jellies?", "avatar": "swimmer", "rating": 1359, "seed": "sodium,88fec566cb61c5608610fcd6d4515a5a"}], "teams_full": [{"Honchkrow": {"name": "Honchkrow", "species": "Honchkrow", "speciesId": "honchkrow", "gender": "F", "shiny": false, "level": 86, "moves": ["suckerpunch", "uturn", "heatwave", "bravebird"], "ability": "Moxie", "evs": {"hp": 85, "atk": 85, "def": 85, "spa": 85, "spd": 85, "spe": 85}, "ivs": {"hp": 31, "atk": 31, "def": 31, "spa": 31, "spd": 31, "spe": 31}, "item": "Heavy-Duty Boots", "teraType": "Dark", "role": "Fast Attacker", "bvs": {"hp": 100, "atk": 125, "def": 52, "spa": 105, "spd": 52, "spe": 71}, "stats": {"hp": 312, "atk": 264, "def": 139, "spa": 230, "spd": 139, "spe": 171}, "types": ["Dark", "Flying"]}, "Arceus": {"name": "Arceus", "species": "Arceus-Fairy", "speciesId": "arceusfairy", "gender": "N", "shiny": false, "level": 69, "moves": ["earthpower", "calmmind", "judgment", "recover"], "ability": "Multitype", "evs": {"hp": 85, "atk": 0, "def": 85, "spa": 85, "spd": 85, "spe": 85}, "ivs": {"hp": 31, "atk": 0, "def": 31, "spa": 31, "spd": 31, "spe": 31}, "item": "Pixie Plate", "teraType": "Steel", "role": "Bulky Setup", "bvs": {"hp": 120, "atk": 120, "def": 120, "spa": 120, "spd": 120, "spe": 120}, "stats": {"hp": 280, "atk": 170, "def": 206, "spa": 206, "spd": 206, "spe": 206}, "types": ["Fairy"]}, "Blissey": {"name": "Blissey", "species": "Blissey", "speciesId": "blissey", "gender": "F", "shiny": false, "level": 85, "moves": ["softboiled", "seismictoss", "thunderwave", "stealthrock"], "ability": "Natural Cure", "evs": {"hp": 85, "atk": 0, "def": 85, "spa": 85, "spd": 85, "spe": 85}, "ivs": {"hp": 31, "atk": 0, "def": 31, "spa": 31, "spd": 31, "spe": 31}, "item": "Leftovers", "teraType": "Fairy", "role": "Bulky Support", "bvs": {"hp": 255, "atk": 10, "def": 10, "spa": 75, "spd": 135, "spe": 55}, "stats": {"hp": 572, "atk": 22, "def": 66, "spa": 176, "spd": 278, "spe": 142}, "types": ["Normal"]}, "Deoxys": {"name": "Deoxys", "species": "Deoxys-Defense", "speciesId": "deoxysdefense", "gender": "N", "shiny": false, "level": 84, "moves": ["recover", "spikes", "knockoff", "psychicnoise"], "ability": "Pressure", "evs": {"hp": 85, "atk": 85, "def": 85, "spa": 85, "spd": 85, "spe": 85}, "ivs": {"hp": 31, "atk": 31, "def": 31, "spa": 31, "spd": 31, "spe": 31}, "item": "Rocky Helmet", "teraType": "Fairy", "role": "Bulky Support", "bvs": {"hp": 50, "atk": 70, "def": 160, "spa": 70, "spd": 160, "spe": 90}, "stats": {"hp": 221, "atk": 166, "def": 317, "spa": 166, "spd": 317, "spe": 199}, "types": ["Psychic"]}, "Brute Bonnet": {"name": "Brute Bonnet", "species": "Brute Bonnet", "speciesId": "brutebonnet", "gender": "N", "shiny": false, "level": 80, "moves": ["suckerpunch", "crunch", "spore", "closecombat"], "ability": "Protosynthesis", "evs": {"hp": 85, "atk": 85, "def": 85, "spa": 85, "spd": 85, "spe": 85}, "ivs": {"hp": 31, "atk": 31, "def": 31, "spa": 31, "spd": 31, "spe": 31}, "item": "Leftovers", "teraType": "Fighting", "role": "Bulky Attacker", "bvs": {"hp": 111, "atk": 127, "def": 99, "spa": 79, "spd": 99, "spe": 55}, "stats": {"hp": 309, "atk": 249, "def": 205, "spa": 173, "spd": 205, "spe": 134}, "types": ["Grass", "Dark"]}, "Tinkaton": {"name": "Tinkaton", "species": "Tinkaton", "speciesId": "tinkaton", "gender": "F", "shiny": false, "level": 82, "moves": ["gigatonhammer", "swordsdance", "playrough", "knockoff"], "ability": "Mold Breaker", "evs": {"hp": 85, "atk": 85, "def": 85, "spa": 85, "spd": 85, "spe": 85}, "ivs": {"hp": 31, "atk": 31, "def": 31, "spa": 31, "spd": 31, "spe": 31}, "item": "Leftovers", "teraType": "Steel", "role": "Bulky Setup", "bvs": {"hp": 85, "atk": 75, "def": 77, "spa": 70, "spd": 105, "spe": 94}, "stats": {"hp": 274, "atk": 170, "def": 173, "spa": 162, "spd": 219, "spe": 201}, "types": ["Fairy", "Steel"]}}, {"Ceruledge": {"name": "Ceruledge", "species": "Ceruledge", "speciesId": "ceruledge", "gender": "F", "shiny": false, "level": 78, "moves": ["poltergeist", "shadowsneak", "bitterblade", "swordsdance"], "ability": "Weak Armor", "evs": {"hp": 85, "atk": 85, "def": 85, "spa": 85, "spd": 85, "spe": 85}, "ivs": {"hp": 31, "atk": 31, "def": 31, "spa": 31, "spd": 31, "spe": 31}, "item": "Heavy-Duty Boots", "teraType": "Ghost", "role": "Setup Sweeper", "bvs": {"hp": 75, "atk": 125, "def": 80, "spa": 60, "spd": 100, "spe": 85}, "stats": {"hp": 245, "atk": 240, "def": 170, "spa": 139, "spd": 201, "spe": 178}, "types": ["Fire", "Ghost"]}, "Cinccino": {"name": "Cinccino", "species": "Cinccino", "speciesId": "cinccino", "gender": "M", "shiny": false, "level": 83, "moves": ["bulletseed", "tailslap", "tidyup", "tripleaxel"], "ability": "Technician", "evs": {"hp": 85, "atk": 85, "def": 85, "spa": 85, "spd": 85, "spe": 85}, "ivs": {"hp": 31, "atk": 31, "def": 31, "spa": 31, "spd": 31, "spe": 31}, "item": "Loaded Dice", "teraType": "Grass", "role": "Fast Attacker", "bvs": {"hp": 75, "atk": 95, "def": 60, "spa": 65, "spd": 60, "spe": 115}, "stats": {"hp": 260, "atk": 205, "def": 147, "spa": 156, "spd": 147, "spe": 239}, "types": ["Normal"]}, "Falinks": {"name": "Falinks", "species": "Falinks", "speciesId": "falinks", "gender": "N", "shiny": false, "level": 84, "moves": ["ironhead", "closecombat", "knockoff", "noretreat"], "ability": "Defiant", "evs": {"hp": 85, "atk": 85, "def": 85, "spa": 85, "spd": 85, "spe": 85}, "ivs": {"hp": 31, "atk": 31, "def": 31, "spa": 31, "spd": 31, "spe": 31}, "item": "Life Orb", "teraType": "Dark", "role": "Setup Sweeper", "bvs": {"hp": 65, "atk": 100, "def": 100, "spa": 70, "spd": 60, "spe": 75}, "stats": {"hp": 246, "atk": 216, "def": 216, "spa": 166, "spd": 149, "spe": 174}, "types": ["Fighting"]}, "Blaziken": {"name": "Blaziken", "species": "Blaziken", "speciesId": "blaziken", "gender": "M", "shiny": false, "level": 76, "moves": ["flareblitz", "swordsdance", "protect", "closecombat"], "ability": "Speed Boost", "evs": {"hp": 85, "atk": 85, "def": 85, "spa": 85, "spd": 85, "spe": 85}, "ivs": {"hp": 31, "atk": 31, "def": 31, "spa": 31, "spd": 31, "spe": 31}, "item": "Life Orb", "teraType": "Fighting", "role": "Setup Sweeper", "bvs": {"hp": 80, "atk": 120, "def": 70, "spa": 110, "spd": 70, "spe": 80}, "stats": {"hp": 247, "atk": 226, "def": 150, "spa": 211, "spd": 150, "spe": 166}, "types": ["Fire", "Fighting"]}, "Minior": {"name": "Minior", "species": "Minior", "speciesId": "minior", "gender": "N", "shiny": false, "level": 79, "moves": ["powergem", "shellsmash", "earthquake", "acrobatics"], "ability": "Shields Down", "evs": {"hp": 85, "atk": 85, "def": 85, "spa": 85, "spd": 85, "spe": 85}, "ivs": {"hp": 31, "atk": 31, "def": 31, "spa": 31, "spd": 31, "spe": 31}, "item": "White Herb", "teraType": "Ground", "role": "Setup Sweeper", "bvs": {"hp": 60, "atk": 100, "def": 60, "spa": 100, "spd": 60, "spe": 120}, "stats": {"hp": 224, "atk": 204, "def": 140, "spa": 204, "spd": 140, "spe": 235}, "types": ["Rock", "Flying"]}, "Zangoose": {"name": "Zangoose", "species": "Zangoose", "speciesId": "zangoose", "gender": "M", "shiny": false, "level": 85, "moves": ["closecombat", "knockoff", "facade", "swordsdance"], "ability": "Toxic Boost", "evs": {"hp": 85, "atk": 85, "def": 85, "spa": 85, "spd": 85, "spe": 85}, "ivs": {"hp": 31, "atk": 31, "def": 31, "spa": 31, "spd": 31, "spe": 31}, "item": "Toxic Orb", "teraType": "Normal", "role": "Fast Attacker", "bvs": {"hp": 73, "atk": 115, "def": 60, "spa": 60, "spd": 60, "spe": 90}, "stats": {"hp": 263, "atk": 244, "def": 151, "spa": 151, "spd": 151, "spe": 202}, "types": ["Normal"]}}]}