{"id": "gen9randombattle-2631585714", "format": "[Gen 9] Random Battle", "players": ["Keltus", "lastmu"], "log": "|j|\u2606Keltus\n|j|\u2606lastmu\n|t:|1781404871\n|gametype|singles\n|player|p1|Keltus|101|1495\n|player|p2|lastmu|1|1534\n|gen|9\n|tier|[Gen 9] Random Battle\n|rated|\n|rule|Species Clause: Limit one of each Pok\u00e9mon\n|rule|HP Percentage Mod: HP is shown in percentages\n|rule|Sleep Clause Mod: Limit one foe put to sleep\n|rule|Illusion Level Mod: Illusion disguises the Pok\u00e9mon's true level\n|\n|t:|1781404871\n|teamsize|p1|6\n|teamsize|p2|6\n|start\n|switch|p1a: Bruxish|Bruxish, L85, F|254/254\n|switch|p2a: Koraidon|Koraidon, L64|235/235\n|-weather|SunnyDay|[from] ability: Orichalcum Pulse|[of] p2a: Koraidon\n|-activate|p2a: Koraidon|Orichalcum Pulse|[source]\n|turn|1\n|\n|t:|1781404886\n|switch|p2a: Magnezone|Magnezone, L85|258/258\n|move|p1a: Bruxish|Psychic Fangs|p2a: Magnezone\n|-resisted|p2a: Magnezone\n|-damage|p2a: Magnezone|198/258\n|\n|-weather|SunnyDay|[upkeep]\n|-heal|p2a: Magnezone|214/258|[from] item: Leftovers\n|upkeep\n|turn|2\n|\n|t:|1781404898\n|switch|p1a: Oinkologne|Oinkologne, L92, M|352/352\n|move|p2a: Magnezone|Iron Defense|p2a: Magnezone\n|-boost|p2a: Magnezone|def|2\n|\n|-weather|SunnyDay|[upkeep]\n|-heal|p2a: Magnezone|230/258|[from] item: Leftovers\n|upkeep\n|turn|3\n|\n|t:|1781404908\n|-terastallize|p2a: Magnezone|Fighting\n|move|p1a: Oinkologne|High Horsepower|p2a: Magnezone\n|-damage|p2a: Magnezone|196/258\n|move|p2a: Magnezone|Iron Defense|p2a: Magnezone\n|-boost|p2a: Magnezone|def|2\n|\n|-weather|SunnyDay|[upkeep]\n|-heal|p2a: Magnezone|212/258|[from] item: Leftovers\n|upkeep\n|turn|4\n|\n|t:|1781404928\n|move|p1a: Oinkologne|Double-Edge|p2a: Magnezone\n|-damage|p2a: Magnezone|170/258\n|-damage|p1a: Oinkologne|338/352|[from] Recoil\n|move|p2a: Magnezone|Body Press|p1a: Oinkologne\n|-supereffective|p1a: Oinkologne\n|-damage|p1a: Oinkologne|0 fnt\n|faint|p1a: Oinkologne\n|\n|-weather|SunnyDay|[upkeep]\n|-heal|p2a: Magnezone|186/258|[from] item: Leftovers\n|upkeep\n|\n|t:|1781404942\n|switch|p1a: Grafaiai|Grafaiai, L86, F|249/249\n|turn|5\n|\n|t:|1781404946\n|move|p1a: Grafaiai|Knock Off|p2a: Magnezone\n|-resisted|p2a: Magnezone\n|-damage|p2a: Magnezone|177/258\n|-enditem|p2a: Magnezone|Leftovers|[from] move: Knock Off|[of] p1a: Grafaiai\n|move|p2a: Magnezone|Body Press|p1a: Grafaiai\n|-damage|p1a: Grafaiai|0 fnt\n|faint|p1a: Grafaiai\n|\n|-weather|none\n|upkeep\n|\n|t:|1781404951\n|switch|p1a: Eiscue|Eiscue, L88, M|274/274\n|turn|6\n|\n|t:|1781404954\n|move|p2a: Magnezone|Thunderbolt|p1a: Eiscue\n|-damage|p1a: Eiscue|156/274\n|move|p1a: Eiscue|Belly Drum|p1a: Eiscue\n|-damage|p1a: Eiscue|19/274\n|-setboost|p1a: Eiscue|atk|6|[from] move: Belly Drum\n|-enditem|p1a: Eiscue|Sitrus Berry|[eat]\n|-heal|p1a: Eiscue|87/274|[from] item: Sitrus Berry\n|\n|upkeep\n|turn|7\n|\n|t:|1781404962\n|-terastallize|p1a: Eiscue|Ground\n|move|p2a: Magnezone|Thunderbolt|p1a: Eiscue\n|-immune|p1a: Eiscue\n|move|p1a: Eiscue|Liquidation|p2a: Magnezone\n|-damage|p2a: Magnezone|120/258\n|\n|upkeep\n|turn|8\n|\n|t:|1781404973\n|move|p2a: Magnezone|Flash Cannon|p1a: Eiscue\n|-damage|p1a: Eiscue|0 fnt\n|faint|p1a: Eiscue\n|\n|upkeep\n|inactive|Battle timer is ON: inactive players will automatically lose when time's up. (requested by lastmu)\n|\n|t:|1781404985\n|switch|p1a: Decidueye|Decidueye-Hisui, L87, M|295/295\n|turn|9\n|\n|t:|1781404993\n|move|p1a: Decidueye|Triple Arrows|p2a: Magnezone\n|-damage|p2a: Magnezone|87/258\n|move|p2a: Magnezone|Body Press|p1a: Decidueye\n|-damage|p1a: Decidueye|0 fnt\n|faint|p1a: Decidueye\n|\n|upkeep\n|\n|t:|1781404998\n|switch|p1a: Floatzel|Floatzel, L86, M|286/286\n|turn|10\n|\n|t:|1781405002\n|move|p1a: Floatzel|Wave Crash|p2a: Magnezone\n|-crit|p2a: Magnezone\n|-damage|p2a: Magnezone|0 fnt\n|faint|p2a: Magnezone\n|-damage|p1a: Floatzel|257/286|[from] Recoil\n|\n|-heal|p1a: Floatzel|274/286|[from] item: Leftovers\n|upkeep\n|\n|t:|1781405010\n|switch|p2a: Koraidon|Koraidon, L64|235/235\n|-weather|SunnyDay|[from] ability: Orichalcum Pulse|[of] p2a: Koraidon\n|-activate|p2a: Koraidon|Orichalcum Pulse|[source]\n|turn|11\n|\n|t:|1781405020\n|switch|p2a: Sawsbuck|Sawsbuck-Summer, L88, M|284/284\n|move|p1a: Floatzel|Bulk Up|p1a: Floatzel\n|-boost|p1a: Floatzel|atk|1\n|-boost|p1a: Floatzel|def|1\n|\n|-weather|SunnyDay|[upkeep]\n|-heal|p1a: Floatzel|286/286|[from] item: Leftovers\n|upkeep\n|turn|12\n|\n|t:|1781405025\n|move|p1a: Floatzel|Bulk Up|p1a: Floatzel\n|-boost|p1a: Floatzel|atk|1\n|-boost|p1a: Floatzel|def|1\n|move|p2a: Sawsbuck|Swords Dance|p2a: Sawsbuck\n|-boost|p2a: Sawsbuck|atk|2\n|\n|-weather|SunnyDay|[upkeep]\n|upkeep\n|turn|13\n|\n|t:|1781405027\n|move|p1a: Floatzel|Ice Spinner|p2a: Sawsbuck\n|-supereffective|p2a: Sawsbuck\n|-damage|p2a: Sawsbuck|0 fnt\n|faint|p2a: Sawsbuck\n|\n|-weather|SunnyDay|[upkeep]\n|upkeep\n|\n|t:|1781405034\n|switch|p2a: Emboar|Emboar, L84, F|322/322\n|turn|14\n|\n|t:|1781405046\n|move|p1a: Floatzel|Bulk Up|p1a: Floatzel\n|-boost|p1a: Floatzel|atk|1\n|-boost|p1a: Floatzel|def|1\n|move|p2a: Emboar|Flare Blitz|p1a: Floatzel\n|-resisted|p1a: Floatzel\n|-damage|p1a: Floatzel|208/286\n|-damage|p2a: Emboar|296/322|[from] Recoil\n|\n|-weather|SunnyDay|[upkeep]\n|-heal|p1a: Floatzel|225/286|[from] item: Leftovers\n|-heal|p2a: Emboar|316/322|[from] item: Leftovers\n|upkeep\n|turn|15\n|\n|t:|1781405050\n|move|p1a: Floatzel|Bulk Up|p1a: Floatzel\n|-boost|p1a: Floatzel|atk|1\n|-boost|p1a: Floatzel|def|1\n|move|p2a: Emboar|Trailblaze|p1a: Floatzel\n|-supereffective|p1a: Floatzel\n|-damage|p1a: Floatzel|185/286\n|-boost|p2a: Emboar|spe|1\n|\n|-weather|none\n|-heal|p1a: Floatzel|202/286|[from] item: Leftovers\n|-heal|p2a: Emboar|322/322|[from] item: Leftovers\n|upkeep\n|turn|16\n|\n|t:|1781405057\n|move|p1a: Floatzel|Wave Crash|p2a: Emboar\n|-supereffective|p2a: Emboar\n|-damage|p2a: Emboar|0 fnt\n|faint|p2a: Emboar\n|-damage|p1a: Floatzel|96/286|[from] Recoil\n|\n|-heal|p1a: Floatzel|113/286|[from] item: Leftovers\n|upkeep\n|\n|t:|1781405062\n|switch|p2a: Registeel|Registeel, L81|262/262\n|turn|17\n|\n|t:|1781405069\n|move|p1a: Floatzel|Wave Crash|p2a: Registeel\n|-damage|p2a: Registeel|0 fnt\n|faint|p2a: Registeel\n|-damage|p1a: Floatzel|27/286|[from] Recoil\n|\n|-heal|p1a: Floatzel|44/286|[from] item: Leftovers\n|upkeep\n|\n|t:|1781405072\n|switch|p2a: Sandaconda|Sandaconda, L84, F|258/258\n|turn|18\n|\n|t:|1781405076\n|move|p1a: Floatzel|Ice Spinner|p2a: Sandaconda\n|-supereffective|p2a: Sandaconda\n|-damage|p2a: Sandaconda|0 fnt\n|faint|p2a: Sandaconda\n|\n|-heal|p1a: Floatzel|61/286|[from] item: Leftovers\n|upkeep\n|\n|t:|1781405079\n|switch|p2a: Koraidon|Koraidon, L64|235/235\n|-weather|SunnyDay|[from] ability: Orichalcum Pulse|[of] p2a: Koraidon\n|-activate|p2a: Koraidon|Orichalcum Pulse|[source]\n|turn|19\n|\n|t:|1781405084\n|move|p1a: Floatzel|Ice Spinner|p2a: Koraidon\n|-supereffective|p2a: Koraidon\n|-damage|p2a: Koraidon|0 fnt\n|faint|p2a: Koraidon\n|\n|win|Keltus\n|raw|Keltus's rating: 1495 &rarr; <strong>1517</strong><br />(+22 for winning)\n|raw|lastmu's rating: 1534 &rarr; <strong>1512</strong><br />(-22 for losing)\n|l|\u2606lastmu\n|player|p2|\n", "inputlog": ">version a8376a258c1d4662feba110a92103f3664a72141\n>start {\"formatid\":\"gen9randombattle\",\"seed\":\"sodium,08826d6c46637d8dcd3bcc868de02289\",\"rated\":\"Rated battle\"}\n>player p1 {\"name\":\"Keltus\",\"avatar\":\"101\",\"rating\":1495,\"seed\":\"sodium,9041759bc551dfb86217a710718571e8\"}\n>player p2 {\"name\":\"lastmu\",\"avatar\":\"1\",\"rating\":1534,\"seed\":\"sodium,9857e9b91e4d1765d8f9247a78d5c48f\"}\n>p1 move psychicfangs\n>p2 switch 2\n>p1 switch 3\n>p2 move irondefense\n>p1 move highhorsepower\n>p2 move irondefense terastallize\n>p1 move doubleedge\n>p2 move bodypress\n>p1 switch 4\n>p1 move knockoff\n>p2 move bodypress\n>p1 switch 6\n>p1 move bellydrum\n>p2 move thunderbolt\n>p1 move liquidation terastallize\n>p2 move thunderbolt\n>p1 move icespinner\n>p2 move flashcannon\n>p1 switch 5\n>p1 move triplearrows\n>p2 move bodypress\n>p1 switch 2\n>p1 move wavecrash\n>p2 move bodypress\n>p2 switch 2\n>p1 move bulkup\n>p2 switch 3\n>p1 move bulkup\n>p2 move swordsdance\n>p1 move icespinner\n>p2 move hornleech\n>p2 switch 4\n>p1 move bulkup\n>p2 move flareblitz\n>p1 move bulkup\n>p2 move trailblaze\n>p1 move wavecrash\n>p2 move trailblaze\n>p2 switch 5\n>p1 move wavecrash\n>p2 move irondefense\n>p2 switch 6\n>p1 move icespinner\n>p2 move rest\n>p2 switch 3\n>p1 move icespinner\n>p2 move collisioncourse", "uploadtime": 1781405095, "views": 6, "formatid": "gen9randombattle", "rating": 1512, "private": 0, "password": null, "player_dets": [{"name": "Keltus", "avatar": "101", "rating": 1495, "seed": "sodium,9041759bc551dfb86217a710718571e8"}, {"name": "lastmu", "avatar": "1", "rating": 1534, "seed": "sodium,9857e9b91e4d1765d8f9247a78d5c48f"}], "teams_full": [{"Bruxish": {"name": "Bruxish", "species": "Bruxish", "speciesId": "bruxish", "gender": "F", "shiny": false, "level": 85, "moves": ["psychicfangs", "crunch", "icefang", "wavecrash"], "ability": "Strong Jaw", "evs": {"hp": 85, "atk": 85, "def": 85, "spa": 85, "spd": 85, "spe": 85}, "ivs": {"hp": 31, "atk": 31, "def": 31, "spa": 31, "spd": 31, "spe": 31}, "item": "Choice Scarf", "teraType": "Psychic", "role": "Fast Attacker", "bvs": {"hp": 68, "atk": 105, "def": 70, "spa": 70, "spd": 70, "spe": 92}, "stats": {"hp": 254, "atk": 227, "def": 168, "spa": 168, "spd": 168, "spe": 205}, "types": ["Water", "Psychic"]}, "Floatzel": {"name": "Floatzel", "species": "Floatzel", "speciesId": "floatzel", "gender": "M", "shiny": false, "level": 86, "moves": ["bulkup", "wavecrash", "icespinner", "taunt"], "ability": "Water Veil", "evs": {"hp": 85, "atk": 85, "def": 85, "spa": 85, "spd": 85, "spe": 85}, "ivs": {"hp": 31, "atk": 31, "def": 31, "spa": 31, "spd": 31, "spe": 31}, "item": "Leftovers", "teraType": "Steel", "role": "Bulky Setup", "bvs": {"hp": 85, "atk": 105, "def": 55, "spa": 85, "spd": 50, "spe": 115}, "stats": {"hp": 286, "atk": 230, "def": 144, "spa": 195, "spd": 135, "spe": 247}, "types": ["Water"]}, "Oinkologne": {"name": "Oinkologne", "species": "Oinkologne", "speciesId": "oinkologne", "gender": "M", "shiny": false, "level": 92, "moves": ["curse", "highhorsepower", "lashout", "doubleedge"], "ability": "Thick Fat", "evs": {"hp": 85, "atk": 85, "def": 85, "spa": 85, "spd": 85, "spe": 85}, "ivs": {"hp": 31, "atk": 31, "def": 31, "spa": 31, "spd": 31, "spe": 31}, "item": "Leftovers", "teraType": "Ground", "role": "Bulky Setup", "bvs": {"hp": 110, "atk": 100, "def": 75, "spa": 59, "spd": 80, "spe": 65}, "stats": {"hp": 352, "atk": 236, "def": 190, "spa": 161, "spd": 200, "spe": 172}, "types": ["Normal"]}, "Grafaiai": {"name": "Grafaiai", "species": "Grafaiai", "speciesId": "grafaiai", "gender": "F", "shiny": false, "level": 86, "moves": ["uturn", "knockoff", "superfang", "gunkshot"], "ability": "Poison Touch", "evs": {"hp": 85, "atk": 85, "def": 85, "spa": 85, "spd": 85, "spe": 85}, "ivs": {"hp": 31, "atk": 31, "def": 31, "spa": 31, "spd": 31, "spe": 31}, "item": "Assault Vest", "teraType": "Dark", "role": "AV Pivot", "bvs": {"hp": 63, "atk": 95, "def": 65, "spa": 80, "spd": 72, "spe": 110}, "stats": {"hp": 249, "atk": 213, "def": 161, "spa": 187, "spd": 173, "spe": 238}, "types": ["Poison", "Normal"]}, "Decidueye": {"name": "Decidueye", "species": "Decidueye-Hisui", "speciesId": "decidueyehisui", "gender": "M", "shiny": false, "level": 87, "moves": ["defog", "leafblade", "triplearrows", "roost"], "ability": "Scrappy", "evs": {"hp": 85, "atk": 85, "def": 85, "spa": 85, "spd": 85, "spe": 85}, "ivs": {"hp": 31, "atk": 31, "def": 31, "spa": 31, "spd": 31, "spe": 31}, "item": "Leftovers", "teraType": "Water", "role": "Bulky Attacker", "bvs": {"hp": 88, "atk": 112, "def": 80, "spa": 95, "spd": 95, "spe": 60}, "stats": {"hp": 295, "atk": 245, "def": 189, "spa": 215, "spd": 215, "spe": 154}, "types": ["Grass", "Fighting"]}, "Eiscue": {"name": "Eiscue", "species": "Eiscue", "speciesId": "eiscue", "gender": "M", "shiny": false, "level": 88, "moves": ["bellydrum", "icespinner", "liquidation", "terablast"], "ability": "Ice Face", "evs": {"hp": 81, "atk": 85, "def": 85, "spa": 85, "spd": 85, "spe": 85}, "ivs": {"hp": 31, "atk": 31, "def": 31, "spa": 31, "spd": 31, "spe": 31}, "item": "Sitrus Berry", "teraType": "Ground", "role": "Tera Blast user", "bvs": {"hp": 75, "atk": 80, "def": 110, "spa": 65, "spd": 90, "spe": 50}, "stats": {"hp": 274, "atk": 191, "def": 244, "spa": 165, "spd": 209, "spe": 138}, "types": ["Ice"]}}, {"Koraidon": {"name": "Koraidon", "species": "Koraidon", "speciesId": "koraidon", "gender": "N", "shiny": false, "level": 64, "moves": ["flareblitz", "scaleshot", "collisioncourse", "swordsdance"], "ability": "Orichalcum Pulse", "evs": {"hp": 85, "atk": 85, "def": 85, "spa": 85, "spd": 85, "spe": 85}, "ivs": {"hp": 31, "atk": 31, "def": 31, "spa": 31, "spd": 31, "spe": 31}, "item": "Loaded Dice", "teraType": "Fire", "role": "Setup Sweeper", "bvs": {"hp": 100, "atk": 135, "def": 115, "spa": 85, "spd": 100, "spe": 135}, "stats": {"hp": 235, "atk": 211, "def": 185, "spa": 147, "spd": 166, "spe": 211}, "types": ["Fighting", "Dragon"]}, "Magnezone": {"name": "Magnezone", "species": "Magnezone", "speciesId": "magnezone", "gender": "N", "shiny": false, "level": 85, "moves": ["thunderbolt", "bodypress", "flashcannon", "irondefense"], "ability": "Magnet Pull", "evs": {"hp": 85, "atk": 0, "def": 85, "spa": 85, "spd": 85, "spe": 85}, "ivs": {"hp": 31, "atk": 0, "def": 31, "spa": 31, "spd": 31, "spe": 31}, "item": "Leftovers", "teraType": "Fighting", "role": "Bulky Setup", "bvs": {"hp": 70, "atk": 70, "def": 115, "spa": 130, "spd": 90, "spe": 60}, "stats": {"hp": 258, "atk": 124, "def": 244, "spa": 270, "spd": 202, "spe": 151}, "types": ["Electric", "Steel"]}, "Sawsbuck": {"name": "Sawsbuck", "species": "Sawsbuck-Summer", "speciesId": "sawsbuck", "gender": "M", "shiny": false, "level": 88, "moves": ["swordsdance", "headbutt", "highhorsepower", "hornleech"], "ability": "Serene Grace", "evs": {"hp": 85, "atk": 85, "def": 85, "spa": 85, "spd": 85, "spe": 85}, "ivs": {"hp": 31, "atk": 31, "def": 31, "spa": 31, "spd": 31, "spe": 31}, "item": "Life Orb", "teraType": "Normal", "role": "Fast Attacker", "bvs": {"hp": 80, "atk": 100, "def": 70, "spa": 60, "spd": 70, "spe": 95}, "stats": {"hp": 284, "atk": 226, "def": 173, "spa": 156, "spd": 173, "spe": 217}, "types": ["Normal", "Grass"]}, "Emboar": {"name": "Emboar", "species": "Emboar", "speciesId": "emboar", "gender": "F", "shiny": false, "level": 84, "moves": ["trailblaze", "flareblitz", "drainpunch", "bulkup"], "ability": "Reckless", "evs": {"hp": 85, "atk": 85, "def": 85, "spa": 85, "spd": 85, "spe": 85}, "ivs": {"hp": 31, "atk": 31, "def": 31, "spa": 31, "spd": 31, "spe": 31}, "item": "Leftovers", "teraType": "Grass", "role": "Bulky Setup", "bvs": {"hp": 110, "atk": 123, "def": 65, "spa": 100, "spd": 65, "spe": 65}, "stats": {"hp": 322, "atk": 255, "def": 157, "spa": 216, "spd": 157, "spe": 157}, "types": ["Fire", "Fighting"]}, "Registeel": {"name": "Registeel", "species": "Registeel", "speciesId": "registeel", "gender": "N", "shiny": false, "level": 81, "moves": ["rest", "bodypress", "ironhead", "irondefense"], "ability": "Clear Body", "evs": {"hp": 85, "atk": 85, "def": 85, "spa": 85, "spd": 85, "spe": 85}, "ivs": {"hp": 31, "atk": 31, "def": 31, "spa": 31, "spd": 31, "spe": 31}, "item": "Chesto Berry", "teraType": "Fighting", "role": "Bulky Setup", "bvs": {"hp": 80, "atk": 75, "def": 150, "spa": 75, "spd": 150, "spe": 50}, "stats": {"hp": 262, "atk": 168, "def": 290, "spa": 168, "spd": 290, "spe": 128}, "types": ["Steel"]}, "Sandaconda": {"name": "Sandaconda", "species": "Sandaconda", "speciesId": "sandaconda", "gender": "F", "shiny": false, "level": 84, "moves": ["stoneedge", "coil", "rest", "earthquake"], "ability": "Shed Skin", "evs": {"hp": 85, "atk": 85, "def": 85, "spa": 85, "spd": 85, "spe": 85}, "ivs": {"hp": 31, "atk": 31, "def": 31, "spa": 31, "spd": 31, "spe": 31}, "item": "Leftovers", "teraType": "Dragon", "role": "Bulky Setup", "bvs": {"hp": 72, "atk": 107, "def": 125, "spa": 65, "spd": 70, "spe": 71}, "stats": {"hp": 258, "atk": 228, "def": 258, "spa": 157, "spd": 166, "spe": 167}, "types": ["Ground"]}}]}