{"id": "gen9randombattle-2631738772", "format": "[Gen 9] Random Battle", "players": ["HeartofElixir", "prajkundi"], "log": "|badge|p2|silver|gen9randombattle|30-9\n|uhtml|medal-msg|<div class=\"broadcast-blue\">Curious what those medals under the avatar are? PS now has Ladder Seasons! For more information, check out the <a href=\"https://www.smogon.com/forums/threads/3740067/\">thread on Smogon.</a></div>\n|j|\u2606HeartofElixir\n|j|\u2606prajkundi\n|t:|1781431582\n|gametype|singles\n|player|p1|HeartofElixir|steven|2226\n|player|p2|prajkundi|red|2378\n|gen|9\n|tier|[Gen 9] Random Battle\n|rated|\n|rule|Species Clause: Limit one of each Pok\u00e9mon\n|rule|HP Percentage Mod: HP is shown in percentages\n|rule|Sleep Clause Mod: Limit one foe put to sleep\n|rule|Illusion Level Mod: Illusion disguises the Pok\u00e9mon's true level\n|\n|t:|1781431582\n|teamsize|p1|6\n|teamsize|p2|6\n|start\n|switch|p1a: Pecharunt|Pecharunt, L77|262/262\n|switch|p2a: Clefable|Clefable, L83, M|293/293\n|turn|1\n|inactive|Battle timer is ON: inactive players will automatically lose when time's up. (requested by prajkundi)\n|\n|t:|1781431621\n|-terastallize|p2a: Clefable|Steel\n|move|p1a: Pecharunt|Malignant Chain|p2a: Clefable\n|-immune|p2a: Clefable\n|move|p2a: Clefable|Knock Off|p1a: Pecharunt\n|-supereffective|p1a: Pecharunt\n|-damage|p1a: Pecharunt|166/262\n|-enditem|p1a: Pecharunt|Leftovers|[from] move: Knock Off|[of] p2a: Clefable\n|\n|upkeep\n|turn|2\n|\n|t:|1781431640\n|move|p1a: Pecharunt|Nasty Plot|p1a: Pecharunt\n|-boost|p1a: Pecharunt|spa|2\n|move|p2a: Clefable|Stealth Rock|p1a: Pecharunt\n|-sidestart|p1: HeartofElixir|move: Stealth Rock\n|\n|upkeep\n|turn|3\n|\n|t:|1781431659\n|switch|p2a: Kyurem|Kyurem, L77|319/319\n|-ability|p2a: Kyurem|Pressure\n|move|p1a: Pecharunt|Nasty Plot|p1a: Pecharunt\n|-boost|p1a: Pecharunt|spa|2\n|\n|upkeep\n|turn|4\n|\n|t:|1781431669\n|move|p2a: Kyurem|Ice Beam|p1a: Pecharunt\n|-damage|p1a: Pecharunt|0 fnt\n|faint|p1a: Pecharunt\n|\n|upkeep\n|\n|t:|1781431685\n|switch|p1a: Sudowoodo|Sudowoodo, L94, F|284/284\n|-damage|p1a: Sudowoodo|249/284|[from] Stealth Rock\n|turn|5\n|\n|t:|1781431692\n|switch|p2a: Luvdisc|Luvdisc, M|247/247\n|move|p1a: Sudowoodo|Head Smash|p2a: Luvdisc\n|-damage|p2a: Luvdisc|31/247\n|\n|-heal|p1a: Sudowoodo|266/284|[from] item: Leftovers\n|upkeep\n|turn|6\n|\n|t:|1781431700\n|move|p1a: Sudowoodo|Sucker Punch|p2a: Luvdisc\n|-damage|p2a: Luvdisc|0 fnt\n|faint|p2a: Luvdisc\n|\n|-heal|p1a: Sudowoodo|283/284|[from] item: Leftovers\n|upkeep\n|\n|t:|1781431708\n|switch|p2a: Landorus|Landorus, L75, M|257/257\n|turn|7\n|\n|t:|1781431721\n|switch|p1a: Inteleon|Inteleon, L81, M|246/246\n|-damage|p1a: Inteleon|216/246|[from] Stealth Rock\n|move|p2a: Landorus|Earth Power|p1a: Inteleon\n|-damage|p1a: Inteleon|12/246\n|\n|upkeep\n|turn|8\n|\n|t:|1781431731\n|switch|p2a: Rillaboom|Rillaboom, L79, M|288/288\n|-fieldstart|move: Grassy Terrain|[from] ability: Grassy Surge|[of] p2a: Rillaboom\n|move|p1a: Inteleon|Hydro Pump|p2a: Rillaboom\n|-resisted|p2a: Rillaboom\n|-damage|p2a: Rillaboom|94/288\n|\n|-heal|p1a: Inteleon|27/246|[from] Grassy Terrain\n|-heal|p2a: Rillaboom|112/288|[from] Grassy Terrain\n|upkeep\n|turn|9\n|\n|t:|1781431737\n|move|p2a: Rillaboom|Grassy Glide|p1a: Inteleon\n|-supereffective|p1a: Inteleon\n|-damage|p1a: Inteleon|0 fnt\n|faint|p1a: Inteleon\n|-damage|p2a: Rillaboom|84/288|[from] item: Life Orb\n|\n|-heal|p2a: Rillaboom|102/288|[from] Grassy Terrain\n|upkeep\n|\n|t:|1781431742\n|switch|p1a: Sableye|Sableye, L88, M|231/231\n|-damage|p1a: Sableye|203/231|[from] Stealth Rock\n|turn|10\n|\n|t:|1781431748\n|switch|p2a: Clefable|Clefable, L83, M, tera:Steel|293/293\n|move|p1a: Sableye|Will-O-Wisp|p2a: Clefable\n|-status|p2a: Clefable|brn\n|\n|-heal|p1a: Sableye|217/231|[from] Grassy Terrain\n|-heal|p1a: Sableye|231/231|[from] item: Leftovers\n|upkeep\n|turn|11\n|\n|t:|1781431754\n|move|p2a: Clefable|Moonblast|p1a: Sableye\n|-supereffective|p1a: Sableye\n|-damage|p1a: Sableye|0 fnt\n|faint|p1a: Sableye\n|\n|upkeep\n|\n|t:|1781431757\n|switch|p1a: Sudowoodo|Sudowoodo, L94, F|283/284\n|-damage|p1a: Sudowoodo|248/284|[from] Stealth Rock\n|turn|12\n|\n|t:|1781431771\n|move|p2a: Clefable|Moonblast|p1a: Sudowoodo\n|-damage|p1a: Sudowoodo|102/284\n|-unboost|p1a: Sudowoodo|spa|1\n|move|p1a: Sudowoodo|Stealth Rock|p2a: Clefable\n|-sidestart|p2: prajkundi|move: Stealth Rock\n|\n|-heal|p1a: Sudowoodo|119/284|[from] Grassy Terrain\n|-heal|p1a: Sudowoodo|136/284|[from] item: Leftovers\n|-fieldend|move: Grassy Terrain\n|upkeep\n|turn|13\n|\n|t:|1781431776\n|move|p1a: Sudowoodo|Sucker Punch|p2a: Clefable\n|-damage|p2a: Clefable|224/293 brn\n|move|p2a: Clefable|Moonblast|p1a: Sudowoodo\n|-damage|p1a: Sudowoodo|0 fnt\n|faint|p1a: Sudowoodo\n|\n|upkeep\n|\n|t:|1781431785\n|switch|p1a: Minun|Minun, L95, M|268/268\n|-damage|p1a: Minun|235/268|[from] Stealth Rock\n|turn|14\n|\n|t:|1781431789\n|move|p1a: Minun|Nasty Plot|p1a: Minun\n|-boost|p1a: Minun|spa|2\n|move|p2a: Clefable|Moonblast|p1a: Minun\n|-damage|p1a: Minun|121/268\n|\n|upkeep\n|turn|15\n|\n|t:|1781431795\n|move|p1a: Minun|Thunderbolt|p2a: Clefable\n|-damage|p2a: Clefable|0 fnt\n|faint|p2a: Clefable\n|-damage|p1a: Minun|95/268|[from] item: Life Orb\n|\n|upkeep\n|\n|t:|1781431797\n|switch|p2a: Rillaboom|Rillaboom, L79, M|102/288\n|-damage|p2a: Rillaboom|66/288|[from] Stealth Rock\n|-fieldstart|move: Grassy Terrain|[from] ability: Grassy Surge|[of] p2a: Rillaboom\n|turn|16\n|\n|t:|1781431800\n|move|p2a: Rillaboom|Grassy Glide|p1a: Minun\n|-damage|p1a: Minun|0 fnt\n|faint|p1a: Minun\n|-damage|p2a: Rillaboom|38/288|[from] item: Life Orb\n|\n|-heal|p2a: Rillaboom|56/288|[from] Grassy Terrain\n|upkeep\n|\n|t:|1781431802\n|switch|p1a: Whiscash|Whiscash, L88, F|337/337\n|-damage|p1a: Whiscash|316/337|[from] Stealth Rock\n|turn|17\n|\n|t:|1781431808\n|-terastallize|p1a: Whiscash|Steel\n|move|p2a: Rillaboom|Wood Hammer|p1a: Whiscash\n|-resisted|p1a: Whiscash\n|-damage|p1a: Whiscash|191/337\n|-damage|p2a: Rillaboom|15/288|[from] Recoil\n|-damage|p2a: Rillaboom|0 fnt|[from] item: Life Orb\n|faint|p2a: Rillaboom\n|move|p1a: Whiscash|Dragon Dance|p1a: Whiscash\n|-boost|p1a: Whiscash|atk|1\n|-boost|p1a: Whiscash|spe|1\n|\n|-heal|p1a: Whiscash|212/337|[from] Grassy Terrain\n|upkeep\n|\n|t:|1781431815\n|switch|p2a: Kyurem|Kyurem, L77|319/319\n|-damage|p2a: Kyurem|240/319|[from] Stealth Rock\n|-ability|p2a: Kyurem|Pressure\n|turn|18\n|\n|t:|1781431817\n|move|p1a: Whiscash|Stone Edge|p2a: Kyurem|[miss]\n|-miss|p1a: Whiscash|p2a: Kyurem\n|move|p2a: Kyurem|Earth Power|p1a: Whiscash\n|-supereffective|p1a: Whiscash\n|-damage|p1a: Whiscash|0 fnt\n|faint|p1a: Whiscash\n|\n|win|prajkundi\n", "inputlog": ">version a8376a258c1d4662feba110a92103f3664a72141\n>start {\"formatid\":\"gen9randombattle\",\"seed\":\"sodium,e7867cdaf345903ea9196e69237c4da6\",\"rated\":\"Rated battle\"}\n>player p1 {\"name\":\"HeartofElixir\",\"avatar\":\"steven\",\"rating\":2226,\"seed\":\"sodium,30aaa14f5158e2d9086fd2eb445b7b26\"}\n>player p2 {\"name\":\"prajkundi\",\"avatar\":\"red\",\"rating\":2378,\"seed\":\"sodium,e922c6532484c13ac8d4b46bde5d8787\"}\n>p1 move malignantchain\n>p2 move knockoff terastallize\n>p1 move nastyplot\n>p2 move stealthrock\n>p1 move nastyplot\n>p2 switch 4\n>p1 move recover\n>p2 move icebeam\n>p1 switch 3\n>p1 move headsmash\n>p2 switch 3\n>p1 move suckerpunch\n>p2 move endeavor\n>p2 switch 2\n>p1 switch 4\n>p2 move earthpower\n>p1 move hydropump\n>p2 switch 5\n>p1 move hydropump\n>p2 move grassyglide\n>p1 switch 5\n>p1 move willowisp\n>p2 switch 4\n>p1 move knockoff\n>p2 move moonblast\n>p1 switch 4\n>p1 move stealthrock\n>p2 move moonblast\n>p1 move suckerpunch\n>p2 move moonblast\n>p1 switch 6\n>p1 move nastyplot\n>p2 move moonblast\n>p1 move thunderbolt\n>p2 move moonblast\n>p2 switch 4\n>p1 move thunderbolt\n>p2 move grassyglide\n>p1 switch 2\n>p1 move dragondance terastallize\n>p2 move woodhammer\n>p2 switch 3\n>p1 move stoneedge\n>p2 move earthpower", "uploadtime": 1781431583, "views": 4, "formatid": "gen9randombattle", "rating": null, "private": 0, "password": null, "player_dets": [{"name": "HeartofElixir", "avatar": "steven", "rating": 2226, "seed": "sodium,30aaa14f5158e2d9086fd2eb445b7b26"}, {"name": "prajkundi", "avatar": "red", "rating": 2378, "seed": "sodium,e922c6532484c13ac8d4b46bde5d8787"}], "teams_full": [{"Pecharunt": {"name": "Pecharunt", "species": "Pecharunt", "speciesId": "pecharunt", "gender": "N", "shiny": false, "level": 77, "moves": ["recover", "shadowball", "malignantchain", "nastyplot"], "ability": "Poison Puppeteer", "evs": {"hp": 85, "atk": 0, "def": 85, "spa": 85, "spd": 85, "spe": 85}, "ivs": {"hp": 31, "atk": 0, "def": 31, "spa": 31, "spd": 31, "spe": 31}, "item": "Leftovers", "teraType": "Dark", "role": "Bulky Attacker", "bvs": {"hp": 88, "atk": 88, "def": 160, "spa": 88, "spd": 88, "spe": 88}, "stats": {"hp": 262, "atk": 140, "def": 291, "spa": 180, "spd": 180, "spe": 180}}, "Whiscash": {"name": "Whiscash", "species": "Whiscash", "speciesId": "whiscash", "gender": "F", "shiny": false, "level": 88, "moves": ["stoneedge", "dragondance", "liquidation", "earthquake"], "ability": "Oblivious", "evs": {"hp": 85, "atk": 85, "def": 85, "spa": 85, "spd": 85, "spe": 85}, "ivs": {"hp": 31, "atk": 31, "def": 31, "spa": 31, "spd": 31, "spe": 31}, "item": "Life Orb", "teraType": "Steel", "role": "Setup Sweeper", "bvs": {"hp": 110, "atk": 78, "def": 73, "spa": 76, "spd": 71, "spe": 60}, "stats": {"hp": 337, "atk": 188, "def": 179, "spa": 184, "spd": 175, "spe": 156}}, "Sudowoodo": {"name": "Sudowoodo", "species": "Sudowoodo", "speciesId": "sudowoodo", "gender": "F", "shiny": false, "level": 94, "moves": ["suckerpunch", "earthquake", "stealthrock", "headsmash"], "ability": "Rock Head", "evs": {"hp": 85, "atk": 85, "def": 85, "spa": 85, "spd": 85, "spe": 85}, "ivs": {"hp": 31, "atk": 31, "def": 31, "spa": 31, "spd": 31, "spe": 31}, "item": "Leftovers", "teraType": "Rock", "role": "Bulky Attacker", "bvs": {"hp": 70, "atk": 100, "def": 115, "spa": 30, "spd": 65, "spe": 30}, "stats": {"hp": 284, "atk": 241, "def": 270, "spa": 110, "spd": 176, "spe": 110}}, "Inteleon": {"name": "Inteleon", "species": "Inteleon", "speciesId": "inteleon", "gender": "M", "shiny": false, "level": 81, "moves": ["scald", "uturn", "icebeam", "hydropump"], "ability": "Torrent", "evs": {"hp": 85, "atk": 85, "def": 85, "spa": 85, "spd": 85, "spe": 85}, "ivs": {"hp": 31, "atk": 31, "def": 31, "spa": 31, "spd": 31, "spe": 31}, "item": "Choice Specs", "teraType": "Water", "role": "Wallbreaker", "bvs": {"hp": 70, "atk": 85, "def": 65, "spa": 125, "spd": 65, "spe": 120}, "stats": {"hp": 246, "atk": 184, "def": 152, "spa": 249, "spd": 152, "spe": 241}}, "Sableye": {"name": "Sableye", "species": "Sableye", "speciesId": "sableye", "gender": "M", "shiny": false, "level": 88, "moves": ["willowisp", "recover", "knockoff", "encore"], "ability": "Prankster", "evs": {"hp": 85, "atk": 85, "def": 85, "spa": 85, "spd": 85, "spe": 85}, "ivs": {"hp": 31, "atk": 31, "def": 31, "spa": 31, "spd": 31, "spe": 31}, "item": "Leftovers", "teraType": "Poison", "role": "Bulky Support", "bvs": {"hp": 50, "atk": 75, "def": 75, "spa": 65, "spd": 65, "spe": 50}, "stats": {"hp": 231, "atk": 182, "def": 182, "spa": 165, "spd": 165, "spe": 138}}, "Minun": {"name": "Minun", "species": "Minun", "speciesId": "minun", "gender": "M", "shiny": false, "level": 95, "moves": ["nastyplot", "thunderbolt", "encore", "grassknot"], "ability": "Volt Absorb", "evs": {"hp": 85, "atk": 0, "def": 85, "spa": 85, "spd": 85, "spe": 85}, "ivs": {"hp": 31, "atk": 0, "def": 31, "spa": 31, "spd": 31, "spe": 31}, "item": "Life Orb", "teraType": "Grass", "role": "Setup Sweeper", "bvs": {"hp": 60, "atk": 40, "def": 50, "spa": 75, "spd": 85, "spe": 95}, "stats": {"hp": 268, "atk": 81, "def": 149, "spa": 196, "spd": 215, "spe": 234}}}, {"Clefable": {"name": "Clefable", "species": "Clefable", "speciesId": "clefable", "gender": "M", "shiny": false, "level": 83, "moves": ["moonlight", "moonblast", "knockoff", "stealthrock"], "ability": "Magic Guard", "evs": {"hp": 85, "atk": 85, "def": 85, "spa": 85, "spd": 85, "spe": 85}, "ivs": {"hp": 31, "atk": 31, "def": 31, "spa": 31, "spd": 31, "spe": 31}, "item": "Life Orb", "teraType": "Steel", "role": "Bulky Support", "bvs": {"hp": 95, "atk": 70, "def": 73, "spa": 95, "spd": 90, "spe": 60}, "stats": {"hp": 293, "atk": 164, "def": 169, "spa": 205, "spd": 197, "spe": 147}}, "Landorus": {"name": "Landorus", "species": "Landorus", "speciesId": "landorus", "gender": "M", "shiny": false, "level": 75, "moves": ["sludgewave", "rockslide", "earthpower", "focusblast"], "ability": "Sheer Force", "evs": {"hp": 85, "atk": 85, "def": 85, "spa": 85, "spd": 85, "spe": 85}, "ivs": {"hp": 31, "atk": 31, "def": 31, "spa": 31, "spd": 31, "spe": 31}, "item": "Life Orb", "teraType": "Poison", "role": "Fast Attacker", "bvs": {"hp": 89, "atk": 125, "def": 90, "spa": 115, "spd": 80, "spe": 101}, "stats": {"hp": 257, "atk": 231, "def": 179, "spa": 216, "spd": 164, "spe": 195}}, "Luvdisc": {"name": "Luvdisc", "species": "Luvdisc", "speciesId": "luvdisc", "gender": "M", "shiny": false, "level": 100, "moves": ["substitute", "endeavor", "flipturn", "surf"], "ability": "Swift Swim", "evs": {"hp": 81, "atk": 85, "def": 85, "spa": 85, "spd": 85, "spe": 85}, "ivs": {"hp": 31, "atk": 31, "def": 31, "spa": 31, "spd": 31, "spe": 31}, "item": "Heavy-Duty Boots", "teraType": "Ground", "role": "Fast Support", "bvs": {"hp": 43, "atk": 30, "def": 55, "spa": 40, "spd": 65, "spe": 97}, "stats": {"hp": 247, "atk": 117, "def": 167, "spa": 137, "spd": 187, "spe": 251}}, "Kyurem": {"name": "Kyurem", "species": "Kyurem", "speciesId": "kyurem", "gender": "N", "shiny": false, "level": 77, "moves": ["dracometeor", "freezedry", "earthpower", "icebeam"], "ability": "Pressure", "evs": {"hp": 85, "atk": 0, "def": 85, "spa": 85, "spd": 85, "spe": 85}, "ivs": {"hp": 31, "atk": 0, "def": 31, "spa": 31, "spd": 31, "spe": 31}, "item": "Choice Specs", "teraType": "Ground", "role": "Wallbreaker", "bvs": {"hp": 125, "atk": 130, "def": 90, "spa": 130, "spd": 90, "spe": 95}, "stats": {"hp": 319, "atk": 205, "def": 183, "spa": 245, "spd": 183, "spe": 191}}, "Rillaboom": {"name": "Rillaboom", "species": "Rillaboom", "speciesId": "rillaboom", "gender": "M", "shiny": false, "level": 79, "moves": ["grassyglide", "swordsdance", "highhorsepower", "woodhammer"], "ability": "Grassy Surge", "evs": {"hp": 85, "atk": 85, "def": 85, "spa": 85, "spd": 85, "spe": 85}, "ivs": {"hp": 31, "atk": 31, "def": 31, "spa": 31, "spd": 31, "spe": 31}, "item": "Life Orb", "teraType": "Grass", "role": "Fast Attacker", "bvs": {"hp": 100, "atk": 125, "def": 90, "spa": 60, "spd": 70, "spe": 85}, "stats": {"hp": 288, "atk": 243, "def": 188, "spa": 140, "spd": 156, "spe": 180}}, "Diancie": {"name": "Diancie", "species": "Diancie", "speciesId": "diancie", "gender": "N", "shiny": false, "level": 82, "moves": ["bodypress", "rockpolish", "moonblast", "diamondstorm"], "ability": "Clear Body", "evs": {"hp": 85, "atk": 85, "def": 85, "spa": 85, "spd": 85, "spe": 85}, "ivs": {"hp": 31, "atk": 31, "def": 31, "spa": 31, "spd": 31, "spe": 31}, "item": "Leftovers", "teraType": "Fighting", "role": "Bulky Attacker", "bvs": {"hp": 50, "atk": 100, "def": 150, "spa": 100, "spd": 150, "spe": 50}, "stats": {"hp": 216, "atk": 211, "def": 293, "spa": 211, "spd": 293, "spe": 129}}}]}