{"id": "gen9randombattle-2631893576", "format": "[Gen 9] Random Battle", "players": ["Naide7", "crustlemuscle"], "log": "|j|\u2606Naide7\n|j|\u2606crustlemuscle\n|t:|1781452858\n|gametype|singles\n|player|p1|Naide7|iris|1958\n|player|p2|crustlemuscle|169|1906\n|gen|9\n|tier|[Gen 9] Random Battle\n|rated|\n|rule|Species Clause: Limit one of each Pok\u00e9mon\n|rule|HP Percentage Mod: HP is shown in percentages\n|rule|Sleep Clause Mod: Limit one foe put to sleep\n|rule|Illusion Level Mod: Illusion disguises the Pok\u00e9mon's true level\n|\n|t:|1781452858\n|teamsize|p1|6\n|teamsize|p2|6\n|start\n|switch|p1a: Plusle|Plusle, L95, F|268/268\n|switch|p2a: Cobalion|Cobalion, L80|277/277\n|turn|1\n|\n|t:|1781452865\n|move|p1a: Plusle|Thunderbolt|p2a: Cobalion\n|-damage|p2a: Cobalion|89/277\n|-damage|p1a: Plusle|242/268|[from] item: Life Orb\n|move|p2a: Cobalion|Body Press|p1a: Plusle\n|-damage|p1a: Plusle|89/268\n|\n|-heal|p2a: Cobalion|106/277|[from] item: Leftovers\n|upkeep\n|turn|2\n|\n|t:|1781452874\n|switch|p2a: Ditto|Ditto, L87|225/225\n|-transform|p2a: Ditto|p1a: Plusle|[from] ability: Imposter\n|move|p1a: Plusle|Thunderbolt|p2a: Ditto\n|-ability|p2a: Ditto|Lightning Rod|boost\n|-boost|p2a: Ditto|spa|1\n|\n|upkeep\n|turn|3\n|\n|t:|1781452882\n|switch|p1a: Skarmory|Skarmory, L80, F|235/235\n|move|p2a: Ditto|Alluring Voice|p1a: Skarmory\n|-resisted|p1a: Skarmory\n|-damage|p1a: Skarmory|183/235\n|\n|upkeep\n|turn|4\n|\n|t:|1781452891\n|switch|p2a: Moltres|Moltres, L81|278/278\n|move|p1a: Skarmory|Spikes|p2a: Moltres\n|-sidestart|p2: crustlemuscle|Spikes\n|\n|upkeep\n|turn|5\n|\n|t:|1781452897\n|switch|p1a: Rhydon|Rhydon, L85, F|317/317\n|move|p2a: Moltres|Fire Blast|p1a: Rhydon\n|-resisted|p1a: Rhydon\n|-damage|p1a: Rhydon|250/317\n|\n|upkeep\n|turn|6\n|\n|t:|1781452906\n|switch|p2a: Cobalion|Cobalion, L80|106/277\n|-damage|p2a: Cobalion|72/277|[from] Spikes\n|move|p1a: Rhydon|Stone Edge|p2a: Cobalion\n|-resisted|p2a: Cobalion\n|-damage|p2a: Cobalion|45/277\n|\n|-heal|p2a: Cobalion|62/277|[from] item: Leftovers\n|upkeep\n|turn|7\n|\n|t:|1781452919\n|switch|p1a: Skarmory|Skarmory, L80, F|183/235\n|move|p2a: Cobalion|Iron Head|p1a: Skarmory\n|-resisted|p1a: Skarmory\n|-damage|p1a: Skarmory|156/235\n|-damage|p2a: Cobalion|16/277|[from] item: Rocky Helmet|[of] p1a: Skarmory\n|\n|-heal|p2a: Cobalion|33/277|[from] item: Leftovers\n|upkeep\n|turn|8\n|\n|t:|1781452928\n|move|p2a: Cobalion|Volt Switch|p1a: Skarmory\n|-supereffective|p1a: Skarmory\n|-damage|p1a: Skarmory|44/235\n|\n|t:|1781452937\n|switch|p2a: Moltres|Moltres, L81|278/278|[from] Volt Switch\n|move|p1a: Skarmory|Spikes|p2a: Moltres\n|-sidestart|p2: crustlemuscle|Spikes\n|\n|upkeep\n|turn|9\n|\n|t:|1781452951\n|switch|p1a: Rhydon|Rhydon, L85, F|250/317\n|move|p2a: Moltres|Fire Blast|p1a: Rhydon\n|-resisted|p1a: Rhydon\n|-damage|p1a: Rhydon|178/317\n|\n|upkeep\n|turn|10\n|\n|t:|1781452997\n|switch|p2a: Cobalion|Cobalion, L80|33/277\n|-damage|p2a: Cobalion|0 fnt|[from] Spikes\n|faint|p2a: Cobalion\n|move|p1a: Rhydon|Stone Edge|p2: Cobalion|[notarget]\n|-fail|p1a: Rhydon\n|\n|upkeep\n|\n|t:|1781453014\n|switch|p2a: Kingdra|Kingdra, L84, F|263/263\n|-damage|p2a: Kingdra|220/263|[from] Spikes\n|turn|11\n|\n|t:|1781453026\n|move|p2a: Kingdra|Dragon Dance|p2a: Kingdra\n|-boost|p2a: Kingdra|atk|1\n|-boost|p2a: Kingdra|spe|1\n|move|p1a: Rhydon|Earthquake|p2a: Kingdra\n|-damage|p2a: Kingdra|100/263\n|\n|upkeep\n|turn|12\n|\n|t:|1781453038\n|-terastallize|p1a: Rhydon|Fairy\n|move|p2a: Kingdra|Waterfall|p1a: Rhydon\n|-damage|p1a: Rhydon|115/317\n|move|p1a: Rhydon|Earthquake|p2a: Kingdra\n|-damage|p2a: Kingdra|0 fnt\n|faint|p2a: Kingdra\n|\n|upkeep\n|\n|t:|1781453061\n|switch|p2a: Deoxys|Deoxys-Defense, L84|221/221\n|-damage|p2a: Deoxys|185/221|[from] Spikes\n|-ability|p2a: Deoxys|Pressure\n|turn|13\n|\n|t:|1781453070\n|move|p2a: Deoxys|Cosmic Power|p2a: Deoxys\n|-boost|p2a: Deoxys|def|1\n|-boost|p2a: Deoxys|spd|1\n|move|p1a: Rhydon|Megahorn|p2a: Deoxys\n|-supereffective|p2a: Deoxys\n|-damage|p2a: Deoxys|93/221\n|\n|-heal|p2a: Deoxys|106/221|[from] item: Leftovers\n|upkeep\n|turn|14\n|\n|t:|1781453080\n|move|p2a: Deoxys|Night Shade|p1a: Rhydon\n|-damage|p1a: Rhydon|31/317\n|move|p1a: Rhydon|Swords Dance|p1a: Rhydon\n|-boost|p1a: Rhydon|atk|2\n|\n|-heal|p2a: Deoxys|119/221|[from] item: Leftovers\n|upkeep\n|turn|15\n|\n|t:|1781453088\n|move|p2a: Deoxys|Night Shade|p1a: Rhydon\n|-damage|p1a: Rhydon|0 fnt\n|faint|p1a: Rhydon\n|\n|-heal|p2a: Deoxys|132/221|[from] item: Leftovers\n|upkeep\n|\n|t:|1781453094\n|switch|p1a: Dodrio|Dodrio, L85, M|241/241\n|turn|16\n|\n|t:|1781453104\n|-terastallize|p2a: Deoxys|Steel\n|move|p1a: Dodrio|Swords Dance|p1a: Dodrio\n|-boost|p1a: Dodrio|atk|2\n|move|p2a: Deoxys|Cosmic Power|p2a: Deoxys\n|-boost|p2a: Deoxys|def|1\n|-boost|p2a: Deoxys|spd|1\n|\n|-heal|p2a: Deoxys|145/221|[from] item: Leftovers\n|upkeep\n|turn|17\n|\n|t:|1781453112\n|move|p1a: Dodrio|Knock Off|p2a: Deoxys\n|-damage|p2a: Deoxys|93/221\n|-enditem|p2a: Deoxys|Leftovers|[from] move: Knock Off|[of] p1a: Dodrio\n|move|p2a: Deoxys|Recover|p2a: Deoxys\n|-heal|p2a: Deoxys|204/221\n|\n|upkeep\n|turn|18\n|\n|t:|1781453126\n|switch|p1a: Plusle|Plusle, L95, F|89/268\n|move|p2a: Deoxys|Stored Power|p1a: Plusle\n|-damage|p1a: Plusle|7/268\n|\n|upkeep\n|turn|19\n|\n|t:|1781453132\n|move|p1a: Plusle|Thunderbolt|p2a: Deoxys\n|-damage|p2a: Deoxys|156/221\n|-damage|p1a: Plusle|0 fnt|[from] item: Life Orb\n|faint|p1a: Plusle\n|move|p2a: Deoxys|Cosmic Power|p2a: Deoxys\n|-boost|p2a: Deoxys|def|1\n|-boost|p2a: Deoxys|spd|1\n|\n|upkeep\n|\n|t:|1781453145\n|switch|p1a: Polteageist|Polteageist, L78|222/222\n|turn|20\n|\n|t:|1781453149\n|move|p2a: Deoxys|Stored Power|p1a: Polteageist\n|-damage|p1a: Polteageist|125/222\n|-start|p2a: Deoxys|Disable|Stored Power|[from] ability: Cursed Body|[of] p1a: Polteageist\n|move|p1a: Polteageist|Shell Smash|p1a: Polteageist\n|-unboost|p1a: Polteageist|def|1\n|-unboost|p1a: Polteageist|spd|1\n|-boost|p1a: Polteageist|atk|2\n|-boost|p1a: Polteageist|spa|2\n|-boost|p1a: Polteageist|spe|2\n|-enditem|p1a: Polteageist|White Herb\n|-clearnegativeboost|p1a: Polteageist|[silent]\n|\n|upkeep\n|turn|21\n|\n|t:|1781453160\n|move|p1a: Polteageist|Shadow Ball|p2a: Deoxys\n|-damage|p2a: Deoxys|105/221\n|move|p2a: Deoxys|Recover|p2a: Deoxys\n|-heal|p2a: Deoxys|216/221\n|\n|upkeep\n|turn|22\n|\n|t:|1781453166\n|move|p1a: Polteageist|Shadow Ball|p2a: Deoxys\n|-damage|p2a: Deoxys|168/221\n|move|p2a: Deoxys|Night Shade|p1a: Polteageist\n|-damage|p1a: Polteageist|41/222\n|\n|upkeep\n|turn|23\n|\n|t:|1781453174\n|move|p1a: Polteageist|Shadow Ball|p2a: Deoxys\n|-damage|p2a: Deoxys|122/221\n|move|p2a: Deoxys|Night Shade|p1a: Polteageist\n|-damage|p1a: Polteageist|0 fnt\n|faint|p1a: Polteageist\n|\n|-end|p2a: Deoxys|Disable\n|upkeep\n|\n|t:|1781453180\n|switch|p1a: Ambipom|Ambipom, L84, M|263/263\n|turn|24\n|\n|t:|1781453186\n|move|p1a: Ambipom|Low Kick|p2a: Deoxys\n|-supereffective|p2a: Deoxys\n|-damage|p2a: Deoxys|76/221\n|move|p2a: Deoxys|Recover|p2a: Deoxys\n|-heal|p2a: Deoxys|187/221\n|\n|upkeep\n|turn|25\n|\n|t:|1781453196\n|move|p1a: Ambipom|Low Kick|p2a: Deoxys\n|-supereffective|p2a: Deoxys\n|-damage|p2a: Deoxys|147/221\n|move|p2a: Deoxys|Stored Power|p1a: Ambipom\n|-damage|p1a: Ambipom|118/263\n|\n|upkeep\n|turn|26\n|-message|Naide7 forfeited.\n|\n|win|crustlemuscle\n", "inputlog": ">version a8376a258c1d4662feba110a92103f3664a72141\n>start {\"formatid\":\"gen9randombattle\",\"seed\":\"sodium,9b810b4db05702a680ae63b72eaf01e0\",\"rated\":\"Rated battle\"}\n>player p1 {\"name\":\"Naide7\",\"avatar\":\"iris\",\"rating\":1958,\"seed\":\"sodium,c3bbb5224cf526db92afb32758f2a62d\"}\n>player p2 {\"name\":\"crustlemuscle\",\"avatar\":\"169\",\"rating\":1906,\"seed\":\"sodium,89ef70ddf70ac029a03045f90e819e49\"}\n>p1 move thunderbolt\n>p2 move bodypress\n>p1 move thunderbolt\n>p2 switch 4\n>p1 switch 3\n>p2 move alluringvoice\n>p1 move spikes\n>p2 switch 3\n>p1 switch 4\n>p2 move fireblast\n>p1 move stoneedge\n>p2 switch 4\n>p1 switch 4\n>p2 move ironhead\n>p1 move spikes\n>p2 move voltswitch\n>p2 switch 4\n>p1 switch 4\n>p2 move fireblast\n>p1 move stoneedge\n>p2 switch 4\n>p2 switch 6\n>p1 move earthquake\n>p2 move dragondance\n>p1 move earthquake terastallize\n>p2 move waterfall\n>p2 switch 5\n>p1 move megahorn\n>p2 move cosmicpower\n>p1 move swordsdance\n>p2 move nightshade\n>p1 move megahorn\n>p2 move nightshade\n>p1 switch 2\n>p1 move swordsdance\n>p2 move cosmicpower terastallize\n>p1 move knockoff\n>p2 move recover\n>p1 switch 3\n>p2 move storedpower\n>p1 move thunderbolt\n>p2 move cosmicpower\n>p1 switch 6\n>p1 move shellsmash\n>p2 move storedpower\n>p1 move shadowball\n>p2 move recover\n>p1 move shadowball\n>p2 move nightshade\n>p1 move shadowball\n>p2 move nightshade\n>p1 switch 5\n>p1 move lowkick\n>p2 move recover\n>p1 move lowkick\n>p2 move storedpower\n>forcelose p1", "uploadtime": 1781452860, "views": 4, "formatid": "gen9randombattle", "rating": null, "private": 0, "password": null, "player_dets": [{"name": "Naide7", "avatar": "iris", "rating": 1958, "seed": "sodium,c3bbb5224cf526db92afb32758f2a62d"}, {"name": "crustlemuscle", "avatar": "169", "rating": 1906, "seed": "sodium,89ef70ddf70ac029a03045f90e819e49"}], "teams_full": [{"Plusle": {"name": "Plusle", "species": "Plusle", "speciesId": "plusle", "gender": "F", "shiny": false, "level": 95, "moves": ["thunderbolt", "alluringvoice", "grassknot", "nastyplot"], "ability": "Lightning Rod", "evs": {"hp": 85, "atk": 0, "def": 85, "spa": 85, "spd": 85, "spe": 85}, "ivs": {"hp": 31, "atk": 0, "def": 31, "spa": 31, "spd": 31, "spe": 31}, "item": "Life Orb", "teraType": "Electric", "role": "Setup Sweeper", "bvs": {"hp": 60, "atk": 50, "def": 40, "spa": 85, "spd": 75, "spe": 95}, "stats": {"hp": 268, "atk": 100, "def": 130, "spa": 215, "spd": 196, "spe": 234}}, "Dodrio": {"name": "Dodrio", "species": "Dodrio", "speciesId": "dodrio", "gender": "M", "shiny": false, "level": 85, "moves": ["knockoff", "bravebird", "swordsdance", "doubleedge"], "ability": "Early Bird", "evs": {"hp": 85, "atk": 85, "def": 85, "spa": 85, "spd": 85, "spe": 85}, "ivs": {"hp": 31, "atk": 31, "def": 31, "spa": 31, "spd": 31, "spe": 31}, "item": "Heavy-Duty Boots", "teraType": "Normal", "role": "Setup Sweeper", "bvs": {"hp": 60, "atk": 110, "def": 70, "spa": 60, "spd": 60, "spe": 110}, "stats": {"hp": 241, "atk": 236, "def": 168, "spa": 151, "spd": 151, "spe": 236}}, "Skarmory": {"name": "Skarmory", "species": "Skarmory", "speciesId": "skarmory", "gender": "F", "shiny": false, "level": 80, "moves": ["bravebird", "roost", "spikes", "whirlwind"], "ability": "Sturdy", "evs": {"hp": 85, "atk": 85, "def": 85, "spa": 85, "spd": 85, "spe": 85}, "ivs": {"hp": 31, "atk": 31, "def": 31, "spa": 31, "spd": 31, "spe": 31}, "item": "Rocky Helmet", "teraType": "Dragon", "role": "Bulky Support", "bvs": {"hp": 65, "atk": 80, "def": 140, "spa": 40, "spd": 70, "spe": 70}, "stats": {"hp": 235, "atk": 174, "def": 270, "spa": 110, "spd": 158, "spe": 158}}, "Rhydon": {"name": "Rhydon", "species": "Rhydon", "speciesId": "rhydon", "gender": "F", "shiny": false, "level": 85, "moves": ["megahorn", "stoneedge", "earthquake", "swordsdance"], "ability": "Lightning Rod", "evs": {"hp": 85, "atk": 85, "def": 85, "spa": 85, "spd": 85, "spe": 85}, "ivs": {"hp": 31, "atk": 31, "def": 31, "spa": 31, "spd": 31, "spe": 31}, "item": "Eviolite", "teraType": "Fairy", "role": "Bulky Attacker", "bvs": {"hp": 105, "atk": 130, "def": 120, "spa": 45, "spd": 45, "spe": 40}, "stats": {"hp": 317, "atk": 270, "def": 253, "spa": 125, "spd": 125, "spe": 117}}, "Ambipom": {"name": "Ambipom", "species": "Ambipom", "speciesId": "ambipom", "gender": "M", "shiny": false, "level": 84, "moves": ["tripleaxel", "knockoff", "lowkick", "doubleedge"], "ability": "Technician", "evs": {"hp": 85, "atk": 85, "def": 85, "spa": 85, "spd": 85, "spe": 85}, "ivs": {"hp": 31, "atk": 31, "def": 31, "spa": 31, "spd": 31, "spe": 31}, "item": "Choice Band", "teraType": "Ice", "role": "Fast Attacker", "bvs": {"hp": 75, "atk": 100, "def": 66, "spa": 60, "spd": 66, "spe": 115}, "stats": {"hp": 263, "atk": 216, "def": 159, "spa": 149, "spd": 159, "spe": 241}}, "Polteageist": {"name": "Polteageist", "species": "Polteageist", "speciesId": "polteageist", "gender": "N", "shiny": false, "level": 78, "moves": ["shadowball", "shellsmash", "terablast", "storedpower"], "ability": "Cursed Body", "evs": {"hp": 85, "atk": 0, "def": 85, "spa": 85, "spd": 85, "spe": 85}, "ivs": {"hp": 31, "atk": 0, "def": 31, "spa": 31, "spd": 31, "spe": 31}, "item": "White Herb", "teraType": "Fighting", "role": "Tera Blast user", "bvs": {"hp": 60, "atk": 65, "def": 65, "spa": 134, "spd": 114, "spe": 70}, "stats": {"hp": 222, "atk": 106, "def": 146, "spa": 254, "spd": 223, "spe": 154}}}, {"Cobalion": {"name": "Cobalion", "species": "Cobalion", "speciesId": "cobalion", "gender": "N", "shiny": false, "level": 80, "moves": ["voltswitch", "stealthrock", "bodypress", "ironhead"], "ability": "Justified", "evs": {"hp": 85, "atk": 85, "def": 85, "spa": 85, "spd": 85, "spe": 85}, "ivs": {"hp": 31, "atk": 31, "def": 31, "spa": 31, "spd": 31, "spe": 31}, "item": "Leftovers", "teraType": "Ghost", "role": "Bulky Support", "bvs": {"hp": 91, "atk": 90, "def": 129, "spa": 90, "spd": 72, "spe": 108}, "stats": {"hp": 277, "atk": 190, "def": 253, "spa": 190, "spd": 161, "spe": 219}}, "Miraidon": {"name": "Miraidon", "species": "Miraidon", "speciesId": "miraidon", "gender": "N", "shiny": false, "level": 65, "moves": ["dracometeor", "voltswitch", "electrodrift", "overheat"], "ability": "Hadron Engine", "evs": {"hp": 85, "atk": 0, "def": 85, "spa": 85, "spd": 85, "spe": 85}, "ivs": {"hp": 31, "atk": 0, "def": 31, "spa": 31, "spd": 31, "spe": 31}, "item": "Choice Specs", "teraType": "Electric", "role": "Fast Attacker", "bvs": {"hp": 100, "atk": 85, "def": 100, "spa": 135, "spd": 115, "spe": 135}, "stats": {"hp": 238, "atk": 115, "def": 168, "spa": 214, "spd": 188, "spe": 214}}, "Moltres": {"name": "Moltres", "species": "Moltres", "speciesId": "moltres", "gender": "N", "shiny": false, "level": 81, "moves": ["roost", "fireblast", "bravebird", "scorchingsands"], "ability": "Flame Body", "evs": {"hp": 85, "atk": 85, "def": 85, "spa": 85, "spd": 85, "spe": 85}, "ivs": {"hp": 31, "atk": 31, "def": 31, "spa": 31, "spd": 31, "spe": 31}, "item": "Heavy-Duty Boots", "teraType": "Ground", "role": "Bulky Attacker", "bvs": {"hp": 90, "atk": 100, "def": 90, "spa": 125, "spd": 85, "spe": 90}, "stats": {"hp": 278, "atk": 209, "def": 192, "spa": 249, "spd": 184, "spe": 192}}, "Ditto": {"name": "Ditto", "species": "Ditto", "speciesId": "ditto", "gender": "N", "shiny": false, "level": 87, "moves": ["transform"], "ability": "Imposter", "evs": {"hp": 85, "atk": 85, "def": 85, "spa": 85, "spd": 85, "spe": 85}, "ivs": {"hp": 31, "atk": 31, "def": 31, "spa": 31, "spd": 31, "spe": 31}, "item": "Choice Scarf", "teraType": "Ghost", "role": "Fast Support", "bvs": {"hp": 48, "atk": 48, "def": 48, "spa": 48, "spd": 48, "spe": 48}, "stats": {"hp": 225, "atk": 133, "def": 133, "spa": 133, "spd": 133, "spe": 133}}, "Deoxys": {"name": "Deoxys", "species": "Deoxys-Defense", "speciesId": "deoxysdefense", "gender": "N", "shiny": false, "level": 84, "moves": ["cosmicpower", "nightshade", "recover", "storedpower"], "ability": "Pressure", "evs": {"hp": 85, "atk": 0, "def": 85, "spa": 85, "spd": 85, "spe": 85}, "ivs": {"hp": 31, "atk": 0, "def": 31, "spa": 31, "spd": 31, "spe": 31}, "item": "Leftovers", "teraType": "Steel", "role": "Bulky Setup", "bvs": {"hp": 50, "atk": 70, "def": 160, "spa": 70, "spd": 160, "spe": 90}, "stats": {"hp": 221, "atk": 122, "def": 317, "spa": 166, "spd": 317, "spe": 199}}, "Kingdra": {"name": "Kingdra", "species": "Kingdra", "speciesId": "kingdra", "gender": "F", "shiny": false, "level": 84, "moves": ["outrage", "waterfall", "dragondance", "wavecrash"], "ability": "Sniper", "evs": {"hp": 85, "atk": 85, "def": 85, "spa": 85, "spd": 85, "spe": 85}, "ivs": {"hp": 31, "atk": 31, "def": 31, "spa": 31, "spd": 31, "spe": 31}, "item": "Lum Berry", "teraType": "Water", "role": "Setup Sweeper", "bvs": {"hp": 75, "atk": 95, "def": 95, "spa": 95, "spd": 95, "spe": 85}, "stats": {"hp": 263, "atk": 208, "def": 208, "spa": 208, "spd": 208, "spe": 191}}}]}