{"id": "gen9randombattle-2632003955", "format": "[Gen 9] Random Battle", "players": ["justinprim", "UmbreonSolitario"], "log": "|j|\u2606justinprim\n|j|\u2606UmbreonSolitario\n|t:|1781464920\n|gametype|singles\n|player|p1|justinprim|101|2018\n|player|p2|UmbreonSolitario|266|2010\n|gen|9\n|tier|[Gen 9] Random Battle\n|rated|\n|rule|Species Clause: Limit one of each Pok\u00e9mon\n|rule|HP Percentage Mod: HP is shown in percentages\n|rule|Sleep Clause Mod: Limit one foe put to sleep\n|rule|Illusion Level Mod: Illusion disguises the Pok\u00e9mon's true level\n|\n|t:|1781464920\n|teamsize|p1|6\n|teamsize|p2|6\n|start\n|switch|p1a: Sableye|Sableye, L88, F|231/231\n|switch|p2a: Mightyena|Mightyena, L96, F|290/290\n|-ability|p2a: Mightyena|Intimidate|boost\n|-unboost|p1a: Sableye|atk|1\n|turn|1\n|\n|t:|1781464929\n|move|p2a: Mightyena|Crunch|p1a: Sableye\n|-damage|p1a: Sableye|111/231\n|move|p1a: Sableye|Knock Off|p2a: Mightyena\n|-resisted|p2a: Mightyena\n|-damage|p2a: Mightyena|257/290\n|-enditem|p2a: Mightyena|Leftovers|[from] move: Knock Off|[of] p1a: Sableye\n|\n|-heal|p1a: Sableye|125/231|[from] item: Leftovers\n|upkeep\n|turn|2\n|\n|t:|1781464938\n|move|p1a: Sableye|Recover|p1a: Sableye\n|-heal|p1a: Sableye|231/231\n|move|p2a: Mightyena|Crunch|p1a: Sableye\n|-damage|p1a: Sableye|129/231\n|\n|-heal|p1a: Sableye|143/231|[from] item: Leftovers\n|upkeep\n|turn|3\n|\n|t:|1781464943\n|switch|p1a: Bisharp|Bisharp, L79, F|232/232\n|move|p2a: Mightyena|Poison Fang|p1a: Bisharp\n|-immune|p1a: Bisharp\n|\n|upkeep\n|turn|4\n|\n|t:|1781464948\n|move|p2a: Mightyena|Taunt|p1a: Bisharp\n|-start|p1a: Bisharp|move: Taunt\n|cant|p1a: Bisharp|move: Taunt|Swords Dance\n|\n|upkeep\n|turn|5\n|inactive|Battle timer is ON: inactive players will automatically lose when time's up. (requested by justinprim)\n|\n|t:|1781464963\n|switch|p2a: Flamigo|Flamigo, L82, M|269/269\n|move|p1a: Bisharp|Iron Head|p2a: Flamigo\n|-damage|p2a: Flamigo|155/269\n|\n|upkeep\n|turn|6\n|\n|t:|1781464978\n|switch|p1a: Armarouge|Armarouge, L80, M|267/267\n|move|p2a: Flamigo|Close Combat|p1a: Armarouge\n|-resisted|p1a: Armarouge\n|-damage|p1a: Armarouge|198/267\n|-unboost|p2a: Flamigo|def|1\n|-unboost|p2a: Flamigo|spd|1\n|-ability|p1a: Armarouge|Weak Armor|boost\n|-unboost|p1a: Armarouge|def|1\n|-boost|p1a: Armarouge|spe|2\n|\n|upkeep\n|turn|7\n|\n|t:|1781464989\n|switch|p2a: Ursaring|Ursaring, L84, F|288/288\n|move|p1a: Armarouge|Meteor Beam||[still]\n|-prepare|p1a: Armarouge|Meteor Beam\n|-boost|p1a: Armarouge|spa|1\n|-enditem|p1a: Armarouge|Power Herb\n|-anim|p1a: Armarouge|Meteor Beam|p2a: Ursaring|[miss]\n|-miss|p1a: Armarouge|p2a: Ursaring\n|\n|upkeep\n|turn|8\n|\n|t:|1781464995\n|move|p1a: Armarouge|Armor Cannon|p2a: Ursaring\n|-damage|p2a: Ursaring|117/288\n|-unboost|p1a: Armarouge|def|1\n|-unboost|p1a: Armarouge|spd|1\n|move|p2a: Ursaring|Throat Chop|p1a: Armarouge\n|-supereffective|p1a: Armarouge\n|-damage|p1a: Armarouge|0 fnt\n|faint|p1a: Armarouge\n|\n|upkeep\n|\n|t:|1781465001\n|switch|p1a: Duraludon|Duraludon, L82, M|249/249\n|turn|9\n|\n|t:|1781465010\n|move|p1a: Duraludon|Iron Defense|p1a: Duraludon\n|-boost|p1a: Duraludon|def|2\n|move|p2a: Ursaring|Body Slam|p1a: Duraludon\n|-resisted|p1a: Duraludon\n|-damage|p1a: Duraludon|234/249\n|\n|upkeep\n|turn|10\n|\n|t:|1781465015\n|switch|p2a: Mightyena|Mightyena, L96, F|257/290\n|-ability|p2a: Mightyena|Intimidate|boost\n|-unboost|p1a: Duraludon|atk|1\n|move|p1a: Duraludon|Body Press|p2a: Mightyena\n|-supereffective|p2a: Mightyena\n|-damage|p2a: Mightyena|25/290\n|\n|upkeep\n|turn|11\n|\n|t:|1781465021\n|move|p2a: Mightyena|Taunt|p1a: Duraludon\n|-start|p1a: Duraludon|move: Taunt\n|move|p1a: Duraludon|Body Press|p2a: Mightyena\n|-supereffective|p2a: Mightyena\n|-damage|p2a: Mightyena|0 fnt\n|faint|p2a: Mightyena\n|\n|upkeep\n|\n|t:|1781465029\n|switch|p2a: Flamigo|Flamigo, L82, M|155/269\n|turn|12\n|\n|t:|1781465034\n|move|p2a: Flamigo|Close Combat|p1a: Duraludon\n|-supereffective|p1a: Duraludon\n|-damage|p1a: Duraludon|154/249\n|-unboost|p2a: Flamigo|def|1\n|-unboost|p2a: Flamigo|spd|1\n|move|p1a: Duraludon|Draco Meteor|p2a: Flamigo\n|-damage|p2a: Flamigo|0 fnt\n|-unboost|p1a: Duraludon|spa|2\n|faint|p2a: Flamigo\n|\n|upkeep\n|\n|t:|1781465040\n|switch|p2a: Sneasler|Sneasler, L74, F|240/240\n|turn|13\n|\n|t:|1781465045\n|switch|p1a: Sableye|Sableye, L88, F|143/231\n|move|p2a: Sneasler|Swords Dance|p2a: Sneasler\n|-boost|p2a: Sneasler|atk|2\n|\n|-heal|p1a: Sableye|157/231|[from] item: Leftovers\n|upkeep\n|turn|14\n|\n|t:|1781465050\n|switch|p2a: Ursaring|Ursaring, L84, F|117/288\n|move|p1a: Sableye|Encore||[still]\n|-fail|p1a: Sableye\n|\n|-heal|p1a: Sableye|171/231|[from] item: Leftovers\n|upkeep\n|turn|15\n|\n|t:|1781465054\n|move|p2a: Ursaring|Throat Chop|p1a: Sableye\n|-damage|p1a: Sableye|98/231\n|-start|p1a: Sableye|Throat Chop|[silent]\n|move|p1a: Sableye|Knock Off|p2a: Ursaring\n|-damage|p2a: Ursaring|47/288\n|-enditem|p2a: Ursaring|Eviolite|[from] move: Knock Off|[of] p1a: Sableye\n|\n|-heal|p1a: Sableye|112/231|[from] item: Leftovers\n|upkeep\n|turn|16\n|\n|t:|1781465060\n|move|p1a: Sableye|Recover|p1a: Sableye\n|-heal|p1a: Sableye|228/231\n|move|p2a: Ursaring|Rest|p2a: Ursaring\n|-status|p2a: Ursaring|slp|[from] move: Rest\n|-heal|p2a: Ursaring|288/288 slp|[silent]\n|\n|-heal|p1a: Sableye|231/231|[from] item: Leftovers\n|-end|p1a: Sableye|Throat Chop|[silent]\n|upkeep\n|turn|17\n|\n|t:|1781465066\n|switch|p1a: Duraludon|Duraludon, L82, M|154/249\n|cant|p2a: Ursaring|slp\n|move|p2a: Ursaring|Sleep Talk|p2a: Ursaring\n|move|p2a: Ursaring|Body Slam|p1a: Duraludon|[from] move: Sleep Talk\n|-resisted|p1a: Duraludon\n|-damage|p1a: Duraludon|106/249\n|\n|upkeep\n|turn|18\n|\n|t:|1781465070\n|move|p1a: Duraludon|Iron Defense|p1a: Duraludon\n|-boost|p1a: Duraludon|def|2\n|cant|p2a: Ursaring|slp\n|move|p2a: Ursaring|Sleep Talk|p2a: Ursaring\n|move|p2a: Ursaring|Rest||[from] move: Sleep Talk|[still]\n|-fail|p2a: Ursaring\n|\n|upkeep\n|turn|19\n|\n|t:|1781465073\n|move|p1a: Duraludon|Body Press|p2a: Ursaring\n|-supereffective|p2a: Ursaring\n|-damage|p2a: Ursaring|36/288 slp\n|-curestatus|p2a: Ursaring|slp|[msg]\n|move|p2a: Ursaring|Body Slam|p1a: Duraludon\n|-resisted|p1a: Duraludon\n|-damage|p1a: Duraludon|90/249\n|\n|upkeep\n|turn|20\n|\n|t:|1781465077\n|move|p1a: Duraludon|Body Press|p2a: Ursaring\n|-supereffective|p2a: Ursaring\n|-damage|p2a: Ursaring|0 fnt\n|faint|p2a: Ursaring\n|\n|upkeep\n|\n|t:|1781465080\n|switch|p2a: Sneasler|Sneasler, L74, F|240/240\n|turn|21\n|\n|t:|1781465083\n|move|p2a: Sneasler|Close Combat|p1a: Duraludon\n|-supereffective|p1a: Duraludon\n|-damage|p1a: Duraludon|24/249\n|-unboost|p2a: Sneasler|def|1\n|-unboost|p2a: Sneasler|spd|1\n|-enditem|p2a: Sneasler|White Herb\n|-clearnegativeboost|p2a: Sneasler|[silent]\n|move|p1a: Duraludon|Draco Meteor|p2a: Sneasler\n|-damage|p2a: Sneasler|65/240\n|-unboost|p1a: Duraludon|spa|2\n|\n|upkeep\n|turn|22\n|\n|t:|1781465088\n|switch|p1a: Sableye|Sableye, L88, F|231/231\n|move|p2a: Sneasler|Close Combat|p1a: Sableye\n|-immune|p1a: Sableye\n|\n|upkeep\n|turn|23\n|\n|t:|1781465092\n|move|p1a: Sableye|Will-O-Wisp|p2a: Sneasler|[miss]\n|-miss|p1a: Sableye|p2a: Sneasler\n|move|p2a: Sneasler|Acrobatics|p1a: Sableye\n|-crit|p1a: Sableye\n|-damage|p1a: Sableye|102/231\n|\n|-heal|p1a: Sableye|116/231|[from] item: Leftovers\n|upkeep\n|turn|24\n|\n|t:|1781465097\n|move|p1a: Sableye|Recover|p1a: Sableye\n|-heal|p1a: Sableye|231/231\n|move|p2a: Sneasler|Acrobatics|p1a: Sableye\n|-damage|p1a: Sableye|151/231\n|\n|-heal|p1a: Sableye|165/231|[from] item: Leftovers\n|upkeep\n|turn|25\n|\n|t:|1781465099\n|move|p1a: Sableye|Will-O-Wisp|p2a: Sneasler\n|-status|p2a: Sneasler|brn\n|move|p2a: Sneasler|Acrobatics|p1a: Sableye\n|-damage|p1a: Sableye|127/231\n|\n|-heal|p1a: Sableye|141/231|[from] item: Leftovers\n|-damage|p2a: Sneasler|50/240 brn|[from] brn\n|upkeep\n|turn|26\n|\n|t:|1781465105\n|move|p1a: Sableye|Encore|p2a: Sneasler\n|-start|p2a: Sneasler|Encore\n|move|p2a: Sneasler|Acrobatics|p1a: Sableye\n|-damage|p1a: Sableye|97/231\n|\n|-heal|p1a: Sableye|111/231|[from] item: Leftovers\n|-damage|p2a: Sneasler|35/240 brn|[from] brn\n|upkeep\n|turn|27\n|\n|t:|1781465108\n|move|p1a: Sableye|Recover|p1a: Sableye\n|-heal|p1a: Sableye|227/231\n|move|p2a: Sneasler|Acrobatics|p1a: Sableye\n|-crit|p1a: Sableye\n|-damage|p1a: Sableye|161/231\n|\n|-heal|p1a: Sableye|175/231|[from] item: Leftovers\n|-damage|p2a: Sneasler|20/240 brn|[from] brn\n|upkeep\n|turn|28\n|\n|t:|1781465111\n|move|p1a: Sableye|Recover|p1a: Sableye\n|-heal|p1a: Sableye|231/231\n|move|p2a: Sneasler|Acrobatics|p1a: Sableye\n|-damage|p1a: Sableye|186/231\n|\n|-heal|p1a: Sableye|200/231|[from] item: Leftovers\n|-damage|p2a: Sneasler|5/240 brn|[from] brn\n|-end|p2a: Sneasler|Encore\n|upkeep\n|turn|29\n|\n|t:|1781465113\n|move|p1a: Sableye|Recover|p1a: Sableye\n|-heal|p1a: Sableye|231/231\n|move|p2a: Sneasler|Close Combat|p1a: Sableye\n|-immune|p1a: Sableye\n|\n|-damage|p2a: Sneasler|0 fnt|[from] brn\n|faint|p2a: Sneasler\n|upkeep\n|\n|t:|1781465115\n|switch|p2a: Magearna|Magearna, L77|250/250\n|turn|30\n|\n|t:|1781465122\n|move|p1a: Sableye|Will-O-Wisp|p2a: Magearna|[miss]\n|-miss|p1a: Sableye|p2a: Magearna\n|move|p2a: Magearna|Fleur Cannon|p1a: Sableye\n|-supereffective|p1a: Sableye\n|-damage|p1a: Sableye|0 fnt\n|-unboost|p2a: Magearna|spa|2\n|faint|p1a: Sableye\n|-ability|p2a: Magearna|Soul-Heart|boost\n|-boost|p2a: Magearna|spa|1\n|\n|upkeep\n|\n|t:|1781465125\n|switch|p1a: Bisharp|Bisharp, L79, F|232/232\n|turn|31\n|\n|t:|1781465131\n|-terastallize|p2a: Magearna|Ground\n|move|p1a: Bisharp|Swords Dance|p1a: Bisharp\n|-boost|p1a: Bisharp|atk|2\n|move|p2a: Magearna|Shift Gear|p2a: Magearna\n|-boost|p2a: Magearna|spe|2\n|-boost|p2a: Magearna|atk|1\n|\n|upkeep\n|turn|32\n|\n|t:|1781465140\n|move|p2a: Magearna|Tera Blast|p1a: Bisharp|[anim] Tera Blast Ground\n|-supereffective|p1a: Bisharp\n|-damage|p1a: Bisharp|92/232\n|move|p1a: Bisharp|Iron Head|p2a: Magearna\n|-damage|p2a: Magearna|79/250\n|\n|upkeep\n|turn|33\n|\n|t:|1781465146\n|move|p1a: Bisharp|Sucker Punch||[still]\n|-fail|p1a: Bisharp\n|move|p2a: Magearna|Shift Gear|p2a: Magearna\n|-boost|p2a: Magearna|spe|2\n|-boost|p2a: Magearna|atk|1\n|\n|upkeep\n|turn|34\n|\n|t:|1781465148\n|move|p1a: Bisharp|Sucker Punch|p2a: Magearna\n|-damage|p2a: Magearna|0 fnt\n|faint|p2a: Magearna\n|\n|upkeep\n|\n|t:|1781465149\n|switch|p2a: Zekrom|Zekrom, L71|259/259\n|-ability|p2a: Zekrom|Teravolt\n|turn|35\n|\n|t:|1781465154\n|move|p2a: Zekrom|Substitute|p2a: Zekrom\n|-start|p2a: Zekrom|Substitute\n|-damage|p2a: Zekrom|195/259\n|move|p1a: Bisharp|Throat Chop|p2a: Zekrom\n|-end|p2a: Zekrom|Substitute\n|\n|-heal|p2a: Zekrom|211/259|[from] item: Leftovers\n|upkeep\n|turn|36\n|\n|t:|1781465157\n|move|p2a: Zekrom|Bolt Strike|p1a: Bisharp\n|-damage|p1a: Bisharp|0 fnt\n|faint|p1a: Bisharp\n|\n|-heal|p2a: Zekrom|227/259|[from] item: Leftovers\n|upkeep\n|\n|t:|1781465167\n|switch|p1a: Duraludon|Duraludon, L82, M|24/249\n|turn|37\n|\n|t:|1781465171\n|move|p1a: Duraludon|Body Press|p2a: Zekrom\n|-crit|p2a: Zekrom\n|-damage|p2a: Zekrom|144/259\n|move|p2a: Zekrom|Dragon Dance|p2a: Zekrom\n|-boost|p2a: Zekrom|atk|1\n|-boost|p2a: Zekrom|spe|1\n|\n|-heal|p2a: Zekrom|160/259|[from] item: Leftovers\n|upkeep\n|turn|38\n|\n|t:|1781465176\n|move|p2a: Zekrom|Bolt Strike|p1a: Duraludon\n|-resisted|p1a: Duraludon\n|-damage|p1a: Duraludon|0 fnt\n|faint|p1a: Duraludon\n|\n|-heal|p2a: Zekrom|176/259|[from] item: Leftovers\n|upkeep\n|\n|t:|1781465178\n|switch|p1a: Latias|Latias, L79, F|256/256\n|turn|39\n|\n|t:|1781465182\n|-terastallize|p1a: Latias|Steel\n|move|p2a: Zekrom|Substitute|p2a: Zekrom\n|-start|p2a: Zekrom|Substitute\n|-damage|p2a: Zekrom|112/259\n|move|p1a: Latias|Draco Meteor|p2a: Zekrom\n|-supereffective|p2a: Zekrom\n|-end|p2a: Zekrom|Substitute\n|-unboost|p1a: Latias|spa|2\n|\n|-heal|p2a: Zekrom|128/259|[from] item: Leftovers\n|upkeep\n|turn|40\n|\n|t:|1781465188\n|move|p2a: Zekrom|Substitute|p2a: Zekrom\n|-start|p2a: Zekrom|Substitute\n|-damage|p2a: Zekrom|64/259\n|move|p1a: Latias|Draco Meteor|p2a: Zekrom\n|-supereffective|p2a: Zekrom\n|-end|p2a: Zekrom|Substitute\n|-unboost|p1a: Latias|spa|2\n|\n|-heal|p2a: Zekrom|80/259|[from] item: Leftovers\n|upkeep\n|turn|41\n|\n|t:|1781465192\n|move|p2a: Zekrom|Dragon Dance|p2a: Zekrom\n|-boost|p2a: Zekrom|atk|1\n|-boost|p2a: Zekrom|spe|1\n|move|p1a: Latias|Draco Meteor|p2a: Zekrom|[miss]\n|-miss|p1a: Latias|p2a: Zekrom\n|\n|-heal|p2a: Zekrom|96/259|[from] item: Leftovers\n|upkeep\n|turn|42\n|c|\u2606justinprim|Wow\n|\n|t:|1781465201\n|switch|p1a: Basculegion|Basculegion-F, L83, F|335/335\n|move|p2a: Zekrom|Substitute|p2a: Zekrom\n|-start|p2a: Zekrom|Substitute\n|-damage|p2a: Zekrom|32/259\n|\n|-heal|p2a: Zekrom|48/259|[from] item: Leftovers\n|upkeep\n|turn|43\n|\n|t:|1781465205\n|move|p2a: Zekrom|Bolt Strike|p1a: Basculegion\n|-supereffective|p1a: Basculegion\n|-damage|p1a: Basculegion|0 fnt\n|faint|p1a: Basculegion\n|\n|-heal|p2a: Zekrom|64/259|[from] item: Leftovers\n|upkeep\n|-message|justinprim forfeited.\n|\n|win|UmbreonSolitario\n", "inputlog": ">version a8376a258c1d4662feba110a92103f3664a72141\n>start {\"formatid\":\"gen9randombattle\",\"seed\":\"sodium,95f03d7cefd8bbf77c47bfaa7ae6ec98\",\"rated\":\"Rated battle\"}\n>player p1 {\"name\":\"justinprim\",\"avatar\":\"101\",\"rating\":2018,\"seed\":\"sodium,387c9bf1e4f71c4bb311ccecc425e0a8\"}\n>player p2 {\"name\":\"UmbreonSolitario\",\"avatar\":\"266\",\"rating\":2010,\"seed\":\"sodium,446f7fa706679a0f6d993f370a772314\"}\n>p1 move knockoff\n>p2 move crunch\n>p1 move recover\n>p2 move crunch\n>p1 switch 2\n>p2 move poisonfang\n>p1 move swordsdance\n>p2 move taunt\n>p1 move ironhead\n>p2 switch 5\n>p1 switch 6\n>p2 move closecombat\n>p1 move meteorbeam\n>p2 switch 3\n>p1 move armorcannon\n>p2 move throatchop\n>p1 switch 5\n>p1 move irondefense\n>p2 move bodyslam\n>p1 move bodypress\n>p2 switch 5\n>p1 move bodypress\n>p2 move taunt\n>p2 switch 3\n>p1 move dracometeor\n>p2 move closecombat\n>p2 switch 2\n>p1 switch 2\n>p2 move swordsdance\n>p1 move encore\n>p2 switch 5\n>p1 move knockoff\n>p2 move throatchop\n>p1 move recover\n>p2 move rest\n>p1 switch 2\n>p2 move sleeptalk\n>p1 move irondefense\n>p2 move sleeptalk\n>p1 move bodypress\n>p2 move bodyslam\n>p1 move bodypress\n>p2 move bodyslam\n>p2 switch 5\n>p1 move dracometeor\n>p2 move closecombat\n>p1 switch 2\n>p2 move closecombat\n>p1 move willowisp\n>p2 move acrobatics\n>p1 move recover\n>p2 move acrobatics\n>p1 move willowisp\n>p2 move acrobatics\n>p1 move encore\n>p2 move acrobatics\n>p1 move recover\n>p2 move acrobatics\n>p1 move recover\n>p2 move acrobatics\n>p1 move recover\n>p2 move closecombat\n>p2 switch 4\n>p1 move willowisp\n>p2 move fleurcannon\n>p1 switch 6\n>p1 move swordsdance\n>p2 move shiftgear terastallize\n>p1 move ironhead\n>p2 move terablast\n>p1 move suckerpunch\n>p2 move shiftgear\n>p1 move suckerpunch\n>p2 move terablast\n>p2 switch 6\n>p1 move throatchop\n>p2 move substitute\n>p1 move throatchop\n>p2 move boltstrike\n>p1 switch 2\n>p1 move bodypress\n>p2 move dragondance\n>p1 move bodypress\n>p2 move boltstrike\n>p1 switch 4\n>p1 move dracometeor terastallize\n>p2 move substitute\n>p1 move dracometeor\n>p2 move substitute\n>p1 move dracometeor\n>p2 move dragondance\n>chat \u2606justinprim|Wow\n>p1 switch 3\n>p2 move substitute\n>p1 move wavecrash\n>p2 move boltstrike\n>forcelose p1", "uploadtime": 1781464924, "views": 8, "formatid": "gen9randombattle", "rating": null, "private": 0, "password": null, "player_dets": [{"name": "justinprim", "avatar": "101", "rating": 2018, "seed": "sodium,387c9bf1e4f71c4bb311ccecc425e0a8"}, {"name": "UmbreonSolitario", "avatar": "266", "rating": 2010, "seed": "sodium,446f7fa706679a0f6d993f370a772314"}], "teams_full": [{"Sableye": {"name": "Sableye", "species": "Sableye", "speciesId": "sableye", "gender": "F", "shiny": false, "level": 88, "moves": ["recover", "encore", "willowisp", "knockoff"], "ability": "Prankster", "evs": {"hp": 85, "atk": 85, "def": 85, "spa": 85, "spd": 85, "spe": 85}, "ivs": {"hp": 31, "atk": 31, "def": 31, "spa": 31, "spd": 31, "spe": 31}, "item": "Leftovers", "teraType": "Steel", "role": "Bulky Support", "bvs": {"hp": 50, "atk": 75, "def": 75, "spa": 65, "spd": 65, "spe": 50}, "stats": {"hp": 231, "atk": 182, "def": 182, "spa": 165, "spd": 165, "spe": 138}, "types": ["Dark", "Ghost"]}, "Bisharp": {"name": "Bisharp", "species": "Bisharp", "speciesId": "bisharp", "gender": "F", "shiny": false, "level": 79, "moves": ["ironhead", "suckerpunch", "swordsdance", "throatchop"], "ability": "Defiant", "evs": {"hp": 85, "atk": 85, "def": 85, "spa": 85, "spd": 85, "spe": 85}, "ivs": {"hp": 31, "atk": 31, "def": 31, "spa": 31, "spd": 31, "spe": 31}, "item": "Eviolite", "teraType": "Flying", "role": "Bulky Attacker", "bvs": {"hp": 65, "atk": 125, "def": 100, "spa": 60, "spd": 70, "spe": 70}, "stats": {"hp": 232, "atk": 243, "def": 204, "spa": 140, "spd": 156, "spe": 156}, "types": ["Dark", "Steel"]}, "Basculegion": {"name": "Basculegion", "species": "Basculegion-F", "speciesId": "basculegionf", "gender": "F", "shiny": false, "level": 83, "moves": ["shadowball", "flipturn", "hydropump", "wavecrash"], "ability": "Adaptability", "evs": {"hp": 85, "atk": 85, "def": 85, "spa": 85, "spd": 85, "spe": 85}, "ivs": {"hp": 31, "atk": 31, "def": 31, "spa": 31, "spd": 31, "spe": 31}, "item": "Assault Vest", "teraType": "Water", "role": "AV Pivot", "bvs": {"hp": 120, "atk": 92, "def": 65, "spa": 100, "spd": 75, "spe": 78}, "stats": {"hp": 335, "atk": 200, "def": 156, "spa": 214, "spd": 172, "spe": 177}, "types": ["Water", "Ghost"]}, "Latias": {"name": "Latias", "species": "Latias", "speciesId": "latias", "gender": "F", "shiny": false, "level": 79, "moves": ["calmmind", "psyshock", "dracometeor", "recover"], "ability": "Levitate", "evs": {"hp": 85, "atk": 0, "def": 85, "spa": 85, "spd": 85, "spe": 85}, "ivs": {"hp": 31, "atk": 0, "def": 31, "spa": 31, "spd": 31, "spe": 31}, "item": "Soul Dew", "teraType": "Steel", "role": "Fast Bulky Setup", "bvs": {"hp": 80, "atk": 80, "def": 90, "spa": 110, "spd": 130, "spe": 110}, "stats": {"hp": 256, "atk": 131, "def": 188, "spa": 219, "spd": 251, "spe": 219}, "types": ["Dragon", "Psychic"]}, "Duraludon": {"name": "Duraludon", "species": "Duraludon", "speciesId": "duraludon", "gender": "M", "shiny": false, "level": 82, "moves": ["bodypress", "irondefense", "dracometeor", "flashcannon"], "ability": "Light Metal", "evs": {"hp": 85, "atk": 0, "def": 85, "spa": 85, "spd": 85, "spe": 85}, "ivs": {"hp": 31, "atk": 0, "def": 31, "spa": 31, "spd": 31, "spe": 31}, "item": "Eviolite", "teraType": "Fighting", "role": "Bulky Attacker", "bvs": {"hp": 70, "atk": 95, "def": 115, "spa": 120, "spd": 50, "spe": 85}, "stats": {"hp": 249, "atk": 160, "def": 236, "spa": 244, "spd": 129, "spe": 187}, "types": ["Steel", "Dragon"]}, "Armarouge": {"name": "Armarouge", "species": "Armarouge", "speciesId": "armarouge", "gender": "M", "shiny": false, "level": 80, "moves": ["energyball", "meteorbeam", "psyshock", "armorcannon"], "ability": "Weak Armor", "evs": {"hp": 85, "atk": 0, "def": 85, "spa": 85, "spd": 85, "spe": 85}, "ivs": {"hp": 31, "atk": 0, "def": 31, "spa": 31, "spd": 31, "spe": 31}, "item": "Power Herb", "teraType": "Fire", "role": "Setup Sweeper", "bvs": {"hp": 85, "atk": 60, "def": 100, "spa": 125, "spd": 80, "spe": 75}, "stats": {"hp": 267, "atk": 101, "def": 206, "spa": 246, "spd": 174, "spe": 166}, "types": ["Fire", "Psychic"]}}, {"Mightyena": {"name": "Mightyena", "species": "Mightyena", "speciesId": "mightyena", "gender": "F", "shiny": false, "level": 96, "moves": ["taunt", "crunch", "suckerpunch", "poisonfang"], "ability": "Intimidate", "evs": {"hp": 85, "atk": 85, "def": 85, "spa": 85, "spd": 85, "spe": 85}, "ivs": {"hp": 31, "atk": 31, "def": 31, "spa": 31, "spd": 31, "spe": 31}, "item": "Leftovers", "teraType": "Poison", "role": "Bulky Attacker", "bvs": {"hp": 70, "atk": 90, "def": 70, "spa": 60, "spd": 60, "spe": 70}, "stats": {"hp": 290, "atk": 227, "def": 189, "spa": 170, "spd": 170, "spe": 189}, "types": ["Dark"]}, "Sneasler": {"name": "Sneasler", "species": "Sneasler", "speciesId": "sneasler", "gender": "F", "shiny": false, "level": 74, "moves": ["swordsdance", "closecombat", "acrobatics", "gunkshot"], "ability": "Unburden", "evs": {"hp": 85, "atk": 85, "def": 85, "spa": 85, "spd": 85, "spe": 85}, "ivs": {"hp": 31, "atk": 31, "def": 31, "spa": 31, "spd": 31, "spe": 31}, "item": "White Herb", "teraType": "Flying", "role": "Setup Sweeper", "bvs": {"hp": 80, "atk": 130, "def": 60, "spa": 40, "spd": 80, "spe": 120}, "stats": {"hp": 240, "atk": 235, "def": 132, "spa": 102, "spd": 161, "spe": 221}, "types": ["Fighting", "Poison"]}, "Ursaring": {"name": "Ursaring", "species": "Ursaring", "speciesId": "ursaring", "gender": "F", "shiny": false, "level": 84, "moves": ["throatchop", "rest", "bodyslam", "sleeptalk"], "ability": "Guts", "evs": {"hp": 85, "atk": 85, "def": 85, "spa": 85, "spd": 85, "spe": 85}, "ivs": {"hp": 31, "atk": 31, "def": 31, "spa": 31, "spd": 31, "spe": 31}, "item": "Eviolite", "teraType": "Ghost", "role": "Bulky Attacker", "bvs": {"hp": 90, "atk": 130, "def": 75, "spa": 75, "spd": 75, "spe": 55}, "stats": {"hp": 288, "atk": 267, "def": 174, "spa": 174, "spd": 174, "spe": 141}, "types": ["Normal"]}, "Magearna": {"name": "Magearna", "species": "Magearna", "speciesId": "magearna", "gender": "N", "shiny": false, "level": 77, "moves": ["shiftgear", "terablast", "ironhead", "fleurcannon"], "ability": "Soul-Heart", "evs": {"hp": 85, "atk": 85, "def": 85, "spa": 85, "spd": 85, "spe": 85}, "ivs": {"hp": 31, "atk": 31, "def": 31, "spa": 31, "spd": 31, "spe": 31}, "item": "Weakness Policy", "teraType": "Ground", "role": "Tera Blast user", "bvs": {"hp": 80, "atk": 95, "def": 115, "spa": 130, "spd": 115, "spe": 65}, "stats": {"hp": 250, "atk": 191, "def": 222, "spa": 245, "spd": 222, "spe": 145}, "types": ["Steel", "Fairy"]}, "Flamigo": {"name": "Flamigo", "species": "Flamigo", "speciesId": "flamigo", "gender": "M", "shiny": false, "level": 82, "moves": ["bravebird", "closecombat", "throatchop", "uturn"], "ability": "Scrappy", "evs": {"hp": 85, "atk": 85, "def": 85, "spa": 85, "spd": 85, "spe": 85}, "ivs": {"hp": 31, "atk": 31, "def": 31, "spa": 31, "spd": 31, "spe": 31}, "item": "Choice Scarf", "teraType": "Fighting", "role": "Fast Attacker", "bvs": {"hp": 82, "atk": 115, "def": 74, "spa": 75, "spd": 64, "spe": 90}, "stats": {"hp": 269, "atk": 236, "def": 169, "spa": 170, "spd": 152, "spe": 195}, "types": ["Flying", "Fighting"]}, "Zekrom": {"name": "Zekrom", "species": "Zekrom", "speciesId": "zekrom", "gender": "N", "shiny": false, "level": 71, "moves": ["outrage", "substitute", "dragondance", "boltstrike"], "ability": "Teravolt", "evs": {"hp": 85, "atk": 85, "def": 85, "spa": 85, "spd": 85, "spe": 85}, "ivs": {"hp": 31, "atk": 31, "def": 31, "spa": 31, "spd": 31, "spe": 31}, "item": "Leftovers", "teraType": "Grass", "role": "Setup Sweeper", "bvs": {"hp": 100, "atk": 150, "def": 120, "spa": 120, "spd": 100, "spe": 90}, "stats": {"hp": 259, "atk": 254, "def": 212, "spa": 212, "spd": 183, "spe": 169}, "types": ["Dragon", "Electric"]}}]}