{"id": "gen9randombattle-2631856549", "format": "[Gen 9] Random Battle", "players": ["Conor3D", "Redstxnez"], "log": "|j|\u2606Conor3D\n|j|\u2606Redstxnez\n|t:|1781448722\n|gametype|singles\n|player|p1|Conor3D|dragontamer|\n|player|p2|Redstxnez|265|\n|gen|9\n|tier|[Gen 9] Random Battle\n|rule|Species Clause: Limit one of each Pok\u00e9mon\n|rule|HP Percentage Mod: HP is shown in percentages\n|rule|Sleep Clause Mod: Limit one foe put to sleep\n|rule|Illusion Level Mod: Illusion disguises the Pok\u00e9mon's true level\n|\n|t:|1781448722\n|teamsize|p1|6\n|teamsize|p2|6\n|start\n|switch|p1a: Mabosstiff|Mabosstiff, L86, F|278/278\n|switch|p2a: Delphox|Delphox, L84, F|263/263\n|turn|1\n|j| Swuppie\n|\n|t:|1781448733\n|move|p1a: Mabosstiff|Crunch|p2a: Delphox\n|-supereffective|p2a: Delphox\n|-damage|p2a: Delphox|5/263\n|move|p2a: Delphox|Fire Blast|p1a: Mabosstiff\n|-damage|p1a: Mabosstiff|0 fnt\n|faint|p1a: Mabosstiff\n|\n|upkeep\n|\n|t:|1781448745\n|switch|p1a: Magcargo|Magcargo, L95, F|268/268\n|turn|2\n|\n|t:|1781448748\n|move|p2a: Delphox|Fire Blast|p1a: Magcargo\n|-resisted|p1a: Magcargo\n|-crit|p1a: Magcargo\n|-damage|p1a: Magcargo|172/268\n|move|p1a: Magcargo|Shell Smash|p1a: Magcargo\n|-unboost|p1a: Magcargo|def|1\n|-unboost|p1a: Magcargo|spd|1\n|-boost|p1a: Magcargo|atk|2\n|-boost|p1a: Magcargo|spa|2\n|-boost|p1a: Magcargo|spe|2\n|\n|upkeep\n|turn|3\n|\n|t:|1781448768\n|move|p2a: Delphox|Fire Blast|p1a: Magcargo\n|-resisted|p1a: Magcargo\n|-damage|p1a: Magcargo|73/268\n|move|p1a: Magcargo|Shell Smash|p1a: Magcargo\n|-unboost|p1a: Magcargo|def|1\n|-unboost|p1a: Magcargo|spd|1\n|-boost|p1a: Magcargo|atk|2\n|-boost|p1a: Magcargo|spa|2\n|-boost|p1a: Magcargo|spe|2\n|\n|upkeep\n|turn|4\n|\n|t:|1781448778\n|move|p1a: Magcargo|Earth Power|p2a: Delphox\n|-supereffective|p2a: Delphox\n|-damage|p2a: Delphox|0 fnt\n|faint|p2a: Delphox\n|\n|upkeep\n|\n|t:|1781448785\n|switch|p2a: Dugtrio|Dugtrio-Alola, L84, M|196/196\n|turn|5\n|\n|t:|1781448790\n|move|p1a: Magcargo|Fire Blast|p2a: Dugtrio\n|-supereffective|p2a: Dugtrio\n|-damage|p2a: Dugtrio|0 fnt\n|faint|p2a: Dugtrio\n|\n|upkeep\n|\n|t:|1781448797\n|switch|p2a: Cyclizar|Cyclizar, L83, M|252/252\n|turn|6\n|\n|t:|1781448804\n|move|p1a: Magcargo|Power Gem|p2a: Cyclizar\n|-damage|p2a: Cyclizar|0 fnt\n|faint|p2a: Cyclizar\n|\n|upkeep\n|\n|t:|1781448809\n|switch|p2a: Oricorio|Oricorio-Sensu, L85, F|266/266\n|turn|7\n|\n|t:|1781448814\n|move|p1a: Magcargo|Power Gem|p2a: Oricorio\n|-supereffective|p2a: Oricorio\n|-damage|p2a: Oricorio|0 fnt\n|faint|p2a: Oricorio\n|\n|upkeep\n|\n|t:|1781448819\n|switch|p2a: Iron Crown|Iron Crown, L78|268/268\n|turn|8\n|\n|t:|1781448824\n|move|p1a: Magcargo|Earth Power|p2a: Iron Crown\n|-supereffective|p2a: Iron Crown\n|-damage|p2a: Iron Crown|0 fnt\n|faint|p2a: Iron Crown\n|-end|p2a: Iron Crown|Quark Drive|[silent]\n|\n|upkeep\n|\n|t:|1781448829\n|switch|p2a: Regice|Regice, L88|284/284\n|turn|9\n|\n|t:|1781448833\n|move|p1a: Magcargo|Power Gem|p2a: Regice\n|-supereffective|p2a: Regice\n|-damage|p2a: Regice|0 fnt\n|faint|p2a: Regice\n|\n|win|Conor3D\n", "inputlog": ">version a8376a258c1d4662feba110a92103f3664a72141\n>start {\"formatid\":\"gen9randombattle\",\"seed\":\"sodium,75d66c63136247a283361ab77bdf6729\"}\n>player p1 {\"name\":\"Conor3D\",\"avatar\":\"dragontamer\",\"rating\":0,\"seed\":\"sodium,0d959cdfdab0eeb3df14e4aa16e1a730\"}\n>player p2 {\"name\":\"Redstxnez\",\"avatar\":\"265\",\"rating\":0,\"seed\":\"sodium,fe5592d366e2a909e0b2473f0496c3ef\"}\n>p1 move crunch\n>p2 move fireblast\n>p1 switch 2\n>p1 move shellsmash\n>p2 move fireblast\n>p1 move shellsmash\n>p2 move fireblast\n>p1 move earthpower\n>p2 move fireblast\n>p2 switch 4\n>p1 move fireblast\n>p2 move earthquake\n>p2 switch 6\n>p1 move powergem\n>p2 move rapidspin\n>p2 switch 3\n>p1 move powergem\n>p2 move hurricane\n>p2 switch 2\n>p1 move earthpower\n>p2 move psyshock\n>p2 switch 5\n>p1 move powergem\n>p2 move thunderbolt", "uploadtime": 1781448840, "views": 30, "formatid": "gen9randombattle", "rating": null, "private": 0, "password": null, "player_dets": [{"name": "Conor3D", "avatar": "dragontamer", "rating": 0, "seed": "sodium,0d959cdfdab0eeb3df14e4aa16e1a730"}, {"name": "Redstxnez", "avatar": "265", "rating": 0, "seed": "sodium,fe5592d366e2a909e0b2473f0496c3ef"}], "teams_full": [{"Mabosstiff": {"name": "Mabosstiff", "species": "Mabosstiff", "speciesId": "mabosstiff", "gender": "F", "shiny": false, "level": 86, "moves": ["wildcharge", "playrough", "psychicfangs", "crunch"], "ability": "Stakeout", "evs": {"hp": 85, "atk": 85, "def": 85, "spa": 85, "spd": 85, "spe": 85}, "ivs": {"hp": 31, "atk": 31, "def": 31, "spa": 31, "spd": 31, "spe": 31}, "item": "Choice Scarf", "teraType": "Dark", "role": "Bulky Attacker", "bvs": {"hp": 80, "atk": 120, "def": 90, "spa": 60, "spd": 70, "spe": 85}, "stats": {"hp": 278, "atk": 256, "def": 204, "spa": 152, "spd": 170, "spe": 195}}, "Magcargo": {"name": "Magcargo", "species": "Magcargo", "speciesId": "magcargo", "gender": "F", "shiny": false, "level": 95, "moves": ["shellsmash", "powergem", "fireblast", "earthpower"], "ability": "Weak Armor", "evs": {"hp": 85, "atk": 0, "def": 85, "spa": 85, "spd": 85, "spe": 85}, "ivs": {"hp": 31, "atk": 0, "def": 31, "spa": 31, "spd": 31, "spe": 31}, "item": "Heavy-Duty Boots", "teraType": "Dragon", "role": "Setup Sweeper", "bvs": {"hp": 60, "atk": 50, "def": 120, "spa": 90, "spd": 80, "spe": 30}, "stats": {"hp": 268, "atk": 100, "def": 282, "spa": 225, "spd": 206, "spe": 111}}, "Calyrex": {"name": "Calyrex", "species": "Calyrex-Ice", "speciesId": "calyrexice", "gender": "N", "shiny": false, "level": 72, "moves": ["highhorsepower", "glaciallance", "trickroom", "closecombat"], "ability": "As One (Glastrier)", "evs": {"hp": 85, "atk": 85, "def": 85, "spa": 85, "spd": 85, "spe": 0}, "ivs": {"hp": 31, "atk": 31, "def": 31, "spa": 31, "spd": 31, "spe": 0}, "item": "Heavy-Duty Boots", "teraType": "Ground", "role": "Wallbreaker", "bvs": {"hp": 100, "atk": 165, "def": 150, "spa": 85, "spd": 130, "spe": 50}, "stats": {"hp": 263, "atk": 280, "def": 258, "spa": 164, "spd": 229, "spe": 77}}, "Hypno": {"name": "Hypno", "species": "Hypno", "speciesId": "hypno", "gender": "M", "shiny": false, "level": 95, "moves": ["psychicnoise", "thunderwave", "knockoff", "encore"], "ability": "Insomnia", "evs": {"hp": 85, "atk": 85, "def": 85, "spa": 85, "spd": 85, "spe": 85}, "ivs": {"hp": 31, "atk": 31, "def": 31, "spa": 31, "spd": 31, "spe": 31}, "item": "Leftovers", "teraType": "Fairy", "role": "Bulky Support", "bvs": {"hp": 85, "atk": 73, "def": 70, "spa": 73, "spd": 115, "spe": 67}, "stats": {"hp": 315, "atk": 193, "def": 187, "spa": 193, "spd": 272, "spe": 181}}, "Zacian": {"name": "Zacian", "species": "Zacian", "speciesId": "zaciancrowned", "gender": "N", "shiny": false, "level": 64, "moves": ["swordsdance", "closecombat", "playrough", "behemothblade"], "ability": "Intrepid Sword", "evs": {"hp": 85, "atk": 85, "def": 85, "spa": 85, "spd": 85, "spe": 85}, "ivs": {"hp": 31, "atk": 31, "def": 31, "spa": 31, "spd": 31, "spe": 31}, "item": "Rusted Sword", "teraType": "Fighting", "role": "Setup Sweeper", "bvs": {"hp": 92, "atk": 150, "def": 115, "spa": 80, "spd": 115, "spe": 148}, "stats": {"hp": 225, "atk": 230, "def": 185, "spa": 140, "spd": 185, "spe": 227}}, "Porygon-Z": {"name": "Porygon-Z", "species": "Porygon-Z", "speciesId": "porygonz", "gender": "N", "shiny": false, "level": 83, "moves": ["shadowball", "trick", "thunderbolt", "triattack"], "ability": "Download", "evs": {"hp": 85, "atk": 0, "def": 85, "spa": 85, "spd": 85, "spe": 85}, "ivs": {"hp": 31, "atk": 0, "def": 31, "spa": 31, "spd": 31, "spe": 31}, "item": "Choice Scarf", "teraType": "Ghost", "role": "Fast Attacker", "bvs": {"hp": 85, "atk": 80, "def": 70, "spa": 135, "spd": 75, "spe": 90}, "stats": {"hp": 277, "atk": 137, "def": 164, "spa": 272, "spd": 172, "spe": 197}}}, {"Delphox": {"name": "Delphox", "species": "Delphox", "speciesId": "delphox", "gender": "F", "shiny": false, "level": 84, "moves": ["grassknot", "psyshock", "focusblast", "fireblast"], "ability": "Blaze", "evs": {"hp": 85, "atk": 0, "def": 85, "spa": 85, "spd": 85, "spe": 85}, "ivs": {"hp": 31, "atk": 0, "def": 31, "spa": 31, "spd": 31, "spe": 31}, "item": "Choice Specs", "teraType": "Fighting", "role": "Fast Attacker", "bvs": {"hp": 75, "atk": 69, "def": 72, "spa": 114, "spd": 100, "spe": 104}, "stats": {"hp": 263, "atk": 120, "def": 169, "spa": 240, "spd": 216, "spe": 223}}, "Iron Crown": {"name": "Iron Crown", "species": "Iron Crown", "speciesId": "ironcrown", "gender": "N", "shiny": false, "level": 78, "moves": ["voltswitch", "focusblast", "tachyoncutter", "psyshock"], "ability": "Quark Drive", "evs": {"hp": 85, "atk": 0, "def": 85, "spa": 85, "spd": 85, "spe": 85}, "ivs": {"hp": 31, "atk": 0, "def": 31, "spa": 31, "spd": 31, "spe": 31}, "item": "Choice Specs", "teraType": "Fighting", "role": "Wallbreaker", "bvs": {"hp": 90, "atk": 72, "def": 100, "spa": 122, "spd": 108, "spe": 98}, "stats": {"hp": 268, "atk": 117, "def": 201, "spa": 235, "spd": 214, "spe": 198}}, "Oricorio": {"name": "Oricorio", "species": "Oricorio-Sensu", "speciesId": "oricoriosensu", "gender": "F", "shiny": false, "level": 85, "moves": ["roost", "revelationdance", "quiverdance", "hurricane"], "ability": "Dancer", "evs": {"hp": 85, "atk": 0, "def": 85, "spa": 85, "spd": 85, "spe": 85}, "ivs": {"hp": 31, "atk": 0, "def": 31, "spa": 31, "spd": 31, "spe": 31}, "item": "Heavy-Duty Boots", "teraType": "Fighting", "role": "Setup Sweeper", "bvs": {"hp": 75, "atk": 70, "def": 70, "spa": 98, "spd": 70, "spe": 93}, "stats": {"hp": 266, "atk": 124, "def": 168, "spa": 215, "spd": 168, "spe": 207}}, "Dugtrio": {"name": "Dugtrio", "species": "Dugtrio-Alola", "speciesId": "dugtrioalola", "gender": "M", "shiny": false, "level": 84, "moves": ["earthquake", "swordsdance", "suckerpunch", "ironhead"], "ability": "Tangling Hair", "evs": {"hp": 85, "atk": 85, "def": 85, "spa": 85, "spd": 85, "spe": 85}, "ivs": {"hp": 31, "atk": 31, "def": 31, "spa": 31, "spd": 31, "spe": 31}, "item": "Life Orb", "teraType": "Steel", "role": "Fast Attacker", "bvs": {"hp": 35, "atk": 100, "def": 60, "spa": 50, "spd": 70, "spe": 110}, "stats": {"hp": 196, "atk": 216, "def": 149, "spa": 132, "spd": 166, "spe": 233}}, "Regice": {"name": "Regice", "species": "Regice", "speciesId": "regice", "gender": "N", "shiny": false, "level": 88, "moves": ["bodypress", "thunderbolt", "thunderwave", "icebeam"], "ability": "Clear Body", "evs": {"hp": 85, "atk": 0, "def": 85, "spa": 85, "spd": 85, "spe": 85}, "ivs": {"hp": 31, "atk": 0, "def": 31, "spa": 31, "spd": 31, "spe": 31}, "item": "Heavy-Duty Boots", "teraType": "Electric", "role": "Bulky Attacker", "bvs": {"hp": 80, "atk": 50, "def": 100, "spa": 100, "spd": 200, "spe": 50}, "stats": {"hp": 284, "atk": 93, "def": 226, "spa": 226, "spd": 402, "spe": 138}}, "Cyclizar": {"name": "Cyclizar", "species": "Cyclizar", "speciesId": "cyclizar", "gender": "M", "shiny": false, "level": 83, "moves": ["rapidspin", "shedtail", "knockoff", "dracometeor"], "ability": "Regenerator", "evs": {"hp": 85, "atk": 85, "def": 85, "spa": 85, "spd": 85, "spe": 85}, "ivs": {"hp": 31, "atk": 31, "def": 31, "spa": 31, "spd": 31, "spe": 31}, "item": "Heavy-Duty Boots", "teraType": "Dragon", "role": "Fast Support", "bvs": {"hp": 70, "atk": 95, "def": 65, "spa": 85, "spd": 65, "spe": 121}, "stats": {"hp": 252, "atk": 205, "def": 156, "spa": 189, "spd": 156, "spe": 249}}}]}