{"id": "gen9randombattle-2631841178", "format": "[Gen 9] Random Battle", "players": ["makkereel", "Magikarpitalism"], "log": "|j|\u2606makkereel\n|j|\u2606Magikarpitalism\n|t:|1781446894\n|gametype|singles\n|player|p1|makkereel|170|2182\n|player|p2|Magikarpitalism|steven|2161\n|gen|9\n|tier|[Gen 9] Random Battle\n|rated|\n|rule|Species Clause: Limit one of each Pok\u00e9mon\n|rule|HP Percentage Mod: HP is shown in percentages\n|rule|Sleep Clause Mod: Limit one foe put to sleep\n|rule|Illusion Level Mod: Illusion disguises the Pok\u00e9mon's true level\n|\n|t:|1781446894\n|teamsize|p1|6\n|teamsize|p2|6\n|start\n|switch|p1a: Qwilfish|Qwilfish-Hisui, L83, M|244/244\n|switch|p2a: Articuno|Articuno, L86|295/295\n|-ability|p2a: Articuno|Pressure\n|-ability|p1a: Qwilfish|Intimidate|boost\n|-unboost|p2a: Articuno|atk|1\n|turn|1\n|\n|t:|1781446912\n|switch|p1a: Mightyena|Mightyena, L96, F|290/290\n|-ability|p1a: Mightyena|Intimidate|boost\n|-unboost|p2a: Articuno|atk|1\n|move|p2a: Articuno|Freeze-Dry|p1a: Mightyena\n|-damage|p1a: Mightyena|226/290\n|\n|upkeep\n|turn|2\n|\n|t:|1781446919\n|switch|p2a: Klawf|Klawf, L90, M|272/272\n|move|p1a: Mightyena|Poison Fang|p2a: Klawf\n|-resisted|p2a: Klawf\n|-damage|p2a: Klawf|256/272\n|\n|upkeep\n|turn|3\n|\n|t:|1781446925\n|move|p1a: Mightyena|Poison Fang|p2a: Klawf\n|-resisted|p2a: Klawf\n|-damage|p2a: Klawf|238/272\n|move|p2a: Klawf|Stealth Rock|p1a: Mightyena\n|-sidestart|p1: makkereel|move: Stealth Rock\n|\n|upkeep\n|turn|4\n|\n|t:|1781446928\n|move|p1a: Mightyena|Poison Fang|p2a: Klawf\n|-resisted|p2a: Klawf\n|-damage|p2a: Klawf|222/272\n|-status|p2a: Klawf|tox\n|move|p2a: Klawf|Stone Edge|p1a: Mightyena\n|-damage|p1a: Mightyena|73/290\n|-damage|p2a: Klawf|195/272 tox|[from] item: Life Orb\n|\n|-damage|p2a: Klawf|178/272 tox|[from] psn\n|upkeep\n|turn|5\n|\n|t:|1781446937\n|move|p1a: Mightyena|Super Fang|p2a: Klawf\n|-damage|p2a: Klawf|89/272 tox\n|move|p2a: Klawf|Stone Edge|p1a: Mightyena\n|-damage|p1a: Mightyena|0 fnt\n|faint|p1a: Mightyena\n|-damage|p2a: Klawf|62/272 tox|[from] item: Life Orb\n|\n|-damage|p2a: Klawf|28/272 tox|[from] psn\n|upkeep\n|\n|t:|1781446950\n|switch|p1a: Qwilfish|Qwilfish-Hisui, L83, M|244/244\n|-damage|p1a: Qwilfish|214/244|[from] Stealth Rock\n|-ability|p1a: Qwilfish|Intimidate|boost\n|-unboost|p2a: Klawf|atk|1\n|turn|6\n|\n|t:|1781446958\n|switch|p2a: Articuno|Articuno, L86|295/295\n|-ability|p2a: Articuno|Pressure\n|move|p1a: Qwilfish|Toxic Spikes|p2a: Articuno\n|-sidestart|p2: Magikarpitalism|move: Toxic Spikes\n|\n|upkeep\n|turn|7\n|\n|t:|1781446963\n|move|p2a: Articuno|Freeze-Dry|p1a: Qwilfish\n|-damage|p1a: Qwilfish|139/244\n|move|p1a: Qwilfish|Gunk Shot|p2a: Articuno|[miss]\n|-miss|p1a: Qwilfish|p2a: Articuno\n|\n|upkeep\n|turn|8\n|\n|t:|1781446967\n|move|p2a: Articuno|Freeze-Dry|p1a: Qwilfish\n|-damage|p1a: Qwilfish|60/244\n|move|p1a: Qwilfish|Gunk Shot|p2a: Articuno|[miss]\n|-miss|p1a: Qwilfish|p2a: Articuno\n|\n|upkeep\n|turn|9\n|c|\u2606makkereel|what a game this is\n|\n|t:|1781446984\n|move|p2a: Articuno|Substitute|p2a: Articuno\n|-start|p2a: Articuno|Substitute\n|-damage|p2a: Articuno|222/295\n|move|p1a: Qwilfish|Gunk Shot|p2a: Articuno\n|-crit|p2a: Articuno\n|-end|p2a: Articuno|Substitute\n|\n|upkeep\n|turn|10\n|\n|t:|1781446991\n|move|p2a: Articuno|Freeze-Dry|p1a: Qwilfish\n|-damage|p1a: Qwilfish|0 fnt\n|faint|p1a: Qwilfish\n|\n|upkeep\n|\n|t:|1781446997\n|switch|p1a: Sylveon|Sylveon, L85, F|300/300\n|-damage|p1a: Sylveon|263/300|[from] Stealth Rock\n|turn|11\n|\n|t:|1781447002\n|switch|p2a: Klawf|Klawf, L90, M|118/272 tox\n|move|p1a: Sylveon|Calm Mind|p1a: Sylveon\n|-boost|p1a: Sylveon|spa|1\n|-boost|p1a: Sylveon|spd|1\n|\n|-heal|p1a: Sylveon|281/300|[from] item: Leftovers\n|-damage|p2a: Klawf|101/272 tox|[from] psn\n|upkeep\n|turn|12\n|\n|t:|1781447006\n|move|p1a: Sylveon|Protect|p1a: Sylveon\n|-singleturn|p1a: Sylveon|Protect\n|move|p2a: Klawf|Stone Edge|p1a: Sylveon\n|-activate|p1a: Sylveon|move: Protect\n|\n|-heal|p1a: Sylveon|299/300|[from] item: Leftovers\n|-damage|p2a: Klawf|67/272 tox|[from] psn\n|upkeep\n|turn|13\n|\n|t:|1781447014\n|move|p2a: Klawf|Knock Off|p1a: Sylveon\n|-resisted|p1a: Sylveon\n|-damage|p1a: Sylveon|229/300\n|-enditem|p1a: Sylveon|Leftovers|[from] move: Knock Off|[of] p2a: Klawf\n|-damage|p2a: Klawf|40/272 tox|[from] item: Life Orb\n|move|p1a: Sylveon|Wish|p1a: Sylveon\n|\n|-damage|p2a: Klawf|0 fnt|[from] psn\n|faint|p2a: Klawf\n|upkeep\n|\n|t:|1781447022\n|switch|p2a: Cyclizar|Cyclizar, L83, M|252/252\n|turn|14\n|\n|t:|1781447026\n|move|p2a: Cyclizar|Shed Tail|p2a: Cyclizar\n|-start|p2a: Cyclizar|Substitute|[from] move: Shed Tail\n|-damage|p2a: Cyclizar|126/252\n|\n|t:|1781447028\n|switch|p2a: Solgaleo|Solgaleo, L74|325/325|[from] Shed Tail\n|move|p1a: Sylveon|Hyper Voice|p2a: Solgaleo\n|-resisted|p2a: Solgaleo\n|-damage|p2a: Solgaleo|222/325\n|\n|-heal|p1a: Sylveon|300/300|[from] move: Wish|[wisher] Sylveon\n|-heal|p2a: Solgaleo|242/325|[from] item: Leftovers\n|upkeep\n|turn|15\n|\n|t:|1781447033\n|switch|p1a: Clodsire|Clodsire, L81, F|343/343\n|-damage|p1a: Clodsire|322/343|[from] Stealth Rock\n|move|p2a: Solgaleo|Sunsteel Strike|p1a: Clodsire\n|-damage|p1a: Clodsire|171/343\n|\n|-heal|p2a: Solgaleo|262/325|[from] item: Leftovers\n|-heal|p1a: Clodsire|192/343|[from] item: Leftovers\n|upkeep\n|turn|16\n|\n|t:|1781447044\n|move|p2a: Solgaleo|Psychic Fangs|p1a: Clodsire\n|-supereffective|p1a: Clodsire\n|-damage|p1a: Clodsire|0 fnt\n|faint|p1a: Clodsire\n|\n|-heal|p2a: Solgaleo|282/325|[from] item: Leftovers\n|upkeep\n|\n|t:|1781447049\n|switch|p1a: Rillaboom|Rillaboom, L79, M|288/288\n|-damage|p1a: Rillaboom|252/288|[from] Stealth Rock\n|-fieldstart|move: Grassy Terrain|[from] ability: Grassy Surge|[of] p1a: Rillaboom\n|turn|17\n|\n|t:|1781447053\n|move|p2a: Solgaleo|Sunsteel Strike|p1a: Rillaboom\n|-damage|p1a: Rillaboom|131/288\n|move|p1a: Rillaboom|High Horsepower|p2a: Solgaleo\n|-supereffective|p2a: Solgaleo\n|-end|p2a: Solgaleo|Substitute\n|-damage|p1a: Rillaboom|103/288|[from] item: Life Orb\n|\n|-heal|p2a: Solgaleo|302/325|[from] Grassy Terrain\n|-heal|p2a: Solgaleo|322/325|[from] item: Leftovers\n|-heal|p1a: Rillaboom|121/288|[from] Grassy Terrain\n|upkeep\n|turn|18\n|\n|t:|1781447061\n|switch|p2a: Articuno|Articuno, L86|222/295\n|-ability|p2a: Articuno|Pressure\n|move|p1a: Rillaboom|High Horsepower|p2a: Articuno\n|-immune|p2a: Articuno\n|\n|-heal|p1a: Rillaboom|139/288|[from] Grassy Terrain\n|upkeep\n|turn|19\n|-message|makkereel forfeited.\n|\n|win|Magikarpitalism\n|raw|makkereel's rating: 2182 &rarr; <strong>2161</strong><br />(-21 for losing)\n|raw|Magikarpitalism's rating: 2161 &rarr; <strong>2182</strong><br />(+21 for winning)\n|l|\u2606makkereel\n|player|p1|\n", "inputlog": ">version a8376a258c1d4662feba110a92103f3664a72141\n>start {\"formatid\":\"gen9randombattle\",\"seed\":\"sodium,9f1e842151d6565ffbdc57ab90a01d48\",\"rated\":\"Rated battle\"}\n>player p1 {\"name\":\"makkereel\",\"avatar\":\"170\",\"rating\":2182,\"seed\":\"sodium,b8aa91cf879c3877a15bba23eb6b3723\"}\n>player p2 {\"name\":\"Magikarpitalism\",\"avatar\":\"steven\",\"rating\":2161,\"seed\":\"sodium,8ebb4eca10a4f2366a569734bde2c5ea\"}\n>p1 switch 6\n>p2 move freezedry\n>p1 move poisonfang\n>p2 switch 5\n>p1 move poisonfang\n>p2 move stealthrock\n>p1 move poisonfang\n>p2 move stoneedge\n>p1 move superfang\n>p2 move stoneedge\n>p1 switch 6\n>p1 move toxicspikes\n>p2 switch 5\n>p1 move gunkshot\n>p2 move freezedry\n>p1 move gunkshot\n>p2 move freezedry\n>chat \u2606makkereel|what a game this is\n>p1 move gunkshot\n>p2 move substitute\n>p1 move crunch\n>p2 move freezedry\n>p1 switch 5\n>p1 move calmmind\n>p2 switch 5\n>p1 move protect\n>p2 move stoneedge\n>p1 move wish\n>p2 move knockoff\n>p2 switch 2\n>p1 move hypervoice\n>p2 move shedtail\n>p2 switch 4\n>p1 switch 4\n>p2 move sunsteelstrike\n>p1 move recover\n>p2 move psychicfangs\n>p1 switch 3\n>p1 move highhorsepower\n>p2 move sunsteelstrike\n>p1 move highhorsepower\n>p2 switch 5\n>forcelose p1", "uploadtime": 1781446896, "views": 9, "formatid": "gen9randombattle", "rating": 2161, "private": 0, "password": null, "player_dets": [{"name": "makkereel", "avatar": "170", "rating": 2182, "seed": "sodium,b8aa91cf879c3877a15bba23eb6b3723"}, {"name": "Magikarpitalism", "avatar": "steven", "rating": 2161, "seed": "sodium,8ebb4eca10a4f2366a569734bde2c5ea"}], "teams_full": [{"Qwilfish": {"name": "Qwilfish", "species": "Qwilfish-Hisui", "speciesId": "qwilfishhisui", "gender": "M", "shiny": false, "level": 83, "moves": ["toxicspikes", "crunch", "gunkshot", "spikes"], "ability": "Intimidate", "evs": {"hp": 85, "atk": 85, "def": 85, "spa": 85, "spd": 85, "spe": 85}, "ivs": {"hp": 31, "atk": 31, "def": 31, "spa": 31, "spd": 31, "spe": 31}, "item": "Eviolite", "teraType": "Flying", "role": "Bulky Support", "bvs": {"hp": 65, "atk": 95, "def": 85, "spa": 55, "spd": 55, "spe": 85}, "stats": {"hp": 244, "atk": 205, "def": 189, "spa": 139, "spd": 139, "spe": 189}, "types": ["Dark", "Poison"]}, "Decidueye": {"name": "Decidueye", "species": "Decidueye-Hisui", "speciesId": "decidueyehisui", "gender": "M", "shiny": false, "level": 87, "moves": ["roost", "leafblade", "suckerpunch", "triplearrows"], "ability": "Scrappy", "evs": {"hp": 85, "atk": 85, "def": 85, "spa": 85, "spd": 85, "spe": 85}, "ivs": {"hp": 31, "atk": 31, "def": 31, "spa": 31, "spd": 31, "spe": 31}, "item": "Leftovers", "teraType": "Water", "role": "Bulky Attacker", "bvs": {"hp": 88, "atk": 112, "def": 80, "spa": 95, "spd": 95, "spe": 60}, "stats": {"hp": 295, "atk": 245, "def": 189, "spa": 215, "spd": 215, "spe": 154}, "types": ["Grass", "Fighting"]}, "Rillaboom": {"name": "Rillaboom", "species": "Rillaboom", "speciesId": "rillaboom", "gender": "M", "shiny": false, "level": 79, "moves": ["woodhammer", "highhorsepower", "grassyglide", "swordsdance"], "ability": "Grassy Surge", "evs": {"hp": 85, "atk": 85, "def": 85, "spa": 85, "spd": 85, "spe": 85}, "ivs": {"hp": 31, "atk": 31, "def": 31, "spa": 31, "spd": 31, "spe": 31}, "item": "Life Orb", "teraType": "Grass", "role": "Fast Attacker", "bvs": {"hp": 100, "atk": 125, "def": 90, "spa": 60, "spd": 70, "spe": 85}, "stats": {"hp": 288, "atk": 243, "def": 188, "spa": 140, "spd": 156, "spe": 180}, "types": ["Grass"]}, "Clodsire": {"name": "Clodsire", "species": "Clodsire", "speciesId": "clodsire", "gender": "F", "shiny": false, "level": 81, "moves": ["recover", "earthquake", "curse", "gunkshot"], "ability": "Unaware", "evs": {"hp": 85, "atk": 85, "def": 85, "spa": 85, "spd": 85, "spe": 85}, "ivs": {"hp": 31, "atk": 31, "def": 31, "spa": 31, "spd": 31, "spe": 31}, "item": "Leftovers", "teraType": "Flying", "role": "Bulky Attacker", "bvs": {"hp": 130, "atk": 75, "def": 60, "spa": 45, "spd": 100, "spe": 20}, "stats": {"hp": 343, "atk": 168, "def": 144, "spa": 120, "spd": 209, "spe": 79}, "types": ["Poison", "Ground"]}, "Sylveon": {"name": "Sylveon", "species": "Sylveon", "speciesId": "sylveon", "gender": "F", "shiny": false, "level": 85, "moves": ["hypervoice", "protect", "calmmind", "wish"], "ability": "Pixilate", "evs": {"hp": 85, "atk": 0, "def": 85, "spa": 85, "spd": 85, "spe": 85}, "ivs": {"hp": 31, "atk": 0, "def": 31, "spa": 31, "spd": 31, "spe": 31}, "item": "Leftovers", "teraType": "Steel", "role": "Bulky Setup", "bvs": {"hp": 95, "atk": 65, "def": 65, "spa": 110, "spd": 130, "spe": 60}, "stats": {"hp": 300, "atk": 115, "def": 159, "spa": 236, "spd": 270, "spe": 151}, "types": ["Fairy"]}, "Mightyena": {"name": "Mightyena", "species": "Mightyena", "speciesId": "mightyena", "gender": "F", "shiny": false, "level": 96, "moves": ["throatchop", "superfang", "poisonfang", "playrough"], "ability": "Intimidate", "evs": {"hp": 85, "atk": 85, "def": 85, "spa": 85, "spd": 85, "spe": 85}, "ivs": {"hp": 31, "atk": 31, "def": 31, "spa": 31, "spd": 31, "spe": 31}, "item": "Assault Vest", "teraType": "Fairy", "role": "AV Pivot", "bvs": {"hp": 70, "atk": 90, "def": 70, "spa": 60, "spd": 60, "spe": 70}, "stats": {"hp": 290, "atk": 227, "def": 189, "spa": 170, "spd": 170, "spe": 189}, "types": ["Dark"]}}, {"Articuno": {"name": "Articuno", "species": "Articuno", "speciesId": "articuno", "gender": "N", "shiny": false, "level": 86, "moves": ["roost", "freezedry", "bravebird", "substitute"], "ability": "Pressure", "evs": {"hp": 85, "atk": 85, "def": 85, "spa": 85, "spd": 85, "spe": 85}, "ivs": {"hp": 31, "atk": 31, "def": 31, "spa": 31, "spd": 31, "spe": 31}, "item": "Heavy-Duty Boots", "teraType": "Steel", "role": "Bulky Support", "bvs": {"hp": 90, "atk": 85, "def": 100, "spa": 95, "spd": 125, "spe": 85}, "stats": {"hp": 295, "atk": 195, "def": 221, "spa": 213, "spd": 264, "spe": 195}, "types": ["Ice", "Flying"]}, "Cyclizar": {"name": "Cyclizar", "species": "Cyclizar", "speciesId": "cyclizar", "gender": "M", "shiny": false, "level": 83, "moves": ["knockoff", "dracometeor", "rapidspin", "shedtail"], "ability": "Regenerator", "evs": {"hp": 85, "atk": 85, "def": 85, "spa": 85, "spd": 85, "spe": 85}, "ivs": {"hp": 31, "atk": 31, "def": 31, "spa": 31, "spd": 31, "spe": 31}, "item": "Heavy-Duty Boots", "teraType": "Fairy", "role": "Fast Support", "bvs": {"hp": 70, "atk": 95, "def": 65, "spa": 85, "spd": 65, "spe": 121}, "stats": {"hp": 252, "atk": 205, "def": 156, "spa": 189, "spd": 156, "spe": 249}, "types": ["Dragon", "Normal"]}, "Braviary": {"name": "Braviary", "species": "Braviary-Hisui", "speciesId": "braviaryhisui", "gender": "M", "shiny": false, "level": 85, "moves": ["hurricane", "agility", "psychic", "heatwave"], "ability": "Sheer Force", "evs": {"hp": 85, "atk": 0, "def": 85, "spa": 85, "spd": 85, "spe": 85}, "ivs": {"hp": 31, "atk": 0, "def": 31, "spa": 31, "spd": 31, "spe": 31}, "item": "Life Orb", "teraType": "Psychic", "role": "Setup Sweeper", "bvs": {"hp": 110, "atk": 83, "def": 70, "spa": 112, "spd": 70, "spe": 65}, "stats": {"hp": 326, "atk": 146, "def": 168, "spa": 239, "spd": 168, "spe": 159}, "types": ["Psychic", "Flying"]}, "Solgaleo": {"name": "Solgaleo", "species": "Solgaleo", "speciesId": "solgaleo", "gender": "N", "shiny": false, "level": 74, "moves": ["sunsteelstrike", "psychicfangs", "morningsun", "closecombat"], "ability": "Full Metal Body", "evs": {"hp": 85, "atk": 85, "def": 85, "spa": 85, "spd": 85, "spe": 85}, "ivs": {"hp": 31, "atk": 31, "def": 31, "spa": 31, "spd": 31, "spe": 31}, "item": "Leftovers", "teraType": "Water", "role": "Bulky Attacker", "bvs": {"hp": 137, "atk": 137, "def": 107, "spa": 113, "spd": 89, "spe": 97}, "stats": {"hp": 325, "atk": 246, "def": 201, "spa": 210, "spd": 175, "spe": 187}, "types": ["Psychic", "Steel"]}, "Klawf": {"name": "Klawf", "species": "Klawf", "speciesId": "klawf", "gender": "M", "shiny": false, "level": 90, "moves": ["crabhammer", "stealthrock", "knockoff", "stoneedge"], "ability": "Regenerator", "evs": {"hp": 85, "atk": 85, "def": 85, "spa": 85, "spd": 85, "spe": 85}, "ivs": {"hp": 31, "atk": 31, "def": 31, "spa": 31, "spd": 31, "spe": 31}, "item": "Life Orb", "teraType": "Water", "role": "Fast Attacker", "bvs": {"hp": 70, "atk": 100, "def": 115, "spa": 35, "spd": 55, "spe": 75}, "stats": {"hp": 272, "atk": 231, "def": 258, "spa": 114, "spd": 150, "spe": 186}, "types": ["Rock"]}, "Regidrago": {"name": "Regidrago", "species": "Regidrago", "speciesId": "regidrago", "gender": "N", "shiny": false, "level": 77, "moves": ["dragondance", "dragonclaw", "earthquake", "terablast"], "ability": "Dragon's Maw", "evs": {"hp": 85, "atk": 85, "def": 85, "spa": 85, "spd": 85, "spe": 85}, "ivs": {"hp": 31, "atk": 31, "def": 31, "spa": 31, "spd": 31, "spe": 31}, "item": "Life Orb", "teraType": "Steel", "role": "Tera Blast user", "bvs": {"hp": 200, "atk": 100, "def": 50, "spa": 100, "spd": 50, "spe": 80}, "stats": {"hp": 435, "atk": 199, "def": 122, "spa": 199, "spd": 122, "spe": 168}, "types": ["Dragon"]}}]}