{"id": "gen9randombattle-2631363920", "format": "[Gen 9] Random Battle", "players": ["kaisarian", "Flamesenpai557"], "log": "|j|\u2606kaisarian\n|j|\u2606Flamesenpai557\n|t:|1781375954\n|gametype|singles\n|player|p1|kaisarian|lucas-gen4pt|\n|player|p2|Flamesenpai557|101|\n|gen|9\n|tier|[Gen 9] Random Battle\n|rule|Species Clause: Limit one of each Pok\u00e9mon\n|rule|HP Percentage Mod: HP is shown in percentages\n|rule|Sleep Clause Mod: Limit one foe put to sleep\n|rule|Illusion Level Mod: Illusion disguises the Pok\u00e9mon's true level\n|\n|t:|1781375954\n|teamsize|p1|6\n|teamsize|p2|6\n|start\n|switch|p1a: Mimikyu|Mimikyu, L79, F|216/216\n|switch|p2a: Kilowattrel|Kilowattrel, L83, M|252/252\n|turn|1\n|l|\u2606Flamesenpai557\n|player|p2|\n|j|\u2606Flamesenpai557\n|player|p2|Flamesenpai557|101|\n|\n|t:|1781376040\n|move|p2a: Kilowattrel|Hurricane|p1a: Mimikyu\n|-activate|p1a: Mimikyu|ability: Disguise\n|-damage|p1a: Mimikyu|216/216\n|detailschange|p1a: Mimikyu|Mimikyu-Busted, L79, F\n|-damage|p1a: Mimikyu|189/216|[from] pokemon: Mimikyu-Busted\n|move|p1a: Mimikyu|Swords Dance|p1a: Mimikyu\n|-boost|p1a: Mimikyu|atk|2\n|\n|upkeep\n|turn|2\n|\n|t:|1781376063\n|move|p2a: Kilowattrel|Hurricane|p1a: Mimikyu|[miss]\n|-miss|p2a: Kilowattrel|p1a: Mimikyu\n|move|p1a: Mimikyu|Swords Dance|p1a: Mimikyu\n|-boost|p1a: Mimikyu|atk|2\n|\n|upkeep\n|turn|3\n|\n|t:|1781376078\n|move|p2a: Kilowattrel|Hurricane|p1a: Mimikyu|[miss]\n|-miss|p2a: Kilowattrel|p1a: Mimikyu\n|move|p1a: Mimikyu|Swords Dance|p1a: Mimikyu\n|-boost|p1a: Mimikyu|atk|2\n|\n|upkeep\n|turn|4\n|\n|t:|1781376087\n|move|p2a: Kilowattrel|Hurricane|p1a: Mimikyu|[miss]\n|-miss|p2a: Kilowattrel|p1a: Mimikyu\n|move|p1a: Mimikyu|Play Rough|p2a: Kilowattrel\n|-damage|p2a: Kilowattrel|0 fnt\n|faint|p2a: Kilowattrel\n|-damage|p1a: Mimikyu|168/216|[from] item: Life Orb\n|\n|upkeep\n|\n|t:|1781376130\n|switch|p2a: Dugtrio|Dugtrio-Alola, L84, F|196/196\n|turn|5\n|\n|t:|1781376142\n|move|p2a: Dugtrio|Iron Head|p1a: Mimikyu\n|-supereffective|p1a: Mimikyu\n|-damage|p1a: Mimikyu|0 fnt\n|faint|p1a: Mimikyu\n|-damage|p2a: Dugtrio|177/196|[from] item: Life Orb\n|\n|upkeep\n|\n|t:|1781376156\n|switch|p1a: Brute Bonnet|Brute Bonnet, L80|309/309\n|turn|6\n|\n|t:|1781376214\n|move|p1a: Brute Bonnet|Sucker Punch|p2a: Dugtrio\n|-damage|p2a: Dugtrio|66/196\n|-ability|p2a: Dugtrio|Tangling Hair\n|-unboost|p1a: Brute Bonnet|spe|1\n|move|p2a: Dugtrio|Iron Head|p1a: Brute Bonnet\n|-damage|p1a: Brute Bonnet|200/309\n|-damage|p2a: Dugtrio|47/196|[from] item: Life Orb\n|\n|-heal|p1a: Brute Bonnet|219/309|[from] item: Leftovers\n|upkeep\n|turn|7\n|\n|t:|1781376235\n|move|p1a: Brute Bonnet|Sucker Punch||[still]\n|-fail|p1a: Brute Bonnet\n|move|p2a: Dugtrio|Swords Dance|p2a: Dugtrio\n|-boost|p2a: Dugtrio|atk|2\n|\n|-heal|p1a: Brute Bonnet|238/309|[from] item: Leftovers\n|upkeep\n|turn|8\n|\n|t:|1781376252\n|move|p2a: Dugtrio|Sucker Punch|p1a: Brute Bonnet\n|-resisted|p1a: Brute Bonnet\n|-damage|p1a: Brute Bonnet|180/309\n|-damage|p2a: Dugtrio|28/196|[from] item: Life Orb\n|move|p1a: Brute Bonnet|Sucker Punch||[still]\n|-fail|p1a: Brute Bonnet\n|\n|-heal|p1a: Brute Bonnet|199/309|[from] item: Leftovers\n|upkeep\n|turn|9\n|\n|t:|1781376264\n|move|p2a: Dugtrio|Sucker Punch|p1a: Brute Bonnet\n|-resisted|p1a: Brute Bonnet\n|-damage|p1a: Brute Bonnet|138/309\n|-damage|p2a: Dugtrio|9/196|[from] item: Life Orb\n|move|p1a: Brute Bonnet|Crunch|p2a: Dugtrio\n|-damage|p2a: Dugtrio|0 fnt\n|-ability|p2a: Dugtrio|Tangling Hair\n|-unboost|p1a: Brute Bonnet|spe|1\n|faint|p2a: Dugtrio\n|\n|-heal|p1a: Brute Bonnet|157/309|[from] item: Leftovers\n|upkeep\n|\n|t:|1781376287\n|switch|p2a: Gurdurr|Gurdurr, L85, F|283/283\n|turn|10\n|\n|t:|1781376294\n|-terastallize|p1a: Brute Bonnet|Fighting\n|move|p2a: Gurdurr|Mach Punch|p1a: Brute Bonnet\n|-damage|p1a: Brute Bonnet|109/309\n|move|p1a: Brute Bonnet|Spore|p2a: Gurdurr\n|-status|p2a: Gurdurr|slp|[from] move: Spore\n|\n|-heal|p1a: Brute Bonnet|128/309|[from] item: Leftovers\n|upkeep\n|turn|11\n|\n|t:|1781376308\n|cant|p2a: Gurdurr|slp\n|move|p1a: Brute Bonnet|Close Combat|p2a: Gurdurr\n|-damage|p2a: Gurdurr|180/283 slp\n|-unboost|p1a: Brute Bonnet|def|1\n|-unboost|p1a: Brute Bonnet|spd|1\n|\n|-heal|p1a: Brute Bonnet|147/309|[from] item: Leftovers\n|upkeep\n|turn|12\n|\n|t:|1781376317\n|cant|p2a: Gurdurr|slp\n|move|p1a: Brute Bonnet|Close Combat|p2a: Gurdurr\n|-damage|p2a: Gurdurr|87/283 slp\n|-unboost|p1a: Brute Bonnet|def|1\n|-unboost|p1a: Brute Bonnet|spd|1\n|\n|-heal|p1a: Brute Bonnet|166/309|[from] item: Leftovers\n|upkeep\n|turn|13\n|\n|t:|1781376327\n|-curestatus|p2a: Gurdurr|slp|[msg]\n|move|p2a: Gurdurr|Drain Punch|p1a: Brute Bonnet\n|-damage|p1a: Brute Bonnet|0 fnt\n|-heal|p2a: Gurdurr|170/283|[from] drain|[of] p1a: Brute Bonnet\n|faint|p1a: Brute Bonnet\n|-end|p1a: Brute Bonnet|Protosynthesis|[silent]\n|\n|upkeep\n|\n|t:|1781376355\n|switch|p1a: Ambipom|Ambipom, L84, F|263/263\n|turn|14\n|\n|t:|1781376366\n|move|p1a: Ambipom|Low Kick|p2a: Gurdurr\n|-damage|p2a: Gurdurr|105/283\n|move|p2a: Gurdurr|Drain Punch|p1a: Ambipom\n|-supereffective|p1a: Ambipom\n|-damage|p1a: Ambipom|29/263\n|-heal|p2a: Gurdurr|222/283|[from] drain|[of] p1a: Ambipom\n|\n|upkeep\n|turn|15\n|\n|t:|1781376378\n|move|p2a: Gurdurr|Mach Punch|p1a: Ambipom\n|-supereffective|p1a: Ambipom\n|-damage|p1a: Ambipom|0 fnt\n|faint|p1a: Ambipom\n|\n|upkeep\n|\n|t:|1781376387\n|switch|p1a: Breloom|Breloom, L83, M|235/235\n|turn|16\n|\n|t:|1781376400\n|move|p1a: Breloom|Rock Tomb|p2a: Gurdurr\n|-resisted|p2a: Gurdurr\n|-damage|p2a: Gurdurr|187/283\n|-unboost|p2a: Gurdurr|spe|1\n|-damage|p1a: Breloom|212/235|[from] item: Life Orb\n|move|p2a: Gurdurr|Knock Off|p1a: Breloom\n|-resisted|p1a: Breloom\n|-damage|p1a: Breloom|172/235\n|-enditem|p1a: Breloom|Life Orb|[from] move: Knock Off|[of] p2a: Gurdurr\n|\n|upkeep\n|turn|17\n|\n|t:|1781376435\n|move|p1a: Breloom|Swords Dance|p1a: Breloom\n|-boost|p1a: Breloom|atk|2\n|move|p2a: Gurdurr|Drain Punch|p1a: Breloom\n|-damage|p1a: Breloom|84/235\n|-heal|p2a: Gurdurr|231/283|[from] drain|[of] p1a: Breloom\n|\n|upkeep\n|turn|18\n|\n|t:|1781376453\n|move|p2a: Gurdurr|Mach Punch|p1a: Breloom\n|-damage|p1a: Breloom|33/235\n|move|p1a: Breloom|Bullet Seed|p2a: Gurdurr\n|-damage|p2a: Gurdurr|168/283\n|-damage|p2a: Gurdurr|96/283\n|-hitcount|p2a: Gurdurr|2\n|\n|upkeep\n|turn|19\n|\n|t:|1781376460\n|move|p1a: Breloom|Mach Punch|p2a: Gurdurr\n|-damage|p2a: Gurdurr|0 fnt\n|faint|p2a: Gurdurr\n|\n|upkeep\n|\n|t:|1781376471\n|switch|p2a: Breloom|Breloom, L83, F|235/235\n|turn|20\n|\n|t:|1781376480\n|move|p2a: Breloom|Mach Punch|p1a: Breloom\n|-damage|p1a: Breloom|0 fnt\n|faint|p1a: Breloom\n|-damage|p2a: Breloom|212/235|[from] item: Life Orb\n|\n|upkeep\n|\n|t:|1781376488\n|switch|p1a: Overqwil|Overqwil, L82, F|274/274\n|-ability|p1a: Overqwil|Intimidate|boost\n|-unboost|p2a: Breloom|atk|1\n|turn|21\n|\n|t:|1781376508\n|-terastallize|p2a: Breloom|Fighting\n|move|p1a: Overqwil|Gunk Shot|p2a: Breloom|[miss]\n|-miss|p1a: Overqwil|p2a: Breloom\n|move|p2a: Breloom|Swords Dance|p2a: Breloom\n|-boost|p2a: Breloom|atk|2\n|\n|upkeep\n|turn|22\n|\n|t:|1781376566\n|move|p1a: Overqwil|Gunk Shot|p2a: Breloom|[miss]\n|-miss|p1a: Overqwil|p2a: Breloom\n|move|p2a: Breloom|Rock Tomb|p1a: Overqwil\n|-damage|p1a: Overqwil|115/274\n|-unboost|p1a: Overqwil|spe|1\n|-damage|p2a: Breloom|189/235|[from] item: Life Orb\n|\n|upkeep\n|turn|23\n|\n|t:|1781376578\n|move|p2a: Breloom|Rock Tomb|p1a: Overqwil\n|-damage|p1a: Overqwil|0 fnt\n|faint|p1a: Overqwil\n|-damage|p2a: Breloom|166/235|[from] item: Life Orb\n|\n|upkeep\n|\n|t:|1781376585\n|switch|p1a: Pincurchin|Pincurchin, M|258/258\n|-fieldstart|move: Electric Terrain|[from] ability: Electric Surge|[of] p1a: Pincurchin\n|turn|24\n|\n|t:|1781376615\n|move|p2a: Breloom|Swords Dance|p2a: Breloom\n|-boost|p2a: Breloom|atk|2\n|move|p1a: Pincurchin|Thunderbolt|p2a: Breloom\n|-damage|p2a: Breloom|0 fnt\n|faint|p2a: Breloom\n|\n|upkeep\n|\n|t:|1781376636\n|switch|p2a: Slaking|Slaking, L84, M|389/389\n|turn|25\n|\n|t:|1781376643\n|move|p2a: Slaking|Giga Impact|p1a: Pincurchin\n|-damage|p1a: Pincurchin|80/258\n|-mustrecharge|p2a: Slaking\n|move|p1a: Pincurchin|Toxic Spikes|p2a: Slaking\n|-sidestart|p2: Flamesenpai557|move: Toxic Spikes\n|\n|-heal|p1a: Pincurchin|96/258|[from] item: Leftovers\n|upkeep\n|turn|26\n|\n|t:|1781376652\n|cant|p2a: Slaking|recharge\n|move|p1a: Pincurchin|Thunderbolt|p2a: Slaking\n|-crit|p2a: Slaking\n|-damage|p2a: Slaking|55/389\n|\n|-heal|p1a: Pincurchin|112/258|[from] item: Leftovers\n|upkeep\n|turn|27\n|\n|t:|1781376666\n|switch|p2a: Arceus|Arceus-Ghost, L69|280/280\n|-status|p2a: Arceus|psn\n|move|p1a: Pincurchin|Recover|p1a: Pincurchin\n|-heal|p1a: Pincurchin|241/258\n|\n|-heal|p1a: Pincurchin|257/258|[from] item: Leftovers\n|-damage|p2a: Arceus|245/280 psn|[from] psn\n|upkeep\n|turn|28\n|\n|t:|1781376684\n|move|p2a: Arceus|Judgment|p1a: Pincurchin\n|-damage|p1a: Pincurchin|175/258\n|move|p1a: Pincurchin|Thunderbolt|p2a: Arceus\n|-damage|p2a: Arceus|82/280 psn\n|\n|-heal|p1a: Pincurchin|191/258|[from] item: Leftovers\n|-damage|p2a: Arceus|47/280 psn|[from] psn\n|-fieldend|move: Electric Terrain\n|upkeep\n|turn|29\n|j| KidGold2108\n|\n|t:|1781376710\n|move|p2a: Arceus|Focus Blast|p1a: Pincurchin|[miss]\n|-miss|p2a: Arceus|p1a: Pincurchin\n|move|p1a: Pincurchin|Thunderbolt|p2a: Arceus\n|-damage|p2a: Arceus|0 fnt\n|faint|p2a: Arceus\n|\n|-heal|p1a: Pincurchin|207/258|[from] item: Leftovers\n|upkeep\n|\n|t:|1781376720\n|switch|p2a: Slaking|Slaking, L84, M|55/389\n|-status|p2a: Slaking|psn\n|turn|30\n|\n|t:|1781376744\n|move|p2a: Slaking|Earthquake|p1a: Pincurchin\n|-supereffective|p1a: Pincurchin\n|-damage|p1a: Pincurchin|49/258\n|move|p1a: Pincurchin|Recover|p1a: Pincurchin\n|-heal|p1a: Pincurchin|178/258\n|\n|-heal|p1a: Pincurchin|194/258|[from] item: Leftovers\n|-damage|p2a: Slaking|7/389 psn|[from] psn\n|upkeep\n|turn|31\n|\n|t:|1781376754\n|cant|p2a: Slaking|ability: Truant\n|move|p1a: Pincurchin|Recover|p1a: Pincurchin\n|-heal|p1a: Pincurchin|258/258\n|\n|-damage|p2a: Slaking|0 fnt|[from] psn\n|faint|p2a: Slaking\n|\n|win|kaisarian\n", "inputlog": ">version a8376a258c1d4662feba110a92103f3664a72141\n>start {\"formatid\":\"gen9randombattle\",\"seed\":\"sodium,ea4a811d7eaa25fdd96901c299c4c295\"}\n>player p1 {\"name\":\"kaisarian\",\"avatar\":\"lucas-gen4pt\",\"rating\":0,\"seed\":\"sodium,81fe66cafed4b627532d28e16aa94fb9\"}\n>player p2 {\"name\":\"Flamesenpai557\",\"avatar\":\"101\",\"rating\":0,\"seed\":\"sodium,927333ce78b59ae766bc037ac721a760\"}\n>p1 move swordsdance\n>p2 move hurricane\n>p1 move swordsdance\n>p2 move hurricane\n>p1 move swordsdance\n>p2 move hurricane\n>p1 move playrough\n>p2 move hurricane\n>p2 switch 3\n>p1 move shadowclaw\n>p2 move ironhead\n>p1 switch 2\n>p1 move suckerpunch\n>p2 move ironhead\n>p1 move suckerpunch\n>p2 move swordsdance\n>p1 move suckerpunch\n>p2 move suckerpunch\n>p1 move crunch\n>p2 move suckerpunch\n>p2 switch 4\n>p1 move spore terastallize\n>p2 move machpunch\n>p1 move closecombat\n>p2 move drainpunch\n>p1 move closecombat\n>p2 move drainpunch\n>p1 move closecombat\n>p2 move drainpunch\n>p1 switch 6\n>p1 move lowkick\n>p2 move drainpunch\n>p1 move lowkick\n>p2 move machpunch\n>p1 switch 3\n>p1 move rocktomb\n>p2 move knockoff\n>p1 move swordsdance\n>p2 move drainpunch\n>p1 move bulletseed\n>p2 move machpunch\n>p1 move machpunch\n>p2 move machpunch\n>p2 switch 6\n>p1 move machpunch\n>p2 move machpunch\n>p1 switch 5\n>p1 move gunkshot\n>p2 move swordsdance terastallize\n>p1 move gunkshot\n>p2 move rocktomb\n>p1 move gunkshot\n>p2 move rocktomb\n>p1 switch 4\n>p1 move thunderbolt\n>p2 move swordsdance\n>p2 switch 5\n>p1 move toxicspikes\n>p2 move gigaimpact\n>p1 move thunderbolt\n>p2 move recharge\n>p1 move recover\n>p2 switch 2\n>p1 move thunderbolt\n>p2 move judgment\n>p1 move thunderbolt\n>p2 move focusblast\n>p2 switch 2\n>p1 move recover\n>p2 move earthquake\n>p1 move recover\n>p2 move earthquake", "uploadtime": 1781376765, "views": 16, "formatid": "gen9randombattle", "rating": null, "private": 0, "password": null, "player_dets": [{"name": "kaisarian", "avatar": "lucas-gen4pt", "rating": 0, "seed": "sodium,81fe66cafed4b627532d28e16aa94fb9"}, {"name": "Flamesenpai557", "avatar": "101", "rating": 0, "seed": "sodium,927333ce78b59ae766bc037ac721a760"}], "teams_full": [{"Mimikyu": {"name": "Mimikyu", "species": "Mimikyu", "speciesId": "mimikyu", "gender": "F", "shiny": false, "level": 79, "moves": ["shadowclaw", "shadowsneak", "playrough", "swordsdance"], "ability": "Disguise", "evs": {"hp": 85, "atk": 85, "def": 85, "spa": 85, "spd": 85, "spe": 85}, "ivs": {"hp": 31, "atk": 31, "def": 31, "spa": 31, "spd": 31, "spe": 31}, "item": "Life Orb", "teraType": "Fairy", "role": "Fast Bulky Setup", "bvs": {"hp": 55, "atk": 90, "def": 80, "spa": 50, "spd": 105, "spe": 96}, "stats": {"hp": 216, "atk": 188, "def": 172, "spa": 125, "spd": 211, "spe": 197}, "types": ["Ghost", "Fairy"]}, "Brute Bonnet": {"name": "Brute Bonnet", "species": "Brute Bonnet", "speciesId": "brutebonnet", "gender": "N", "shiny": false, "level": 80, "moves": ["suckerpunch", "closecombat", "spore", "crunch"], "ability": "Protosynthesis", "evs": {"hp": 85, "atk": 85, "def": 85, "spa": 85, "spd": 85, "spe": 85}, "ivs": {"hp": 31, "atk": 31, "def": 31, "spa": 31, "spd": 31, "spe": 31}, "item": "Leftovers", "teraType": "Fighting", "role": "Bulky Attacker", "bvs": {"hp": 111, "atk": 127, "def": 99, "spa": 79, "spd": 99, "spe": 55}, "stats": {"hp": 309, "atk": 249, "def": 205, "spa": 173, "spd": 205, "spe": 134}, "types": ["Grass", "Dark"]}, "Breloom": {"name": "Breloom", "species": "Breloom", "speciesId": "breloom", "gender": "M", "shiny": false, "level": 83, "moves": ["rocktomb", "bulletseed", "swordsdance", "machpunch"], "ability": "Technician", "evs": {"hp": 85, "atk": 85, "def": 85, "spa": 85, "spd": 85, "spe": 85}, "ivs": {"hp": 31, "atk": 31, "def": 31, "spa": 31, "spd": 31, "spe": 31}, "item": "Life Orb", "teraType": "Rock", "role": "Fast Attacker", "bvs": {"hp": 60, "atk": 130, "def": 80, "spa": 60, "spd": 60, "spe": 70}, "stats": {"hp": 235, "atk": 263, "def": 180, "spa": 147, "spd": 147, "spe": 164}, "types": ["Grass", "Fighting"]}, "Pincurchin": {"name": "Pincurchin", "species": "Pincurchin", "speciesId": "pincurchin", "gender": "M", "shiny": false, "level": 100, "moves": ["thunderbolt", "scald", "toxicspikes", "recover"], "ability": "Electric Surge", "evs": {"hp": 85, "atk": 0, "def": 85, "spa": 85, "spd": 85, "spe": 85}, "ivs": {"hp": 31, "atk": 0, "def": 31, "spa": 31, "spd": 31, "spe": 31}, "item": "Leftovers", "teraType": "Water", "role": "Bulky Attacker", "bvs": {"hp": 48, "atk": 101, "def": 95, "spa": 91, "spd": 85, "spe": 15}, "stats": {"hp": 258, "atk": 207, "def": 247, "spa": 239, "spd": 227, "spe": 87}, "types": ["Electric"]}, "Overqwil": {"name": "Overqwil", "species": "Overqwil", "speciesId": "overqwil", "gender": "F", "shiny": false, "level": 82, "moves": ["liquidation", "aquajet", "crunch", "gunkshot"], "ability": "Intimidate", "evs": {"hp": 85, "atk": 85, "def": 85, "spa": 85, "spd": 85, "spe": 85}, "ivs": {"hp": 31, "atk": 31, "def": 31, "spa": 31, "spd": 31, "spe": 31}, "item": "Choice Band", "teraType": "Water", "role": "Fast Attacker", "bvs": {"hp": 85, "atk": 115, "def": 95, "spa": 65, "spd": 65, "spe": 85}, "stats": {"hp": 274, "atk": 236, "def": 203, "spa": 154, "spd": 154, "spe": 187}, "types": ["Dark", "Poison"]}, "Ambipom": {"name": "Ambipom", "species": "Ambipom", "speciesId": "ambipom", "gender": "F", "shiny": false, "level": 84, "moves": ["tripleaxel", "doubleedge", "lowkick", "knockoff"], "ability": "Technician", "evs": {"hp": 85, "atk": 85, "def": 85, "spa": 85, "spd": 85, "spe": 85}, "ivs": {"hp": 31, "atk": 31, "def": 31, "spa": 31, "spd": 31, "spe": 31}, "item": "Choice Band", "teraType": "Ice", "role": "Fast Attacker", "bvs": {"hp": 75, "atk": 100, "def": 66, "spa": 60, "spd": 66, "spe": 115}, "stats": {"hp": 263, "atk": 216, "def": 159, "spa": 149, "spd": 159, "spe": 241}, "types": ["Normal"]}}, {"Kilowattrel": {"name": "Kilowattrel", "species": "Kilowattrel", "speciesId": "kilowattrel", "gender": "M", "shiny": false, "level": 83, "moves": ["uturn", "hurricane", "roost", "thunderbolt"], "ability": "Volt Absorb", "evs": {"hp": 85, "atk": 85, "def": 85, "spa": 85, "spd": 85, "spe": 85}, "ivs": {"hp": 31, "atk": 31, "def": 31, "spa": 31, "spd": 31, "spe": 31}, "item": "Heavy-Duty Boots", "teraType": "Steel", "role": "Bulky Attacker", "bvs": {"hp": 70, "atk": 70, "def": 60, "spa": 105, "spd": 60, "spe": 125}, "stats": {"hp": 252, "atk": 164, "def": 147, "spa": 222, "spd": 147, "spe": 255}, "types": ["Electric", "Flying"]}, "Arceus": {"name": "Arceus", "species": "Arceus-Ghost", "speciesId": "arceusghost", "gender": "N", "shiny": false, "level": 69, "moves": ["judgment", "recover", "calmmind", "focusblast"], "ability": "Multitype", "evs": {"hp": 85, "atk": 0, "def": 85, "spa": 85, "spd": 85, "spe": 85}, "ivs": {"hp": 31, "atk": 0, "def": 31, "spa": 31, "spd": 31, "spe": 31}, "item": "Spooky Plate", "teraType": "Fighting", "role": "Bulky Attacker", "bvs": {"hp": 120, "atk": 120, "def": 120, "spa": 120, "spd": 120, "spe": 120}, "stats": {"hp": 280, "atk": 170, "def": 206, "spa": 206, "spd": 206, "spe": 206}, "types": ["Ghost"]}, "Dugtrio": {"name": "Dugtrio", "species": "Dugtrio-Alola", "speciesId": "dugtrioalola", "gender": "F", "shiny": false, "level": 84, "moves": ["earthquake", "suckerpunch", "swordsdance", "ironhead"], "ability": "Tangling Hair", "evs": {"hp": 85, "atk": 85, "def": 85, "spa": 85, "spd": 85, "spe": 85}, "ivs": {"hp": 31, "atk": 31, "def": 31, "spa": 31, "spd": 31, "spe": 31}, "item": "Life Orb", "teraType": "Ground", "role": "Fast Attacker", "bvs": {"hp": 35, "atk": 100, "def": 60, "spa": 50, "spd": 70, "spe": 110}, "stats": {"hp": 196, "atk": 216, "def": 149, "spa": 132, "spd": 166, "spe": 233}, "types": ["Ground", "Steel"]}, "Gurdurr": {"name": "Gurdurr", "species": "Gurdurr", "speciesId": "gurdurr", "gender": "F", "shiny": false, "level": 85, "moves": ["drainpunch", "defog", "machpunch", "knockoff"], "ability": "Guts", "evs": {"hp": 85, "atk": 85, "def": 85, "spa": 85, "spd": 85, "spe": 85}, "ivs": {"hp": 31, "atk": 31, "def": 31, "spa": 31, "spd": 31, "spe": 31}, "item": "Eviolite", "teraType": "Steel", "role": "Bulky Attacker", "bvs": {"hp": 85, "atk": 105, "def": 85, "spa": 40, "spd": 50, "spe": 40}, "stats": {"hp": 283, "atk": 227, "def": 193, "spa": 117, "spd": 134, "spe": 117}, "types": ["Fighting"]}, "Slaking": {"name": "Slaking", "species": "Slaking", "speciesId": "slaking", "gender": "M", "shiny": false, "level": 84, "moves": ["earthquake", "knockoff", "doubleedge", "gigaimpact"], "ability": "Truant", "evs": {"hp": 85, "atk": 85, "def": 85, "spa": 85, "spd": 85, "spe": 85}, "ivs": {"hp": 31, "atk": 31, "def": 31, "spa": 31, "spd": 31, "spe": 31}, "item": "Choice Scarf", "teraType": "Normal", "role": "Fast Attacker", "bvs": {"hp": 150, "atk": 160, "def": 100, "spa": 95, "spd": 65, "spe": 100}, "stats": {"hp": 389, "atk": 317, "def": 216, "spa": 208, "spd": 157, "spe": 216}, "types": ["Normal"]}, "Breloom": {"name": "Breloom", "species": "Breloom", "speciesId": "breloom", "gender": "F", "shiny": false, "level": 83, "moves": ["bulletseed", "rocktomb", "swordsdance", "machpunch"], "ability": "Technician", "evs": {"hp": 85, "atk": 85, "def": 85, "spa": 85, "spd": 85, "spe": 85}, "ivs": {"hp": 31, "atk": 31, "def": 31, "spa": 31, "spd": 31, "spe": 31}, "item": "Life Orb", "teraType": "Fighting", "role": "Fast Attacker", "bvs": {"hp": 60, "atk": 130, "def": 80, "spa": 60, "spd": 60, "spe": 70}, "stats": {"hp": 235, "atk": 263, "def": 180, "spa": 147, "spd": 147, "spe": 164}, "types": ["Grass", "Fighting"]}}]}