{"id": "gen9randombattle-2631888137", "format": "[Gen 9] Random Battle", "players": ["moritzvb", "Nursey 29"], "log": "|j|\u2606moritzvb\n|j|\u2606Nursey 29\n|t:|1781452270\n|gametype|singles\n|player|p1|moritzvb|roark|2026\n|player|p2|Nursey 29|lucas|2013\n|gen|9\n|tier|[Gen 9] Random Battle\n|rated|\n|rule|Species Clause: Limit one of each Pok\u00e9mon\n|rule|HP Percentage Mod: HP is shown in percentages\n|rule|Sleep Clause Mod: Limit one foe put to sleep\n|rule|Illusion Level Mod: Illusion disguises the Pok\u00e9mon's true level\n|\n|t:|1781452270\n|teamsize|p1|6\n|teamsize|p2|6\n|start\n|switch|p1a: Gothitelle|Gothitelle, L90, F|272/272\n|switch|p2a: Jumpluff|Jumpluff, L87, M|271/271\n|turn|1\n|inactive|Battle timer is ON: inactive players will automatically lose when time's up. (requested by moritzvb)\n|\n|t:|1781452290\n|switch|p1a: Bellibolt|Bellibolt, L84, F|320/320\n|move|p2a: Jumpluff|U-turn|p1a: Bellibolt\n|-damage|p1a: Bellibolt|288/320\n|-start|p1a: Bellibolt|Charge|U-turn|[from] ability: Electromorphosis\n|\n|t:|1781452296\n|switch|p2a: Sceptile|Sceptile, L87, M|264/264|[from] U-turn\n|\n|-heal|p1a: Bellibolt|308/320|[from] item: Leftovers\n|upkeep\n|turn|2\n|\n|t:|1781452316\n|switch|p1a: Enamorus|Enamorus-Therian, L83, F|259/259\n|move|p2a: Sceptile|Substitute|p2a: Sceptile\n|-start|p2a: Sceptile|Substitute\n|-damage|p2a: Sceptile|198/264\n|\n|-heal|p2a: Sceptile|214/264|[from] item: Leftovers\n|upkeep\n|turn|3\n|\n|t:|1781452325\n|move|p2a: Sceptile|Leech Seed|p1a: Enamorus\n|-start|p1a: Enamorus|move: Leech Seed\n|move|p1a: Enamorus|Moonblast|p2a: Sceptile\n|-end|p2a: Sceptile|Substitute\n|\n|-heal|p2a: Sceptile|230/264|[from] item: Leftovers\n|-damage|p1a: Enamorus|227/259|[from] Leech Seed|[of] p2a: Sceptile\n|-heal|p2a: Sceptile|262/264|[silent]\n|upkeep\n|turn|4\n|\n|t:|1781452335\n|switch|p1a: Magmortar|Magmortar, L88, F|275/275\n|move|p2a: Sceptile|Substitute|p2a: Sceptile\n|-start|p2a: Sceptile|Substitute\n|-damage|p2a: Sceptile|196/264\n|\n|-heal|p2a: Sceptile|212/264|[from] item: Leftovers\n|upkeep\n|turn|5\n|\n|t:|1781452342\n|move|p2a: Sceptile|Leech Seed|p1a: Magmortar\n|-start|p1a: Magmortar|move: Leech Seed\n|move|p1a: Magmortar|Taunt|p2a: Sceptile\n|-start|p2a: Sceptile|move: Taunt\n|\n|-heal|p2a: Sceptile|228/264|[from] item: Leftovers\n|-damage|p1a: Magmortar|241/275|[from] Leech Seed|[of] p2a: Sceptile\n|-heal|p2a: Sceptile|262/264|[silent]\n|upkeep\n|turn|6\n|\n|t:|1781452350\n|switch|p1a: Gothitelle|Gothitelle, L90, F|272/272\n|move|p2a: Sceptile|Focus Blast|p1a: Gothitelle\n|-resisted|p1a: Gothitelle\n|-damage|p1a: Gothitelle|234/272\n|\n|-heal|p2a: Sceptile|264/264|[from] item: Leftovers\n|upkeep\n|turn|7\n|\n|t:|1781452357\n|move|p2a: Sceptile|Giga Drain|p1a: Gothitelle\n|-damage|p1a: Gothitelle|165/272\n|move|p1a: Gothitelle|Psychic|p2a: Sceptile\n|-end|p2a: Sceptile|Substitute\n|\n|upkeep\n|turn|8\n|\n|t:|1781452367\n|switch|p1a: Enamorus|Enamorus-Therian, L83, F|227/259\n|move|p2a: Sceptile|Giga Drain|p1a: Enamorus\n|-resisted|p1a: Enamorus\n|-damage|p1a: Enamorus|187/259\n|\n|-end|p2a: Sceptile|move: Taunt\n|upkeep\n|turn|9\n|\n|t:|1781452375\n|move|p2a: Sceptile|Leech Seed|p1a: Enamorus\n|-start|p1a: Enamorus|move: Leech Seed\n|move|p1a: Enamorus|Agility|p1a: Enamorus\n|-boost|p1a: Enamorus|spe|2\n|\n|-damage|p1a: Enamorus|155/259|[from] Leech Seed|[of] p2a: Sceptile\n|upkeep\n|turn|10\n|\n|t:|1781452381\n|move|p2a: Sceptile|Substitute|p2a: Sceptile\n|-start|p2a: Sceptile|Substitute\n|-damage|p2a: Sceptile|198/264\n|move|p1a: Enamorus|Moonblast|p2a: Sceptile\n|-end|p2a: Sceptile|Substitute\n|\n|-heal|p2a: Sceptile|214/264|[from] item: Leftovers\n|-damage|p1a: Enamorus|123/259|[from] Leech Seed|[of] p2a: Sceptile\n|-heal|p2a: Sceptile|246/264|[silent]\n|upkeep\n|turn|11\n|\n|t:|1781452390\n|move|p2a: Sceptile|Substitute|p2a: Sceptile\n|-start|p2a: Sceptile|Substitute\n|-damage|p2a: Sceptile|180/264\n|move|p1a: Enamorus|Moonblast|p2a: Sceptile\n|-end|p2a: Sceptile|Substitute\n|\n|-heal|p2a: Sceptile|196/264|[from] item: Leftovers\n|-damage|p1a: Enamorus|91/259|[from] Leech Seed|[of] p2a: Sceptile\n|-heal|p2a: Sceptile|228/264|[silent]\n|upkeep\n|turn|12\n|\n|t:|1781452398\n|switch|p1a: Magmortar|Magmortar, L88, F|241/275\n|move|p2a: Sceptile|Substitute|p2a: Sceptile\n|-start|p2a: Sceptile|Substitute\n|-damage|p2a: Sceptile|162/264\n|\n|-heal|p2a: Sceptile|178/264|[from] item: Leftovers\n|upkeep\n|turn|13\n|\n|t:|1781452412\n|move|p2a: Sceptile|Focus Blast|p1a: Magmortar|[miss]\n|-miss|p2a: Sceptile|p1a: Magmortar\n|move|p1a: Magmortar|Fire Blast|p2a: Sceptile\n|-supereffective|p2a: Sceptile\n|-end|p2a: Sceptile|Substitute\n|\n|-heal|p2a: Sceptile|194/264|[from] item: Leftovers\n|upkeep\n|turn|14\n|\n|t:|1781452420\n|move|p2a: Sceptile|Substitute|p2a: Sceptile\n|-start|p2a: Sceptile|Substitute\n|-damage|p2a: Sceptile|128/264\n|move|p1a: Magmortar|Taunt|p2a: Sceptile\n|-start|p2a: Sceptile|move: Taunt\n|\n|-heal|p2a: Sceptile|144/264|[from] item: Leftovers\n|upkeep\n|turn|15\n|\n|t:|1781452430\n|switch|p1a: Enamorus|Enamorus-Therian, L83, F|91/259\n|move|p2a: Sceptile|Focus Blast|p1a: Enamorus\n|-resisted|p1a: Enamorus\n|-damage|p1a: Enamorus|71/259\n|\n|-heal|p2a: Sceptile|160/264|[from] item: Leftovers\n|upkeep\n|turn|16\n|\n|t:|1781452438\n|move|p2a: Sceptile|Giga Drain|p1a: Enamorus\n|-resisted|p1a: Enamorus\n|-damage|p1a: Enamorus|30/259\n|-heal|p2a: Sceptile|181/264|[from] drain|[of] p1a: Enamorus\n|move|p1a: Enamorus|Moonblast|p2a: Sceptile\n|-end|p2a: Sceptile|Substitute\n|\n|-heal|p2a: Sceptile|197/264|[from] item: Leftovers\n|upkeep\n|turn|17\n|\n|t:|1781452446\n|move|p2a: Sceptile|Giga Drain|p1a: Enamorus\n|-resisted|p1a: Enamorus\n|-damage|p1a: Enamorus|0 fnt\n|-heal|p2a: Sceptile|212/264|[from] drain|[of] p1a: Enamorus\n|faint|p1a: Enamorus\n|\n|-heal|p2a: Sceptile|228/264|[from] item: Leftovers\n|-end|p2a: Sceptile|move: Taunt\n|upkeep\n|\n|t:|1781452452\n|switch|p1a: Magmortar|Magmortar, L88, F|241/275\n|turn|18\n|\n|t:|1781452459\n|move|p2a: Sceptile|Substitute|p2a: Sceptile\n|-start|p2a: Sceptile|Substitute\n|-damage|p2a: Sceptile|162/264\n|move|p1a: Magmortar|Taunt|p2a: Sceptile\n|-start|p2a: Sceptile|move: Taunt\n|\n|-heal|p2a: Sceptile|178/264|[from] item: Leftovers\n|upkeep\n|turn|19\n|\n|t:|1781452468\n|move|p2a: Sceptile|Focus Blast|p1a: Magmortar|[miss]\n|-miss|p2a: Sceptile|p1a: Magmortar\n|move|p1a: Magmortar|Fire Blast|p2a: Sceptile\n|-supereffective|p2a: Sceptile\n|-end|p2a: Sceptile|Substitute\n|\n|-heal|p2a: Sceptile|194/264|[from] item: Leftovers\n|upkeep\n|turn|20\n|\n|t:|1781452478\n|switch|p2a: Baxcalibur|Baxcalibur, L75, M|296/296\n|move|p1a: Magmortar|Fire Blast|p2a: Baxcalibur\n|-damage|p2a: Baxcalibur|109/296\n|-ability|p2a: Baxcalibur|Thermal Exchange|boost\n|-boost|p2a: Baxcalibur|atk|1\n|\n|upkeep\n|turn|21\n|\n|t:|1781452489\n|move|p1a: Magmortar|Fire Blast|p2a: Baxcalibur\n|-damage|p2a: Baxcalibur|0 fnt\n|faint|p2a: Baxcalibur\n|\n|upkeep\n|\n|t:|1781452499\n|switch|p2a: Banette|Banette, L93, M|270/270\n|turn|22\n|\n|t:|1781452507\n|switch|p1a: Slaking|Slaking, L84, M|389/389\n|move|p2a: Banette|Poltergeist|p1a: Slaking\n|-immune|p1a: Slaking\n|\n|upkeep\n|turn|23\n|\n|t:|1781452518\n|switch|p2a: Jumpluff|Jumpluff, L87, M|271/271\n|move|p1a: Slaking|Knock Off|p2a: Jumpluff\n|-damage|p2a: Jumpluff|144/271\n|\n|upkeep\n|turn|24\n|\n|t:|1781452527\n|switch|p1a: Bellibolt|Bellibolt, L84, F|308/320\n|move|p2a: Jumpluff|Acrobatics|p1a: Bellibolt\n|-resisted|p1a: Bellibolt\n|-crit|p1a: Bellibolt\n|-damage|p1a: Bellibolt|247/320\n|-start|p1a: Bellibolt|Charge|Acrobatics|[from] ability: Electromorphosis\n|\n|-heal|p1a: Bellibolt|267/320|[from] item: Leftovers\n|upkeep\n|turn|25\n|\n|t:|1781452537\n|move|p2a: Jumpluff|U-turn|p1a: Bellibolt\n|-damage|p1a: Bellibolt|235/320\n|-start|p1a: Bellibolt|Charge|U-turn|[from] ability: Electromorphosis\n|\n|t:|1781452541\n|switch|p2a: Galvantula|Galvantula, L82, F|249/249|[from] U-turn\n|move|p1a: Bellibolt|Volt Switch|p2a: Galvantula\n|-resisted|p2a: Galvantula\n|-damage|p2a: Galvantula|150/249\n|-end|p1a: Bellibolt|Charge|[silent]\n|inactive|moritzvb has 120 seconds left.\n|\n|t:|1781452580\n|switch|p1a: Gothitelle|Gothitelle, L90, F|165/272|[from] Volt Switch\n|\n|upkeep\n|turn|26\n|\n|t:|1781452591\n|move|p1a: Gothitelle|Psychic|p2a: Galvantula\n|-damage|p2a: Galvantula|0 fnt\n|faint|p2a: Galvantula\n|\n|upkeep\n|\n|t:|1781452611\n|switch|p2a: Pecharunt|Pecharunt, L77|262/262\n|turn|27\n|\n|t:|1781452622\n|switch|p1a: Ampharos|Ampharos, L88, M|302/302\n|-terastallize|p2a: Pecharunt|Dark\n|move|p2a: Pecharunt|Malignant Chain|p1a: Ampharos\n|-damage|p1a: Ampharos|226/302\n|\n|upkeep\n|turn|28\n|\n|t:|1781452631\n|move|p2a: Pecharunt|Malignant Chain|p1a: Ampharos\n|-crit|p1a: Ampharos\n|-damage|p1a: Ampharos|100/302\n|-status|p1a: Ampharos|tox\n|-start|p1a: Ampharos|confusion|[from] ability: Poison Puppeteer|[of] p2a: Pecharunt\n|-activate|p1a: Ampharos|confusion\n|move|p1a: Ampharos|Agility|p1a: Ampharos\n|-boost|p1a: Ampharos|spe|2\n|\n|-damage|p1a: Ampharos|82/302 tox|[from] psn\n|upkeep\n|turn|29\n|\n|t:|1781452643\n|switch|p2a: Jumpluff|Jumpluff, L87, M|144/271\n|-end|p1a: Ampharos|confusion\n|move|p1a: Ampharos|Dazzling Gleam|p2a: Jumpluff\n|-damage|p2a: Jumpluff|58/271\n|-damage|p1a: Ampharos|52/302 tox|[from] item: Life Orb\n|\n|-damage|p1a: Ampharos|16/302 tox|[from] psn\n|upkeep\n|turn|30\n|\n|t:|1781452653\n|move|p1a: Ampharos|Thunderbolt|p2a: Jumpluff\n|-damage|p2a: Jumpluff|0 fnt\n|faint|p2a: Jumpluff\n|-damage|p1a: Ampharos|0 fnt|[from] item: Life Orb\n|faint|p1a: Ampharos\n|\n|upkeep\n|\n|t:|1781452663\n|switch|p2a: Banette|Banette, L93, M|270/270\n|switch|p1a: Bellibolt|Bellibolt, L84, F|235/320\n|turn|31\n|\n|t:|1781452669\n|move|p2a: Banette|Poltergeist|p1a: Bellibolt\n|-activate|p1a: Bellibolt|move: Poltergeist|Leftovers\n|-damage|p1a: Bellibolt|15/320\n|-start|p1a: Bellibolt|Charge|Poltergeist|[from] ability: Electromorphosis\n|-damage|p2a: Banette|243/270|[from] item: Life Orb\n|move|p1a: Bellibolt|Volt Switch|p2a: Banette\n|-damage|p2a: Banette|74/270\n|-end|p1a: Bellibolt|Charge|[silent]\n|\n|t:|1781452675\n|switch|p1a: Slaking|Slaking, L84, M|389/389|[from] Volt Switch\n|\n|upkeep\n|turn|32\n|\n|t:|1781452682\n|move|p1a: Slaking|Knock Off|p2a: Banette\n|-supereffective|p2a: Banette\n|-damage|p2a: Banette|0 fnt\n|-enditem|p2a: Banette|Life Orb|[from] move: Knock Off|[of] p1a: Slaking\n|faint|p2a: Banette\n|\n|upkeep\n|\n|t:|1781452687\n|switch|p2a: Sceptile|Sceptile, L87, M|194/264\n|turn|33\n|\n|t:|1781452707\n|switch|p1a: Bellibolt|Bellibolt, L84, F|15/320\n|move|p2a: Sceptile|Substitute|p2a: Sceptile\n|-start|p2a: Sceptile|Substitute\n|-damage|p2a: Sceptile|128/264\n|\n|-heal|p2a: Sceptile|144/264|[from] item: Leftovers\n|-heal|p1a: Bellibolt|35/320|[from] item: Leftovers\n|upkeep\n|turn|34\n|\n|t:|1781452714\n|move|p2a: Sceptile|Giga Drain|p1a: Bellibolt\n|-damage|p1a: Bellibolt|0 fnt\n|-heal|p2a: Sceptile|162/264|[from] drain|[of] p1a: Bellibolt\n|faint|p1a: Bellibolt\n|\n|-heal|p2a: Sceptile|178/264|[from] item: Leftovers\n|upkeep\n|\n|t:|1781452718\n|switch|p1a: Magmortar|Magmortar, L88, F|241/275\n|turn|35\n|\n|t:|1781452722\n|move|p2a: Sceptile|Leech Seed|p1a: Magmortar\n|-start|p1a: Magmortar|move: Leech Seed\n|move|p1a: Magmortar|Taunt|p2a: Sceptile\n|-start|p2a: Sceptile|move: Taunt\n|\n|-heal|p2a: Sceptile|194/264|[from] item: Leftovers\n|-damage|p1a: Magmortar|207/275|[from] Leech Seed|[of] p2a: Sceptile\n|-heal|p2a: Sceptile|228/264|[silent]\n|upkeep\n|turn|36\n|\n|t:|1781452730\n|switch|p1a: Gothitelle|Gothitelle, L90, F|165/272\n|move|p2a: Sceptile|Focus Blast|p1a: Gothitelle\n|-resisted|p1a: Gothitelle\n|-damage|p1a: Gothitelle|126/272\n|\n|-heal|p2a: Sceptile|244/264|[from] item: Leftovers\n|upkeep\n|turn|37\n|\n|t:|1781452737\n|move|p2a: Sceptile|Giga Drain|p1a: Gothitelle\n|-damage|p1a: Gothitelle|57/272\n|-heal|p2a: Sceptile|264/264|[from] drain|[of] p1a: Gothitelle\n|move|p1a: Gothitelle|Psychic|p2a: Sceptile\n|-end|p2a: Sceptile|Substitute\n|\n|upkeep\n|turn|38\n|\n|t:|1781452745\n|move|p2a: Sceptile|Giga Drain|p1a: Gothitelle\n|-damage|p1a: Gothitelle|0 fnt\n|faint|p1a: Gothitelle\n|\n|-end|p2a: Sceptile|move: Taunt\n|upkeep\n|\n|t:|1781452748\n|switch|p1a: Magmortar|Magmortar, L88, F|207/275\n|turn|39\n|\n|t:|1781452752\n|move|p2a: Sceptile|Substitute|p2a: Sceptile\n|-start|p2a: Sceptile|Substitute\n|-damage|p2a: Sceptile|198/264\n|move|p1a: Magmortar|Taunt|p2a: Sceptile\n|-start|p2a: Sceptile|move: Taunt\n|\n|-heal|p2a: Sceptile|214/264|[from] item: Leftovers\n|upkeep\n|turn|40\n|\n|t:|1781452760\n|move|p2a: Sceptile|Focus Blast|p1a: Magmortar\n|-damage|p1a: Magmortar|121/275\n|move|p1a: Magmortar|Fire Blast|p2a: Sceptile\n|-supereffective|p2a: Sceptile\n|-end|p2a: Sceptile|Substitute\n|\n|-heal|p2a: Sceptile|230/264|[from] item: Leftovers\n|upkeep\n|turn|41\n|\n|t:|1781452781\n|move|p2a: Sceptile|Focus Blast|p1a: Magmortar|[miss]\n|-miss|p2a: Sceptile|p1a: Magmortar\n|move|p1a: Magmortar|Fire Blast|p2a: Sceptile\n|-supereffective|p2a: Sceptile\n|-crit|p2a: Sceptile\n|-damage|p2a: Sceptile|0 fnt\n|faint|p2a: Sceptile\n|\n|upkeep\n|\n|t:|1781452788\n|switch|p2a: Pecharunt|Pecharunt, L77, tera:Dark|262/262\n|turn|42\n|\n|t:|1781452799\n|move|p1a: Magmortar|Fire Blast|p2a: Pecharunt\n|-damage|p2a: Pecharunt|79/262\n|move|p2a: Pecharunt|Malignant Chain|p1a: Magmortar\n|-damage|p1a: Magmortar|45/275\n|-status|p1a: Magmortar|tox\n|-start|p1a: Magmortar|confusion|[from] ability: Poison Puppeteer|[of] p2a: Pecharunt\n|\n|-damage|p1a: Magmortar|28/275 tox|[from] psn\n|upkeep\n|turn|43\n|\n|t:|1781452809\n|-activate|p1a: Magmortar|confusion\n|-damage|p1a: Magmortar|0 fnt|[from] confusion\n|faint|p1a: Magmortar\n|move|p2a: Pecharunt|Recover|p2a: Pecharunt\n|-heal|p2a: Pecharunt|210/262\n|\n|upkeep\n|\n|t:|1781452811\n|switch|p1a: Slaking|Slaking, L84, M|389/389\n|turn|44\n|\n|t:|1781452833\n|move|p1a: Slaking|Giga Impact|p2a: Pecharunt\n|-damage|p2a: Pecharunt|0 fnt\n|-mustrecharge|p1a: Slaking\n|-damage|p1a: Slaking|325/389|[from] item: Rocky Helmet|[of] p2a: Pecharunt\n|faint|p2a: Pecharunt\n|\n|win|moritzvb\n", "inputlog": ">version a8376a258c1d4662feba110a92103f3664a72141\n>start {\"formatid\":\"gen9randombattle\",\"seed\":\"sodium,206aa9bd413053e3532796a607436d6f\",\"rated\":\"Rated battle\"}\n>player p1 {\"name\":\"moritzvb\",\"avatar\":\"roark\",\"rating\":2026,\"seed\":\"sodium,1bdddef537af705d22816b383db352a1\"}\n>player p2 {\"name\":\"Nursey 29\",\"avatar\":\"lucas\",\"rating\":2013,\"seed\":\"sodium,28d94cd0480d9e938f3e5992b05fec1b\"}\n>p1 switch 3\n>p2 move uturn\n>p2 switch 2\n>p1 switch 2\n>p2 move substitute\n>p1 move moonblast\n>p2 move leechseed\n>p1 switch 5\n>p2 move substitute\n>p1 move taunt\n>p2 move leechseed\n>p1 switch 3\n>p2 move focusblast\n>p1 move psychic\n>p2 move gigadrain\n>p1 switch 5\n>p2 move gigadrain\n>p1 move agility\n>p2 move leechseed\n>p1 move moonblast\n>p2 move substitute\n>p1 move moonblast\n>p2 move substitute\n>p1 switch 3\n>p2 move substitute\n>p1 move fireblast\n>p2 move focusblast\n>p1 move taunt\n>p2 move substitute\n>p1 switch 3\n>p2 move focusblast\n>p1 move moonblast\n>p2 move gigadrain\n>p1 move moonblast\n>p2 move gigadrain\n>p1 switch 3\n>p1 move taunt\n>p2 move substitute\n>p1 move fireblast\n>p2 move focusblast\n>p1 move fireblast\n>p2 switch 3\n>p1 move fireblast\n>p2 move earthquake\n>p2 switch 4\n>p1 switch 4\n>p2 move poltergeist\n>p1 move knockoff\n>p2 switch 2\n>p1 switch 2\n>p2 move acrobatics\n>p1 move voltswitch\n>p2 move uturn\n>p2 switch 5\n>p1 switch 5\n>p1 move psychic\n>p2 move bugbuzz\n>p2 switch 6\n>p1 switch 6\n>p2 move malignantchain terastallize\n>p1 move agility\n>p2 move malignantchain\n>p1 move dazzlinggleam\n>p2 switch 5\n>p1 move thunderbolt\n>p2 move acrobatics\n>p1 switch 5\n>p2 switch 2\n>p1 move voltswitch\n>p2 move poltergeist\n>p1 switch 2\n>p1 move knockoff\n>p2 move gunkshot\n>p2 switch 3\n>p1 switch 2\n>p2 move substitute\n>p1 move voltswitch\n>p2 move gigadrain\n>p1 switch 4\n>p1 move taunt\n>p2 move leechseed\n>p1 switch 6\n>p2 move focusblast\n>p1 move psychic\n>p2 move gigadrain\n>p1 move psychic\n>p2 move gigadrain\n>p1 switch 6\n>p1 move taunt\n>p2 move substitute\n>p1 move fireblast\n>p2 move focusblast\n>p1 move fireblast\n>p2 move focusblast\n>p2 switch 5\n>p1 move fireblast\n>p2 move malignantchain\n>p1 move taunt\n>p2 move recover\n>p1 switch 2\n>p1 move gigaimpact\n>p2 move recover", "uploadtime": 1781452272, "views": 5, "formatid": "gen9randombattle", "rating": null, "private": 0, "password": null, "player_dets": [{"name": "moritzvb", "avatar": "roark", "rating": 2026, "seed": "sodium,1bdddef537af705d22816b383db352a1"}, {"name": "Nursey 29", "avatar": "lucas", "rating": 2013, "seed": "sodium,28d94cd0480d9e938f3e5992b05fec1b"}], "teams_full": [{"Gothitelle": {"name": "Gothitelle", "species": "Gothitelle", "speciesId": "gothitelle", "gender": "F", "shiny": false, "level": 90, "moves": ["focusblast", "psychic", "darkpulse", "trick"], "ability": "Shadow Tag", "evs": {"hp": 85, "atk": 0, "def": 85, "spa": 85, "spd": 85, "spe": 85}, "ivs": {"hp": 31, "atk": 0, "def": 31, "spa": 31, "spd": 31, "spe": 31}, "item": "Choice Scarf", "teraType": "Ghost", "role": "Fast Attacker", "bvs": {"hp": 70, "atk": 55, "def": 95, "spa": 95, "spd": 110, "spe": 65}, "stats": {"hp": 272, "atk": 104, "def": 222, "spa": 222, "spd": 249, "spe": 168}, "types": ["Psychic"]}, "Enamorus": {"name": "Enamorus", "species": "Enamorus-Therian", "speciesId": "enamorustherian", "gender": "F", "shiny": false, "level": 83, "moves": ["superpower", "agility", "earthpower", "moonblast"], "ability": "Overcoat", "evs": {"hp": 85, "atk": 85, "def": 85, "spa": 85, "spd": 85, "spe": 85}, "ivs": {"hp": 31, "atk": 31, "def": 31, "spa": 31, "spd": 31, "spe": 31}, "item": "Weakness Policy", "teraType": "Ground", "role": "Bulky Setup", "bvs": {"hp": 74, "atk": 115, "def": 110, "spa": 135, "spd": 100, "spe": 46}, "stats": {"hp": 259, "atk": 239, "def": 230, "spa": 272, "spd": 214, "spe": 124}, "types": ["Fairy", "Flying"]}, "Bellibolt": {"name": "Bellibolt", "species": "Bellibolt", "speciesId": "bellibolt", "gender": "F", "shiny": false, "level": 84, "moves": ["slackoff", "voltswitch", "thunderbolt", "muddywater"], "ability": "Electromorphosis", "evs": {"hp": 85, "atk": 0, "def": 85, "spa": 85, "spd": 85, "spe": 85}, "ivs": {"hp": 31, "atk": 0, "def": 31, "spa": 31, "spd": 31, "spe": 31}, "item": "Leftovers", "teraType": "Water", "role": "Bulky Attacker", "bvs": {"hp": 109, "atk": 64, "def": 91, "spa": 103, "spd": 83, "spe": 45}, "stats": {"hp": 320, "atk": 112, "def": 201, "spa": 221, "spd": 188, "spe": 124}, "types": ["Electric"]}, "Slaking": {"name": "Slaking", "species": "Slaking", "speciesId": "slaking", "gender": "M", "shiny": false, "level": 84, "moves": ["earthquake", "knockoff", "gigaimpact", "doubleedge"], "ability": "Truant", "evs": {"hp": 85, "atk": 85, "def": 85, "spa": 85, "spd": 85, "spe": 85}, "ivs": {"hp": 31, "atk": 31, "def": 31, "spa": 31, "spd": 31, "spe": 31}, "item": "Choice Band", "teraType": "Ground", "role": "Wallbreaker", "bvs": {"hp": 150, "atk": 160, "def": 100, "spa": 95, "spd": 65, "spe": 100}, "stats": {"hp": 389, "atk": 317, "def": 216, "spa": 208, "spd": 157, "spe": 216}, "types": ["Normal"]}, "Magmortar": {"name": "Magmortar", "species": "Magmortar", "speciesId": "magmortar", "gender": "F", "shiny": false, "level": 88, "moves": ["scorchingsands", "focusblast", "fireblast", "taunt"], "ability": "Flame Body", "evs": {"hp": 85, "atk": 0, "def": 85, "spa": 85, "spd": 85, "spe": 85}, "ivs": {"hp": 31, "atk": 0, "def": 31, "spa": 31, "spd": 31, "spe": 31}, "item": "Heavy-Duty Boots", "teraType": "Water", "role": "Wallbreaker", "bvs": {"hp": 75, "atk": 95, "def": 67, "spa": 125, "spd": 95, "spe": 83}, "stats": {"hp": 275, "atk": 172, "def": 168, "spa": 270, "spd": 217, "spe": 196}, "types": ["Fire"]}, "Ampharos": {"name": "Ampharos", "species": "Ampharos", "speciesId": "ampharos", "gender": "M", "shiny": false, "level": 88, "moves": ["focusblast", "dazzlinggleam", "thunderbolt", "agility"], "ability": "Static", "evs": {"hp": 85, "atk": 0, "def": 85, "spa": 85, "spd": 85, "spe": 85}, "ivs": {"hp": 31, "atk": 0, "def": 31, "spa": 31, "spd": 31, "spe": 31}, "item": "Life Orb", "teraType": "Electric", "role": "Wallbreaker", "bvs": {"hp": 90, "atk": 75, "def": 85, "spa": 115, "spd": 90, "spe": 55}, "stats": {"hp": 302, "atk": 137, "def": 200, "spa": 253, "spd": 209, "spe": 147}, "types": ["Electric"]}}, {"Jumpluff": {"name": "Jumpluff", "species": "Jumpluff", "speciesId": "jumpluff", "gender": "M", "shiny": false, "level": 87, "moves": ["strengthsap", "encore", "acrobatics", "uturn"], "ability": "Infiltrator", "evs": {"hp": 81, "atk": 85, "def": 85, "spa": 85, "spd": 85, "spe": 85}, "ivs": {"hp": 31, "atk": 31, "def": 31, "spa": 31, "spd": 31, "spe": 31}, "item": "", "teraType": "Steel", "role": "Bulky Attacker", "bvs": {"hp": 75, "atk": 55, "def": 70, "spa": 55, "spd": 95, "spe": 110}, "stats": {"hp": 271, "atk": 145, "def": 172, "spa": 145, "spd": 215, "spe": 241}, "types": ["Grass", "Flying"]}, "Sceptile": {"name": "Sceptile", "species": "Sceptile", "speciesId": "sceptile", "gender": "M", "shiny": false, "level": 87, "moves": ["gigadrain", "leechseed", "focusblast", "substitute"], "ability": "Overgrow", "evs": {"hp": 85, "atk": 0, "def": 85, "spa": 85, "spd": 85, "spe": 85}, "ivs": {"hp": 31, "atk": 0, "def": 31, "spa": 31, "spd": 31, "spe": 31}, "item": "Leftovers", "teraType": "Steel", "role": "Fast Support", "bvs": {"hp": 70, "atk": 85, "def": 65, "spa": 105, "spd": 85, "spe": 120}, "stats": {"hp": 264, "atk": 152, "def": 163, "spa": 232, "spd": 198, "spe": 259}, "types": ["Grass"]}, "Baxcalibur": {"name": "Baxcalibur", "species": "Baxcalibur", "speciesId": "baxcalibur", "gender": "M", "shiny": false, "level": 75, "moves": ["dragondance", "iciclecrash", "glaiverush", "earthquake"], "ability": "Thermal Exchange", "evs": {"hp": 85, "atk": 85, "def": 85, "spa": 85, "spd": 85, "spe": 85}, "ivs": {"hp": 31, "atk": 31, "def": 31, "spa": 31, "spd": 31, "spe": 31}, "item": "Heavy-Duty Boots", "teraType": "Ground", "role": "Setup Sweeper", "bvs": {"hp": 115, "atk": 145, "def": 92, "spa": 75, "spd": 86, "spe": 87}, "stats": {"hp": 296, "atk": 261, "def": 182, "spa": 156, "spd": 173, "spe": 174}, "types": ["Dragon", "Ice"]}, "Banette": {"name": "Banette", "species": "Banette", "speciesId": "banette", "gender": "M", "shiny": false, "level": 93, "moves": ["shadowsneak", "poltergeist", "gunkshot", "swordsdance"], "ability": "Insomnia", "evs": {"hp": 85, "atk": 85, "def": 85, "spa": 85, "spd": 85, "spe": 85}, "ivs": {"hp": 31, "atk": 31, "def": 31, "spa": 31, "spd": 31, "spe": 31}, "item": "Life Orb", "teraType": "Poison", "role": "Wallbreaker", "bvs": {"hp": 64, "atk": 115, "def": 65, "spa": 83, "spd": 63, "spe": 65}, "stats": {"hp": 270, "atk": 267, "def": 174, "spa": 207, "spd": 170, "spe": 174}, "types": ["Ghost"]}, "Galvantula": {"name": "Galvantula", "species": "Galvantula", "speciesId": "galvantula", "gender": "F", "shiny": false, "level": 82, "moves": ["stickyweb", "thunder", "energyball", "bugbuzz"], "ability": "Compound Eyes", "evs": {"hp": 85, "atk": 0, "def": 85, "spa": 85, "spd": 85, "spe": 85}, "ivs": {"hp": 31, "atk": 0, "def": 31, "spa": 31, "spd": 31, "spe": 31}, "item": "Heavy-Duty Boots", "teraType": "Electric", "role": "Fast Support", "bvs": {"hp": 70, "atk": 77, "def": 60, "spa": 97, "spd": 60, "spe": 108}, "stats": {"hp": 249, "atk": 131, "def": 146, "spa": 206, "spd": 146, "spe": 224}, "types": ["Bug", "Electric"]}, "Pecharunt": {"name": "Pecharunt", "species": "Pecharunt", "speciesId": "pecharunt", "gender": "N", "shiny": false, "level": 77, "moves": ["shadowball", "recover", "partingshot", "malignantchain"], "ability": "Poison Puppeteer", "evs": {"hp": 85, "atk": 0, "def": 85, "spa": 85, "spd": 85, "spe": 85}, "ivs": {"hp": 31, "atk": 0, "def": 31, "spa": 31, "spd": 31, "spe": 31}, "item": "Rocky Helmet", "teraType": "Dark", "role": "Bulky Attacker", "bvs": {"hp": 88, "atk": 88, "def": 160, "spa": 88, "spd": 88, "spe": 88}, "stats": {"hp": 262, "atk": 140, "def": 291, "spa": 180, "spd": 180, "spe": 180}, "types": ["Poison", "Ghost"]}}]}