{"id": "gen9randombattle-2631898446", "format": "[Gen 9] Random Battle", "players": ["Kabzoul", "Aewow"], "log": "|j|\u2606Kabzoul\n|j|\u2606Aewow\n|t:|1781453377\n|gametype|singles\n|player|p1|Kabzoul|lady|1154\n|player|p2|Aewow|1|1175\n|gen|9\n|tier|[Gen 9] Random Battle\n|rated|\n|rule|Species Clause: Limit one of each Pok\u00e9mon\n|rule|HP Percentage Mod: HP is shown in percentages\n|rule|Sleep Clause Mod: Limit one foe put to sleep\n|rule|Illusion Level Mod: Illusion disguises the Pok\u00e9mon's true level\n|\n|t:|1781453377\n|teamsize|p1|6\n|teamsize|p2|6\n|start\n|switch|p1a: Noivern|Noivern, L82, M|274/274\n|switch|p2a: Oricorio|Oricorio, L84, F|263/263\n|turn|1\n|\n|t:|1781453400\n|switch|p2a: Rhydon|Rhydon, L85, M|317/317\n|-terastallize|p1a: Noivern|Normal\n|move|p1a: Noivern|Boomburst|p2a: Rhydon\n|-resisted|p2a: Rhydon\n|-damage|p2a: Rhydon|212/317\n|\n|upkeep\n|turn|2\n|\n|t:|1781453415\n|move|p1a: Noivern|Boomburst|p2a: Rhydon\n|-resisted|p2a: Rhydon\n|-damage|p2a: Rhydon|96/317\n|move|p2a: Rhydon|Stone Edge|p1a: Noivern\n|-damage|p1a: Noivern|115/274\n|\n|upkeep\n|turn|3\n|\n|t:|1781453435\n|switch|p1a: Tauros|Tauros-Paldea-Combat, L82, M|257/257\n|-ability|p1a: Tauros|Intimidate|boost\n|-unboost|p2a: Rhydon|atk|1\n|move|p2a: Rhydon|Stone Edge|p1a: Tauros|[miss]\n|-miss|p2a: Rhydon|p1a: Tauros\n|\n|upkeep\n|turn|4\n|\n|t:|1781453450\n|-terastallize|p2a: Rhydon|Fairy\n|move|p1a: Tauros|Iron Head|p2a: Rhydon\n|-supereffective|p2a: Rhydon\n|-damage|p2a: Rhydon|0 fnt\n|faint|p2a: Rhydon\n|\n|upkeep\n|\n|t:|1781453461\n|switch|p2a: Shaymin|Shaymin-Sky, L73|266/266\n|turn|5\n|inactive|Battle timer is ON: inactive players will automatically lose when time's up. (requested by Aewow)\n|\n|t:|1781453487\n|switch|p1a: Crabominable|Crabominable, L90, F|321/321\n|move|p2a: Shaymin|Substitute|p2a: Shaymin\n|-start|p2a: Shaymin|Substitute\n|-damage|p2a: Shaymin|200/266\n|\n|-heal|p2a: Shaymin|216/266|[from] item: Leftovers\n|upkeep\n|turn|6\n|\n|t:|1781453497\n|move|p2a: Shaymin|Leech Seed|p1a: Crabominable\n|-start|p1a: Crabominable|move: Leech Seed\n|move|p1a: Crabominable|Ice Hammer|p2a: Shaymin\n|-supereffective|p2a: Shaymin\n|-crit|p2a: Shaymin\n|-end|p2a: Shaymin|Substitute\n|-unboost|p1a: Crabominable|spe|1\n|\n|-heal|p2a: Shaymin|232/266|[from] item: Leftovers\n|-damage|p1a: Crabominable|281/321|[from] Leech Seed|[of] p2a: Shaymin\n|-heal|p2a: Shaymin|266/266|[silent]\n|upkeep\n|turn|7\n|\n|t:|1781453509\n|move|p2a: Shaymin|Substitute|p2a: Shaymin\n|-start|p2a: Shaymin|Substitute\n|-damage|p2a: Shaymin|200/266\n|move|p1a: Crabominable|Ice Hammer|p2a: Shaymin\n|-supereffective|p2a: Shaymin\n|-end|p2a: Shaymin|Substitute\n|-unboost|p1a: Crabominable|spe|1\n|\n|-heal|p2a: Shaymin|216/266|[from] item: Leftovers\n|-damage|p1a: Crabominable|241/321|[from] Leech Seed|[of] p2a: Shaymin\n|-heal|p2a: Shaymin|256/266|[silent]\n|upkeep\n|turn|8\n|\n|t:|1781453519\n|move|p2a: Shaymin|Substitute|p2a: Shaymin\n|-start|p2a: Shaymin|Substitute\n|-damage|p2a: Shaymin|190/266\n|move|p1a: Crabominable|Ice Hammer|p2a: Shaymin\n|-supereffective|p2a: Shaymin\n|-end|p2a: Shaymin|Substitute\n|-unboost|p1a: Crabominable|spe|1\n|\n|-heal|p2a: Shaymin|206/266|[from] item: Leftovers\n|-damage|p1a: Crabominable|201/321|[from] Leech Seed|[of] p2a: Shaymin\n|-heal|p2a: Shaymin|246/266|[silent]\n|upkeep\n|turn|9\n|\n|t:|1781453543\n|switch|p1a: Reuniclus|Reuniclus, L88, F|337/337\n|move|p2a: Shaymin|Substitute|p2a: Shaymin\n|-start|p2a: Shaymin|Substitute\n|-damage|p2a: Shaymin|180/266\n|\n|-heal|p2a: Shaymin|196/266|[from] item: Leftovers\n|upkeep\n|turn|10\n|\n|t:|1781453553\n|move|p2a: Shaymin|Seed Flare|p1a: Reuniclus\n|-damage|p1a: Reuniclus|225/337\n|-unboost|p1a: Reuniclus|spd|2\n|move|p1a: Reuniclus|Calm Mind|p1a: Reuniclus\n|-boost|p1a: Reuniclus|spa|1\n|-boost|p1a: Reuniclus|spd|1\n|\n|-heal|p2a: Shaymin|212/266|[from] item: Leftovers\n|upkeep\n|turn|11\n|\n|t:|1781453563\n|move|p2a: Shaymin|Air Slash|p1a: Reuniclus\n|-damage|p1a: Reuniclus|120/337\n|cant|p1a: Reuniclus|flinch\n|\n|-heal|p2a: Shaymin|228/266|[from] item: Leftovers\n|upkeep\n|turn|12\n|\n|t:|1781453580\n|move|p2a: Shaymin|Leech Seed|p1a: Reuniclus\n|-start|p1a: Reuniclus|move: Leech Seed\n|move|p1a: Reuniclus|Recover|p1a: Reuniclus\n|-heal|p1a: Reuniclus|289/337\n|\n|-heal|p2a: Shaymin|244/266|[from] item: Leftovers\n|upkeep\n|turn|13\n|\n|t:|1781453586\n|move|p2a: Shaymin|Air Slash|p1a: Reuniclus\n|-damage|p1a: Reuniclus|189/337\n|cant|p1a: Reuniclus|flinch\n|\n|-heal|p2a: Shaymin|260/266|[from] item: Leftovers\n|upkeep\n|turn|14\n|\n|t:|1781453614\n|move|p2a: Shaymin|Air Slash|p1a: Reuniclus\n|-damage|p1a: Reuniclus|87/337\n|move|p1a: Reuniclus|Calm Mind|p1a: Reuniclus\n|-boost|p1a: Reuniclus|spa|1\n|-boost|p1a: Reuniclus|spd|1\n|\n|-heal|p2a: Shaymin|266/266|[from] item: Leftovers\n|upkeep\n|turn|15\n|\n|t:|1781453623\n|move|p2a: Shaymin|Air Slash|p1a: Reuniclus\n|-damage|p1a: Reuniclus|18/337\n|move|p1a: Reuniclus|Recover|p1a: Reuniclus\n|-heal|p1a: Reuniclus|187/337\n|\n|upkeep\n|turn|16\n|\n|t:|1781453636\n|move|p2a: Shaymin|Seed Flare|p1a: Reuniclus\n|-damage|p1a: Reuniclus|81/337\n|-unboost|p1a: Reuniclus|spd|2\n|move|p1a: Reuniclus|Recover|p1a: Reuniclus\n|-heal|p1a: Reuniclus|250/337\n|\n|upkeep\n|turn|17\n|\n|t:|1781453643\n|move|p2a: Shaymin|Seed Flare|p1a: Reuniclus\n|-damage|p1a: Reuniclus|22/337\n|move|p1a: Reuniclus|Calm Mind|p1a: Reuniclus\n|-boost|p1a: Reuniclus|spa|1\n|-boost|p1a: Reuniclus|spd|1\n|\n|upkeep\n|turn|18\n|\n|t:|1781453653\n|move|p2a: Shaymin|Air Slash|p1a: Reuniclus\n|-damage|p1a: Reuniclus|0 fnt\n|faint|p1a: Reuniclus\n|\n|upkeep\n|\n|t:|1781453659\n|switch|p1a: Noivern|Noivern, L82, M, tera:Normal|115/274\n|turn|19\n|\n|t:|1781453672\n|move|p1a: Noivern|Hurricane|p2a: Shaymin\n|-supereffective|p2a: Shaymin\n|-damage|p2a: Shaymin|0 fnt\n|faint|p2a: Shaymin\n|\n|upkeep\n|\n|t:|1781453688\n|switch|p2a: Groudon|Groudon, L72|263/263\n|-weather|SunnyDay|[from] ability: Drought|[of] p2a: Groudon\n|turn|20\n|\n|t:|1781453706\n|switch|p1a: Crabominable|Crabominable, L90, F|201/321\n|move|p2a: Groudon|Stone Edge|p1a: Crabominable|[miss]\n|-miss|p2a: Groudon|p1a: Crabominable\n|\n|-weather|SunnyDay|[upkeep]\n|upkeep\n|turn|21\n|\n|t:|1781453716\n|move|p2a: Groudon|Heat Crash|p1a: Crabominable\n|-supereffective|p1a: Crabominable\n|-damage|p1a: Crabominable|0 fnt\n|faint|p1a: Crabominable\n|\n|-weather|SunnyDay|[upkeep]\n|upkeep\n|\n|t:|1781453732\n|switch|p1a: Tauros|Tauros-Paldea-Combat, L82, M|257/257\n|-ability|p1a: Tauros|Intimidate|boost\n|-unboost|p2a: Groudon|atk|1\n|turn|22\n|\n|t:|1781453744\n|move|p1a: Tauros|Iron Head|p2a: Groudon\n|-damage|p2a: Groudon|189/263\n|move|p2a: Groudon|Roar|p1a: Tauros\n|drag|p1a: Noivern|Noivern, L82, M, tera:Normal|115/274\n|\n|-weather|SunnyDay|[upkeep]\n|-heal|p2a: Groudon|205/263|[from] item: Leftovers\n|upkeep\n|turn|23\n|\n|t:|1781453756\n|move|p1a: Noivern|Boomburst|p2a: Groudon\n|-damage|p2a: Groudon|0 fnt\n|faint|p2a: Groudon\n|\n|-weather|SunnyDay|[upkeep]\n|upkeep\n|\n|t:|1781453778\n|switch|p2a: Bronzong|Bronzong, L88|261/261\n|turn|24\n|\n|t:|1781453786\n|switch|p1a: Skeledirge|Skeledirge, L79, F|294/294\n|move|p2a: Bronzong|Stealth Rock|p1a: Skeledirge\n|-sidestart|p1: Kabzoul|move: Stealth Rock\n|\n|-weather|none\n|upkeep\n|turn|25\n|\n|t:|1781453794\n|move|p1a: Skeledirge|Torch Song|p2a: Bronzong\n|-supereffective|p2a: Bronzong\n|-damage|p2a: Bronzong|141/261\n|-boost|p1a: Skeledirge|spa|1\n|move|p2a: Bronzong|Earthquake|p1a: Skeledirge\n|-supereffective|p1a: Skeledirge\n|-damage|p1a: Skeledirge|158/294\n|\n|-heal|p2a: Bronzong|157/261|[from] item: Leftovers\n|upkeep\n|turn|26\n|\n|t:|1781453805\n|switch|p2a: Oricorio|Oricorio, L84, F|263/263\n|move|p1a: Skeledirge|Torch Song|p2a: Oricorio\n|-resisted|p2a: Oricorio\n|-damage|p2a: Oricorio|188/263\n|-boost|p1a: Skeledirge|spa|1\n|\n|upkeep\n|turn|27\n|\n|t:|1781453821\n|move|p2a: Oricorio|Quiver Dance|p2a: Oricorio\n|-boost|p2a: Oricorio|spa|1\n|-boost|p2a: Oricorio|spd|1\n|-boost|p2a: Oricorio|spe|1\n|move|p1a: Skeledirge|Slack Off|p1a: Skeledirge\n|-heal|p1a: Skeledirge|294/294\n|\n|upkeep\n|turn|28\n|\n|t:|1781453842\n|move|p2a: Oricorio|Roost|p2a: Oricorio\n|-heal|p2a: Oricorio|263/263\n|-singleturn|p2a: Oricorio|move: Roost\n|move|p1a: Skeledirge|Torch Song|p2a: Oricorio\n|-resisted|p2a: Oricorio\n|-damage|p2a: Oricorio|160/263\n|-boost|p1a: Skeledirge|spa|1\n|\n|upkeep\n|turn|29\n|\n|t:|1781453861\n|move|p2a: Oricorio|Quiver Dance|p2a: Oricorio\n|-boost|p2a: Oricorio|spa|1\n|-boost|p2a: Oricorio|spd|1\n|-boost|p2a: Oricorio|spe|1\n|move|p1a: Skeledirge|Torch Song|p2a: Oricorio\n|-resisted|p2a: Oricorio\n|-damage|p2a: Oricorio|40/263\n|-boost|p1a: Skeledirge|spa|1\n|\n|upkeep\n|turn|30\n|\n|t:|1781453870\n|move|p2a: Oricorio|Roost|p2a: Oricorio\n|-heal|p2a: Oricorio|172/263\n|-singleturn|p2a: Oricorio|move: Roost\n|move|p1a: Skeledirge|Torch Song|p2a: Oricorio\n|-resisted|p2a: Oricorio\n|-damage|p2a: Oricorio|28/263\n|-boost|p1a: Skeledirge|spa|1\n|\n|upkeep\n|turn|31\n|inactive|Aewow has 120 seconds left.\n|inactive|Aewow has 90 seconds left.\n|\n|t:|1781453930\n|move|p2a: Oricorio|Hurricane|p1a: Skeledirge\n|-damage|p1a: Skeledirge|150/294\n|-start|p1a: Skeledirge|confusion\n|-activate|p1a: Skeledirge|confusion\n|-damage|p1a: Skeledirge|136/294|[from] confusion\n|\n|upkeep\n|turn|32\n|\n|t:|1781453938\n|move|p2a: Oricorio|Hurricane|p1a: Skeledirge|[miss]\n|-miss|p2a: Oricorio|p1a: Skeledirge\n|-activate|p1a: Skeledirge|confusion\n|move|p1a: Skeledirge|Torch Song|p2a: Oricorio\n|-resisted|p2a: Oricorio\n|-damage|p2a: Oricorio|0 fnt\n|-boost|p1a: Skeledirge|spa|1\n|faint|p2a: Oricorio\n|\n|upkeep\n|\n|t:|1781453941\n|switch|p2a: Bronzong|Bronzong, L88|157/261\n|turn|33\n|\n|t:|1781453951\n|-end|p1a: Skeledirge|confusion\n|move|p1a: Skeledirge|Torch Song|p2a: Bronzong\n|-supereffective|p2a: Bronzong\n|-damage|p2a: Bronzong|0 fnt\n|faint|p2a: Bronzong\n|\n|upkeep\n|inactive|Aewow has 90 seconds left.\n|\n|t:|1781453973\n|switch|p2a: Glastrier|Glastrier, L86|311/311\n|turn|34\n|inactive|Aewow has 90 seconds left.\n|\n|t:|1781453986\n|move|p1a: Skeledirge|Torch Song|p2a: Glastrier\n|-supereffective|p2a: Glastrier\n|-damage|p2a: Glastrier|0 fnt\n|faint|p2a: Glastrier\n|\n|win|Kabzoul\n|raw|Kabzoul's rating: 1154 &rarr; <strong>1181</strong><br />(+27 for winning)\n|raw|Aewow's rating: 1175 &rarr; <strong>1148</strong><br />(-27 for losing)\n|l|\u2606Aewow\n|player|p2|\n", "inputlog": ">version a8376a258c1d4662feba110a92103f3664a72141\n>start {\"formatid\":\"gen9randombattle\",\"seed\":\"sodium,576ea8ee3e2568e23a877b2d1f5480a8\",\"rated\":\"Rated battle\"}\n>player p1 {\"name\":\"Kabzoul\",\"avatar\":\"lady\",\"rating\":1154,\"seed\":\"sodium,0c83d1b7fd5c593d7d460e4832d5e2ab\"}\n>player p2 {\"name\":\"Aewow\",\"avatar\":\"1\",\"rating\":1175,\"seed\":\"sodium,5d6d823195d7ad7dc053e856cad43539\"}\n>p1 move boomburst terastallize\n>p2 switch 5\n>p1 move boomburst\n>p2 move stoneedge\n>p1 switch 2\n>p2 move stoneedge\n>p1 move ironhead\n>p2 move swordsdance terastallize\n>p2 switch 3\n>p1 switch 3\n>p2 move substitute\n>p1 move icehammer\n>p2 move leechseed\n>p1 move icehammer\n>p2 move substitute\n>p1 move icehammer\n>p2 move substitute\n>p1 switch 6\n>p2 move substitute\n>p1 move calmmind\n>p2 move seedflare\n>p1 move recover\n>p2 move airslash\n>p1 move recover\n>p2 move leechseed\n>p1 move calmmind\n>p2 move airslash\n>p1 move calmmind\n>p2 move airslash\n>p1 move recover\n>p2 move airslash\n>p1 move recover\n>p2 move seedflare\n>p1 move calmmind\n>p2 move seedflare\n>p1 move psyshock\n>p2 move airslash\n>p1 switch 2\n>p1 move hurricane\n>p2 move seedflare\n>p2 switch 2\n>p1 switch 6\n>p2 move stoneedge\n>p1 move icehammer\n>p2 move heatcrash\n>p1 switch 3\n>p1 move ironhead\n>p2 move roar\n>p1 move boomburst\n>p2 move heatcrash\n>p2 switch 6\n>p1 switch 4\n>p2 move stealthrock\n>p1 move torchsong\n>p2 move earthquake\n>p1 move torchsong\n>p2 switch 5\n>p1 move slackoff\n>p2 move quiverdance\n>p1 move torchsong\n>p2 move roost\n>p1 move torchsong\n>p2 move quiverdance\n>p1 move torchsong\n>p2 move roost\n>p1 move torchsong\n>p2 move hurricane\n>p1 move torchsong\n>p2 move hurricane\n>p2 switch 5\n>p1 move torchsong\n>p2 move earthquake\n>p2 switch 4\n>p1 move torchsong\n>p2 move highhorsepower", "uploadtime": 1781453993, "views": 7, "formatid": "gen9randombattle", "rating": 1148, "private": 0, "password": null, "player_dets": [{"name": "Kabzoul", "avatar": "lady", "rating": 1154, "seed": "sodium,0c83d1b7fd5c593d7d460e4832d5e2ab"}, {"name": "Aewow", "avatar": "1", "rating": 1175, "seed": "sodium,5d6d823195d7ad7dc053e856cad43539"}], "teams_full": [{"Noivern": {"name": "Noivern", "species": "Noivern", "speciesId": "noivern", "gender": "M", "shiny": false, "level": 82, "moves": ["uturn", "dracometeor", "boomburst", "hurricane"], "ability": "Infiltrator", "evs": {"hp": 85, "atk": 85, "def": 85, "spa": 85, "spd": 85, "spe": 85}, "ivs": {"hp": 31, "atk": 31, "def": 31, "spa": 31, "spd": 31, "spe": 31}, "item": "Choice Specs", "teraType": "Normal", "role": "Fast Attacker", "bvs": {"hp": 85, "atk": 70, "def": 80, "spa": 97, "spd": 80, "spe": 123}, "stats": {"hp": 274, "atk": 162, "def": 178, "spa": 206, "spd": 178, "spe": 249}}, "Tauros": {"name": "Tauros", "species": "Tauros-Paldea-Combat", "speciesId": "taurospaldeacombat", "gender": "M", "shiny": false, "level": 82, "moves": ["throatchop", "closecombat", "earthquake", "ironhead"], "ability": "Intimidate", "evs": {"hp": 85, "atk": 85, "def": 85, "spa": 85, "spd": 85, "spe": 85}, "ivs": {"hp": 31, "atk": 31, "def": 31, "spa": 31, "spd": 31, "spe": 31}, "item": "Choice Band", "teraType": "Fighting", "role": "Wallbreaker", "bvs": {"hp": 75, "atk": 110, "def": 105, "spa": 30, "spd": 70, "spe": 100}, "stats": {"hp": 257, "atk": 228, "def": 219, "spa": 96, "spd": 162, "spe": 211}}, "Crabominable": {"name": "Crabominable", "species": "Crabominable", "speciesId": "crabominable", "gender": "F", "shiny": false, "level": 90, "moves": ["gunkshot", "icehammer", "earthquake", "closecombat"], "ability": "Iron Fist", "evs": {"hp": 85, "atk": 85, "def": 85, "spa": 85, "spd": 85, "spe": 85}, "ivs": {"hp": 31, "atk": 31, "def": 31, "spa": 31, "spd": 31, "spe": 31}, "item": "Choice Band", "teraType": "Fighting", "role": "Wallbreaker", "bvs": {"hp": 97, "atk": 132, "def": 77, "spa": 62, "spd": 67, "spe": 43}, "stats": {"hp": 321, "atk": 289, "def": 190, "spa": 163, "spd": 172, "spe": 129}}, "Skeledirge": {"name": "Skeledirge", "species": "Skeledirge", "speciesId": "skeledirge", "gender": "F", "shiny": false, "level": 79, "moves": ["torchsong", "willowisp", "hex", "slackoff"], "ability": "Unaware", "evs": {"hp": 85, "atk": 0, "def": 85, "spa": 85, "spd": 85, "spe": 85}, "ivs": {"hp": 31, "atk": 0, "def": 31, "spa": 31, "spd": 31, "spe": 31}, "item": "Heavy-Duty Boots", "teraType": "Fairy", "role": "Bulky Support", "bvs": {"hp": 104, "atk": 75, "def": 100, "spa": 110, "spd": 75, "spe": 66}, "stats": {"hp": 294, "atk": 123, "def": 204, "spa": 219, "spd": 164, "spe": 150}}, "Wigglytuff": {"name": "Wigglytuff", "species": "Wigglytuff", "speciesId": "wigglytuff", "gender": "M", "shiny": false, "level": 96, "moves": ["dazzlinggleam", "protect", "thunderwave", "wish"], "ability": "Competitive", "evs": {"hp": 85, "atk": 0, "def": 85, "spa": 85, "spd": 85, "spe": 85}, "ivs": {"hp": 31, "atk": 0, "def": 31, "spa": 31, "spd": 31, "spe": 31}, "item": "Leftovers", "teraType": "Poison", "role": "Bulky Support", "bvs": {"hp": 140, "atk": 70, "def": 45, "spa": 85, "spd": 50, "spe": 45}, "stats": {"hp": 424, "atk": 139, "def": 141, "spa": 218, "spd": 150, "spe": 141}}, "Reuniclus": {"name": "Reuniclus", "species": "Reuniclus", "speciesId": "reuniclus", "gender": "F", "shiny": false, "level": 88, "moves": ["calmmind", "focusblast", "psyshock", "recover"], "ability": "Magic Guard", "evs": {"hp": 85, "atk": 0, "def": 85, "spa": 85, "spd": 85, "spe": 85}, "ivs": {"hp": 31, "atk": 0, "def": 31, "spa": 31, "spd": 31, "spe": 31}, "item": "Life Orb", "teraType": "Steel", "role": "Bulky Setup", "bvs": {"hp": 110, "atk": 65, "def": 75, "spa": 125, "spd": 85, "spe": 30}, "stats": {"hp": 337, "atk": 119, "def": 182, "spa": 270, "spd": 200, "spe": 103}}}, {"Oricorio": {"name": "Oricorio", "species": "Oricorio", "speciesId": "oricorio", "gender": "F", "shiny": false, "level": 84, "moves": ["roost", "hurricane", "quiverdance", "revelationdance"], "ability": "Dancer", "evs": {"hp": 85, "atk": 0, "def": 85, "spa": 85, "spd": 85, "spe": 85}, "ivs": {"hp": 31, "atk": 0, "def": 31, "spa": 31, "spd": 31, "spe": 31}, "item": "Heavy-Duty Boots", "teraType": "Ground", "role": "Setup Sweeper", "bvs": {"hp": 75, "atk": 70, "def": 70, "spa": 98, "spd": 70, "spe": 93}, "stats": {"hp": 263, "atk": 122, "def": 166, "spa": 213, "spd": 166, "spe": 204}}, "Groudon": {"name": "Groudon", "species": "Groudon", "speciesId": "groudon", "gender": "N", "shiny": false, "level": 72, "moves": ["stoneedge", "roar", "heatcrash", "precipiceblades"], "ability": "Drought", "evs": {"hp": 85, "atk": 85, "def": 85, "spa": 85, "spd": 85, "spe": 85}, "ivs": {"hp": 31, "atk": 31, "def": 31, "spa": 31, "spd": 31, "spe": 31}, "item": "Leftovers", "teraType": "Fire", "role": "Bulky Attacker", "bvs": {"hp": 100, "atk": 150, "def": 140, "spa": 100, "spd": 90, "spe": 90}, "stats": {"hp": 263, "atk": 258, "def": 244, "spa": 186, "spd": 172, "spe": 172}}, "Shaymin": {"name": "Shaymin", "species": "Shaymin-Sky", "speciesId": "shayminsky", "gender": "N", "shiny": false, "level": 73, "moves": ["airslash", "substitute", "seedflare", "leechseed"], "ability": "Serene Grace", "evs": {"hp": 85, "atk": 0, "def": 85, "spa": 85, "spd": 85, "spe": 85}, "ivs": {"hp": 31, "atk": 0, "def": 31, "spa": 31, "spd": 31, "spe": 31}, "item": "Leftovers", "teraType": "Steel", "role": "Bulky Support", "bvs": {"hp": 100, "atk": 103, "def": 75, "spa": 120, "spd": 75, "spe": 127}, "stats": {"hp": 266, "atk": 155, "def": 152, "spa": 218, "spd": 152, "spe": 228}}, "Glastrier": {"name": "Glastrier", "species": "Glastrier", "speciesId": "glastrier", "gender": "N", "shiny": false, "level": 86, "moves": ["heavyslam", "iciclecrash", "closecombat", "highhorsepower"], "ability": "Chilling Neigh", "evs": {"hp": 81, "atk": 85, "def": 85, "spa": 85, "spd": 85, "spe": 85}, "ivs": {"hp": 31, "atk": 31, "def": 31, "spa": 31, "spd": 31, "spe": 31}, "item": "Choice Band", "teraType": "Fighting", "role": "Bulky Attacker", "bvs": {"hp": 100, "atk": 145, "def": 130, "spa": 65, "spd": 110, "spe": 30}, "stats": {"hp": 311, "atk": 299, "def": 273, "spa": 161, "spd": 238, "spe": 101}}, "Rhydon": {"name": "Rhydon", "species": "Rhydon", "speciesId": "rhydon", "gender": "M", "shiny": false, "level": 85, "moves": ["stoneedge", "megahorn", "swordsdance", "earthquake"], "ability": "Lightning Rod", "evs": {"hp": 85, "atk": 85, "def": 85, "spa": 85, "spd": 85, "spe": 85}, "ivs": {"hp": 31, "atk": 31, "def": 31, "spa": 31, "spd": 31, "spe": 31}, "item": "Eviolite", "teraType": "Fairy", "role": "Bulky Attacker", "bvs": {"hp": 105, "atk": 130, "def": 120, "spa": 45, "spd": 45, "spe": 40}, "stats": {"hp": 317, "atk": 270, "def": 253, "spa": 125, "spd": 125, "spe": 117}}, "Bronzong": {"name": "Bronzong", "species": "Bronzong", "speciesId": "bronzong", "gender": "N", "shiny": false, "level": 88, "moves": ["stealthrock", "psychic", "ironhead", "earthquake"], "ability": "Levitate", "evs": {"hp": 85, "atk": 85, "def": 85, "spa": 85, "spd": 85, "spe": 85}, "ivs": {"hp": 31, "atk": 31, "def": 31, "spa": 31, "spd": 31, "spe": 31}, "item": "Leftovers", "teraType": "Electric", "role": "Bulky Support", "bvs": {"hp": 67, "atk": 89, "def": 116, "spa": 79, "spd": 116, "spe": 33}, "stats": {"hp": 261, "atk": 207, "def": 254, "spa": 189, "spd": 254, "spe": 108}}}]}