{"id": "gen9randombattle-2631679734", "format": "[Gen 9] Random Battle", "players": ["fane64450", "JHTSTT"], "log": "|j|\u2606fane64450\n|j|\u2606JHTSTT\n|t:|1781420361\n|gametype|singles\n|player|p1|fane64450|flannery|1132\n|player|p2|JHTSTT|dawn|1100\n|gen|9\n|tier|[Gen 9] Random Battle\n|rated|\n|rule|Species Clause: Limit one of each Pok\u00e9mon\n|rule|HP Percentage Mod: HP is shown in percentages\n|rule|Sleep Clause Mod: Limit one foe put to sleep\n|rule|Illusion Level Mod: Illusion disguises the Pok\u00e9mon's true level\n|\n|t:|1781420361\n|teamsize|p1|6\n|teamsize|p2|6\n|start\n|switch|p1a: Primarina|Primarina, L83, M|268/268\n|switch|p2a: Typhlosion|Typhlosion-Hisui, L83, F|257/257\n|turn|1\n|\n|t:|1781420376\n|switch|p2a: Rotom|Rotom-Mow, L87|229/229\n|move|p1a: Primarina|Flip Turn|p2a: Rotom\n|-resisted|p2a: Rotom\n|-damage|p2a: Rotom|206/229\n|\n|t:|1781420393\n|switch|p1a: Pawmot|Pawmot, L80, F|243/243|[from] Flip Turn\n|\n|-heal|p2a: Rotom|220/229|[from] item: Leftovers\n|upkeep\n|turn|2\n|\n|t:|1781420428\n|move|p1a: Pawmot|Ice Punch|p2a: Rotom\n|-supereffective|p2a: Rotom\n|-damage|p2a: Rotom|87/229\n|-damage|p1a: Pawmot|219/243|[from] item: Life Orb\n|move|p2a: Rotom|Leaf Storm|p1a: Pawmot\n|-damage|p1a: Pawmot|20/243\n|-unboost|p2a: Rotom|spa|2\n|\n|-heal|p2a: Rotom|101/229|[from] item: Leftovers\n|upkeep\n|turn|3\n|\n|t:|1781420453\n|move|p1a: Pawmot|Ice Punch|p2a: Rotom\n|-supereffective|p2a: Rotom\n|-damage|p2a: Rotom|0 fnt\n|faint|p2a: Rotom\n|-damage|p1a: Pawmot|0 fnt|[from] item: Life Orb\n|faint|p1a: Pawmot\n|\n|upkeep\n|\n|t:|1781420462\n|switch|p1a: Primarina|Primarina, L83, M|268/268\n|switch|p2a: Scyther|Scyther, L82, M|249/249\n|turn|4\n|\n|t:|1781420476\n|move|p2a: Scyther|Swords Dance|p2a: Scyther\n|-boost|p2a: Scyther|atk|2\n|move|p1a: Primarina|Flip Turn|p2a: Scyther\n|-damage|p2a: Scyther|191/249\n|\n|t:|1781420485\n|switch|p1a: Espeon|Espeon, L84, M|246/246|[from] Flip Turn\n|\n|upkeep\n|turn|5\n|\n|t:|1781420507\n|move|p1a: Espeon|Alluring Voice|p2a: Scyther\n|-damage|p2a: Scyther|81/249\n|move|p2a: Scyther|Bug Bite|p1a: Espeon\n|-supereffective|p1a: Espeon\n|-crit|p1a: Espeon\n|-damage|p1a: Espeon|0 fnt\n|faint|p1a: Espeon\n|\n|upkeep\n|\n|t:|1781420516\n|switch|p1a: Pincurchin|Pincurchin, F|258/258\n|-fieldstart|move: Electric Terrain|[from] ability: Electric Surge|[of] p1a: Pincurchin\n|turn|6\n|\n|t:|1781420532\n|move|p2a: Scyther|Close Combat|p1a: Pincurchin\n|-damage|p1a: Pincurchin|114/258\n|-unboost|p2a: Scyther|def|1\n|-unboost|p2a: Scyther|spd|1\n|move|p1a: Pincurchin|Spikes|p2a: Scyther\n|-sidestart|p2: JHTSTT|Spikes\n|\n|-heal|p1a: Pincurchin|130/258|[from] item: Leftovers\n|upkeep\n|turn|7\n|\n|t:|1781420549\n|-terastallize|p2a: Scyther|Fighting\n|move|p2a: Scyther|Close Combat|p1a: Pincurchin\n|-damage|p1a: Pincurchin|0 fnt\n|-unboost|p2a: Scyther|def|1\n|-unboost|p2a: Scyther|spd|1\n|faint|p1a: Pincurchin\n|\n|upkeep\n|\n|t:|1781420557\n|switch|p1a: Sylveon|Sylveon, L85, F|300/300\n|turn|8\n|\n|t:|1781420566\n|move|p2a: Scyther|Dual Wingbeat|p1a: Sylveon\n|-damage|p1a: Sylveon|126/300\n|-damage|p1a: Sylveon|0 fnt\n|faint|p1a: Sylveon\n|-hitcount|p1: Sylveon|2\n|\n|upkeep\n|\n|t:|1781420573\n|switch|p1a: Braviary|Braviary, L85, M|309/309\n|turn|9\n|\n|t:|1781420583\n|move|p2a: Scyther|Close Combat|p1a: Braviary\n|-damage|p1a: Braviary|0 fnt\n|-unboost|p2a: Scyther|def|1\n|-unboost|p2a: Scyther|spd|1\n|faint|p1a: Braviary\n|\n|upkeep\n|\n|t:|1781420589\n|switch|p1a: Primarina|Primarina, L83, M|268/268\n|turn|10\n|\n|t:|1781420596\n|move|p2a: Scyther|Dual Wingbeat|p1a: Primarina\n|-damage|p1a: Primarina|109/268\n|-damage|p1a: Primarina|0 fnt\n|faint|p1a: Primarina\n|-hitcount|p1: Primarina|2\n|\n|win|JHTSTT\n|raw|fane64450's rating: 1132 &rarr; <strong>1103</strong><br />(-29 for losing)\n|raw|JHTSTT's rating: 1077 &rarr; <strong>1110</strong><br />(+33 for winning)\n|l|\u2606fane64450\n|player|p1|\n", "inputlog": ">version a8376a258c1d4662feba110a92103f3664a72141\n>start {\"formatid\":\"gen9randombattle\",\"seed\":\"sodium,0e77edd6381d67a9adfe9c8cda3e9a10\",\"rated\":\"Rated battle\"}\n>player p1 {\"name\":\"fane64450\",\"avatar\":\"flannery\",\"rating\":1132,\"seed\":\"sodium,41d30fb1e2a33c25eca1ecc8ba4cc5d2\"}\n>player p2 {\"name\":\"JHTSTT\",\"avatar\":\"dawn\",\"rating\":1100,\"seed\":\"sodium,76da1ae86b3a6327756da8a6e5473d5a\"}\n>p1 move flipturn\n>p2 switch 5\n>p1 switch 3\n>p1 move icepunch\n>p2 move leafstorm\n>p1 move icepunch\n>p2 move thunderbolt\n>p1 switch 3\n>p2 switch 3\n>p1 move flipturn\n>p2 move swordsdance\n>p1 switch 6\n>p1 move alluringvoice\n>p2 move bugbite\n>p1 switch 5\n>p1 move spikes\n>p2 move closecombat\n>p1 move discharge\n>p2 move closecombat terastallize\n>p1 switch 4\n>p1 move hypervoice\n>p2 move dualwingbeat\n>p1 switch 2\n>p1 move bravebird\n>p2 move closecombat\n>p1 switch 6\n>p1 move moonblast\n>p2 move dualwingbeat", "uploadtime": 1781420612, "views": 4, "formatid": "gen9randombattle", "rating": 1103, "private": 0, "password": null, "player_dets": [{"name": "fane64450", "avatar": "flannery", "rating": 1132, "seed": "sodium,41d30fb1e2a33c25eca1ecc8ba4cc5d2"}, {"name": "JHTSTT", "avatar": "dawn", "rating": 1100, "seed": "sodium,76da1ae86b3a6327756da8a6e5473d5a"}], "teams_full": [{"Primarina": {"name": "Primarina", "species": "Primarina", "speciesId": "primarina", "gender": "M", "shiny": false, "level": 83, "moves": ["psychic", "flipturn", "hydropump", "moonblast"], "ability": "Torrent", "evs": {"hp": 85, "atk": 85, "def": 85, "spa": 85, "spd": 85, "spe": 85}, "ivs": {"hp": 31, "atk": 31, "def": 31, "spa": 31, "spd": 31, "spe": 31}, "item": "Choice Specs", "teraType": "Water", "role": "Wallbreaker", "bvs": {"hp": 80, "atk": 74, "def": 74, "spa": 126, "spd": 116, "spe": 60}, "stats": {"hp": 268, "atk": 171, "def": 171, "spa": 257, "spd": 240, "spe": 147}}, "Braviary": {"name": "Braviary", "species": "Braviary", "speciesId": "braviary", "gender": "M", "shiny": false, "level": 85, "moves": ["bravebird", "closecombat", "bulkup", "roost"], "ability": "Defiant", "evs": {"hp": 85, "atk": 85, "def": 85, "spa": 85, "spd": 85, "spe": 85}, "ivs": {"hp": 31, "atk": 31, "def": 31, "spa": 31, "spd": 31, "spe": 31}, "item": "Heavy-Duty Boots", "teraType": "Steel", "role": "Fast Bulky Setup", "bvs": {"hp": 100, "atk": 123, "def": 75, "spa": 57, "spd": 75, "spe": 80}, "stats": {"hp": 309, "atk": 258, "def": 176, "spa": 146, "spd": 176, "spe": 185}}, "Pawmot": {"name": "Pawmot", "species": "Pawmot", "speciesId": "pawmot", "gender": "F", "shiny": false, "level": 80, "moves": ["revivalblessing", "closecombat", "doubleshock", "icepunch"], "ability": "Iron Fist", "evs": {"hp": 85, "atk": 85, "def": 85, "spa": 85, "spd": 85, "spe": 85}, "ivs": {"hp": 31, "atk": 31, "def": 31, "spa": 31, "spd": 31, "spe": 31}, "item": "Life Orb", "teraType": "Electric", "role": "Wallbreaker", "bvs": {"hp": 70, "atk": 115, "def": 70, "spa": 70, "spd": 60, "spe": 105}, "stats": {"hp": 243, "atk": 230, "def": 158, "spa": 158, "spd": 142, "spe": 214}}, "Sylveon": {"name": "Sylveon", "species": "Sylveon", "speciesId": "sylveon", "gender": "F", "shiny": false, "level": 85, "moves": ["calmmind", "hypervoice", "protect", "wish"], "ability": "Pixilate", "evs": {"hp": 85, "atk": 0, "def": 85, "spa": 85, "spd": 85, "spe": 85}, "ivs": {"hp": 31, "atk": 0, "def": 31, "spa": 31, "spd": 31, "spe": 31}, "item": "Leftovers", "teraType": "Steel", "role": "Bulky Setup", "bvs": {"hp": 95, "atk": 65, "def": 65, "spa": 110, "spd": 130, "spe": 60}, "stats": {"hp": 300, "atk": 115, "def": 159, "spa": 236, "spd": 270, "spe": 151}}, "Pincurchin": {"name": "Pincurchin", "species": "Pincurchin", "speciesId": "pincurchin", "gender": "F", "shiny": false, "level": 100, "moves": ["recover", "discharge", "spikes", "scald"], "ability": "Electric Surge", "evs": {"hp": 85, "atk": 0, "def": 85, "spa": 85, "spd": 85, "spe": 85}, "ivs": {"hp": 31, "atk": 0, "def": 31, "spa": 31, "spd": 31, "spe": 31}, "item": "Leftovers", "teraType": "Water", "role": "Bulky Attacker", "bvs": {"hp": 48, "atk": 101, "def": 95, "spa": 91, "spd": 85, "spe": 15}, "stats": {"hp": 258, "atk": 207, "def": 247, "spa": 239, "spd": 227, "spe": 87}}, "Espeon": {"name": "Espeon", "species": "Espeon", "speciesId": "espeon", "gender": "M", "shiny": false, "level": 84, "moves": ["trick", "alluringvoice", "psyshock", "shadowball"], "ability": "Magic Bounce", "evs": {"hp": 85, "atk": 0, "def": 85, "spa": 85, "spd": 85, "spe": 85}, "ivs": {"hp": 31, "atk": 0, "def": 31, "spa": 31, "spd": 31, "spe": 31}, "item": "Choice Specs", "teraType": "Psychic", "role": "Fast Attacker", "bvs": {"hp": 65, "atk": 65, "def": 60, "spa": 130, "spd": 95, "spe": 110}, "stats": {"hp": 246, "atk": 114, "def": 149, "spa": 267, "spd": 208, "spe": 233}}}, {"Typhlosion": {"name": "Typhlosion", "species": "Typhlosion-Hisui", "speciesId": "typhlosionhisui", "gender": "F", "shiny": false, "level": 83, "moves": ["willowisp", "calmmind", "shadowball", "fireblast"], "ability": "Blaze", "evs": {"hp": 85, "atk": 0, "def": 85, "spa": 85, "spd": 85, "spe": 85}, "ivs": {"hp": 31, "atk": 0, "def": 31, "spa": 31, "spd": 31, "spe": 31}, "item": "Heavy-Duty Boots", "teraType": "Fire", "role": "Fast Bulky Setup", "bvs": {"hp": 73, "atk": 84, "def": 78, "spa": 119, "spd": 85, "spe": 95}, "stats": {"hp": 257, "atk": 144, "def": 177, "spa": 245, "spd": 189, "spe": 205}}, "Reshiram": {"name": "Reshiram", "species": "Reshiram", "speciesId": "reshiram", "gender": "N", "shiny": false, "level": 76, "moves": ["outrage", "dragondance", "flareblitz", "stoneedge"], "ability": "Turboblaze", "evs": {"hp": 85, "atk": 85, "def": 85, "spa": 85, "spd": 85, "spe": 85}, "ivs": {"hp": 31, "atk": 31, "def": 31, "spa": 31, "spd": 31, "spe": 31}, "item": "Heavy-Duty Boots", "teraType": "Fire", "role": "Setup Sweeper", "bvs": {"hp": 100, "atk": 120, "def": 100, "spa": 150, "spd": 120, "spe": 90}, "stats": {"hp": 277, "atk": 226, "def": 196, "spa": 272, "spd": 226, "spe": 181}}, "Scyther": {"name": "Scyther", "species": "Scyther", "speciesId": "scyther", "gender": "M", "shiny": false, "level": 82, "moves": ["bugbite", "closecombat", "swordsdance", "dualwingbeat"], "ability": "Technician", "evs": {"hp": 85, "atk": 85, "def": 85, "spa": 85, "spd": 85, "spe": 85}, "ivs": {"hp": 31, "atk": 31, "def": 31, "spa": 31, "spd": 31, "spe": 31}, "item": "Heavy-Duty Boots", "teraType": "Fighting", "role": "Setup Sweeper", "bvs": {"hp": 70, "atk": 110, "def": 80, "spa": 55, "spd": 80, "spe": 105}, "stats": {"hp": 249, "atk": 228, "def": 178, "spa": 137, "spd": 178, "spe": 219}}, "Scream Tail": {"name": "Scream Tail", "species": "Scream Tail", "speciesId": "screamtail", "gender": "N", "shiny": false, "level": 84, "moves": ["protect", "playrough", "thunderwave", "wish"], "ability": "Protosynthesis", "evs": {"hp": 85, "atk": 85, "def": 85, "spa": 85, "spd": 85, "spe": 85}, "ivs": {"hp": 31, "atk": 31, "def": 31, "spa": 31, "spd": 31, "spe": 31}, "item": "Leftovers", "teraType": "Poison", "role": "Bulky Support", "bvs": {"hp": 115, "atk": 65, "def": 99, "spa": 65, "spd": 115, "spe": 111}, "stats": {"hp": 330, "atk": 157, "def": 215, "spa": 157, "spd": 241, "spe": 235}}, "Rotom": {"name": "Rotom", "species": "Rotom-Mow", "speciesId": "rotommow", "gender": "N", "shiny": false, "level": 87, "moves": ["nastyplot", "willowisp", "thunderbolt", "leafstorm"], "ability": "Levitate", "evs": {"hp": 85, "atk": 0, "def": 85, "spa": 85, "spd": 85, "spe": 85}, "ivs": {"hp": 31, "atk": 0, "def": 31, "spa": 31, "spd": 31, "spe": 31}, "item": "Leftovers", "teraType": "Electric", "role": "Bulky Attacker", "bvs": {"hp": 50, "atk": 65, "def": 107, "spa": 105, "spd": 107, "spe": 86}, "stats": {"hp": 229, "atk": 118, "def": 236, "spa": 232, "spd": 236, "spe": 199}}, "Raging Bolt": {"name": "Raging Bolt", "species": "Raging Bolt", "speciesId": "ragingbolt", "gender": "N", "shiny": false, "level": 78, "moves": ["calmmind", "dracometeor", "thunderbolt", "thunderclap"], "ability": "Protosynthesis", "evs": {"hp": 85, "atk": 0, "def": 85, "spa": 85, "spd": 85, "spe": 85}, "ivs": {"hp": 31, "atk": 0, "def": 31, "spa": 31, "spd": 31, "spe": 31}, "item": "Leftovers", "teraType": "Electric", "role": "Bulky Setup", "bvs": {"hp": 125, "atk": 73, "def": 91, "spa": 137, "spd": 89, "spe": 75}, "stats": {"hp": 323, "atk": 118, "def": 187, "spa": 259, "spd": 184, "spe": 162}}}]}