{"id": "gen9randombattle-2631742511", "format": "[Gen 9] Random Battle", "players": ["L4V", "paddyd121"], "log": "|j|\u2606L4V\n|j|\u2606paddyd121\n|t:|1781432245\n|gametype|singles\n|player|p1|L4V|psychic-gen6|1927\n|player|p2|paddyd121|ethan|1921\n|gen|9\n|tier|[Gen 9] Random Battle\n|rated|\n|rule|Species Clause: Limit one of each Pok\u00e9mon\n|rule|HP Percentage Mod: HP is shown in percentages\n|rule|Sleep Clause Mod: Limit one foe put to sleep\n|rule|Illusion Level Mod: Illusion disguises the Pok\u00e9mon's true level\n|\n|t:|1781432245\n|teamsize|p1|6\n|teamsize|p2|6\n|start\n|switch|p1a: Polteageist|Polteageist-Antique, L78|222/222\n|switch|p2a: Virizion|Virizion, L82|283/283\n|turn|1\n|inactive|Battle timer is ON: inactive players will automatically lose when time's up. (requested by L4V)\n|\n|t:|1781432257\n|switch|p2a: Incineroar|Incineroar, L82, F|290/290\n|-ability|p2a: Incineroar|Intimidate|boost\n|-unboost|p1a: Polteageist|atk|1\n|-enditem|p1a: Polteageist|White Herb\n|-clearnegativeboost|p1a: Polteageist|[silent]\n|move|p1a: Polteageist|Shell Smash|p1a: Polteageist\n|-unboost|p1a: Polteageist|def|1\n|-unboost|p1a: Polteageist|spd|1\n|-boost|p1a: Polteageist|atk|2\n|-boost|p1a: Polteageist|spa|2\n|-boost|p1a: Polteageist|spe|2\n|\n|upkeep\n|turn|2\n|\n|t:|1781432270\n|move|p1a: Polteageist|Shadow Ball|p2a: Incineroar\n|-resisted|p2a: Incineroar\n|-damage|p2a: Incineroar|199/290\n|move|p2a: Incineroar|Knock Off|p1a: Polteageist\n|-supereffective|p1a: Polteageist\n|-damage|p1a: Polteageist|0 fnt\n|faint|p1a: Polteageist\n|\n|upkeep\n|\n|t:|1781432280\n|switch|p1a: Gastrodon|Gastrodon-East, L86, F|331/331\n|turn|3\n|inactive|paddyd121 has 120 seconds left.\n|\n|t:|1781432318\n|move|p2a: Incineroar|Parting Shot|p1a: Gastrodon\n|-unboost|p1a: Gastrodon|atk|1\n|-unboost|p1a: Gastrodon|spa|1\n|\n|t:|1781432320\n|switch|p2a: Virizion|Virizion, L82|283/283|[from] Parting Shot\n|move|p1a: Gastrodon|Earthquake|p2a: Virizion\n|-resisted|p2a: Virizion\n|-damage|p2a: Virizion|242/283\n|\n|upkeep\n|turn|4\n|\n|t:|1781432329\n|switch|p1a: Iron Moth|Iron Moth, L78|253/253\n|move|p2a: Virizion|Close Combat|p1a: Iron Moth\n|-resisted|p1a: Iron Moth\n|-damage|p1a: Iron Moth|150/253\n|-unboost|p2a: Virizion|def|1\n|-unboost|p2a: Virizion|spd|1\n|-damage|p2a: Virizion|214/283|[from] item: Life Orb\n|\n|upkeep\n|turn|5\n|\n|t:|1781432339\n|switch|p2a: Incineroar|Incineroar, L82, F|199/290\n|-ability|p2a: Incineroar|Intimidate|boost\n|-unboost|p1a: Iron Moth|atk|1\n|move|p1a: Iron Moth|Sludge Wave|p2a: Incineroar\n|-damage|p2a: Incineroar|82/290\n|\n|upkeep\n|turn|6\n|\n|t:|1781432344\n|move|p1a: Iron Moth|Sludge Wave|p2a: Incineroar\n|-damage|p2a: Incineroar|0 fnt\n|faint|p2a: Incineroar\n|\n|upkeep\n|\n|t:|1781432352\n|switch|p2a: Oricorio|Oricorio-Pa'u, L87, F|272/272\n|turn|7\n|\n|t:|1781432362\n|-end|p1a: Iron Moth|Quark Drive|[silent]\n|switch|p1a: Zangoose|Zangoose, L85, F|263/263\n|move|p2a: Oricorio|Quiver Dance|p2a: Oricorio\n|-boost|p2a: Oricorio|spa|1\n|-boost|p2a: Oricorio|spd|1\n|-boost|p2a: Oricorio|spe|1\n|\n|-status|p1a: Zangoose|tox|[from] item: Toxic Orb\n|upkeep\n|turn|8\n|\n|t:|1781432372\n|-terastallize|p2a: Oricorio|Fighting\n|move|p2a: Oricorio|Revelation Dance|p1a: Zangoose\n|-supereffective|p1a: Zangoose\n|-damage|p1a: Zangoose|0 fnt\n|faint|p1a: Zangoose\n|\n|upkeep\n|\n|t:|1781432385\n|switch|p1a: Ceruledge|Ceruledge, L78, F|245/245\n|turn|9\n|\n|t:|1781432393\n|switch|p2a: Inteleon|Inteleon, L81, M|246/246\n|move|p1a: Ceruledge|Bitter Blade|p2a: Inteleon\n|-resisted|p2a: Inteleon\n|-damage|p2a: Inteleon|176/246\n|\n|upkeep\n|turn|10\n|\n|t:|1781432411\n|switch|p1a: Gastrodon|Gastrodon-East, L86, F|331/331\n|move|p2a: Inteleon|U-turn|p1a: Gastrodon\n|-damage|p1a: Gastrodon|280/331\n|\n|t:|1781432416\n|switch|p2a: Smeargle|Smeargle, L95, M|258/258|[from] U-turn\n|\n|-heal|p1a: Gastrodon|300/331|[from] item: Leftovers\n|upkeep\n|turn|11\n|\n|t:|1781432427\n|move|p2a: Smeargle|Spore|p1a: Gastrodon\n|-status|p1a: Gastrodon|slp|[from] move: Spore\n|cant|p1a: Gastrodon|slp\n|\n|-heal|p1a: Gastrodon|320/331 slp|[from] item: Leftovers\n|upkeep\n|turn|12\n|\n|t:|1781432439\n|switch|p1a: Ambipom|Ambipom, L84, M|263/263\n|move|p2a: Smeargle|Sticky Web|p1a: Ambipom\n|-sidestart|p1: L4V|move: Sticky Web\n|\n|upkeep\n|turn|13\n|\n|t:|1781432450\n|switch|p2a: Roaring Moon|Roaring Moon, L72|270/270\n|-enditem|p2a: Roaring Moon|Booster Energy\n|-activate|p2a: Roaring Moon|ability: Protosynthesis|[fromitem]\n|-start|p2a: Roaring Moon|protosynthesisatk\n|move|p1a: Ambipom|Double-Edge|p2a: Roaring Moon\n|-damage|p2a: Roaring Moon|18/270\n|-damage|p1a: Ambipom|180/263|[from] Recoil\n|\n|upkeep\n|turn|14\n|\n|t:|1781432457\n|move|p1a: Ambipom|Double-Edge|p2a: Roaring Moon\n|-damage|p2a: Roaring Moon|0 fnt\n|faint|p2a: Roaring Moon\n|-end|p2a: Roaring Moon|Protosynthesis|[silent]\n|-damage|p1a: Ambipom|174/263|[from] Recoil\n|\n|upkeep\n|\n|t:|1781432475\n|switch|p2a: Oricorio|Oricorio-Pa'u, L87, F, tera:Fighting|272/272\n|turn|15\n|\n|t:|1781432481\n|move|p1a: Ambipom|Double-Edge|p2a: Oricorio\n|-damage|p2a: Oricorio|56/272\n|-damage|p1a: Ambipom|103/263|[from] Recoil\n|move|p2a: Oricorio|Quiver Dance|p2a: Oricorio\n|-boost|p2a: Oricorio|spa|1\n|-boost|p2a: Oricorio|spd|1\n|-boost|p2a: Oricorio|spe|1\n|\n|upkeep\n|turn|16\n|\n|t:|1781432488\n|move|p2a: Oricorio|Revelation Dance|p1a: Ambipom\n|-supereffective|p1a: Ambipom\n|-damage|p1a: Ambipom|0 fnt\n|faint|p1a: Ambipom\n|\n|upkeep\n|\n|t:|1781432491\n|switch|p1a: Ceruledge|Ceruledge, L78, F|245/245\n|turn|17\n|\n|t:|1781432508\n|move|p2a: Oricorio|Hurricane|p1a: Ceruledge\n|-damage|p1a: Ceruledge|47/245\n|move|p1a: Ceruledge|Bitter Blade|p2a: Oricorio\n|-damage|p2a: Oricorio|0 fnt\n|-heal|p1a: Ceruledge|75/245|[from] drain|[of] p2a: Oricorio\n|faint|p2a: Oricorio\n|\n|upkeep\n|\n|t:|1781432515\n|switch|p2a: Smeargle|Smeargle, L95, M|258/258\n|turn|18\n|\n|t:|1781432522\n|switch|p2a: Inteleon|Inteleon, L81, M|176/246\n|move|p1a: Ceruledge|Close Combat|p2a: Inteleon\n|-damage|p2a: Inteleon|55/246\n|-unboost|p1a: Ceruledge|def|1\n|-unboost|p1a: Ceruledge|spd|1\n|\n|upkeep\n|turn|19\n|\n|t:|1781432530\n|move|p2a: Inteleon|Ice Beam|p1a: Ceruledge\n|-resisted|p1a: Ceruledge\n|-damage|p1a: Ceruledge|2/245\n|move|p1a: Ceruledge|Bitter Blade|p2a: Inteleon\n|-resisted|p2a: Inteleon\n|-crit|p2a: Inteleon\n|-damage|p2a: Inteleon|0 fnt\n|-heal|p1a: Ceruledge|30/245|[from] drain|[of] p2a: Inteleon\n|faint|p2a: Inteleon\n|\n|upkeep\n|\n|t:|1781432535\n|switch|p2a: Virizion|Virizion, L82|214/283\n|turn|20\n|\n|t:|1781432542\n|move|p2a: Virizion|Leaf Blade|p1a: Ceruledge\n|-resisted|p1a: Ceruledge\n|-damage|p1a: Ceruledge|0 fnt\n|faint|p1a: Ceruledge\n|-damage|p2a: Virizion|186/283|[from] item: Life Orb\n|\n|upkeep\n|\n|t:|1781432544\n|switch|p1a: Iron Moth|Iron Moth, L78|150/253\n|turn|21\n|\n|t:|1781432553\n|-terastallize|p1a: Iron Moth|Grass\n|move|p2a: Virizion|Stone Edge|p1a: Iron Moth\n|-damage|p1a: Iron Moth|41/253\n|-damage|p2a: Virizion|158/283|[from] item: Life Orb\n|move|p1a: Iron Moth|Fire Blast|p2a: Virizion\n|-supereffective|p2a: Virizion\n|-damage|p2a: Virizion|0 fnt\n|faint|p2a: Virizion\n|\n|upkeep\n|\n|t:|1781432557\n|switch|p2a: Smeargle|Smeargle, L95, M|258/258\n|turn|22\n|\n|t:|1781432563\n|move|p1a: Iron Moth|Morning Sun|p1a: Iron Moth\n|-heal|p1a: Iron Moth|167/253\n|move|p2a: Smeargle|Ceaseless Edge|p1a: Iron Moth\n|-damage|p1a: Iron Moth|135/253\n|-sidestart|p1: L4V|Spikes\n|\n|upkeep\n|turn|23\n|-message|paddyd121 forfeited.\n|\n|win|L4V\n", "inputlog": ">version a8376a258c1d4662feba110a92103f3664a72141\n>start {\"formatid\":\"gen9randombattle\",\"seed\":\"sodium,880a4b8fd646346e03b43cccce4a0e38\",\"rated\":\"Rated battle\"}\n>player p1 {\"name\":\"L4V\",\"avatar\":\"psychic-gen6\",\"rating\":1927,\"seed\":\"sodium,c2a5dd20c7c76d1bf08f5e2612c01807\"}\n>player p2 {\"name\":\"paddyd121\",\"avatar\":\"ethan\",\"rating\":1921,\"seed\":\"sodium,deee3b0fc5b1fd885566d7f7304c2381\"}\n>p1 move shellsmash\n>p2 switch 4\n>p1 move shadowball\n>p2 move knockoff\n>p1 switch 4\n>p1 move earthquake\n>p2 move partingshot\n>p2 switch 4\n>p1 switch 2\n>p2 move closecombat\n>p1 move sludgewave\n>p2 switch 4\n>p1 move sludgewave\n>p2 move knockoff\n>p2 switch 3\n>p1 switch 5\n>p2 move quiverdance\n>p1 move facade\n>p2 move revelationdance terastallize\n>p1 switch 6\n>p1 move bitterblade\n>p2 switch 5\n>p1 switch 2\n>p2 move uturn\n>p2 switch 6\n>p1 move surf\n>p2 move spore\n>p1 switch 3\n>p2 move stickyweb\n>p1 move doubleedge\n>p2 switch 2\n>p1 move doubleedge\n>p2 move knockoff\n>p2 switch 5\n>p1 move doubleedge\n>p2 move quiverdance\n>p1 move doubleedge\n>p2 move revelationdance\n>p1 switch 2\n>p1 move bitterblade\n>p2 move hurricane\n>p2 switch 2\n>p1 move closecombat\n>p2 switch 6\n>p1 move bitterblade\n>p2 move icebeam\n>p2 switch 4\n>p1 move bitterblade\n>p2 move leafblade\n>p1 switch 5\n>p1 move fireblast terastallize\n>p2 move stoneedge\n>p2 switch 6\n>p1 move morningsun\n>p2 move ceaselessedge\n>forcelose p2", "uploadtime": 1781432246, "views": 5, "formatid": "gen9randombattle", "rating": null, "private": 0, "password": null, "player_dets": [{"name": "L4V", "avatar": "psychic-gen6", "rating": 1927, "seed": "sodium,c2a5dd20c7c76d1bf08f5e2612c01807"}, {"name": "paddyd121", "avatar": "ethan", "rating": 1921, "seed": "sodium,deee3b0fc5b1fd885566d7f7304c2381"}], "teams_full": [{"Polteageist": {"name": "Polteageist", "species": "Polteageist-Antique", "speciesId": "polteageist", "gender": "N", "shiny": false, "level": 78, "moves": ["storedpower", "shellsmash", "shadowball", "strengthsap"], "ability": "Cursed Body", "evs": {"hp": 85, "atk": 0, "def": 85, "spa": 85, "spd": 85, "spe": 85}, "ivs": {"hp": 31, "atk": 0, "def": 31, "spa": 31, "spd": 31, "spe": 31}, "item": "White Herb", "teraType": "Dark", "role": "Setup Sweeper", "bvs": {"hp": 60, "atk": 65, "def": 65, "spa": 134, "spd": 114, "spe": 70}, "stats": {"hp": 222, "atk": 106, "def": 146, "spa": 254, "spd": 223, "spe": 154}, "types": ["Ghost"]}, "Iron Moth": {"name": "Iron Moth", "species": "Iron Moth", "speciesId": "ironmoth", "gender": "N", "shiny": false, "level": 78, "moves": ["sludgewave", "morningsun", "fireblast", "energyball"], "ability": "Quark Drive", "evs": {"hp": 85, "atk": 0, "def": 85, "spa": 85, "spd": 85, "spe": 85}, "ivs": {"hp": 31, "atk": 0, "def": 31, "spa": 31, "spd": 31, "spe": 31}, "item": "Heavy-Duty Boots", "teraType": "Grass", "role": "Fast Attacker", "bvs": {"hp": 80, "atk": 70, "def": 60, "spa": 140, "spd": 110, "spe": 110}, "stats": {"hp": 253, "atk": 114, "def": 139, "spa": 263, "spd": 217, "spe": 217}, "types": ["Fire", "Poison"]}, "Ambipom": {"name": "Ambipom", "species": "Ambipom", "speciesId": "ambipom", "gender": "M", "shiny": false, "level": 84, "moves": ["knockoff", "uturn", "doubleedge", "tripleaxel"], "ability": "Technician", "evs": {"hp": 85, "atk": 85, "def": 85, "spa": 85, "spd": 85, "spe": 85}, "ivs": {"hp": 31, "atk": 31, "def": 31, "spa": 31, "spd": 31, "spe": 31}, "item": "Choice Band", "teraType": "Ice", "role": "Fast Attacker", "bvs": {"hp": 75, "atk": 100, "def": 66, "spa": 60, "spd": 66, "spe": 115}, "stats": {"hp": 263, "atk": 216, "def": 159, "spa": 149, "spd": 159, "spe": 241}, "types": ["Normal"]}, "Gastrodon": {"name": "Gastrodon", "species": "Gastrodon-East", "speciesId": "gastrodon", "gender": "F", "shiny": false, "level": 86, "moves": ["recover", "icebeam", "surf", "earthquake"], "ability": "Storm Drain", "evs": {"hp": 85, "atk": 85, "def": 85, "spa": 85, "spd": 85, "spe": 85}, "ivs": {"hp": 31, "atk": 31, "def": 31, "spa": 31, "spd": 31, "spe": 31}, "item": "Leftovers", "teraType": "Steel", "role": "Bulky Attacker", "bvs": {"hp": 111, "atk": 83, "def": 68, "spa": 92, "spd": 82, "spe": 39}, "stats": {"hp": 331, "atk": 192, "def": 166, "spa": 207, "spd": 190, "spe": 116}, "types": ["Water", "Ground"]}, "Zangoose": {"name": "Zangoose", "species": "Zangoose", "speciesId": "zangoose", "gender": "F", "shiny": false, "level": 85, "moves": ["quickattack", "knockoff", "facade", "closecombat"], "ability": "Toxic Boost", "evs": {"hp": 85, "atk": 85, "def": 85, "spa": 85, "spd": 85, "spe": 85}, "ivs": {"hp": 31, "atk": 31, "def": 31, "spa": 31, "spd": 31, "spe": 31}, "item": "Toxic Orb", "teraType": "Normal", "role": "Fast Attacker", "bvs": {"hp": 73, "atk": 115, "def": 60, "spa": 60, "spd": 60, "spe": 90}, "stats": {"hp": 263, "atk": 244, "def": 151, "spa": 151, "spd": 151, "spe": 202}, "types": ["Normal"]}, "Ceruledge": {"name": "Ceruledge", "species": "Ceruledge", "speciesId": "ceruledge", "gender": "F", "shiny": false, "level": 78, "moves": ["bitterblade", "poltergeist", "closecombat", "swordsdance"], "ability": "Weak Armor", "evs": {"hp": 85, "atk": 85, "def": 85, "spa": 85, "spd": 85, "spe": 85}, "ivs": {"hp": 31, "atk": 31, "def": 31, "spa": 31, "spd": 31, "spe": 31}, "item": "Heavy-Duty Boots", "teraType": "Fighting", "role": "Setup Sweeper", "bvs": {"hp": 75, "atk": 125, "def": 80, "spa": 60, "spd": 100, "spe": 85}, "stats": {"hp": 245, "atk": 240, "def": 170, "spa": 139, "spd": 201, "spe": 178}, "types": ["Fire", "Ghost"]}}, {"Virizion": {"name": "Virizion", "species": "Virizion", "speciesId": "virizion", "gender": "N", "shiny": false, "level": 82, "moves": ["closecombat", "swordsdance", "stoneedge", "leafblade"], "ability": "Justified", "evs": {"hp": 85, "atk": 85, "def": 85, "spa": 85, "spd": 85, "spe": 85}, "ivs": {"hp": 31, "atk": 31, "def": 31, "spa": 31, "spd": 31, "spe": 31}, "item": "Life Orb", "teraType": "Rock", "role": "Setup Sweeper", "bvs": {"hp": 91, "atk": 90, "def": 72, "spa": 90, "spd": 129, "spe": 108}, "stats": {"hp": 283, "atk": 195, "def": 165, "spa": 195, "spd": 259, "spe": 224}, "types": ["Grass", "Fighting"]}, "Roaring Moon": {"name": "Roaring Moon", "species": "Roaring Moon", "speciesId": "roaringmoon", "gender": "N", "shiny": false, "level": 72, "moves": ["acrobatics", "knockoff", "outrage", "dragondance"], "ability": "Protosynthesis", "evs": {"hp": 85, "atk": 85, "def": 85, "spa": 85, "spd": 85, "spe": 85}, "ivs": {"hp": 31, "atk": 31, "def": 31, "spa": 31, "spd": 31, "spe": 31}, "item": "Booster Energy", "teraType": "Flying", "role": "Fast Bulky Setup", "bvs": {"hp": 105, "atk": 139, "def": 71, "spa": 55, "spd": 101, "spe": 119}, "stats": {"hp": 270, "atk": 242, "def": 144, "spa": 121, "spd": 187, "spe": 213}, "types": ["Dragon", "Dark"]}, "Oricorio": {"name": "Oricorio", "species": "Oricorio-Pa'u", "speciesId": "oricoriopau", "gender": "F", "shiny": false, "level": 87, "moves": ["revelationdance", "hurricane", "quiverdance", "roost"], "ability": "Dancer", "evs": {"hp": 85, "atk": 0, "def": 85, "spa": 85, "spd": 85, "spe": 85}, "ivs": {"hp": 31, "atk": 0, "def": 31, "spa": 31, "spd": 31, "spe": 31}, "item": "Heavy-Duty Boots", "teraType": "Fighting", "role": "Setup Sweeper", "bvs": {"hp": 75, "atk": 70, "def": 70, "spa": 98, "spd": 70, "spe": 93}, "stats": {"hp": 272, "atk": 126, "def": 172, "spa": 220, "spd": 172, "spe": 212}, "types": ["Psychic", "Flying"]}, "Incineroar": {"name": "Incineroar", "species": "Incineroar", "speciesId": "incineroar", "gender": "F", "shiny": false, "level": 82, "moves": ["closecombat", "flareblitz", "knockoff", "partingshot"], "ability": "Intimidate", "evs": {"hp": 85, "atk": 85, "def": 85, "spa": 85, "spd": 85, "spe": 85}, "ivs": {"hp": 31, "atk": 31, "def": 31, "spa": 31, "spd": 31, "spe": 31}, "item": "Heavy-Duty Boots", "teraType": "Fighting", "role": "Fast Attacker", "bvs": {"hp": 95, "atk": 115, "def": 90, "spa": 80, "spd": 90, "spe": 60}, "stats": {"hp": 290, "atk": 236, "def": 195, "spa": 178, "spd": 195, "spe": 146}, "types": ["Fire", "Dark"]}, "Inteleon": {"name": "Inteleon", "species": "Inteleon", "speciesId": "inteleon", "gender": "M", "shiny": false, "level": 81, "moves": ["icebeam", "scald", "hydropump", "uturn"], "ability": "Torrent", "evs": {"hp": 85, "atk": 85, "def": 85, "spa": 85, "spd": 85, "spe": 85}, "ivs": {"hp": 31, "atk": 31, "def": 31, "spa": 31, "spd": 31, "spe": 31}, "item": "Choice Specs", "teraType": "Water", "role": "Wallbreaker", "bvs": {"hp": 70, "atk": 85, "def": 65, "spa": 125, "spd": 65, "spe": 120}, "stats": {"hp": 246, "atk": 184, "def": 152, "spa": 249, "spd": 152, "spe": 241}, "types": ["Water"]}, "Smeargle": {"name": "Smeargle", "species": "Smeargle", "speciesId": "smeargle", "gender": "M", "shiny": false, "level": 95, "moves": ["ceaselessedge", "spore", "stickyweb", "whirlwind"], "ability": "Own Tempo", "evs": {"hp": 85, "atk": 85, "def": 85, "spa": 85, "spd": 85, "spe": 85}, "ivs": {"hp": 31, "atk": 31, "def": 31, "spa": 31, "spd": 31, "spe": 31}, "item": "Focus Sash", "teraType": "Ghost", "role": "Fast Support", "bvs": {"hp": 55, "atk": 20, "def": 35, "spa": 20, "spd": 45, "spe": 75}, "stats": {"hp": 258, "atk": 92, "def": 120, "spa": 92, "spd": 139, "spe": 196}, "types": ["Normal"]}}]}