{"id": "gen9randombattle-2631679863", "format": "[Gen 9] Random Battle", "players": ["Wengweng33", "akumaavgc"], "log": "|j|\u2606Wengweng33\n|j|\u2606akumaavgc\n|t:|1781420382\n|gametype|singles\n|player|p1|Wengweng33|ethan|1187\n|player|p2|akumaavgc|gladion-stance|1220\n|gen|9\n|tier|[Gen 9] Random Battle\n|rated|\n|rule|Species Clause: Limit one of each Pok\u00e9mon\n|rule|HP Percentage Mod: HP is shown in percentages\n|rule|Sleep Clause Mod: Limit one foe put to sleep\n|rule|Illusion Level Mod: Illusion disguises the Pok\u00e9mon's true level\n|\n|t:|1781420382\n|teamsize|p1|6\n|teamsize|p2|6\n|start\n|switch|p1a: Manaphy|Manaphy, L78|284/284\n|switch|p2a: Drifblim|Drifblim, L86, M|398/398\n|turn|1\n|inactive|Battle timer is ON: inactive players will automatically lose when time's up. (requested by akumaavgc)\n|j| LOKIGIANDOI\n|\n|t:|1781420397\n|move|p1a: Manaphy|Ice Beam|p2a: Drifblim\n|-supereffective|p2a: Drifblim\n|-damage|p2a: Drifblim|238/398\n|move|p2a: Drifblim|Shadow Ball|p1a: Manaphy\n|-damage|p1a: Manaphy|199/284\n|\n|-heal|p1a: Manaphy|216/284|[from] item: Leftovers\n|upkeep\n|turn|2\n|\n|t:|1781420404\n|switch|p2a: Slowbro|Slowbro-Galar, L87, M|307/307\n|move|p1a: Manaphy|Ice Beam|p2a: Slowbro\n|-damage|p2a: Slowbro|241/307\n|\n|-heal|p1a: Manaphy|233/284|[from] item: Leftovers\n|upkeep\n|turn|3\n|\n|t:|1781420419\n|switch|p1a: Deoxys|Deoxys-Defense, L84|221/221\n|-ability|p1a: Deoxys|Pressure\n|move|p2a: Slowbro|Shell Side Arm|p1a: Deoxys|[anim] Shell Side Arm Physical\n|-crit|p1a: Deoxys\n|-damage|p1a: Deoxys|95/221\n|-hint|Physical Shell Side Arm\n|-damage|p2a: Slowbro|211/307|[from] item: Life Orb\n|\n|-heal|p1a: Deoxys|108/221|[from] item: Leftovers\n|upkeep\n|turn|4\n|\n|t:|1781420441\n|switch|p2a: Volbeat|Volbeat, L90, M|263/263\n|-terastallize|p1a: Deoxys|Steel\n|move|p1a: Deoxys|Night Shade|p2a: Volbeat\n|-damage|p2a: Volbeat|179/263\n|\n|-heal|p1a: Deoxys|121/221|[from] item: Leftovers\n|upkeep\n|turn|5\n|\n|t:|1781420455\n|move|p2a: Volbeat|Encore|p1a: Deoxys\n|-start|p1a: Deoxys|Encore\n|move|p1a: Deoxys|Night Shade|p2a: Volbeat\n|-damage|p2a: Volbeat|95/263\n|\n|-heal|p1a: Deoxys|134/221|[from] item: Leftovers\n|upkeep\n|turn|6\n|\n|t:|1781420462\n|switch|p2a: Komala|Komala, L88, M|258/258\n|-ability|p2a: Komala|Comatose\n|move|p1a: Deoxys|Night Shade|p2a: Komala\n|-immune|p2a: Komala\n|\n|-heal|p1a: Deoxys|147/221|[from] item: Leftovers\n|upkeep\n|turn|7\n|\n|t:|1781420473\n|switch|p1a: Pawmot|Pawmot, L80, M|243/243\n|move|p2a: Komala|Knock Off|p1a: Pawmot\n|-resisted|p1a: Pawmot\n|-damage|p1a: Pawmot|192/243\n|-enditem|p1a: Pawmot|Life Orb|[from] move: Knock Off|[of] p2a: Komala\n|\n|upkeep\n|turn|8\n|\n|t:|1781420479\n|switch|p2a: Clodsire|Clodsire, L81, M|343/343\n|move|p1a: Pawmot|Double Shock|p2a: Clodsire\n|-immune|p2a: Clodsire\n|\n|upkeep\n|turn|9\n|\n|t:|1781420492\n|switch|p1a: Regice|Regice, L88|284/284\n|move|p2a: Clodsire|Earthquake|p1a: Regice\n|-damage|p1a: Regice|215/284\n|\n|upkeep\n|turn|10\n|\n|t:|1781420510\n|-terastallize|p2a: Clodsire|Steel\n|move|p1a: Regice|Ice Beam|p2a: Clodsire\n|-resisted|p2a: Clodsire\n|-damage|p2a: Clodsire|290/343\n|move|p2a: Clodsire|Gunk Shot|p1a: Regice\n|-damage|p1a: Regice|137/284\n|-status|p1a: Regice|psn\n|\n|-heal|p2a: Clodsire|311/343|[from] item: Leftovers\n|-damage|p1a: Regice|102/284 psn|[from] psn\n|upkeep\n|turn|11\n|\n|t:|1781420519\n|move|p1a: Regice|Rest|p1a: Regice\n|-status|p1a: Regice|slp|[from] move: Rest\n|-heal|p1a: Regice|284/284 slp|[silent]\n|move|p2a: Clodsire|Gunk Shot|p1a: Regice\n|-crit|p1a: Regice\n|-damage|p1a: Regice|155/284 slp\n|\n|-heal|p2a: Clodsire|332/343|[from] item: Leftovers\n|upkeep\n|turn|12\n|\n|t:|1781420528\n|switch|p1a: Pawmot|Pawmot, L80, M|192/243\n|move|p2a: Clodsire|Gunk Shot|p1a: Pawmot\n|-damage|p1a: Pawmot|65/243\n|-status|p1a: Pawmot|psn\n|\n|-heal|p2a: Clodsire|343/343|[from] item: Leftovers\n|-damage|p1a: Pawmot|35/243 psn|[from] psn\n|upkeep\n|turn|13\n|\n|t:|1781420539\n|switch|p2a: Drifblim|Drifblim, L86, M|238/398\n|move|p1a: Pawmot|Close Combat|p2a: Drifblim\n|-immune|p2a: Drifblim\n|\n|-damage|p1a: Pawmot|5/243 psn|[from] psn\n|upkeep\n|turn|14\n|\n|t:|1781420544\n|switch|p2a: Whiscash|Whiscash, L88, M|337/337\n|move|p1a: Pawmot|Double Shock|p2a: Whiscash\n|-immune|p2a: Whiscash\n|\n|-damage|p1a: Pawmot|0 fnt|[from] psn\n|faint|p1a: Pawmot\n|upkeep\n|\n|t:|1781420557\n|switch|p1a: Glaceon|Glaceon, L94, F|275/275\n|turn|15\n|\n|t:|1781420563\n|switch|p2a: Clodsire|Clodsire, L81, M, tera:Steel|343/343\n|move|p1a: Glaceon|Freeze-Dry|p2a: Clodsire\n|-resisted|p2a: Clodsire\n|-damage|p2a: Clodsire|291/343\n|\n|-heal|p2a: Clodsire|312/343|[from] item: Leftovers\n|upkeep\n|turn|16\n|\n|t:|1781420580\n|move|p1a: Glaceon|Mud Shot|p2a: Clodsire\n|-supereffective|p2a: Clodsire\n|-damage|p2a: Clodsire|198/343\n|-unboost|p2a: Clodsire|spe|1\n|move|p2a: Clodsire|Toxic|p1a: Glaceon\n|-status|p1a: Glaceon|tox\n|\n|-heal|p2a: Clodsire|219/343|[from] item: Leftovers\n|-damage|p1a: Glaceon|258/275 tox|[from] psn\n|upkeep\n|turn|17\n|\n|t:|1781420588\n|switch|p2a: Volbeat|Volbeat, L90, M|95/263\n|move|p1a: Glaceon|Mud Shot|p2a: Volbeat\n|-resisted|p2a: Volbeat\n|-damage|p2a: Volbeat|67/263\n|-unboost|p2a: Volbeat|spe|1\n|\n|-damage|p1a: Glaceon|224/275 tox|[from] psn\n|upkeep\n|turn|18\n|\n|t:|1781420593\n|move|p2a: Volbeat|Encore|p1a: Glaceon\n|-start|p1a: Glaceon|Encore\n|move|p1a: Glaceon|Mud Shot|p2a: Volbeat\n|-resisted|p2a: Volbeat\n|-damage|p2a: Volbeat|39/263\n|-unboost|p2a: Volbeat|spe|1\n|\n|-damage|p1a: Glaceon|173/275 tox|[from] psn\n|upkeep\n|turn|19\n|\n|t:|1781420595\n|move|p2a: Volbeat|Roost|p2a: Volbeat\n|-heal|p2a: Volbeat|171/263\n|-singleturn|p2a: Volbeat|move: Roost\n|move|p1a: Glaceon|Mud Shot|p2a: Volbeat\n|-resisted|p2a: Volbeat\n|-damage|p2a: Volbeat|140/263\n|-unboost|p2a: Volbeat|spe|1\n|\n|-damage|p1a: Glaceon|105/275 tox|[from] psn\n|upkeep\n|turn|20\n|\n|t:|1781420603\n|switch|p1a: Deoxys|Deoxys-Defense, L84, tera:Steel|147/221\n|-ability|p1a: Deoxys|Pressure\n|move|p2a: Volbeat|Roost|p2a: Volbeat\n|-heal|p2a: Volbeat|263/263\n|-singleturn|p2a: Volbeat|move: Roost\n|\n|-heal|p1a: Deoxys|160/221|[from] item: Leftovers\n|upkeep\n|turn|21\n|\n|t:|1781420610\n|move|p2a: Volbeat|Thunder Wave|p1a: Deoxys\n|-status|p1a: Deoxys|par\n|cant|p1a: Deoxys|par\n|\n|-heal|p1a: Deoxys|173/221 par|[from] item: Leftovers\n|upkeep\n|turn|22\n|\n|t:|1781420617\n|switch|p2a: Whiscash|Whiscash, L88, M|337/337\n|cant|p1a: Deoxys|par\n|\n|-heal|p1a: Deoxys|186/221 par|[from] item: Leftovers\n|upkeep\n|turn|23\n|\n|t:|1781420623\n|move|p2a: Whiscash|Stealth Rock|p1a: Deoxys\n|-sidestart|p1: Wengweng33|move: Stealth Rock\n|cant|p1a: Deoxys|par\n|\n|-heal|p1a: Deoxys|199/221 par|[from] item: Leftovers\n|upkeep\n|turn|24\n|\n|t:|1781420628\n|move|p2a: Whiscash|Earthquake|p1a: Deoxys\n|-supereffective|p1a: Deoxys\n|-damage|p1a: Deoxys|79/221 par\n|move|p1a: Deoxys|Cosmic Power|p1a: Deoxys\n|-boost|p1a: Deoxys|def|1\n|-boost|p1a: Deoxys|spd|1\n|\n|-heal|p1a: Deoxys|92/221 par|[from] item: Leftovers\n|upkeep\n|turn|25\n|\n|t:|1781420635\n|move|p2a: Whiscash|Earthquake|p1a: Deoxys\n|-supereffective|p1a: Deoxys\n|-damage|p1a: Deoxys|0 fnt\n|faint|p1a: Deoxys\n|\n|upkeep\n|\n|t:|1781420639\n|switch|p1a: Regice|Regice, L88|155/284 slp\n|turn|26\n|\n|t:|1781420647\n|switch|p2a: Komala|Komala, L88, M|258/258\n|-ability|p2a: Komala|Comatose\n|cant|p1a: Regice|slp\n|\n|upkeep\n|turn|27\n|inactive|Wengweng33 has 120 seconds left.\n|\n|t:|1781420697\n|move|p2a: Komala|Body Slam|p1a: Regice\n|-damage|p1a: Regice|50/284 slp\n|cant|p1a: Regice|slp\n|\n|upkeep\n|turn|28\n|\n|t:|1781420702\n|move|p2a: Komala|Body Slam|p1a: Regice\n|-damage|p1a: Regice|0 fnt\n|faint|p1a: Regice\n|\n|upkeep\n|\n|t:|1781420709\n|switch|p1a: Forretress|Forretress, L84, F|263/263\n|-damage|p1a: Forretress|231/263|[from] Stealth Rock\n|turn|29\n|\n|t:|1781420715\n|switch|p2a: Drifblim|Drifblim, L86, M|238/398\n|move|p1a: Forretress|Rapid Spin|p2a: Drifblim\n|-immune|p2a: Drifblim\n|\n|-heal|p1a: Forretress|247/263|[from] item: Leftovers\n|upkeep\n|turn|30\n|inactive|Wengweng33 has 120 seconds left.\n|\n|t:|1781420725\n|move|p2a: Drifblim|Air Slash|p1a: Forretress\n|-damage|p1a: Forretress|139/263\n|move|p1a: Forretress|Thunder Wave|p2a: Drifblim\n|-status|p2a: Drifblim|par\n|\n|-heal|p1a: Forretress|155/263|[from] item: Leftovers\n|upkeep\n|turn|31\n|\n|t:|1781420732\n|move|p1a: Forretress|Iron Head|p2a: Drifblim\n|-damage|p2a: Drifblim|118/398 par\n|move|p2a: Drifblim|Strength Sap|p1a: Forretress\n|-unboost|p1a: Forretress|atk|1\n|-heal|p2a: Drifblim|317/398 par\n|\n|-heal|p1a: Forretress|171/263|[from] item: Leftovers\n|upkeep\n|turn|32\n|\n|t:|1781420738\n|switch|p1a: Glaceon|Glaceon, L94, F|105/275 tox\n|cant|p2a: Drifblim|par\n|\n|-damage|p1a: Glaceon|88/275 tox|[from] psn\n|upkeep\n|turn|33\n|\n|t:|1781420743\n|switch|p2a: Volbeat|Volbeat, L90, M|263/263\n|move|p1a: Glaceon|Freeze-Dry|p2a: Volbeat\n|-damage|p2a: Volbeat|145/263\n|\n|-damage|p1a: Glaceon|54/275 tox|[from] psn\n|upkeep\n|turn|34\n|\n|t:|1781420753\n|move|p2a: Volbeat|Roost|p2a: Volbeat\n|-heal|p2a: Volbeat|263/263\n|-singleturn|p2a: Volbeat|move: Roost\n|move|p1a: Glaceon|Freeze-Dry|p2a: Volbeat\n|-damage|p2a: Volbeat|160/263\n|\n|-damage|p1a: Glaceon|3/275 tox|[from] psn\n|upkeep\n|turn|35\n|\n|t:|1781420759\n|move|p2a: Volbeat|Lunge|p1a: Glaceon\n|-damage|p1a: Glaceon|0 fnt\n|faint|p1a: Glaceon\n|\n|upkeep\n|\n|t:|1781420768\n|switch|p1a: Manaphy|Manaphy, L78|233/284\n|-damage|p1a: Manaphy|198/284|[from] Stealth Rock\n|turn|36\n|\n|t:|1781420773\n|move|p2a: Volbeat|Thunder Wave|p1a: Manaphy|[miss]\n|-miss|p2a: Volbeat|p1a: Manaphy\n|move|p1a: Manaphy|Hydro Pump|p2a: Volbeat\n|-damage|p2a: Volbeat|54/263\n|\n|-heal|p1a: Manaphy|215/284|[from] item: Leftovers\n|upkeep\n|turn|37\n|\n|t:|1781420782\n|switch|p2a: Clodsire|Clodsire, L81, M, tera:Steel|219/343\n|move|p1a: Manaphy|Hydro Pump|p2a: Clodsire\n|-heal|p2a: Clodsire|304/343|[from] ability: Water Absorb|[of] p1a: Manaphy\n|\n|-heal|p1a: Manaphy|232/284|[from] item: Leftovers\n|-heal|p2a: Clodsire|325/343|[from] item: Leftovers\n|upkeep\n|turn|38\n|\n|t:|1781420790\n|move|p1a: Manaphy|Tail Glow|p1a: Manaphy\n|-boost|p1a: Manaphy|spa|3\n|move|p2a: Clodsire|Earthquake|p1a: Manaphy\n|-damage|p1a: Manaphy|159/284\n|\n|-heal|p1a: Manaphy|176/284|[from] item: Leftovers\n|-heal|p2a: Clodsire|343/343|[from] item: Leftovers\n|upkeep\n|turn|39\n|\n|t:|1781420800\n|move|p1a: Manaphy|Ice Beam|p2a: Clodsire\n|-resisted|p2a: Clodsire\n|-damage|p2a: Clodsire|278/343\n|move|p2a: Clodsire|Toxic|p1a: Manaphy|[miss]\n|-miss|p2a: Clodsire|p1a: Manaphy\n|\n|-heal|p1a: Manaphy|193/284|[from] item: Leftovers\n|-heal|p2a: Clodsire|299/343|[from] item: Leftovers\n|upkeep\n|turn|40\n|\n|t:|1781420805\n|move|p1a: Manaphy|Tail Glow|p1a: Manaphy\n|-boost|p1a: Manaphy|spa|3\n|move|p2a: Clodsire|Toxic|p1a: Manaphy\n|-status|p1a: Manaphy|tox\n|\n|-heal|p1a: Manaphy|210/284 tox|[from] item: Leftovers\n|-heal|p2a: Clodsire|320/343|[from] item: Leftovers\n|-damage|p1a: Manaphy|193/284 tox|[from] psn\n|upkeep\n|turn|41\n|\n|t:|1781420812\n|move|p1a: Manaphy|Energy Ball|p2a: Clodsire\n|-resisted|p2a: Clodsire\n|-damage|p2a: Clodsire|208/343\n|move|p2a: Clodsire|Recover|p2a: Clodsire\n|-heal|p2a: Clodsire|343/343\n|\n|-heal|p1a: Manaphy|210/284 tox|[from] item: Leftovers\n|-damage|p1a: Manaphy|176/284 tox|[from] psn\n|upkeep\n|turn|42\n|\n|t:|1781420816\n|move|p1a: Manaphy|Ice Beam|p2a: Clodsire\n|-resisted|p2a: Clodsire\n|-damage|p2a: Clodsire|235/343\n|move|p2a: Clodsire|Recover|p2a: Clodsire\n|-heal|p2a: Clodsire|343/343\n|\n|-heal|p1a: Manaphy|193/284 tox|[from] item: Leftovers\n|-damage|p1a: Manaphy|142/284 tox|[from] psn\n|upkeep\n|turn|43\n|\n|t:|1781420822\n|move|p1a: Manaphy|Ice Beam|p2a: Clodsire\n|-resisted|p2a: Clodsire\n|-damage|p2a: Clodsire|234/343\n|move|p2a: Clodsire|Recover|p2a: Clodsire\n|-heal|p2a: Clodsire|343/343\n|\n|-heal|p1a: Manaphy|159/284 tox|[from] item: Leftovers\n|-damage|p1a: Manaphy|91/284 tox|[from] psn\n|upkeep\n|turn|44\n|\n|t:|1781420826\n|move|p1a: Manaphy|Ice Beam|p2a: Clodsire\n|-resisted|p2a: Clodsire\n|-damage|p2a: Clodsire|245/343\n|move|p2a: Clodsire|Gunk Shot|p1a: Manaphy\n|-damage|p1a: Manaphy|0 fnt\n|faint|p1a: Manaphy\n|\n|-heal|p2a: Clodsire|266/343|[from] item: Leftovers\n|upkeep\n|\n|t:|1781420829\n|switch|p1a: Forretress|Forretress, L84, F|171/263\n|-damage|p1a: Forretress|139/263|[from] Stealth Rock\n|turn|45\n|\n|t:|1781420833\n|move|p1a: Forretress|Thunder Wave|p2a: Clodsire|[miss]\n|-miss|p1a: Forretress|p2a: Clodsire\n|move|p2a: Clodsire|Earthquake|p1a: Forretress\n|-damage|p1a: Forretress|79/263\n|\n|-heal|p1a: Forretress|95/263|[from] item: Leftovers\n|-heal|p2a: Clodsire|287/343|[from] item: Leftovers\n|upkeep\n|turn|46\n|\n|t:|1781420836\n|move|p1a: Forretress|Thunder Wave|p2a: Clodsire\n|-status|p2a: Clodsire|par\n|move|p2a: Clodsire|Earthquake|p1a: Forretress\n|-damage|p1a: Forretress|37/263\n|\n|-heal|p1a: Forretress|53/263|[from] item: Leftovers\n|-heal|p2a: Clodsire|308/343 par|[from] item: Leftovers\n|upkeep\n|turn|47\n|\n|t:|1781420841\n|switch|p2a: Slowbro|Slowbro-Galar, L87, M|307/307\n|move|p1a: Forretress|Iron Head|p2a: Slowbro\n|-damage|p2a: Slowbro|235/307\n|\n|-heal|p1a: Forretress|69/263|[from] item: Leftovers\n|upkeep\n|turn|48\n|\n|t:|1781420848\n|move|p1a: Forretress|Thunder Wave|p2a: Slowbro\n|-status|p2a: Slowbro|par\n|cant|p2a: Slowbro|par\n|\n|-heal|p1a: Forretress|85/263|[from] item: Leftovers\n|upkeep\n|turn|49\n|\n|t:|1781420853\n|move|p1a: Forretress|Rapid Spin|p2a: Slowbro\n|-damage|p2a: Slowbro|205/307 par\n|-boost|p1a: Forretress|spe|1\n|-sideend|p1: Wengweng33|Stealth Rock|[from] move: Rapid Spin|[of] p1a: Forretress\n|move|p2a: Slowbro|Fire Blast|p1a: Forretress\n|-supereffective|p1a: Forretress\n|-damage|p1a: Forretress|0 fnt\n|faint|p1a: Forretress\n|-damage|p2a: Slowbro|175/307 par|[from] item: Life Orb\n|\n|win|akumaavgc\n|raw|Wengweng33's rating: 1187 &rarr; <strong>1164</strong><br />(-23 for losing)\n|raw|akumaavgc's rating: 1220 &rarr; <strong>1243</strong><br />(+23 for winning)\n|l|\u2606Wengweng33\n|player|p1|\n", "inputlog": ">version a8376a258c1d4662feba110a92103f3664a72141\n>start {\"formatid\":\"gen9randombattle\",\"seed\":\"sodium,6fab64aaef8e0c017a96fa52699d6f25\",\"rated\":\"Rated battle\"}\n>player p1 {\"name\":\"Wengweng33\",\"avatar\":\"ethan\",\"rating\":1187,\"seed\":\"sodium,c8508340c17342c8799ae8850d1c5bf5\"}\n>player p2 {\"name\":\"akumaavgc\",\"avatar\":\"gladion-stance\",\"rating\":1220,\"seed\":\"sodium,960f30cd49f94bf27454fca842458709\"}\n>p1 move icebeam\n>p2 move shadowball\n>p1 move icebeam\n>p2 switch 4\n>p1 switch 3\n>p2 move shellsidearm\n>p1 move nightshade terastallize\n>p2 switch 5\n>p1 move recover\n>p2 move encore\n>p1 move nightshade\n>p2 switch 3\n>p1 switch 4\n>p2 move knockoff\n>p1 move doubleshock\n>p2 switch 6\n>p1 switch 6\n>p2 move earthquake\n>p1 move icebeam\n>p2 move gunkshot terastallize\n>p1 move rest\n>p2 move gunkshot\n>p1 switch 6\n>p2 move gunkshot\n>p1 move closecombat\n>p2 switch 4\n>p1 move doubleshock\n>p2 switch 2\n>p1 switch 5\n>p1 move freezedry\n>p2 switch 4\n>p1 move mudshot\n>p2 move toxic\n>p1 move mudshot\n>p2 switch 3\n>p1 move freezedry\n>p2 move encore\n>p1 move mudshot\n>p2 move roost\n>p1 switch 4\n>p2 move roost\n>p1 move cosmicpower\n>p2 move thunderwave\n>p1 move cosmicpower\n>p2 switch 4\n>p1 move storedpower\n>p2 move stealthrock\n>p1 move cosmicpower\n>p2 move earthquake\n>p1 move recover\n>p2 move earthquake\n>p1 switch 6\n>p1 move icebeam\n>p2 switch 6\n>p1 move thunderbolt\n>p2 move bodyslam\n>p1 move thunderbolt\n>p2 move bodyslam\n>p1 switch 2\n>p1 move rapidspin\n>p2 switch 2\n>p1 move thunderwave\n>p2 move airslash\n>p1 move ironhead\n>p2 move strengthsap\n>p1 switch 4\n>p2 move airslash\n>p1 move freezedry\n>p2 switch 4\n>p1 move freezedry\n>p2 move roost\n>p1 move freezedry\n>p2 move lunge\n>p1 switch 3\n>p1 move hydropump\n>p2 move thunderwave\n>p1 move hydropump\n>p2 switch 3\n>p1 move tailglow\n>p2 move earthquake\n>p1 move icebeam\n>p2 move toxic\n>p1 move tailglow\n>p2 move toxic\n>p1 move energyball\n>p2 move recover\n>p1 move icebeam\n>p2 move recover\n>p1 move icebeam\n>p2 move recover\n>p1 move icebeam\n>p2 move gunkshot\n>p1 switch 4\n>p1 move thunderwave\n>p2 move earthquake\n>p1 move thunderwave\n>p2 move earthquake\n>p1 move ironhead\n>p2 switch 5\n>p1 move thunderwave\n>p2 move fireblast\n>p1 move rapidspin\n>p2 move fireblast", "uploadtime": 1781420858, "views": 5, "formatid": "gen9randombattle", "rating": 1164, "private": 0, "password": null, "player_dets": [{"name": "Wengweng33", "avatar": "ethan", "rating": 1187, "seed": "sodium,c8508340c17342c8799ae8850d1c5bf5"}, {"name": "akumaavgc", "avatar": "gladion-stance", "rating": 1220, "seed": "sodium,960f30cd49f94bf27454fca842458709"}], "teams_full": [{"Manaphy": {"name": "Manaphy", "species": "Manaphy", "speciesId": "manaphy", "gender": "N", "shiny": false, "level": 78, "moves": ["tailglow", "icebeam", "hydropump", "energyball"], "ability": "Hydration", "evs": {"hp": 85, "atk": 0, "def": 85, "spa": 85, "spd": 85, "spe": 85}, "ivs": {"hp": 31, "atk": 0, "def": 31, "spa": 31, "spd": 31, "spe": 31}, "item": "Leftovers", "teraType": "Water", "role": "Bulky Setup", "bvs": {"hp": 100, "atk": 100, "def": 100, "spa": 100, "spd": 100, "spe": 100}, "stats": {"hp": 284, "atk": 161, "def": 201, "spa": 201, "spd": 201, "spe": 201}}, "Forretress": {"name": "Forretress", "species": "Forretress", "speciesId": "forretress", "gender": "F", "shiny": false, "level": 84, "moves": ["rapidspin", "spikes", "ironhead", "thunderwave"], "ability": "Sturdy", "evs": {"hp": 85, "atk": 85, "def": 85, "spa": 85, "spd": 85, "spe": 85}, "ivs": {"hp": 31, "atk": 31, "def": 31, "spa": 31, "spd": 31, "spe": 31}, "item": "Leftovers", "teraType": "Water", "role": "Bulky Support", "bvs": {"hp": 75, "atk": 90, "def": 140, "spa": 60, "spd": 60, "spe": 40}, "stats": {"hp": 263, "atk": 199, "def": 283, "spa": 149, "spd": 149, "spe": 115}}, "Deoxys": {"name": "Deoxys", "species": "Deoxys-Defense", "speciesId": "deoxysdefense", "gender": "N", "shiny": false, "level": 84, "moves": ["cosmicpower", "nightshade", "recover", "storedpower"], "ability": "Pressure", "evs": {"hp": 85, "atk": 0, "def": 85, "spa": 85, "spd": 85, "spe": 85}, "ivs": {"hp": 31, "atk": 0, "def": 31, "spa": 31, "spd": 31, "spe": 31}, "item": "Leftovers", "teraType": "Steel", "role": "Bulky Setup", "bvs": {"hp": 50, "atk": 70, "def": 160, "spa": 70, "spd": 160, "spe": 90}, "stats": {"hp": 221, "atk": 122, "def": 317, "spa": 166, "spd": 317, "spe": 199}}, "Pawmot": {"name": "Pawmot", "species": "Pawmot", "speciesId": "pawmot", "gender": "M", "shiny": false, "level": 80, "moves": ["icepunch", "closecombat", "doubleshock", "revivalblessing"], "ability": "Iron Fist", "evs": {"hp": 85, "atk": 85, "def": 85, "spa": 85, "spd": 85, "spe": 85}, "ivs": {"hp": 31, "atk": 31, "def": 31, "spa": 31, "spd": 31, "spe": 31}, "item": "Life Orb", "teraType": "Electric", "role": "Wallbreaker", "bvs": {"hp": 70, "atk": 115, "def": 70, "spa": 70, "spd": 60, "spe": 105}, "stats": {"hp": 243, "atk": 230, "def": 158, "spa": 158, "spd": 142, "spe": 214}}, "Glaceon": {"name": "Glaceon", "species": "Glaceon", "speciesId": "glaceon", "gender": "F", "shiny": false, "level": 94, "moves": ["mudshot", "freezedry", "protect", "wish"], "ability": "Ice Body", "evs": {"hp": 85, "atk": 0, "def": 85, "spa": 85, "spd": 85, "spe": 85}, "ivs": {"hp": 31, "atk": 0, "def": 31, "spa": 31, "spd": 31, "spe": 31}, "item": "Heavy-Duty Boots", "teraType": "Ground", "role": "Bulky Attacker", "bvs": {"hp": 65, "atk": 60, "def": 110, "spa": 130, "spd": 95, "spe": 65}, "stats": {"hp": 275, "atk": 117, "def": 260, "spa": 298, "spd": 232, "spe": 176}}, "Regice": {"name": "Regice", "species": "Regice", "speciesId": "regice", "gender": "N", "shiny": false, "level": 88, "moves": ["sleeptalk", "icebeam", "rest", "thunderbolt"], "ability": "Clear Body", "evs": {"hp": 85, "atk": 0, "def": 85, "spa": 85, "spd": 85, "spe": 85}, "ivs": {"hp": 31, "atk": 0, "def": 31, "spa": 31, "spd": 31, "spe": 31}, "item": "Heavy-Duty Boots", "teraType": "Electric", "role": "Bulky Attacker", "bvs": {"hp": 80, "atk": 50, "def": 100, "spa": 100, "spd": 200, "spe": 50}, "stats": {"hp": 284, "atk": 93, "def": 226, "spa": 226, "spd": 402, "spe": 138}}}, {"Drifblim": {"name": "Drifblim", "species": "Drifblim", "speciesId": "drifblim", "gender": "M", "shiny": false, "level": 86, "moves": ["airslash", "shadowball", "strengthsap", "defog"], "ability": "Aftermath", "evs": {"hp": 85, "atk": 0, "def": 85, "spa": 85, "spd": 85, "spe": 85}, "ivs": {"hp": 31, "atk": 0, "def": 31, "spa": 31, "spd": 31, "spe": 31}, "item": "Heavy-Duty Boots", "teraType": "Dark", "role": "Bulky Attacker", "bvs": {"hp": 150, "atk": 80, "def": 44, "spa": 90, "spd": 54, "spe": 80}, "stats": {"hp": 398, "atk": 142, "def": 125, "spa": 204, "spd": 142, "spe": 187}}, "Whiscash": {"name": "Whiscash", "species": "Whiscash", "speciesId": "whiscash", "gender": "M", "shiny": false, "level": 88, "moves": ["hydropump", "icebeam", "stealthrock", "earthquake"], "ability": "Oblivious", "evs": {"hp": 85, "atk": 85, "def": 85, "spa": 85, "spd": 85, "spe": 85}, "ivs": {"hp": 31, "atk": 31, "def": 31, "spa": 31, "spd": 31, "spe": 31}, "item": "Leftovers", "teraType": "Steel", "role": "Bulky Support", "bvs": {"hp": 110, "atk": 78, "def": 73, "spa": 76, "spd": 71, "spe": 60}, "stats": {"hp": 337, "atk": 188, "def": 179, "spa": 184, "spd": 175, "spe": 156}}, "Komala": {"name": "Komala", "species": "Komala", "speciesId": "komala", "gender": "M", "shiny": false, "level": 88, "moves": ["bodyslam", "knockoff", "uturn", "earthquake"], "ability": "Comatose", "evs": {"hp": 85, "atk": 85, "def": 85, "spa": 85, "spd": 85, "spe": 85}, "ivs": {"hp": 31, "atk": 31, "def": 31, "spa": 31, "spd": 31, "spe": 31}, "item": "Choice Scarf", "teraType": "Ghost", "role": "Bulky Support", "bvs": {"hp": 65, "atk": 115, "def": 65, "spa": 75, "spd": 95, "spe": 65}, "stats": {"hp": 258, "atk": 253, "def": 165, "spa": 182, "spd": 217, "spe": 165}}, "Slowbro": {"name": "Slowbro", "species": "Slowbro-Galar", "speciesId": "slowbrogalar", "gender": "M", "shiny": false, "level": 87, "moves": ["psychic", "shellsidearm", "fireblast", "trickroom"], "ability": "Regenerator", "evs": {"hp": 85, "atk": 85, "def": 85, "spa": 85, "spd": 85, "spe": 0}, "ivs": {"hp": 31, "atk": 31, "def": 31, "spa": 31, "spd": 31, "spe": 0}, "item": "Life Orb", "teraType": "Poison", "role": "Wallbreaker", "bvs": {"hp": 95, "atk": 100, "def": 95, "spa": 100, "spd": 70, "spe": 30}, "stats": {"hp": 307, "atk": 224, "def": 215, "spa": 224, "spd": 172, "spe": 57}}, "Volbeat": {"name": "Volbeat", "species": "Volbeat", "speciesId": "volbeat", "gender": "M", "shiny": false, "level": 90, "moves": ["thunderwave", "encore", "roost", "lunge"], "ability": "Prankster", "evs": {"hp": 85, "atk": 85, "def": 85, "spa": 85, "spd": 85, "spe": 85}, "ivs": {"hp": 31, "atk": 31, "def": 31, "spa": 31, "spd": 31, "spe": 31}, "item": "Heavy-Duty Boots", "teraType": "Steel", "role": "Bulky Attacker", "bvs": {"hp": 65, "atk": 73, "def": 75, "spa": 47, "spd": 85, "spe": 85}, "stats": {"hp": 263, "atk": 183, "def": 186, "spa": 136, "spd": 204, "spe": 204}}, "Clodsire": {"name": "Clodsire", "species": "Clodsire", "speciesId": "clodsire", "gender": "M", "shiny": false, "level": 81, "moves": ["earthquake", "gunkshot", "toxic", "recover"], "ability": "Water Absorb", "evs": {"hp": 85, "atk": 85, "def": 85, "spa": 85, "spd": 85, "spe": 85}, "ivs": {"hp": 31, "atk": 31, "def": 31, "spa": 31, "spd": 31, "spe": 31}, "item": "Leftovers", "teraType": "Steel", "role": "Bulky Support", "bvs": {"hp": 130, "atk": 75, "def": 60, "spa": 45, "spd": 100, "spe": 20}, "stats": {"hp": 343, "atk": 168, "def": 144, "spa": 120, "spd": 209, "spe": 79}}}]}