{"id": "gen9randombattle-2631858386", "format": "[Gen 9] Random Battle", "players": ["zsmith544", "faaskaas"], "log": "|j|\u2606zsmith544\n|j|\u2606faaskaas\n|t:|1781448940\n|gametype|singles\n|player|p1|zsmith544|265|2036\n|player|p2|faaskaas|hiker-gen4|2067\n|gen|9\n|tier|[Gen 9] Random Battle\n|rated|\n|rule|Species Clause: Limit one of each Pok\u00e9mon\n|rule|HP Percentage Mod: HP is shown in percentages\n|rule|Sleep Clause Mod: Limit one foe put to sleep\n|rule|Illusion Level Mod: Illusion disguises the Pok\u00e9mon's true level\n|\n|t:|1781448940\n|teamsize|p1|6\n|teamsize|p2|6\n|start\n|switch|p1a: Rampardos|Rampardos, L90, M|321/321\n|switch|p2a: Fezandipiti|Fezandipiti, L82, M|278/278\n|turn|1\n|inactive|Battle timer is ON: inactive players will automatically lose when time's up. (requested by faaskaas)\n|inactive|zsmith544 also wants the timer to be on.\n|\n|t:|1781448966\n|move|p2a: Fezandipiti|U-turn|p1a: Rampardos\n|-damage|p1a: Rampardos|267/321\n|\n|t:|1781448975\n|switch|p2a: Iron Leaves|Iron Leaves, L80|275/275|[from] U-turn\n|move|p1a: Rampardos|Earthquake|p2a: Iron Leaves\n|-resisted|p2a: Iron Leaves\n|-damage|p2a: Iron Leaves|196/275\n|-damage|p1a: Rampardos|235/321|[from] item: Life Orb\n|\n|upkeep\n|turn|2\n|\n|t:|1781448985\n|switch|p1a: Scovillain|Scovillain, L91, F|266/266\n|move|p2a: Iron Leaves|Swords Dance|p2a: Iron Leaves\n|-boost|p2a: Iron Leaves|atk|2\n|\n|upkeep\n|turn|3\n|\n|t:|1781448994\n|move|p2a: Iron Leaves|Close Combat|p1a: Scovillain\n|-damage|p1a: Scovillain|0 fnt\n|-unboost|p2a: Iron Leaves|def|1\n|-unboost|p2a: Iron Leaves|spd|1\n|faint|p1a: Scovillain\n|-damage|p2a: Iron Leaves|169/275|[from] item: Life Orb\n|\n|upkeep\n|\n|t:|1781449009\n|switch|p1a: Mightyena|Mightyena, L96, F|290/290\n|-ability|p1a: Mightyena|Intimidate|boost\n|-unboost|p2a: Iron Leaves|atk|1\n|turn|4\n|\n|t:|1781449023\n|-end|p2a: Iron Leaves|Quark Drive|[silent]\n|switch|p2a: Fezandipiti|Fezandipiti, L82, M|278/278\n|move|p1a: Mightyena|Sucker Punch||[still]\n|-fail|p1a: Mightyena\n|\n|upkeep\n|turn|5\n|\n|t:|1781449039\n|switch|p1a: Rampardos|Rampardos, L90, M|235/321\n|move|p2a: Fezandipiti|U-turn|p1a: Rampardos\n|-damage|p1a: Rampardos|183/321\n|-status|p1a: Rampardos|tox|[from] ability: Toxic Chain|[of] p2a: Fezandipiti\n|\n|t:|1781449043\n|switch|p2a: Iron Leaves|Iron Leaves, L80|169/275|[from] U-turn\n|\n|-damage|p1a: Rampardos|163/321 tox|[from] psn\n|upkeep\n|turn|6\n|\n|t:|1781449055\n|move|p2a: Iron Leaves|Leaf Blade|p1a: Rampardos\n|-supereffective|p1a: Rampardos\n|-damage|p1a: Rampardos|0 fnt\n|faint|p1a: Rampardos\n|-damage|p2a: Iron Leaves|142/275|[from] item: Life Orb\n|\n|upkeep\n|\n|t:|1781449068\n|switch|p1a: Oricorio|Oricorio, L84, F|263/263\n|turn|7\n|\n|t:|1781449082\n|-end|p2a: Iron Leaves|Quark Drive|[silent]\n|switch|p2a: Alomomola|Alomomola, L87, M|429/429\n|move|p1a: Oricorio|Quiver Dance|p1a: Oricorio\n|-boost|p1a: Oricorio|spa|1\n|-boost|p1a: Oricorio|spd|1\n|-boost|p1a: Oricorio|spe|1\n|\n|upkeep\n|turn|8\n|\n|t:|1781449098\n|move|p1a: Oricorio|Quiver Dance|p1a: Oricorio\n|-boost|p1a: Oricorio|spa|1\n|-boost|p1a: Oricorio|spd|1\n|-boost|p1a: Oricorio|spe|1\n|move|p2a: Alomomola|Flip Turn|p1a: Oricorio\n|-supereffective|p1a: Oricorio\n|-damage|p1a: Oricorio|137/263\n|\n|t:|1781449119\n|switch|p2a: Fezandipiti|Fezandipiti, L82, M|278/278|[from] Flip Turn\n|\n|upkeep\n|turn|9\n|inactive|zsmith544 has 120 seconds left.\n|\n|t:|1781449154\n|-terastallize|p1a: Oricorio|Ground\n|move|p1a: Oricorio|Revelation Dance|p2a: Fezandipiti\n|-supereffective|p2a: Fezandipiti\n|-damage|p2a: Fezandipiti|0 fnt\n|faint|p2a: Fezandipiti\n|\n|upkeep\n|inactive|faaskaas has 120 seconds left.\n|inactive|faaskaas has 90 seconds left.\n|\n|t:|1781449230\n|switch|p2a: Alomomola|Alomomola, L87, M|429/429\n|turn|10\n|\n|t:|1781449234\n|move|p1a: Oricorio|Hurricane|p2a: Alomomola\n|-damage|p2a: Alomomola|101/429\n|move|p2a: Alomomola|Flip Turn|p1a: Oricorio\n|-supereffective|p1a: Oricorio\n|-damage|p1a: Oricorio|0 fnt\n|faint|p1a: Oricorio\n|\n|t:|1781449241\n|switch|p2a: Flamigo|Flamigo, L82, M|269/269|[from] Flip Turn\n|\n|upkeep\n|\n|t:|1781449258\n|switch|p1a: Mightyena|Mightyena, L96, F|290/290\n|-ability|p1a: Mightyena|Intimidate|boost\n|-fail|p2a: Flamigo|unboost|Attack|[from] ability: Scrappy|[of] p2a: Flamigo\n|turn|11\n|\n|t:|1781449263\n|move|p2a: Flamigo|Close Combat|p1a: Mightyena\n|-supereffective|p1a: Mightyena\n|-damage|p1a: Mightyena|0 fnt\n|-unboost|p2a: Flamigo|def|1\n|-unboost|p2a: Flamigo|spd|1\n|faint|p1a: Mightyena\n|-damage|p2a: Flamigo|243/269|[from] item: Life Orb\n|\n|upkeep\n|\n|t:|1781449271\n|switch|p1a: Clawitzer|Clawitzer, L87, M|265/265\n|turn|12\n|\n|t:|1781449279\n|switch|p2a: Alomomola|Alomomola, L87, M|244/429\n|move|p1a: Clawitzer|Dragon Pulse|p2a: Alomomola\n|-damage|p2a: Alomomola|0 fnt\n|faint|p2a: Alomomola\n|\n|upkeep\n|\n|t:|1781449283\n|switch|p2a: Flutter Mane|Flutter Mane, L74|203/203\n|turn|13\n|-message|zsmith544 forfeited.\n|\n|win|faaskaas\n", "inputlog": ">version a8376a258c1d4662feba110a92103f3664a72141\n>start {\"formatid\":\"gen9randombattle\",\"seed\":\"sodium,dcb1e0c6c2998ecf60e4098f8fbf4b8d\",\"rated\":\"Rated battle\"}\n>player p1 {\"name\":\"zsmith544\",\"avatar\":\"265\",\"rating\":2036,\"seed\":\"sodium,3159d0de5a584b5cba6e91f58b455e3c\"}\n>player p2 {\"name\":\"faaskaas\",\"avatar\":\"hiker-gen4\",\"rating\":2067,\"seed\":\"sodium,1c6e369e678f4044a4714f6725ad2cd1\"}\n>p1 move earthquake\n>p2 move uturn\n>p2 switch 2\n>p1 switch 5\n>p2 move swordsdance\n>p1 move flamethrower\n>p2 move closecombat\n>p1 switch 3\n>p1 move suckerpunch\n>p2 switch 2\n>p1 switch 5\n>p2 move uturn\n>p2 switch 2\n>p1 move firepunch\n>p2 move leafblade\n>p1 switch 2\n>p1 move quiverdance\n>p2 switch 5\n>p1 move quiverdance\n>p2 move flipturn\n>p2 switch 2\n>p1 move revelationdance terastallize\n>p2 move gunkshot\n>p2 switch 2\n>p1 move hurricane\n>p2 move flipturn\n>p2 switch 4\n>p1 switch 5\n>p1 move playrough\n>p2 move closecombat\n>p1 switch 4\n>p1 move dragonpulse\n>p2 switch 4\n>p2 switch 3\n>forcelose p1", "uploadtime": 1781448942, "views": 7, "formatid": "gen9randombattle", "rating": null, "private": 0, "password": null, "player_dets": [{"name": "zsmith544", "avatar": "265", "rating": 2036, "seed": "sodium,3159d0de5a584b5cba6e91f58b455e3c"}, {"name": "faaskaas", "avatar": "hiker-gen4", "rating": 2067, "seed": "sodium,1c6e369e678f4044a4714f6725ad2cd1"}], "teams_full": [{"Rampardos": {"name": "Rampardos", "species": "Rampardos", "speciesId": "rampardos", "gender": "M", "shiny": false, "level": 90, "moves": ["zenheadbutt", "rockslide", "firepunch", "earthquake"], "ability": "Sheer Force", "evs": {"hp": 85, "atk": 85, "def": 85, "spa": 85, "spd": 85, "spe": 85}, "ivs": {"hp": 31, "atk": 31, "def": 31, "spa": 31, "spd": 31, "spe": 31}, "item": "Life Orb", "teraType": "Fire", "role": "Wallbreaker", "bvs": {"hp": 97, "atk": 165, "def": 60, "spa": 65, "spd": 50, "spe": 58}, "stats": {"hp": 321, "atk": 348, "def": 159, "spa": 168, "spd": 141, "spe": 156}}, "Oricorio": {"name": "Oricorio", "species": "Oricorio", "speciesId": "oricorio", "gender": "F", "shiny": false, "level": 84, "moves": ["roost", "quiverdance", "revelationdance", "hurricane"], "ability": "Dancer", "evs": {"hp": 85, "atk": 0, "def": 85, "spa": 85, "spd": 85, "spe": 85}, "ivs": {"hp": 31, "atk": 0, "def": 31, "spa": 31, "spd": 31, "spe": 31}, "item": "Heavy-Duty Boots", "teraType": "Ground", "role": "Setup Sweeper", "bvs": {"hp": 75, "atk": 70, "def": 70, "spa": 98, "spd": 70, "spe": 93}, "stats": {"hp": 263, "atk": 122, "def": 166, "spa": 213, "spd": 166, "spe": 204}}, "Mightyena": {"name": "Mightyena", "species": "Mightyena", "speciesId": "mightyena", "gender": "F", "shiny": false, "level": 96, "moves": ["throatchop", "poisonfang", "suckerpunch", "playrough"], "ability": "Intimidate", "evs": {"hp": 85, "atk": 85, "def": 85, "spa": 85, "spd": 85, "spe": 85}, "ivs": {"hp": 31, "atk": 31, "def": 31, "spa": 31, "spd": 31, "spe": 31}, "item": "Assault Vest", "teraType": "Poison", "role": "AV Pivot", "bvs": {"hp": 70, "atk": 90, "def": 70, "spa": 60, "spd": 60, "spe": 70}, "stats": {"hp": 290, "atk": 227, "def": 189, "spa": 170, "spd": 170, "spe": 189}}, "Clawitzer": {"name": "Clawitzer", "species": "Clawitzer", "speciesId": "clawitzer", "gender": "M", "shiny": false, "level": 87, "moves": ["dragonpulse", "darkpulse", "waterpulse", "aurasphere"], "ability": "Mega Launcher", "evs": {"hp": 85, "atk": 0, "def": 85, "spa": 85, "spd": 85, "spe": 85}, "ivs": {"hp": 31, "atk": 0, "def": 31, "spa": 31, "spd": 31, "spe": 31}, "item": "Choice Specs", "teraType": "Fighting", "role": "Wallbreaker", "bvs": {"hp": 71, "atk": 73, "def": 88, "spa": 120, "spd": 89, "spe": 59}, "stats": {"hp": 265, "atk": 132, "def": 203, "spa": 259, "spd": 205, "spe": 152}}, "Scovillain": {"name": "Scovillain", "species": "Scovillain", "speciesId": "scovillain", "gender": "F", "shiny": false, "level": 91, "moves": ["energyball", "overheat", "flamethrower", "leafstorm"], "ability": "Chlorophyll", "evs": {"hp": 85, "atk": 0, "def": 85, "spa": 85, "spd": 85, "spe": 85}, "ivs": {"hp": 31, "atk": 0, "def": 31, "spa": 31, "spd": 31, "spe": 31}, "item": "Choice Specs", "teraType": "Grass", "role": "Fast Attacker", "bvs": {"hp": 65, "atk": 108, "def": 65, "spa": 108, "spd": 65, "spe": 75}, "stats": {"hp": 266, "atk": 201, "def": 170, "spa": 248, "spd": 170, "spe": 188}}, "Carbink": {"name": "Carbink", "species": "Carbink", "speciesId": "carbink", "gender": "N", "shiny": false, "level": 90, "moves": ["bodypress", "moonblast", "irondefense", "rest"], "ability": "Clear Body", "evs": {"hp": 85, "atk": 0, "def": 85, "spa": 85, "spd": 85, "spe": 85}, "ivs": {"hp": 31, "atk": 0, "def": 31, "spa": 31, "spd": 31, "spe": 31}, "item": "Chesto Berry", "teraType": "Fighting", "role": "Fast Bulky Setup", "bvs": {"hp": 50, "atk": 50, "def": 150, "spa": 50, "spd": 150, "spe": 50}, "stats": {"hp": 236, "atk": 95, "def": 321, "spa": 141, "spd": 321, "spe": 141}}}, {"Fezandipiti": {"name": "Fezandipiti", "species": "Fezandipiti", "speciesId": "fezandipiti", "gender": "M", "shiny": false, "level": 82, "moves": ["gunkshot", "roost", "moonblast", "uturn"], "ability": "Toxic Chain", "evs": {"hp": 85, "atk": 85, "def": 85, "spa": 85, "spd": 85, "spe": 85}, "ivs": {"hp": 31, "atk": 31, "def": 31, "spa": 31, "spd": 31, "spe": 31}, "item": "Leftovers", "teraType": "Steel", "role": "Bulky Attacker", "bvs": {"hp": 88, "atk": 91, "def": 82, "spa": 70, "spd": 125, "spe": 99}, "stats": {"hp": 278, "atk": 196, "def": 182, "spa": 162, "spd": 252, "spe": 210}}, "Iron Leaves": {"name": "Iron Leaves", "species": "Iron Leaves", "speciesId": "ironleaves", "gender": "N", "shiny": false, "level": 80, "moves": ["closecombat", "psyblade", "leafblade", "swordsdance"], "ability": "Quark Drive", "evs": {"hp": 85, "atk": 85, "def": 85, "spa": 85, "spd": 85, "spe": 85}, "ivs": {"hp": 31, "atk": 31, "def": 31, "spa": 31, "spd": 31, "spe": 31}, "item": "Life Orb", "teraType": "Fighting", "role": "Wallbreaker", "bvs": {"hp": 90, "atk": 130, "def": 88, "spa": 70, "spd": 108, "spe": 104}, "stats": {"hp": 275, "atk": 254, "def": 187, "spa": 158, "spd": 219, "spe": 213}}, "Flutter Mane": {"name": "Flutter Mane", "species": "Flutter Mane", "speciesId": "fluttermane", "gender": "N", "shiny": false, "level": 74, "moves": ["moonblast", "calmmind", "shadowball", "mysticalfire"], "ability": "Protosynthesis", "evs": {"hp": 85, "atk": 0, "def": 85, "spa": 85, "spd": 85, "spe": 85}, "ivs": {"hp": 31, "atk": 0, "def": 31, "spa": 31, "spd": 31, "spe": 31}, "item": "Life Orb", "teraType": "Fire", "role": "Setup Sweeper", "bvs": {"hp": 55, "atk": 55, "def": 55, "spa": 135, "spd": 135, "spe": 135}, "stats": {"hp": 203, "atk": 86, "def": 124, "spa": 243, "spd": 243, "spe": 243}}, "Flamigo": {"name": "Flamigo", "species": "Flamigo", "speciesId": "flamigo", "gender": "M", "shiny": false, "level": 82, "moves": ["closecombat", "bravebird", "throatchop", "swordsdance"], "ability": "Scrappy", "evs": {"hp": 85, "atk": 85, "def": 85, "spa": 85, "spd": 85, "spe": 85}, "ivs": {"hp": 31, "atk": 31, "def": 31, "spa": 31, "spd": 31, "spe": 31}, "item": "Life Orb", "teraType": "Steel", "role": "Setup Sweeper", "bvs": {"hp": 82, "atk": 115, "def": 74, "spa": 75, "spd": 64, "spe": 90}, "stats": {"hp": 269, "atk": 236, "def": 169, "spa": 170, "spd": 152, "spe": 195}}, "Alomomola": {"name": "Alomomola", "species": "Alomomola", "speciesId": "alomomola", "gender": "M", "shiny": false, "level": 87, "moves": ["protect", "wish", "flipturn", "scald"], "ability": "Regenerator", "evs": {"hp": 85, "atk": 85, "def": 85, "spa": 85, "spd": 85, "spe": 85}, "ivs": {"hp": 31, "atk": 31, "def": 31, "spa": 31, "spd": 31, "spe": 31}, "item": "Leftovers", "teraType": "Poison", "role": "Bulky Support", "bvs": {"hp": 165, "atk": 75, "def": 80, "spa": 40, "spd": 45, "spe": 65}, "stats": {"hp": 429, "atk": 180, "def": 189, "spa": 119, "spd": 128, "spe": 163}}, "Talonflame": {"name": "Talonflame", "species": "Talonflame", "speciesId": "talonflame", "gender": "M", "shiny": false, "level": 83, "moves": ["bravebird", "uturn", "overheat", "roost"], "ability": "Flame Body", "evs": {"hp": 85, "atk": 85, "def": 85, "spa": 85, "spd": 85, "spe": 85}, "ivs": {"hp": 31, "atk": 31, "def": 31, "spa": 31, "spd": 31, "spe": 31}, "item": "Heavy-Duty Boots", "teraType": "Dragon", "role": "Bulky Attacker", "bvs": {"hp": 78, "atk": 81, "def": 71, "spa": 74, "spd": 69, "spe": 126}, "stats": {"hp": 265, "atk": 182, "def": 166, "spa": 171, "spd": 162, "spe": 257}}}]}