{"id": "gen9randombattle-2631747565", "format": "[Gen 9] Random Battle", "players": ["xmagic_7", "ShadowQ8"], "log": "|j|\u2606xmagic_7\n|j|\u2606ShadowQ8\n|t:|1781433121\n|gametype|singles\n|player|p1|xmagic_7|169|2153\n|player|p2|ShadowQ8|cyrus|2276\n|gen|9\n|tier|[Gen 9] Random Battle\n|rated|\n|rule|Species Clause: Limit one of each Pok\u00e9mon\n|rule|HP Percentage Mod: HP is shown in percentages\n|rule|Sleep Clause Mod: Limit one foe put to sleep\n|rule|Illusion Level Mod: Illusion disguises the Pok\u00e9mon's true level\n|\n|t:|1781433121\n|teamsize|p1|6\n|teamsize|p2|6\n|start\n|switch|p1a: Spectrier|Spectrier, L75|274/274\n|switch|p2a: Mimikyu|Mimikyu, L79, M|216/216\n|turn|1\n|inactive|Battle timer is ON: inactive players will automatically lose when time's up. (requested by ShadowQ8)\n|inactive|xmagic_7 also wants the timer to be on.\n|\n|t:|1781433143\n|switch|p1a: Archaludon|Archaludon, L78, M|268/268\n|move|p2a: Mimikyu|Play Rough|p1a: Archaludon\n|-damage|p1a: Archaludon|193/268\n|-ability|p1a: Archaludon|Stamina|boost\n|-boost|p1a: Archaludon|def|1\n|-damage|p2a: Mimikyu|195/216|[from] item: Life Orb\n|\n|-heal|p1a: Archaludon|209/268|[from] item: Leftovers\n|upkeep\n|turn|2\n|\n|t:|1781433168\n|switch|p2a: Iron Jugulis|Iron Jugulis, L77|271/271\n|move|p1a: Archaludon|Stealth Rock|p2a: Iron Jugulis\n|-sidestart|p2: ShadowQ8|move: Stealth Rock\n|\n|-heal|p1a: Archaludon|225/268|[from] item: Leftovers\n|upkeep\n|turn|3\n|\n|t:|1781433180\n|switch|p1a: Cobalion|Cobalion, L80|277/277\n|move|p2a: Iron Jugulis|Dark Pulse|p1a: Cobalion\n|-resisted|p1a: Cobalion\n|-damage|p1a: Cobalion|205/277\n|-ability|p1a: Cobalion|Justified|boost\n|-boost|p1a: Cobalion|atk|1\n|\n|-heal|p1a: Cobalion|222/277|[from] item: Leftovers\n|upkeep\n|turn|4\n|\n|t:|1781433186\n|-end|p2a: Iron Jugulis|Quark Drive|[silent]\n|switch|p2a: Dondozo|Dondozo, L78, M|362/362\n|-damage|p2a: Dondozo|317/362|[from] Stealth Rock\n|move|p1a: Cobalion|Flash Cannon|p2a: Dondozo\n|-resisted|p2a: Dondozo\n|-damage|p2a: Dondozo|263/362\n|\n|-heal|p1a: Cobalion|239/277|[from] item: Leftovers\n|-heal|p2a: Dondozo|285/362|[from] item: Leftovers\n|upkeep\n|turn|5\n|\n|t:|1781433206\n|switch|p1a: Bombirdier|Bombirdier, L85, F|258/258\n|move|p2a: Dondozo|Wave Crash|p1a: Bombirdier\n|-damage|p1a: Bombirdier|138/258\n|-damage|p2a: Dondozo|245/362|[from] Recoil\n|\n|-heal|p2a: Dondozo|267/362|[from] item: Leftovers\n|upkeep\n|turn|6\n|\n|t:|1781433211\n|switch|p2a: Corviknight|Corviknight, L80, M|288/288\n|-damage|p2a: Corviknight|252/288|[from] Stealth Rock\n|-ability|p2a: Corviknight|Pressure\n|move|p1a: Bombirdier|Knock Off|p2a: Corviknight\n|-damage|p2a: Corviknight|140/288\n|-damage|p1a: Bombirdier|95/258|[from] item: Rocky Helmet|[of] p2a: Corviknight\n|-enditem|p2a: Corviknight|Rocky Helmet|[from] move: Knock Off|[of] p1a: Bombirdier\n|\n|upkeep\n|turn|7\n|\n|t:|1781433225\n|switch|p1a: Spectrier|Spectrier, L75|274/274\n|move|p2a: Corviknight|Defog|p1a: Spectrier\n|-unboost|p1a: Spectrier|evasion|1\n|-sideend|p2: ShadowQ8|Stealth Rock|[from] move: Defog|[of] p2a: Corviknight\n|\n|upkeep\n|turn|8\n|\n|t:|1781433228\n|move|p1a: Spectrier|Will-O-Wisp|p2a: Corviknight\n|-status|p2a: Corviknight|brn\n|move|p2a: Corviknight|U-turn|p1a: Spectrier\n|-resisted|p1a: Spectrier\n|-damage|p1a: Spectrier|260/274\n|\n|t:|1781433235\n|switch|p2a: Scrafty|Scrafty, L83, M|244/244|[from] U-turn\n|\n|upkeep\n|turn|9\n|\n|t:|1781433241\n|move|p1a: Spectrier|Will-O-Wisp|p2a: Scrafty|[miss]\n|-miss|p1a: Spectrier|p2a: Scrafty\n|move|p2a: Scrafty|Knock Off|p1a: Spectrier\n|-supereffective|p1a: Spectrier\n|-damage|p1a: Spectrier|0 fnt\n|-enditem|p1a: Spectrier|Life Orb|[from] move: Knock Off|[of] p2a: Scrafty\n|faint|p1a: Spectrier\n|\n|upkeep\n|\n|t:|1781433247\n|switch|p1a: Espeon|Espeon, L84, F|246/246\n|turn|10\n|\n|t:|1781433251\n|switch|p2a: Snorlax|Snorlax, L82, F|397/397\n|move|p1a: Espeon|Alluring Voice|p2a: Snorlax\n|-damage|p2a: Snorlax|322/397\n|-damage|p1a: Espeon|222/246|[from] item: Life Orb\n|\n|upkeep\n|turn|11\n|\n|t:|1781433255\n|switch|p1a: Gengar|Gengar, L81, M|230/230\n|move|p2a: Snorlax|Earthquake|p1a: Gengar\n|-supereffective|p1a: Gengar\n|-damage|p1a: Gengar|34/230\n|-start|p2a: Snorlax|Disable|Earthquake|[from] ability: Cursed Body|[of] p1a: Gengar\n|\n|upkeep\n|turn|12\n|\n|t:|1781433267\n|switch|p2a: Mimikyu|Mimikyu, L79, M|195/216\n|move|p1a: Gengar|Sludge Wave|p2a: Mimikyu\n|-activate|p2a: Mimikyu|ability: Disguise\n|-damage|p2a: Mimikyu|195/216\n|detailschange|p2a: Mimikyu|Mimikyu-Busted, L79, M\n|-damage|p2a: Mimikyu|168/216|[from] pokemon: Mimikyu-Busted\n|-damage|p1a: Gengar|11/230|[from] item: Life Orb\n|\n|upkeep\n|turn|13\n|\n|t:|1781433275\n|switch|p1a: Archaludon|Archaludon, L78, M|225/268\n|move|p2a: Mimikyu|Swords Dance|p2a: Mimikyu\n|-boost|p2a: Mimikyu|atk|2\n|\n|-heal|p1a: Archaludon|241/268|[from] item: Leftovers\n|upkeep\n|turn|14\n|\n|t:|1781433277\n|move|p2a: Mimikyu|Drain Punch|p1a: Archaludon\n|-supereffective|p1a: Archaludon\n|-damage|p1a: Archaludon|43/268\n|-heal|p2a: Mimikyu|216/216|[from] drain|[of] p1a: Archaludon\n|-ability|p1a: Archaludon|Stamina|boost\n|-boost|p1a: Archaludon|def|1\n|-damage|p2a: Mimikyu|195/216|[from] item: Life Orb\n|move|p1a: Archaludon|Stealth Rock|p2a: Mimikyu\n|-sidestart|p2: ShadowQ8|move: Stealth Rock\n|\n|-heal|p1a: Archaludon|59/268|[from] item: Leftovers\n|upkeep\n|turn|15\n|\n|t:|1781433284\n|move|p2a: Mimikyu|Play Rough|p1a: Archaludon|[miss]\n|-miss|p2a: Mimikyu|p1a: Archaludon\n|move|p1a: Archaludon|Flash Cannon|p2a: Mimikyu\n|-supereffective|p2a: Mimikyu\n|-damage|p2a: Mimikyu|37/216\n|\n|-heal|p1a: Archaludon|75/268|[from] item: Leftovers\n|upkeep\n|turn|16\n|\n|t:|1781433289\n|move|p2a: Mimikyu|Play Rough|p1a: Archaludon\n|-damage|p1a: Archaludon|0 fnt\n|faint|p1a: Archaludon\n|-damage|p2a: Mimikyu|16/216|[from] item: Life Orb\n|\n|upkeep\n|\n|t:|1781433291\n|switch|p1a: Cobalion|Cobalion, L80|239/277\n|turn|17\n|\n|t:|1781433295\n|move|p2a: Mimikyu|Shadow Sneak|p1a: Cobalion\n|-crit|p1a: Cobalion\n|-damage|p1a: Cobalion|136/277\n|-damage|p2a: Mimikyu|0 fnt|[from] item: Life Orb\n|faint|p2a: Mimikyu\n|move|p1a: Cobalion|Flash Cannon|p2: Mimikyu|[notarget]\n|-fail|p1a: Cobalion\n|\n|-heal|p1a: Cobalion|153/277|[from] item: Leftovers\n|upkeep\n|\n|t:|1781433303\n|switch|p2a: Scrafty|Scrafty, L83, M|244/244\n|-damage|p2a: Scrafty|229/244|[from] Stealth Rock\n|turn|18\n|\n|t:|1781433314\n|move|p1a: Cobalion|Aura Sphere|p2a: Scrafty\n|-supereffective|p2a: Scrafty\n|-crit|p2a: Scrafty\n|-damage|p2a: Scrafty|37/244\n|move|p2a: Scrafty|Drain Punch|p1a: Cobalion\n|-supereffective|p1a: Cobalion\n|-damage|p1a: Cobalion|37/277\n|-heal|p2a: Scrafty|95/244|[from] drain|[of] p1a: Cobalion\n|\n|-heal|p1a: Cobalion|54/277|[from] item: Leftovers\n|-heal|p2a: Scrafty|110/244|[from] item: Leftovers\n|upkeep\n|turn|19\n|\n|t:|1781433322\n|switch|p2a: Corviknight|Corviknight, L80, M|140/288 brn\n|-damage|p2a: Corviknight|104/288 brn|[from] Stealth Rock\n|-ability|p2a: Corviknight|Pressure\n|move|p1a: Cobalion|Aura Sphere|p2a: Corviknight\n|-damage|p2a: Corviknight|20/288 brn\n|\n|-heal|p1a: Cobalion|71/277|[from] item: Leftovers\n|-damage|p2a: Corviknight|2/288 brn|[from] brn\n|upkeep\n|turn|20\n|\n|t:|1781433327\n|move|p1a: Cobalion|Aura Sphere|p2a: Corviknight\n|-damage|p2a: Corviknight|0 fnt\n|faint|p2a: Corviknight\n|\n|-heal|p1a: Cobalion|88/277|[from] item: Leftovers\n|upkeep\n|inactive|ShadowQ8 has 120 seconds left.\n|\n|t:|1781433360\n|switch|p2a: Dondozo|Dondozo, L78, M|267/362\n|-damage|p2a: Dondozo|222/362|[from] Stealth Rock\n|turn|21\n|\n|t:|1781433382\n|move|p1a: Cobalion|Aura Sphere|p2a: Dondozo\n|-damage|p2a: Dondozo|126/362\n|move|p2a: Dondozo|Rest|p2a: Dondozo\n|-status|p2a: Dondozo|slp|[from] move: Rest\n|-heal|p2a: Dondozo|362/362 slp|[silent]\n|\n|-heal|p1a: Cobalion|105/277|[from] item: Leftovers\n|upkeep\n|turn|22\n|\n|t:|1781433392\n|switch|p1a: Gengar|Gengar, L81, M|11/230\n|cant|p2a: Dondozo|slp\n|move|p2a: Dondozo|Sleep Talk|p2a: Dondozo\n|move|p2a: Dondozo|Wave Crash|p1a: Gengar|[from] move: Sleep Talk\n|-damage|p1a: Gengar|0 fnt\n|faint|p1a: Gengar\n|-damage|p2a: Dondozo|358/362 slp|[from] Recoil\n|\n|-heal|p2a: Dondozo|362/362 slp|[from] item: Leftovers\n|upkeep\n|\n|t:|1781433396\n|switch|p1a: Espeon|Espeon, L84, F|222/246\n|turn|23\n|\n|t:|1781433411\n|move|p1a: Espeon|Psychic|p2a: Dondozo\n|-damage|p2a: Dondozo|146/362 slp\n|-damage|p1a: Espeon|198/246|[from] item: Life Orb\n|cant|p2a: Dondozo|slp\n|move|p2a: Dondozo|Sleep Talk|p2a: Dondozo\n|move|p2a: Dondozo|Rest||[from] move: Sleep Talk|[still]\n|-fail|p2a: Dondozo\n|\n|-heal|p2a: Dondozo|168/362 slp|[from] item: Leftovers\n|upkeep\n|turn|24\n|\n|t:|1781433416\n|switch|p2a: Iron Jugulis|Iron Jugulis, L77|271/271\n|-damage|p2a: Iron Jugulis|204/271|[from] Stealth Rock\n|move|p1a: Espeon|Psychic|p2a: Iron Jugulis\n|-immune|p2a: Iron Jugulis\n|\n|upkeep\n|turn|25\n|\n|t:|1781433422\n|move|p1a: Espeon|Alluring Voice|p2a: Iron Jugulis\n|-supereffective|p2a: Iron Jugulis\n|-damage|p2a: Iron Jugulis|0 fnt\n|faint|p2a: Iron Jugulis\n|-end|p2a: Iron Jugulis|Quark Drive|[silent]\n|-damage|p1a: Espeon|174/246|[from] item: Life Orb\n|\n|upkeep\n|\n|t:|1781433426\n|switch|p2a: Snorlax|Snorlax, L82, F|322/397\n|-damage|p2a: Snorlax|273/397|[from] Stealth Rock\n|turn|26\n|\n|t:|1781433441\n|switch|p1a: Cobalion|Cobalion, L80|105/277\n|move|p2a: Snorlax|Body Slam|p1a: Cobalion\n|-resisted|p1a: Cobalion\n|-damage|p1a: Cobalion|68/277\n|\n|-heal|p1a: Cobalion|85/277|[from] item: Leftovers\n|upkeep\n|turn|27\n|\n|t:|1781433445\n|move|p1a: Cobalion|Aura Sphere|p2a: Snorlax\n|-supereffective|p2a: Snorlax\n|-damage|p2a: Snorlax|139/397\n|move|p2a: Snorlax|Earthquake|p1a: Cobalion\n|-supereffective|p1a: Cobalion\n|-damage|p1a: Cobalion|0 fnt\n|faint|p1a: Cobalion\n|\n|upkeep\n|\n|t:|1781433452\n|switch|p1a: Espeon|Espeon, L84, F|174/246\n|turn|28\n|\n|t:|1781433455\n|-terastallize|p1a: Espeon|Psychic\n|move|p1a: Espeon|Psychic|p2a: Snorlax\n|-damage|p2a: Snorlax|0 fnt\n|faint|p2a: Snorlax\n|-damage|p1a: Espeon|150/246|[from] item: Life Orb\n|\n|upkeep\n|\n|t:|1781433462\n|switch|p2a: Scrafty|Scrafty, L83, M|110/244\n|-damage|p2a: Scrafty|95/244|[from] Stealth Rock\n|turn|29\n|\n|t:|1781433477\n|switch|p1a: Bombirdier|Bombirdier, L85, F|95/258\n|move|p2a: Scrafty|Rest|p2a: Scrafty\n|-status|p2a: Scrafty|slp|[from] move: Rest\n|-heal|p2a: Scrafty|244/244 slp|[silent]\n|\n|-activate|p2a: Scrafty|ability: Shed Skin\n|-curestatus|p2a: Scrafty|slp|[msg]\n|upkeep\n|turn|30\n|\n|t:|1781433492\n|move|p1a: Bombirdier|Brave Bird|p2a: Scrafty\n|-supereffective|p2a: Scrafty\n|-damage|p2a: Scrafty|38/244\n|-damage|p1a: Bombirdier|27/258|[from] Recoil\n|move|p2a: Scrafty|Drain Punch|p1a: Bombirdier\n|-damage|p1a: Bombirdier|0 fnt\n|-heal|p2a: Scrafty|52/244|[from] drain|[of] p1a: Bombirdier\n|faint|p1a: Bombirdier\n|\n|-heal|p2a: Scrafty|67/244|[from] item: Leftovers\n|upkeep\n|\n|t:|1781433497\n|switch|p1a: Espeon|Espeon, L84, F, tera:Psychic|150/246\n|turn|31\n|\n|t:|1781433510\n|-terastallize|p2a: Scrafty|Poison\n|move|p1a: Espeon|Psychic|p2a: Scrafty\n|-supereffective|p2a: Scrafty\n|-crit|p2a: Scrafty\n|-damage|p2a: Scrafty|0 fnt\n|faint|p2a: Scrafty\n|-damage|p1a: Espeon|126/246|[from] item: Life Orb\n|\n|upkeep\n|\n|t:|1781433514\n|switch|p2a: Dondozo|Dondozo, L78, M|168/362 slp\n|-damage|p2a: Dondozo|123/362 slp|[from] Stealth Rock\n|turn|32\n|\n|t:|1781433517\n|move|p1a: Espeon|Psychic|p2a: Dondozo\n|-damage|p2a: Dondozo|0 fnt\n|faint|p2a: Dondozo\n|-damage|p1a: Espeon|102/246|[from] item: Life Orb\n|\n|win|xmagic_7\n", "inputlog": ">version a8376a258c1d4662feba110a92103f3664a72141\n>start {\"formatid\":\"gen9randombattle\",\"seed\":\"sodium,dbf67c5167a0672f1dff2aa2a5ba074b\",\"rated\":\"Rated battle\"}\n>player p1 {\"name\":\"xmagic_7\",\"avatar\":\"169\",\"rating\":2153,\"seed\":\"sodium,00452026aa3e6a8fdb33d4d7034977db\"}\n>player p2 {\"name\":\"ShadowQ8\",\"avatar\":\"cyrus\",\"rating\":2276,\"seed\":\"sodium,7fb61a2afb0fe48300386446f9332882\"}\n>p1 switch 2\n>p2 move playrough\n>p1 move stealthrock\n>p2 switch 5\n>p1 switch 3\n>p2 move darkpulse\n>p1 move flashcannon\n>p2 switch 4\n>p1 switch 6\n>p2 move wavecrash\n>p1 move knockoff\n>p2 switch 2\n>p1 switch 2\n>p2 move defog\n>p1 move willowisp\n>p2 move uturn\n>p2 switch 3\n>p1 move willowisp\n>p2 move knockoff\n>p1 switch 4\n>p1 move alluringvoice\n>p2 switch 6\n>p1 switch 5\n>p2 move earthquake\n>p1 move sludgewave\n>p2 switch 5\n>p1 switch 3\n>p2 move swordsdance\n>p1 move stealthrock\n>p2 move drainpunch\n>p1 move flashcannon\n>p2 move playrough\n>p1 move flashcannon\n>p2 move playrough\n>p1 switch 6\n>p1 move flashcannon\n>p2 move shadowsneak\n>p2 switch 6\n>p1 move aurasphere\n>p2 move drainpunch\n>p1 move aurasphere\n>p2 switch 3\n>p1 move aurasphere\n>p2 move bravebird\n>p2 switch 2\n>p1 move aurasphere\n>p2 move rest\n>p1 switch 3\n>p2 move sleeptalk\n>p1 switch 5\n>p1 move psychic\n>p2 move sleeptalk\n>p1 move psychic\n>p2 switch 4\n>p1 move alluringvoice\n>p2 move uturn\n>p2 switch 5\n>p1 switch 3\n>p2 move bodyslam\n>p1 move aurasphere\n>p2 move earthquake\n>p1 switch 3\n>p1 move psychic terastallize\n>p2 move rest\n>p2 switch 3\n>p1 switch 2\n>p2 move rest\n>p1 move bravebird\n>p2 move drainpunch\n>p1 switch 2\n>p1 move psychic\n>p2 move knockoff terastallize\n>p2 switch 4\n>p1 move psychic\n>p2 move wavecrash", "uploadtime": 1781433123, "views": 7, "formatid": "gen9randombattle", "rating": null, "private": 0, "password": null, "player_dets": [{"name": "xmagic_7", "avatar": "169", "rating": 2153, "seed": "sodium,00452026aa3e6a8fdb33d4d7034977db"}, {"name": "ShadowQ8", "avatar": "cyrus", "rating": 2276, "seed": "sodium,7fb61a2afb0fe48300386446f9332882"}], "teams_full": [{"Spectrier": {"name": "Spectrier", "species": "Spectrier", "speciesId": "spectrier", "gender": "N", "shiny": false, "level": 75, "moves": ["willowisp", "terablast", "shadowball", "nastyplot"], "ability": "Grim Neigh", "evs": {"hp": 85, "atk": 0, "def": 85, "spa": 85, "spd": 85, "spe": 85}, "ivs": {"hp": 31, "atk": 0, "def": 31, "spa": 31, "spd": 31, "spe": 31}, "item": "Life Orb", "teraType": "Fighting", "role": "Tera Blast user", "bvs": {"hp": 100, "atk": 65, "def": 60, "spa": 145, "spd": 80, "spe": 130}, "stats": {"hp": 274, "atk": 102, "def": 134, "spa": 261, "spd": 164, "spe": 239}, "types": ["Ghost"]}, "Archaludon": {"name": "Archaludon", "species": "Archaludon", "speciesId": "archaludon", "gender": "M", "shiny": false, "level": 78, "moves": ["flashcannon", "dracometeor", "stealthrock", "bodypress"], "ability": "Stamina", "evs": {"hp": 85, "atk": 0, "def": 85, "spa": 85, "spd": 85, "spe": 85}, "ivs": {"hp": 31, "atk": 0, "def": 31, "spa": 31, "spd": 31, "spe": 31}, "item": "Leftovers", "teraType": "Fighting", "role": "Bulky Attacker", "bvs": {"hp": 90, "atk": 105, "def": 130, "spa": 125, "spd": 65, "spe": 85}, "stats": {"hp": 268, "atk": 168, "def": 248, "spa": 240, "spd": 146, "spe": 178}, "types": ["Steel", "Dragon"]}, "Cobalion": {"name": "Cobalion", "species": "Cobalion", "speciesId": "cobalion", "gender": "N", "shiny": false, "level": 80, "moves": ["aurasphere", "flashcannon", "vacuumwave", "calmmind"], "ability": "Justified", "evs": {"hp": 85, "atk": 0, "def": 85, "spa": 85, "spd": 85, "spe": 85}, "ivs": {"hp": 31, "atk": 0, "def": 31, "spa": 31, "spd": 31, "spe": 31}, "item": "Leftovers", "teraType": "Water", "role": "Bulky Setup", "bvs": {"hp": 91, "atk": 90, "def": 129, "spa": 90, "spd": 72, "spe": 108}, "stats": {"hp": 277, "atk": 149, "def": 253, "spa": 190, "spd": 161, "spe": 219}, "types": ["Steel", "Fighting"]}, "Espeon": {"name": "Espeon", "species": "Espeon", "speciesId": "espeon", "gender": "F", "shiny": false, "level": 84, "moves": ["shadowball", "alluringvoice", "calmmind", "psychic"], "ability": "Magic Bounce", "evs": {"hp": 85, "atk": 0, "def": 85, "spa": 85, "spd": 85, "spe": 85}, "ivs": {"hp": 31, "atk": 0, "def": 31, "spa": 31, "spd": 31, "spe": 31}, "item": "Life Orb", "teraType": "Psychic", "role": "Fast Attacker", "bvs": {"hp": 65, "atk": 65, "def": 60, "spa": 130, "spd": 95, "spe": 110}, "stats": {"hp": 246, "atk": 114, "def": 149, "spa": 267, "spd": 208, "spe": 233}, "types": ["Psychic"]}, "Gengar": {"name": "Gengar", "species": "Gengar", "speciesId": "gengar", "gender": "M", "shiny": false, "level": 81, "moves": ["sludgewave", "nastyplot", "shadowball", "focusblast"], "ability": "Cursed Body", "evs": {"hp": 85, "atk": 0, "def": 85, "spa": 85, "spd": 85, "spe": 85}, "ivs": {"hp": 31, "atk": 0, "def": 31, "spa": 31, "spd": 31, "spe": 31}, "item": "Life Orb", "teraType": "Ghost", "role": "Wallbreaker", "bvs": {"hp": 60, "atk": 65, "def": 60, "spa": 130, "spd": 75, "spe": 110}, "stats": {"hp": 230, "atk": 110, "def": 144, "spa": 257, "spd": 168, "spe": 225}, "types": ["Ghost", "Poison"]}, "Bombirdier": {"name": "Bombirdier", "species": "Bombirdier", "speciesId": "bombirdier", "gender": "F", "shiny": false, "level": 85, "moves": ["uturn", "stoneedge", "knockoff", "bravebird"], "ability": "Rocky Payload", "evs": {"hp": 85, "atk": 85, "def": 85, "spa": 85, "spd": 85, "spe": 85}, "ivs": {"hp": 31, "atk": 31, "def": 31, "spa": 31, "spd": 31, "spe": 31}, "item": "Choice Scarf", "teraType": "Rock", "role": "Fast Attacker", "bvs": {"hp": 70, "atk": 103, "def": 85, "spa": 60, "spd": 85, "spe": 82}, "stats": {"hp": 258, "atk": 224, "def": 193, "spa": 151, "spd": 193, "spe": 188}, "types": ["Flying", "Dark"]}}, {"Mimikyu": {"name": "Mimikyu", "species": "Mimikyu", "speciesId": "mimikyu", "gender": "M", "shiny": false, "level": 79, "moves": ["drainpunch", "swordsdance", "playrough", "shadowsneak"], "ability": "Disguise", "evs": {"hp": 85, "atk": 85, "def": 85, "spa": 85, "spd": 85, "spe": 85}, "ivs": {"hp": 31, "atk": 31, "def": 31, "spa": 31, "spd": 31, "spe": 31}, "item": "Life Orb", "teraType": "Fairy", "role": "Setup Sweeper", "bvs": {"hp": 55, "atk": 90, "def": 80, "spa": 50, "spd": 105, "spe": 96}, "stats": {"hp": 216, "atk": 188, "def": 172, "spa": 125, "spd": 211, "spe": 197}, "types": ["Ghost", "Fairy"]}, "Corviknight": {"name": "Corviknight", "species": "Corviknight", "speciesId": "corviknight", "gender": "M", "shiny": false, "level": 80, "moves": ["uturn", "bravebird", "defog", "roost"], "ability": "Pressure", "evs": {"hp": 85, "atk": 85, "def": 85, "spa": 85, "spd": 85, "spe": 85}, "ivs": {"hp": 31, "atk": 31, "def": 31, "spa": 31, "spd": 31, "spe": 31}, "item": "Rocky Helmet", "teraType": "Dragon", "role": "Bulky Support", "bvs": {"hp": 98, "atk": 87, "def": 105, "spa": 53, "spd": 85, "spe": 67}, "stats": {"hp": 288, "atk": 185, "def": 214, "spa": 131, "spd": 182, "spe": 153}, "types": ["Flying", "Steel"]}, "Scrafty": {"name": "Scrafty", "species": "Scrafty", "speciesId": "scrafty", "gender": "M", "shiny": false, "level": 83, "moves": ["bulkup", "drainpunch", "rest", "knockoff"], "ability": "Shed Skin", "evs": {"hp": 85, "atk": 85, "def": 85, "spa": 85, "spd": 85, "spe": 85}, "ivs": {"hp": 31, "atk": 31, "def": 31, "spa": 31, "spd": 31, "spe": 31}, "item": "Leftovers", "teraType": "Poison", "role": "Bulky Setup", "bvs": {"hp": 65, "atk": 90, "def": 115, "spa": 45, "spd": 115, "spe": 58}, "stats": {"hp": 244, "atk": 197, "def": 239, "spa": 122, "spd": 239, "spe": 144}, "types": ["Dark", "Fighting"]}, "Dondozo": {"name": "Dondozo", "species": "Dondozo", "speciesId": "dondozo", "gender": "M", "shiny": false, "level": 78, "moves": ["sleeptalk", "curse", "wavecrash", "rest"], "ability": "Unaware", "evs": {"hp": 85, "atk": 85, "def": 85, "spa": 85, "spd": 85, "spe": 85}, "ivs": {"hp": 31, "atk": 31, "def": 31, "spa": 31, "spd": 31, "spe": 31}, "item": "Leftovers", "teraType": "Fairy", "role": "Bulky Setup", "bvs": {"hp": 150, "atk": 100, "def": 115, "spa": 65, "spd": 65, "spe": 35}, "stats": {"hp": 362, "atk": 201, "def": 224, "spa": 146, "spd": 146, "spe": 100}, "types": ["Water"]}, "Iron Jugulis": {"name": "Iron Jugulis", "species": "Iron Jugulis", "speciesId": "ironjugulis", "gender": "N", "shiny": false, "level": 77, "moves": ["darkpulse", "earthpower", "hurricane", "uturn"], "ability": "Quark Drive", "evs": {"hp": 85, "atk": 85, "def": 85, "spa": 85, "spd": 85, "spe": 85}, "ivs": {"hp": 31, "atk": 31, "def": 31, "spa": 31, "spd": 31, "spe": 31}, "item": "Choice Specs", "teraType": "Ground", "role": "Wallbreaker", "bvs": {"hp": 94, "atk": 80, "def": 86, "spa": 122, "spd": 80, "spe": 108}, "stats": {"hp": 271, "atk": 168, "def": 177, "spa": 232, "spd": 168, "spe": 211}, "types": ["Dark", "Flying"]}, "Snorlax": {"name": "Snorlax", "species": "Snorlax", "speciesId": "snorlax", "gender": "F", "shiny": false, "level": 82, "moves": ["rest", "curse", "earthquake", "bodyslam"], "ability": "Thick Fat", "evs": {"hp": 85, "atk": 85, "def": 85, "spa": 85, "spd": 85, "spe": 85}, "ivs": {"hp": 31, "atk": 31, "def": 31, "spa": 31, "spd": 31, "spe": 31}, "item": "Chesto Berry", "teraType": "Poison", "role": "Bulky Setup", "bvs": {"hp": 160, "atk": 110, "def": 65, "spa": 65, "spd": 110, "spe": 30}, "stats": {"hp": 397, "atk": 228, "def": 154, "spa": 154, "spd": 228, "spe": 96}, "types": ["Normal"]}}]}