{"id": "gen9randombattle-2631594339", "format": "[Gen 9] Random Battle", "players": ["szbsb", "Bigoleg"], "log": "|j|\u2606szbsb\n|j|\u2606Bigoleg\n|t:|1781406061\n|gametype|singles\n|player|p1|szbsb|101|2047\n|player|p2|Bigoleg|169|2083\n|gen|9\n|tier|[Gen 9] Random Battle\n|rated|\n|rule|Species Clause: Limit one of each Pok\u00e9mon\n|rule|HP Percentage Mod: HP is shown in percentages\n|rule|Sleep Clause Mod: Limit one foe put to sleep\n|rule|Illusion Level Mod: Illusion disguises the Pok\u00e9mon's true level\n|\n|t:|1781406061\n|teamsize|p1|6\n|teamsize|p2|6\n|start\n|switch|p1a: Sandy Shocks|Sandy Shocks, L80|267/267\n|switch|p2a: Granbull|Granbull, L88, M|302/302\n|-ability|p2a: Granbull|Intimidate|boost\n|-unboost|p1a: Sandy Shocks|atk|1\n|turn|1\n|inactive|Battle timer is ON: inactive players will automatically lose when time's up. (requested by Bigoleg)\n|\n|t:|1781406075\n|move|p1a: Sandy Shocks|Volt Switch|p2a: Granbull\n|-damage|p2a: Granbull|193/302\n|inactive|szbsb has 120 seconds left.\n|inactive|szbsb has 90 seconds left.\n|\n|t:|1781406141\n|-end|p1a: Sandy Shocks|Protosynthesis|[silent]\n|switch|p1a: Gardevoir|Gardevoir, L83, F|249/249|[from] Volt Switch\n|-ability|p1a: Gardevoir|Intimidate|Trace|[from] ability: Trace|[of] p2a: Granbull\n|-ability|p1a: Gardevoir|Intimidate|boost\n|-unboost|p2a: Granbull|atk|1\n|move|p2a: Granbull|Earthquake|p1a: Gardevoir\n|-damage|p1a: Gardevoir|166/249\n|\n|-heal|p2a: Granbull|211/302|[from] item: Leftovers\n|upkeep\n|turn|2\n|\n|t:|1781406155\n|move|p1a: Gardevoir|Moonblast|p2a: Granbull\n|-damage|p2a: Granbull|72/302\n|-unboost|p2a: Granbull|spa|1\n|move|p2a: Granbull|Thunder Wave|p1a: Gardevoir\n|-status|p1a: Gardevoir|par\n|\n|-heal|p2a: Granbull|90/302|[from] item: Leftovers\n|upkeep\n|turn|3\n|\n|t:|1781406173\n|switch|p2a: Chesnaught|Chesnaught, L84, M|285/285\n|move|p1a: Gardevoir|Moonblast|p2a: Chesnaught\n|-supereffective|p2a: Chesnaught\n|-damage|p2a: Chesnaught|9/285\n|-unboost|p2a: Chesnaught|spa|1\n|\n|-heal|p2a: Chesnaught|26/285|[from] item: Leftovers\n|upkeep\n|turn|4\n|\n|t:|1781406183\n|move|p2a: Chesnaught|Synthesis|p2a: Chesnaught\n|-heal|p2a: Chesnaught|168/285\n|cant|p1a: Gardevoir|par\n|\n|-heal|p2a: Chesnaught|185/285|[from] item: Leftovers\n|upkeep\n|turn|5\n|\n|t:|1781406193\n|-terastallize|p2a: Chesnaught|Steel\n|move|p2a: Chesnaught|Trailblaze|p1a: Gardevoir\n|-damage|p1a: Gardevoir|99/249 par\n|-boost|p2a: Chesnaught|spe|1\n|move|p1a: Gardevoir|Moonblast|p2a: Chesnaught\n|-resisted|p2a: Chesnaught\n|-damage|p2a: Chesnaught|115/285\n|\n|-heal|p2a: Chesnaught|132/285|[from] item: Leftovers\n|upkeep\n|turn|6\n|\n|t:|1781406206\n|switch|p1a: Sandy Shocks|Sandy Shocks, L80|267/267\n|move|p2a: Chesnaught|Synthesis|p2a: Chesnaught\n|-heal|p2a: Chesnaught|274/285\n|\n|-heal|p2a: Chesnaught|285/285|[from] item: Leftovers\n|upkeep\n|turn|7\n|\n|t:|1781406215\n|move|p2a: Chesnaught|Iron Defense|p2a: Chesnaught\n|-boost|p2a: Chesnaught|def|2\n|move|p1a: Sandy Shocks|Earth Power|p2a: Chesnaught\n|-supereffective|p2a: Chesnaught\n|-damage|p2a: Chesnaught|33/285\n|\n|-heal|p2a: Chesnaught|50/285|[from] item: Leftovers\n|upkeep\n|turn|8\n|\n|t:|1781406224\n|move|p2a: Chesnaught|Body Press|p1a: Sandy Shocks\n|-damage|p1a: Sandy Shocks|72/267\n|move|p1a: Sandy Shocks|Earth Power|p2a: Chesnaught\n|-supereffective|p2a: Chesnaught\n|-damage|p2a: Chesnaught|0 fnt\n|faint|p2a: Chesnaught\n|\n|upkeep\n|\n|t:|1781406228\n|switch|p2a: Luvdisc|Luvdisc, M|247/247\n|turn|9\n|\n|t:|1781406244\n|-end|p1a: Sandy Shocks|Protosynthesis|[silent]\n|switch|p1a: Meowscarada|Meowscarada, L78, F|247/247\n|move|p2a: Luvdisc|Surf|p1a: Meowscarada\n|-resisted|p1a: Meowscarada\n|-damage|p1a: Meowscarada|198/247\n|\n|upkeep\n|turn|10\n|\n|t:|1781406260\n|move|p2a: Luvdisc|Substitute|p2a: Luvdisc\n|-start|p2a: Luvdisc|Substitute\n|-damage|p2a: Luvdisc|186/247\n|move|p1a: Meowscarada|Toxic Spikes|p2a: Luvdisc\n|-start|p1a: Meowscarada|typechange|Poison|[from] ability: Protean\n|-sidestart|p2: Bigoleg|move: Toxic Spikes\n|\n|upkeep\n|turn|11\n|\n|t:|1781406268\n|move|p2a: Luvdisc|Whirlpool|p1a: Meowscarada\n|-damage|p1a: Meowscarada|159/247\n|-activate|p1a: Meowscarada|move: Whirlpool|[of] p2a: Luvdisc\n|move|p1a: Meowscarada|U-turn|p2a: Luvdisc\n|-activate|p2a: Luvdisc|move: Substitute|[damage]\n|\n|t:|1781406277\n|switch|p1a: Froslass|Froslass, L87, F|263/263|[from] U-turn\n|\n|upkeep\n|turn|12\n|\n|t:|1781406283\n|move|p2a: Luvdisc|Whirlpool|p1a: Froslass\n|-damage|p1a: Froslass|232/263\n|-activate|p1a: Froslass|move: Whirlpool|[of] p2a: Luvdisc\n|move|p1a: Froslass|Triple Axel|p2a: Luvdisc\n|-resisted|p2a: Luvdisc\n|-end|p2a: Luvdisc|Substitute\n|-resisted|p2a: Luvdisc\n|-damage|p2a: Luvdisc|164/247\n|-resisted|p2a: Luvdisc\n|-damage|p2a: Luvdisc|127/247\n|-hitcount|p2a: Luvdisc|3\n|\n|-damage|p1a: Froslass|200/263|[from] move: Whirlpool|[partiallytrapped]\n|upkeep\n|turn|13\n|\n|t:|1781406296\n|move|p2a: Luvdisc|Surf|p1a: Froslass\n|-damage|p1a: Froslass|109/263\n|-start|p2a: Luvdisc|Disable|Surf|[from] ability: Cursed Body|[of] p1a: Froslass\n|move|p1a: Froslass|Poltergeist|p2a: Luvdisc\n|-activate|p2a: Luvdisc|move: Poltergeist|Heavy-Duty Boots\n|-damage|p2a: Luvdisc|12/247\n|\n|-damage|p1a: Froslass|77/263|[from] move: Whirlpool|[partiallytrapped]\n|upkeep\n|turn|14\n|\n|t:|1781406307\n|switch|p2a: Granbull|Granbull, L88, M|90/302\n|-status|p2a: Granbull|psn\n|-ability|p2a: Granbull|Intimidate|boost\n|-unboost|p1a: Froslass|atk|1\n|move|p1a: Froslass|Poltergeist|p2a: Granbull\n|-activate|p2a: Granbull|move: Poltergeist|Leftovers\n|-damage|p2a: Granbull|15/302 psn\n|\n|-heal|p2a: Granbull|33/302 psn|[from] item: Leftovers\n|-damage|p2a: Granbull|0 fnt|[from] psn\n|faint|p2a: Granbull\n|-end|p1a: Froslass|Whirlpool|[partiallytrapped]|[silent]\n|upkeep\n|\n|t:|1781406319\n|switch|p2a: Mabosstiff|Mabosstiff, L86, M|278/278\n|-status|p2a: Mabosstiff|psn\n|turn|15\n|\n|t:|1781406325\n|move|p1a: Froslass|Poltergeist|p2a: Mabosstiff\n|-activate|p2a: Mabosstiff|move: Poltergeist|Choice Band\n|-resisted|p2a: Mabosstiff\n|-damage|p2a: Mabosstiff|243/278 psn\n|move|p2a: Mabosstiff|Crunch|p1a: Froslass\n|-supereffective|p1a: Froslass\n|-damage|p1a: Froslass|0 fnt\n|faint|p1a: Froslass\n|\n|-damage|p2a: Mabosstiff|209/278 psn|[from] psn\n|upkeep\n|\n|t:|1781406345\n|switch|p1a: Meowscarada|Meowscarada, L78, F|159/247\n|turn|16\n|\n|t:|1781406348\n|move|p1a: Meowscarada|U-turn|p2a: Mabosstiff\n|-start|p1a: Meowscarada|typechange|Bug|[from] ability: Protean\n|-supereffective|p2a: Mabosstiff\n|-damage|p2a: Mabosstiff|81/278 psn\n|\n|t:|1781406360\n|switch|p1a: Gardevoir|Gardevoir, L83, F|99/249 par|[from] U-turn\n|-ability|p1a: Gardevoir|Stakeout|Trace|[from] ability: Trace|[of] p2a: Mabosstiff\n|move|p2a: Mabosstiff|Crunch|p1a: Gardevoir\n|-damage|p1a: Gardevoir|0 fnt\n|faint|p1a: Gardevoir\n|\n|-damage|p2a: Mabosstiff|47/278 psn|[from] psn\n|upkeep\n|\n|t:|1781406380\n|switch|p1a: Meowscarada|Meowscarada, L78, F|159/247\n|turn|17\n|\n|t:|1781406391\n|move|p1a: Meowscarada|Flower Trick|p2a: Mabosstiff\n|-start|p1a: Meowscarada|typechange|Grass|[from] ability: Protean\n|-crit|p2a: Mabosstiff\n|-damage|p2a: Mabosstiff|0 fnt\n|faint|p2a: Mabosstiff\n|\n|upkeep\n|\n|t:|1781406403\n|switch|p2a: Luvdisc|Luvdisc, M|12/247\n|turn|18\n|\n|t:|1781406407\n|move|p2a: Luvdisc|Endeavor|p1a: Meowscarada\n|-damage|p1a: Meowscarada|12/247\n|move|p1a: Meowscarada|U-turn|p2a: Luvdisc\n|-damage|p2a: Luvdisc|0 fnt\n|faint|p2a: Luvdisc\n|\n|t:|1781406418\n|switch|p1a: Sandy Shocks|Sandy Shocks, L80|72/267|[from] U-turn\n|\n|upkeep\n|\n|t:|1781406429\n|switch|p2a: Iron Leaves|Iron Leaves, L80|275/275\n|-status|p2a: Iron Leaves|psn\n|turn|19\n|\n|t:|1781406435\n|move|p2a: Iron Leaves|Leaf Blade|p1a: Sandy Shocks\n|-supereffective|p1a: Sandy Shocks\n|-damage|p1a: Sandy Shocks|0 fnt\n|faint|p1a: Sandy Shocks\n|-end|p1a: Sandy Shocks|Protosynthesis|[silent]\n|\n|-damage|p2a: Iron Leaves|241/275 psn|[from] psn\n|upkeep\n|\n|t:|1781406443\n|switch|p1a: Meowscarada|Meowscarada, L78, F|12/247\n|turn|20\n|\n|t:|1781406447\n|move|p1a: Meowscarada|U-turn|p2a: Iron Leaves\n|-start|p1a: Meowscarada|typechange|Bug|[from] ability: Protean\n|-supereffective|p2a: Iron Leaves\n|-damage|p2a: Iron Leaves|0 fnt\n|faint|p2a: Iron Leaves\n|-end|p2a: Iron Leaves|Quark Drive|[silent]\n|\n|t:|1781406455\n|switch|p1a: Crawdaunt|Crawdaunt, L84, F|243/243|[from] U-turn\n|\n|upkeep\n|\n|t:|1781406471\n|switch|p2a: Latias|Latias, L79, F|256/256\n|turn|21\n|\n|t:|1781406478\n|move|p2a: Latias|Draco Meteor|p1a: Crawdaunt|[miss]\n|-miss|p2a: Latias|p1a: Crawdaunt\n|move|p1a: Crawdaunt|Knock Off|p2a: Latias\n|-supereffective|p2a: Latias\n|-damage|p2a: Latias|0 fnt\n|-enditem|p2a: Latias|Soul Dew|[from] move: Knock Off|[of] p1a: Crawdaunt\n|faint|p2a: Latias\n|-damage|p1a: Crawdaunt|219/243|[from] item: Life Orb\n|\n|win|szbsb\n", "inputlog": ">version a8376a258c1d4662feba110a92103f3664a72141\n>start {\"formatid\":\"gen9randombattle\",\"seed\":\"sodium,f0951edbdc5b1ec75ec98f07c0f1ac12\",\"rated\":\"Rated battle\"}\n>player p1 {\"name\":\"szbsb\",\"avatar\":\"101\",\"rating\":2047,\"seed\":\"sodium,a32c135f9728c4691d93992e73039214\"}\n>player p2 {\"name\":\"Bigoleg\",\"avatar\":\"169\",\"rating\":2083,\"seed\":\"sodium,6236f017d42e04a9ba8a94e547486dd5\"}\n>p1 move voltswitch\n>p2 move earthquake\n>p1 switch 3\n>p1 move moonblast\n>p2 move thunderwave\n>p1 move moonblast\n>p2 switch 4\n>p1 move moonblast\n>p2 move synthesis\n>p1 move moonblast\n>p2 move trailblaze terastallize\n>p1 switch 3\n>p2 move synthesis\n>p1 move earthpower\n>p2 move irondefense\n>p1 move earthpower\n>p2 move bodypress\n>p2 switch 6\n>p1 switch 5\n>p2 move surf\n>p1 move toxicspikes\n>p2 move substitute\n>p1 move uturn\n>p2 move whirlpool\n>p1 switch 6\n>p1 move tripleaxel\n>p2 move whirlpool\n>p1 move poltergeist\n>p2 move surf\n>p1 move poltergeist\n>p2 switch 4\n>p2 switch 5\n>p1 move poltergeist\n>p2 move crunch\n>p1 switch 6\n>p1 move uturn\n>p2 move crunch\n>p1 switch 3\n>p1 switch 3\n>p1 move flowertrick\n>p2 move crunch\n>p2 switch 4\n>p1 move uturn\n>p2 move endeavor\n>p1 switch 5\n>p2 switch 2\n>p1 move voltswitch\n>p2 move leafblade\n>p1 switch 5\n>p1 move uturn\n>p2 move leafblade\n>p1 switch 2\n>p2 switch 3\n>p1 move knockoff\n>p2 move dracometeor", "uploadtime": 1781406063, "views": 4, "formatid": "gen9randombattle", "rating": null, "private": 0, "password": null, "player_dets": [{"name": "szbsb", "avatar": "101", "rating": 2047, "seed": "sodium,a32c135f9728c4691d93992e73039214"}, {"name": "Bigoleg", "avatar": "169", "rating": 2083, "seed": "sodium,6236f017d42e04a9ba8a94e547486dd5"}], "teams_full": [{"Sandy Shocks": {"name": "Sandy Shocks", "species": "Sandy Shocks", "speciesId": "sandyshocks", "gender": "N", "shiny": false, "level": 80, "moves": ["earthpower", "voltswitch", "thunderbolt", "thunderwave"], "ability": "Protosynthesis", "evs": {"hp": 85, "atk": 0, "def": 85, "spa": 85, "spd": 85, "spe": 85}, "ivs": {"hp": 31, "atk": 0, "def": 31, "spa": 31, "spd": 31, "spe": 31}, "item": "Heavy-Duty Boots", "teraType": "Ground", "role": "Fast Support", "bvs": {"hp": 85, "atk": 81, "def": 97, "spa": 121, "spd": 85, "spe": 101}, "stats": {"hp": 267, "atk": 134, "def": 201, "spa": 240, "spd": 182, "spe": 208}, "types": ["Electric", "Ground"]}, "Crawdaunt": {"name": "Crawdaunt", "species": "Crawdaunt", "speciesId": "crawdaunt", "gender": "F", "shiny": false, "level": 84, "moves": ["knockoff", "crabhammer", "dragondance", "closecombat"], "ability": "Adaptability", "evs": {"hp": 85, "atk": 85, "def": 85, "spa": 85, "spd": 85, "spe": 85}, "ivs": {"hp": 31, "atk": 31, "def": 31, "spa": 31, "spd": 31, "spe": 31}, "item": "Life Orb", "teraType": "Fighting", "role": "Fast Attacker", "bvs": {"hp": 63, "atk": 120, "def": 85, "spa": 90, "spd": 55, "spe": 55}, "stats": {"hp": 243, "atk": 250, "def": 191, "spa": 199, "spd": 141, "spe": 141}, "types": ["Water", "Dark"]}, "Gardevoir": {"name": "Gardevoir", "species": "Gardevoir", "speciesId": "gardevoir", "gender": "F", "shiny": false, "level": 83, "moves": ["moonblast", "trick", "psychic", "mysticalfire"], "ability": "Trace", "evs": {"hp": 85, "atk": 0, "def": 85, "spa": 85, "spd": 85, "spe": 85}, "ivs": {"hp": 31, "atk": 0, "def": 31, "spa": 31, "spd": 31, "spe": 31}, "item": "Choice Scarf", "teraType": "Fire", "role": "Fast Attacker", "bvs": {"hp": 68, "atk": 65, "def": 65, "spa": 125, "spd": 115, "spe": 80}, "stats": {"hp": 249, "atk": 112, "def": 156, "spa": 255, "spd": 239, "spe": 180}, "types": ["Psychic", "Fairy"]}, "Braviary": {"name": "Braviary", "species": "Braviary", "speciesId": "braviary", "gender": "M", "shiny": false, "level": 85, "moves": ["closecombat", "roost", "bravebird", "bulkup"], "ability": "Defiant", "evs": {"hp": 85, "atk": 85, "def": 85, "spa": 85, "spd": 85, "spe": 85}, "ivs": {"hp": 31, "atk": 31, "def": 31, "spa": 31, "spd": 31, "spe": 31}, "item": "Heavy-Duty Boots", "teraType": "Steel", "role": "Fast Bulky Setup", "bvs": {"hp": 100, "atk": 123, "def": 75, "spa": 57, "spd": 75, "spe": 80}, "stats": {"hp": 309, "atk": 258, "def": 176, "spa": 146, "spd": 176, "spe": 185}, "types": ["Normal", "Flying"]}, "Meowscarada": {"name": "Meowscarada", "species": "Meowscarada", "speciesId": "meowscarada", "gender": "F", "shiny": false, "level": 78, "moves": ["flowertrick", "toxicspikes", "uturn", "knockoff"], "ability": "Protean", "evs": {"hp": 85, "atk": 85, "def": 85, "spa": 85, "spd": 85, "spe": 85}, "ivs": {"hp": 31, "atk": 31, "def": 31, "spa": 31, "spd": 31, "spe": 31}, "item": "Heavy-Duty Boots", "teraType": "Dark", "role": "Fast Support", "bvs": {"hp": 76, "atk": 110, "def": 70, "spa": 81, "spd": 70, "spe": 123}, "stats": {"hp": 247, "atk": 217, "def": 154, "spa": 171, "spd": 154, "spe": 237}, "types": ["Grass", "Dark"]}, "Froslass": {"name": "Froslass", "species": "Froslass", "speciesId": "froslass", "gender": "F", "shiny": false, "level": 87, "moves": ["spikes", "taunt", "tripleaxel", "poltergeist"], "ability": "Cursed Body", "evs": {"hp": 81, "atk": 85, "def": 85, "spa": 85, "spd": 85, "spe": 85}, "ivs": {"hp": 31, "atk": 31, "def": 31, "spa": 31, "spd": 31, "spe": 31}, "item": "Wide Lens", "teraType": "Ice", "role": "Fast Support", "bvs": {"hp": 70, "atk": 80, "def": 70, "spa": 80, "spd": 70, "spe": 110}, "stats": {"hp": 263, "atk": 189, "def": 172, "spa": 189, "spd": 172, "spe": 241}, "types": ["Ice", "Ghost"]}}, {"Granbull": {"name": "Granbull", "species": "Granbull", "speciesId": "granbull", "gender": "M", "shiny": false, "level": 88, "moves": ["thunderwave", "earthquake", "roar", "playrough"], "ability": "Intimidate", "evs": {"hp": 85, "atk": 85, "def": 85, "spa": 85, "spd": 85, "spe": 85}, "ivs": {"hp": 31, "atk": 31, "def": 31, "spa": 31, "spd": 31, "spe": 31}, "item": "Leftovers", "teraType": "Ground", "role": "Bulky Support", "bvs": {"hp": 90, "atk": 120, "def": 75, "spa": 60, "spd": 60, "spe": 45}, "stats": {"hp": 302, "atk": 261, "def": 182, "spa": 156, "spd": 156, "spe": 129}, "types": ["Fairy"]}, "Iron Leaves": {"name": "Iron Leaves", "species": "Iron Leaves", "speciesId": "ironleaves", "gender": "N", "shiny": false, "level": 80, "moves": ["leafblade", "psyblade", "megahorn", "closecombat"], "ability": "Quark Drive", "evs": {"hp": 85, "atk": 85, "def": 85, "spa": 85, "spd": 85, "spe": 85}, "ivs": {"hp": 31, "atk": 31, "def": 31, "spa": 31, "spd": 31, "spe": 31}, "item": "Choice Band", "teraType": "Fighting", "role": "Wallbreaker", "bvs": {"hp": 90, "atk": 130, "def": 88, "spa": 70, "spd": 108, "spe": 104}, "stats": {"hp": 275, "atk": 254, "def": 187, "spa": 158, "spd": 219, "spe": 213}, "types": ["Grass", "Psychic"]}, "Latias": {"name": "Latias", "species": "Latias", "speciesId": "latias", "gender": "F", "shiny": false, "level": 79, "moves": ["calmmind", "recover", "dracometeor", "psyshock"], "ability": "Levitate", "evs": {"hp": 85, "atk": 0, "def": 85, "spa": 85, "spd": 85, "spe": 85}, "ivs": {"hp": 31, "atk": 0, "def": 31, "spa": 31, "spd": 31, "spe": 31}, "item": "Soul Dew", "teraType": "Steel", "role": "Fast Bulky Setup", "bvs": {"hp": 80, "atk": 80, "def": 90, "spa": 110, "spd": 130, "spe": 110}, "stats": {"hp": 256, "atk": 131, "def": 188, "spa": 219, "spd": 251, "spe": 219}, "types": ["Dragon", "Psychic"]}, "Chesnaught": {"name": "Chesnaught", "species": "Chesnaught", "speciesId": "chesnaught", "gender": "M", "shiny": false, "level": 84, "moves": ["bodypress", "synthesis", "irondefense", "trailblaze"], "ability": "Bulletproof", "evs": {"hp": 85, "atk": 85, "def": 85, "spa": 85, "spd": 85, "spe": 85}, "ivs": {"hp": 31, "atk": 31, "def": 31, "spa": 31, "spd": 31, "spe": 31}, "item": "Leftovers", "teraType": "Steel", "role": "Fast Bulky Setup", "bvs": {"hp": 88, "atk": 107, "def": 122, "spa": 74, "spd": 75, "spe": 64}, "stats": {"hp": 285, "atk": 228, "def": 253, "spa": 173, "spd": 174, "spe": 156}, "types": ["Grass", "Fighting"]}, "Mabosstiff": {"name": "Mabosstiff", "species": "Mabosstiff", "speciesId": "mabosstiff", "gender": "M", "shiny": false, "level": 86, "moves": ["psychicfangs", "wildcharge", "crunch", "playrough"], "ability": "Stakeout", "evs": {"hp": 85, "atk": 85, "def": 85, "spa": 85, "spd": 85, "spe": 85}, "ivs": {"hp": 31, "atk": 31, "def": 31, "spa": 31, "spd": 31, "spe": 31}, "item": "Choice Band", "teraType": "Dark", "role": "Bulky Attacker", "bvs": {"hp": 80, "atk": 120, "def": 90, "spa": 60, "spd": 70, "spe": 85}, "stats": {"hp": 278, "atk": 256, "def": 204, "spa": 152, "spd": 170, "spe": 195}, "types": ["Dark"]}, "Luvdisc": {"name": "Luvdisc", "species": "Luvdisc", "speciesId": "luvdisc", "gender": "M", "shiny": false, "level": 100, "moves": ["whirlpool", "endeavor", "surf", "substitute"], "ability": "Swift Swim", "evs": {"hp": 81, "atk": 0, "def": 85, "spa": 85, "spd": 85, "spe": 85}, "ivs": {"hp": 31, "atk": 0, "def": 31, "spa": 31, "spd": 31, "spe": 31}, "item": "Heavy-Duty Boots", "teraType": "Ground", "role": "Fast Support", "bvs": {"hp": 43, "atk": 30, "def": 55, "spa": 40, "spd": 65, "spe": 97}, "stats": {"hp": 247, "atk": 65, "def": 167, "spa": 137, "spd": 187, "spe": 251}, "types": ["Water"]}}]}