{"id": "gen9randombattle-2631939993", "format": "[Gen 9] Random Battle", "players": ["YUNGCORV", "pelele19"], "log": "|j|\u2606YUNGCORV\n|j|\u2606pelele19\n|t:|1781457912\n|gametype|singles\n|player|p1|YUNGCORV|1|2107\n|player|p2|pelele19|102|2165\n|gen|9\n|tier|[Gen 9] Random Battle\n|rated|\n|rule|Species Clause: Limit one of each Pok\u00e9mon\n|rule|HP Percentage Mod: HP is shown in percentages\n|rule|Sleep Clause Mod: Limit one foe put to sleep\n|rule|Illusion Level Mod: Illusion disguises the Pok\u00e9mon's true level\n|\n|t:|1781457912\n|teamsize|p1|6\n|teamsize|p2|6\n|start\n|switch|p1a: Weavile|Weavile, L79, M|240/240\n|switch|p2a: Mabosstiff|Mabosstiff, L86, M|278/278\n|turn|1\n|inactive|Battle timer is ON: inactive players will automatically lose when time's up. (requested by YUNGCORV)\n|\n|t:|1781457925\n|switch|p1a: Slowbro|Slowbro-Galar, L87, M|307/307\n|move|p2a: Mabosstiff|Play Rough|p1a: Slowbro|[miss]\n|-miss|p2a: Mabosstiff|p1a: Slowbro\n|\n|upkeep\n|turn|2\n|\n|t:|1781457935\n|switch|p2a: Kyogre|Kyogre, L71|259/259\n|-weather|RainDance|[from] ability: Drizzle|[of] p2a: Kyogre\n|move|p1a: Slowbro|Shell Side Arm|p2a: Kyogre|[anim] Shell Side Arm Physical\n|-damage|p2a: Kyogre|136/259\n|-hint|Physical Shell Side Arm\n|\n|-weather|RainDance|[upkeep]\n|-heal|p2a: Kyogre|152/259|[from] item: Leftovers\n|upkeep\n|turn|3\n|\n|t:|1781457954\n|switch|p1a: Fezandipiti|Fezandipiti, L82, M|278/278\n|move|p2a: Kyogre|Origin Pulse|p1a: Fezandipiti\n|-damage|p1a: Fezandipiti|145/278\n|\n|-weather|RainDance|[upkeep]\n|-heal|p1a: Fezandipiti|162/278|[from] item: Leftovers\n|-heal|p2a: Kyogre|168/259|[from] item: Leftovers\n|upkeep\n|turn|4\n|\n|t:|1781457963\n|move|p1a: Fezandipiti|Gunk Shot|p2a: Kyogre\n|-damage|p2a: Kyogre|33/259\n|-status|p2a: Kyogre|psn\n|move|p2a: Kyogre|Origin Pulse|p1a: Fezandipiti\n|-damage|p1a: Fezandipiti|30/278\n|\n|-weather|RainDance|[upkeep]\n|-heal|p1a: Fezandipiti|47/278|[from] item: Leftovers\n|-heal|p2a: Kyogre|49/259 psn|[from] item: Leftovers\n|-damage|p2a: Kyogre|17/259 psn|[from] psn\n|upkeep\n|turn|5\n|\n|t:|1781457975\n|move|p1a: Fezandipiti|Roost|p1a: Fezandipiti\n|-heal|p1a: Fezandipiti|186/278\n|-singleturn|p1a: Fezandipiti|move: Roost\n|move|p2a: Kyogre|Origin Pulse|p1a: Fezandipiti\n|-damage|p1a: Fezandipiti|36/278\n|\n|-weather|RainDance|[upkeep]\n|-heal|p1a: Fezandipiti|53/278|[from] item: Leftovers\n|-heal|p2a: Kyogre|33/259 psn|[from] item: Leftovers\n|-damage|p2a: Kyogre|1/259 psn|[from] psn\n|upkeep\n|turn|6\n|\n|t:|1781457996\n|move|p1a: Fezandipiti|Roost|p1a: Fezandipiti\n|-heal|p1a: Fezandipiti|192/278\n|-singleturn|p1a: Fezandipiti|move: Roost\n|move|p2a: Kyogre|Origin Pulse|p1a: Fezandipiti\n|-damage|p1a: Fezandipiti|48/278\n|\n|-weather|none\n|-heal|p1a: Fezandipiti|65/278|[from] item: Leftovers\n|-heal|p2a: Kyogre|17/259 psn|[from] item: Leftovers\n|-damage|p2a: Kyogre|0 fnt|[from] psn\n|faint|p2a: Kyogre\n|upkeep\n|\n|t:|1781458004\n|switch|p2a: Blastoise|Blastoise, L80, F|258/258\n|turn|7\n|\n|t:|1781458012\n|move|p1a: Fezandipiti|Beat Up|p2a: Blastoise\n|-damage|p2a: Blastoise|248/258\n|-damage|p2a: Blastoise|237/258\n|-damage|p2a: Blastoise|229/258\n|-damage|p2a: Blastoise|221/258\n|-status|p2a: Blastoise|tox|[from] ability: Toxic Chain|[of] p1a: Fezandipiti\n|-damage|p2a: Blastoise|209/258 tox\n|-damage|p2a: Blastoise|199/258 tox\n|-hitcount|p2a: Blastoise|6\n|move|p2a: Blastoise|Shell Smash|p2a: Blastoise\n|-unboost|p2a: Blastoise|def|1\n|-unboost|p2a: Blastoise|spd|1\n|-boost|p2a: Blastoise|atk|2\n|-boost|p2a: Blastoise|spa|2\n|-boost|p2a: Blastoise|spe|2\n|-enditem|p2a: Blastoise|White Herb\n|-clearnegativeboost|p2a: Blastoise|[silent]\n|\n|-heal|p1a: Fezandipiti|82/278|[from] item: Leftovers\n|-damage|p2a: Blastoise|183/258 tox|[from] psn\n|upkeep\n|turn|8\n|\n|t:|1781458033\n|move|p2a: Blastoise|Earthquake|p1a: Fezandipiti\n|-supereffective|p1a: Fezandipiti\n|-damage|p1a: Fezandipiti|0 fnt\n|faint|p1a: Fezandipiti\n|\n|-damage|p2a: Blastoise|151/258 tox|[from] psn\n|upkeep\n|\n|t:|1781458040\n|switch|p1a: Umbreon|Umbreon, L84, F|297/297\n|turn|9\n|\n|t:|1781458043\n|move|p2a: Blastoise|Hydro Pump|p1a: Umbreon\n|-crit|p1a: Umbreon\n|-damage|p1a: Umbreon|86/297\n|move|p1a: Umbreon|Foul Play|p2a: Blastoise\n|-damage|p2a: Blastoise|0 fnt\n|faint|p2a: Blastoise\n|\n|-heal|p1a: Umbreon|104/297|[from] item: Leftovers\n|upkeep\n|\n|t:|1781458060\n|switch|p2a: Rillaboom|Rillaboom, L79, F|288/288\n|-fieldstart|move: Grassy Terrain|[from] ability: Grassy Surge|[of] p2a: Rillaboom\n|turn|10\n|\n|t:|1781458065\n|switch|p1a: Scyther|Scyther, L82, M|249/249\n|move|p2a: Rillaboom|Swords Dance|p2a: Rillaboom\n|-boost|p2a: Rillaboom|atk|2\n|\n|upkeep\n|turn|11\n|-message|pelele19 forfeited.\n|\n|win|YUNGCORV\n", "inputlog": ">version a8376a258c1d4662feba110a92103f3664a72141\n>start {\"formatid\":\"gen9randombattle\",\"seed\":\"sodium,2c2cf352d6fe84283ba5f54b02bf5d80\",\"rated\":\"Rated battle\"}\n>player p1 {\"name\":\"YUNGCORV\",\"avatar\":\"1\",\"rating\":2107,\"seed\":\"sodium,f549c437580a8c0f0610880b47499fed\"}\n>player p2 {\"name\":\"pelele19\",\"avatar\":\"102\",\"rating\":2165,\"seed\":\"sodium,4bb6cff2ddcd5a61ae541db8c985ae2f\"}\n>p1 switch 5\n>p2 move playrough\n>p1 move shellsidearm\n>p2 switch 4\n>p1 switch 6\n>p2 move originpulse\n>p1 move gunkshot\n>p2 move originpulse\n>p1 move roost\n>p2 move originpulse\n>p1 move roost\n>p2 move originpulse\n>p2 switch 2\n>p1 move beatup\n>p2 move shellsmash\n>p1 move gunkshot\n>p2 move earthquake\n>p1 switch 3\n>p1 move foulplay\n>p2 move hydropump\n>p2 switch 6\n>p1 switch 2\n>p2 move swordsdance\n>forcelose p2", "uploadtime": 1781457914, "views": 9, "formatid": "gen9randombattle", "rating": null, "private": 0, "password": null, "player_dets": [{"name": "YUNGCORV", "avatar": "1", "rating": 2107, "seed": "sodium,f549c437580a8c0f0610880b47499fed"}, {"name": "pelele19", "avatar": "102", "rating": 2165, "seed": "sodium,4bb6cff2ddcd5a61ae541db8c985ae2f"}], "teams_full": [{"Weavile": {"name": "Weavile", "species": "Weavile", "speciesId": "weavile", "gender": "M", "shiny": false, "level": 79, "moves": ["knockoff", "swordsdance", "lowkick", "tripleaxel"], "ability": "Pickpocket", "evs": {"hp": 85, "atk": 85, "def": 85, "spa": 85, "spd": 85, "spe": 85}, "ivs": {"hp": 31, "atk": 31, "def": 31, "spa": 31, "spd": 31, "spe": 31}, "item": "Heavy-Duty Boots", "teraType": "Fighting", "role": "Fast Attacker", "bvs": {"hp": 70, "atk": 120, "def": 65, "spa": 45, "spd": 85, "spe": 125}, "stats": {"hp": 240, "atk": 235, "def": 148, "spa": 117, "spd": 180, "spe": 243}}, "Scyther": {"name": "Scyther", "species": "Scyther", "speciesId": "scyther", "gender": "M", "shiny": false, "level": 82, "moves": ["closecombat", "defog", "uturn", "dualwingbeat"], "ability": "Technician", "evs": {"hp": 85, "atk": 85, "def": 85, "spa": 85, "spd": 85, "spe": 85}, "ivs": {"hp": 31, "atk": 31, "def": 31, "spa": 31, "spd": 31, "spe": 31}, "item": "Heavy-Duty Boots", "teraType": "Fighting", "role": "Fast Support", "bvs": {"hp": 70, "atk": 110, "def": 80, "spa": 55, "spd": 80, "spe": 105}, "stats": {"hp": 249, "atk": 228, "def": 178, "spa": 137, "spd": 178, "spe": 219}}, "Umbreon": {"name": "Umbreon", "species": "Umbreon", "speciesId": "umbreon", "gender": "F", "shiny": false, "level": 84, "moves": ["foulplay", "wish", "toxic", "protect"], "ability": "Synchronize", "evs": {"hp": 85, "atk": 0, "def": 85, "spa": 85, "spd": 85, "spe": 85}, "ivs": {"hp": 31, "atk": 0, "def": 31, "spa": 31, "spd": 31, "spe": 31}, "item": "Leftovers", "teraType": "Poison", "role": "Bulky Support", "bvs": {"hp": 95, "atk": 65, "def": 110, "spa": 60, "spd": 130, "spe": 65}, "stats": {"hp": 297, "atk": 114, "def": 233, "spa": 149, "spd": 267, "spe": 157}}, "Porygon-Z": {"name": "Porygon-Z", "species": "Porygon-Z", "speciesId": "porygonz", "gender": "N", "shiny": false, "level": 83, "moves": ["nastyplot", "shadowball", "triattack", "icebeam"], "ability": "Download", "evs": {"hp": 85, "atk": 0, "def": 85, "spa": 85, "spd": 85, "spe": 85}, "ivs": {"hp": 31, "atk": 0, "def": 31, "spa": 31, "spd": 31, "spe": 31}, "item": "Life Orb", "teraType": "Ghost", "role": "Fast Attacker", "bvs": {"hp": 85, "atk": 80, "def": 70, "spa": 135, "spd": 75, "spe": 90}, "stats": {"hp": 277, "atk": 137, "def": 164, "spa": 272, "spd": 172, "spe": 197}}, "Slowbro": {"name": "Slowbro", "species": "Slowbro-Galar", "speciesId": "slowbrogalar", "gender": "M", "shiny": false, "level": 87, "moves": ["shellsidearm", "surf", "psychic", "earthquake"], "ability": "Regenerator", "evs": {"hp": 85, "atk": 85, "def": 85, "spa": 85, "spd": 85, "spe": 85}, "ivs": {"hp": 31, "atk": 31, "def": 31, "spa": 31, "spd": 31, "spe": 31}, "item": "Assault Vest", "teraType": "Water", "role": "AV Pivot", "bvs": {"hp": 95, "atk": 100, "def": 95, "spa": 100, "spd": 70, "spe": 30}, "stats": {"hp": 307, "atk": 224, "def": 215, "spa": 224, "spd": 172, "spe": 102}}, "Fezandipiti": {"name": "Fezandipiti", "species": "Fezandipiti", "speciesId": "fezandipiti", "gender": "M", "shiny": false, "level": 82, "moves": ["roost", "moonblast", "beatup", "gunkshot"], "ability": "Toxic Chain", "evs": {"hp": 85, "atk": 85, "def": 85, "spa": 85, "spd": 85, "spe": 85}, "ivs": {"hp": 31, "atk": 31, "def": 31, "spa": 31, "spd": 31, "spe": 31}, "item": "Leftovers", "teraType": "Dark", "role": "Bulky Attacker", "bvs": {"hp": 88, "atk": 91, "def": 82, "spa": 70, "spd": 125, "spe": 99}, "stats": {"hp": 278, "atk": 196, "def": 182, "spa": 162, "spd": 252, "spe": 210}}}, {"Mabosstiff": {"name": "Mabosstiff", "species": "Mabosstiff", "speciesId": "mabosstiff", "gender": "M", "shiny": false, "level": 86, "moves": ["crunch", "playrough", "psychicfangs", "wildcharge"], "ability": "Stakeout", "evs": {"hp": 85, "atk": 85, "def": 85, "spa": 85, "spd": 85, "spe": 85}, "ivs": {"hp": 31, "atk": 31, "def": 31, "spa": 31, "spd": 31, "spe": 31}, "item": "Choice Band", "teraType": "Fairy", "role": "Bulky Attacker", "bvs": {"hp": 80, "atk": 120, "def": 90, "spa": 60, "spd": 70, "spe": 85}, "stats": {"hp": 278, "atk": 256, "def": 204, "spa": 152, "spd": 170, "spe": 195}}, "Blastoise": {"name": "Blastoise", "species": "Blastoise", "speciesId": "blastoise", "gender": "F", "shiny": false, "level": 80, "moves": ["earthquake", "hydropump", "shellsmash", "icebeam"], "ability": "Torrent", "evs": {"hp": 85, "atk": 85, "def": 85, "spa": 85, "spd": 85, "spe": 85}, "ivs": {"hp": 31, "atk": 31, "def": 31, "spa": 31, "spd": 31, "spe": 31}, "item": "White Herb", "teraType": "Ground", "role": "Setup Sweeper", "bvs": {"hp": 79, "atk": 83, "def": 100, "spa": 85, "spd": 105, "spe": 78}, "stats": {"hp": 258, "atk": 179, "def": 206, "spa": 182, "spd": 214, "spe": 171}}, "Toxicroak": {"name": "Toxicroak", "species": "Toxicroak", "speciesId": "toxicroak", "gender": "M", "shiny": false, "level": 84, "moves": ["earthquake", "closecombat", "knockoff", "gunkshot"], "ability": "Dry Skin", "evs": {"hp": 85, "atk": 85, "def": 85, "spa": 85, "spd": 85, "spe": 85}, "ivs": {"hp": 31, "atk": 31, "def": 31, "spa": 31, "spd": 31, "spe": 31}, "item": "Choice Scarf", "teraType": "Dark", "role": "Fast Attacker", "bvs": {"hp": 83, "atk": 106, "def": 65, "spa": 86, "spd": 65, "spe": 85}, "stats": {"hp": 277, "atk": 226, "def": 157, "spa": 193, "spd": 157, "spe": 191}}, "Kyogre": {"name": "Kyogre", "species": "Kyogre", "speciesId": "kyogre", "gender": "N", "shiny": false, "level": 71, "moves": ["calmmind", "thunder", "originpulse", "icebeam"], "ability": "Drizzle", "evs": {"hp": 85, "atk": 0, "def": 85, "spa": 85, "spd": 85, "spe": 85}, "ivs": {"hp": 31, "atk": 0, "def": 31, "spa": 31, "spd": 31, "spe": 31}, "item": "Leftovers", "teraType": "Electric", "role": "Bulky Setup", "bvs": {"hp": 100, "atk": 100, "def": 90, "spa": 150, "spd": 140, "spe": 90}, "stats": {"hp": 259, "atk": 147, "def": 169, "spa": 254, "spd": 240, "spe": 169}}, "Clefable": {"name": "Clefable", "species": "Clefable", "speciesId": "clefable", "gender": "F", "shiny": false, "level": 83, "moves": ["calmmind", "moonlight", "fireblast", "moonblast"], "ability": "Unaware", "evs": {"hp": 85, "atk": 0, "def": 85, "spa": 85, "spd": 85, "spe": 85}, "ivs": {"hp": 31, "atk": 0, "def": 31, "spa": 31, "spd": 31, "spe": 31}, "item": "Leftovers", "teraType": "Steel", "role": "Bulky Setup", "bvs": {"hp": 95, "atk": 70, "def": 73, "spa": 95, "spd": 90, "spe": 60}, "stats": {"hp": 293, "atk": 121, "def": 169, "spa": 205, "spd": 197, "spe": 147}}, "Rillaboom": {"name": "Rillaboom", "species": "Rillaboom", "speciesId": "rillaboom", "gender": "F", "shiny": false, "level": 79, "moves": ["woodhammer", "swordsdance", "grassyglide", "knockoff"], "ability": "Grassy Surge", "evs": {"hp": 85, "atk": 85, "def": 85, "spa": 85, "spd": 85, "spe": 85}, "ivs": {"hp": 31, "atk": 31, "def": 31, "spa": 31, "spd": 31, "spe": 31}, "item": "Life Orb", "teraType": "Grass", "role": "Wallbreaker", "bvs": {"hp": 100, "atk": 125, "def": 90, "spa": 60, "spd": 70, "spe": 85}, "stats": {"hp": 288, "atk": 243, "def": 188, "spa": 140, "spd": 156, "spe": 180}}}]}