{"id": "gen9randombattle-2631389350", "format": "[Gen 9] Random Battle", "players": ["Axelace", "discodiscogoodgood"], "log": "|j|\u2606Axelace\n|j|\u2606discodiscogoodgood\n|t:|1781378876\n|gametype|singles\n|player|p1|Axelace|riley|2061\n|player|p2|discodiscogoodgood|musician|2052\n|gen|9\n|tier|[Gen 9] Random Battle\n|rated|\n|rule|Species Clause: Limit one of each Pok\u00e9mon\n|rule|HP Percentage Mod: HP is shown in percentages\n|rule|Sleep Clause Mod: Limit one foe put to sleep\n|rule|Illusion Level Mod: Illusion disguises the Pok\u00e9mon's true level\n|\n|t:|1781378876\n|teamsize|p1|6\n|teamsize|p2|6\n|start\n|switch|p1a: Sudowoodo|Sudowoodo, L94, M|284/284\n|switch|p2a: Hawlucha|Hawlucha, L80, M|256/256\n|turn|1\n|\n|t:|1781378885\n|switch|p2a: Hippowdon|Hippowdon, L82, M|311/311\n|-weather|Sandstorm|[from] ability: Sand Stream|[of] p2a: Hippowdon\n|move|p1a: Sudowoodo|Head Smash|p2a: Hippowdon\n|-resisted|p2a: Hippowdon\n|-damage|p2a: Hippowdon|197/311\n|\n|-weather|Sandstorm|[upkeep]\n|-heal|p2a: Hippowdon|216/311|[from] item: Leftovers\n|upkeep\n|turn|2\n|\n|t:|1781378910\n|switch|p1a: Groudon|Groudon, L72|263/263\n|-weather|SunnyDay|[from] ability: Drought|[of] p1a: Groudon\n|move|p2a: Hippowdon|Stone Edge|p1a: Groudon\n|-resisted|p1a: Groudon\n|-damage|p1a: Groudon|232/263\n|\n|-weather|SunnyDay|[upkeep]\n|-heal|p1a: Groudon|248/263|[from] item: Leftovers\n|-heal|p2a: Hippowdon|235/311|[from] item: Leftovers\n|upkeep\n|turn|3\n|\n|t:|1781378916\n|move|p1a: Groudon|Spikes|p2a: Hippowdon\n|-sidestart|p2: discodiscogoodgood|Spikes\n|move|p2a: Hippowdon|Curse|p2a: Hippowdon\n|-unboost|p2a: Hippowdon|spe|1\n|-boost|p2a: Hippowdon|atk|1\n|-boost|p2a: Hippowdon|def|1\n|\n|-weather|SunnyDay|[upkeep]\n|-heal|p1a: Groudon|263/263|[from] item: Leftovers\n|-heal|p2a: Hippowdon|254/311|[from] item: Leftovers\n|upkeep\n|turn|4\n|\n|t:|1781378928\n|switch|p1a: Walking Wake|Walking Wake, L79|286/286\n|-activate|p1a: Walking Wake|ability: Protosynthesis\n|-start|p1a: Walking Wake|protosynthesisspa\n|move|p2a: Hippowdon|Earthquake|p1a: Walking Wake\n|-damage|p1a: Walking Wake|115/286\n|\n|-weather|SunnyDay|[upkeep]\n|-heal|p2a: Hippowdon|273/311|[from] item: Leftovers\n|upkeep\n|turn|5\n|\n|t:|1781378936\n|switch|p2a: Poliwrath|Poliwrath, L88, F|302/302\n|-damage|p2a: Poliwrath|265/302|[from] Spikes\n|move|p1a: Walking Wake|Hydro Steam|p2a: Poliwrath\n|-resisted|p2a: Poliwrath\n|-damage|p2a: Poliwrath|160/302\n|-damage|p1a: Walking Wake|87/286|[from] item: Life Orb\n|\n|-weather|SunnyDay|[upkeep]\n|upkeep\n|turn|6\n|\n|t:|1781378943\n|move|p1a: Walking Wake|Draco Meteor|p2a: Poliwrath\n|-damage|p2a: Poliwrath|0 fnt\n|-unboost|p1a: Walking Wake|spa|2\n|faint|p2a: Poliwrath\n|-damage|p1a: Walking Wake|59/286|[from] item: Life Orb\n|\n|-weather|none\n|-end|p1a: Walking Wake|Protosynthesis\n|upkeep\n|\n|t:|1781378953\n|switch|p2a: Lycanroc|Lycanroc-Dusk, L81, M|254/254\n|-damage|p2a: Lycanroc|223/254|[from] Spikes\n|turn|7\n|\n|t:|1781378957\n|-end|p1a: Walking Wake|Protosynthesis|[silent]\n|switch|p1a: Groudon|Groudon, L72|263/263\n|-weather|SunnyDay|[from] ability: Drought|[of] p1a: Groudon\n|move|p2a: Lycanroc|Swords Dance|p2a: Lycanroc\n|-boost|p2a: Lycanroc|atk|2\n|\n|-weather|SunnyDay|[upkeep]\n|upkeep\n|turn|8\n|\n|t:|1781378965\n|switch|p2a: Hippowdon|Hippowdon, L82, M|273/311\n|-damage|p2a: Hippowdon|235/311|[from] Spikes\n|-weather|Sandstorm|[from] ability: Sand Stream|[of] p2a: Hippowdon\n|move|p1a: Groudon|Thunder Wave|p2a: Hippowdon\n|-immune|p2a: Hippowdon\n|\n|-weather|Sandstorm|[upkeep]\n|-heal|p2a: Hippowdon|254/311|[from] item: Leftovers\n|upkeep\n|turn|9\n|\n|t:|1781378977\n|switch|p1a: Sudowoodo|Sudowoodo, L94, M|284/284\n|move|p2a: Hippowdon|Earthquake|p1a: Sudowoodo\n|-supereffective|p1a: Sudowoodo\n|-damage|p1a: Sudowoodo|108/284\n|\n|-weather|Sandstorm|[upkeep]\n|-heal|p2a: Hippowdon|273/311|[from] item: Leftovers\n|upkeep\n|turn|10\n|\n|t:|1781378980\n|move|p2a: Hippowdon|Earthquake|p1a: Sudowoodo\n|-supereffective|p1a: Sudowoodo\n|-damage|p1a: Sudowoodo|0 fnt\n|faint|p1a: Sudowoodo\n|\n|-weather|Sandstorm|[upkeep]\n|-heal|p2a: Hippowdon|292/311|[from] item: Leftovers\n|upkeep\n|\n|t:|1781378988\n|switch|p1a: Groudon|Groudon, L72|263/263\n|-weather|SunnyDay|[from] ability: Drought|[of] p1a: Groudon\n|turn|11\n|\n|t:|1781378991\n|move|p1a: Groudon|Precipice Blades|p2a: Hippowdon\n|-damage|p2a: Hippowdon|186/311\n|move|p2a: Hippowdon|Earthquake|p1a: Groudon\n|-damage|p1a: Groudon|175/263\n|\n|-weather|SunnyDay|[upkeep]\n|-heal|p1a: Groudon|191/263|[from] item: Leftovers\n|-heal|p2a: Hippowdon|205/311|[from] item: Leftovers\n|upkeep\n|turn|12\n|\n|t:|1781378999\n|switch|p1a: Tauros|Tauros, L82, M|257/257\n|move|p2a: Hippowdon|Slack Off|p2a: Hippowdon\n|-heal|p2a: Hippowdon|311/311\n|\n|-weather|SunnyDay|[upkeep]\n|upkeep\n|turn|13\n|\n|t:|1781379003\n|move|p1a: Tauros|Body Slam|p2a: Hippowdon\n|-damage|p2a: Hippowdon|193/311\n|move|p2a: Hippowdon|Curse|p2a: Hippowdon\n|-unboost|p2a: Hippowdon|spe|1\n|-boost|p2a: Hippowdon|atk|1\n|-boost|p2a: Hippowdon|def|1\n|\n|-weather|SunnyDay|[upkeep]\n|-heal|p2a: Hippowdon|212/311|[from] item: Leftovers\n|upkeep\n|turn|14\n|\n|t:|1781379008\n|move|p1a: Tauros|Body Slam|p2a: Hippowdon\n|-damage|p2a: Hippowdon|133/311\n|move|p2a: Hippowdon|Earthquake|p1a: Tauros\n|-damage|p1a: Tauros|100/257\n|\n|-weather|SunnyDay|[upkeep]\n|-heal|p2a: Hippowdon|152/311|[from] item: Leftovers\n|upkeep\n|turn|15\n|\n|t:|1781379013\n|move|p1a: Tauros|Body Slam|p2a: Hippowdon\n|-crit|p2a: Hippowdon\n|-damage|p2a: Hippowdon|0 fnt\n|faint|p2a: Hippowdon\n|\n|-weather|none\n|upkeep\n|\n|t:|1781379024\n|switch|p2a: Lycanroc|Lycanroc-Dusk, L81, M|223/254\n|-damage|p2a: Lycanroc|192/254|[from] Spikes\n|turn|16\n|\n|t:|1781379030\n|move|p1a: Tauros|Earthquake|p2a: Lycanroc\n|-supereffective|p2a: Lycanroc\n|-damage|p2a: Lycanroc|0 fnt\n|faint|p2a: Lycanroc\n|-damage|p1a: Tauros|75/257|[from] item: Life Orb\n|\n|upkeep\n|\n|t:|1781379035\n|switch|p2a: Houndoom|Houndoom, L87, M|272/272\n|turn|17\n|\n|t:|1781379038\n|move|p1a: Tauros|Earthquake|p2a: Houndoom\n|-supereffective|p2a: Houndoom\n|-damage|p2a: Houndoom|25/272\n|-damage|p1a: Tauros|50/257|[from] item: Life Orb\n|move|p2a: Houndoom|Dark Pulse|p1a: Tauros\n|-damage|p1a: Tauros|0 fnt\n|faint|p1a: Tauros\n|\n|upkeep\n|\n|t:|1781379049\n|switch|p1a: Ursaring|Ursaring, L84, M|288/288\n|turn|18\n|\n|t:|1781379054\n|move|p2a: Houndoom|Fire Blast|p1a: Ursaring|[miss]\n|-miss|p2a: Houndoom|p1a: Ursaring\n|move|p1a: Ursaring|Swords Dance|p1a: Ursaring\n|-boost|p1a: Ursaring|atk|2\n|\n|-status|p1a: Ursaring|tox|[from] item: Toxic Orb\n|upkeep\n|turn|19\n|\n|t:|1781379058\n|move|p2a: Houndoom|Fire Blast|p1a: Ursaring\n|-damage|p1a: Ursaring|146/288 tox\n|move|p1a: Ursaring|Facade|p2a: Houndoom\n|-damage|p2a: Houndoom|0 fnt\n|faint|p2a: Houndoom\n|\n|-damage|p1a: Ursaring|128/288 tox|[from] psn\n|upkeep\n|\n|t:|1781379063\n|switch|p2a: Lokix|Lokix, L82, M|251/251\n|-damage|p2a: Lokix|220/251|[from] Spikes\n|turn|20\n|\n|t:|1781379068\n|-terastallize|p2a: Lokix|Bug\n|move|p2a: Lokix|First Impression|p1a: Ursaring\n|-damage|p1a: Ursaring|0 fnt\n|faint|p1a: Ursaring\n|\n|upkeep\n|\n|t:|1781379075\n|switch|p1a: Groudon|Groudon, L72|191/263\n|-weather|SunnyDay|[from] ability: Drought|[of] p1a: Groudon\n|turn|21\n|\n|t:|1781379079\n|move|p2a: Lokix|Knock Off|p1a: Groudon\n|-damage|p1a: Groudon|112/263\n|-enditem|p1a: Groudon|Leftovers|[from] move: Knock Off|[of] p2a: Lokix\n|move|p1a: Groudon|Heat Crash|p2a: Lokix\n|-supereffective|p2a: Lokix\n|-damage|p2a: Lokix|0 fnt\n|faint|p2a: Lokix\n|\n|-weather|SunnyDay|[upkeep]\n|upkeep\n|\n|t:|1781379081\n|switch|p2a: Hawlucha|Hawlucha, L80, M|256/256\n|turn|22\n|\n|t:|1781379086\n|move|p2a: Hawlucha|Swords Dance|p2a: Hawlucha\n|-boost|p2a: Hawlucha|atk|2\n|move|p1a: Groudon|Thunder Wave|p2a: Hawlucha\n|-status|p2a: Hawlucha|par\n|\n|-weather|SunnyDay|[upkeep]\n|upkeep\n|turn|23\n|\n|t:|1781379090\n|move|p1a: Groudon|Heat Crash|p2a: Hawlucha\n|-damage|p2a: Hawlucha|104/256 par\n|move|p2a: Hawlucha|Close Combat|p1a: Groudon\n|-damage|p1a: Groudon|0 fnt\n|-unboost|p2a: Hawlucha|def|1\n|-unboost|p2a: Hawlucha|spd|1\n|faint|p1a: Groudon\n|-enditem|p2a: Hawlucha|White Herb\n|-clearnegativeboost|p2a: Hawlucha|[silent]\n|\n|-weather|SunnyDay|[upkeep]\n|upkeep\n|\n|t:|1781379095\n|switch|p1a: Electivire|Electivire, L84, M|263/263\n|turn|24\n|\n|t:|1781379099\n|-terastallize|p1a: Electivire|Flying\n|move|p2a: Hawlucha|Close Combat|p1a: Electivire\n|-resisted|p1a: Electivire\n|-damage|p1a: Electivire|117/263\n|-unboost|p2a: Hawlucha|def|1\n|-unboost|p2a: Hawlucha|spd|1\n|move|p1a: Electivire|Ice Punch|p2a: Hawlucha\n|-supereffective|p2a: Hawlucha\n|-damage|p2a: Hawlucha|0 fnt\n|faint|p2a: Hawlucha\n|-damage|p1a: Electivire|91/263|[from] item: Life Orb\n|\n|win|Axelace\n", "inputlog": ">version a8376a258c1d4662feba110a92103f3664a72141\n>start {\"formatid\":\"gen9randombattle\",\"seed\":\"sodium,d1ccbb3a7b5ca8ca96789bb33ed69403\",\"rated\":\"Rated battle\"}\n>player p1 {\"name\":\"Axelace\",\"avatar\":\"riley\",\"rating\":2061,\"seed\":\"sodium,30ae228d9471531745e913f44d7cd6bb\"}\n>player p2 {\"name\":\"discodiscogoodgood\",\"avatar\":\"musician\",\"rating\":2052,\"seed\":\"sodium,90876d9f66b2b99934ace649b3f30c97\"}\n>p1 move headsmash\n>p2 switch 3\n>p1 switch 4\n>p2 move stoneedge\n>p1 move spikes\n>p2 move curse\n>p1 switch 6\n>p2 move earthquake\n>p1 move hydrosteam\n>p2 switch 2\n>p1 move dracometeor\n>p2 move raindance\n>p2 switch 4\n>p1 switch 6\n>p2 move swordsdance\n>p1 move thunderwave\n>p2 switch 2\n>p1 switch 4\n>p2 move earthquake\n>p1 move woodhammer\n>p2 move earthquake\n>p1 switch 4\n>p1 move precipiceblades\n>p2 move earthquake\n>p1 switch 5\n>p2 move slackoff\n>p1 move bodyslam\n>p2 move curse\n>p1 move bodyslam\n>p2 move earthquake\n>p1 move bodyslam\n>p2 move slackoff\n>p2 switch 2\n>p1 move earthquake\n>p2 move closecombat\n>p2 switch 5\n>p1 move earthquake\n>p2 move darkpulse\n>p1 switch 3\n>p1 move swordsdance\n>p2 move fireblast\n>p1 move facade\n>p2 move fireblast\n>p2 switch 6\n>p1 move facade\n>p2 move firstimpression terastallize\n>p1 switch 5\n>p1 move heatcrash\n>p2 move knockoff\n>p2 switch 3\n>p1 move thunderwave\n>p2 move swordsdance\n>p1 move heatcrash\n>p2 move closecombat\n>p1 switch 2\n>p1 move icepunch terastallize\n>p2 move closecombat", "uploadtime": 1781378878, "views": 8, "formatid": "gen9randombattle", "rating": null, "private": 0, "password": null, "player_dets": [{"name": "Axelace", "avatar": "riley", "rating": 2061, "seed": "sodium,30ae228d9471531745e913f44d7cd6bb"}, {"name": "discodiscogoodgood", "avatar": "musician", "rating": 2052, "seed": "sodium,90876d9f66b2b99934ace649b3f30c97"}], "teams_full": [{"Sudowoodo": {"name": "Sudowoodo", "species": "Sudowoodo", "speciesId": "sudowoodo", "gender": "M", "shiny": false, "level": 94, "moves": ["earthquake", "headsmash", "woodhammer", "suckerpunch"], "ability": "Rock Head", "evs": {"hp": 85, "atk": 85, "def": 85, "spa": 85, "spd": 85, "spe": 85}, "ivs": {"hp": 31, "atk": 31, "def": 31, "spa": 31, "spd": 31, "spe": 31}, "item": "Choice Band", "teraType": "Grass", "role": "Bulky Attacker", "bvs": {"hp": 70, "atk": 100, "def": 115, "spa": 30, "spd": 65, "spe": 30}, "stats": {"hp": 284, "atk": 241, "def": 270, "spa": 110, "spd": 176, "spe": 110}}, "Electivire": {"name": "Electivire", "species": "Electivire", "speciesId": "electivire", "gender": "M", "shiny": false, "level": 84, "moves": ["earthquake", "supercellslam", "bulkup", "icepunch"], "ability": "Motor Drive", "evs": {"hp": 85, "atk": 85, "def": 85, "spa": 85, "spd": 85, "spe": 85}, "ivs": {"hp": 31, "atk": 31, "def": 31, "spa": 31, "spd": 31, "spe": 31}, "item": "Life Orb", "teraType": "Flying", "role": "Setup Sweeper", "bvs": {"hp": 75, "atk": 123, "def": 67, "spa": 95, "spd": 85, "spe": 95}, "stats": {"hp": 263, "atk": 255, "def": 161, "spa": 208, "spd": 191, "spe": 208}}, "Ursaring": {"name": "Ursaring", "species": "Ursaring", "speciesId": "ursaring", "gender": "M", "shiny": false, "level": 84, "moves": ["facade", "swordsdance", "closecombat", "throatchop"], "ability": "Quick Feet", "evs": {"hp": 85, "atk": 85, "def": 85, "spa": 85, "spd": 85, "spe": 85}, "ivs": {"hp": 31, "atk": 31, "def": 31, "spa": 31, "spd": 31, "spe": 31}, "item": "Toxic Orb", "teraType": "Normal", "role": "Setup Sweeper", "bvs": {"hp": 90, "atk": 130, "def": 75, "spa": 75, "spd": 75, "spe": 55}, "stats": {"hp": 288, "atk": 267, "def": 174, "spa": 174, "spd": 174, "spe": 141}}, "Groudon": {"name": "Groudon", "species": "Groudon", "speciesId": "groudon", "gender": "N", "shiny": false, "level": 72, "moves": ["precipiceblades", "thunderwave", "spikes", "heatcrash"], "ability": "Drought", "evs": {"hp": 85, "atk": 85, "def": 85, "spa": 85, "spd": 85, "spe": 85}, "ivs": {"hp": 31, "atk": 31, "def": 31, "spa": 31, "spd": 31, "spe": 31}, "item": "Leftovers", "teraType": "Fire", "role": "Bulky Attacker", "bvs": {"hp": 100, "atk": 150, "def": 140, "spa": 100, "spd": 90, "spe": 90}, "stats": {"hp": 263, "atk": 258, "def": 244, "spa": 186, "spd": 172, "spe": 172}}, "Tauros": {"name": "Tauros", "species": "Tauros", "speciesId": "tauros", "gender": "M", "shiny": false, "level": 82, "moves": ["bodyslam", "earthquake", "throatchop", "closecombat"], "ability": "Sheer Force", "evs": {"hp": 85, "atk": 85, "def": 85, "spa": 85, "spd": 85, "spe": 85}, "ivs": {"hp": 31, "atk": 31, "def": 31, "spa": 31, "spd": 31, "spe": 31}, "item": "Life Orb", "teraType": "Ground", "role": "Fast Attacker", "bvs": {"hp": 75, "atk": 100, "def": 95, "spa": 40, "spd": 70, "spe": 110}, "stats": {"hp": 257, "atk": 211, "def": 203, "spa": 113, "spd": 162, "spe": 228}}, "Walking Wake": {"name": "Walking Wake", "species": "Walking Wake", "speciesId": "walkingwake", "gender": "N", "shiny": false, "level": 79, "moves": ["hydrosteam", "sunnyday", "dracometeor", "flamethrower"], "ability": "Protosynthesis", "evs": {"hp": 85, "atk": 0, "def": 85, "spa": 85, "spd": 85, "spe": 85}, "ivs": {"hp": 31, "atk": 0, "def": 31, "spa": 31, "spd": 31, "spe": 31}, "item": "Life Orb", "teraType": "Fire", "role": "Fast Attacker", "bvs": {"hp": 99, "atk": 83, "def": 91, "spa": 125, "spd": 83, "spe": 109}, "stats": {"hp": 286, "atk": 136, "def": 189, "spa": 243, "spd": 177, "spe": 218}}}, {"Hawlucha": {"name": "Hawlucha", "species": "Hawlucha", "speciesId": "hawlucha", "gender": "M", "shiny": false, "level": 80, "moves": ["closecombat", "acrobatics", "bravebird", "swordsdance"], "ability": "Unburden", "evs": {"hp": 85, "atk": 85, "def": 85, "spa": 85, "spd": 85, "spe": 85}, "ivs": {"hp": 31, "atk": 31, "def": 31, "spa": 31, "spd": 31, "spe": 31}, "item": "White Herb", "teraType": "Fighting", "role": "Setup Sweeper", "bvs": {"hp": 78, "atk": 92, "def": 75, "spa": 74, "spd": 63, "spe": 118}, "stats": {"hp": 256, "atk": 193, "def": 166, "spa": 165, "spd": 147, "spe": 235}}, "Poliwrath": {"name": "Poliwrath", "species": "Poliwrath", "speciesId": "poliwrath", "gender": "F", "shiny": false, "level": 88, "moves": ["raindance", "liquidation", "closecombat", "knockoff"], "ability": "Swift Swim", "evs": {"hp": 85, "atk": 85, "def": 85, "spa": 85, "spd": 85, "spe": 85}, "ivs": {"hp": 31, "atk": 31, "def": 31, "spa": 31, "spd": 31, "spe": 31}, "item": "Life Orb", "teraType": "Dark", "role": "Setup Sweeper", "bvs": {"hp": 90, "atk": 95, "def": 95, "spa": 70, "spd": 90, "spe": 70}, "stats": {"hp": 302, "atk": 217, "def": 217, "spa": 173, "spd": 209, "spe": 173}}, "Hippowdon": {"name": "Hippowdon", "species": "Hippowdon", "speciesId": "hippowdon", "gender": "M", "shiny": false, "level": 82, "moves": ["stoneedge", "slackoff", "curse", "earthquake"], "ability": "Sand Stream", "evs": {"hp": 85, "atk": 85, "def": 85, "spa": 85, "spd": 85, "spe": 85}, "ivs": {"hp": 31, "atk": 31, "def": 31, "spa": 31, "spd": 31, "spe": 31}, "item": "Leftovers", "teraType": "Steel", "role": "Bulky Setup", "bvs": {"hp": 108, "atk": 112, "def": 118, "spa": 68, "spd": 72, "spe": 47}, "stats": {"hp": 311, "atk": 231, "def": 241, "spa": 159, "spd": 165, "spe": 124}}, "Lycanroc": {"name": "Lycanroc", "species": "Lycanroc-Dusk", "speciesId": "lycanrocdusk", "gender": "M", "shiny": false, "level": 81, "moves": ["psychicfangs", "closecombat", "swordsdance", "stoneedge"], "ability": "Tough Claws", "evs": {"hp": 85, "atk": 85, "def": 85, "spa": 85, "spd": 85, "spe": 85}, "ivs": {"hp": 31, "atk": 31, "def": 31, "spa": 31, "spd": 31, "spe": 31}, "item": "Life Orb", "teraType": "Fighting", "role": "Setup Sweeper", "bvs": {"hp": 75, "atk": 117, "def": 65, "spa": 55, "spd": 65, "spe": 110}, "stats": {"hp": 254, "atk": 236, "def": 152, "spa": 136, "spd": 152, "spe": 225}}, "Houndoom": {"name": "Houndoom", "species": "Houndoom", "speciesId": "houndoom", "gender": "M", "shiny": false, "level": 87, "moves": ["nastyplot", "fireblast", "sludgebomb", "darkpulse"], "ability": "Flash Fire", "evs": {"hp": 85, "atk": 0, "def": 85, "spa": 85, "spd": 85, "spe": 85}, "ivs": {"hp": 31, "atk": 0, "def": 31, "spa": 31, "spd": 31, "spe": 31}, "item": "Heavy-Duty Boots", "teraType": "Poison", "role": "Fast Attacker", "bvs": {"hp": 75, "atk": 90, "def": 50, "spa": 110, "spd": 80, "spe": 95}, "stats": {"hp": 272, "atk": 161, "def": 137, "spa": 241, "spd": 189, "spe": 215}}, "Lokix": {"name": "Lokix", "species": "Lokix", "speciesId": "lokix", "gender": "M", "shiny": false, "level": 82, "moves": ["knockoff", "uturn", "firstimpression", "suckerpunch"], "ability": "Tinted Lens", "evs": {"hp": 85, "atk": 85, "def": 85, "spa": 85, "spd": 85, "spe": 85}, "ivs": {"hp": 31, "atk": 31, "def": 31, "spa": 31, "spd": 31, "spe": 31}, "item": "Silver Powder", "teraType": "Bug", "role": "Fast Attacker", "bvs": {"hp": 71, "atk": 102, "def": 78, "spa": 52, "spd": 55, "spe": 92}, "stats": {"hp": 251, "atk": 214, "def": 175, "spa": 132, "spd": 137, "spe": 198}}}]}