{"id": "gen9randombattle-2631880636", "format": "[Gen 9] Random Battle", "players": ["ethlod", "Xan4ss"], "log": "|j|\u2606ethlod\n|j|\u2606Xan4ss\n|t:|1781451439\n|gametype|singles\n|player|p1|ethlod|ethan|1951\n|player|p2|Xan4ss|1|1997\n|gen|9\n|tier|[Gen 9] Random Battle\n|rated|\n|rule|Species Clause: Limit one of each Pok\u00e9mon\n|rule|HP Percentage Mod: HP is shown in percentages\n|rule|Sleep Clause Mod: Limit one foe put to sleep\n|rule|Illusion Level Mod: Illusion disguises the Pok\u00e9mon's true level\n|\n|t:|1781451439\n|teamsize|p1|6\n|teamsize|p2|6\n|start\n|switch|p1a: Basculegion|Basculegion-F, L83, F|335/335\n|switch|p2a: Sceptile|Sceptile, L87, F|264/264\n|turn|1\n|inactive|Battle timer is ON: inactive players will automatically lose when time's up. (requested by ethlod)\n|\n|t:|1781451444\n|move|p2a: Sceptile|Swords Dance|p2a: Sceptile\n|-boost|p2a: Sceptile|atk|2\n|move|p1a: Basculegion|Flip Turn|p2a: Sceptile\n|-resisted|p2a: Sceptile\n|-damage|p2a: Sceptile|219/264\n|\n|t:|1781451448\n|switch|p1a: Deoxys|Deoxys-Attack, L72|191/191|[from] Flip Turn\n|-ability|p1a: Deoxys|Pressure\n|\n|upkeep\n|turn|2\n|\n|t:|1781451460\n|move|p2a: Sceptile|Leaf Blade|p1a: Deoxys\n|-damage|p1a: Deoxys|0 fnt\n|faint|p1a: Deoxys\n|-damage|p2a: Sceptile|193/264|[from] item: Life Orb\n|\n|upkeep\n|c|\u2606ethlod|Oops lmao\n|\n|t:|1781451470\n|switch|p1a: Eiscue|Eiscue, L88, M|274/274\n|turn|3\n|\n|t:|1781451478\n|move|p2a: Sceptile|Rock Slide|p1a: Eiscue\n|-activate|p1a: Eiscue|ability: Ice Face\n|-damage|p1a: Eiscue|274/274\n|detailschange|p1a: Eiscue|Eiscue-Noice, L88, M\n|-damage|p2a: Sceptile|167/264|[from] item: Life Orb\n|move|p1a: Eiscue|Belly Drum|p1a: Eiscue\n|-damage|p1a: Eiscue|137/274\n|-setboost|p1a: Eiscue|atk|6|[from] move: Belly Drum\n|-enditem|p1a: Eiscue|Sitrus Berry|[eat]\n|-heal|p1a: Eiscue|205/274|[from] item: Sitrus Berry\n|\n|upkeep\n|turn|4\n|\n|t:|1781451485\n|move|p1a: Eiscue|Ice Spinner|p2a: Sceptile\n|-supereffective|p2a: Sceptile\n|-damage|p2a: Sceptile|0 fnt\n|faint|p2a: Sceptile\n|\n|upkeep\n|\n|t:|1781451493\n|switch|p2a: Phione|Phione, L91|293/293\n|turn|5\n|\n|t:|1781451501\n|move|p1a: Eiscue|Ice Spinner|p2a: Phione\n|-resisted|p2a: Phione\n|-damage|p2a: Phione|134/293\n|move|p2a: Phione|Scald|p1a: Eiscue\n|-damage|p1a: Eiscue|90/274\n|\n|-heal|p2a: Phione|152/293|[from] item: Leftovers\n|upkeep\n|turn|6\n|\n|t:|1781451509\n|move|p1a: Eiscue|Ice Spinner|p2a: Phione\n|-resisted|p2a: Phione\n|-damage|p2a: Phione|0 fnt\n|faint|p2a: Phione\n|\n|upkeep\n|\n|t:|1781451520\n|switch|p2a: Vikavolt|Vikavolt, L83, F|263/263\n|turn|7\n|\n|t:|1781451528\n|move|p1a: Eiscue|Ice Spinner|p2a: Vikavolt\n|-damage|p2a: Vikavolt|0 fnt\n|faint|p2a: Vikavolt\n|\n|upkeep\n|\n|t:|1781451538\n|switch|p2a: Jolteon|Jolteon, L84, M|246/246\n|turn|8\n|\n|t:|1781451540\n|-terastallize|p2a: Jolteon|Ice\n|move|p1a: Eiscue|Ice Spinner|p2a: Jolteon\n|-resisted|p2a: Jolteon\n|-damage|p2a: Jolteon|21/246\n|move|p2a: Jolteon|Thunderbolt|p1a: Eiscue\n|-damage|p1a: Eiscue|0 fnt\n|faint|p1a: Eiscue\n|\n|-heal|p2a: Jolteon|36/246|[from] item: Leftovers\n|upkeep\n|\n|t:|1781451552\n|switch|p1a: Florges|Florges-Yellow, L85, F|271/271\n|turn|9\n|\n|t:|1781451561\n|switch|p2a: Gardevoir|Gardevoir, L83, F|249/249\n|-ability|p2a: Gardevoir|Flower Veil|Trace|[from] ability: Trace|[of] p1a: Florges\n|move|p1a: Florges|Moonblast|p2a: Gardevoir\n|-damage|p2a: Gardevoir|152/249\n|\n|upkeep\n|turn|10\n|\n|t:|1781451574\n|move|p2a: Gardevoir|Trick|p1a: Florges\n|-activate|p2a: Gardevoir|move: Trick|[of] p1a: Florges\n|-item|p1a: Florges|Choice Scarf|[from] move: Trick\n|-item|p2a: Gardevoir|Leftovers|[from] move: Trick\n|move|p1a: Florges|Moonblast|p2a: Gardevoir\n|-damage|p2a: Gardevoir|61/249\n|-unboost|p2a: Gardevoir|spa|1\n|\n|-heal|p2a: Gardevoir|76/249|[from] item: Leftovers\n|upkeep\n|turn|11\n|\n|t:|1781451580\n|switch|p2a: Alcremie|Alcremie-Ruby-Cream, L90, F|263/263\n|move|p1a: Florges|Moonblast|p2a: Alcremie\n|-damage|p2a: Alcremie|181/263\n|\n|-heal|p2a: Alcremie|197/263|[from] item: Leftovers\n|upkeep\n|turn|12\n|\n|t:|1781451585\n|switch|p1a: Brambleghast|Brambleghast, L88, M|240/240\n|move|p2a: Alcremie|Calm Mind|p2a: Alcremie\n|-boost|p2a: Alcremie|spa|1\n|-boost|p2a: Alcremie|spd|1\n|\n|-heal|p2a: Alcremie|213/263|[from] item: Leftovers\n|upkeep\n|turn|13\n|j| Pauliet456\n|\n|t:|1781451592\n|move|p1a: Brambleghast|Poltergeist|p2a: Alcremie\n|-activate|p2a: Alcremie|move: Poltergeist|Leftovers\n|-damage|p2a: Alcremie|69/263\n|move|p2a: Alcremie|Alluring Voice|p1a: Brambleghast\n|-damage|p1a: Brambleghast|53/240\n|\n|-heal|p2a: Alcremie|85/263|[from] item: Leftovers\n|upkeep\n|turn|14\n|\n|t:|1781451597\n|move|p1a: Brambleghast|Poltergeist|p2a: Alcremie\n|-activate|p2a: Alcremie|move: Poltergeist|Leftovers\n|-damage|p2a: Alcremie|0 fnt\n|faint|p2a: Alcremie\n|\n|upkeep\n|\n|t:|1781451599\n|switch|p2a: Jolteon|Jolteon, L84, M, tera:Ice|36/246\n|turn|15\n|l| Pauliet456\n|c|\u2606ethlod|Hey paul\n|c|\u2606ethlod|Rip paul\n|\n|t:|1781451619\n|move|p2a: Jolteon|Tera Blast|p1a: Brambleghast|[anim] Tera Blast Ice\n|-supereffective|p1a: Brambleghast\n|-damage|p1a: Brambleghast|0 fnt\n|faint|p1a: Brambleghast\n|\n|-heal|p2a: Jolteon|51/246|[from] item: Leftovers\n|upkeep\n|\n|t:|1781451624\n|switch|p1a: Florges|Florges-Yellow, L85, F|271/271\n|turn|16\n|\n|t:|1781451629\n|switch|p2a: Gardevoir|Gardevoir, L83, F|76/249\n|-ability|p2a: Gardevoir|Flower Veil|Trace|[from] ability: Trace|[of] p1a: Florges\n|move|p1a: Florges|Moonblast|p2a: Gardevoir\n|-damage|p2a: Gardevoir|0 fnt\n|faint|p2a: Gardevoir\n|\n|upkeep\n|\n|t:|1781451631\n|switch|p2a: Jolteon|Jolteon, L84, M, tera:Ice|51/246\n|turn|17\n|\n|t:|1781451633\n|move|p2a: Jolteon|Calm Mind|p2a: Jolteon\n|-boost|p2a: Jolteon|spa|1\n|-boost|p2a: Jolteon|spd|1\n|move|p1a: Florges|Moonblast|p2a: Jolteon\n|-damage|p2a: Jolteon|0 fnt\n|faint|p2a: Jolteon\n|\n|win|ethlod\n|raw|ethlod's rating: 1951 &rarr; <strong>1974</strong><br />(+23 for winning)\n|raw|Xan4ss's rating: 1997 &rarr; <strong>1974</strong><br />(-23 for losing)\n", "inputlog": ">version a8376a258c1d4662feba110a92103f3664a72141\n>start {\"formatid\":\"gen9randombattle\",\"seed\":\"sodium,d186d41fba2001a093e2d240201d3f4f\",\"rated\":\"Rated battle\"}\n>player p1 {\"name\":\"ethlod\",\"avatar\":\"ethan\",\"rating\":1951,\"seed\":\"sodium,fda0e827c93bab645d8a40430dac5d75\"}\n>player p2 {\"name\":\"Xan4ss\",\"avatar\":\"1\",\"rating\":1997,\"seed\":\"sodium,6e6ca1bdeeae686b7a49c32acc19ecf3\"}\n>p1 move flipturn\n>p2 move swordsdance\n>p1 switch 2\n>p1 move psychoboost\n>p2 move leafblade\n>chat \u2606ethlod|Oops lmao\n>p1 switch 6\n>p1 move bellydrum\n>p2 move rockslide\n>p1 move icespinner\n>p2 move leafblade\n>p2 switch 5\n>p1 move icespinner\n>p2 move scald\n>p1 move icespinner\n>p2 move scald\n>p2 switch 2\n>p1 move icespinner\n>p2 move bugbuzz\n>p2 switch 3\n>p1 move icespinner\n>p2 move thunderbolt terastallize\n>p1 switch 4\n>p1 move moonblast\n>p2 switch 6\n>p1 move moonblast\n>p2 move trick\n>p1 move moonblast\n>p2 switch 4\n>p1 switch 3\n>p2 move calmmind\n>p1 move poltergeist\n>p2 move alluringvoice\n>p1 move poltergeist\n>p2 move alluringvoice\n>p2 switch 6\n>chat \u2606ethlod|Hey paul\n>chat \u2606ethlod|Rip paul\n>p1 move powerwhip\n>p2 move terablast\n>p1 switch 3\n>p1 move moonblast\n>p2 switch 4\n>p2 switch 4\n>p1 move moonblast\n>p2 move calmmind", "uploadtime": 1781451441, "views": 6, "formatid": "gen9randombattle", "rating": 1974, "private": 0, "password": null, "player_dets": [{"name": "ethlod", "avatar": "ethan", "rating": 1951, "seed": "sodium,fda0e827c93bab645d8a40430dac5d75"}, {"name": "Xan4ss", "avatar": "1", "rating": 1997, "seed": "sodium,6e6ca1bdeeae686b7a49c32acc19ecf3"}], "teams_full": [{"Basculegion": {"name": "Basculegion", "species": "Basculegion-F", "speciesId": "basculegionf", "gender": "F", "shiny": false, "level": 83, "moves": ["flipturn", "shadowball", "icebeam", "hydropump"], "ability": "Adaptability", "evs": {"hp": 85, "atk": 85, "def": 85, "spa": 85, "spd": 85, "spe": 85}, "ivs": {"hp": 31, "atk": 31, "def": 31, "spa": 31, "spd": 31, "spe": 31}, "item": "Choice Specs", "teraType": "Water", "role": "Wallbreaker", "bvs": {"hp": 120, "atk": 92, "def": 65, "spa": 100, "spd": 75, "spe": 78}, "stats": {"hp": 335, "atk": 200, "def": 156, "spa": 214, "spd": 172, "spe": 177}, "types": ["Water", "Ghost"]}, "Deoxys": {"name": "Deoxys", "species": "Deoxys-Attack", "speciesId": "deoxysattack", "gender": "N", "shiny": false, "level": 72, "moves": ["superpower", "psychoboost", "extremespeed", "knockoff"], "ability": "Pressure", "evs": {"hp": 85, "atk": 85, "def": 85, "spa": 85, "spd": 85, "spe": 85}, "ivs": {"hp": 31, "atk": 31, "def": 31, "spa": 31, "spd": 31, "spe": 31}, "item": "Life Orb", "teraType": "Fighting", "role": "Fast Attacker", "bvs": {"hp": 50, "atk": 180, "def": 20, "spa": 180, "spd": 20, "spe": 150}, "stats": {"hp": 191, "atk": 301, "def": 71, "spa": 301, "spd": 71, "spe": 258}, "types": ["Psychic"]}, "Brambleghast": {"name": "Brambleghast", "species": "Brambleghast", "speciesId": "brambleghast", "gender": "M", "shiny": false, "level": 88, "moves": ["poltergeist", "powerwhip", "rapidspin", "spikes"], "ability": "Wind Rider", "evs": {"hp": 85, "atk": 85, "def": 85, "spa": 85, "spd": 85, "spe": 85}, "ivs": {"hp": 31, "atk": 31, "def": 31, "spa": 31, "spd": 31, "spe": 31}, "item": "Heavy-Duty Boots", "teraType": "Steel", "role": "Fast Support", "bvs": {"hp": 55, "atk": 115, "def": 70, "spa": 80, "spd": 70, "spe": 90}, "stats": {"hp": 240, "atk": 253, "def": 173, "spa": 191, "spd": 173, "spe": 209}, "types": ["Grass", "Ghost"]}, "Florges": {"name": "Florges", "species": "Florges-Yellow", "speciesId": "florges", "gender": "F", "shiny": false, "level": 85, "moves": ["moonblast", "synthesis", "calmmind", "terablast"], "ability": "Flower Veil", "evs": {"hp": 85, "atk": 0, "def": 85, "spa": 85, "spd": 85, "spe": 85}, "ivs": {"hp": 31, "atk": 0, "def": 31, "spa": 31, "spd": 31, "spe": 31}, "item": "Leftovers", "teraType": "Ground", "role": "Tera Blast user", "bvs": {"hp": 78, "atk": 65, "def": 68, "spa": 112, "spd": 154, "spe": 75}, "stats": {"hp": 271, "atk": 115, "def": 164, "spa": 239, "spd": 311, "spe": 176}, "types": ["Fairy"]}, "Forretress": {"name": "Forretress", "species": "Forretress", "speciesId": "forretress", "gender": "F", "shiny": false, "level": 84, "moves": ["stealthrock", "voltswitch", "ironhead", "toxicspikes"], "ability": "Sturdy", "evs": {"hp": 85, "atk": 85, "def": 85, "spa": 85, "spd": 85, "spe": 85}, "ivs": {"hp": 31, "atk": 31, "def": 31, "spa": 31, "spd": 31, "spe": 31}, "item": "Leftovers", "teraType": "Water", "role": "Bulky Support", "bvs": {"hp": 75, "atk": 90, "def": 140, "spa": 60, "spd": 60, "spe": 40}, "stats": {"hp": 263, "atk": 199, "def": 283, "spa": 149, "spd": 149, "spe": 115}, "types": ["Bug", "Steel"]}, "Eiscue": {"name": "Eiscue", "species": "Eiscue", "speciesId": "eiscue", "gender": "M", "shiny": false, "level": 88, "moves": ["icespinner", "liquidation", "bellydrum", "ironhead"], "ability": "Ice Face", "evs": {"hp": 81, "atk": 85, "def": 85, "spa": 85, "spd": 85, "spe": 85}, "ivs": {"hp": 31, "atk": 31, "def": 31, "spa": 31, "spd": 31, "spe": 31}, "item": "Sitrus Berry", "teraType": "Water", "role": "Setup Sweeper", "bvs": {"hp": 75, "atk": 80, "def": 110, "spa": 65, "spd": 90, "spe": 50}, "stats": {"hp": 274, "atk": 191, "def": 244, "spa": 165, "spd": 209, "spe": 138}, "types": ["Ice"]}}, {"Sceptile": {"name": "Sceptile", "species": "Sceptile", "speciesId": "sceptile", "gender": "F", "shiny": false, "level": 87, "moves": ["rockslide", "earthquake", "leafblade", "swordsdance"], "ability": "Overgrow", "evs": {"hp": 85, "atk": 85, "def": 85, "spa": 85, "spd": 85, "spe": 85}, "ivs": {"hp": 31, "atk": 31, "def": 31, "spa": 31, "spd": 31, "spe": 31}, "item": "Life Orb", "teraType": "Rock", "role": "Setup Sweeper", "bvs": {"hp": 70, "atk": 85, "def": 65, "spa": 105, "spd": 85, "spe": 120}, "stats": {"hp": 264, "atk": 198, "def": 163, "spa": 232, "spd": 198, "spe": 259}, "types": ["Grass"]}, "Vikavolt": {"name": "Vikavolt", "species": "Vikavolt", "speciesId": "vikavolt", "gender": "F", "shiny": false, "level": 83, "moves": ["voltswitch", "stickyweb", "bugbuzz", "thunderbolt"], "ability": "Levitate", "evs": {"hp": 85, "atk": 0, "def": 85, "spa": 85, "spd": 85, "spe": 85}, "ivs": {"hp": 31, "atk": 0, "def": 31, "spa": 31, "spd": 31, "spe": 31}, "item": "Heavy-Duty Boots", "teraType": "Electric", "role": "Bulky Support", "bvs": {"hp": 77, "atk": 70, "def": 90, "spa": 145, "spd": 75, "spe": 43}, "stats": {"hp": 263, "atk": 121, "def": 197, "spa": 288, "spd": 172, "spe": 119}, "types": ["Bug", "Electric"]}, "Jolteon": {"name": "Jolteon", "species": "Jolteon", "speciesId": "jolteon", "gender": "M", "shiny": false, "level": 84, "moves": ["calmmind", "terablast", "thunderbolt", "substitute"], "ability": "Volt Absorb", "evs": {"hp": 85, "atk": 0, "def": 85, "spa": 85, "spd": 85, "spe": 85}, "ivs": {"hp": 31, "atk": 0, "def": 31, "spa": 31, "spd": 31, "spe": 31}, "item": "Leftovers", "teraType": "Ice", "role": "Tera Blast user", "bvs": {"hp": 65, "atk": 65, "def": 60, "spa": 110, "spd": 95, "spe": 130}, "stats": {"hp": 246, "atk": 114, "def": 149, "spa": 233, "spd": 208, "spe": 267}, "types": ["Electric"]}, "Alcremie": {"name": "Alcremie", "species": "Alcremie-Ruby-Cream", "speciesId": "alcremie", "gender": "F", "shiny": false, "level": 90, "moves": ["alluringvoice", "psyshock", "calmmind", "recover"], "ability": "Aroma Veil", "evs": {"hp": 85, "atk": 0, "def": 85, "spa": 85, "spd": 85, "spe": 85}, "ivs": {"hp": 31, "atk": 0, "def": 31, "spa": 31, "spd": 31, "spe": 31}, "item": "Leftovers", "teraType": "Steel", "role": "Bulky Setup", "bvs": {"hp": 65, "atk": 60, "def": 75, "spa": 110, "spd": 121, "spe": 64}, "stats": {"hp": 263, "atk": 113, "def": 186, "spa": 249, "spd": 269, "spe": 167}, "types": ["Fairy"]}, "Phione": {"name": "Phione", "species": "Phione", "speciesId": "phione", "gender": "N", "shiny": false, "level": 91, "moves": ["rest", "takeheart", "sleeptalk", "scald"], "ability": "Hydration", "evs": {"hp": 85, "atk": 0, "def": 85, "spa": 85, "spd": 85, "spe": 85}, "ivs": {"hp": 31, "atk": 0, "def": 31, "spa": 31, "spd": 31, "spe": 31}, "item": "Leftovers", "teraType": "Steel", "role": "Bulky Setup", "bvs": {"hp": 80, "atk": 80, "def": 80, "spa": 80, "spd": 80, "spe": 80}, "stats": {"hp": 293, "atk": 150, "def": 197, "spa": 197, "spd": 197, "spe": 197}, "types": ["Water"]}, "Gardevoir": {"name": "Gardevoir", "species": "Gardevoir", "speciesId": "gardevoir", "gender": "F", "shiny": false, "level": 83, "moves": ["moonblast", "trick", "psychic", "focusblast"], "ability": "Trace", "evs": {"hp": 85, "atk": 0, "def": 85, "spa": 85, "spd": 85, "spe": 85}, "ivs": {"hp": 31, "atk": 0, "def": 31, "spa": 31, "spd": 31, "spe": 31}, "item": "Choice Scarf", "teraType": "Fighting", "role": "Fast Attacker", "bvs": {"hp": 68, "atk": 65, "def": 65, "spa": 125, "spd": 115, "spe": 80}, "stats": {"hp": 249, "atk": 112, "def": 156, "spa": 255, "spd": 239, "spe": 180}, "types": ["Psychic", "Fairy"]}}]}