{"id": "gen9randombattle-2631588709", "format": "[Gen 9] Random Battle", "players": ["latias999999999", "Red Skies"], "log": "|j|\u2606latias999999999\n|j|\u2606Red Skies\n|t:|1781405279\n|gametype|singles\n|player|p1|latias999999999|gardenia|2104\n|player|p2|Red Skies|n|2158\n|gen|9\n|tier|[Gen 9] Random Battle\n|rated|\n|rule|Species Clause: Limit one of each Pok\u00e9mon\n|rule|HP Percentage Mod: HP is shown in percentages\n|rule|Sleep Clause Mod: Limit one foe put to sleep\n|rule|Illusion Level Mod: Illusion disguises the Pok\u00e9mon's true level\n|\n|t:|1781405279\n|teamsize|p1|6\n|teamsize|p2|6\n|start\n|switch|p1a: Gouging Fire|Gouging Fire, L74|277/277\n|switch|p2a: Ampharos|Ampharos, L88, F|302/302\n|turn|1\n|inactive|Battle timer is ON: inactive players will automatically lose when time's up. (requested by latias999999999)\n|\n|t:|1781405294\n|move|p1a: Gouging Fire|Dragon Dance|p1a: Gouging Fire\n|-boost|p1a: Gouging Fire|atk|1\n|-boost|p1a: Gouging Fire|spe|1\n|move|p2a: Ampharos|Volt Switch|p1a: Gouging Fire\n|-resisted|p1a: Gouging Fire\n|-damage|p1a: Gouging Fire|229/277\n|\n|t:|1781405297\n|switch|p2a: Piloswine|Piloswine, L85, F|309/309|[from] Volt Switch\n|\n|upkeep\n|turn|2\n|\n|t:|1781405314\n|-end|p1a: Gouging Fire|Protosynthesis|[silent]\n|switch|p1a: Gurdurr|Gurdurr, L85, M|283/283\n|move|p2a: Piloswine|Stealth Rock|p1a: Gurdurr\n|-sidestart|p1: latias999999999|move: Stealth Rock\n|\n|upkeep\n|turn|3\n|\n|t:|1781405325\n|switch|p2a: Ampharos|Ampharos, L88, F|302/302\n|move|p1a: Gurdurr|Knock Off|p2a: Ampharos\n|-damage|p2a: Ampharos|230/302\n|-status|p1a: Gurdurr|par|[from] ability: Static|[of] p2a: Ampharos\n|-enditem|p2a: Ampharos|Assault Vest|[from] move: Knock Off|[of] p1a: Gurdurr\n|\n|upkeep\n|turn|4\n|\n|t:|1781405331\n|move|p2a: Ampharos|Dazzling Gleam|p1a: Gurdurr\n|-supereffective|p1a: Gurdurr\n|-damage|p1a: Gurdurr|151/283 par\n|move|p1a: Gurdurr|Drain Punch|p2a: Ampharos\n|-damage|p2a: Ampharos|104/302\n|-heal|p1a: Gurdurr|214/283 par|[from] drain|[of] p2a: Ampharos\n|\n|upkeep\n|turn|5\n|\n|t:|1781405343\n|switch|p1a: Ursaring|Ursaring, L84, F|288/288\n|-damage|p1a: Ursaring|252/288|[from] Stealth Rock\n|move|p2a: Ampharos|Dazzling Gleam|p1a: Ursaring\n|-damage|p1a: Ursaring|202/288\n|\n|upkeep\n|turn|6\n|\n|t:|1781405350\n|move|p2a: Ampharos|Focus Blast|p1a: Ursaring\n|-supereffective|p1a: Ursaring\n|-damage|p1a: Ursaring|42/288\n|move|p1a: Ursaring|Body Slam|p2a: Ampharos\n|-damage|p2a: Ampharos|0 fnt\n|-status|p1a: Ursaring|par|[from] ability: Static|[of] p2a: Ampharos\n|faint|p2a: Ampharos\n|\n|upkeep\n|\n|t:|1781405362\n|switch|p2a: Basculin|Basculin, L86, M|261/261\n|turn|7\n|\n|t:|1781405367\n|move|p2a: Basculin|Wave Crash|p1a: Ursaring\n|-damage|p1a: Ursaring|0 fnt\n|faint|p1a: Ursaring\n|-damage|p2a: Basculin|247/261|[from] Recoil\n|\n|upkeep\n|\n|t:|1781405381\n|switch|p1a: Plusle|Plusle, L95, M|268/268\n|-damage|p1a: Plusle|235/268|[from] Stealth Rock\n|turn|8\n|\n|t:|1781405386\n|switch|p1a: Gurdurr|Gurdurr, L85, M|214/283 par\n|-damage|p1a: Gurdurr|197/283 par|[from] Stealth Rock\n|move|p2a: Basculin|Wave Crash|p1a: Gurdurr\n|-damage|p1a: Gurdurr|9/283 par\n|-damage|p2a: Basculin|185/261|[from] Recoil\n|\n|upkeep\n|turn|9\n|\n|t:|1781405391\n|move|p1a: Gurdurr|Mach Punch|p2a: Basculin\n|-damage|p2a: Basculin|98/261\n|move|p2a: Basculin|Wave Crash|p1a: Gurdurr\n|-damage|p1a: Gurdurr|0 fnt\n|faint|p1a: Gurdurr\n|-damage|p2a: Basculin|95/261|[from] Recoil\n|\n|upkeep\n|\n|t:|1781405395\n|switch|p1a: Plusle|Plusle, L95, M|235/268\n|-damage|p1a: Plusle|202/268|[from] Stealth Rock\n|turn|10\n|\n|t:|1781405397\n|switch|p2a: Piloswine|Piloswine, L85, F|309/309\n|move|p1a: Plusle|Nasty Plot|p1a: Plusle\n|-boost|p1a: Plusle|spa|2\n|\n|upkeep\n|turn|11\n|\n|t:|1781405401\n|move|p1a: Plusle|Grass Knot|p2a: Piloswine\n|-supereffective|p2a: Piloswine\n|-damage|p2a: Piloswine|20/309\n|-damage|p1a: Plusle|176/268|[from] item: Life Orb\n|move|p2a: Piloswine|Earthquake|p1a: Plusle\n|-supereffective|p1a: Plusle\n|-damage|p1a: Plusle|0 fnt\n|faint|p1a: Plusle\n|\n|upkeep\n|\n|t:|1781405408\n|switch|p1a: Scream Tail|Scream Tail, L84|330/330\n|-damage|p1a: Scream Tail|289/330|[from] Stealth Rock\n|turn|12\n|\n|t:|1781405413\n|move|p1a: Scream Tail|Play Rough|p2a: Piloswine\n|-damage|p2a: Piloswine|0 fnt\n|faint|p2a: Piloswine\n|\n|-heal|p1a: Scream Tail|309/330|[from] item: Leftovers\n|upkeep\n|\n|t:|1781405420\n|switch|p2a: Cresselia|Cresselia, L80, F|323/323\n|turn|13\n|\n|t:|1781405423\n|move|p1a: Scream Tail|Wish|p1a: Scream Tail\n|move|p2a: Cresselia|Calm Mind|p2a: Cresselia\n|-boost|p2a: Cresselia|spa|1\n|-boost|p2a: Cresselia|spd|1\n|\n|-heal|p1a: Scream Tail|329/330|[from] item: Leftovers\n|upkeep\n|turn|14\n|\n|t:|1781405426\n|move|p1a: Scream Tail|Encore|p2a: Cresselia\n|-start|p2a: Cresselia|Encore\n|move|p2a: Cresselia|Calm Mind|p2a: Cresselia\n|-boost|p2a: Cresselia|spa|1\n|-boost|p2a: Cresselia|spd|1\n|\n|-heal|p1a: Scream Tail|330/330|[from] move: Wish|[wisher] Scream Tail\n|upkeep\n|turn|15\n|\n|t:|1781405428\n|move|p1a: Scream Tail|Wish|p1a: Scream Tail\n|move|p2a: Cresselia|Calm Mind|p2a: Cresselia\n|-boost|p2a: Cresselia|spa|1\n|-boost|p2a: Cresselia|spd|1\n|\n|upkeep\n|turn|16\n|\n|t:|1781405430\n|move|p1a: Scream Tail|Play Rough|p2a: Cresselia\n|-damage|p2a: Cresselia|262/323\n|move|p2a: Cresselia|Calm Mind|p2a: Cresselia\n|-boost|p2a: Cresselia|spa|1\n|-boost|p2a: Cresselia|spd|1\n|\n|-heal|p2a: Cresselia|282/323|[from] item: Leftovers\n|-end|p2a: Cresselia|Encore\n|upkeep\n|turn|17\n|\n|t:|1781405435\n|move|p1a: Scream Tail|Encore|p2a: Cresselia\n|-start|p2a: Cresselia|Encore\n|move|p2a: Cresselia|Calm Mind|p2a: Cresselia\n|-boost|p2a: Cresselia|spa|1\n|-boost|p2a: Cresselia|spd|1\n|\n|-heal|p2a: Cresselia|302/323|[from] item: Leftovers\n|upkeep\n|turn|18\n|\n|t:|1781405440\n|-end|p1a: Scream Tail|Protosynthesis|[silent]\n|switch|p1a: Hariyama|Hariyama, L87, F|392/392\n|-damage|p1a: Hariyama|368/392|[from] Stealth Rock\n|move|p2a: Cresselia|Calm Mind|p2a: Cresselia\n|-boost|p2a: Cresselia|spa|1\n|-boost|p2a: Cresselia|spd|1\n|\n|-heal|p2a: Cresselia|322/323|[from] item: Leftovers\n|upkeep\n|turn|19\n|\n|t:|1781405443\n|move|p2a: Cresselia|Calm Mind|p2a: Cresselia\n|-boost|p2a: Cresselia|spa|0\n|-boost|p2a: Cresselia|spd|0\n|move|p1a: Hariyama|Knock Off|p2a: Cresselia\n|-supereffective|p2a: Cresselia\n|-damage|p2a: Cresselia|178/323\n|-enditem|p2a: Cresselia|Leftovers|[from] move: Knock Off|[of] p1a: Hariyama\n|\n|-end|p2a: Cresselia|Encore\n|upkeep\n|turn|20\n|-message|latias999999999 forfeited.\n|\n|win|Red Skies\n", "inputlog": ">version a8376a258c1d4662feba110a92103f3664a72141\n>start {\"formatid\":\"gen9randombattle\",\"seed\":\"sodium,dfe5f8b5cf8085665e04ce69a81a161e\",\"rated\":\"Rated battle\"}\n>player p1 {\"name\":\"latias999999999\",\"avatar\":\"gardenia\",\"rating\":2104,\"seed\":\"sodium,b110414bcd5ee8d6199cdd2266df6478\"}\n>player p2 {\"name\":\"Red Skies\",\"avatar\":\"n\",\"rating\":2158,\"seed\":\"sodium,d54f4d4398c038dd030f0b196ef32a11\"}\n>p1 move dragondance\n>p2 move voltswitch\n>p2 switch 5\n>p1 switch 5\n>p2 move stealthrock\n>p1 move knockoff\n>p2 switch 5\n>p1 move drainpunch\n>p2 move dazzlinggleam\n>p1 switch 3\n>p2 move dazzlinggleam\n>p1 move bodyslam\n>p2 move focusblast\n>p2 switch 3\n>p1 move rest\n>p2 move wavecrash\n>p1 switch 2\n>p1 switch 3\n>p2 move wavecrash\n>p1 move machpunch\n>p2 move wavecrash\n>p1 switch 3\n>p1 move nastyplot\n>p2 switch 5\n>p1 move grassknot\n>p2 move earthquake\n>p1 switch 6\n>p1 move playrough\n>p2 move earthquake\n>p2 switch 2\n>p1 move wish\n>p2 move calmmind\n>p1 move encore\n>p2 move calmmind\n>p1 move wish\n>p2 move calmmind\n>p1 move playrough\n>p2 move calmmind\n>p1 move encore\n>p2 move psyshock\n>p1 switch 4\n>p2 move calmmind\n>p1 move knockoff\n>p2 move calmmind\n>forcelose p1", "uploadtime": 1781405281, "views": 5, "formatid": "gen9randombattle", "rating": null, "private": 0, "password": null, "player_dets": [{"name": "latias999999999", "avatar": "gardenia", "rating": 2104, "seed": "sodium,b110414bcd5ee8d6199cdd2266df6478"}, {"name": "Red Skies", "avatar": "n", "rating": 2158, "seed": "sodium,d54f4d4398c038dd030f0b196ef32a11"}], "teams_full": [{"Gouging Fire": {"name": "Gouging Fire", "species": "Gouging Fire", "speciesId": "gougingfire", "gender": "N", "shiny": false, "level": 74, "moves": ["earthquake", "outrage", "heatcrash", "dragondance"], "ability": "Protosynthesis", "evs": {"hp": 85, "atk": 85, "def": 85, "spa": 85, "spd": 85, "spe": 85}, "ivs": {"hp": 31, "atk": 31, "def": 31, "spa": 31, "spd": 31, "spe": 31}, "item": "Heavy-Duty Boots", "teraType": "Ground", "role": "Setup Sweeper", "bvs": {"hp": 105, "atk": 115, "def": 121, "spa": 65, "spd": 93, "spe": 91}, "stats": {"hp": 277, "atk": 213, "def": 222, "spa": 139, "spd": 181, "spe": 178}}, "Plusle": {"name": "Plusle", "species": "Plusle", "speciesId": "plusle", "gender": "M", "shiny": false, "level": 95, "moves": ["alluringvoice", "nastyplot", "thunderbolt", "grassknot"], "ability": "Lightning Rod", "evs": {"hp": 85, "atk": 0, "def": 85, "spa": 85, "spd": 85, "spe": 85}, "ivs": {"hp": 31, "atk": 0, "def": 31, "spa": 31, "spd": 31, "spe": 31}, "item": "Life Orb", "teraType": "Grass", "role": "Setup Sweeper", "bvs": {"hp": 60, "atk": 50, "def": 40, "spa": 85, "spd": 75, "spe": 95}, "stats": {"hp": 268, "atk": 100, "def": 130, "spa": 215, "spd": 196, "spe": 234}}, "Ursaring": {"name": "Ursaring", "species": "Ursaring", "speciesId": "ursaring", "gender": "F", "shiny": false, "level": 84, "moves": ["earthquake", "sleeptalk", "rest", "bodyslam"], "ability": "Guts", "evs": {"hp": 85, "atk": 85, "def": 85, "spa": 85, "spd": 85, "spe": 85}, "ivs": {"hp": 31, "atk": 31, "def": 31, "spa": 31, "spd": 31, "spe": 31}, "item": "Eviolite", "teraType": "Ghost", "role": "Bulky Attacker", "bvs": {"hp": 90, "atk": 130, "def": 75, "spa": 75, "spd": 75, "spe": 55}, "stats": {"hp": 288, "atk": 267, "def": 174, "spa": 174, "spd": 174, "spe": 141}}, "Hariyama": {"name": "Hariyama", "species": "Hariyama", "speciesId": "hariyama", "gender": "F", "shiny": false, "level": 87, "moves": ["stoneedge", "knockoff", "closecombat", "heavyslam"], "ability": "Thick Fat", "evs": {"hp": 85, "atk": 85, "def": 85, "spa": 85, "spd": 85, "spe": 85}, "ivs": {"hp": 31, "atk": 31, "def": 31, "spa": 31, "spd": 31, "spe": 31}, "item": "Assault Vest", "teraType": "Steel", "role": "AV Pivot", "bvs": {"hp": 144, "atk": 120, "def": 60, "spa": 40, "spd": 60, "spe": 50}, "stats": {"hp": 392, "atk": 259, "def": 154, "spa": 119, "spd": 154, "spe": 137}}, "Gurdurr": {"name": "Gurdurr", "species": "Gurdurr", "speciesId": "gurdurr", "gender": "M", "shiny": false, "level": 85, "moves": ["drainpunch", "machpunch", "defog", "knockoff"], "ability": "Guts", "evs": {"hp": 85, "atk": 85, "def": 85, "spa": 85, "spd": 85, "spe": 85}, "ivs": {"hp": 31, "atk": 31, "def": 31, "spa": 31, "spd": 31, "spe": 31}, "item": "Eviolite", "teraType": "Steel", "role": "Bulky Attacker", "bvs": {"hp": 85, "atk": 105, "def": 85, "spa": 40, "spd": 50, "spe": 40}, "stats": {"hp": 283, "atk": 227, "def": 193, "spa": 117, "spd": 134, "spe": 117}}, "Scream Tail": {"name": "Scream Tail", "species": "Scream Tail", "speciesId": "screamtail", "gender": "N", "shiny": false, "level": 84, "moves": ["encore", "wish", "playrough", "protect"], "ability": "Protosynthesis", "evs": {"hp": 85, "atk": 85, "def": 85, "spa": 85, "spd": 85, "spe": 85}, "ivs": {"hp": 31, "atk": 31, "def": 31, "spa": 31, "spd": 31, "spe": 31}, "item": "Leftovers", "teraType": "Poison", "role": "Bulky Support", "bvs": {"hp": 115, "atk": 65, "def": 99, "spa": 65, "spd": 115, "spe": 111}, "stats": {"hp": 330, "atk": 157, "def": 215, "spa": 157, "spd": 241, "spe": 235}}}, {"Ampharos": {"name": "Ampharos", "species": "Ampharos", "speciesId": "ampharos", "gender": "F", "shiny": false, "level": 88, "moves": ["focusblast", "dazzlinggleam", "thunderbolt", "voltswitch"], "ability": "Static", "evs": {"hp": 85, "atk": 0, "def": 85, "spa": 85, "spd": 85, "spe": 85}, "ivs": {"hp": 31, "atk": 0, "def": 31, "spa": 31, "spd": 31, "spe": 31}, "item": "Assault Vest", "teraType": "Fairy", "role": "AV Pivot", "bvs": {"hp": 90, "atk": 75, "def": 85, "spa": 115, "spd": 90, "spe": 55}, "stats": {"hp": 302, "atk": 137, "def": 200, "spa": 253, "spd": 209, "spe": 147}}, "Cresselia": {"name": "Cresselia", "species": "Cresselia", "speciesId": "cresselia", "gender": "F", "shiny": false, "level": 80, "moves": ["moonblast", "moonlight", "psyshock", "calmmind"], "ability": "Levitate", "evs": {"hp": 85, "atk": 0, "def": 85, "spa": 85, "spd": 85, "spe": 85}, "ivs": {"hp": 31, "atk": 0, "def": 31, "spa": 31, "spd": 31, "spe": 31}, "item": "Leftovers", "teraType": "Steel", "role": "Bulky Setup", "bvs": {"hp": 120, "atk": 70, "def": 110, "spa": 75, "spd": 120, "spe": 85}, "stats": {"hp": 323, "atk": 117, "def": 222, "spa": 166, "spd": 238, "spe": 182}}, "Basculin": {"name": "Basculin", "species": "Basculin", "speciesId": "basculin", "gender": "M", "shiny": false, "level": 86, "moves": ["doubleedge", "flipturn", "wavecrash", "aquajet"], "ability": "Adaptability", "evs": {"hp": 85, "atk": 85, "def": 85, "spa": 85, "spd": 85, "spe": 85}, "ivs": {"hp": 31, "atk": 31, "def": 31, "spa": 31, "spd": 31, "spe": 31}, "item": "Choice Band", "teraType": "Water", "role": "Wallbreaker", "bvs": {"hp": 70, "atk": 92, "def": 65, "spa": 80, "spd": 55, "spe": 98}, "stats": {"hp": 261, "atk": 207, "def": 161, "spa": 187, "spd": 144, "spe": 218}}, "Breloom": {"name": "Breloom", "species": "Breloom", "speciesId": "breloom", "gender": "F", "shiny": false, "level": 83, "moves": ["bulletseed", "spore", "machpunch", "rocktomb"], "ability": "Technician", "evs": {"hp": 85, "atk": 85, "def": 85, "spa": 85, "spd": 85, "spe": 85}, "ivs": {"hp": 31, "atk": 31, "def": 31, "spa": 31, "spd": 31, "spe": 31}, "item": "Life Orb", "teraType": "Rock", "role": "Fast Attacker", "bvs": {"hp": 60, "atk": 130, "def": 80, "spa": 60, "spd": 60, "spe": 70}, "stats": {"hp": 235, "atk": 263, "def": 180, "spa": 147, "spd": 147, "spe": 164}}, "Piloswine": {"name": "Piloswine", "species": "Piloswine", "speciesId": "piloswine", "gender": "F", "shiny": false, "level": 85, "moves": ["roar", "iciclecrash", "earthquake", "stealthrock"], "ability": "Thick Fat", "evs": {"hp": 85, "atk": 85, "def": 85, "spa": 85, "spd": 85, "spe": 85}, "ivs": {"hp": 31, "atk": 31, "def": 31, "spa": 31, "spd": 31, "spe": 31}, "item": "Eviolite", "teraType": "Poison", "role": "Bulky Support", "bvs": {"hp": 100, "atk": 100, "def": 80, "spa": 60, "spd": 60, "spe": 50}, "stats": {"hp": 309, "atk": 219, "def": 185, "spa": 151, "spd": 151, "spe": 134}}, "Glalie": {"name": "Glalie", "species": "Glalie", "speciesId": "glalie", "gender": "F", "shiny": false, "level": 96, "moves": ["earthquake", "taunt", "spikes", "freezedry"], "ability": "Inner Focus", "evs": {"hp": 85, "atk": 85, "def": 85, "spa": 85, "spd": 85, "spe": 85}, "ivs": {"hp": 31, "atk": 31, "def": 31, "spa": 31, "spd": 31, "spe": 31}, "item": "Heavy-Duty Boots", "teraType": "Ghost", "role": "Fast Support", "bvs": {"hp": 80, "atk": 80, "def": 80, "spa": 80, "spd": 80, "spe": 80}, "stats": {"hp": 309, "atk": 208, "def": 208, "spa": 208, "spd": 208, "spe": 208}}}]}