{"id": "gen9randombattle-2631916824", "format": "[Gen 9] Random Battle", "players": ["fortnitekid1212", "Soul Gem"], "log": "|j|\u2606fortnitekid1212\n|j|\u2606Soul Gem\n|t:|1781455356\n|gametype|singles\n|player|p1|fortnitekid1212|101|1972\n|player|p2|Soul Gem|misty|1925\n|gen|9\n|tier|[Gen 9] Random Battle\n|rated|\n|rule|Species Clause: Limit one of each Pok\u00e9mon\n|rule|HP Percentage Mod: HP is shown in percentages\n|rule|Sleep Clause Mod: Limit one foe put to sleep\n|rule|Illusion Level Mod: Illusion disguises the Pok\u00e9mon's true level\n|\n|t:|1781455356\n|teamsize|p1|6\n|teamsize|p2|6\n|start\n|switch|p1a: Metagross|Metagross, L79|256/256\n|switch|p2a: Misdreavus|Misdreavus, L90, F|254/254\n|turn|1\n|inactive|Battle timer is ON: inactive players will automatically lose when time's up. (requested by fortnitekid1212)\n|\n|t:|1781455384\n|switch|p1a: Arceus|Arceus-Grass, L73|219/219\n|move|p2a: Misdreavus|Will-O-Wisp|p1a: Arceus|[miss]\n|-miss|p2a: Misdreavus|p1a: Arceus\n|\n|upkeep\n|turn|2\n|\n|t:|1781455405\n|switch|p2a: Iron Jugulis|Iron Jugulis, L77|271/271\n|move|p1a: Arceus|Poltergeist|p2a: Iron Jugulis\n|-activate|p2a: Iron Jugulis|move: Poltergeist|Power Herb\n|-resisted|p2a: Iron Jugulis\n|-damage|p2a: Iron Jugulis|193/271\n|-damage|p1a: Arceus|198/219|[from] item: Life Orb\n|\n|upkeep\n|turn|3\n|\n|t:|1781455420\n|move|p1a: Arceus|Hyper Voice|p2a: Iron Jugulis\n|-damage|p2a: Iron Jugulis|24/271\n|-damage|p1a: Arceus|177/219|[from] item: Life Orb\n|move|p2a: Iron Jugulis|Meteor Beam||[still]\n|-prepare|p2a: Iron Jugulis|Meteor Beam\n|-boost|p2a: Iron Jugulis|spa|1\n|-enditem|p2a: Iron Jugulis|Power Herb\n|-anim|p2a: Iron Jugulis|Meteor Beam|p1a: Arceus\n|-damage|p1a: Arceus|0 fnt\n|replace|p1a: Zoroark|Zoroark-Hisui, L80, F\n|-end|p1a: Zoroark|Illusion\n|-hint|Illusion Level Mod is active, so this Pok\u00e9mon's true level was hidden.\n|faint|p1a: Zoroark\n|\n|upkeep\n|inactive|fortnitekid1212 has 120 seconds left.\n|\n|t:|1781455437\n|switch|p1a: Arceus|Arceus-Grass, L73|296/296\n|turn|4\n|\n|t:|1781455445\n|-end|p2a: Iron Jugulis|Quark Drive|[silent]\n|switch|p2a: Kilowattrel|Kilowattrel, L83, M|252/252\n|move|p1a: Arceus|Ice Beam|p2a: Kilowattrel\n|-supereffective|p2a: Kilowattrel\n|-damage|p2a: Kilowattrel|98/252\n|\n|upkeep\n|turn|5\n|\n|t:|1781455454\n|move|p2a: Kilowattrel|Roost|p2a: Kilowattrel\n|-heal|p2a: Kilowattrel|224/252\n|-singleturn|p2a: Kilowattrel|move: Roost\n|move|p1a: Arceus|Ice Beam|p2a: Kilowattrel\n|-damage|p2a: Kilowattrel|144/252\n|\n|upkeep\n|turn|6\n|\n|t:|1781455463\n|move|p2a: Kilowattrel|U-turn|p1a: Arceus\n|-supereffective|p1a: Arceus\n|-damage|p1a: Arceus|222/296\n|\n|t:|1781455469\n|switch|p2a: Misdreavus|Misdreavus, L90, F|254/254|[from] U-turn\n|move|p1a: Arceus|Ice Beam|p2a: Misdreavus\n|-damage|p2a: Misdreavus|218/254\n|\n|upkeep\n|turn|7\n|\n|t:|1781455499\n|switch|p1a: Swampert|Swampert, L83, M|302/302\n|move|p2a: Misdreavus|Will-O-Wisp|p1a: Swampert\n|-status|p1a: Swampert|brn\n|\n|-damage|p1a: Swampert|284/302 brn|[from] brn\n|upkeep\n|turn|8\n|\n|t:|1781455525\n|move|p2a: Misdreavus|Calm Mind|p2a: Misdreavus\n|-boost|p2a: Misdreavus|spa|1\n|-boost|p2a: Misdreavus|spd|1\n|move|p1a: Swampert|Yawn|p2a: Misdreavus\n|-start|p2a: Misdreavus|move: Yawn|[of] p1a: Swampert\n|\n|-heal|p1a: Swampert|302/302 brn|[from] item: Leftovers\n|-damage|p1a: Swampert|284/302 brn|[from] brn\n|upkeep\n|turn|9\n|\n|t:|1781455532\n|switch|p2a: Kilowattrel|Kilowattrel, L83, M|144/252\n|move|p1a: Swampert|Flip Turn|p2a: Kilowattrel\n|-damage|p2a: Kilowattrel|99/252\n|\n|t:|1781455538\n|switch|p1a: Delibird|Delibird, F|252/252|[from] Flip Turn\n|\n|upkeep\n|turn|10\n|\n|t:|1781455544\n|switch|p2a: Wugtrio|Wugtrio, L91, M|212/212\n|move|p1a: Delibird|Ice Shard|p2a: Wugtrio|[miss]\n|-miss|p1a: Delibird|p2a: Wugtrio\n|\n|upkeep\n|turn|11\n|\n|t:|1781455569\n|move|p2a: Wugtrio|Liquidation|p1a: Delibird\n|-damage|p1a: Delibird|51/252\n|move|p1a: Delibird|Brave Bird|p2a: Wugtrio|[miss]\n|-miss|p1a: Delibird|p2a: Wugtrio\n|\n|upkeep\n|turn|12\n|\n|t:|1781455579\n|switch|p1a: Arceus|Arceus-Grass, L73|222/296\n|move|p2a: Wugtrio|Liquidation|p1a: Arceus\n|-resisted|p1a: Arceus\n|-damage|p1a: Arceus|147/296\n|\n|upkeep\n|turn|13\n|\n|t:|1781455601\n|switch|p2a: Kilowattrel|Kilowattrel, L83, M|99/252\n|move|p1a: Arceus|Judgment|p2a: Kilowattrel\n|-resisted|p2a: Kilowattrel\n|-damage|p2a: Kilowattrel|22/252\n|\n|upkeep\n|turn|14\n|\n|t:|1781455608\n|move|p2a: Kilowattrel|Hurricane|p1a: Arceus|[miss]\n|-miss|p2a: Kilowattrel|p1a: Arceus\n|move|p1a: Arceus|Ice Beam|p2a: Kilowattrel\n|-supereffective|p2a: Kilowattrel\n|-damage|p2a: Kilowattrel|0 fnt\n|faint|p2a: Kilowattrel\n|\n|upkeep\n|\n|t:|1781455625\n|switch|p2a: Terapagos|Terapagos, L77, F|265/265\n|-activate|p2a: Terapagos|ability: Tera Shift\n|detailschange|p2a: Terapagos|Terapagos-Terastal, L77, F\n|-heal|p2a: Terapagos|273/273|[silent]\n|turn|15\n|\n|t:|1781455633\n|switch|p1a: Armarouge|Armarouge, L80, F|267/267\n|move|p2a: Terapagos|Calm Mind|p2a: Terapagos\n|-boost|p2a: Terapagos|spa|1\n|-boost|p2a: Terapagos|spd|1\n|\n|upkeep\n|turn|16\n|\n|t:|1781455640\n|move|p2a: Terapagos|Calm Mind|p2a: Terapagos\n|-boost|p2a: Terapagos|spa|1\n|-boost|p2a: Terapagos|spd|1\n|move|p1a: Armarouge|Psyshock|p2a: Terapagos\n|-activate|p2a: Terapagos|ability: Tera Shell\n|-resisted|p2a: Terapagos\n|-damage|p2a: Terapagos|209/273\n|\n|upkeep\n|turn|17\n|\n|t:|1781455651\n|-terastallize|p2a: Terapagos|Stellar\n|detailschange|p2a: Terapagos|Terapagos-Stellar, L77, F, tera:Stellar\n|-heal|p2a: Terapagos|309/373|[silent]\n|move|p2a: Terapagos|Tera Starstorm|p1a: Armarouge\n|-damage|p1a: Armarouge|29/267\n|move|p1a: Armarouge|Psyshock|p2a: Terapagos\n|-damage|p2a: Terapagos|171/373\n|\n|upkeep\n|turn|18\n|\n|t:|1781455669\n|move|p2a: Terapagos|Rapid Spin|p1a: Armarouge\n|-damage|p1a: Armarouge|0 fnt\n|-boost|p2a: Terapagos|spe|1\n|faint|p1a: Armarouge\n|\n|upkeep\n|\n|t:|1781455675\n|switch|p1a: Metagross|Metagross, L79|256/256\n|turn|19\n|\n|t:|1781455680\n|move|p2a: Terapagos|Earth Power|p1a: Metagross\n|-supereffective|p1a: Metagross\n|-damage|p1a: Metagross|0 fnt\n|faint|p1a: Metagross\n|\n|upkeep\n|-message|fortnitekid1212 forfeited.\n|\n|win|Soul Gem\n|raw|fortnitekid1212's rating: 1972 &rarr; <strong>1949</strong><br />(-23 for losing)\n|raw|Soul Gem's rating: 1925 &rarr; <strong>1948</strong><br />(+23 for winning)\n|l|\u2606fortnitekid1212\n|player|p1|\n", "inputlog": ">version a8376a258c1d4662feba110a92103f3664a72141\n>start {\"formatid\":\"gen9randombattle\",\"seed\":\"sodium,1b51aef9b17699d8760ba0d878923895\",\"rated\":\"Rated battle\"}\n>player p1 {\"name\":\"fortnitekid1212\",\"avatar\":\"101\",\"rating\":1972,\"seed\":\"sodium,d345406dd2290a5d9e8c4bc8acaf0d5c\"}\n>player p2 {\"name\":\"Soul Gem\",\"avatar\":\"misty\",\"rating\":1925,\"seed\":\"sodium,8b8a00ab32b7ed5bfc79c7d0d1434868\"}\n>p1 switch 4\n>p2 move willowisp\n>p1 move poltergeist\n>p2 switch 6\n>p1 move hypervoice\n>p2 move meteorbeam\n>p1 switch 6\n>p1 move icebeam\n>p2 switch 4\n>p1 move icebeam\n>p2 move roost\n>p1 move icebeam\n>p2 move uturn\n>p2 switch 6\n>p1 switch 2\n>p2 move willowisp\n>p1 move yawn\n>p2 move calmmind\n>p1 move flipturn\n>p2 switch 6\n>p1 switch 5\n>p1 move iceshard\n>p2 switch 3\n>p1 move bravebird\n>p2 move liquidation\n>p1 switch 2\n>p2 move liquidation\n>p1 move judgment\n>p2 switch 3\n>p1 move icebeam\n>p2 move hurricane\n>p2 switch 5\n>p1 switch 3\n>p2 move calmmind\n>p1 move psyshock\n>p2 move calmmind\n>p1 move psyshock\n>p2 move terastarstorm terastallize\n>p1 move psyshock\n>p2 move rapidspin\n>p1 switch 4\n>p1 move heavyslam\n>p2 move earthpower\n>forcelose p1", "uploadtime": 1781455358, "views": 5, "formatid": "gen9randombattle", "rating": 1948, "private": 0, "password": null, "player_dets": [{"name": "fortnitekid1212", "avatar": "101", "rating": 1972, "seed": "sodium,d345406dd2290a5d9e8c4bc8acaf0d5c"}, {"name": "Soul Gem", "avatar": "misty", "rating": 1925, "seed": "sodium,8b8a00ab32b7ed5bfc79c7d0d1434868"}], "teams_full": [{"Metagross": {"name": "Metagross", "species": "Metagross", "speciesId": "metagross", "gender": "N", "shiny": false, "level": 79, "moves": ["heavyslam", "bulletpunch", "stealthrock", "earthquake"], "ability": "Clear Body", "evs": {"hp": 85, "atk": 85, "def": 85, "spa": 85, "spd": 85, "spe": 85}, "ivs": {"hp": 31, "atk": 31, "def": 31, "spa": 31, "spd": 31, "spe": 31}, "item": "Leftovers", "teraType": "Water", "role": "Bulky Support", "bvs": {"hp": 80, "atk": 135, "def": 130, "spa": 95, "spd": 90, "spe": 70}, "stats": {"hp": 256, "atk": 259, "def": 251, "spa": 196, "spd": 188, "spe": 156}}, "Swampert": {"name": "Swampert", "species": "Swampert", "speciesId": "swampert", "gender": "M", "shiny": false, "level": 83, "moves": ["earthquake", "yawn", "flipturn", "icebeam"], "ability": "Torrent", "evs": {"hp": 85, "atk": 85, "def": 85, "spa": 85, "spd": 85, "spe": 85}, "ivs": {"hp": 31, "atk": 31, "def": 31, "spa": 31, "spd": 31, "spe": 31}, "item": "Leftovers", "teraType": "Steel", "role": "Bulky Support", "bvs": {"hp": 100, "atk": 110, "def": 90, "spa": 85, "spd": 90, "spe": 60}, "stats": {"hp": 302, "atk": 230, "def": 197, "spa": 189, "spd": 197, "spe": 147}}, "Armarouge": {"name": "Armarouge", "species": "Armarouge", "speciesId": "armarouge", "gender": "F", "shiny": false, "level": 80, "moves": ["energyball", "aurasphere", "armorcannon", "psyshock"], "ability": "Weak Armor", "evs": {"hp": 85, "atk": 0, "def": 85, "spa": 85, "spd": 85, "spe": 85}, "ivs": {"hp": 31, "atk": 0, "def": 31, "spa": 31, "spd": 31, "spe": 31}, "item": "Choice Specs", "teraType": "Psychic", "role": "Wallbreaker", "bvs": {"hp": 85, "atk": 60, "def": 100, "spa": 125, "spd": 80, "spe": 75}, "stats": {"hp": 267, "atk": 101, "def": 206, "spa": 246, "spd": 174, "spe": 166}}, "Zoroark": {"name": "Zoroark", "species": "Zoroark-Hisui", "speciesId": "zoroarkhisui", "gender": "F", "shiny": false, "level": 80, "moves": ["willowisp", "focusblast", "hypervoice", "poltergeist"], "ability": "Illusion", "evs": {"hp": 85, "atk": 85, "def": 85, "spa": 85, "spd": 85, "spe": 85}, "ivs": {"hp": 31, "atk": 31, "def": 31, "spa": 31, "spd": 31, "spe": 31}, "item": "Life Orb", "teraType": "Normal", "role": "Fast Attacker", "bvs": {"hp": 55, "atk": 100, "def": 60, "spa": 125, "spd": 60, "spe": 110}, "stats": {"hp": 219, "atk": 206, "def": 142, "spa": 246, "spd": 142, "spe": 222}}, "Delibird": {"name": "Delibird", "species": "Delibird", "speciesId": "delibird", "gender": "F", "shiny": false, "level": 100, "moves": ["drillrun", "iceshard", "icespinner", "bravebird"], "ability": "Hustle", "evs": {"hp": 85, "atk": 85, "def": 85, "spa": 85, "spd": 85, "spe": 85}, "ivs": {"hp": 31, "atk": 31, "def": 31, "spa": 31, "spd": 31, "spe": 31}, "item": "Heavy-Duty Boots", "teraType": "Flying", "role": "Fast Attacker", "bvs": {"hp": 45, "atk": 55, "def": 45, "spa": 65, "spd": 45, "spe": 75}, "stats": {"hp": 252, "atk": 167, "def": 147, "spa": 187, "spd": 147, "spe": 207}}, "Arceus": {"name": "Arceus", "species": "Arceus-Grass", "speciesId": "arceusgrass", "gender": "N", "shiny": false, "level": 73, "moves": ["earthpower", "judgment", "calmmind", "icebeam"], "ability": "Multitype", "evs": {"hp": 85, "atk": 0, "def": 85, "spa": 85, "spd": 85, "spe": 85}, "ivs": {"hp": 31, "atk": 0, "def": 31, "spa": 31, "spd": 31, "spe": 31}, "item": "Meadow Plate", "teraType": "Ground", "role": "Setup Sweeper", "bvs": {"hp": 120, "atk": 120, "def": 120, "spa": 120, "spd": 120, "spe": 120}, "stats": {"hp": 296, "atk": 180, "def": 218, "spa": 218, "spd": 218, "spe": 218}}}, {"Misdreavus": {"name": "Misdreavus", "species": "Misdreavus", "speciesId": "misdreavus", "gender": "F", "shiny": false, "level": 90, "moves": ["calmmind", "shadowball", "willowisp", "drainingkiss"], "ability": "Levitate", "evs": {"hp": 85, "atk": 0, "def": 85, "spa": 85, "spd": 85, "spe": 85}, "ivs": {"hp": 31, "atk": 0, "def": 31, "spa": 31, "spd": 31, "spe": 31}, "item": "Eviolite", "teraType": "Fairy", "role": "Bulky Setup", "bvs": {"hp": 60, "atk": 60, "def": 60, "spa": 85, "spd": 85, "spe": 85}, "stats": {"hp": 254, "atk": 113, "def": 159, "spa": 204, "spd": 204, "spe": 204}}, "Toxtricity": {"name": "Toxtricity", "species": "Toxtricity", "speciesId": "toxtricity", "gender": "F", "shiny": false, "level": 82, "moves": ["boomburst", "overdrive", "voltswitch", "sludgewave"], "ability": "Punk Rock", "evs": {"hp": 85, "atk": 0, "def": 85, "spa": 85, "spd": 85, "spe": 85}, "ivs": {"hp": 31, "atk": 0, "def": 31, "spa": 31, "spd": 31, "spe": 31}, "item": "Choice Specs", "teraType": "Normal", "role": "Fast Attacker", "bvs": {"hp": 75, "atk": 98, "def": 70, "spa": 114, "spd": 70, "spe": 75}, "stats": {"hp": 257, "atk": 165, "def": 162, "spa": 234, "spd": 162, "spe": 170}}, "Wugtrio": {"name": "Wugtrio", "species": "Wugtrio", "speciesId": "wugtrio", "gender": "M", "shiny": false, "level": 91, "moves": ["aquajet", "throatchop", "liquidation", "stompingtantrum"], "ability": "Gooey", "evs": {"hp": 85, "atk": 85, "def": 85, "spa": 85, "spd": 85, "spe": 85}, "ivs": {"hp": 31, "atk": 31, "def": 31, "spa": 31, "spd": 31, "spe": 31}, "item": "Choice Band", "teraType": "Ground", "role": "Fast Attacker", "bvs": {"hp": 35, "atk": 100, "def": 50, "spa": 50, "spd": 70, "spe": 120}, "stats": {"hp": 212, "atk": 234, "def": 143, "spa": 143, "spd": 179, "spe": 270}}, "Kilowattrel": {"name": "Kilowattrel", "species": "Kilowattrel", "speciesId": "kilowattrel", "gender": "M", "shiny": false, "level": 83, "moves": ["thunderbolt", "roost", "uturn", "hurricane"], "ability": "Volt Absorb", "evs": {"hp": 85, "atk": 85, "def": 85, "spa": 85, "spd": 85, "spe": 85}, "ivs": {"hp": 31, "atk": 31, "def": 31, "spa": 31, "spd": 31, "spe": 31}, "item": "Heavy-Duty Boots", "teraType": "Water", "role": "Bulky Attacker", "bvs": {"hp": 70, "atk": 70, "def": 60, "spa": 105, "spd": 60, "spe": 125}, "stats": {"hp": 252, "atk": 164, "def": 147, "spa": 222, "spd": 147, "spe": 255}}, "Terapagos": {"name": "Terapagos", "species": "Terapagos", "speciesId": "terapagos", "gender": "F", "shiny": false, "level": 77, "moves": ["terastarstorm", "calmmind", "earthpower", "rapidspin"], "ability": "Tera Shift", "evs": {"hp": 85, "atk": 85, "def": 85, "spa": 85, "spd": 85, "spe": 85}, "ivs": {"hp": 31, "atk": 31, "def": 31, "spa": 31, "spd": 31, "spe": 31}, "item": "Heavy-Duty Boots", "teraType": "Stellar", "role": "Fast Bulky Setup", "bvs": {"hp": 90, "atk": 65, "def": 85, "spa": 65, "spd": 85, "spe": 60}, "stats": {"hp": 265, "atk": 145, "def": 175, "spa": 145, "spd": 175, "spe": 137}}, "Iron Jugulis": {"name": "Iron Jugulis", "species": "Iron Jugulis", "speciesId": "ironjugulis", "gender": "N", "shiny": false, "level": 77, "moves": ["darkpulse", "hurricane", "meteorbeam", "earthpower"], "ability": "Quark Drive", "evs": {"hp": 85, "atk": 0, "def": 85, "spa": 85, "spd": 85, "spe": 85}, "ivs": {"hp": 31, "atk": 0, "def": 31, "spa": 31, "spd": 31, "spe": 31}, "item": "Power Herb", "teraType": "Ground", "role": "Setup Sweeper", "bvs": {"hp": 94, "atk": 80, "def": 86, "spa": 122, "spd": 80, "spe": 108}, "stats": {"hp": 271, "atk": 128, "def": 177, "spa": 232, "spd": 168, "spe": 211}}}]}