{"id": "gen9randombattle-2631593575", "format": "[Gen 9] Random Battle", "players": ["grass1234567", "NidKrosis"], "log": "|j|\u2606grass1234567\n|j|\u2606NidKrosis\n|t:|1781405950\n|gametype|singles\n|player|p1|grass1234567|pokemaniac|1945\n|player|p2|NidKrosis|karen|1989\n|gen|9\n|tier|[Gen 9] Random Battle\n|rated|\n|rule|Species Clause: Limit one of each Pok\u00e9mon\n|rule|HP Percentage Mod: HP is shown in percentages\n|rule|Sleep Clause Mod: Limit one foe put to sleep\n|rule|Illusion Level Mod: Illusion disguises the Pok\u00e9mon's true level\n|\n|t:|1781405950\n|teamsize|p1|6\n|teamsize|p2|6\n|start\n|switch|p1a: Granbull|Granbull, L88, F|302/302\n|switch|p2a: Dragonite|Dragonite, L74, F|257/257\n|-ability|p1a: Granbull|Intimidate|boost\n|-unboost|p2a: Dragonite|atk|1\n|turn|1\n|inactive|Battle timer is ON: inactive players will automatically lose when time's up. (requested by NidKrosis)\n|\n|t:|1781405964\n|switch|p2a: Rotom|Rotom, L88|231/231\n|move|p1a: Granbull|Thunder Wave|p2a: Rotom\n|-immune|p2a: Rotom\n|\n|upkeep\n|turn|2\n|\n|t:|1781405985\n|switch|p1a: Iron Moth|Iron Moth, L78|253/253\n|move|p2a: Rotom|Trick|p1a: Iron Moth\n|-activate|p2a: Rotom|move: Trick|[of] p1a: Iron Moth\n|-item|p1a: Iron Moth|Choice Scarf|[from] move: Trick\n|-item|p2a: Rotom|Heavy-Duty Boots|[from] move: Trick\n|\n|upkeep\n|turn|3\n|\n|t:|1781406001\n|-end|p1a: Iron Moth|Quark Drive|[silent]\n|switch|p1a: Morpeko|Morpeko, L88, M|245/245\n|move|p2a: Rotom|Volt Switch|p1a: Morpeko\n|-resisted|p1a: Morpeko\n|-damage|p1a: Morpeko|190/245\n|\n|t:|1781406015\n|switch|p2a: Gumshoos|Gumshoos, L95, F|321/321|[from] Volt Switch\n|\n|-heal|p1a: Morpeko|205/245|[from] item: Leftovers\n|-formechange|p1a: Morpeko|Morpeko-Hangry||[from] ability: Hunger Switch\n|upkeep\n|turn|4\n|\n|t:|1781406023\n|move|p1a: Morpeko|Protect|p1a: Morpeko\n|-singleturn|p1a: Morpeko|Protect\n|move|p2a: Gumshoos|Double-Edge|p1a: Morpeko\n|-activate|p1a: Morpeko|move: Protect\n|\n|-heal|p1a: Morpeko|220/245|[from] item: Leftovers\n|-formechange|p1a: Morpeko|Morpeko||[from] ability: Hunger Switch\n|upkeep\n|turn|5\n|\n|t:|1781406048\n|switch|p1a: Granbull|Granbull, L88, F|302/302\n|-ability|p1a: Granbull|Intimidate|boost\n|-unboost|p2a: Gumshoos|atk|1\n|move|p2a: Gumshoos|Double-Edge|p1a: Granbull\n|-damage|p1a: Granbull|22/302\n|-damage|p2a: Gumshoos|229/321|[from] Recoil\n|\n|-heal|p1a: Granbull|40/302|[from] item: Leftovers\n|upkeep\n|turn|6\n|\n|t:|1781406057\n|switch|p1a: Greedent|Greedent, L86, M|347/347\n|move|p2a: Gumshoos|Double-Edge|p1a: Greedent\n|-damage|p1a: Greedent|141/347\n|-enditem|p1a: Greedent|Sitrus Berry|[eat]\n|-heal|p1a: Greedent|227/347|[from] item: Sitrus Berry\n|-heal|p1a: Greedent|342/347|[from] ability: Cheek Pouch\n|-damage|p2a: Gumshoos|161/321|[from] Recoil\n|\n|upkeep\n|turn|7\n|\n|t:|1781406068\n|switch|p2a: Rotom|Rotom, L88|231/231\n|-terastallize|p1a: Greedent|Ghost\n|move|p1a: Greedent|Swords Dance|p1a: Greedent\n|-boost|p1a: Greedent|atk|2\n|\n|upkeep\n|turn|8\n|\n|t:|1781406088\n|move|p2a: Rotom|Shadow Ball|p1a: Greedent\n|-supereffective|p1a: Greedent\n|-damage|p1a: Greedent|138/347\n|-unboost|p1a: Greedent|spd|1\n|move|p1a: Greedent|Knock Off|p2a: Rotom\n|-supereffective|p2a: Rotom\n|-damage|p2a: Rotom|0 fnt\n|-enditem|p2a: Rotom|Heavy-Duty Boots|[from] move: Knock Off|[of] p1a: Greedent\n|faint|p2a: Rotom\n|\n|upkeep\n|\n|t:|1781406103\n|switch|p2a: Kingambit|Kingambit, L74, M|270/270\n|-activate|p2a: Kingambit|ability: Supreme Overlord\n|-start|p2a: Kingambit|fallen1|[silent]\n|turn|9\n|\n|t:|1781406128\n|switch|p1a: Iron Moth|Iron Moth, L78|253/253\n|move|p2a: Kingambit|Kowtow Cleave|p1a: Iron Moth\n|-damage|p1a: Iron Moth|106/253\n|\n|upkeep\n|turn|10\n|inactive|grass1234567 has 120 seconds left.\n|\n|t:|1781406148\n|-end|p1a: Iron Moth|Quark Drive|[silent]\n|switch|p1a: Dachsbun|Dachsbun, L92, M|254/254\n|-end|p2a: Kingambit|fallen1|[silent]\n|switch|p2a: Cinderace|Cinderace, L77, M|249/249\n|\n|upkeep\n|turn|11\n|\n|t:|1781406157\n|move|p1a: Dachsbun|Protect|p1a: Dachsbun\n|-singleturn|p1a: Dachsbun|Protect\n|move|p2a: Cinderace|Pyro Ball|p1a: Dachsbun\n|-activate|p1a: Dachsbun|move: Protect\n|\n|upkeep\n|turn|12\n|\n|t:|1781406168\n|switch|p2a: Mesprit|Mesprit, L85|275/275\n|move|p1a: Dachsbun|Wish|p1a: Dachsbun\n|\n|upkeep\n|turn|13\n|inactive|grass1234567 has 120 seconds left.\n|\n|t:|1781406189\n|switch|p1a: Lokix|Lokix, L82, F|251/251\n|move|p2a: Mesprit|Stealth Rock|p1a: Lokix\n|-sidestart|p1: grass1234567|move: Stealth Rock\n|\n|upkeep\n|turn|14\n|inactive|grass1234567 has 120 seconds left.\n|\n|t:|1781406204\n|switch|p2a: Gumshoos|Gumshoos, L95, F|161/321\n|move|p1a: Lokix|Knock Off|p2a: Gumshoos\n|-damage|p2a: Gumshoos|5/321\n|-enditem|p2a: Gumshoos|Choice Band|[from] move: Knock Off|[of] p1a: Lokix\n|-damage|p1a: Lokix|226/251|[from] item: Life Orb\n|\n|upkeep\n|turn|15\n|\n|t:|1781406218\n|move|p1a: Lokix|Leech Life|p2a: Gumshoos\n|-damage|p2a: Gumshoos|0 fnt\n|-heal|p1a: Lokix|229/251|[from] drain|[of] p2a: Gumshoos\n|faint|p2a: Gumshoos\n|-damage|p1a: Lokix|204/251|[from] item: Life Orb\n|\n|upkeep\n|\n|t:|1781406231\n|switch|p2a: Kingambit|Kingambit, L74, M|270/270\n|-activate|p2a: Kingambit|ability: Supreme Overlord\n|-start|p2a: Kingambit|fallen2|[silent]\n|turn|16\n|inactive|grass1234567 has 120 seconds left.\n|\n|t:|1781406250\n|switch|p1a: Granbull|Granbull, L88, F|40/302\n|-damage|p1a: Granbull|3/302|[from] Stealth Rock\n|-ability|p1a: Granbull|Intimidate|boost\n|-unboost|p2a: Kingambit|atk|1\n|move|p2a: Kingambit|Swords Dance|p2a: Kingambit\n|-boost|p2a: Kingambit|atk|2\n|\n|-heal|p1a: Granbull|21/302|[from] item: Leftovers\n|upkeep\n|turn|17\n|inactive|grass1234567 has 120 seconds left.\n|\n|t:|1781406260\n|move|p2a: Kingambit|Sucker Punch||[still]\n|-fail|p2a: Kingambit\n|move|p1a: Granbull|Thunder Wave|p2a: Kingambit\n|-status|p2a: Kingambit|par\n|\n|-heal|p1a: Granbull|39/302|[from] item: Leftovers\n|upkeep\n|turn|18\n|\n|t:|1781406269\n|cant|p2a: Kingambit|par\n|move|p1a: Granbull|Roar|p2a: Kingambit\n|-end|p2a: Kingambit|fallen2|[silent]\n|drag|p2a: Cinderace|Cinderace, L77, M|249/249\n|\n|-heal|p1a: Granbull|57/302|[from] item: Leftovers\n|upkeep\n|turn|19\n|\n|t:|1781406276\n|switch|p1a: Dachsbun|Dachsbun, L92, M|254/254\n|-damage|p1a: Dachsbun|223/254|[from] Stealth Rock\n|move|p2a: Cinderace|U-turn|p1a: Dachsbun\n|-start|p2a: Cinderace|typechange|Bug|[from] ability: Libero\n|-resisted|p1a: Dachsbun\n|-damage|p1a: Dachsbun|199/254\n|\n|t:|1781406281\n|switch|p2a: Mesprit|Mesprit, L85|275/275|[from] U-turn\n|\n|-heal|p1a: Dachsbun|214/254|[from] item: Leftovers\n|upkeep\n|turn|20\n|\n|t:|1781406288\n|move|p1a: Dachsbun|Protect|p1a: Dachsbun\n|-singleturn|p1a: Dachsbun|Protect\n|move|p2a: Mesprit|Knock Off|p1a: Dachsbun\n|-activate|p1a: Dachsbun|move: Protect\n|\n|-heal|p1a: Dachsbun|229/254|[from] item: Leftovers\n|upkeep\n|turn|21\n|\n|t:|1781406310\n|move|p1a: Dachsbun|Wish|p1a: Dachsbun\n|move|p2a: Mesprit|Encore|p1a: Dachsbun\n|-start|p1a: Dachsbun|Encore\n|\n|-heal|p1a: Dachsbun|244/254|[from] item: Leftovers\n|upkeep\n|turn|22\n|\n|t:|1781406327\n|switch|p1a: Morpeko|Morpeko, L88, M|220/245\n|-damage|p1a: Morpeko|190/245|[from] Stealth Rock\n|move|p2a: Mesprit|Knock Off|p1a: Morpeko\n|-resisted|p1a: Morpeko\n|-damage|p1a: Morpeko|138/245\n|-enditem|p1a: Morpeko|Leftovers|[from] move: Knock Off|[of] p2a: Mesprit\n|\n|-heal|p1a: Morpeko|245/245|[from] move: Wish|[wisher] Dachsbun\n|-formechange|p1a: Morpeko|Morpeko-Hangry||[from] ability: Hunger Switch\n|upkeep\n|turn|23\n|\n|t:|1781406338\n|switch|p2a: Cinderace|Cinderace, L77, M|249/249\n|move|p1a: Morpeko|Rapid Spin|p2a: Cinderace\n|-damage|p2a: Cinderace|204/249\n|-boost|p1a: Morpeko|spe|1\n|-sideend|p1: grass1234567|Stealth Rock|[from] move: Rapid Spin|[of] p1a: Morpeko\n|\n|-formechange|p1a: Morpeko|Morpeko||[from] ability: Hunger Switch\n|upkeep\n|turn|24\n|l|\u2606NidKrosis\n|inactive|NidKrosis disconnected and has a minute to reconnect!\n|player|p2|\n|inactive|NidKrosis has 30 seconds to reconnect!\n|inactive|NidKrosis has 20 seconds to reconnect!\n|inactive|NidKrosis has 15 seconds to reconnect!\n|inactive|NidKrosis has 10 seconds to reconnect!\n|inactive|NidKrosis has 5 seconds to reconnect!\n|-message|NidKrosis lost due to inactivity.\n|\n|win|grass1234567\n", "inputlog": ">version a8376a258c1d4662feba110a92103f3664a72141\n>start {\"formatid\":\"gen9randombattle\",\"seed\":\"sodium,66ab2439d6665f6bb249cb7da36d0221\",\"rated\":\"Rated battle\"}\n>player p1 {\"name\":\"grass1234567\",\"avatar\":\"pokemaniac\",\"rating\":1945,\"seed\":\"sodium,51a1078fc1551bb396da87e396ceb68f\"}\n>player p2 {\"name\":\"NidKrosis\",\"avatar\":\"karen\",\"rating\":1989,\"seed\":\"sodium,82bd4638868ee14bced95b2e656e1197\"}\n>p1 move thunderwave\n>p2 switch 5\n>p1 switch 5\n>p2 move trick\n>p1 switch 3\n>p2 move voltswitch\n>p2 switch 4\n>p1 move protect\n>p2 move doubleedge\n>p1 switch 5\n>p2 move doubleedge\n>p1 switch 2\n>p2 move doubleedge\n>p1 move swordsdance terastallize\n>p2 switch 4\n>p1 move knockoff\n>p2 move shadowball\n>p2 switch 6\n>p1 switch 3\n>p2 move kowtowcleave\n>p1 switch 4\n>p2 switch 3\n>p1 move protect\n>p2 move pyroball\n>p1 move wish\n>p2 switch 2\n>p1 switch 6\n>p2 move stealthrock\n>p1 move knockoff\n>p2 switch 4\n>p1 move leechlife\n>p2 move doubleedge\n>p2 switch 3\n>p1 switch 2\n>p2 move swordsdance\n>p1 move thunderwave\n>p2 move suckerpunch\n>p1 move roar\n>p2 move suckerpunch\n>p1 switch 6\n>p2 move uturn\n>p2 switch 4\n>p1 move protect\n>p2 move knockoff\n>p1 move wish\n>p2 move encore\n>p1 switch 5\n>p2 move knockoff\n>p1 move rapidspin\n>p2 switch 4\n>forcelose p2", "uploadtime": 1781405952, "views": 5, "formatid": "gen9randombattle", "rating": null, "private": 0, "password": null, "player_dets": [{"name": "grass1234567", "avatar": "pokemaniac", "rating": 1945, "seed": "sodium,51a1078fc1551bb396da87e396ceb68f"}, {"name": "NidKrosis", "avatar": "karen", "rating": 1989, "seed": "sodium,82bd4638868ee14bced95b2e656e1197"}], "teams_full": [{"Granbull": {"name": "Granbull", "species": "Granbull", "speciesId": "granbull", "gender": "F", "shiny": false, "level": 88, "moves": ["thunderwave", "roar", "earthquake", "playrough"], "ability": "Intimidate", "evs": {"hp": 85, "atk": 85, "def": 85, "spa": 85, "spd": 85, "spe": 85}, "ivs": {"hp": 31, "atk": 31, "def": 31, "spa": 31, "spd": 31, "spe": 31}, "item": "Leftovers", "teraType": "Ground", "role": "Bulky Support", "bvs": {"hp": 90, "atk": 120, "def": 75, "spa": 60, "spd": 60, "spe": 45}, "stats": {"hp": 302, "atk": 261, "def": 182, "spa": 156, "spd": 156, "spe": 129}, "types": ["Fairy"]}, "Greedent": {"name": "Greedent", "species": "Greedent", "speciesId": "greedent", "gender": "M", "shiny": false, "level": 86, "moves": ["earthquake", "doubleedge", "knockoff", "swordsdance"], "ability": "Cheek Pouch", "evs": {"hp": 85, "atk": 85, "def": 85, "spa": 85, "spd": 85, "spe": 85}, "ivs": {"hp": 31, "atk": 31, "def": 31, "spa": 31, "spd": 31, "spe": 31}, "item": "Sitrus Berry", "teraType": "Ghost", "role": "Bulky Setup", "bvs": {"hp": 120, "atk": 95, "def": 95, "spa": 55, "spd": 75, "spe": 20}, "stats": {"hp": 347, "atk": 213, "def": 213, "spa": 144, "spd": 178, "spe": 84}, "types": ["Normal"]}, "Morpeko": {"name": "Morpeko", "species": "Morpeko", "speciesId": "morpeko", "gender": "M", "shiny": false, "level": 88, "moves": ["knockoff", "aurawheel", "rapidspin", "protect"], "ability": "Hunger Switch", "evs": {"hp": 85, "atk": 85, "def": 85, "spa": 85, "spd": 85, "spe": 85}, "ivs": {"hp": 31, "atk": 31, "def": 31, "spa": 31, "spd": 31, "spe": 31}, "item": "Leftovers", "teraType": "Electric", "role": "Bulky Attacker", "bvs": {"hp": 58, "atk": 95, "def": 58, "spa": 70, "spd": 58, "spe": 97}, "stats": {"hp": 245, "atk": 217, "def": 152, "spa": 173, "spd": 152, "spe": 221}, "types": ["Electric", "Dark"]}, "Dachsbun": {"name": "Dachsbun", "species": "Dachsbun", "speciesId": "dachsbun", "gender": "M", "shiny": false, "level": 92, "moves": ["yawn", "protect", "playrough", "wish"], "ability": "Well-Baked Body", "evs": {"hp": 85, "atk": 85, "def": 85, "spa": 85, "spd": 85, "spe": 85}, "ivs": {"hp": 31, "atk": 31, "def": 31, "spa": 31, "spd": 31, "spe": 31}, "item": "Leftovers", "teraType": "Steel", "role": "Bulky Support", "bvs": {"hp": 57, "atk": 80, "def": 115, "spa": 50, "spd": 80, "spe": 95}, "stats": {"hp": 254, "atk": 200, "def": 264, "spa": 144, "spd": 200, "spe": 227}, "types": ["Fairy"]}, "Iron Moth": {"name": "Iron Moth", "species": "Iron Moth", "speciesId": "ironmoth", "gender": "N", "shiny": false, "level": 78, "moves": ["energyball", "morningsun", "sludgewave", "fireblast"], "ability": "Quark Drive", "evs": {"hp": 85, "atk": 0, "def": 85, "spa": 85, "spd": 85, "spe": 85}, "ivs": {"hp": 31, "atk": 0, "def": 31, "spa": 31, "spd": 31, "spe": 31}, "item": "Heavy-Duty Boots", "teraType": "Grass", "role": "Fast Attacker", "bvs": {"hp": 80, "atk": 70, "def": 60, "spa": 140, "spd": 110, "spe": 110}, "stats": {"hp": 253, "atk": 114, "def": 139, "spa": 263, "spd": 217, "spe": 217}, "types": ["Fire", "Poison"]}, "Lokix": {"name": "Lokix", "species": "Lokix", "speciesId": "lokix", "gender": "F", "shiny": false, "level": 82, "moves": ["suckerpunch", "leechlife", "knockoff", "firstimpression"], "ability": "Tinted Lens", "evs": {"hp": 85, "atk": 85, "def": 85, "spa": 85, "spd": 85, "spe": 85}, "ivs": {"hp": 31, "atk": 31, "def": 31, "spa": 31, "spd": 31, "spe": 31}, "item": "Life Orb", "teraType": "Bug", "role": "Wallbreaker", "bvs": {"hp": 71, "atk": 102, "def": 78, "spa": 52, "spd": 55, "spe": 92}, "stats": {"hp": 251, "atk": 214, "def": 175, "spa": 132, "spd": 137, "spe": 198}, "types": ["Bug", "Dark"]}}, {"Dragonite": {"name": "Dragonite", "species": "Dragonite", "speciesId": "dragonite", "gender": "F", "shiny": false, "level": 74, "moves": ["ironhead", "dragondance", "earthquake", "outrage"], "ability": "Multiscale", "evs": {"hp": 85, "atk": 85, "def": 85, "spa": 85, "spd": 85, "spe": 85}, "ivs": {"hp": 31, "atk": 31, "def": 31, "spa": 31, "spd": 31, "spe": 31}, "item": "Heavy-Duty Boots", "teraType": "Steel", "role": "Setup Sweeper", "bvs": {"hp": 91, "atk": 134, "def": 95, "spa": 100, "spd": 100, "spe": 80}, "stats": {"hp": 257, "atk": 241, "def": 184, "spa": 191, "spd": 191, "spe": 161}, "types": ["Dragon", "Flying"]}, "Mesprit": {"name": "Mesprit", "species": "Mesprit", "speciesId": "mesprit", "gender": "N", "shiny": false, "level": 85, "moves": ["encore", "knockoff", "psychicnoise", "stealthrock"], "ability": "Levitate", "evs": {"hp": 85, "atk": 85, "def": 85, "spa": 85, "spd": 85, "spe": 85}, "ivs": {"hp": 31, "atk": 31, "def": 31, "spa": 31, "spd": 31, "spe": 31}, "item": "Leftovers", "teraType": "Dark", "role": "Bulky Support", "bvs": {"hp": 80, "atk": 105, "def": 105, "spa": 105, "spd": 105, "spe": 80}, "stats": {"hp": 275, "atk": 227, "def": 227, "spa": 227, "spd": 227, "spe": 185}, "types": ["Psychic"]}, "Cinderace": {"name": "Cinderace", "species": "Cinderace", "speciesId": "cinderace", "gender": "M", "shiny": false, "level": 77, "moves": ["uturn", "highjumpkick", "pyroball", "courtchange"], "ability": "Libero", "evs": {"hp": 81, "atk": 85, "def": 85, "spa": 85, "spd": 85, "spe": 85}, "ivs": {"hp": 31, "atk": 31, "def": 31, "spa": 31, "spd": 31, "spe": 31}, "item": "Heavy-Duty Boots", "teraType": "Fighting", "role": "Fast Attacker", "bvs": {"hp": 80, "atk": 116, "def": 75, "spa": 65, "spd": 75, "spe": 119}, "stats": {"hp": 249, "atk": 223, "def": 160, "spa": 145, "spd": 160, "spe": 228}, "types": ["Fire"]}, "Gumshoos": {"name": "Gumshoos", "species": "Gumshoos", "speciesId": "gumshoos", "gender": "F", "shiny": false, "level": 95, "moves": ["uturn", "knockoff", "doubleedge", "earthquake"], "ability": "Adaptability", "evs": {"hp": 85, "atk": 85, "def": 85, "spa": 85, "spd": 85, "spe": 85}, "ivs": {"hp": 31, "atk": 31, "def": 31, "spa": 31, "spd": 31, "spe": 31}, "item": "Choice Band", "teraType": "Ground", "role": "Fast Attacker", "bvs": {"hp": 88, "atk": 110, "def": 60, "spa": 55, "spd": 60, "spe": 45}, "stats": {"hp": 321, "atk": 263, "def": 168, "spa": 158, "spd": 168, "spe": 139}, "types": ["Normal"]}, "Rotom": {"name": "Rotom", "species": "Rotom", "speciesId": "rotom", "gender": "N", "shiny": false, "level": 88, "moves": ["shadowball", "voltswitch", "trick", "thunderbolt"], "ability": "Levitate", "evs": {"hp": 85, "atk": 0, "def": 85, "spa": 85, "spd": 85, "spe": 85}, "ivs": {"hp": 31, "atk": 0, "def": 31, "spa": 31, "spd": 31, "spe": 31}, "item": "Choice Scarf", "teraType": "Ghost", "role": "Fast Attacker", "bvs": {"hp": 50, "atk": 50, "def": 77, "spa": 95, "spd": 77, "spe": 91}, "stats": {"hp": 231, "atk": 93, "def": 186, "spa": 217, "spd": 186, "spe": 210}, "types": ["Electric", "Ghost"]}, "Kingambit": {"name": "Kingambit", "species": "Kingambit", "speciesId": "kingambit", "gender": "M", "shiny": false, "level": 74, "moves": ["suckerpunch", "swordsdance", "ironhead", "kowtowcleave"], "ability": "Supreme Overlord", "evs": {"hp": 85, "atk": 85, "def": 85, "spa": 85, "spd": 85, "spe": 85}, "ivs": {"hp": 31, "atk": 31, "def": 31, "spa": 31, "spd": 31, "spe": 31}, "item": "Leftovers", "teraType": "Flying", "role": "Bulky Attacker", "bvs": {"hp": 100, "atk": 135, "def": 120, "spa": 60, "spd": 85, "spe": 50}, "stats": {"hp": 270, "atk": 243, "def": 221, "spa": 132, "spd": 169, "spe": 117}, "types": ["Dark", "Steel"]}}]}