{"id": "gen9randombattle-2631593123", "format": "[Gen 9] Random Battle", "players": ["catavieve", "isnothingeasy"], "log": "|j|\u2606catavieve\n|j|\u2606isnothingeasy\n|t:|1781405890\n|gametype|singles\n|player|p1|catavieve|palmer|2020\n|player|p2|isnothingeasy|lady|1991\n|gen|9\n|tier|[Gen 9] Random Battle\n|rated|\n|rule|Species Clause: Limit one of each Pok\u00e9mon\n|rule|HP Percentage Mod: HP is shown in percentages\n|rule|Sleep Clause Mod: Limit one foe put to sleep\n|rule|Illusion Level Mod: Illusion disguises the Pok\u00e9mon's true level\n|\n|t:|1781405890\n|teamsize|p1|6\n|teamsize|p2|6\n|start\n|switch|p1a: Klefki|Klefki, L84, M|233/233\n|switch|p2a: Heatran|Heatran, L79, M|273/273\n|-item|p2a: Heatran|Air Balloon\n|turn|1\n|inactive|Battle timer is ON: inactive players will automatically lose when time's up. (requested by isnothingeasy)\n|\n|t:|1781405914\n|switch|p1a: Pincurchin|Pincurchin, F|258/258\n|-fieldstart|move: Electric Terrain|[from] ability: Electric Surge|[of] p1a: Pincurchin\n|move|p2a: Heatran|Magma Storm|p1a: Pincurchin|[miss]\n|-miss|p2a: Heatran|p1a: Pincurchin\n|\n|upkeep\n|turn|2\n|\n|t:|1781405921\n|move|p2a: Heatran|Earth Power|p1a: Pincurchin\n|-supereffective|p1a: Pincurchin\n|-damage|p1a: Pincurchin|142/258\n|move|p1a: Pincurchin|Liquidation|p2a: Heatran\n|-supereffective|p2a: Heatran\n|-damage|p2a: Heatran|109/273\n|-enditem|p2a: Heatran|Air Balloon\n|\n|-heal|p1a: Pincurchin|158/258|[from] item: Leftovers\n|upkeep\n|turn|3\n|\n|t:|1781405934\n|switch|p2a: Duraludon|Duraludon, L82, F|249/249\n|move|p1a: Pincurchin|Liquidation|p2a: Duraludon\n|-resisted|p2a: Duraludon\n|-damage|p2a: Duraludon|223/249\n|-unboost|p2a: Duraludon|def|1\n|\n|-heal|p1a: Pincurchin|174/258|[from] item: Leftovers\n|upkeep\n|turn|4\n|\n|t:|1781405940\n|switch|p1a: Klefki|Klefki, L84, M|233/233\n|move|p2a: Duraludon|Draco Meteor|p1a: Klefki\n|-immune|p1a: Klefki\n|\n|upkeep\n|turn|5\n|\n|t:|1781405945\n|move|p1a: Klefki|Spikes|p2a: Duraludon\n|-sidestart|p2: isnothingeasy|Spikes\n|move|p2a: Duraludon|Flash Cannon|p1a: Klefki\n|-damage|p1a: Klefki|136/233\n|\n|-heal|p1a: Klefki|150/233|[from] item: Leftovers\n|-fieldend|move: Electric Terrain\n|upkeep\n|turn|6\n|\n|t:|1781405967\n|move|p1a: Klefki|Thunder Wave|p2a: Duraludon\n|-status|p2a: Duraludon|par\n|move|p2a: Duraludon|Flash Cannon|p1a: Klefki\n|-damage|p1a: Klefki|51/233\n|\n|-heal|p1a: Klefki|65/233|[from] item: Leftovers\n|upkeep\n|turn|7\n|\n|t:|1781405978\n|switch|p1a: Armarouge|Armarouge, L80, F|267/267\n|move|p2a: Duraludon|Flash Cannon|p1a: Armarouge\n|-resisted|p1a: Armarouge\n|-damage|p1a: Armarouge|210/267\n|\n|upkeep\n|turn|8\n|\n|t:|1781405981\n|move|p1a: Armarouge|Aura Sphere|p2a: Duraludon\n|-supereffective|p2a: Duraludon\n|-damage|p2a: Duraludon|23/249 par\n|move|p2a: Duraludon|Draco Meteor|p1a: Armarouge\n|-damage|p1a: Armarouge|23/267\n|-unboost|p2a: Duraludon|spa|2\n|\n|upkeep\n|turn|9\n|\n|t:|1781405985\n|move|p1a: Armarouge|Aura Sphere|p2a: Duraludon\n|-supereffective|p2a: Duraludon\n|-damage|p2a: Duraludon|0 fnt\n|faint|p2a: Duraludon\n|\n|upkeep\n|\n|t:|1781405990\n|switch|p2a: Tornadus|Tornadus-Therian, L79, M|254/254\n|turn|10\n|\n|t:|1781405996\n|switch|p1a: Pincurchin|Pincurchin, F|174/258\n|-fieldstart|move: Electric Terrain|[from] ability: Electric Surge|[of] p1a: Pincurchin\n|move|p2a: Tornadus|U-turn|p1a: Pincurchin\n|-damage|p1a: Pincurchin|139/258\n|\n|t:|1781406000\n|switch|p2a: Heatran|Heatran, L79, M|109/273|[from] U-turn\n|-damage|p2a: Heatran|75/273|[from] Spikes\n|\n|-heal|p1a: Pincurchin|155/258|[from] item: Leftovers\n|upkeep\n|turn|11\n|\n|t:|1781406010\n|move|p2a: Heatran|Earth Power|p1a: Pincurchin\n|-supereffective|p1a: Pincurchin\n|-damage|p1a: Pincurchin|41/258\n|move|p1a: Pincurchin|Liquidation|p2a: Heatran\n|-supereffective|p2a: Heatran\n|-damage|p2a: Heatran|0 fnt\n|faint|p2a: Heatran\n|\n|-heal|p1a: Pincurchin|57/258|[from] item: Leftovers\n|upkeep\n|\n|t:|1781406017\n|switch|p2a: Glalie|Glalie, L96, F|309/309\n|turn|12\n|\n|t:|1781406023\n|move|p2a: Glalie|Earthquake|p1a: Pincurchin\n|-supereffective|p1a: Pincurchin\n|-damage|p1a: Pincurchin|0 fnt\n|faint|p1a: Pincurchin\n|\n|upkeep\n|\n|t:|1781406030\n|switch|p1a: Mienshao|Mienshao, L83, F|243/243\n|turn|13\n|\n|t:|1781406040\n|switch|p2a: Tornadus|Tornadus-Therian, L79, M|254/254\n|move|p1a: Mienshao|Stone Edge|p2a: Tornadus\n|-supereffective|p2a: Tornadus\n|-damage|p2a: Tornadus|0 fnt\n|faint|p2a: Tornadus\n|\n|upkeep\n|\n|t:|1781406043\n|switch|p2a: Poliwrath|Poliwrath, L88, M|302/302\n|-damage|p2a: Poliwrath|265/302|[from] Spikes\n|turn|14\n|\n|t:|1781406048\n|switch|p1a: Klefki|Klefki, L84, M|65/233\n|move|p2a: Poliwrath|Bulk Up|p2a: Poliwrath\n|-boost|p2a: Poliwrath|atk|1\n|-boost|p2a: Poliwrath|def|1\n|\n|-heal|p1a: Klefki|79/233|[from] item: Leftovers\n|-heal|p2a: Poliwrath|283/302|[from] item: Leftovers\n|-fieldend|move: Electric Terrain\n|upkeep\n|turn|15\n|\n|t:|1781406056\n|move|p1a: Klefki|Thunder Wave|p2a: Poliwrath\n|-status|p2a: Poliwrath|par\n|move|p2a: Poliwrath|Drain Punch|p1a: Klefki\n|-damage|p1a: Klefki|0 fnt\n|-heal|p2a: Poliwrath|302/302 par|[from] drain|[of] p1a: Klefki\n|faint|p1a: Klefki\n|\n|upkeep\n|\n|t:|1781406061\n|switch|p1a: Armarouge|Armarouge, L80, F|23/267\n|turn|16\n|\n|t:|1781406065\n|move|p1a: Armarouge|Energy Ball|p2a: Poliwrath\n|-supereffective|p2a: Poliwrath\n|-damage|p2a: Poliwrath|110/302 par\n|move|p2a: Poliwrath|Liquidation|p1a: Armarouge\n|-supereffective|p1a: Armarouge\n|-damage|p1a: Armarouge|0 fnt\n|faint|p1a: Armarouge\n|\n|-heal|p2a: Poliwrath|128/302 par|[from] item: Leftovers\n|upkeep\n|\n|t:|1781406072\n|switch|p1a: Mienshao|Mienshao, L83, F|243/243\n|turn|17\n|\n|t:|1781406074\n|move|p1a: Mienshao|High Jump Kick|p2a: Poliwrath\n|-damage|p2a: Poliwrath|0 fnt\n|faint|p2a: Poliwrath\n|\n|upkeep\n|\n|t:|1781406077\n|switch|p2a: Grafaiai|Grafaiai, L86, M|249/249\n|turn|18\n|\n|t:|1781406088\n|move|p2a: Grafaiai|Knock Off|p1a: Mienshao\n|-resisted|p1a: Mienshao\n|-damage|p1a: Mienshao|198/243\n|-enditem|p1a: Mienshao|Choice Band|[from] move: Knock Off|[of] p2a: Grafaiai\n|move|p1a: Mienshao|High Jump Kick|p2a: Grafaiai\n|-damage|p2a: Grafaiai|2/249\n|\n|upkeep\n|turn|19\n|\n|t:|1781406095\n|move|p2a: Grafaiai|Gunk Shot|p1a: Mienshao\n|-damage|p1a: Mienshao|38/243\n|-status|p1a: Mienshao|psn\n|move|p1a: Mienshao|Knock Off|p2a: Grafaiai\n|-damage|p2a: Grafaiai|0 fnt\n|-enditem|p2a: Grafaiai|Heavy-Duty Boots|[from] move: Knock Off|[of] p1a: Mienshao\n|faint|p2a: Grafaiai\n|\n|-damage|p1a: Mienshao|8/243 psn|[from] psn\n|upkeep\n|\n|t:|1781406099\n|switch|p2a: Glalie|Glalie, L96, F|309/309\n|turn|20\n|\n|t:|1781406103\n|-terastallize|p2a: Glalie|Ghost\n|move|p1a: Mienshao|High Jump Kick|p2a: Glalie\n|-immune|p2a: Glalie\n|-damage|p1a: Mienshao|0 fnt|[from] highjumpkick\n|faint|p1a: Mienshao\n|move|p2a: Glalie|Spikes|p1: Mienshao\n|-sidestart|p1: catavieve|Spikes\n|\n|upkeep\n|\n|t:|1781406109\n|switch|p1a: Zarude|Zarude-Dada, L77|288/288\n|-damage|p1a: Zarude|252/288|[from] Spikes\n|turn|21\n|\n|t:|1781406115\n|-terastallize|p1a: Zarude|Dark\n|move|p2a: Glalie|Freeze-Dry|p1a: Zarude\n|-damage|p1a: Zarude|162/288\n|move|p1a: Zarude|Knock Off|p2a: Glalie\n|-supereffective|p2a: Glalie\n|-crit|p2a: Glalie\n|-damage|p2a: Glalie|0 fnt\n|-enditem|p2a: Glalie|Heavy-Duty Boots|[from] move: Knock Off|[of] p1a: Zarude\n|faint|p2a: Glalie\n|\n|win|catavieve\n", "inputlog": ">version a8376a258c1d4662feba110a92103f3664a72141\n>start {\"formatid\":\"gen9randombattle\",\"seed\":\"sodium,b700ae9ef64a5444883698484a3a4389\",\"rated\":\"Rated battle\"}\n>player p1 {\"name\":\"catavieve\",\"avatar\":\"palmer\",\"rating\":2020,\"seed\":\"sodium,9a939a53ea0aec1545eaa68a96ec8570\"}\n>player p2 {\"name\":\"isnothingeasy\",\"avatar\":\"lady\",\"rating\":1991,\"seed\":\"sodium,008238ce8469bdf5a6433b824550e9a4\"}\n>p1 switch 6\n>p2 move magmastorm\n>p1 move liquidation\n>p2 move earthpower\n>p1 move liquidation\n>p2 switch 3\n>p1 switch 6\n>p2 move dracometeor\n>p1 move spikes\n>p2 move flashcannon\n>p1 move thunderwave\n>p2 move flashcannon\n>p1 switch 5\n>p2 move flashcannon\n>p1 move aurasphere\n>p2 move dracometeor\n>p1 move aurasphere\n>p2 move dragontail\n>p2 switch 4\n>p1 switch 6\n>p2 move uturn\n>p2 switch 3\n>p1 move liquidation\n>p2 move earthpower\n>p2 switch 6\n>p1 move recover\n>p2 move earthquake\n>p1 switch 2\n>p1 move stoneedge\n>p2 switch 3\n>p2 switch 2\n>p1 switch 5\n>p2 move bulkup\n>p1 move thunderwave\n>p2 move drainpunch\n>p1 switch 6\n>p1 move energyball\n>p2 move liquidation\n>p1 switch 5\n>p1 move highjumpkick\n>p2 move drainpunch\n>p2 switch 5\n>p1 move highjumpkick\n>p2 move knockoff\n>p1 move knockoff\n>p2 move gunkshot\n>p2 switch 3\n>p1 move highjumpkick\n>p2 move spikes terastallize\n>p1 switch 3\n>p1 move knockoff terastallize\n>p2 move freezedry", "uploadtime": 1781405892, "views": 5, "formatid": "gen9randombattle", "rating": null, "private": 0, "password": null, "player_dets": [{"name": "catavieve", "avatar": "palmer", "rating": 2020, "seed": "sodium,9a939a53ea0aec1545eaa68a96ec8570"}, {"name": "isnothingeasy", "avatar": "lady", "rating": 1991, "seed": "sodium,008238ce8469bdf5a6433b824550e9a4"}], "teams_full": [{"Klefki": {"name": "Klefki", "species": "Klefki", "speciesId": "klefki", "gender": "M", "shiny": false, "level": 84, "moves": ["thunderwave", "spikes", "magnetrise", "playrough"], "ability": "Prankster", "evs": {"hp": 85, "atk": 85, "def": 85, "spa": 85, "spd": 85, "spe": 85}, "ivs": {"hp": 31, "atk": 31, "def": 31, "spa": 31, "spd": 31, "spe": 31}, "item": "Leftovers", "teraType": "Water", "role": "Bulky Support", "bvs": {"hp": 57, "atk": 80, "def": 91, "spa": 80, "spd": 87, "spe": 75}, "stats": {"hp": 233, "atk": 183, "def": 201, "spa": 183, "spd": 194, "spe": 174}, "types": ["Steel", "Fairy"]}, "Mienshao": {"name": "Mienshao", "species": "Mienshao", "speciesId": "mienshao", "gender": "F", "shiny": false, "level": 83, "moves": ["highjumpkick", "poisonjab", "stoneedge", "knockoff"], "ability": "Reckless", "evs": {"hp": 81, "atk": 85, "def": 85, "spa": 85, "spd": 85, "spe": 85}, "ivs": {"hp": 31, "atk": 31, "def": 31, "spa": 31, "spd": 31, "spe": 31}, "item": "Choice Band", "teraType": "Fighting", "role": "Wallbreaker", "bvs": {"hp": 65, "atk": 125, "def": 60, "spa": 95, "spd": 60, "spe": 105}, "stats": {"hp": 243, "atk": 255, "def": 147, "spa": 205, "spd": 147, "spe": 222}, "types": ["Fighting"]}, "Zarude": {"name": "Zarude", "species": "Zarude-Dada", "speciesId": "zarude", "gender": "N", "shiny": false, "level": 77, "moves": ["knockoff", "closecombat", "powerwhip", "uturn"], "ability": "Leaf Guard", "evs": {"hp": 85, "atk": 85, "def": 85, "spa": 85, "spd": 85, "spe": 85}, "ivs": {"hp": 31, "atk": 31, "def": 31, "spa": 31, "spd": 31, "spe": 31}, "item": "Choice Band", "teraType": "Dark", "role": "Fast Attacker", "bvs": {"hp": 105, "atk": 120, "def": 105, "spa": 70, "spd": 95, "spe": 105}, "stats": {"hp": 288, "atk": 229, "def": 206, "spa": 152, "spd": 191, "spe": 206}, "types": ["Dark", "Grass"]}, "Spectrier": {"name": "Spectrier", "species": "Spectrier", "speciesId": "spectrier", "gender": "N", "shiny": false, "level": 75, "moves": ["terablast", "shadowball", "willowisp", "nastyplot"], "ability": "Grim Neigh", "evs": {"hp": 85, "atk": 0, "def": 85, "spa": 85, "spd": 85, "spe": 85}, "ivs": {"hp": 31, "atk": 0, "def": 31, "spa": 31, "spd": 31, "spe": 31}, "item": "Life Orb", "teraType": "Fighting", "role": "Tera Blast user", "bvs": {"hp": 100, "atk": 65, "def": 60, "spa": 145, "spd": 80, "spe": 130}, "stats": {"hp": 274, "atk": 102, "def": 134, "spa": 261, "spd": 164, "spe": 239}, "types": ["Ghost"]}, "Armarouge": {"name": "Armarouge", "species": "Armarouge", "speciesId": "armarouge", "gender": "F", "shiny": false, "level": 80, "moves": ["energyball", "psyshock", "aurasphere", "armorcannon"], "ability": "Weak Armor", "evs": {"hp": 85, "atk": 0, "def": 85, "spa": 85, "spd": 85, "spe": 85}, "ivs": {"hp": 31, "atk": 0, "def": 31, "spa": 31, "spd": 31, "spe": 31}, "item": "Choice Specs", "teraType": "Fighting", "role": "Wallbreaker", "bvs": {"hp": 85, "atk": 60, "def": 100, "spa": 125, "spd": 80, "spe": 75}, "stats": {"hp": 267, "atk": 101, "def": 206, "spa": 246, "spd": 174, "spe": 166}, "types": ["Fire", "Psychic"]}, "Pincurchin": {"name": "Pincurchin", "species": "Pincurchin", "speciesId": "pincurchin", "gender": "F", "shiny": false, "level": 100, "moves": ["zingzap", "liquidation", "curse", "recover"], "ability": "Electric Surge", "evs": {"hp": 85, "atk": 85, "def": 85, "spa": 85, "spd": 85, "spe": 85}, "ivs": {"hp": 31, "atk": 31, "def": 31, "spa": 31, "spd": 31, "spe": 31}, "item": "Leftovers", "teraType": "Grass", "role": "Bulky Setup", "bvs": {"hp": 48, "atk": 101, "def": 95, "spa": 91, "spd": 85, "spe": 15}, "stats": {"hp": 258, "atk": 259, "def": 247, "spa": 239, "spd": 227, "spe": 87}, "types": ["Electric"]}}, {"Heatran": {"name": "Heatran", "species": "Heatran", "speciesId": "heatran", "gender": "M", "shiny": false, "level": 79, "moves": ["magmastorm", "stealthrock", "heavyslam", "earthpower"], "ability": "Flash Fire", "evs": {"hp": 85, "atk": 85, "def": 85, "spa": 85, "spd": 85, "spe": 85}, "ivs": {"hp": 31, "atk": 31, "def": 31, "spa": 31, "spd": 31, "spe": 31}, "item": "Air Balloon", "teraType": "Flying", "role": "Bulky Support", "bvs": {"hp": 91, "atk": 90, "def": 106, "spa": 130, "spd": 106, "spe": 77}, "stats": {"hp": 273, "atk": 188, "def": 213, "spa": 251, "spd": 213, "spe": 167}, "types": ["Fire", "Steel"]}, "Poliwrath": {"name": "Poliwrath", "species": "Poliwrath", "speciesId": "poliwrath", "gender": "M", "shiny": false, "level": 88, "moves": ["icepunch", "drainpunch", "bulkup", "liquidation"], "ability": "Water Absorb", "evs": {"hp": 85, "atk": 85, "def": 85, "spa": 85, "spd": 85, "spe": 85}, "ivs": {"hp": 31, "atk": 31, "def": 31, "spa": 31, "spd": 31, "spe": 31}, "item": "Leftovers", "teraType": "Water", "role": "Bulky Setup", "bvs": {"hp": 90, "atk": 95, "def": 95, "spa": 70, "spd": 90, "spe": 70}, "stats": {"hp": 302, "atk": 217, "def": 217, "spa": 173, "spd": 209, "spe": 173}, "types": ["Water", "Fighting"]}, "Duraludon": {"name": "Duraludon", "species": "Duraludon", "speciesId": "duraludon", "gender": "F", "shiny": false, "level": 82, "moves": ["dragontail", "dracometeor", "flashcannon", "bodypress"], "ability": "Light Metal", "evs": {"hp": 85, "atk": 85, "def": 85, "spa": 85, "spd": 85, "spe": 85}, "ivs": {"hp": 31, "atk": 31, "def": 31, "spa": 31, "spd": 31, "spe": 31}, "item": "Eviolite", "teraType": "Fighting", "role": "Bulky Attacker", "bvs": {"hp": 70, "atk": 95, "def": 115, "spa": 120, "spd": 50, "spe": 85}, "stats": {"hp": 249, "atk": 203, "def": 236, "spa": 244, "spd": 129, "spe": 187}, "types": ["Steel", "Dragon"]}, "Tornadus": {"name": "Tornadus", "species": "Tornadus-Therian", "speciesId": "tornadustherian", "gender": "M", "shiny": false, "level": 79, "moves": ["bleakwindstorm", "grassknot", "uturn", "focusblast"], "ability": "Regenerator", "evs": {"hp": 85, "atk": 85, "def": 85, "spa": 85, "spd": 85, "spe": 85}, "ivs": {"hp": 31, "atk": 31, "def": 31, "spa": 31, "spd": 31, "spe": 31}, "item": "Choice Specs", "teraType": "Fighting", "role": "Fast Attacker", "bvs": {"hp": 79, "atk": 100, "def": 80, "spa": 110, "spd": 90, "spe": 121}, "stats": {"hp": 254, "atk": 204, "def": 172, "spa": 219, "spd": 188, "spe": 237}, "types": ["Flying"]}, "Grafaiai": {"name": "Grafaiai", "species": "Grafaiai", "speciesId": "grafaiai", "gender": "M", "shiny": false, "level": 86, "moves": ["knockoff", "encore", "partingshot", "gunkshot"], "ability": "Prankster", "evs": {"hp": 85, "atk": 85, "def": 85, "spa": 85, "spd": 85, "spe": 85}, "ivs": {"hp": 31, "atk": 31, "def": 31, "spa": 31, "spd": 31, "spe": 31}, "item": "Heavy-Duty Boots", "teraType": "Dark", "role": "Fast Support", "bvs": {"hp": 63, "atk": 95, "def": 65, "spa": 80, "spd": 72, "spe": 110}, "stats": {"hp": 249, "atk": 213, "def": 161, "spa": 187, "spd": 173, "spe": 238}, "types": ["Poison", "Normal"]}, "Glalie": {"name": "Glalie", "species": "Glalie", "speciesId": "glalie", "gender": "F", "shiny": false, "level": 96, "moves": ["earthquake", "spikes", "taunt", "freezedry"], "ability": "Inner Focus", "evs": {"hp": 85, "atk": 85, "def": 85, "spa": 85, "spd": 85, "spe": 85}, "ivs": {"hp": 31, "atk": 31, "def": 31, "spa": 31, "spd": 31, "spe": 31}, "item": "Heavy-Duty Boots", "teraType": "Ghost", "role": "Fast Support", "bvs": {"hp": 80, "atk": 80, "def": 80, "spa": 80, "spd": 80, "spe": 80}, "stats": {"hp": 309, "atk": 208, "def": 208, "spa": 208, "spd": 208, "spe": 208}, "types": ["Ice"]}}]}