{"id": "gen9randombattle-2631407114", "format": "[Gen 9] Random Battle", "players": ["nano jump", "cosmic_dark"], "log": "|badge|p1|bronze|gen9randombattle|100-9\n|uhtml|medal-msg|<div class=\"broadcast-blue\">Curious what those medals under the avatar are? PS now has Ladder Seasons! For more information, check out the <a href=\"https://www.smogon.com/forums/threads/3740067/\">thread on Smogon.</a></div>\n|j|\u2606nano jump\n|j|\u2606cosmic_dark\n|t:|1781380916\n|gametype|singles\n|player|p1|nano jump|steven-masters|2295\n|player|p2|cosmic_dark|hilda-wonderlauncher|2278\n|gen|9\n|tier|[Gen 9] Random Battle\n|rated|\n|rule|Species Clause: Limit one of each Pok\u00e9mon\n|rule|HP Percentage Mod: HP is shown in percentages\n|rule|Sleep Clause Mod: Limit one foe put to sleep\n|rule|Illusion Level Mod: Illusion disguises the Pok\u00e9mon's true level\n|\n|t:|1781380916\n|teamsize|p1|6\n|teamsize|p2|6\n|start\n|switch|p1a: Goodra|Goodra-Hisui, L82, M|265/265\n|switch|p2a: Metagross|Metagross, L79|256/256\n|turn|1\n|inactive|Battle timer is ON: inactive players will automatically lose when time's up. (requested by cosmic_dark)\n|\n|t:|1781380947\n|switch|p1a: Milotic|Milotic, L83, M|293/293\n|move|p2a: Metagross|Stealth Rock|p1a: Milotic\n|-sidestart|p1: nano jump|move: Stealth Rock\n|\n|upkeep\n|turn|2\n|\n|t:|1781380965\n|switch|p2a: Cobalion|Cobalion, L80|277/277\n|move|p1a: Milotic|Scald|p2a: Cobalion\n|-damage|p2a: Cobalion|174/277\n|\n|-heal|p2a: Cobalion|191/277|[from] item: Leftovers\n|upkeep\n|turn|3\n|j| Sanatan Dharma\n|\n|t:|1781380979\n|move|p2a: Cobalion|Calm Mind|p2a: Cobalion\n|-boost|p2a: Cobalion|spa|1\n|-boost|p2a: Cobalion|spd|1\n|move|p1a: Milotic|Scald|p2a: Cobalion\n|-damage|p2a: Cobalion|116/277\n|-status|p2a: Cobalion|brn\n|\n|-heal|p2a: Cobalion|133/277 brn|[from] item: Leftovers\n|-damage|p2a: Cobalion|116/277 brn|[from] brn\n|upkeep\n|turn|4\n|\n|t:|1781380982\n|move|p2a: Cobalion|Aura Sphere|p1a: Milotic\n|-damage|p1a: Milotic|206/293\n|move|p1a: Milotic|Haze|p1a: Milotic\n|-clearallboost\n|\n|-heal|p2a: Cobalion|133/277 brn|[from] item: Leftovers\n|-heal|p1a: Milotic|224/293|[from] item: Leftovers\n|-damage|p2a: Cobalion|116/277 brn|[from] brn\n|upkeep\n|turn|5\n|\n|t:|1781380986\n|move|p2a: Cobalion|Aura Sphere|p1a: Milotic\n|-crit|p1a: Milotic\n|-damage|p1a: Milotic|131/293\n|move|p1a: Milotic|Scald|p2a: Cobalion\n|-damage|p2a: Cobalion|16/277 brn\n|\n|-heal|p2a: Cobalion|33/277 brn|[from] item: Leftovers\n|-heal|p1a: Milotic|149/293|[from] item: Leftovers\n|-damage|p2a: Cobalion|16/277 brn|[from] brn\n|upkeep\n|turn|6\n|\n|t:|1781380990\n|move|p2a: Cobalion|Aura Sphere|p1a: Milotic\n|-damage|p1a: Milotic|88/293\n|move|p1a: Milotic|Recover|p1a: Milotic\n|-heal|p1a: Milotic|235/293\n|\n|-heal|p2a: Cobalion|33/277 brn|[from] item: Leftovers\n|-heal|p1a: Milotic|253/293|[from] item: Leftovers\n|-damage|p2a: Cobalion|16/277 brn|[from] brn\n|upkeep\n|turn|7\n|\n|t:|1781380993\n|move|p2a: Cobalion|Aura Sphere|p1a: Milotic\n|-damage|p1a: Milotic|199/293\n|move|p1a: Milotic|Scald|p2a: Cobalion\n|-damage|p2a: Cobalion|0 fnt\n|faint|p2a: Cobalion\n|\n|-heal|p1a: Milotic|217/293|[from] item: Leftovers\n|upkeep\n|\n|t:|1781381000\n|switch|p2a: Kyurem|Kyurem-Black, L71|295/295\n|-ability|p2a: Kyurem|Teravolt\n|turn|8\n|\n|t:|1781381007\n|move|p1a: Milotic|Scald|p2a: Kyurem\n|-resisted|p2a: Kyurem\n|-damage|p2a: Kyurem|241/295\n|move|p2a: Kyurem|Dragon Dance|p2a: Kyurem\n|-boost|p2a: Kyurem|atk|1\n|-boost|p2a: Kyurem|spe|1\n|\n|-heal|p1a: Milotic|235/293|[from] item: Leftovers\n|upkeep\n|turn|9\n|\n|t:|1781381012\n|switch|p1a: Dipplin|Dipplin, L88, F|284/284\n|-damage|p1a: Dipplin|249/284|[from] Stealth Rock\n|move|p2a: Kyurem|Scale Shot|p1a: Dipplin\n|-supereffective|p1a: Dipplin\n|-damage|p1a: Dipplin|199/284\n|-supereffective|p1a: Dipplin\n|-damage|p1a: Dipplin|149/284\n|-supereffective|p1a: Dipplin\n|-damage|p1a: Dipplin|101/284\n|-supereffective|p1a: Dipplin\n|-damage|p1a: Dipplin|53/284\n|-hitcount|p1a: Dipplin|4\n|-unboost|p2a: Kyurem|def|1\n|-boost|p2a: Kyurem|spe|1\n|\n|upkeep\n|turn|10\n|\n|t:|1781381018\n|move|p1a: Dipplin|Sucker Punch|p2a: Kyurem\n|-damage|p2a: Kyurem|164/295\n|move|p2a: Kyurem|Icicle Spear|p1a: Dipplin\n|-supereffective|p1a: Dipplin\n|-damage|p1a: Dipplin|0 fnt\n|faint|p1a: Dipplin\n|-hitcount|p1: Dipplin|1\n|\n|upkeep\n|\n|t:|1781381022\n|switch|p1a: Masquerain|Masquerain, L87, M|264/264\n|-ability|p1a: Masquerain|Intimidate|boost\n|-unboost|p2a: Kyurem|atk|1\n|turn|11\n|\n|t:|1781381026\n|switch|p1a: Milotic|Milotic, L83, M|235/293\n|-damage|p1a: Milotic|199/293|[from] Stealth Rock\n|move|p2a: Kyurem|Dragon Dance|p2a: Kyurem\n|-boost|p2a: Kyurem|atk|1\n|-boost|p2a: Kyurem|spe|1\n|\n|-heal|p1a: Milotic|217/293|[from] item: Leftovers\n|upkeep\n|turn|12\n|\n|t:|1781381030\n|move|p2a: Kyurem|Scale Shot|p1a: Milotic\n|-damage|p1a: Milotic|165/293\n|-damage|p1a: Milotic|116/293\n|-damage|p1a: Milotic|64/293\n|-damage|p1a: Milotic|10/293\n|-hitcount|p1a: Milotic|4\n|-unboost|p2a: Kyurem|def|1\n|-boost|p2a: Kyurem|spe|1\n|move|p1a: Milotic|Haze|p1a: Milotic\n|-clearallboost\n|\n|-heal|p1a: Milotic|28/293|[from] item: Leftovers\n|upkeep\n|turn|13\n|\n|t:|1781381040\n|move|p1a: Milotic|Recover|p1a: Milotic\n|-heal|p1a: Milotic|175/293\n|move|p2a: Kyurem|Dragon Dance|p2a: Kyurem\n|-boost|p2a: Kyurem|atk|1\n|-boost|p2a: Kyurem|spe|1\n|\n|-heal|p1a: Milotic|193/293|[from] item: Leftovers\n|upkeep\n|turn|14\n|\n|t:|1781381044\n|switch|p1a: Masquerain|Masquerain, L87, M|264/264\n|-ability|p1a: Masquerain|Intimidate|boost\n|-unboost|p2a: Kyurem|atk|1\n|move|p2a: Kyurem|Scale Shot|p1a: Masquerain\n|-damage|p1a: Masquerain|228/264\n|-damage|p1a: Masquerain|186/264\n|-damage|p1a: Masquerain|149/264\n|-damage|p1a: Masquerain|110/264\n|-hitcount|p1a: Masquerain|4\n|-unboost|p2a: Kyurem|def|1\n|-boost|p2a: Kyurem|spe|1\n|\n|upkeep\n|turn|15\n|\n|t:|1781381047\n|move|p2a: Kyurem|Dragon Dance|p2a: Kyurem\n|-boost|p2a: Kyurem|atk|1\n|-boost|p2a: Kyurem|spe|1\n|move|p1a: Masquerain|Quiver Dance|p1a: Masquerain\n|-boost|p1a: Masquerain|spa|1\n|-boost|p1a: Masquerain|spd|1\n|-boost|p1a: Masquerain|spe|1\n|\n|upkeep\n|turn|16\n|\n|t:|1781381053\n|move|p2a: Kyurem|Scale Shot|p1a: Masquerain\n|-crit|p1a: Masquerain\n|-damage|p1a: Masquerain|31/264\n|-damage|p1a: Masquerain|0 fnt\n|faint|p1a: Masquerain\n|-hitcount|p1: Masquerain|2\n|-unboost|p2a: Kyurem|def|1\n|-boost|p2a: Kyurem|spe|1\n|\n|upkeep\n|\n|t:|1781381056\n|switch|p1a: Dusknoir|Dusknoir, L89, M|225/225\n|-damage|p1a: Dusknoir|197/225|[from] Stealth Rock\n|-item|p2a: Kyurem|Loaded Dice|[from] ability: Frisk|[of] p1a: Dusknoir\n|turn|17\n|\n|t:|1781381068\n|move|p2a: Kyurem|Icicle Spear|p1a: Dusknoir\n|-damage|p1a: Dusknoir|167/225\n|-damage|p1a: Dusknoir|134/225\n|-damage|p1a: Dusknoir|104/225\n|-damage|p1a: Dusknoir|70/225\n|-hitcount|p1a: Dusknoir|4\n|move|p1a: Dusknoir|Earthquake|p2a: Kyurem\n|-crit|p2a: Kyurem\n|-damage|p2a: Kyurem|0 fnt\n|faint|p2a: Kyurem\n|\n|-heal|p1a: Dusknoir|84/225|[from] item: Leftovers\n|upkeep\n|\n|t:|1781381080\n|switch|p2a: Feraligatr|Feraligatr, L79, F|264/264\n|turn|18\n|\n|t:|1781381083\n|move|p2a: Feraligatr|Dragon Dance|p2a: Feraligatr\n|-boost|p2a: Feraligatr|atk|1\n|-boost|p2a: Feraligatr|spe|1\n|move|p1a: Dusknoir|Pain Split|p2a: Feraligatr\n|-sethp|p2a: Feraligatr|174/264|[from] move: Pain Split|[silent]\n|-sethp|p1a: Dusknoir|174/225|[from] move: Pain Split\n|\n|-heal|p1a: Dusknoir|188/225|[from] item: Leftovers\n|upkeep\n|turn|19\n|\n|t:|1781381088\n|move|p2a: Feraligatr|Crunch|p1a: Dusknoir\n|-supereffective|p1a: Dusknoir\n|-damage|p1a: Dusknoir|16/225\n|move|p1a: Dusknoir|Poltergeist|p2a: Feraligatr|[miss]\n|-miss|p1a: Dusknoir|p2a: Feraligatr\n|\n|-heal|p1a: Dusknoir|30/225|[from] item: Leftovers\n|upkeep\n|turn|20\n|\n|t:|1781381092\n|move|p1a: Dusknoir|Shadow Sneak|p2a: Feraligatr\n|-damage|p2a: Feraligatr|125/264\n|move|p2a: Feraligatr|Crunch|p1a: Dusknoir\n|-supereffective|p1a: Dusknoir\n|-damage|p1a: Dusknoir|0 fnt\n|faint|p1a: Dusknoir\n|\n|upkeep\n|\n|t:|1781381094\n|switch|p1a: Milotic|Milotic, L83, M|193/293\n|-damage|p1a: Milotic|157/293|[from] Stealth Rock\n|turn|21\n|\n|t:|1781381098\n|move|p2a: Feraligatr|Crunch|p1a: Milotic\n|-damage|p1a: Milotic|13/293\n|move|p1a: Milotic|Haze|p1a: Milotic\n|-clearallboost\n|\n|-heal|p1a: Milotic|31/293|[from] item: Leftovers\n|upkeep\n|turn|22\n|\n|t:|1781381101\n|move|p1a: Milotic|Recover|p1a: Milotic\n|-heal|p1a: Milotic|178/293\n|move|p2a: Feraligatr|Dragon Dance|p2a: Feraligatr\n|-boost|p2a: Feraligatr|atk|1\n|-boost|p2a: Feraligatr|spe|1\n|\n|-heal|p1a: Milotic|196/293|[from] item: Leftovers\n|upkeep\n|turn|23\n|\n|t:|1781381104\n|move|p2a: Feraligatr|Crunch|p1a: Milotic\n|-crit|p1a: Milotic\n|-damage|p1a: Milotic|0 fnt\n|faint|p1a: Milotic\n|\n|upkeep\n|\n|t:|1781381108\n|switch|p1a: Kyogre|Kyogre, L71|259/259\n|-damage|p1a: Kyogre|227/259|[from] Stealth Rock\n|-weather|RainDance|[from] ability: Drizzle|[of] p1a: Kyogre\n|turn|24\n|\n|t:|1781381113\n|-terastallize|p1a: Kyogre|Water\n|move|p1a: Kyogre|Water Spout|p2a: Feraligatr\n|-resisted|p2a: Feraligatr\n|-damage|p2a: Feraligatr|0 fnt\n|faint|p2a: Feraligatr\n|\n|-weather|RainDance|[upkeep]\n|upkeep\n|\n|t:|1781381122\n|switch|p2a: Ditto|Ditto, L87|225/225\n|-transform|p2a: Ditto|p1a: Kyogre|[from] ability: Imposter\n|turn|25\n|\n|t:|1781381124\n|switch|p1a: Goodra|Goodra-Hisui, L82, M|265/265\n|-damage|p1a: Goodra|249/265|[from] Stealth Rock\n|move|p2a: Ditto|Water Spout|p1a: Goodra\n|-resisted|p1a: Goodra\n|-damage|p1a: Goodra|182/265\n|\n|-weather|RainDance|[upkeep]\n|upkeep\n|turn|26\n|\n|t:|1781381129\n|switch|p2a: Metagross|Metagross, L79|256/256\n|move|p1a: Goodra|Earthquake|p2a: Metagross\n|-supereffective|p2a: Metagross\n|-damage|p2a: Metagross|156/256\n|\n|-weather|RainDance|[upkeep]\n|-heal|p2a: Metagross|172/256|[from] item: Leftovers\n|upkeep\n|turn|27\n|\n|t:|1781381135\n|move|p2a: Metagross|Psychic Fangs|p1a: Goodra\n|-resisted|p1a: Goodra\n|-damage|p1a: Goodra|137/265\n|move|p1a: Goodra|Hydro Pump|p2a: Metagross\n|-damage|p2a: Metagross|40/256\n|\n|-weather|RainDance|[upkeep]\n|-heal|p2a: Metagross|56/256|[from] item: Leftovers\n|upkeep\n|turn|28\n|\n|t:|1781381138\n|move|p2a: Metagross|Psychic Fangs|p1a: Goodra\n|-resisted|p1a: Goodra\n|-damage|p1a: Goodra|93/265\n|move|p1a: Goodra|Earthquake|p2a: Metagross\n|-supereffective|p2a: Metagross\n|-damage|p2a: Metagross|0 fnt\n|faint|p2a: Metagross\n|\n|-weather|none\n|upkeep\n|\n|t:|1781381147\n|switch|p2a: Ditto|Ditto, L87|225/225\n|-transform|p2a: Ditto|p1a: Goodra|[from] ability: Imposter\n|turn|29\n|\n|t:|1781381150\n|move|p2a: Ditto|Earthquake|p1a: Goodra\n|-supereffective|p1a: Goodra\n|-damage|p1a: Goodra|0 fnt\n|faint|p1a: Goodra\n|\n|upkeep\n|\n|t:|1781381151\n|switch|p1a: Kyogre|Kyogre, L71, tera:Water|227/259\n|-damage|p1a: Kyogre|195/259|[from] Stealth Rock\n|-weather|RainDance|[from] ability: Drizzle|[of] p1a: Kyogre\n|turn|30\n|\n|t:|1781381156\n|move|p1a: Kyogre|Origin Pulse|p2a: Ditto\n|-resisted|p2a: Ditto\n|-damage|p2a: Ditto|149/225\n|move|p2a: Ditto|Earthquake|p1a: Kyogre\n|-damage|p1a: Kyogre|118/259\n|\n|-weather|RainDance|[upkeep]\n|upkeep\n|turn|31\n|\n|t:|1781381159\n|move|p1a: Kyogre|Origin Pulse|p2a: Ditto\n|-resisted|p2a: Ditto\n|-damage|p2a: Ditto|64/225\n|move|p2a: Ditto|Earthquake|p1a: Kyogre\n|-damage|p1a: Kyogre|38/259\n|\n|-weather|RainDance|[upkeep]\n|upkeep\n|turn|32\n|\n|t:|1781381163\n|move|p1a: Kyogre|Origin Pulse|p2a: Ditto\n|-resisted|p2a: Ditto\n|-crit|p2a: Ditto\n|-damage|p2a: Ditto|0 fnt\n|faint|p2a: Ditto\n|\n|-weather|RainDance|[upkeep]\n|upkeep\n|\n|t:|1781381165\n|switch|p2a: Armarouge|Armarouge, L80, M|267/267\n|turn|33\n|\n|t:|1781381167\n|-terastallize|p2a: Armarouge|Grass\n|move|p1a: Kyogre|Origin Pulse|p2a: Armarouge\n|-resisted|p2a: Armarouge\n|-damage|p2a: Armarouge|134/267\n|move|p2a: Armarouge|Energy Ball|p1a: Kyogre\n|-supereffective|p1a: Kyogre\n|-damage|p1a: Kyogre|0 fnt\n|faint|p1a: Kyogre\n|\n|win|cosmic_dark\n", "inputlog": ">version a8376a258c1d4662feba110a92103f3664a72141\n>start {\"formatid\":\"gen9randombattle\",\"seed\":\"sodium,ca2bafd5050265bf0c60e37c41c2502a\",\"rated\":\"Rated battle\"}\n>player p1 {\"name\":\"nano jump\",\"avatar\":\"steven-masters\",\"rating\":2295,\"seed\":\"sodium,67ba45b829ef9fea32d126fbfe35912f\"}\n>player p2 {\"name\":\"cosmic_dark\",\"avatar\":\"hilda-wonderlauncher\",\"rating\":2278,\"seed\":\"sodium,7d19573f8a5491740a2fd5a669ff2f1c\"}\n>p1 switch 5\n>p2 move stealthrock\n>p1 move scald\n>p2 switch 2\n>p1 move scald\n>p2 move calmmind\n>p1 move haze\n>p2 move aurasphere\n>p1 move scald\n>p2 move aurasphere\n>p1 move recover\n>p2 move aurasphere\n>p1 move scald\n>p2 move aurasphere\n>p2 switch 5\n>p1 move scald\n>p2 move dragondance\n>p1 switch 2\n>p2 move scaleshot\n>p1 move suckerpunch\n>p2 move iciclespear\n>p1 switch 4\n>p1 switch 2\n>p2 move dragondance\n>p1 move haze\n>p2 move scaleshot\n>p1 move recover\n>p2 move dragondance\n>p1 switch 2\n>p2 move scaleshot\n>p1 move quiverdance\n>p2 move dragondance\n>p1 move hurricane\n>p2 move scaleshot\n>p1 switch 6\n>p1 move earthquake\n>p2 move iciclespear\n>p2 switch 6\n>p1 move painsplit\n>p2 move dragondance\n>p1 move poltergeist\n>p2 move crunch\n>p1 move shadowsneak\n>p2 move crunch\n>p1 switch 2\n>p1 move haze\n>p2 move crunch\n>p1 move recover\n>p2 move dragondance\n>p1 move haze\n>p2 move crunch\n>p1 switch 3\n>p1 move waterspout terastallize\n>p2 move crunch\n>p2 switch 4\n>p1 switch 5\n>p2 move waterspout\n>p1 move earthquake\n>p2 switch 2\n>p1 move hydropump\n>p2 move psychicfangs\n>p1 move earthquake\n>p2 move psychicfangs\n>p2 switch 2\n>p1 move earthquake\n>p2 move earthquake\n>p1 switch 5\n>p1 move originpulse\n>p2 move earthquake\n>p1 move originpulse\n>p2 move earthquake\n>p1 move originpulse\n>p2 move earthquake\n>p2 switch 3\n>p1 move originpulse\n>p2 move energyball terastallize", "uploadtime": 1781380919, "views": 13, "formatid": "gen9randombattle", "rating": null, "private": 0, "password": null, "player_dets": [{"name": "nano jump", "avatar": "steven-masters", "rating": 2295, "seed": "sodium,67ba45b829ef9fea32d126fbfe35912f"}, {"name": "cosmic_dark", "avatar": "hilda-wonderlauncher", "rating": 2278, "seed": "sodium,7d19573f8a5491740a2fd5a669ff2f1c"}], "teams_full": [{"Goodra": {"name": "Goodra", "species": "Goodra-Hisui", "speciesId": "goodrahisui", "gender": "M", "shiny": false, "level": 82, "moves": ["hydropump", "earthquake", "dracometeor", "heavyslam"], "ability": "Sap Sipper", "evs": {"hp": 85, "atk": 85, "def": 85, "spa": 85, "spd": 85, "spe": 85}, "ivs": {"hp": 31, "atk": 31, "def": 31, "spa": 31, "spd": 31, "spe": 31}, "item": "Assault Vest", "teraType": "Flying", "role": "AV Pivot", "bvs": {"hp": 80, "atk": 100, "def": 100, "spa": 110, "spd": 150, "spe": 60}, "stats": {"hp": 265, "atk": 211, "def": 211, "spa": 228, "spd": 293, "spe": 146}, "types": ["Steel", "Dragon"]}, "Dipplin": {"name": "Dipplin", "species": "Dipplin", "speciesId": "dipplin", "gender": "F", "shiny": false, "level": 88, "moves": ["gigadrain", "dragonpulse", "recover", "suckerpunch"], "ability": "Sticky Hold", "evs": {"hp": 85, "atk": 85, "def": 85, "spa": 85, "spd": 85, "spe": 85}, "ivs": {"hp": 31, "atk": 31, "def": 31, "spa": 31, "spd": 31, "spe": 31}, "item": "Eviolite", "teraType": "Steel", "role": "Bulky Attacker", "bvs": {"hp": 80, "atk": 80, "def": 110, "spa": 95, "spd": 80, "spe": 40}, "stats": {"hp": 284, "atk": 191, "def": 244, "spa": 217, "spd": 191, "spe": 121}, "types": ["Grass", "Dragon"]}, "Kyogre": {"name": "Kyogre", "species": "Kyogre", "speciesId": "kyogre", "gender": "N", "shiny": false, "level": 71, "moves": ["originpulse", "icebeam", "waterspout", "thunder"], "ability": "Drizzle", "evs": {"hp": 85, "atk": 0, "def": 85, "spa": 85, "spd": 85, "spe": 85}, "ivs": {"hp": 31, "atk": 0, "def": 31, "spa": 31, "spd": 31, "spe": 31}, "item": "Choice Scarf", "teraType": "Water", "role": "Fast Attacker", "bvs": {"hp": 100, "atk": 100, "def": 90, "spa": 150, "spd": 140, "spe": 90}, "stats": {"hp": 259, "atk": 147, "def": 169, "spa": 254, "spd": 240, "spe": 169}, "types": ["Water"]}, "Masquerain": {"name": "Masquerain", "species": "Masquerain", "speciesId": "masquerain", "gender": "M", "shiny": false, "level": 87, "moves": ["bugbuzz", "hydropump", "quiverdance", "hurricane"], "ability": "Intimidate", "evs": {"hp": 85, "atk": 0, "def": 85, "spa": 85, "spd": 85, "spe": 85}, "ivs": {"hp": 31, "atk": 0, "def": 31, "spa": 31, "spd": 31, "spe": 31}, "item": "Heavy-Duty Boots", "teraType": "Water", "role": "Setup Sweeper", "bvs": {"hp": 70, "atk": 60, "def": 62, "spa": 100, "spd": 82, "spe": 80}, "stats": {"hp": 264, "atk": 109, "def": 158, "spa": 224, "spd": 192, "spe": 189}, "types": ["Bug", "Flying"]}, "Milotic": {"name": "Milotic", "species": "Milotic", "speciesId": "milotic", "gender": "M", "shiny": false, "level": 83, "moves": ["haze", "recover", "scald", "icebeam"], "ability": "Competitive", "evs": {"hp": 85, "atk": 0, "def": 85, "spa": 85, "spd": 85, "spe": 85}, "ivs": {"hp": 31, "atk": 0, "def": 31, "spa": 31, "spd": 31, "spe": 31}, "item": "Leftovers", "teraType": "Dragon", "role": "Bulky Attacker", "bvs": {"hp": 95, "atk": 60, "def": 79, "spa": 100, "spd": 125, "spe": 81}, "stats": {"hp": 293, "atk": 104, "def": 179, "spa": 214, "spd": 255, "spe": 182}, "types": ["Water"]}, "Dusknoir": {"name": "Dusknoir", "species": "Dusknoir", "speciesId": "dusknoir", "gender": "M", "shiny": false, "level": 89, "moves": ["earthquake", "painsplit", "shadowsneak", "poltergeist"], "ability": "Frisk", "evs": {"hp": 85, "atk": 85, "def": 85, "spa": 85, "spd": 85, "spe": 85}, "ivs": {"hp": 31, "atk": 31, "def": 31, "spa": 31, "spd": 31, "spe": 31}, "item": "Leftovers", "teraType": "Fairy", "role": "Bulky Support", "bvs": {"hp": 45, "atk": 100, "def": 135, "spa": 65, "spd": 135, "spe": 45}, "stats": {"hp": 225, "atk": 229, "def": 291, "spa": 166, "spd": 291, "spe": 131}, "types": ["Ghost"]}}, {"Metagross": {"name": "Metagross", "species": "Metagross", "speciesId": "metagross", "gender": "N", "shiny": false, "level": 79, "moves": ["psychicfangs", "stealthrock", "heavyslam", "bulletpunch"], "ability": "Clear Body", "evs": {"hp": 85, "atk": 85, "def": 85, "spa": 85, "spd": 85, "spe": 85}, "ivs": {"hp": 31, "atk": 31, "def": 31, "spa": 31, "spd": 31, "spe": 31}, "item": "Leftovers", "teraType": "Water", "role": "Bulky Support", "bvs": {"hp": 80, "atk": 135, "def": 130, "spa": 95, "spd": 90, "spe": 70}, "stats": {"hp": 256, "atk": 259, "def": 251, "spa": 196, "spd": 188, "spe": 156}, "types": ["Steel", "Psychic"]}, "Cobalion": {"name": "Cobalion", "species": "Cobalion", "speciesId": "cobalion", "gender": "N", "shiny": false, "level": 80, "moves": ["aurasphere", "calmmind", "flashcannon", "vacuumwave"], "ability": "Justified", "evs": {"hp": 85, "atk": 0, "def": 85, "spa": 85, "spd": 85, "spe": 85}, "ivs": {"hp": 31, "atk": 0, "def": 31, "spa": 31, "spd": 31, "spe": 31}, "item": "Leftovers", "teraType": "Ghost", "role": "Bulky Setup", "bvs": {"hp": 91, "atk": 90, "def": 129, "spa": 90, "spd": 72, "spe": 108}, "stats": {"hp": 277, "atk": 149, "def": 253, "spa": 190, "spd": 161, "spe": 219}, "types": ["Steel", "Fighting"]}, "Armarouge": {"name": "Armarouge", "species": "Armarouge", "speciesId": "armarouge", "gender": "M", "shiny": false, "level": 80, "moves": ["armorcannon", "psyshock", "aurasphere", "energyball"], "ability": "Weak Armor", "evs": {"hp": 85, "atk": 0, "def": 85, "spa": 85, "spd": 85, "spe": 85}, "ivs": {"hp": 31, "atk": 0, "def": 31, "spa": 31, "spd": 31, "spe": 31}, "item": "Choice Specs", "teraType": "Grass", "role": "Wallbreaker", "bvs": {"hp": 85, "atk": 60, "def": 100, "spa": 125, "spd": 80, "spe": 75}, "stats": {"hp": 267, "atk": 101, "def": 206, "spa": 246, "spd": 174, "spe": 166}, "types": ["Fire", "Psychic"]}, "Ditto": {"name": "Ditto", "species": "Ditto", "speciesId": "ditto", "gender": "N", "shiny": false, "level": 87, "moves": ["transform"], "ability": "Imposter", "evs": {"hp": 85, "atk": 85, "def": 85, "spa": 85, "spd": 85, "spe": 85}, "ivs": {"hp": 31, "atk": 31, "def": 31, "spa": 31, "spd": 31, "spe": 31}, "item": "Choice Scarf", "teraType": "Steel", "role": "Fast Support", "bvs": {"hp": 48, "atk": 48, "def": 48, "spa": 48, "spd": 48, "spe": 48}, "stats": {"hp": 225, "atk": 133, "def": 133, "spa": 133, "spd": 133, "spe": 133}, "types": ["Normal"]}, "Kyurem": {"name": "Kyurem", "species": "Kyurem-Black", "speciesId": "kyuremblack", "gender": "N", "shiny": false, "level": 71, "moves": ["iciclespear", "terablast", "dragondance", "scaleshot"], "ability": "Teravolt", "evs": {"hp": 85, "atk": 85, "def": 85, "spa": 85, "spd": 85, "spe": 85}, "ivs": {"hp": 31, "atk": 31, "def": 31, "spa": 31, "spd": 31, "spe": 31}, "item": "Loaded Dice", "teraType": "Ground", "role": "Tera Blast user", "bvs": {"hp": 125, "atk": 170, "def": 100, "spa": 120, "spd": 90, "spe": 95}, "stats": {"hp": 295, "atk": 283, "def": 183, "spa": 212, "spd": 169, "spe": 176}, "types": ["Dragon", "Ice"]}, "Feraligatr": {"name": "Feraligatr", "species": "Feraligatr", "speciesId": "feraligatr", "gender": "F", "shiny": false, "level": 79, "moves": ["crunch", "icepunch", "liquidation", "dragondance"], "ability": "Sheer Force", "evs": {"hp": 85, "atk": 85, "def": 85, "spa": 85, "spd": 85, "spe": 85}, "ivs": {"hp": 31, "atk": 31, "def": 31, "spa": 31, "spd": 31, "spe": 31}, "item": "Life Orb", "teraType": "Dragon", "role": "Fast Bulky Setup", "bvs": {"hp": 85, "atk": 105, "def": 100, "spa": 79, "spd": 83, "spe": 78}, "stats": {"hp": 264, "atk": 211, "def": 204, "spa": 170, "spd": 177, "spe": 169}, "types": ["Water"]}}]}