{"id": "gen9randombattle-2631762945", "format": "[Gen 9] Random Battle", "players": ["Flappell Roan", "Goofy Ahhh Trainer"], "log": "|j|\u2606Flappell Roan\n|j|\u2606Goofy Ahhh Trainer\n|t:|1781435743\n|gametype|singles\n|player|p1|Flappell Roan|skyla|2022\n|player|p2|Goofy Ahhh Trainer|skier|1961\n|gen|9\n|tier|[Gen 9] Random Battle\n|rated|\n|rule|Species Clause: Limit one of each Pok\u00e9mon\n|rule|HP Percentage Mod: HP is shown in percentages\n|rule|Sleep Clause Mod: Limit one foe put to sleep\n|rule|Illusion Level Mod: Illusion disguises the Pok\u00e9mon's true level\n|\n|t:|1781435743\n|teamsize|p1|6\n|teamsize|p2|6\n|start\n|switch|p1a: Polteageist|Polteageist, L78|222/222\n|switch|p2a: Gholdengo|Gholdengo, L77|261/261\n|turn|1\n|inactive|Battle timer is ON: inactive players will automatically lose when time's up. (requested by Flappell Roan)\n|\n|t:|1781435763\n|switch|p1a: Excadrill|Excadrill, L79, F|303/303\n|-ability|p1a: Excadrill|Mold Breaker\n|move|p2a: Gholdengo|Trick|p1a: Excadrill\n|-activate|p2a: Gholdengo|move: Trick|[of] p1a: Excadrill\n|-item|p1a: Excadrill|Choice Scarf|[from] move: Trick\n|-item|p2a: Gholdengo|Assault Vest|[from] move: Trick\n|\n|upkeep\n|turn|2\n|inactive|Goofy Ahhh Trainer has 120 seconds left.\n|\n|t:|1781435795\n|move|p1a: Excadrill|Earthquake|p2a: Gholdengo\n|-supereffective|p2a: Gholdengo\n|-damage|p2a: Gholdengo|15/261\n|move|p2a: Gholdengo|Focus Blast|p1a: Excadrill\n|-supereffective|p1a: Excadrill\n|-damage|p1a: Excadrill|55/303\n|\n|upkeep\n|turn|3\n|\n|t:|1781435803\n|move|p1a: Excadrill|Earthquake|p2a: Gholdengo\n|-supereffective|p2a: Gholdengo\n|-damage|p2a: Gholdengo|0 fnt\n|faint|p2a: Gholdengo\n|\n|upkeep\n|\n|t:|1781435810\n|switch|p2a: Gothitelle|Gothitelle, L90, M|272/272\n|turn|4\n|\n|t:|1781435816\n|move|p1a: Excadrill|Earthquake|p2a: Gothitelle\n|-damage|p2a: Gothitelle|164/272\n|move|p2a: Gothitelle|Psychic Noise|p1a: Excadrill\n|-resisted|p1a: Excadrill\n|-damage|p1a: Excadrill|0 fnt\n|faint|p1a: Excadrill\n|\n|-heal|p2a: Gothitelle|181/272|[from] item: Leftovers\n|upkeep\n|\n|t:|1781435828\n|switch|p1a: Roaring Moon|Roaring Moon, L72|270/270\n|turn|5\n|\n|t:|1781435833\n|move|p1a: Roaring Moon|Knock Off|p2a: Gothitelle\n|-supereffective|p2a: Gothitelle\n|-damage|p2a: Gothitelle|0 fnt\n|-enditem|p2a: Gothitelle|Leftovers|[from] move: Knock Off|[of] p1a: Roaring Moon\n|faint|p2a: Gothitelle\n|\n|upkeep\n|\n|t:|1781435850\n|switch|p2a: Dugtrio|Dugtrio-Alola, L84, F|196/196\n|turn|6\n|\n|t:|1781435860\n|move|p2a: Dugtrio|Stealth Rock|p1a: Roaring Moon\n|-sidestart|p1: Flappell Roan|move: Stealth Rock\n|move|p1a: Roaring Moon|Knock Off|p2a: Dugtrio\n|-damage|p2a: Dugtrio|0 fnt\n|-ability|p2a: Dugtrio|Tangling Hair\n|-unboost|p1a: Roaring Moon|spe|1\n|-enditem|p2a: Dugtrio|Life Orb|[from] move: Knock Off|[of] p1a: Roaring Moon\n|faint|p2a: Dugtrio\n|\n|upkeep\n|inactive|Goofy Ahhh Trainer has 120 seconds left.\n|inactive|Goofy Ahhh Trainer has 90 seconds left.\n|\n|t:|1781435937\n|switch|p2a: Palkia|Palkia-Origin, L72|249/249\n|-ability|p2a: Palkia|Pressure\n|turn|7\n|\n|t:|1781435944\n|-end|p1a: Roaring Moon|Protosynthesis|[silent]\n|switch|p1a: Comfey|Comfey, L85, F|225/225\n|-damage|p1a: Comfey|197/225|[from] Stealth Rock\n|move|p2a: Palkia|Spacial Rend|p1a: Comfey\n|-immune|p1a: Comfey\n|\n|-heal|p1a: Comfey|211/225|[from] item: Leftovers\n|upkeep\n|turn|8\n|inactive|Goofy Ahhh Trainer has 90 seconds left.\n|\n|t:|1781435955\n|switch|p2a: Mewtwo|Mewtwo, L72|272/272\n|-ability|p2a: Mewtwo|Unnerve\n|move|p1a: Comfey|Calm Mind|p1a: Comfey\n|-boost|p1a: Comfey|spa|1\n|-boost|p1a: Comfey|spd|1\n|\n|-heal|p1a: Comfey|225/225|[from] item: Leftovers\n|upkeep\n|turn|9\n|\n|t:|1781435968\n|move|p2a: Mewtwo|Nasty Plot|p2a: Mewtwo\n|-boost|p2a: Mewtwo|spa|2\n|move|p1a: Comfey|Calm Mind|p1a: Comfey\n|-boost|p1a: Comfey|spa|1\n|-boost|p1a: Comfey|spd|1\n|\n|upkeep\n|turn|10\n|\n|t:|1781435978\n|move|p1a: Comfey|Draining Kiss|p2a: Mewtwo\n|-damage|p2a: Mewtwo|152/272\n|move|p2a: Mewtwo|Psystrike|p1a: Comfey\n|-damage|p1a: Comfey|0 fnt\n|faint|p1a: Comfey\n|-damage|p2a: Mewtwo|125/272|[from] item: Life Orb\n|\n|upkeep\n|\n|t:|1781435993\n|switch|p1a: Decidueye|Decidueye-Hisui, L87, F|295/295\n|-damage|p1a: Decidueye|277/295|[from] Stealth Rock\n|turn|11\n|inactive|Goofy Ahhh Trainer has 90 seconds left.\n|\n|t:|1781436027\n|-terastallize|p1a: Decidueye|Water\n|move|p2a: Mewtwo|Psystrike|p1a: Decidueye\n|-damage|p1a: Decidueye|0 fnt\n|faint|p1a: Decidueye\n|-damage|p2a: Mewtwo|98/272|[from] item: Life Orb\n|\n|upkeep\n|-message|Flappell Roan forfeited.\n|\n|win|Goofy Ahhh Trainer\n", "inputlog": ">version a8376a258c1d4662feba110a92103f3664a72141\n>start {\"formatid\":\"gen9randombattle\",\"seed\":\"sodium,b6d71d6d24e0d180398c9d0d75bfa9aa\",\"rated\":\"Rated battle\"}\n>player p1 {\"name\":\"Flappell Roan\",\"avatar\":\"skyla\",\"rating\":2022,\"seed\":\"sodium,dc2aaf183bebb84c1d14b8cc68f798e6\"}\n>player p2 {\"name\":\"Goofy Ahhh Trainer\",\"avatar\":\"skier\",\"rating\":1961,\"seed\":\"sodium,52ce756dc76b5c83630139b6f2d6c106\"}\n>p1 switch 4\n>p2 move trick\n>p1 move earthquake\n>p2 move focusblast\n>p1 move earthquake\n>p2 move shadowball\n>p2 switch 5\n>p1 move earthquake\n>p2 move psychicnoise\n>p1 switch 3\n>p1 move knockoff\n>p2 move focusblast\n>p2 switch 3\n>p1 move knockoff\n>p2 move stealthrock\n>p2 switch 4\n>p1 switch 6\n>p2 move spacialrend\n>p1 move calmmind\n>p2 switch 6\n>p1 move calmmind\n>p2 move nastyplot\n>p1 move drainingkiss\n>p2 move psystrike\n>p1 switch 2\n>p1 move leafblade terastallize\n>p2 move psystrike\n>forcelose p1", "uploadtime": 1781435745, "views": 8, "formatid": "gen9randombattle", "rating": null, "private": 0, "password": null, "player_dets": [{"name": "Flappell Roan", "avatar": "skyla", "rating": 2022, "seed": "sodium,dc2aaf183bebb84c1d14b8cc68f798e6"}, {"name": "Goofy Ahhh Trainer", "avatar": "skier", "rating": 1961, "seed": "sodium,52ce756dc76b5c83630139b6f2d6c106"}], "teams_full": [{"Polteageist": {"name": "Polteageist", "species": "Polteageist", "speciesId": "polteageist", "gender": "N", "shiny": false, "level": 78, "moves": ["shellsmash", "strengthsap", "terablast", "shadowball"], "ability": "Cursed Body", "evs": {"hp": 85, "atk": 0, "def": 85, "spa": 85, "spd": 85, "spe": 85}, "ivs": {"hp": 31, "atk": 0, "def": 31, "spa": 31, "spd": 31, "spe": 31}, "item": "White Herb", "teraType": "Fighting", "role": "Tera Blast user", "bvs": {"hp": 60, "atk": 65, "def": 65, "spa": 134, "spd": 114, "spe": 70}, "stats": {"hp": 222, "atk": 106, "def": 146, "spa": 254, "spd": 223, "spe": 154}, "types": ["Ghost"]}, "Decidueye": {"name": "Decidueye", "species": "Decidueye-Hisui", "speciesId": "decidueyehisui", "gender": "F", "shiny": false, "level": 87, "moves": ["roost", "uturn", "leafblade", "triplearrows"], "ability": "Scrappy", "evs": {"hp": 85, "atk": 85, "def": 85, "spa": 85, "spd": 85, "spe": 85}, "ivs": {"hp": 31, "atk": 31, "def": 31, "spa": 31, "spd": 31, "spe": 31}, "item": "Leftovers", "teraType": "Water", "role": "Bulky Attacker", "bvs": {"hp": 88, "atk": 112, "def": 80, "spa": 95, "spd": 95, "spe": 60}, "stats": {"hp": 295, "atk": 245, "def": 189, "spa": 215, "spd": 215, "spe": 154}, "types": ["Grass", "Fighting"]}, "Roaring Moon": {"name": "Roaring Moon", "species": "Roaring Moon", "speciesId": "roaringmoon", "gender": "N", "shiny": false, "level": 72, "moves": ["ironhead", "outrage", "knockoff", "uturn"], "ability": "Protosynthesis", "evs": {"hp": 85, "atk": 85, "def": 85, "spa": 85, "spd": 85, "spe": 85}, "ivs": {"hp": 31, "atk": 31, "def": 31, "spa": 31, "spd": 31, "spe": 31}, "item": "Choice Band", "teraType": "Dark", "role": "Bulky Attacker", "bvs": {"hp": 105, "atk": 139, "def": 71, "spa": 55, "spd": 101, "spe": 119}, "stats": {"hp": 270, "atk": 242, "def": 144, "spa": 121, "spd": 187, "spe": 213}, "types": ["Dragon", "Dark"]}, "Excadrill": {"name": "Excadrill", "species": "Excadrill", "speciesId": "excadrill", "gender": "F", "shiny": false, "level": 79, "moves": ["earthquake", "rockslide", "rapidspin", "ironhead"], "ability": "Mold Breaker", "evs": {"hp": 85, "atk": 85, "def": 85, "spa": 85, "spd": 85, "spe": 85}, "ivs": {"hp": 31, "atk": 31, "def": 31, "spa": 31, "spd": 31, "spe": 31}, "item": "Assault Vest", "teraType": "Water", "role": "AV Pivot", "bvs": {"hp": 110, "atk": 135, "def": 60, "spa": 50, "spd": 65, "spe": 88}, "stats": {"hp": 303, "atk": 259, "def": 140, "spa": 125, "spd": 148, "spe": 185}, "types": ["Ground", "Steel"]}, "Okidogi": {"name": "Okidogi", "species": "Okidogi", "speciesId": "okidogi", "gender": "M", "shiny": false, "level": 77, "moves": ["drainpunch", "bulkup", "gunkshot", "knockoff"], "ability": "Toxic Chain", "evs": {"hp": 85, "atk": 85, "def": 85, "spa": 85, "spd": 85, "spe": 85}, "ivs": {"hp": 31, "atk": 31, "def": 31, "spa": 31, "spd": 31, "spe": 31}, "item": "Leftovers", "teraType": "Dark", "role": "Bulky Setup", "bvs": {"hp": 88, "atk": 128, "def": 115, "spa": 58, "spd": 86, "spe": 80}, "stats": {"hp": 262, "atk": 242, "def": 222, "spa": 134, "spd": 177, "spe": 168}, "types": ["Poison", "Fighting"]}, "Comfey": {"name": "Comfey", "species": "Comfey", "speciesId": "comfey", "gender": "F", "shiny": false, "level": 85, "moves": ["gigadrain", "drainingkiss", "storedpower", "calmmind"], "ability": "Triage", "evs": {"hp": 85, "atk": 0, "def": 85, "spa": 85, "spd": 85, "spe": 85}, "ivs": {"hp": 31, "atk": 0, "def": 31, "spa": 31, "spd": 31, "spe": 31}, "item": "Leftovers", "teraType": "Poison", "role": "Bulky Setup", "bvs": {"hp": 51, "atk": 52, "def": 90, "spa": 82, "spd": 110, "spe": 100}, "stats": {"hp": 225, "atk": 93, "def": 202, "spa": 188, "spd": 236, "spe": 219}, "types": ["Fairy"]}}, {"Gholdengo": {"name": "Gholdengo", "species": "Gholdengo", "speciesId": "gholdengo", "gender": "N", "shiny": false, "level": 77, "moves": ["makeitrain", "shadowball", "focusblast", "trick"], "ability": "Good as Gold", "evs": {"hp": 85, "atk": 0, "def": 85, "spa": 85, "spd": 85, "spe": 85}, "ivs": {"hp": 31, "atk": 0, "def": 31, "spa": 31, "spd": 31, "spe": 31}, "item": "Choice Scarf", "teraType": "Ghost", "role": "Bulky Attacker", "bvs": {"hp": 87, "atk": 60, "def": 95, "spa": 133, "spd": 91, "spe": 84}, "stats": {"hp": 261, "atk": 97, "def": 191, "spa": 249, "spd": 185, "spe": 174}, "types": ["Steel", "Ghost"]}, "Regieleki": {"name": "Regieleki", "species": "Regieleki", "speciesId": "regieleki", "gender": "N", "shiny": false, "level": 79, "moves": ["rapidspin", "thunderbolt", "voltswitch", "explosion"], "ability": "Transistor", "evs": {"hp": 85, "atk": 85, "def": 85, "spa": 85, "spd": 85, "spe": 85}, "ivs": {"hp": 31, "atk": 31, "def": 31, "spa": 31, "spd": 31, "spe": 31}, "item": "Magnet", "teraType": "Electric", "role": "Fast Support", "bvs": {"hp": 80, "atk": 100, "def": 50, "spa": 100, "spd": 50, "spe": 200}, "stats": {"hp": 256, "atk": 204, "def": 125, "spa": 204, "spd": 125, "spe": 362}, "types": ["Electric"]}, "Dugtrio": {"name": "Dugtrio", "species": "Dugtrio-Alola", "speciesId": "dugtrioalola", "gender": "F", "shiny": false, "level": 84, "moves": ["ironhead", "suckerpunch", "earthquake", "stealthrock"], "ability": "Tangling Hair", "evs": {"hp": 85, "atk": 85, "def": 85, "spa": 85, "spd": 85, "spe": 85}, "ivs": {"hp": 31, "atk": 31, "def": 31, "spa": 31, "spd": 31, "spe": 31}, "item": "Life Orb", "teraType": "Ground", "role": "Fast Attacker", "bvs": {"hp": 35, "atk": 100, "def": 60, "spa": 50, "spd": 70, "spe": 110}, "stats": {"hp": 196, "atk": 216, "def": 149, "spa": 132, "spd": 166, "spe": 233}, "types": ["Ground", "Steel"]}, "Palkia": {"name": "Palkia", "species": "Palkia-Origin", "speciesId": "palkiaorigin", "gender": "N", "shiny": false, "level": 72, "moves": ["fireblast", "thunderwave", "spacialrend", "hydropump"], "ability": "Pressure", "evs": {"hp": 85, "atk": 0, "def": 85, "spa": 85, "spd": 85, "spe": 85}, "ivs": {"hp": 31, "atk": 0, "def": 31, "spa": 31, "spd": 31, "spe": 31}, "item": "Lustrous Globe", "teraType": "Dragon", "role": "Bulky Attacker", "bvs": {"hp": 90, "atk": 100, "def": 100, "spa": 150, "spd": 120, "spe": 120}, "stats": {"hp": 249, "atk": 149, "def": 186, "spa": 258, "spd": 215, "spe": 215}, "types": ["Water", "Dragon"]}, "Gothitelle": {"name": "Gothitelle", "species": "Gothitelle", "speciesId": "gothitelle", "gender": "M", "shiny": false, "level": 90, "moves": ["calmmind", "focusblast", "psychicnoise", "thunderbolt"], "ability": "Shadow Tag", "evs": {"hp": 85, "atk": 0, "def": 85, "spa": 85, "spd": 85, "spe": 85}, "ivs": {"hp": 31, "atk": 0, "def": 31, "spa": 31, "spd": 31, "spe": 31}, "item": "Leftovers", "teraType": "Ground", "role": "Bulky Setup", "bvs": {"hp": 70, "atk": 55, "def": 95, "spa": 95, "spd": 110, "spe": 65}, "stats": {"hp": 272, "atk": 104, "def": 222, "spa": 222, "spd": 249, "spe": 168}, "types": ["Psychic"]}, "Mewtwo": {"name": "Mewtwo", "species": "Mewtwo", "speciesId": "mewtwo", "gender": "N", "shiny": false, "level": 72, "moves": ["psystrike", "nastyplot", "darkpulse", "recover"], "ability": "Unnerve", "evs": {"hp": 85, "atk": 0, "def": 85, "spa": 85, "spd": 85, "spe": 85}, "ivs": {"hp": 31, "atk": 0, "def": 31, "spa": 31, "spd": 31, "spe": 31}, "item": "Life Orb", "teraType": "Dark", "role": "Setup Sweeper", "bvs": {"hp": 106, "atk": 110, "def": 90, "spa": 154, "spd": 90, "spe": 130}, "stats": {"hp": 272, "atk": 163, "def": 172, "spa": 264, "spd": 172, "spe": 229}, "types": ["Psychic"]}}]}