{"id": "gen9randombattle-2631532028", "format": "[Gen 9] Random Battle", "players": ["dlkjskjdnasd", "itsCG"], "log": "|j|\u2606dlkjskjdnasd\n|j|\u2606itsCG\n|t:|1781397478\n|gametype|singles\n|player|p1|dlkjskjdnasd|2|1133\n|player|p2|itsCG|proton|1159\n|gen|9\n|tier|[Gen 9] Random Battle\n|rated|\n|rule|Species Clause: Limit one of each Pok\u00e9mon\n|rule|HP Percentage Mod: HP is shown in percentages\n|rule|Sleep Clause Mod: Limit one foe put to sleep\n|rule|Illusion Level Mod: Illusion disguises the Pok\u00e9mon's true level\n|\n|t:|1781397478\n|teamsize|p1|6\n|teamsize|p2|6\n|start\n|switch|p1a: Sunflora|Sunflora, F|312/312\n|switch|p2a: Vaporeon|Vaporeon, L86, M|364/364\n|turn|1\n|inactive|Battle timer is ON: inactive players will automatically lose when time's up. (requested by itsCG)\n|\n|t:|1781397491\n|switch|p2a: Torkoal|Torkoal, L88, F|266/266\n|-weather|SunnyDay|[from] ability: Drought|[of] p2a: Torkoal\n|move|p1a: Sunflora|Leaf Storm|p2a: Torkoal\n|-resisted|p2a: Torkoal\n|-damage|p2a: Torkoal|99/266\n|-unboost|p1a: Sunflora|spa|2\n|\n|-weather|SunnyDay|[upkeep]\n|upkeep\n|turn|2\n|\n|t:|1781397505\n|move|p1a: Sunflora|Leaf Storm|p2a: Torkoal\n|-resisted|p2a: Torkoal\n|-damage|p2a: Torkoal|11/266\n|-unboost|p1a: Sunflora|spa|2\n|move|p2a: Torkoal|Stealth Rock|p1a: Sunflora\n|-sidestart|p1: dlkjskjdnasd|move: Stealth Rock\n|\n|-weather|SunnyDay|[upkeep]\n|upkeep\n|turn|3\n|\n|t:|1781397514\n|move|p1a: Sunflora|Leaf Storm|p2a: Torkoal\n|-resisted|p2a: Torkoal\n|-damage|p2a: Torkoal|0 fnt\n|-unboost|p1a: Sunflora|spa|2\n|faint|p2a: Torkoal\n|\n|-weather|SunnyDay|[upkeep]\n|upkeep\n|\n|t:|1781397519\n|switch|p2a: Dragonite|Dragonite, L74, M|257/257\n|turn|4\n|\n|t:|1781397536\n|switch|p1a: Hydrapple|Hydrapple, L83, F|312/312\n|-damage|p1a: Hydrapple|273/312|[from] Stealth Rock\n|move|p2a: Dragonite|Dragon Dance|p2a: Dragonite\n|-boost|p2a: Dragonite|atk|1\n|-boost|p2a: Dragonite|spe|1\n|\n|-weather|SunnyDay|[upkeep]\n|upkeep\n|turn|5\n|\n|t:|1781397542\n|-terastallize|p1a: Hydrapple|Steel\n|move|p2a: Dragonite|Outrage|p1a: Hydrapple\n|-resisted|p1a: Hydrapple\n|-damage|p1a: Hydrapple|192/312\n|move|p1a: Hydrapple|Dragon Tail|p2a: Dragonite\n|-supereffective|p2a: Dragonite\n|-damage|p2a: Dragonite|197/257\n|drag|p2a: Mismagius|Mismagius, L86, F|243/243\n|\n|-weather|none\n|upkeep\n|turn|6\n|\n|t:|1781397554\n|move|p2a: Mismagius|Mystical Fire|p1a: Hydrapple\n|-supereffective|p1a: Hydrapple\n|-damage|p1a: Hydrapple|58/312\n|-unboost|p1a: Hydrapple|spa|1\n|move|p1a: Hydrapple|Dragon Tail|p2a: Mismagius\n|-damage|p2a: Mismagius|170/243\n|drag|p2a: Noctowl|Noctowl, L95, F|344/344\n|\n|upkeep\n|turn|7\n|\n|t:|1781397562\n|move|p2a: Noctowl|Hyper Voice|p1a: Hydrapple\n|-resisted|p1a: Hydrapple\n|-damage|p1a: Hydrapple|0 fnt\n|faint|p1a: Hydrapple\n|\n|upkeep\n|\n|t:|1781397572\n|switch|p1a: Minun|Minun, L95, M|268/268\n|-damage|p1a: Minun|235/268|[from] Stealth Rock\n|turn|8\n|\n|t:|1781397588\n|move|p1a: Minun|Thunderbolt|p2a: Noctowl\n|-supereffective|p2a: Noctowl\n|-damage|p2a: Noctowl|126/344\n|-damage|p1a: Minun|209/268|[from] item: Life Orb\n|move|p2a: Noctowl|Hyper Voice|p1a: Minun\n|-damage|p1a: Minun|100/268\n|\n|upkeep\n|turn|9\n|\n|t:|1781397592\n|move|p1a: Minun|Thunderbolt|p2a: Noctowl\n|-supereffective|p2a: Noctowl\n|-damage|p2a: Noctowl|0 fnt\n|faint|p2a: Noctowl\n|-damage|p1a: Minun|74/268|[from] item: Life Orb\n|\n|upkeep\n|\n|t:|1781397606\n|switch|p2a: Spiritomb|Spiritomb, L89, M|234/234\n|turn|10\n|\n|t:|1781397609\n|move|p2a: Spiritomb|Sucker Punch|p1a: Minun\n|-damage|p1a: Minun|0 fnt\n|faint|p1a: Minun\n|\n|upkeep\n|\n|t:|1781397623\n|switch|p1a: Medicham|Medicham, L86, M|243/243\n|-damage|p1a: Medicham|228/243|[from] Stealth Rock\n|turn|11\n|\n|t:|1781397631\n|move|p1a: Medicham|Trick|p2a: Spiritomb\n|-activate|p1a: Medicham|move: Trick|[of] p2a: Spiritomb\n|-item|p2a: Spiritomb|Choice Scarf|[from] move: Trick\n|-item|p1a: Medicham|Leftovers|[from] move: Trick\n|move|p2a: Spiritomb|Poltergeist|p1a: Medicham\n|-activate|p1a: Medicham|move: Poltergeist|Leftovers\n|-supereffective|p1a: Medicham\n|-damage|p1a: Medicham|0 fnt\n|faint|p1a: Medicham\n|\n|upkeep\n|-message|dlkjskjdnasd forfeited.\n|\n|win|itsCG\n|raw|dlkjskjdnasd's rating: 1155 &rarr; <strong>1130</strong><br />(-25 for losing)\n|raw|itsCG's rating: 1159 &rarr; <strong>1184</strong><br />(+25 for winning)\n|l|\u2606dlkjskjdnasd\n|player|p1|\n", "inputlog": ">version a8376a258c1d4662feba110a92103f3664a72141\n>start {\"formatid\":\"gen9randombattle\",\"seed\":\"sodium,c124131e8dcd15e862b68903ef9a5767\",\"rated\":\"Rated battle\"}\n>player p1 {\"name\":\"dlkjskjdnasd\",\"avatar\":\"2\",\"rating\":1133,\"seed\":\"sodium,551d2d7453a58ca84e17c3aa5384cfce\"}\n>player p2 {\"name\":\"itsCG\",\"avatar\":\"proton\",\"rating\":1159,\"seed\":\"sodium,71f30c0b68ba029f464f43eaf6cdfeb3\"}\n>p1 move leafstorm\n>p2 switch 2\n>p1 move leafstorm\n>p2 move stealthrock\n>p1 move leafstorm\n>p2 move lavaplume\n>p2 switch 4\n>p1 switch 6\n>p2 move dragondance\n>p1 move dragontail terastallize\n>p2 move outrage\n>p1 move dragontail\n>p2 move mysticalfire\n>p1 move ficklebeam\n>p2 move hypervoice\n>p1 switch 4\n>p1 move thunderbolt\n>p2 move hypervoice\n>p1 move thunderbolt\n>p2 move roost\n>p2 switch 6\n>p1 move alluringvoice\n>p2 move suckerpunch\n>p1 switch 3\n>p1 move trick\n>p2 move poltergeist\n>forcelose p1", "uploadtime": 1781397637, "views": 3, "formatid": "gen9randombattle", "rating": 1130, "private": 0, "password": null, "player_dets": [{"name": "dlkjskjdnasd", "avatar": "2", "rating": 1133, "seed": "sodium,551d2d7453a58ca84e17c3aa5384cfce"}, {"name": "itsCG", "avatar": "proton", "rating": 1159, "seed": "sodium,71f30c0b68ba029f464f43eaf6cdfeb3"}], "teams_full": [{"Sunflora": {"name": "Sunflora", "species": "Sunflora", "speciesId": "sunflora", "gender": "F", "shiny": false, "level": 100, "moves": ["earthpower", "dazzlinggleam", "leafstorm", "sludgebomb"], "ability": "Chlorophyll", "evs": {"hp": 85, "atk": 0, "def": 85, "spa": 85, "spd": 85, "spe": 85}, "ivs": {"hp": 31, "atk": 0, "def": 31, "spa": 31, "spd": 31, "spe": 31}, "item": "Choice Specs", "teraType": "Ground", "role": "Wallbreaker", "bvs": {"hp": 75, "atk": 75, "def": 55, "spa": 105, "spd": 85, "spe": 30}, "stats": {"hp": 312, "atk": 155, "def": 167, "spa": 267, "spd": 227, "spe": 117}, "types": ["Grass"]}, "Snorlax": {"name": "Snorlax", "species": "Snorlax", "speciesId": "snorlax", "gender": "M", "shiny": false, "level": 82, "moves": ["curse", "sleeptalk", "rest", "bodyslam"], "ability": "Thick Fat", "evs": {"hp": 85, "atk": 85, "def": 85, "spa": 85, "spd": 85, "spe": 85}, "ivs": {"hp": 31, "atk": 31, "def": 31, "spa": 31, "spd": 31, "spe": 31}, "item": "Leftovers", "teraType": "Fairy", "role": "Bulky Attacker", "bvs": {"hp": 160, "atk": 110, "def": 65, "spa": 65, "spd": 110, "spe": 30}, "stats": {"hp": 397, "atk": 228, "def": 154, "spa": 154, "spd": 228, "spe": 96}, "types": ["Normal"]}, "Medicham": {"name": "Medicham", "species": "Medicham", "speciesId": "medicham", "gender": "M", "shiny": false, "level": 86, "moves": ["icepunch", "trick", "closecombat", "zenheadbutt"], "ability": "Pure Power", "evs": {"hp": 85, "atk": 85, "def": 85, "spa": 85, "spd": 85, "spe": 85}, "ivs": {"hp": 31, "atk": 31, "def": 31, "spa": 31, "spd": 31, "spe": 31}, "item": "Choice Scarf", "teraType": "Fighting", "role": "Fast Attacker", "bvs": {"hp": 60, "atk": 60, "def": 75, "spa": 60, "spd": 75, "spe": 80}, "stats": {"hp": 243, "atk": 152, "def": 178, "spa": 152, "spd": 178, "spe": 187}, "types": ["Fighting", "Psychic"]}, "Minun": {"name": "Minun", "species": "Minun", "speciesId": "minun", "gender": "M", "shiny": false, "level": 95, "moves": ["nastyplot", "thunderbolt", "alluringvoice", "grassknot"], "ability": "Volt Absorb", "evs": {"hp": 85, "atk": 0, "def": 85, "spa": 85, "spd": 85, "spe": 85}, "ivs": {"hp": 31, "atk": 0, "def": 31, "spa": 31, "spd": 31, "spe": 31}, "item": "Life Orb", "teraType": "Electric", "role": "Setup Sweeper", "bvs": {"hp": 60, "atk": 40, "def": 50, "spa": 75, "spd": 85, "spe": 95}, "stats": {"hp": 268, "atk": 81, "def": 149, "spa": 196, "spd": 215, "spe": 234}, "types": ["Electric"]}, "Bruxish": {"name": "Bruxish", "species": "Bruxish", "speciesId": "bruxish", "gender": "F", "shiny": false, "level": 85, "moves": ["wavecrash", "psychicfangs", "aquajet", "crunch"], "ability": "Strong Jaw", "evs": {"hp": 85, "atk": 85, "def": 85, "spa": 85, "spd": 85, "spe": 85}, "ivs": {"hp": 31, "atk": 31, "def": 31, "spa": 31, "spd": 31, "spe": 31}, "item": "Choice Band", "teraType": "Psychic", "role": "Fast Attacker", "bvs": {"hp": 68, "atk": 105, "def": 70, "spa": 70, "spd": 70, "spe": 92}, "stats": {"hp": 254, "atk": 227, "def": 168, "spa": 168, "spd": 168, "spe": 205}, "types": ["Water", "Psychic"]}, "Hydrapple": {"name": "Hydrapple", "species": "Hydrapple", "speciesId": "hydrapple", "gender": "F", "shiny": false, "level": 83, "moves": ["dragontail", "gigadrain", "ficklebeam", "earthpower"], "ability": "Regenerator", "evs": {"hp": 85, "atk": 85, "def": 85, "spa": 85, "spd": 85, "spe": 85}, "ivs": {"hp": 31, "atk": 31, "def": 31, "spa": 31, "spd": 31, "spe": 31}, "item": "Assault Vest", "teraType": "Steel", "role": "AV Pivot", "bvs": {"hp": 106, "atk": 80, "def": 110, "spa": 120, "spd": 80, "spe": 44}, "stats": {"hp": 312, "atk": 180, "def": 230, "spa": 247, "spd": 180, "spe": 121}, "types": ["Grass", "Dragon"]}}, {"Vaporeon": {"name": "Vaporeon", "species": "Vaporeon", "speciesId": "vaporeon", "gender": "M", "shiny": false, "level": 86, "moves": ["scald", "protect", "wish", "calmmind"], "ability": "Water Absorb", "evs": {"hp": 85, "atk": 0, "def": 85, "spa": 85, "spd": 85, "spe": 85}, "ivs": {"hp": 31, "atk": 0, "def": 31, "spa": 31, "spd": 31, "spe": 31}, "item": "Leftovers", "teraType": "Poison", "role": "Bulky Setup", "bvs": {"hp": 130, "atk": 65, "def": 60, "spa": 110, "spd": 95, "spe": 65}, "stats": {"hp": 364, "atk": 116, "def": 152, "spa": 238, "spd": 213, "spe": 161}, "types": ["Water"]}, "Torkoal": {"name": "Torkoal", "species": "Torkoal", "speciesId": "torkoal", "gender": "F", "shiny": false, "level": 88, "moves": ["yawn", "lavaplume", "stealthrock", "rapidspin"], "ability": "Drought", "evs": {"hp": 85, "atk": 85, "def": 85, "spa": 85, "spd": 85, "spe": 85}, "ivs": {"hp": 31, "atk": 31, "def": 31, "spa": 31, "spd": 31, "spe": 31}, "item": "Heavy-Duty Boots", "teraType": "Dragon", "role": "Bulky Support", "bvs": {"hp": 70, "atk": 85, "def": 140, "spa": 85, "spd": 70, "spe": 20}, "stats": {"hp": 266, "atk": 200, "def": 297, "spa": 200, "spd": 173, "spe": 85}, "types": ["Fire"]}, "Mismagius": {"name": "Mismagius", "species": "Mismagius", "speciesId": "mismagius", "gender": "F", "shiny": false, "level": 86, "moves": ["shadowball", "thunderbolt", "mysticalfire", "trick"], "ability": "Levitate", "evs": {"hp": 85, "atk": 0, "def": 85, "spa": 85, "spd": 85, "spe": 85}, "ivs": {"hp": 31, "atk": 0, "def": 31, "spa": 31, "spd": 31, "spe": 31}, "item": "Choice Specs", "teraType": "Electric", "role": "Wallbreaker", "bvs": {"hp": 60, "atk": 60, "def": 60, "spa": 105, "spd": 105, "spe": 105}, "stats": {"hp": 243, "atk": 108, "def": 152, "spa": 230, "spd": 230, "spe": 230}, "types": ["Ghost"]}, "Dragonite": {"name": "Dragonite", "species": "Dragonite", "speciesId": "dragonite", "gender": "M", "shiny": false, "level": 74, "moves": ["dragondance", "outrage", "earthquake", "ironhead"], "ability": "Multiscale", "evs": {"hp": 85, "atk": 85, "def": 85, "spa": 85, "spd": 85, "spe": 85}, "ivs": {"hp": 31, "atk": 31, "def": 31, "spa": 31, "spd": 31, "spe": 31}, "item": "Heavy-Duty Boots", "teraType": "Steel", "role": "Setup Sweeper", "bvs": {"hp": 91, "atk": 134, "def": 95, "spa": 100, "spd": 100, "spe": 80}, "stats": {"hp": 257, "atk": 241, "def": 184, "spa": 191, "spd": 191, "spe": 161}, "types": ["Dragon", "Flying"]}, "Noctowl": {"name": "Noctowl", "species": "Noctowl", "speciesId": "noctowl", "gender": "F", "shiny": false, "level": 95, "moves": ["hurricane", "hypervoice", "roost", "calmmind"], "ability": "Tinted Lens", "evs": {"hp": 85, "atk": 0, "def": 85, "spa": 85, "spd": 85, "spe": 85}, "ivs": {"hp": 31, "atk": 0, "def": 31, "spa": 31, "spd": 31, "spe": 31}, "item": "Heavy-Duty Boots", "teraType": "Steel", "role": "Bulky Attacker", "bvs": {"hp": 100, "atk": 50, "def": 50, "spa": 86, "spd": 96, "spe": 70}, "stats": {"hp": 344, "atk": 100, "def": 149, "spa": 217, "spd": 236, "spe": 187}, "types": ["Normal", "Flying"]}, "Spiritomb": {"name": "Spiritomb", "species": "Spiritomb", "speciesId": "spiritomb", "gender": "M", "shiny": false, "level": 89, "moves": ["foulplay", "willowisp", "poltergeist", "suckerpunch"], "ability": "Infiltrator", "evs": {"hp": 85, "atk": 85, "def": 85, "spa": 85, "spd": 85, "spe": 85}, "ivs": {"hp": 31, "atk": 31, "def": 31, "spa": 31, "spd": 31, "spe": 31}, "item": "Leftovers", "teraType": "Steel", "role": "Bulky Support", "bvs": {"hp": 50, "atk": 92, "def": 108, "spa": 92, "spd": 108, "spe": 35}, "stats": {"hp": 234, "atk": 215, "def": 243, "spa": 215, "spd": 243, "spe": 113}, "types": ["Ghost", "Dark"]}}]}