{"id": "gen9randombattle-2631616007", "format": "[Gen 9] Random Battle", "players": ["WhatEver2102", "Z10101"], "log": "|j|\u2606WhatEver2102\n|j|\u2606Z10101\n|t:|1781409334\n|gametype|singles\n|player|p1|WhatEver2102|juan|2029\n|player|p2|Z10101|102|2050\n|gen|9\n|tier|[Gen 9] Random Battle\n|rated|\n|rule|Species Clause: Limit one of each Pok\u00e9mon\n|rule|HP Percentage Mod: HP is shown in percentages\n|rule|Sleep Clause Mod: Limit one foe put to sleep\n|rule|Illusion Level Mod: Illusion disguises the Pok\u00e9mon's true level\n|\n|t:|1781409334\n|teamsize|p1|6\n|teamsize|p2|6\n|start\n|switch|p1a: Glastrier|Glastrier, L86|312/312\n|switch|p2a: Delibird|Delibird, F|252/252\n|turn|1\n|inactive|Battle timer is ON: inactive players will automatically lose when time's up. (requested by WhatEver2102)\n|\n|t:|1781409368\n|move|p2a: Delibird|Brave Bird|p1a: Glastrier\n|-damage|p1a: Glastrier|186/312\n|-damage|p2a: Delibird|210/252|[from] Recoil\n|move|p1a: Glastrier|Swords Dance|p1a: Glastrier\n|-boost|p1a: Glastrier|atk|2\n|\n|upkeep\n|turn|2\n|\n|t:|1781409378\n|move|p2a: Delibird|Brave Bird|p1a: Glastrier|[miss]\n|-miss|p2a: Delibird|p1a: Glastrier\n|move|p1a: Glastrier|Heavy Slam|p2a: Delibird\n|-supereffective|p2a: Delibird\n|-damage|p2a: Delibird|0 fnt\n|faint|p2a: Delibird\n|-ability|p1a: Glastrier|Chilling Neigh|boost\n|-boost|p1a: Glastrier|atk|1\n|\n|upkeep\n|\n|t:|1781409389\n|switch|p2a: Wigglytuff|Wigglytuff, L96, M|424/424\n|turn|3\n|\n|t:|1781409404\n|move|p2a: Wigglytuff|Fire Blast|p1a: Glastrier\n|-supereffective|p1a: Glastrier\n|-damage|p1a: Glastrier|44/312\n|move|p1a: Glastrier|Heavy Slam|p2a: Wigglytuff\n|-supereffective|p2a: Wigglytuff\n|-damage|p2a: Wigglytuff|0 fnt\n|faint|p2a: Wigglytuff\n|-ability|p1a: Glastrier|Chilling Neigh|boost\n|-boost|p1a: Glastrier|atk|1\n|\n|upkeep\n|\n|t:|1781409415\n|switch|p2a: Munkidori|Munkidori, L79, M|269/269\n|turn|4\n|\n|t:|1781409431\n|switch|p1a: Solgaleo|Solgaleo, L74|325/325\n|move|p2a: Munkidori|Psyshock|p1a: Solgaleo\n|-resisted|p1a: Solgaleo\n|-damage|p1a: Solgaleo|294/325\n|-damage|p2a: Munkidori|243/269|[from] item: Life Orb\n|\n|upkeep\n|turn|5\n|\n|t:|1781409444\n|move|p2a: Munkidori|Nasty Plot|p2a: Munkidori\n|-boost|p2a: Munkidori|spa|2\n|move|p1a: Solgaleo|Knock Off|p2a: Munkidori\n|-supereffective|p2a: Munkidori\n|-damage|p2a: Munkidori|55/269\n|-enditem|p2a: Munkidori|Life Orb|[from] move: Knock Off|[of] p1a: Solgaleo\n|\n|upkeep\n|turn|6\n|\n|t:|1781409460\n|move|p2a: Munkidori|Focus Blast|p1a: Solgaleo|[miss]\n|-miss|p2a: Munkidori|p1a: Solgaleo\n|move|p1a: Solgaleo|Flame Charge|p2a: Munkidori\n|-damage|p2a: Munkidori|3/269\n|-boost|p1a: Solgaleo|spe|1\n|\n|upkeep\n|turn|7\n|\n|t:|1781409470\n|switch|p2a: Sandaconda|Sandaconda, L84, F|258/258\n|move|p1a: Solgaleo|Flame Charge|p2a: Sandaconda\n|-crit|p2a: Sandaconda\n|-damage|p2a: Sandaconda|215/258\n|-boost|p1a: Solgaleo|spe|1\n|\n|-heal|p2a: Sandaconda|231/258|[from] item: Leftovers\n|upkeep\n|turn|8\n|\n|t:|1781409474\n|move|p1a: Solgaleo|Knock Off|p2a: Sandaconda\n|-damage|p2a: Sandaconda|175/258\n|-enditem|p2a: Sandaconda|Leftovers|[from] move: Knock Off|[of] p1a: Solgaleo\n|move|p2a: Sandaconda|Glare|p1a: Solgaleo\n|-status|p1a: Solgaleo|par\n|\n|upkeep\n|turn|9\n|\n|t:|1781409493\n|switch|p1a: Weezing|Weezing, L88, F|258/258\n|move|p2a: Sandaconda|Coil|p2a: Sandaconda\n|-boost|p2a: Sandaconda|atk|1\n|-boost|p2a: Sandaconda|def|1\n|-boost|p2a: Sandaconda|accuracy|1\n|\n|upkeep\n|turn|10\n|\n|t:|1781409502\n|move|p2a: Sandaconda|Stone Edge|p1a: Weezing\n|-damage|p1a: Weezing|176/258\n|move|p1a: Weezing|Will-O-Wisp|p2a: Sandaconda\n|-status|p2a: Sandaconda|brn\n|\n|-heal|p1a: Weezing|192/258|[from] item: Leftovers\n|-damage|p2a: Sandaconda|159/258 brn|[from] brn\n|upkeep\n|turn|11\n|\n|t:|1781409509\n|move|p2a: Sandaconda|Coil|p2a: Sandaconda\n|-boost|p2a: Sandaconda|atk|1\n|-boost|p2a: Sandaconda|def|1\n|-boost|p2a: Sandaconda|accuracy|1\n|move|p1a: Weezing|Fire Blast|p2a: Sandaconda\n|-damage|p2a: Sandaconda|70/258 brn\n|\n|-activate|p2a: Sandaconda|ability: Shed Skin\n|-curestatus|p2a: Sandaconda|brn|[msg]\n|-heal|p1a: Weezing|208/258|[from] item: Leftovers\n|upkeep\n|turn|12\n|\n|t:|1781409523\n|-terastallize|p1a: Weezing|Steel\n|move|p2a: Sandaconda|Stone Edge|p1a: Weezing\n|-resisted|p1a: Weezing\n|-damage|p1a: Weezing|151/258\n|move|p1a: Weezing|Fire Blast|p2a: Sandaconda|[miss]\n|-miss|p1a: Weezing|p2a: Sandaconda\n|\n|-heal|p1a: Weezing|167/258|[from] item: Leftovers\n|upkeep\n|turn|13\n|\n|t:|1781409531\n|move|p2a: Sandaconda|Glare|p1a: Weezing\n|-status|p1a: Weezing|par\n|move|p1a: Weezing|Will-O-Wisp|p2a: Sandaconda\n|-status|p2a: Sandaconda|brn\n|\n|-heal|p1a: Weezing|183/258 par|[from] item: Leftovers\n|-damage|p2a: Sandaconda|54/258 brn|[from] brn\n|upkeep\n|turn|14\n|\n|t:|1781409536\n|move|p2a: Sandaconda|Stone Edge|p1a: Weezing\n|-resisted|p1a: Weezing\n|-damage|p1a: Weezing|155/258 par\n|move|p1a: Weezing|Fire Blast|p2a: Sandaconda\n|-damage|p2a: Sandaconda|0 fnt\n|faint|p2a: Sandaconda\n|\n|-heal|p1a: Weezing|171/258 par|[from] item: Leftovers\n|upkeep\n|\n|t:|1781409542\n|switch|p2a: Munkidori|Munkidori, L79, M|3/269\n|turn|15\n|\n|t:|1781409549\n|move|p2a: Munkidori|Focus Blast|p1a: Weezing\n|-supereffective|p1a: Weezing\n|-damage|p1a: Weezing|0 fnt\n|faint|p1a: Weezing\n|\n|upkeep\n|\n|t:|1781409556\n|switch|p1a: Solgaleo|Solgaleo, L74|294/325 par\n|turn|16\n|\n|t:|1781409569\n|move|p2a: Munkidori|Focus Blast|p1a: Solgaleo\n|-damage|p1a: Solgaleo|196/325 par\n|move|p1a: Solgaleo|Flame Charge|p2a: Munkidori\n|-damage|p2a: Munkidori|0 fnt\n|-boost|p1a: Solgaleo|spe|1\n|faint|p2a: Munkidori\n|\n|upkeep\n|\n|t:|1781409576\n|switch|p2a: Brute Bonnet|Brute Bonnet, L80|309/309\n|turn|17\n|\n|t:|1781409586\n|move|p1a: Solgaleo|Sunsteel Strike|p2a: Brute Bonnet\n|-damage|p2a: Brute Bonnet|198/309\n|move|p2a: Brute Bonnet|Crunch|p1a: Solgaleo\n|-supereffective|p1a: Solgaleo\n|-damage|p1a: Solgaleo|8/325 par\n|-enditem|p1a: Solgaleo|Weakness Policy\n|-boost|p1a: Solgaleo|atk|2|[from] item: Weakness Policy\n|-boost|p1a: Solgaleo|spa|2|[from] item: Weakness Policy\n|\n|-heal|p2a: Brute Bonnet|217/309|[from] item: Leftovers\n|upkeep\n|turn|18\n|\n|t:|1781409602\n|move|p2a: Brute Bonnet|Sucker Punch|p1a: Solgaleo\n|-supereffective|p1a: Solgaleo\n|-damage|p1a: Solgaleo|0 fnt\n|faint|p1a: Solgaleo\n|\n|-heal|p2a: Brute Bonnet|236/309|[from] item: Leftovers\n|upkeep\n|\n|t:|1781409607\n|switch|p1a: Braviary|Braviary, L85, M|309/309\n|turn|19\n|\n|t:|1781409626\n|-terastallize|p2a: Brute Bonnet|Poison\n|move|p1a: Braviary|Brave Bird|p2a: Brute Bonnet\n|-damage|p2a: Brute Bonnet|85/309\n|-damage|p1a: Braviary|259/309|[from] Recoil\n|move|p2a: Brute Bonnet|Spore|p1a: Braviary\n|-status|p1a: Braviary|slp|[from] move: Spore\n|\n|-heal|p2a: Brute Bonnet|104/309|[from] item: Leftovers\n|upkeep\n|turn|20\n|\n|t:|1781409635\n|switch|p1a: Glastrier|Glastrier, L86|44/312\n|move|p2a: Brute Bonnet|Crunch|p1a: Glastrier\n|-damage|p1a: Glastrier|0 fnt\n|faint|p1a: Glastrier\n|\n|-heal|p2a: Brute Bonnet|123/309|[from] item: Leftovers\n|upkeep\n|\n|t:|1781409642\n|switch|p1a: Raichu|Raichu-Alola, L87, M|246/246\n|turn|21\n|\n|t:|1781409650\n|move|p1a: Raichu|Psyshock|p2a: Brute Bonnet\n|-supereffective|p2a: Brute Bonnet\n|-damage|p2a: Brute Bonnet|0 fnt\n|faint|p2a: Brute Bonnet\n|-end|p2a: Brute Bonnet|Protosynthesis|[silent]\n|-damage|p1a: Raichu|222/246|[from] item: Life Orb\n|\n|upkeep\n|\n|t:|1781409652\n|switch|p2a: Sawsbuck|Sawsbuck-Autumn, L88, M|284/284\n|turn|22\n|\n|t:|1781409658\n|move|p1a: Raichu|Psyshock|p2a: Sawsbuck\n|-damage|p2a: Sawsbuck|142/284\n|-damage|p1a: Raichu|198/246|[from] item: Life Orb\n|move|p2a: Sawsbuck|High Horsepower|p1a: Raichu\n|-supereffective|p1a: Raichu\n|-damage|p1a: Raichu|0 fnt\n|faint|p1a: Raichu\n|-damage|p2a: Sawsbuck|114/284|[from] item: Life Orb\n|\n|upkeep\n|\n|t:|1781409664\n|switch|p1a: Annihilape|Annihilape, L76, M|292/292\n|turn|23\n|\n|t:|1781409669\n|move|p2a: Sawsbuck|Swords Dance|p2a: Sawsbuck\n|-boost|p2a: Sawsbuck|atk|2\n|move|p1a: Annihilape|Drain Punch|p2a: Sawsbuck\n|-supereffective|p2a: Sawsbuck\n|-damage|p2a: Sawsbuck|0 fnt\n|faint|p2a: Sawsbuck\n|\n|win|WhatEver2102\n|raw|WhatEver2102's rating: 2029 &rarr; <strong>2050</strong><br />(+21 for winning)\n|raw|Z10101's rating: 2050 &rarr; <strong>2029</strong><br />(-21 for losing)\n", "inputlog": ">version a8376a258c1d4662feba110a92103f3664a72141\n>start {\"formatid\":\"gen9randombattle\",\"seed\":\"sodium,44487d2de250bcc18806af63386a6b55\",\"rated\":\"Rated battle\"}\n>player p1 {\"name\":\"WhatEver2102\",\"avatar\":\"juan\",\"rating\":2029,\"seed\":\"sodium,499eb589c95e8254254763ba083cce10\"}\n>player p2 {\"name\":\"Z10101\",\"avatar\":\"102\",\"rating\":2050,\"seed\":\"sodium,e6fdbeaf8a0c710c92074aa7014cf0d5\"}\n>p1 move swordsdance\n>p2 move bravebird\n>p1 move heavyslam\n>p2 move bravebird\n>p2 switch 3\n>p1 move heavyslam\n>p2 move fireblast\n>p2 switch 5\n>p1 switch 4\n>p2 move psyshock\n>p1 move knockoff\n>p2 move nastyplot\n>p1 move flamecharge\n>p2 move focusblast\n>p1 move flamecharge\n>p2 switch 6\n>p1 move knockoff\n>p2 move glare\n>p1 switch 6\n>p2 move coil\n>p1 move willowisp\n>p2 move stoneedge\n>p1 move fireblast\n>p2 move coil\n>p1 move fireblast terastallize\n>p2 move stoneedge\n>p1 move willowisp\n>p2 move glare\n>p1 move fireblast\n>p2 move stoneedge\n>p2 switch 6\n>p1 move fireblast\n>p2 move focusblast\n>p1 switch 6\n>p1 move flamecharge\n>p2 move focusblast\n>p2 switch 4\n>p1 move sunsteelstrike\n>p2 move crunch\n>p1 move sunsteelstrike\n>p2 move suckerpunch\n>p1 switch 5\n>p1 move bravebird\n>p2 move spore terastallize\n>p1 switch 4\n>p2 move crunch\n>p1 switch 3\n>p1 move psyshock\n>p2 move crunch\n>p2 switch 2\n>p1 move psyshock\n>p2 move highhorsepower\n>p1 switch 2\n>p1 move drainpunch\n>p2 move swordsdance", "uploadtime": 1781409336, "views": 5, "formatid": "gen9randombattle", "rating": 2029, "private": 0, "password": null, "player_dets": [{"name": "WhatEver2102", "avatar": "juan", "rating": 2029, "seed": "sodium,499eb589c95e8254254763ba083cce10"}, {"name": "Z10101", "avatar": "102", "rating": 2050, "seed": "sodium,e6fdbeaf8a0c710c92074aa7014cf0d5"}], "teams_full": [{"Glastrier": {"name": "Glastrier", "species": "Glastrier", "speciesId": "glastrier", "gender": "N", "shiny": false, "level": 86, "moves": ["swordsdance", "highhorsepower", "iciclecrash", "heavyslam"], "ability": "Chilling Neigh", "evs": {"hp": 85, "atk": 85, "def": 85, "spa": 85, "spd": 85, "spe": 85}, "ivs": {"hp": 31, "atk": 31, "def": 31, "spa": 31, "spd": 31, "spe": 31}, "item": "Heavy-Duty Boots", "teraType": "Steel", "role": "Bulky Attacker", "bvs": {"hp": 100, "atk": 145, "def": 130, "spa": 65, "spd": 110, "spe": 30}, "stats": {"hp": 312, "atk": 299, "def": 273, "spa": 161, "spd": 238, "spe": 101}, "types": ["Ice"]}, "Annihilape": {"name": "Annihilape", "species": "Annihilape", "speciesId": "annihilape", "gender": "M", "shiny": false, "level": 76, "moves": ["drainpunch", "ragefist", "taunt", "bulkup"], "ability": "Defiant", "evs": {"hp": 85, "atk": 85, "def": 85, "spa": 85, "spd": 85, "spe": 85}, "ivs": {"hp": 31, "atk": 31, "def": 31, "spa": 31, "spd": 31, "spe": 31}, "item": "Leftovers", "teraType": "Fairy", "role": "Bulky Setup", "bvs": {"hp": 110, "atk": 115, "def": 80, "spa": 50, "spd": 90, "spe": 90}, "stats": {"hp": 292, "atk": 219, "def": 166, "spa": 120, "spd": 181, "spe": 181}, "types": ["Fighting", "Ghost"]}, "Raichu": {"name": "Raichu", "species": "Raichu-Alola", "speciesId": "raichualola", "gender": "M", "shiny": false, "level": 87, "moves": ["thunderbolt", "nastyplot", "psyshock", "grassknot"], "ability": "Surge Surfer", "evs": {"hp": 85, "atk": 0, "def": 85, "spa": 85, "spd": 85, "spe": 85}, "ivs": {"hp": 31, "atk": 0, "def": 31, "spa": 31, "spd": 31, "spe": 31}, "item": "Life Orb", "teraType": "Grass", "role": "Setup Sweeper", "bvs": {"hp": 60, "atk": 85, "def": 50, "spa": 95, "spd": 85, "spe": 110}, "stats": {"hp": 246, "atk": 152, "def": 137, "spa": 215, "spd": 198, "spe": 241}, "types": ["Electric", "Psychic"]}, "Solgaleo": {"name": "Solgaleo", "species": "Solgaleo", "speciesId": "solgaleo", "gender": "N", "shiny": false, "level": 74, "moves": ["sunsteelstrike", "flamecharge", "knockoff", "earthquake"], "ability": "Full Metal Body", "evs": {"hp": 85, "atk": 85, "def": 85, "spa": 85, "spd": 85, "spe": 85}, "ivs": {"hp": 31, "atk": 31, "def": 31, "spa": 31, "spd": 31, "spe": 31}, "item": "Weakness Policy", "teraType": "Dark", "role": "Bulky Setup", "bvs": {"hp": 137, "atk": 137, "def": 107, "spa": 113, "spd": 89, "spe": 97}, "stats": {"hp": 325, "atk": 246, "def": 201, "spa": 210, "spd": 175, "spe": 187}, "types": ["Psychic", "Steel"]}, "Braviary": {"name": "Braviary", "species": "Braviary", "speciesId": "braviary", "gender": "M", "shiny": false, "level": 85, "moves": ["closecombat", "roost", "bulkup", "bravebird"], "ability": "Defiant", "evs": {"hp": 85, "atk": 85, "def": 85, "spa": 85, "spd": 85, "spe": 85}, "ivs": {"hp": 31, "atk": 31, "def": 31, "spa": 31, "spd": 31, "spe": 31}, "item": "Heavy-Duty Boots", "teraType": "Fighting", "role": "Fast Bulky Setup", "bvs": {"hp": 100, "atk": 123, "def": 75, "spa": 57, "spd": 75, "spe": 80}, "stats": {"hp": 309, "atk": 258, "def": 176, "spa": 146, "spd": 176, "spe": 185}, "types": ["Normal", "Flying"]}, "Weezing": {"name": "Weezing", "species": "Weezing", "speciesId": "weezing", "gender": "F", "shiny": false, "level": 88, "moves": ["painsplit", "gunkshot", "willowisp", "fireblast"], "ability": "Levitate", "evs": {"hp": 85, "atk": 85, "def": 85, "spa": 85, "spd": 85, "spe": 85}, "ivs": {"hp": 31, "atk": 31, "def": 31, "spa": 31, "spd": 31, "spe": 31}, "item": "Leftovers", "teraType": "Steel", "role": "Bulky Attacker", "bvs": {"hp": 65, "atk": 90, "def": 120, "spa": 85, "spd": 70, "spe": 60}, "stats": {"hp": 258, "atk": 209, "def": 261, "spa": 200, "spd": 173, "spe": 156}, "types": ["Poison"]}}, {"Delibird": {"name": "Delibird", "species": "Delibird", "speciesId": "delibird", "gender": "F", "shiny": false, "level": 100, "moves": ["icespinner", "drillrun", "bravebird", "iceshard"], "ability": "Hustle", "evs": {"hp": 85, "atk": 85, "def": 85, "spa": 85, "spd": 85, "spe": 85}, "ivs": {"hp": 31, "atk": 31, "def": 31, "spa": 31, "spd": 31, "spe": 31}, "item": "Heavy-Duty Boots", "teraType": "Ground", "role": "Fast Attacker", "bvs": {"hp": 45, "atk": 55, "def": 45, "spa": 65, "spd": 45, "spe": 75}, "stats": {"hp": 252, "atk": 167, "def": 147, "spa": 187, "spd": 147, "spe": 207}, "types": ["Ice", "Flying"]}, "Sawsbuck": {"name": "Sawsbuck", "species": "Sawsbuck-Autumn", "speciesId": "sawsbuck", "gender": "M", "shiny": false, "level": 88, "moves": ["highhorsepower", "hornleech", "swordsdance", "doubleedge"], "ability": "Sap Sipper", "evs": {"hp": 85, "atk": 85, "def": 85, "spa": 85, "spd": 85, "spe": 85}, "ivs": {"hp": 31, "atk": 31, "def": 31, "spa": 31, "spd": 31, "spe": 31}, "item": "Life Orb", "teraType": "Normal", "role": "Setup Sweeper", "bvs": {"hp": 80, "atk": 100, "def": 70, "spa": 60, "spd": 70, "spe": 95}, "stats": {"hp": 284, "atk": 226, "def": 173, "spa": 156, "spd": 173, "spe": 217}, "types": ["Normal", "Grass"]}, "Wigglytuff": {"name": "Wigglytuff", "species": "Wigglytuff", "speciesId": "wigglytuff", "gender": "M", "shiny": false, "level": 96, "moves": ["thunderwave", "dazzlinggleam", "knockoff", "fireblast"], "ability": "Competitive", "evs": {"hp": 85, "atk": 85, "def": 85, "spa": 85, "spd": 85, "spe": 85}, "ivs": {"hp": 31, "atk": 31, "def": 31, "spa": 31, "spd": 31, "spe": 31}, "item": "Leftovers", "teraType": "Poison", "role": "Bulky Support", "bvs": {"hp": 140, "atk": 70, "def": 45, "spa": 85, "spd": 50, "spe": 45}, "stats": {"hp": 424, "atk": 189, "def": 141, "spa": 218, "spd": 150, "spe": 141}, "types": ["Normal", "Fairy"]}, "Brute Bonnet": {"name": "Brute Bonnet", "species": "Brute Bonnet", "speciesId": "brutebonnet", "gender": "N", "shiny": false, "level": 80, "moves": ["spore", "suckerpunch", "closecombat", "crunch"], "ability": "Protosynthesis", "evs": {"hp": 85, "atk": 85, "def": 85, "spa": 85, "spd": 85, "spe": 85}, "ivs": {"hp": 31, "atk": 31, "def": 31, "spa": 31, "spd": 31, "spe": 31}, "item": "Leftovers", "teraType": "Poison", "role": "Bulky Attacker", "bvs": {"hp": 111, "atk": 127, "def": 99, "spa": 79, "spd": 99, "spe": 55}, "stats": {"hp": 309, "atk": 249, "def": 205, "spa": 173, "spd": 205, "spe": 134}, "types": ["Grass", "Dark"]}, "Munkidori": {"name": "Munkidori", "species": "Munkidori", "speciesId": "munkidori", "gender": "M", "shiny": false, "level": 79, "moves": ["nastyplot", "sludgewave", "psyshock", "focusblast"], "ability": "Toxic Chain", "evs": {"hp": 85, "atk": 0, "def": 85, "spa": 85, "spd": 85, "spe": 85}, "ivs": {"hp": 31, "atk": 0, "def": 31, "spa": 31, "spd": 31, "spe": 31}, "item": "Life Orb", "teraType": "Fighting", "role": "Fast Attacker", "bvs": {"hp": 88, "atk": 75, "def": 66, "spa": 130, "spd": 90, "spe": 106}, "stats": {"hp": 269, "atk": 123, "def": 150, "spa": 251, "spd": 188, "spe": 213}, "types": ["Poison", "Psychic"]}, "Sandaconda": {"name": "Sandaconda", "species": "Sandaconda", "speciesId": "sandaconda", "gender": "F", "shiny": false, "level": 84, "moves": ["glare", "earthquake", "coil", "stoneedge"], "ability": "Shed Skin", "evs": {"hp": 85, "atk": 85, "def": 85, "spa": 85, "spd": 85, "spe": 85}, "ivs": {"hp": 31, "atk": 31, "def": 31, "spa": 31, "spd": 31, "spe": 31}, "item": "Leftovers", "teraType": "Dragon", "role": "Bulky Setup", "bvs": {"hp": 72, "atk": 107, "def": 125, "spa": 65, "spd": 70, "spe": 71}, "stats": {"hp": 258, "atk": 228, "def": 258, "spa": 157, "spd": 166, "spe": 167}, "types": ["Ground"]}}]}