{"id": "gen9randombattle-2631651616", "format": "[Gen 9] Random Battle", "players": ["Cqtaclysm", "oppopu"], "log": "|j|\u2606Cqtaclysm\n|j|\u2606oppopu\n|t:|1781415168\n|gametype|singles\n|player|p1|Cqtaclysm|1|1362\n|player|p2|oppopu|101|1405\n|gen|9\n|tier|[Gen 9] Random Battle\n|rated|\n|rule|Species Clause: Limit one of each Pok\u00e9mon\n|rule|HP Percentage Mod: HP is shown in percentages\n|rule|Sleep Clause Mod: Limit one foe put to sleep\n|rule|Illusion Level Mod: Illusion disguises the Pok\u00e9mon's true level\n|\n|t:|1781415168\n|teamsize|p1|6\n|teamsize|p2|6\n|start\n|switch|p1a: Toucannon|Toucannon, L88, M|284/284\n|switch|p2a: Bastiodon|Bastiodon, L89, M|252/252\n|turn|1\n|\n|t:|1781415194\n|move|p1a: Toucannon|U-turn|p2a: Bastiodon\n|-resisted|p2a: Bastiodon\n|-damage|p2a: Bastiodon|234/252\n|\n|t:|1781415204\n|switch|p1a: Kyogre|Kyogre, L71|259/259|[from] U-turn\n|-weather|RainDance|[from] ability: Drizzle|[of] p1a: Kyogre\n|move|p2a: Bastiodon|Iron Defense|p2a: Bastiodon\n|-boost|p2a: Bastiodon|def|2\n|\n|-weather|RainDance|[upkeep]\n|upkeep\n|turn|2\n|\n|t:|1781415213\n|switch|p2a: Munkidori|Munkidori, L79, M|269/269\n|move|p1a: Kyogre|Origin Pulse|p2a: Munkidori|[miss]\n|-miss|p1a: Kyogre|p2a: Munkidori\n|\n|-weather|RainDance|[upkeep]\n|upkeep\n|turn|3\n|\n|t:|1781415221\n|move|p2a: Munkidori|Fake Out|p1a: Kyogre\n|-damage|p1a: Kyogre|234/259\n|-status|p1a: Kyogre|tox|[from] ability: Toxic Chain|[of] p2a: Munkidori\n|cant|p1a: Kyogre|flinch\n|\n|-weather|RainDance|[upkeep]\n|-heal|p1a: Kyogre|250/259 tox|[from] item: Leftovers\n|-damage|p1a: Kyogre|234/259 tox|[from] psn\n|upkeep\n|turn|4\n|\n|t:|1781415230\n|move|p2a: Munkidori|U-turn|p1a: Kyogre\n|-damage|p1a: Kyogre|190/259 tox\n|\n|t:|1781415235\n|switch|p2a: Azumarill|Azumarill, L82, M|298/298|[from] U-turn\n|move|p1a: Kyogre|Origin Pulse|p2a: Azumarill|[miss]\n|-miss|p1a: Kyogre|p2a: Azumarill\n|\n|-weather|RainDance|[upkeep]\n|-heal|p1a: Kyogre|206/259 tox|[from] item: Leftovers\n|-damage|p1a: Kyogre|174/259 tox|[from] psn\n|upkeep\n|turn|5\n|\n|t:|1781415247\n|switch|p2a: Munkidori|Munkidori, L79, M|269/269\n|-terastallize|p1a: Kyogre|Electric\n|move|p1a: Kyogre|Thunder|p2a: Munkidori\n|-damage|p2a: Munkidori|193/269\n|\n|-weather|none\n|-heal|p1a: Kyogre|190/259 tox|[from] item: Leftovers\n|-damage|p1a: Kyogre|142/259 tox|[from] psn\n|upkeep\n|turn|6\n|\n|t:|1781415259\n|move|p2a: Munkidori|Fake Out|p1a: Kyogre\n|-damage|p1a: Kyogre|117/259 tox\n|cant|p1a: Kyogre|flinch\n|\n|-heal|p1a: Kyogre|133/259 tox|[from] item: Leftovers\n|-damage|p1a: Kyogre|69/259 tox|[from] psn\n|upkeep\n|turn|7\n|inactive|Battle timer is ON: inactive players will automatically lose when time's up. (requested by Cqtaclysm)\n|\n|t:|1781415266\n|move|p2a: Munkidori|Sludge Wave|p1a: Kyogre\n|-damage|p1a: Kyogre|0 fnt\n|faint|p1a: Kyogre\n|\n|upkeep\n|\n|t:|1781415285\n|switch|p1a: Malamar|Malamar, L82, F|275/275\n|turn|8\n|\n|t:|1781415294\n|move|p2a: Munkidori|U-turn|p1a: Malamar\n|-supereffective|p1a: Malamar\n|-damage|p1a: Malamar|131/275\n|\n|t:|1781415301\n|switch|p2a: Spidops|Spidops, L96, F|271/271|[from] U-turn\n|move|p1a: Malamar|Knock Off|p2a: Spidops\n|-damage|p2a: Spidops|192/271\n|-enditem|p2a: Spidops|Heavy-Duty Boots|[from] move: Knock Off|[of] p1a: Malamar\n|\n|upkeep\n|turn|9\n|\n|t:|1781415320\n|switch|p1a: Toucannon|Toucannon, L88, M|284/284\n|move|p2a: Spidops|U-turn|p1a: Toucannon\n|-resisted|p1a: Toucannon\n|-damage|p1a: Toucannon|190/284\n|\n|t:|1781415325\n|switch|p2a: Bastiodon|Bastiodon, L89, M|234/252|[from] U-turn\n|\n|upkeep\n|turn|10\n|\n|t:|1781415333\n|move|p1a: Toucannon|U-turn|p2a: Bastiodon\n|-resisted|p2a: Bastiodon\n|-damage|p2a: Bastiodon|215/252\n|\n|t:|1781415341\n|switch|p1a: Hydrapple|Hydrapple, L83, F|312/312|[from] U-turn\n|move|p2a: Bastiodon|Iron Defense|p2a: Bastiodon\n|-boost|p2a: Bastiodon|def|2\n|\n|upkeep\n|turn|11\n|\n|t:|1781415350\n|-terastallize|p2a: Bastiodon|Fighting\n|move|p1a: Hydrapple|Earth Power|p2a: Bastiodon\n|-damage|p2a: Bastiodon|155/252\n|-damage|p1a: Hydrapple|281/312|[from] item: Life Orb\n|move|p2a: Bastiodon|Iron Defense|p2a: Bastiodon\n|-boost|p2a: Bastiodon|def|2\n|\n|upkeep\n|turn|12\n|\n|t:|1781415359\n|move|p1a: Hydrapple|Fickle Beam|p2a: Bastiodon\n|-damage|p2a: Bastiodon|69/252\n|-damage|p1a: Hydrapple|250/312|[from] item: Life Orb\n|move|p2a: Bastiodon|Rest|p2a: Bastiodon\n|-status|p2a: Bastiodon|slp|[from] move: Rest\n|-heal|p2a: Bastiodon|252/252 slp|[silent]\n|-enditem|p2a: Bastiodon|Chesto Berry|[eat]\n|-curestatus|p2a: Bastiodon|slp|[msg]\n|\n|upkeep\n|turn|13\n|\n|t:|1781415369\n|move|p1a: Hydrapple|Fickle Beam|p2a: Bastiodon|[anim] Fickle Beam All Out\n|-activate|p1a: Hydrapple|move: Fickle Beam\n|-damage|p2a: Bastiodon|75/252\n|-damage|p1a: Hydrapple|219/312|[from] item: Life Orb\n|move|p2a: Bastiodon|Body Press|p1a: Hydrapple\n|-damage|p1a: Hydrapple|0 fnt\n|faint|p1a: Hydrapple\n|\n|upkeep\n|\n|t:|1781415380\n|switch|p1a: Malamar|Malamar, L82, F|131/275\n|turn|14\n|\n|t:|1781415384\n|move|p1a: Malamar|Psycho Cut|p2a: Bastiodon\n|-supereffective|p2a: Bastiodon\n|-damage|p2a: Bastiodon|49/252\n|move|p2a: Bastiodon|Body Press|p1a: Malamar\n|-damage|p1a: Malamar|0 fnt\n|faint|p1a: Malamar\n|\n|upkeep\n|\n|t:|1781415391\n|switch|p1a: Toucannon|Toucannon, L88, M|190/284\n|turn|15\n|\n|t:|1781415394\n|-singleturn|p1a: Toucannon|move: Beak Blast\n|move|p2a: Bastiodon|Rest|p2a: Bastiodon\n|-status|p2a: Bastiodon|slp|[from] move: Rest\n|-heal|p2a: Bastiodon|252/252 slp|[silent]\n|move|p1a: Toucannon|Beak Blast|p2a: Bastiodon\n|-supereffective|p2a: Bastiodon\n|-damage|p2a: Bastiodon|202/252 slp\n|\n|upkeep\n|turn|16\n|\n|t:|1781415403\n|-singleturn|p1a: Toucannon|move: Beak Blast\n|cant|p2a: Bastiodon|slp\n|move|p1a: Toucannon|Beak Blast|p2a: Bastiodon\n|-supereffective|p2a: Bastiodon\n|-damage|p2a: Bastiodon|152/252 slp\n|\n|upkeep\n|turn|17\n|\n|t:|1781415411\n|-singleturn|p1a: Toucannon|move: Beak Blast\n|cant|p2a: Bastiodon|slp\n|move|p1a: Toucannon|Beak Blast|p2a: Bastiodon\n|-supereffective|p2a: Bastiodon\n|-damage|p2a: Bastiodon|102/252 slp\n|\n|upkeep\n|turn|18\n|\n|t:|1781415418\n|-singleturn|p1a: Toucannon|move: Beak Blast\n|-curestatus|p2a: Bastiodon|slp|[msg]\n|move|p2a: Bastiodon|Body Press|p1a: Toucannon\n|-damage|p1a: Toucannon|0 fnt\n|-status|p2a: Bastiodon|brn\n|faint|p1a: Toucannon\n|\n|-damage|p2a: Bastiodon|87/252 brn|[from] brn\n|upkeep\n|\n|t:|1781415428\n|switch|p1a: Grafaiai|Grafaiai, L86, F|249/249\n|turn|19\n|\n|t:|1781415433\n|move|p1a: Grafaiai|Gunk Shot|p2a: Bastiodon\n|-damage|p2a: Bastiodon|63/252 brn\n|move|p2a: Bastiodon|Body Press|p1a: Grafaiai\n|-damage|p1a: Grafaiai|0 fnt\n|faint|p1a: Grafaiai\n|\n|-damage|p2a: Bastiodon|48/252 brn|[from] brn\n|upkeep\n|\n|t:|1781415441\n|switch|p1a: Araquanid|Araquanid, L82, M|246/246\n|turn|20\n|\n|t:|1781415446\n|move|p1a: Araquanid|Liquidation|p2a: Bastiodon\n|-damage|p2a: Bastiodon|24/252 brn\n|-unboost|p2a: Bastiodon|def|1\n|move|p2a: Bastiodon|Body Press|p1a: Araquanid\n|-resisted|p1a: Araquanid\n|-damage|p1a: Araquanid|156/246\n|\n|-damage|p2a: Bastiodon|9/252 brn|[from] brn\n|upkeep\n|turn|21\n|\n|t:|1781415455\n|switch|p2a: Girafarig|Girafarig, L89, M|269/269\n|move|p1a: Araquanid|Liquidation|p2a: Girafarig\n|-damage|p2a: Girafarig|160/269\n|\n|upkeep\n|turn|22\n|\n|t:|1781415460\n|move|p2a: Girafarig|Thunderbolt|p1a: Araquanid\n|-supereffective|p1a: Araquanid\n|-damage|p1a: Araquanid|60/246\n|move|p1a: Araquanid|Sticky Web|p2a: Girafarig\n|-sidestart|p2: oppopu|move: Sticky Web\n|\n|upkeep\n|turn|23\n|\n|t:|1781415467\n|move|p2a: Girafarig|Thunderbolt|p1a: Araquanid\n|-supereffective|p1a: Araquanid\n|-damage|p1a: Araquanid|0 fnt\n|faint|p1a: Araquanid\n|\n|win|oppopu\n|raw|Cqtaclysm's rating: 1362 &rarr; <strong>1344</strong><br />(-18 for losing)\n|raw|oppopu's rating: 1405 &rarr; <strong>1423</strong><br />(+18 for winning)\n|l|\u2606Cqtaclysm\n|player|p1|\n", "inputlog": ">version a8376a258c1d4662feba110a92103f3664a72141\n>start {\"formatid\":\"gen9randombattle\",\"seed\":\"sodium,9677620bfd35454f5f4912b7e4184063\",\"rated\":\"Rated battle\"}\n>player p1 {\"name\":\"Cqtaclysm\",\"avatar\":\"1\",\"rating\":1362,\"seed\":\"sodium,40872c767990b7d462f9b3d68216bba5\"}\n>player p2 {\"name\":\"oppopu\",\"avatar\":\"101\",\"rating\":1405,\"seed\":\"sodium,4f23e9211e980a21abfa40ee8b0e9158\"}\n>p1 move uturn\n>p2 move irondefense\n>p1 switch 4\n>p1 move originpulse\n>p2 switch 4\n>p1 move calmmind\n>p2 move fakeout\n>p1 move originpulse\n>p2 move uturn\n>p2 switch 5\n>p1 move thunder terastallize\n>p2 switch 5\n>p1 move originpulse\n>p2 move fakeout\n>p1 move originpulse\n>p2 move sludgewave\n>p1 switch 2\n>p1 move knockoff\n>p2 move uturn\n>p2 switch 3\n>p1 switch 4\n>p2 move uturn\n>p2 switch 4\n>p1 move uturn\n>p2 move irondefense\n>p1 switch 6\n>p1 move earthpower\n>p2 move irondefense terastallize\n>p1 move ficklebeam\n>p2 move rest\n>p1 move ficklebeam\n>p2 move bodypress\n>p1 switch 4\n>p1 move psychocut\n>p2 move bodypress\n>p1 switch 6\n>p1 move beakblast\n>p2 move rest\n>p1 move beakblast\n>p2 move bodypress\n>p1 move beakblast\n>p2 move bodypress\n>p1 move beakblast\n>p2 move bodypress\n>p1 switch 3\n>p1 move gunkshot\n>p2 move bodypress\n>p1 switch 5\n>p1 move liquidation\n>p2 move bodypress\n>p1 move liquidation\n>p2 switch 2\n>p1 move stickyweb\n>p2 move thunderbolt\n>p1 move leechlife\n>p2 move thunderbolt", "uploadtime": 1781415476, "views": 4, "formatid": "gen9randombattle", "rating": 1344, "private": 0, "password": null, "player_dets": [{"name": "Cqtaclysm", "avatar": "1", "rating": 1362, "seed": "sodium,40872c767990b7d462f9b3d68216bba5"}, {"name": "oppopu", "avatar": "101", "rating": 1405, "seed": "sodium,4f23e9211e980a21abfa40ee8b0e9158"}], "teams_full": [{"Toucannon": {"name": "Toucannon", "species": "Toucannon", "speciesId": "toucannon", "gender": "M", "shiny": false, "level": 88, "moves": ["beakblast", "uturn", "boomburst", "roost"], "ability": "Keen Eye", "evs": {"hp": 85, "atk": 85, "def": 85, "spa": 85, "spd": 85, "spe": 85}, "ivs": {"hp": 31, "atk": 31, "def": 31, "spa": 31, "spd": 31, "spe": 31}, "item": "Heavy-Duty Boots", "teraType": "Steel", "role": "Bulky Support", "bvs": {"hp": 80, "atk": 120, "def": 75, "spa": 75, "spd": 75, "spe": 60}, "stats": {"hp": 284, "atk": 261, "def": 182, "spa": 182, "spd": 182, "spe": 156}}, "Malamar": {"name": "Malamar", "species": "Malamar", "speciesId": "malamar", "gender": "F", "shiny": false, "level": 82, "moves": ["rest", "superpower", "knockoff", "psychocut"], "ability": "Contrary", "evs": {"hp": 85, "atk": 85, "def": 85, "spa": 85, "spd": 85, "spe": 85}, "ivs": {"hp": 31, "atk": 31, "def": 31, "spa": 31, "spd": 31, "spe": 31}, "item": "Chesto Berry", "teraType": "Steel", "role": "Fast Bulky Setup", "bvs": {"hp": 86, "atk": 92, "def": 88, "spa": 68, "spd": 75, "spe": 73}, "stats": {"hp": 275, "atk": 198, "def": 191, "spa": 159, "spd": 170, "spe": 167}}, "Grafaiai": {"name": "Grafaiai", "species": "Grafaiai", "speciesId": "grafaiai", "gender": "F", "shiny": false, "level": 86, "moves": ["encore", "gunkshot", "partingshot", "knockoff"], "ability": "Prankster", "evs": {"hp": 85, "atk": 85, "def": 85, "spa": 85, "spd": 85, "spe": 85}, "ivs": {"hp": 31, "atk": 31, "def": 31, "spa": 31, "spd": 31, "spe": 31}, "item": "Heavy-Duty Boots", "teraType": "Dark", "role": "Fast Support", "bvs": {"hp": 63, "atk": 95, "def": 65, "spa": 80, "spd": 72, "spe": 110}, "stats": {"hp": 249, "atk": 213, "def": 161, "spa": 187, "spd": 173, "spe": 238}}, "Kyogre": {"name": "Kyogre", "species": "Kyogre", "speciesId": "kyogre", "gender": "N", "shiny": false, "level": 71, "moves": ["calmmind", "icebeam", "originpulse", "thunder"], "ability": "Drizzle", "evs": {"hp": 85, "atk": 0, "def": 85, "spa": 85, "spd": 85, "spe": 85}, "ivs": {"hp": 31, "atk": 0, "def": 31, "spa": 31, "spd": 31, "spe": 31}, "item": "Leftovers", "teraType": "Electric", "role": "Bulky Setup", "bvs": {"hp": 100, "atk": 100, "def": 90, "spa": 150, "spd": 140, "spe": 90}, "stats": {"hp": 259, "atk": 147, "def": 169, "spa": 254, "spd": 240, "spe": 169}}, "Araquanid": {"name": "Araquanid", "species": "Araquanid", "speciesId": "araquanid", "gender": "M", "shiny": false, "level": 82, "moves": ["leechlife", "mirrorcoat", "stickyweb", "liquidation"], "ability": "Water Bubble", "evs": {"hp": 85, "atk": 85, "def": 85, "spa": 85, "spd": 85, "spe": 85}, "ivs": {"hp": 31, "atk": 31, "def": 31, "spa": 31, "spd": 31, "spe": 31}, "item": "Heavy-Duty Boots", "teraType": "Ground", "role": "Bulky Attacker", "bvs": {"hp": 68, "atk": 70, "def": 92, "spa": 50, "spd": 132, "spe": 42}, "stats": {"hp": 246, "atk": 162, "def": 198, "spa": 129, "spd": 264, "spe": 116}}, "Hydrapple": {"name": "Hydrapple", "species": "Hydrapple", "speciesId": "hydrapple", "gender": "F", "shiny": false, "level": 83, "moves": ["nastyplot", "earthpower", "gigadrain", "ficklebeam"], "ability": "Regenerator", "evs": {"hp": 85, "atk": 0, "def": 85, "spa": 85, "spd": 85, "spe": 85}, "ivs": {"hp": 31, "atk": 0, "def": 31, "spa": 31, "spd": 31, "spe": 31}, "item": "Life Orb", "teraType": "Steel", "role": "Fast Bulky Setup", "bvs": {"hp": 106, "atk": 80, "def": 110, "spa": 120, "spd": 80, "spe": 44}, "stats": {"hp": 312, "atk": 137, "def": 230, "spa": 247, "spd": 180, "spe": 121}}}, {"Bastiodon": {"name": "Bastiodon", "species": "Bastiodon", "speciesId": "bastiodon", "gender": "M", "shiny": false, "level": 89, "moves": ["foulplay", "irondefense", "rest", "bodypress"], "ability": "Soundproof", "evs": {"hp": 85, "atk": 0, "def": 85, "spa": 85, "spd": 85, "spe": 85}, "ivs": {"hp": 31, "atk": 0, "def": 31, "spa": 31, "spd": 31, "spe": 31}, "item": "Chesto Berry", "teraType": "Fighting", "role": "Bulky Setup", "bvs": {"hp": 60, "atk": 52, "def": 168, "spa": 47, "spd": 138, "spe": 30}, "stats": {"hp": 252, "atk": 97, "def": 350, "spa": 134, "spd": 296, "spe": 104}}, "Girafarig": {"name": "Girafarig", "species": "Girafarig", "speciesId": "girafarig", "gender": "M", "shiny": false, "level": 89, "moves": ["thunderbolt", "nastyplot", "hypervoice", "psyshock"], "ability": "Sap Sipper", "evs": {"hp": 85, "atk": 0, "def": 85, "spa": 85, "spd": 85, "spe": 85}, "ivs": {"hp": 31, "atk": 0, "def": 31, "spa": 31, "spd": 31, "spe": 31}, "item": "Eviolite", "teraType": "Electric", "role": "Fast Bulky Setup", "bvs": {"hp": 70, "atk": 80, "def": 65, "spa": 90, "spd": 65, "spe": 85}, "stats": {"hp": 269, "atk": 147, "def": 166, "spa": 211, "spd": 166, "spe": 202}}, "Spidops": {"name": "Spidops", "species": "Spidops", "speciesId": "spidops", "gender": "F", "shiny": false, "level": 96, "moves": ["uturn", "knockoff", "stickyweb", "spikes"], "ability": "Stakeout", "evs": {"hp": 85, "atk": 85, "def": 85, "spa": 85, "spd": 85, "spe": 85}, "ivs": {"hp": 31, "atk": 31, "def": 31, "spa": 31, "spd": 31, "spe": 31}, "item": "Heavy-Duty Boots", "teraType": "Ghost", "role": "Bulky Support", "bvs": {"hp": 60, "atk": 79, "def": 92, "spa": 52, "spd": 86, "spe": 35}, "stats": {"hp": 271, "atk": 206, "def": 231, "spa": 154, "spd": 220, "spe": 122}}, "Munkidori": {"name": "Munkidori", "species": "Munkidori", "speciesId": "munkidori", "gender": "M", "shiny": false, "level": 79, "moves": ["uturn", "psychicnoise", "fakeout", "sludgewave"], "ability": "Toxic Chain", "evs": {"hp": 85, "atk": 85, "def": 85, "spa": 85, "spd": 85, "spe": 85}, "ivs": {"hp": 31, "atk": 31, "def": 31, "spa": 31, "spd": 31, "spe": 31}, "item": "Assault Vest", "teraType": "Dark", "role": "AV Pivot", "bvs": {"hp": 88, "atk": 75, "def": 66, "spa": 130, "spd": 90, "spe": 106}, "stats": {"hp": 269, "atk": 164, "def": 150, "spa": 251, "spd": 188, "spe": 213}}, "Azumarill": {"name": "Azumarill", "species": "Azumarill", "speciesId": "azumarill", "gender": "M", "shiny": false, "level": 82, "moves": ["icespinner", "aquajet", "liquidation", "playrough"], "ability": "Huge Power", "evs": {"hp": 85, "atk": 85, "def": 85, "spa": 85, "spd": 85, "spe": 85}, "ivs": {"hp": 31, "atk": 31, "def": 31, "spa": 31, "spd": 31, "spe": 31}, "item": "Choice Band", "teraType": "Water", "role": "Bulky Attacker", "bvs": {"hp": 100, "atk": 50, "def": 80, "spa": 60, "spd": 80, "spe": 50}, "stats": {"hp": 298, "atk": 129, "def": 178, "spa": 146, "spd": 178, "spe": 129}}, "Okidogi": {"name": "Okidogi", "species": "Okidogi", "speciesId": "okidogi", "gender": "M", "shiny": false, "level": 77, "moves": ["drainpunch", "bulkup", "knockoff", "gunkshot"], "ability": "Toxic Chain", "evs": {"hp": 85, "atk": 85, "def": 85, "spa": 85, "spd": 85, "spe": 85}, "ivs": {"hp": 31, "atk": 31, "def": 31, "spa": 31, "spd": 31, "spe": 31}, "item": "Leftovers", "teraType": "Dark", "role": "Bulky Setup", "bvs": {"hp": 88, "atk": 128, "def": 115, "spa": 58, "spd": 86, "spe": 80}, "stats": {"hp": 262, "atk": 242, "def": 222, "spa": 134, "spd": 177, "spe": 168}}}]}