{"id": "gen9randombattle-2631811098", "format": "[Gen 9] Random Battle", "players": ["Susear", "No_348"], "log": "|j|\u2606Susear\n|j|\u2606No_348\n|t:|1781443075\n|gametype|singles\n|player|p1|Susear|ethan|1681\n|player|p2|No_348|plasmagrunt-gen5bw|1603\n|gen|9\n|tier|[Gen 9] Random Battle\n|rated|\n|rule|Species Clause: Limit one of each Pok\u00e9mon\n|rule|HP Percentage Mod: HP is shown in percentages\n|rule|Sleep Clause Mod: Limit one foe put to sleep\n|rule|Illusion Level Mod: Illusion disguises the Pok\u00e9mon's true level\n|\n|t:|1781443075\n|teamsize|p1|6\n|teamsize|p2|6\n|start\n|switch|p1a: Mismagius|Mismagius, L86, F|243/243\n|switch|p2a: Lugia|Lugia, L73|275/275\n|turn|1\n|inactive|Battle timer is ON: inactive players will automatically lose when time's up. (requested by No_348)\n|\n|t:|1781443081\n|switch|p2a: Umbreon|Umbreon, L84, F|297/297\n|move|p1a: Mismagius|Substitute|p1a: Mismagius\n|-start|p1a: Mismagius|Substitute\n|-damage|p1a: Mismagius|183/243\n|\n|-heal|p1a: Mismagius|198/243|[from] item: Leftovers\n|upkeep\n|turn|2\n|\n|t:|1781443107\n|-terastallize|p1a: Mismagius|Fighting\n|move|p1a: Mismagius|Nasty Plot|p1a: Mismagius\n|-boost|p1a: Mismagius|spa|2\n|move|p2a: Umbreon|Foul Play|p1a: Mismagius\n|-resisted|p1a: Mismagius\n|-activate|p1a: Mismagius|move: Substitute|[damage]\n|\n|-heal|p1a: Mismagius|213/243|[from] item: Leftovers\n|upkeep\n|turn|3\n|\n|t:|1781443118\n|move|p1a: Mismagius|Nasty Plot|p1a: Mismagius\n|-boost|p1a: Mismagius|spa|2\n|move|p2a: Umbreon|Wish|p2a: Umbreon\n|\n|-heal|p1a: Mismagius|228/243|[from] item: Leftovers\n|upkeep\n|turn|4\n|\n|t:|1781443129\n|switch|p2a: Comfey|Comfey, L85, M|225/225\n|move|p1a: Mismagius|Nasty Plot|p1a: Mismagius\n|-boost|p1a: Mismagius|spa|2\n|\n|-heal|p1a: Mismagius|243/243|[from] item: Leftovers\n|upkeep\n|turn|5\n|\n|t:|1781443134\n|move|p1a: Mismagius|Shadow Ball|p2a: Comfey\n|-damage|p2a: Comfey|0 fnt\n|faint|p2a: Comfey\n|\n|upkeep\n|-message|No_348 forfeited.\n|\n|win|Susear\n|raw|Susear's rating: 1681 &rarr; <strong>1697</strong><br />(+16 for winning)\n|raw|No_348's rating: 1603 &rarr; <strong>1587</strong><br />(-16 for losing)\n|l|\u2606No_348\n|player|p2|\n", "inputlog": ">version a8376a258c1d4662feba110a92103f3664a72141\n>start {\"formatid\":\"gen9randombattle\",\"seed\":\"sodium,837b3cbd0d5eed8030beeed2a35b5cfd\",\"rated\":\"Rated battle\"}\n>player p1 {\"name\":\"Susear\",\"avatar\":\"ethan\",\"rating\":1681,\"seed\":\"sodium,b52e8c844826e8a811775b844736f748\"}\n>player p2 {\"name\":\"No_348\",\"avatar\":\"plasmagrunt-gen5bw\",\"rating\":1603,\"seed\":\"sodium,a347751ace17dfa2511502b750157d5c\"}\n>p1 move substitute\n>p2 switch 2\n>p1 move nastyplot terastallize\n>p2 move foulplay\n>p1 move nastyplot\n>p2 move wish\n>p1 move nastyplot\n>p2 switch 4\n>p1 move shadowball\n>p2 move calmmind\n>forcelose p2", "uploadtime": 1781443154, "views": 6, "formatid": "gen9randombattle", "rating": 1587, "private": 0, "password": null}