{"id": "gen9randombattle-2631800171", "format": "[Gen 9] Random Battle", "players": ["green8Bit", "joebidenfan1245"], "log": "|j|\u2606green8Bit\n|j|\u203djoebidenfan1245\n|t:|1781441519\n|gametype|singles\n|player|p1|green8Bit|101|2078\n|player|p2|joebidenfan1245|265|2006\n|gen|9\n|tier|[Gen 9] Random Battle\n|rated|\n|rule|Species Clause: Limit one of each Pok\u00e9mon\n|rule|HP Percentage Mod: HP is shown in percentages\n|rule|Sleep Clause Mod: Limit one foe put to sleep\n|rule|Illusion Level Mod: Illusion disguises the Pok\u00e9mon's true level\n|\n|t:|1781441519\n|teamsize|p1|6\n|teamsize|p2|6\n|start\n|switch|p1a: Ariados|Ariados, L95, F|287/287\n|switch|p2a: Clawitzer|Clawitzer, L87, F|265/265\n|turn|1\n|inactive|Battle timer is ON: inactive players will automatically lose when time's up. (requested by joebidenfan1245)\n|\n|t:|1781441571\n|move|p2a: Clawitzer|U-turn|p1a: Ariados\n|-resisted|p1a: Ariados\n|-damage|p1a: Ariados|264/287\n|\n|t:|1781441574\n|switch|p2a: Weezing|Weezing-Galar, L86, M|252/252|[from] U-turn\n|move|p1a: Ariados|Sticky Web|p2a: Weezing\n|-sidestart|p2: joebidenfan1245|move: Sticky Web\n|\n|upkeep\n|turn|2\n|\n|t:|1781441598\n|move|p2a: Weezing|Will-O-Wisp|p1a: Ariados\n|-status|p1a: Ariados|brn\n|move|p1a: Ariados|Knock Off|p2a: Weezing\n|-resisted|p2a: Weezing\n|-damage|p2a: Weezing|236/252\n|-enditem|p2a: Weezing|Leftovers|[from] move: Knock Off|[of] p1a: Ariados\n|\n|-damage|p1a: Ariados|247/287 brn|[from] brn\n|upkeep\n|turn|3\n|inactive|green8Bit has 120 seconds left.\n|\n|t:|1781441619\n|switch|p1a: Girafarig|Girafarig, L89, F|269/269\n|move|p2a: Weezing|Defog|p1a: Girafarig\n|-unboost|p1a: Girafarig|evasion|1\n|-sideend|p2: joebidenfan1245|Sticky Web|[from] move: Defog|[of] p2a: Weezing\n|\n|upkeep\n|turn|4\n|\n|t:|1781441641\n|switch|p2a: Tyranitar|Tyranitar, L78, F|284/284\n|-weather|Sandstorm|[from] ability: Sand Stream|[of] p2a: Tyranitar\n|move|p1a: Girafarig|Nasty Plot|p1a: Girafarig\n|-boost|p1a: Girafarig|spa|2\n|\n|-weather|Sandstorm|[upkeep]\n|-damage|p1a: Girafarig|253/269|[from] Sandstorm\n|upkeep\n|turn|5\n|inactive|green8Bit has 120 seconds left.\n|\n|t:|1781441676\n|switch|p1a: Whiscash|Whiscash, L88, M|337/337\n|move|p2a: Tyranitar|Knock Off|p1a: Whiscash\n|-crit|p1a: Whiscash\n|-damage|p1a: Whiscash|130/337\n|-enditem|p1a: Whiscash|Life Orb|[from] move: Knock Off|[of] p2a: Tyranitar\n|\n|-weather|Sandstorm|[upkeep]\n|upkeep\n|turn|6\n|\n|t:|1781441700\n|switch|p2a: Falinks|Falinks, L84|246/246\n|move|p1a: Whiscash|Dragon Dance|p1a: Whiscash\n|-boost|p1a: Whiscash|atk|1\n|-boost|p1a: Whiscash|spe|1\n|\n|-weather|Sandstorm|[upkeep]\n|-damage|p2a: Falinks|231/246|[from] Sandstorm\n|upkeep\n|turn|7\n|\n|t:|1781441710\n|move|p1a: Whiscash|Earthquake|p2a: Falinks\n|-damage|p2a: Falinks|86/246\n|move|p2a: Falinks|No Retreat|p2a: Falinks\n|-boost|p2a: Falinks|atk|1\n|-boost|p2a: Falinks|def|1\n|-boost|p2a: Falinks|spa|1\n|-boost|p2a: Falinks|spd|1\n|-boost|p2a: Falinks|spe|1\n|-start|p2a: Falinks|move: No Retreat\n|\n|-weather|Sandstorm|[upkeep]\n|-damage|p2a: Falinks|71/246|[from] Sandstorm\n|upkeep\n|turn|8\n|inactive|green8Bit has 120 seconds left.\n|\n|t:|1781441722\n|move|p2a: Falinks|Close Combat|p1a: Whiscash\n|-damage|p1a: Whiscash|0 fnt\n|-unboost|p2a: Falinks|def|1\n|-unboost|p2a: Falinks|spd|1\n|faint|p1a: Whiscash\n|-damage|p2a: Falinks|47/246|[from] item: Life Orb\n|\n|-weather|none\n|upkeep\n|\n|t:|1781441742\n|switch|p1a: Rillaboom|Rillaboom, L79, F|288/288\n|-fieldstart|move: Grassy Terrain|[from] ability: Grassy Surge|[of] p1a: Rillaboom\n|turn|9\n|\n|t:|1781441753\n|move|p1a: Rillaboom|Grassy Glide|p2a: Falinks\n|-damage|p2a: Falinks|0 fnt\n|faint|p2a: Falinks\n|\n|upkeep\n|\n|t:|1781441766\n|switch|p2a: Vespiquen|Vespiquen, L99, F|299/299\n|-ability|p2a: Vespiquen|Pressure\n|turn|10\n|inactive|green8Bit has 120 seconds left.\n|\n|t:|1781441791\n|switch|p1a: Ariados|Ariados, L95, F|247/287 brn\n|move|p2a: Vespiquen|Hurricane|p1a: Ariados|[miss]\n|-miss|p2a: Vespiquen|p1a: Ariados\n|\n|-heal|p1a: Ariados|264/287 brn|[from] Grassy Terrain\n|-damage|p1a: Ariados|247/287 brn|[from] brn\n|upkeep\n|turn|11\n|\n|t:|1781441799\n|move|p2a: Vespiquen|Hurricane|p1a: Ariados\n|-supereffective|p1a: Ariados\n|-damage|p1a: Ariados|0 fnt\n|faint|p1a: Ariados\n|\n|upkeep\n|\n|t:|1781441807\n|switch|p1a: Reshiram|Reshiram, L76|277/277\n|-ability|p1a: Reshiram|Turboblaze\n|turn|12\n|\n|t:|1781441822\n|move|p1a: Reshiram|Will-O-Wisp|p2a: Vespiquen\n|-status|p2a: Vespiquen|brn\n|move|p2a: Vespiquen|Toxic|p1a: Reshiram\n|-status|p1a: Reshiram|tox\n|\n|-damage|p1a: Reshiram|260/277 tox|[from] psn\n|-damage|p2a: Vespiquen|281/299 brn|[from] brn\n|upkeep\n|turn|13\n|\n|t:|1781441834\n|switch|p2a: Clawitzer|Clawitzer, L87, F|265/265\n|move|p1a: Reshiram|Blue Flare|p2a: Clawitzer\n|-resisted|p2a: Clawitzer\n|-damage|p2a: Clawitzer|217/265\n|\n|-heal|p1a: Reshiram|277/277 tox|[from] Grassy Terrain\n|-heal|p2a: Clawitzer|233/265|[from] Grassy Terrain\n|-damage|p1a: Reshiram|243/277 tox|[from] psn\n|-fieldend|move: Grassy Terrain\n|upkeep\n|turn|14\n|inactive|green8Bit has 120 seconds left.\n|\n|t:|1781441855\n|move|p1a: Reshiram|Draco Meteor|p2a: Clawitzer\n|-damage|p2a: Clawitzer|124/265\n|-unboost|p1a: Reshiram|spa|2\n|move|p2a: Clawitzer|Dragon Pulse|p1a: Reshiram\n|-supereffective|p1a: Reshiram\n|-damage|p1a: Reshiram|47/277 tox\n|\n|-damage|p1a: Reshiram|0 fnt|[from] psn\n|faint|p1a: Reshiram\n|upkeep\n|\n|t:|1781441866\n|switch|p1a: Rillaboom|Rillaboom, L79, F|288/288\n|-fieldstart|move: Grassy Terrain|[from] ability: Grassy Surge|[of] p1a: Rillaboom\n|turn|15\n|\n|t:|1781441870\n|switch|p2a: Vespiquen|Vespiquen, L99, F|281/299 brn\n|-ability|p2a: Vespiquen|Pressure\n|move|p1a: Rillaboom|U-turn|p2a: Vespiquen\n|-resisted|p2a: Vespiquen\n|-damage|p2a: Vespiquen|253/299 brn\n|inactive|green8Bit has 120 seconds left.\n|\n|t:|1781441877\n|switch|p1a: Girafarig|Girafarig, L89, F|253/269|[from] U-turn\n|\n|-heal|p1a: Girafarig|269/269|[from] Grassy Terrain\n|-damage|p2a: Vespiquen|235/299 brn|[from] brn\n|upkeep\n|turn|16\n|\n|t:|1781441882\n|move|p1a: Girafarig|Nasty Plot|p1a: Girafarig\n|-boost|p1a: Girafarig|spa|2\n|move|p2a: Vespiquen|U-turn|p1a: Girafarig\n|-supereffective|p1a: Girafarig\n|-damage|p1a: Girafarig|194/269\n|\n|t:|1781441884\n|switch|p2a: Tyranitar|Tyranitar, L78, F|284/284|[from] U-turn\n|-weather|Sandstorm|[from] ability: Sand Stream|[of] p2a: Tyranitar\n|\n|-weather|Sandstorm|[upkeep]\n|-damage|p1a: Girafarig|178/269|[from] Sandstorm\n|-heal|p1a: Girafarig|194/269|[from] Grassy Terrain\n|upkeep\n|turn|17\n|\n|t:|1781441902\n|-terastallize|p1a: Girafarig|Electric\n|move|p1a: Girafarig|Nasty Plot|p1a: Girafarig\n|-boost|p1a: Girafarig|spa|2\n|move|p2a: Tyranitar|Knock Off|p1a: Girafarig\n|-damage|p1a: Girafarig|104/269\n|-enditem|p1a: Girafarig|Eviolite|[from] move: Knock Off|[of] p2a: Tyranitar\n|\n|-weather|Sandstorm|[upkeep]\n|-damage|p1a: Girafarig|88/269|[from] Sandstorm\n|-heal|p1a: Girafarig|104/269|[from] Grassy Terrain\n|upkeep\n|turn|18\n|\n|t:|1781441914\n|move|p1a: Girafarig|Thunderbolt|p2a: Tyranitar\n|-damage|p2a: Tyranitar|86/284\n|-status|p2a: Tyranitar|par\n|move|p2a: Tyranitar|Stone Edge|p1a: Girafarig|[miss]\n|-miss|p2a: Tyranitar|p1a: Girafarig\n|\n|-weather|Sandstorm|[upkeep]\n|-damage|p1a: Girafarig|88/269|[from] Sandstorm\n|-heal|p1a: Girafarig|104/269|[from] Grassy Terrain\n|-heal|p2a: Tyranitar|103/284 par|[from] Grassy Terrain\n|-heal|p2a: Tyranitar|120/284 par|[from] item: Leftovers\n|upkeep\n|turn|19\n|\n|t:|1781441929\n|move|p1a: Girafarig|Thunderbolt|p2a: Tyranitar\n|-damage|p2a: Tyranitar|0 fnt\n|faint|p2a: Tyranitar\n|\n|-weather|Sandstorm|[upkeep]\n|-damage|p1a: Girafarig|88/269|[from] Sandstorm\n|-heal|p1a: Girafarig|104/269|[from] Grassy Terrain\n|-fieldend|move: Grassy Terrain\n|upkeep\n|inactive|joebidenfan1245 has 120 seconds left.\n|\n|t:|1781441954\n|switch|p2a: Weezing|Weezing-Galar, L86, M|236/252\n|turn|20\n|\n|t:|1781441964\n|-terastallize|p2a: Weezing|Steel\n|move|p1a: Girafarig|Thunderbolt|p2a: Weezing\n|-damage|p2a: Weezing|0 fnt\n|faint|p2a: Weezing\n|\n|-weather|none\n|upkeep\n|inactive|joebidenfan1245 has 120 seconds left.\n|\n|t:|1781441976\n|switch|p2a: Chandelure|Chandelure, L83, M|235/235\n|turn|21\n|\n|t:|1781441987\n|move|p1a: Girafarig|Psyshock|p2a: Chandelure\n|-damage|p2a: Chandelure|0 fnt\n|faint|p2a: Chandelure\n|\n|upkeep\n|-message|joebidenfan1245 forfeited.\n|\n|win|green8Bit\n", "inputlog": ">version a8376a258c1d4662feba110a92103f3664a72141\n>start {\"formatid\":\"gen9randombattle\",\"seed\":\"sodium,aa3f04d12d511536e238fba273b6d54e\",\"rated\":\"Rated battle\"}\n>player p1 {\"name\":\"green8Bit\",\"avatar\":\"101\",\"rating\":2078,\"seed\":\"sodium,1916e7960c7d645b09a37f1d1ec632ff\"}\n>player p2 {\"name\":\"joebidenfan1245\",\"avatar\":\"265\",\"rating\":2006,\"seed\":\"sodium,377dcf7956c037593a7ec5268e655368\"}\n>p1 move stickyweb\n>p2 move uturn\n>p2 switch 5\n>p1 move knockoff\n>p2 move willowisp\n>p1 switch 4\n>p2 move defog\n>p1 move nastyplot\n>p2 switch 3\n>p1 switch 3\n>p2 move knockoff\n>p1 move dragondance\n>p2 switch 6\n>p1 move earthquake\n>p2 move noretreat\n>p1 move earthquake\n>p2 move closecombat\n>p1 switch 6\n>p1 move grassyglide\n>p2 move closecombat\n>p2 switch 2\n>p1 switch 4\n>p2 move hurricane\n>p1 move stickyweb\n>p2 move hurricane\n>p1 switch 5\n>p1 move willowisp\n>p2 move toxic\n>p1 move blueflare\n>p2 switch 5\n>p1 move dracometeor\n>p2 move dragonpulse\n>p1 switch 4\n>p1 move uturn\n>p2 switch 5\n>p1 switch 3\n>p1 move nastyplot\n>p2 move uturn\n>p2 switch 6\n>p1 move nastyplot terastallize\n>p2 move knockoff\n>p1 move thunderbolt\n>p2 move stoneedge\n>p1 move thunderbolt\n>p2 move stoneedge\n>p2 switch 3\n>p1 move thunderbolt\n>p2 move gunkshot terastallize\n>p2 switch 4\n>p1 move psyshock\n>p2 move fireblast\n>forcelose p2", "uploadtime": 1781441521, "views": 7, "formatid": "gen9randombattle", "rating": null, "private": 0, "password": null, "player_dets": [{"name": "green8Bit", "avatar": "101", "rating": 2078, "seed": "sodium,1916e7960c7d645b09a37f1d1ec632ff"}, {"name": "joebidenfan1245", "avatar": "265", "rating": 2006, "seed": "sodium,377dcf7956c037593a7ec5268e655368"}], "teams_full": [{"Ariados": {"name": "Ariados", "species": "Ariados", "speciesId": "ariados", "gender": "F", "shiny": false, "level": 95, "moves": ["knockoff", "megahorn", "poisonjab", "stickyweb"], "ability": "Swarm", "evs": {"hp": 85, "atk": 85, "def": 85, "spa": 85, "spd": 85, "spe": 85}, "ivs": {"hp": 31, "atk": 31, "def": 31, "spa": 31, "spd": 31, "spe": 31}, "item": "Focus Sash", "teraType": "Ghost", "role": "Fast Support", "bvs": {"hp": 70, "atk": 90, "def": 70, "spa": 60, "spd": 70, "spe": 40}, "stats": {"hp": 287, "atk": 225, "def": 187, "spa": 168, "spd": 187, "spe": 130}, "types": ["Bug", "Poison"]}, "Great Tusk": {"name": "Great Tusk", "species": "Great Tusk", "speciesId": "greattusk", "gender": "N", "shiny": false, "level": 77, "moves": ["bulkup", "closecombat", "earthquake", "rapidspin"], "ability": "Protosynthesis", "evs": {"hp": 85, "atk": 85, "def": 85, "spa": 85, "spd": 85, "spe": 85}, "ivs": {"hp": 31, "atk": 31, "def": 31, "spa": 31, "spd": 31, "spe": 31}, "item": "Booster Energy", "teraType": "Ground", "role": "Fast Bulky Setup", "bvs": {"hp": 115, "atk": 131, "def": 131, "spa": 53, "spd": 53, "spe": 87}, "stats": {"hp": 304, "atk": 246, "def": 246, "spa": 126, "spd": 126, "spe": 179}, "types": ["Ground", "Fighting"]}, "Whiscash": {"name": "Whiscash", "species": "Whiscash", "speciesId": "whiscash", "gender": "M", "shiny": false, "level": 88, "moves": ["stoneedge", "dragondance", "earthquake", "liquidation"], "ability": "Oblivious", "evs": {"hp": 85, "atk": 85, "def": 85, "spa": 85, "spd": 85, "spe": 85}, "ivs": {"hp": 31, "atk": 31, "def": 31, "spa": 31, "spd": 31, "spe": 31}, "item": "Life Orb", "teraType": "Ground", "role": "Setup Sweeper", "bvs": {"hp": 110, "atk": 78, "def": 73, "spa": 76, "spd": 71, "spe": 60}, "stats": {"hp": 337, "atk": 188, "def": 179, "spa": 184, "spd": 175, "spe": 156}, "types": ["Water", "Ground"]}, "Girafarig": {"name": "Girafarig", "species": "Girafarig", "speciesId": "girafarig", "gender": "F", "shiny": false, "level": 89, "moves": ["thunderbolt", "psyshock", "nastyplot", "hypervoice"], "ability": "Sap Sipper", "evs": {"hp": 85, "atk": 0, "def": 85, "spa": 85, "spd": 85, "spe": 85}, "ivs": {"hp": 31, "atk": 0, "def": 31, "spa": 31, "spd": 31, "spe": 31}, "item": "Eviolite", "teraType": "Electric", "role": "Fast Bulky Setup", "bvs": {"hp": 70, "atk": 80, "def": 65, "spa": 90, "spd": 65, "spe": 85}, "stats": {"hp": 269, "atk": 147, "def": 166, "spa": 211, "spd": 166, "spe": 202}, "types": ["Normal", "Psychic"]}, "Reshiram": {"name": "Reshiram", "species": "Reshiram", "speciesId": "reshiram", "gender": "N", "shiny": false, "level": 76, "moves": ["willowisp", "blueflare", "dracometeor", "earthpower"], "ability": "Turboblaze", "evs": {"hp": 85, "atk": 0, "def": 85, "spa": 85, "spd": 85, "spe": 85}, "ivs": {"hp": 31, "atk": 0, "def": 31, "spa": 31, "spd": 31, "spe": 31}, "item": "Heavy-Duty Boots", "teraType": "Fire", "role": "Fast Attacker", "bvs": {"hp": 100, "atk": 120, "def": 100, "spa": 150, "spd": 120, "spe": 90}, "stats": {"hp": 277, "atk": 187, "def": 196, "spa": 272, "spd": 226, "spe": 181}, "types": ["Dragon", "Fire"]}, "Rillaboom": {"name": "Rillaboom", "species": "Rillaboom", "speciesId": "rillaboom", "gender": "F", "shiny": false, "level": 79, "moves": ["uturn", "knockoff", "grassyglide", "woodhammer"], "ability": "Grassy Surge", "evs": {"hp": 85, "atk": 85, "def": 85, "spa": 85, "spd": 85, "spe": 85}, "ivs": {"hp": 31, "atk": 31, "def": 31, "spa": 31, "spd": 31, "spe": 31}, "item": "Choice Band", "teraType": "Grass", "role": "Wallbreaker", "bvs": {"hp": 100, "atk": 125, "def": 90, "spa": 60, "spd": 70, "spe": 85}, "stats": {"hp": 288, "atk": 243, "def": 188, "spa": 140, "spd": 156, "spe": 180}, "types": ["Grass"]}}, {"Clawitzer": {"name": "Clawitzer", "species": "Clawitzer", "speciesId": "clawitzer", "gender": "F", "shiny": false, "level": 87, "moves": ["uturn", "waterpulse", "dragonpulse", "aurasphere"], "ability": "Mega Launcher", "evs": {"hp": 85, "atk": 85, "def": 85, "spa": 85, "spd": 85, "spe": 85}, "ivs": {"hp": 31, "atk": 31, "def": 31, "spa": 31, "spd": 31, "spe": 31}, "item": "Assault Vest", "teraType": "Dragon", "role": "AV Pivot", "bvs": {"hp": 71, "atk": 73, "def": 88, "spa": 120, "spd": 89, "spe": 59}, "stats": {"hp": 265, "atk": 177, "def": 203, "spa": 259, "spd": 205, "spe": 152}, "types": ["Water"]}, "Vespiquen": {"name": "Vespiquen", "species": "Vespiquen", "speciesId": "vespiquen", "gender": "F", "shiny": false, "level": 99, "moves": ["roost", "toxic", "hurricane", "uturn"], "ability": "Pressure", "evs": {"hp": 85, "atk": 85, "def": 85, "spa": 85, "spd": 85, "spe": 85}, "ivs": {"hp": 31, "atk": 31, "def": 31, "spa": 31, "spd": 31, "spe": 31}, "item": "Heavy-Duty Boots", "teraType": "Steel", "role": "Bulky Support", "bvs": {"hp": 70, "atk": 80, "def": 102, "spa": 80, "spd": 102, "spe": 40}, "stats": {"hp": 299, "atk": 214, "def": 258, "spa": 214, "spd": 258, "spe": 135}, "types": ["Bug", "Flying"]}, "Tyranitar": {"name": "Tyranitar", "species": "Tyranitar", "speciesId": "tyranitar", "gender": "F", "shiny": false, "level": 78, "moves": ["icebeam", "stoneedge", "stealthrock", "knockoff"], "ability": "Sand Stream", "evs": {"hp": 85, "atk": 85, "def": 85, "spa": 85, "spd": 85, "spe": 85}, "ivs": {"hp": 31, "atk": 31, "def": 31, "spa": 31, "spd": 31, "spe": 31}, "item": "Leftovers", "teraType": "Ghost", "role": "Bulky Support", "bvs": {"hp": 100, "atk": 134, "def": 110, "spa": 95, "spd": 100, "spe": 61}, "stats": {"hp": 284, "atk": 254, "def": 217, "spa": 193, "spd": 201, "spe": 140}, "types": ["Rock", "Dark"]}, "Chandelure": {"name": "Chandelure", "species": "Chandelure", "speciesId": "chandelure", "gender": "M", "shiny": false, "level": 83, "moves": ["willowisp", "calmmind", "shadowball", "fireblast"], "ability": "Flame Body", "evs": {"hp": 85, "atk": 0, "def": 85, "spa": 85, "spd": 85, "spe": 85}, "ivs": {"hp": 31, "atk": 0, "def": 31, "spa": 31, "spd": 31, "spe": 31}, "item": "Heavy-Duty Boots", "teraType": "Ghost", "role": "Fast Bulky Setup", "bvs": {"hp": 60, "atk": 55, "def": 90, "spa": 145, "spd": 90, "spe": 80}, "stats": {"hp": 235, "atk": 96, "def": 197, "spa": 288, "spd": 197, "spe": 180}, "types": ["Ghost", "Fire"]}, "Weezing": {"name": "Weezing", "species": "Weezing-Galar", "speciesId": "weezinggalar", "gender": "M", "shiny": false, "level": 86, "moves": ["strangesteam", "defog", "gunkshot", "willowisp"], "ability": "Levitate", "evs": {"hp": 85, "atk": 85, "def": 85, "spa": 85, "spd": 85, "spe": 85}, "ivs": {"hp": 31, "atk": 31, "def": 31, "spa": 31, "spd": 31, "spe": 31}, "item": "Leftovers", "teraType": "Steel", "role": "Bulky Support", "bvs": {"hp": 65, "atk": 90, "def": 120, "spa": 85, "spd": 70, "spe": 60}, "stats": {"hp": 252, "atk": 204, "def": 256, "spa": 195, "spd": 170, "spe": 152}, "types": ["Poison", "Fairy"]}, "Falinks": {"name": "Falinks", "species": "Falinks", "speciesId": "falinks", "gender": "N", "shiny": false, "level": 84, "moves": ["noretreat", "ironhead", "knockoff", "closecombat"], "ability": "Defiant", "evs": {"hp": 85, "atk": 85, "def": 85, "spa": 85, "spd": 85, "spe": 85}, "ivs": {"hp": 31, "atk": 31, "def": 31, "spa": 31, "spd": 31, "spe": 31}, "item": "Life Orb", "teraType": "Dark", "role": "Setup Sweeper", "bvs": {"hp": 65, "atk": 100, "def": 100, "spa": 70, "spd": 60, "spe": 75}, "stats": {"hp": 246, "atk": 216, "def": 216, "spa": 166, "spd": 149, "spe": 174}, "types": ["Fighting"]}}]}