{"id": "gen9randombattle-2631728308", "format": "[Gen 9] Random Battle", "players": ["titofer", "daarado"], "log": "|j|\u2606titofer\n|j|\u2606daarado\n|t:|1781429687\n|gametype|singles\n|player|p1|titofer|266|1977\n|player|p2|daarado|102|1950\n|gen|9\n|tier|[Gen 9] Random Battle\n|rated|\n|rule|Species Clause: Limit one of each Pok\u00e9mon\n|rule|HP Percentage Mod: HP is shown in percentages\n|rule|Sleep Clause Mod: Limit one foe put to sleep\n|rule|Illusion Level Mod: Illusion disguises the Pok\u00e9mon's true level\n|\n|t:|1781429687\n|teamsize|p1|6\n|teamsize|p2|6\n|start\n|switch|p1a: Camerupt|Camerupt, L91, M|275/275\n|switch|p2a: Iron Hands|Iron Hands, L79|373/373\n|turn|1\n|inactive|Battle timer is ON: inactive players will automatically lose when time's up. (requested by titofer)\n|\n|t:|1781429757\n|move|p2a: Iron Hands|Drain Punch|p1a: Camerupt\n|-damage|p1a: Camerupt|163/275\n|move|p1a: Camerupt|Will-O-Wisp|p2a: Iron Hands\n|-status|p2a: Iron Hands|brn\n|\n|-heal|p1a: Camerupt|180/275|[from] item: Leftovers\n|-damage|p2a: Iron Hands|350/373 brn|[from] brn\n|upkeep\n|turn|2\n|inactive|titofer has 120 seconds left.\n|\n|t:|1781429795\n|-end|p2a: Iron Hands|Quark Drive|[silent]\n|switch|p2a: Shaymin|Shaymin-Sky, L73|266/266\n|move|p1a: Camerupt|Stealth Rock|p2a: Shaymin\n|-sidestart|p2: daarado|move: Stealth Rock\n|\n|-heal|p1a: Camerupt|197/275|[from] item: Leftovers\n|upkeep\n|turn|3\n|inactive|titofer has 120 seconds left.\n|inactive|daarado has 120 seconds left.\n|inactive|daarado has 90 seconds left.\n|inactive|daarado has 60 seconds left.\n|l|\u2606titofer\n|inactive|titofer disconnected and has a minute to reconnect!\n|player|p1|\n|inactive|daarado has 30 seconds left.\n|inactive|daarado has 20 seconds left.\n|j|\u2606titofer\n|inactive|titofer reconnected.\n|player|p1|titofer|266|\n|inactive|daarado has 15 seconds left.\n|inactive|daarado has 10 seconds left.\n|inactive|daarado has 5 seconds left.\n|-message|daarado lost due to inactivity.\n|\n|win|titofer\n", "inputlog": ">version a8376a258c1d4662feba110a92103f3664a72141\n>start {\"formatid\":\"gen9randombattle\",\"seed\":\"sodium,e36e8a0f8dfec93f79e87c4c72ef92de\",\"rated\":\"Rated battle\"}\n>player p1 {\"name\":\"titofer\",\"avatar\":\"266\",\"rating\":1977,\"seed\":\"sodium,1bd3b616e19a8ae5724289a8fa2876e6\"}\n>player p2 {\"name\":\"daarado\",\"avatar\":\"102\",\"rating\":1950,\"seed\":\"sodium,706ae29c6afacb13a9c1ae6192909519\"}\n>p1 move willowisp\n>p2 move drainpunch\n>p1 move stealthrock\n>p2 switch 3\n>forcelose p2", "uploadtime": 1781429690, "views": 5, "formatid": "gen9randombattle", "rating": null, "private": 0, "password": null}