{"id": "gen9randombattle-2631610714", "format": "[Gen 9] Random Battle", "players": ["Ace-Cel", "slacy55"], "log": "|j|\u2606Ace-Cel\n|j|\u2606slacy55\n|t:|1781408534\n|gametype|singles\n|player|p1|Ace-Cel|colress|1921\n|player|p2|slacy55|170|1929\n|gen|9\n|tier|[Gen 9] Random Battle\n|rated|\n|rule|Species Clause: Limit one of each Pok\u00e9mon\n|rule|HP Percentage Mod: HP is shown in percentages\n|rule|Sleep Clause Mod: Limit one foe put to sleep\n|rule|Illusion Level Mod: Illusion disguises the Pok\u00e9mon's true level\n|\n|t:|1781408534\n|teamsize|p1|6\n|teamsize|p2|6\n|start\n|switch|p1a: Probopass|Probopass, L91, M|257/257\n|switch|p2a: Ribombee|Ribombee, L83, M|235/235\n|turn|1\n|inactive|Battle timer is ON: inactive players will automatically lose when time's up. (requested by Ace-Cel)\n|\n|t:|1781408541\n|move|p2a: Ribombee|Sticky Web|p1a: Probopass\n|-sidestart|p1: Ace-Cel|move: Sticky Web\n|move|p1a: Probopass|Power Gem|p2a: Ribombee\n|-supereffective|p2a: Ribombee\n|-damage|p2a: Ribombee|43/235\n|\n|upkeep\n|turn|2\n|\n|t:|1781408555\n|move|p2a: Ribombee|U-turn|p1a: Probopass\n|-resisted|p1a: Probopass\n|-damage|p1a: Probopass|242/257\n|\n|t:|1781408561\n|switch|p2a: Pelipper|Pelipper, L86, M|243/243|[from] U-turn\n|-weather|RainDance|[from] ability: Drizzle|[of] p2a: Pelipper\n|move|p1a: Probopass|Iron Defense|p1a: Probopass\n|-boost|p1a: Probopass|def|2\n|\n|-weather|RainDance|[upkeep]\n|-heal|p1a: Probopass|257/257|[from] item: Leftovers\n|upkeep\n|turn|3\n|\n|t:|1781408570\n|switch|p1a: Dewgong|Dewgong, L94, F|322/322\n|move|p2a: Pelipper|Surf|p1a: Dewgong\n|-resisted|p1a: Dewgong\n|-damage|p1a: Dewgong|255/322\n|\n|-weather|RainDance|[upkeep]\n|upkeep\n|turn|4\n|\n|t:|1781408574\n|move|p1a: Dewgong|Ice Beam|p2a: Pelipper\n|-damage|p2a: Pelipper|128/243\n|move|p2a: Pelipper|U-turn|p1a: Dewgong\n|-damage|p1a: Dewgong|223/322\n|\n|t:|1781408586\n|switch|p2a: Slaking|Slaking, L84, M|389/389|[from] U-turn\n|\n|-weather|RainDance|[upkeep]\n|upkeep\n|turn|5\n|\n|t:|1781408594\n|switch|p1a: Gyarados|Gyarados, L79, M|280/280\n|-ability|p1a: Gyarados|Intimidate|boost\n|-unboost|p2a: Slaking|atk|1\n|move|p2a: Slaking|Double-Edge|p1a: Gyarados\n|-damage|p1a: Gyarados|67/280\n|-damage|p2a: Slaking|319/389|[from] Recoil\n|\n|-weather|RainDance|[upkeep]\n|upkeep\n|turn|6\n|\n|t:|1781408605\n|switch|p2a: Exeggutor|Exeggutor-Alola, L89, M|314/314\n|move|p1a: Gyarados|Dragon Dance|p1a: Gyarados\n|-boost|p1a: Gyarados|atk|1\n|-boost|p1a: Gyarados|spe|1\n|\n|-weather|none\n|upkeep\n|turn|7\n|\n|t:|1781408610\n|-terastallize|p1a: Gyarados|Flying\n|move|p1a: Gyarados|Tera Blast|p2a: Exeggutor|[anim] Tera Blast Flying\n|-supereffective|p2a: Exeggutor\n|-damage|p2a: Exeggutor|0 fnt\n|faint|p2a: Exeggutor\n|\n|upkeep\n|\n|t:|1781408624\n|switch|p2a: Meowstic|Meowstic, L89, M|277/277\n|turn|8\n|\n|t:|1781408628\n|move|p1a: Gyarados|Tera Blast|p2a: Meowstic|[anim] Tera Blast Flying\n|-damage|p2a: Meowstic|67/277\n|move|p2a: Meowstic|Psychic Noise|p1a: Gyarados\n|-damage|p1a: Gyarados|0 fnt\n|faint|p1a: Gyarados\n|\n|-heal|p2a: Meowstic|84/277|[from] item: Leftovers\n|upkeep\n|\n|t:|1781408652\n|switch|p1a: Electrode|Electrode, L92|260/260\n|-activate|p1a: Electrode|move: Sticky Web\n|-unboost|p1a: Electrode|spe|1\n|turn|9\n|\n|t:|1781408658\n|switch|p2a: Sandaconda|Sandaconda, L84, F|258/258\n|move|p1a: Electrode|Thunderbolt|p2a: Sandaconda\n|-immune|p2a: Sandaconda\n|\n|upkeep\n|turn|10\n|\n|t:|1781408667\n|switch|p1a: Dewgong|Dewgong, L94, F|223/322\n|move|p2a: Sandaconda|Coil|p2a: Sandaconda\n|-boost|p2a: Sandaconda|atk|1\n|-boost|p2a: Sandaconda|def|1\n|-boost|p2a: Sandaconda|accuracy|1\n|\n|upkeep\n|turn|11\n|\n|t:|1781408674\n|-terastallize|p2a: Sandaconda|Steel\n|move|p1a: Dewgong|Ice Beam|p2a: Sandaconda\n|-resisted|p2a: Sandaconda\n|-damage|p2a: Sandaconda|202/258\n|move|p2a: Sandaconda|Stone Edge|p1a: Dewgong\n|-supereffective|p1a: Dewgong\n|-damage|p1a: Dewgong|1/322\n|\n|-heal|p2a: Sandaconda|218/258|[from] item: Leftovers\n|upkeep\n|turn|12\n|\n|t:|1781408683\n|move|p1a: Dewgong|Hydro Pump|p2a: Sandaconda\n|-damage|p2a: Sandaconda|79/258\n|move|p2a: Sandaconda|Earthquake|p1a: Dewgong\n|-damage|p1a: Dewgong|0 fnt\n|faint|p1a: Dewgong\n|\n|-heal|p2a: Sandaconda|95/258|[from] item: Leftovers\n|upkeep\n|\n|t:|1781408691\n|switch|p1a: Electrode|Electrode, L92|260/260\n|-activate|p1a: Electrode|move: Sticky Web\n|-unboost|p1a: Electrode|spe|1\n|turn|13\n|\n|t:|1781408694\n|move|p1a: Electrode|Thunderbolt|p2a: Sandaconda\n|-damage|p2a: Sandaconda|0 fnt\n|faint|p2a: Sandaconda\n|-damage|p1a: Electrode|234/260|[from] item: Life Orb\n|\n|upkeep\n|\n|t:|1781408698\n|switch|p2a: Slaking|Slaking, L84, M|319/389\n|turn|14\n|inactive|Ace-Cel has 120 seconds left.\n|\n|t:|1781408729\n|switch|p1a: Hariyama|Hariyama, L87, F|392/392\n|-activate|p1a: Hariyama|move: Sticky Web\n|-unboost|p1a: Hariyama|spe|1\n|move|p2a: Slaking|Earthquake|p1a: Hariyama\n|-damage|p1a: Hariyama|197/392\n|\n|upkeep\n|turn|15\n|inactive|Ace-Cel has 120 seconds left.\n|\n|t:|1781408746\n|switch|p2a: Pelipper|Pelipper, L86, M|128/243\n|-weather|RainDance|[from] ability: Drizzle|[of] p2a: Pelipper\n|move|p1a: Hariyama|Close Combat|p2a: Pelipper\n|-resisted|p2a: Pelipper\n|-damage|p2a: Pelipper|60/243\n|-unboost|p1a: Hariyama|def|1\n|-unboost|p1a: Hariyama|spd|1\n|\n|-weather|RainDance|[upkeep]\n|upkeep\n|turn|16\n|\n|t:|1781408754\n|move|p2a: Pelipper|Roost|p2a: Pelipper\n|-heal|p2a: Pelipper|182/243\n|-singleturn|p2a: Pelipper|move: Roost\n|move|p1a: Hariyama|Knock Off|p2a: Pelipper\n|-damage|p2a: Pelipper|109/243\n|-enditem|p2a: Pelipper|Heavy-Duty Boots|[from] move: Knock Off|[of] p1a: Hariyama\n|\n|-weather|RainDance|[upkeep]\n|upkeep\n|turn|17\n|\n|t:|1781408767\n|switch|p1a: Gardevoir|Gardevoir, L83, M|249/249\n|-activate|p1a: Gardevoir|move: Sticky Web\n|-unboost|p1a: Gardevoir|spe|1\n|-ability|p1a: Gardevoir|Drizzle|Trace|[from] ability: Trace|[of] p2a: Pelipper\n|move|p2a: Pelipper|Hurricane|p1a: Gardevoir\n|-damage|p1a: Gardevoir|150/249\n|\n|-weather|RainDance|[upkeep]\n|upkeep\n|turn|18\n|\n|t:|1781408771\n|move|p2a: Pelipper|Surf|p1a: Gardevoir\n|-damage|p1a: Gardevoir|33/249\n|move|p1a: Gardevoir|Moonblast|p2a: Pelipper\n|-damage|p2a: Pelipper|0 fnt\n|faint|p2a: Pelipper\n|-damage|p1a: Gardevoir|9/249|[from] item: Life Orb\n|\n|-weather|RainDance|[upkeep]\n|upkeep\n|\n|t:|1781408775\n|switch|p2a: Meowstic|Meowstic, L89, M|84/277\n|turn|19\n|\n|t:|1781408779\n|move|p2a: Meowstic|Psychic Noise|p1a: Gardevoir\n|-resisted|p1a: Gardevoir\n|-damage|p1a: Gardevoir|0 fnt\n|faint|p1a: Gardevoir\n|\n|-weather|none\n|-heal|p2a: Meowstic|101/277|[from] item: Leftovers\n|upkeep\n|\n|t:|1781408793\n|switch|p1a: Hariyama|Hariyama, L87, F|197/392\n|-activate|p1a: Hariyama|move: Sticky Web\n|-unboost|p1a: Hariyama|spe|1\n|turn|20\n|\n|t:|1781408795\n|move|p2a: Meowstic|Psychic Noise|p1a: Hariyama\n|-supereffective|p1a: Hariyama\n|-crit|p1a: Hariyama\n|-damage|p1a: Hariyama|0 fnt\n|faint|p1a: Hariyama\n|\n|-heal|p2a: Meowstic|118/277|[from] item: Leftovers\n|upkeep\n|\n|t:|1781408804\n|switch|p1a: Electrode|Electrode, L92|234/260\n|-activate|p1a: Electrode|move: Sticky Web\n|-unboost|p1a: Electrode|spe|1\n|turn|21\n|\n|t:|1781408810\n|move|p2a: Meowstic|Psychic Noise|p1a: Electrode\n|-damage|p1a: Electrode|159/260\n|-start|p1a: Electrode|move: Heal Block\n|move|p1a: Electrode|Thunderbolt|p2a: Meowstic\n|-damage|p2a: Meowstic|0 fnt\n|faint|p2a: Meowstic\n|-damage|p1a: Electrode|133/260|[from] item: Life Orb\n|\n|upkeep\n|\n|t:|1781408821\n|switch|p2a: Ribombee|Ribombee, L83, M|43/235\n|turn|22\n|\n|t:|1781408828\n|move|p2a: Ribombee|Moonblast|p1a: Electrode\n|-damage|p1a: Electrode|43/260\n|move|p1a: Electrode|Thunderbolt|p2a: Ribombee\n|-damage|p2a: Ribombee|0 fnt\n|faint|p2a: Ribombee\n|-damage|p1a: Electrode|17/260|[from] item: Life Orb\n|\n|-end|p1a: Electrode|move: Heal Block\n|upkeep\n|\n|t:|1781408831\n|switch|p2a: Slaking|Slaking, L84, M|319/389\n|turn|23\n|\n|t:|1781408839\n|move|p1a: Electrode|Foul Play|p2a: Slaking\n|-damage|p2a: Slaking|194/389\n|-damage|p1a: Electrode|0 fnt|[from] item: Life Orb\n|faint|p1a: Electrode\n|move|p2a: Slaking|Earthquake|p1: Electrode|[notarget]\n|-fail|p2a: Slaking\n|\n|upkeep\n|\n|t:|1781408845\n|switch|p1a: Probopass|Probopass, L91, M|257/257\n|-activate|p1a: Probopass|move: Sticky Web\n|-unboost|p1a: Probopass|spe|1\n|turn|24\n|\n|t:|1781408852\n|cant|p2a: Slaking|ability: Truant\n|move|p1a: Probopass|Iron Defense|p1a: Probopass\n|-boost|p1a: Probopass|def|2\n|\n|upkeep\n|turn|25\n|\n|t:|1781408855\n|move|p2a: Slaking|Earthquake|p1a: Probopass\n|-supereffective|p1a: Probopass\n|-damage|p1a: Probopass|65/257\n|move|p1a: Probopass|Body Press|p2a: Slaking\n|-supereffective|p2a: Slaking\n|-damage|p2a: Slaking|0 fnt\n|faint|p2a: Slaking\n|\n|win|Ace-Cel\n", "inputlog": ">version a8376a258c1d4662feba110a92103f3664a72141\n>start {\"formatid\":\"gen9randombattle\",\"seed\":\"sodium,61a3378ecbb182860e78f86e59681c0a\",\"rated\":\"Rated battle\"}\n>player p1 {\"name\":\"Ace-Cel\",\"avatar\":\"colress\",\"rating\":1921,\"seed\":\"sodium,1b380681c85adca99889f458f2ac976f\"}\n>player p2 {\"name\":\"slacy55\",\"avatar\":\"170\",\"rating\":1929,\"seed\":\"sodium,99847b8d7d4cd6be4c8b9ca49e4040a1\"}\n>p1 move powergem\n>p2 move stickyweb\n>p1 move irondefense\n>p2 move uturn\n>p2 switch 6\n>p1 switch 2\n>p2 move surf\n>p1 move icebeam\n>p2 move uturn\n>p2 switch 5\n>p1 switch 4\n>p2 move doubleedge\n>p1 move dragondance\n>p2 switch 4\n>p1 move terablast terastallize\n>p2 move gigadrain\n>p2 switch 2\n>p1 move terablast\n>p2 move psychicnoise\n>p1 switch 6\n>p1 move thunderbolt\n>p2 switch 3\n>p1 switch 4\n>p2 move coil\n>p1 move icebeam\n>p2 move stoneedge terastallize\n>p1 move hydropump\n>p2 move earthquake\n>p1 switch 4\n>p1 move thunderbolt\n>p2 move rest\n>p2 switch 4\n>p1 switch 3\n>p2 move earthquake\n>p1 move closecombat\n>p2 switch 5\n>p1 move knockoff\n>p2 move roost\n>p1 switch 5\n>p2 move hurricane\n>p1 move moonblast\n>p2 move surf\n>p2 switch 3\n>p1 move moonblast\n>p2 move psychicnoise\n>p1 switch 5\n>p1 move knockoff\n>p2 move psychicnoise\n>p1 switch 3\n>p1 move thunderbolt\n>p2 move psychicnoise\n>p2 switch 6\n>p1 move thunderbolt\n>p2 move moonblast\n>p2 switch 5\n>p1 move foulplay\n>p2 move earthquake\n>p1 switch 2\n>p1 move irondefense\n>p2 move earthquake\n>p1 move bodypress\n>p2 move earthquake", "uploadtime": 1781408536, "views": 5, "formatid": "gen9randombattle", "rating": null, "private": 0, "password": null, "player_dets": [{"name": "Ace-Cel", "avatar": "colress", "rating": 1921, "seed": "sodium,1b380681c85adca99889f458f2ac976f"}, {"name": "slacy55", "avatar": "170", "rating": 1929, "seed": "sodium,99847b8d7d4cd6be4c8b9ca49e4040a1"}], "teams_full": [{"Probopass": {"name": "Probopass", "species": "Probopass", "speciesId": "probopass", "gender": "M", "shiny": false, "level": 91, "moves": ["powergem", "bodypress", "flashcannon", "irondefense"], "ability": "Magnet Pull", "evs": {"hp": 85, "atk": 0, "def": 85, "spa": 85, "spd": 85, "spe": 85}, "ivs": {"hp": 31, "atk": 0, "def": 31, "spa": 31, "spd": 31, "spe": 31}, "item": "Leftovers", "teraType": "Fighting", "role": "Bulky Setup", "bvs": {"hp": 60, "atk": 55, "def": 145, "spa": 75, "spd": 150, "spe": 40}, "stats": {"hp": 257, "atk": 105, "def": 316, "spa": 188, "spd": 325, "spe": 125}, "types": ["Rock", "Steel"]}, "Dewgong": {"name": "Dewgong", "species": "Dewgong", "speciesId": "dewgong", "gender": "F", "shiny": false, "level": 94, "moves": ["encore", "hydropump", "flipturn", "icebeam"], "ability": "Thick Fat", "evs": {"hp": 85, "atk": 85, "def": 85, "spa": 85, "spd": 85, "spe": 85}, "ivs": {"hp": 31, "atk": 31, "def": 31, "spa": 31, "spd": 31, "spe": 31}, "item": "Heavy-Duty Boots", "teraType": "Dragon", "role": "Bulky Support", "bvs": {"hp": 90, "atk": 70, "def": 80, "spa": 70, "spd": 95, "spe": 70}, "stats": {"hp": 322, "atk": 185, "def": 204, "spa": 185, "spd": 232, "spe": 185}, "types": ["Water", "Ice"]}, "Hariyama": {"name": "Hariyama", "species": "Hariyama", "speciesId": "hariyama", "gender": "F", "shiny": false, "level": 87, "moves": ["closecombat", "bulletpunch", "knockoff", "heavyslam"], "ability": "Thick Fat", "evs": {"hp": 85, "atk": 85, "def": 85, "spa": 85, "spd": 85, "spe": 85}, "ivs": {"hp": 31, "atk": 31, "def": 31, "spa": 31, "spd": 31, "spe": 31}, "item": "Assault Vest", "teraType": "Steel", "role": "AV Pivot", "bvs": {"hp": 144, "atk": 120, "def": 60, "spa": 40, "spd": 60, "spe": 50}, "stats": {"hp": 392, "atk": 259, "def": 154, "spa": 119, "spd": 154, "spe": 137}, "types": ["Fighting"]}, "Gyarados": {"name": "Gyarados", "species": "Gyarados", "speciesId": "gyarados", "gender": "M", "shiny": false, "level": 79, "moves": ["dragondance", "waterfall", "terablast", "earthquake"], "ability": "Intimidate", "evs": {"hp": 85, "atk": 85, "def": 85, "spa": 85, "spd": 85, "spe": 85}, "ivs": {"hp": 31, "atk": 31, "def": 31, "spa": 31, "spd": 31, "spe": 31}, "item": "Heavy-Duty Boots", "teraType": "Flying", "role": "Tera Blast user", "bvs": {"hp": 95, "atk": 125, "def": 79, "spa": 60, "spd": 100, "spe": 81}, "stats": {"hp": 280, "atk": 243, "def": 170, "spa": 140, "spd": 204, "spe": 174}, "types": ["Water", "Flying"]}, "Gardevoir": {"name": "Gardevoir", "species": "Gardevoir", "speciesId": "gardevoir", "gender": "M", "shiny": false, "level": 83, "moves": ["mysticalfire", "calmmind", "moonblast", "psychic"], "ability": "Trace", "evs": {"hp": 85, "atk": 0, "def": 85, "spa": 85, "spd": 85, "spe": 85}, "ivs": {"hp": 31, "atk": 0, "def": 31, "spa": 31, "spd": 31, "spe": 31}, "item": "Life Orb", "teraType": "Fire", "role": "Fast Attacker", "bvs": {"hp": 68, "atk": 65, "def": 65, "spa": 125, "spd": 115, "spe": 80}, "stats": {"hp": 249, "atk": 112, "def": 156, "spa": 255, "spd": 239, "spe": 180}, "types": ["Psychic", "Fairy"]}, "Electrode": {"name": "Electrode", "species": "Electrode", "speciesId": "electrode", "gender": "N", "shiny": false, "level": 92, "moves": ["thunderbolt", "thunderwave", "foulplay", "explosion"], "ability": "Aftermath", "evs": {"hp": 85, "atk": 85, "def": 85, "spa": 85, "spd": 85, "spe": 85}, "ivs": {"hp": 31, "atk": 31, "def": 31, "spa": 31, "spd": 31, "spe": 31}, "item": "Life Orb", "teraType": "Dark", "role": "Fast Support", "bvs": {"hp": 60, "atk": 50, "def": 70, "spa": 80, "spd": 80, "spe": 150}, "stats": {"hp": 260, "atk": 144, "def": 181, "spa": 200, "spd": 200, "spe": 328}, "types": ["Electric"]}}, {"Ribombee": {"name": "Ribombee", "species": "Ribombee", "speciesId": "ribombee", "gender": "M", "shiny": false, "level": 83, "moves": ["stickyweb", "moonblast", "uturn", "bugbuzz"], "ability": "Shield Dust", "evs": {"hp": 85, "atk": 85, "def": 85, "spa": 85, "spd": 85, "spe": 85}, "ivs": {"hp": 31, "atk": 31, "def": 31, "spa": 31, "spd": 31, "spe": 31}, "item": "Focus Sash", "teraType": "Ghost", "role": "Fast Support", "bvs": {"hp": 60, "atk": 55, "def": 60, "spa": 95, "spd": 70, "spe": 124}, "stats": {"hp": 235, "atk": 139, "def": 147, "spa": 205, "spd": 164, "spe": 254}, "types": ["Bug", "Fairy"]}, "Meowstic": {"name": "Meowstic", "species": "Meowstic", "speciesId": "meowstic", "gender": "M", "shiny": false, "level": 89, "moves": ["alluringvoice", "thunderwave", "yawn", "psychicnoise"], "ability": "Prankster", "evs": {"hp": 85, "atk": 0, "def": 85, "spa": 85, "spd": 85, "spe": 85}, "ivs": {"hp": 31, "atk": 0, "def": 31, "spa": 31, "spd": 31, "spe": 31}, "item": "Leftovers", "teraType": "Fairy", "role": "Bulky Support", "bvs": {"hp": 74, "atk": 48, "def": 76, "spa": 83, "spd": 81, "spe": 104}, "stats": {"hp": 277, "atk": 90, "def": 186, "spa": 199, "spd": 195, "spe": 236}, "types": ["Psychic"]}, "Sandaconda": {"name": "Sandaconda", "species": "Sandaconda", "speciesId": "sandaconda", "gender": "F", "shiny": false, "level": 84, "moves": ["earthquake", "coil", "stoneedge", "rest"], "ability": "Shed Skin", "evs": {"hp": 85, "atk": 85, "def": 85, "spa": 85, "spd": 85, "spe": 85}, "ivs": {"hp": 31, "atk": 31, "def": 31, "spa": 31, "spd": 31, "spe": 31}, "item": "Leftovers", "teraType": "Steel", "role": "Bulky Setup", "bvs": {"hp": 72, "atk": 107, "def": 125, "spa": 65, "spd": 70, "spe": 71}, "stats": {"hp": 258, "atk": 228, "def": 258, "spa": 157, "spd": 166, "spe": 167}, "types": ["Ground"]}, "Exeggutor": {"name": "Exeggutor", "species": "Exeggutor-Alola", "speciesId": "exeggutoralola", "gender": "M", "shiny": false, "level": 89, "moves": ["gigadrain", "flamethrower", "dragonpulse", "calmmind"], "ability": "Harvest", "evs": {"hp": 85, "atk": 0, "def": 85, "spa": 85, "spd": 85, "spe": 85}, "ivs": {"hp": 31, "atk": 0, "def": 31, "spa": 31, "spd": 31, "spe": 31}, "item": "Sitrus Berry", "teraType": "Fire", "role": "Bulky Setup", "bvs": {"hp": 95, "atk": 105, "def": 85, "spa": 125, "spd": 75, "spe": 45}, "stats": {"hp": 314, "atk": 191, "def": 202, "spa": 273, "spd": 184, "spe": 131}, "types": ["Grass", "Dragon"]}, "Slaking": {"name": "Slaking", "species": "Slaking", "speciesId": "slaking", "gender": "M", "shiny": false, "level": 84, "moves": ["knockoff", "doubleedge", "earthquake", "gigaimpact"], "ability": "Truant", "evs": {"hp": 85, "atk": 85, "def": 85, "spa": 85, "spd": 85, "spe": 85}, "ivs": {"hp": 31, "atk": 31, "def": 31, "spa": 31, "spd": 31, "spe": 31}, "item": "Choice Band", "teraType": "Normal", "role": "Fast Attacker", "bvs": {"hp": 150, "atk": 160, "def": 100, "spa": 95, "spd": 65, "spe": 100}, "stats": {"hp": 389, "atk": 317, "def": 216, "spa": 208, "spd": 157, "spe": 216}, "types": ["Normal"]}, "Pelipper": {"name": "Pelipper", "species": "Pelipper", "speciesId": "pelipper", "gender": "M", "shiny": false, "level": 86, "moves": ["roost", "surf", "uturn", "hurricane"], "ability": "Drizzle", "evs": {"hp": 85, "atk": 85, "def": 85, "spa": 85, "spd": 85, "spe": 85}, "ivs": {"hp": 31, "atk": 31, "def": 31, "spa": 31, "spd": 31, "spe": 31}, "item": "Heavy-Duty Boots", "teraType": "Ground", "role": "Bulky Attacker", "bvs": {"hp": 60, "atk": 50, "def": 100, "spa": 95, "spd": 70, "spe": 65}, "stats": {"hp": 243, "atk": 135, "def": 221, "spa": 213, "spd": 170, "spe": 161}, "types": ["Water", "Flying"]}}]}