{"id": "gen9randombattle-2631868349", "format": "[Gen 9] Random Battle", "players": ["YveltalNL", "cuerodeolancho"], "log": "|j|\u2606YveltalNL\n|j|\u2606cuerodeolancho\n|t:|1781450058\n|gametype|singles\n|player|p1|YveltalNL|#yveltalnl|2141\n|player|p2|cuerodeolancho|janitor|2136\n|gen|9\n|tier|[Gen 9] Random Battle\n|rated|\n|rule|Species Clause: Limit one of each Pok\u00e9mon\n|rule|HP Percentage Mod: HP is shown in percentages\n|rule|Sleep Clause Mod: Limit one foe put to sleep\n|rule|Illusion Level Mod: Illusion disguises the Pok\u00e9mon's true level\n|\n|t:|1781450058\n|teamsize|p1|6\n|teamsize|p2|6\n|start\n|switch|p1a: Blissey|Blissey, L85, F|572/572\n|switch|p2a: Kyogre|Kyogre, L71|259/259\n|-weather|RainDance|[from] ability: Drizzle|[of] p2a: Kyogre\n|turn|1\n|inactive|Battle timer is ON: inactive players will automatically lose when time's up. (requested by cuerodeolancho)\n|\n|t:|1781450067\n|switch|p2a: Gogoat|Gogoat, L88, M|360/360\n|move|p1a: Blissey|Stealth Rock|p2a: Gogoat\n|-sidestart|p2: cuerodeolancho|move: Stealth Rock\n|\n|-weather|RainDance|[upkeep]\n|upkeep\n|turn|2\n|\n|t:|1781450080\n|move|p2a: Gogoat|Bulk Up|p2a: Gogoat\n|-boost|p2a: Gogoat|atk|1\n|-boost|p2a: Gogoat|def|1\n|move|p1a: Blissey|Thunder Wave|p2a: Gogoat\n|-status|p2a: Gogoat|par\n|\n|-weather|RainDance|[upkeep]\n|upkeep\n|turn|3\n|\n|t:|1781450087\n|switch|p1a: Illumise|Illumise, L91, F|266/266\n|move|p2a: Gogoat|Horn Leech|p1a: Illumise\n|-resisted|p1a: Illumise\n|-damage|p1a: Illumise|200/266\n|\n|-weather|RainDance|[upkeep]\n|upkeep\n|turn|4\n|\n|t:|1781450097\n|switch|p2a: Incineroar|Incineroar, L82, M|290/290\n|-ability|p2a: Incineroar|Intimidate|boost\n|-unboost|p1a: Illumise|atk|1\n|move|p1a: Illumise|Bug Buzz|p2a: Incineroar\n|-damage|p2a: Incineroar|202/290\n|\n|-weather|RainDance|[upkeep]\n|upkeep\n|turn|5\n|\n|t:|1781450105\n|move|p1a: Illumise|Bug Buzz|p2a: Incineroar\n|-damage|p2a: Incineroar|105/290\n|move|p2a: Incineroar|Knock Off|p1a: Illumise\n|-damage|p1a: Illumise|94/266\n|-enditem|p1a: Illumise|Heavy-Duty Boots|[from] move: Knock Off|[of] p2a: Incineroar\n|\n|-weather|none\n|upkeep\n|turn|6\n|\n|t:|1781450115\n|switch|p1a: Walking Wake|Walking Wake, L79|286/286\n|move|p2a: Incineroar|Flare Blitz|p1a: Walking Wake\n|-resisted|p1a: Walking Wake\n|-damage|p1a: Walking Wake|252/286\n|-damage|p2a: Incineroar|94/290|[from] Recoil\n|\n|upkeep\n|turn|7\n|\n|t:|1781450122\n|switch|p2a: Gogoat|Gogoat, L88, M|360/360 par\n|-damage|p2a: Gogoat|315/360 par|[from] Stealth Rock\n|move|p1a: Walking Wake|Draco Meteor|p2a: Gogoat\n|-damage|p2a: Gogoat|108/360 par\n|-unboost|p1a: Walking Wake|spa|2\n|-damage|p1a: Walking Wake|224/286|[from] item: Life Orb\n|\n|-heal|p2a: Gogoat|130/360 par|[from] item: Leftovers\n|upkeep\n|turn|8\n|\n|t:|1781450129\n|-end|p1a: Walking Wake|Protosynthesis|[silent]\n|switch|p1a: Illumise|Illumise, L91, F|94/266\n|move|p2a: Gogoat|Milk Drink|p2a: Gogoat\n|-heal|p2a: Gogoat|310/360 par\n|\n|-heal|p2a: Gogoat|332/360 par|[from] item: Leftovers\n|upkeep\n|turn|9\n|\n|t:|1781450132\n|switch|p2a: Incineroar|Incineroar, L82, M|94/290\n|-ability|p2a: Incineroar|Intimidate|boost\n|-unboost|p1a: Illumise|atk|1\n|move|p1a: Illumise|Roost|p1a: Illumise\n|-heal|p1a: Illumise|227/266\n|-singleturn|p1a: Illumise|move: Roost\n|\n|upkeep\n|turn|10\n|\n|t:|1781450136\n|move|p1a: Illumise|Bug Buzz|p2a: Incineroar\n|-damage|p2a: Incineroar|10/290\n|move|p2a: Incineroar|Parting Shot|p1a: Illumise\n|-unboost|p1a: Illumise|atk|1\n|-unboost|p1a: Illumise|spa|1\n|\n|t:|1781450145\n|switch|p2a: Gogoat|Gogoat, L88, M|332/360 par|[from] Parting Shot\n|-damage|p2a: Gogoat|287/360 par|[from] Stealth Rock\n|\n|-heal|p2a: Gogoat|309/360 par|[from] item: Leftovers\n|upkeep\n|turn|11\n|\n|t:|1781450149\n|switch|p2a: Incineroar|Incineroar, L82, M|10/290\n|-ability|p2a: Incineroar|Intimidate|boost\n|-unboost|p1a: Illumise|atk|1\n|move|p1a: Illumise|Bug Buzz|p2a: Incineroar\n|-damage|p2a: Incineroar|0 fnt\n|faint|p2a: Incineroar\n|\n|upkeep\n|\n|t:|1781450155\n|switch|p2a: Suicune|Suicune, L82|298/298\n|-damage|p2a: Suicune|261/298|[from] Stealth Rock\n|-ability|p2a: Suicune|Pressure\n|turn|12\n|\n|t:|1781450159\n|move|p1a: Illumise|Thunder Wave|p2a: Suicune|[miss]\n|-miss|p1a: Illumise|p2a: Suicune\n|move|p2a: Suicune|Calm Mind|p2a: Suicune\n|-boost|p2a: Suicune|spa|1\n|-boost|p2a: Suicune|spd|1\n|\n|-heal|p2a: Suicune|279/298|[from] item: Leftovers\n|upkeep\n|turn|13\n|\n|t:|1781450168\n|move|p1a: Illumise|Thunder Wave|p2a: Suicune\n|-status|p2a: Suicune|par\n|move|p2a: Suicune|Calm Mind|p2a: Suicune\n|-boost|p2a: Suicune|spa|1\n|-boost|p2a: Suicune|spd|1\n|\n|-heal|p2a: Suicune|297/298 par|[from] item: Leftovers\n|upkeep\n|turn|14\n|\n|t:|1781450172\n|move|p1a: Illumise|Encore|p2a: Suicune\n|-start|p2a: Suicune|Encore\n|move|p2a: Suicune|Calm Mind|p2a: Suicune\n|-boost|p2a: Suicune|spa|1\n|-boost|p2a: Suicune|spd|1\n|\n|-heal|p2a: Suicune|298/298 par|[from] item: Leftovers\n|upkeep\n|turn|15\n|\n|t:|1781450176\n|switch|p1a: Blissey|Blissey, L85, F|572/572\n|move|p2a: Suicune|Calm Mind|p2a: Suicune\n|-boost|p2a: Suicune|spa|1\n|-boost|p2a: Suicune|spd|1\n|\n|upkeep\n|turn|16\n|\n|t:|1781450178\n|move|p1a: Blissey|Seismic Toss|p2a: Suicune\n|-damage|p2a: Suicune|213/298 par\n|cant|p2a: Suicune|par\n|\n|-heal|p2a: Suicune|231/298 par|[from] item: Leftovers\n|-end|p2a: Suicune|Encore\n|upkeep\n|turn|17\n|\n|t:|1781450184\n|move|p1a: Blissey|Seismic Toss|p2a: Suicune\n|-damage|p2a: Suicune|146/298 par\n|move|p2a: Suicune|Rest|p2a: Suicune\n|-status|p2a: Suicune|slp|[from] move: Rest\n|-heal|p2a: Suicune|298/298 slp|[silent]\n|\n|upkeep\n|turn|18\n|\n|t:|1781450187\n|switch|p1a: Illumise|Illumise, L91, F|227/266\n|cant|p2a: Suicune|slp\n|move|p2a: Suicune|Sleep Talk|p2a: Suicune\n|move|p2a: Suicune|Scald|p1a: Illumise|[from] move: Sleep Talk\n|-damage|p1a: Illumise|0 fnt\n|faint|p1a: Illumise\n|\n|upkeep\n|c|\u2606YveltalNL|Wonderful\n|c|\u2606YveltalNL|whole team loses to this\n|\n|t:|1781450195\n|switch|p1a: Arceus|Arceus-Poison, L70|284/284\n|turn|19\n|c|\u2606cuerodeolancho|there is a wake right there\n|c|\u2606YveltalNL|who literally loses 100% of the time\n|c|\u2606YveltalNL|i can't do anything to you\n|c|\u2606cuerodeolancho|u can pp stall w sun\n|inactive|cuerodeolancho has 120 seconds left.\n|c|\u2606YveltalNL|nah\n|\n|t:|1781450233\n|move|p1a: Arceus|Swords Dance|p1a: Arceus\n|-boost|p1a: Arceus|atk|2\n|cant|p2a: Suicune|slp\n|move|p2a: Suicune|Sleep Talk|p2a: Suicune\n|move|p2a: Suicune|Rest||[from] move: Sleep Talk|[still]\n|-fail|p2a: Suicune\n|\n|upkeep\n|turn|20\n|c|\u2606YveltalNL|you just go +6 get one burn sit there\n|c|\u2606YveltalNL|im LO i kill myself quick\n|\n|t:|1781450248\n|-terastallize|p1a: Arceus|Ground\n|move|p1a: Arceus|Earthquake|p2a: Suicune\n|-damage|p2a: Suicune|162/298 slp\n|-curestatus|p2a: Suicune|slp|[msg]\n|move|p2a: Suicune|Scald|p1a: Arceus\n|-supereffective|p1a: Arceus\n|-damage|p1a: Arceus|0 fnt\n|faint|p1a: Arceus\n|\n|-heal|p2a: Suicune|180/298|[from] item: Leftovers\n|upkeep\n|-message|YveltalNL forfeited.\n|\n|win|cuerodeolancho\n", "inputlog": ">version a8376a258c1d4662feba110a92103f3664a72141\n>start {\"formatid\":\"gen9randombattle\",\"seed\":\"sodium,2816a703aa45c80f4b00f385a07b56cd\",\"rated\":\"Rated battle\"}\n>player p1 {\"name\":\"YveltalNL\",\"avatar\":\"#yveltalnl\",\"rating\":2141,\"seed\":\"sodium,96ce7238e76cf0e760f07c6ecd24e209\"}\n>player p2 {\"name\":\"cuerodeolancho\",\"avatar\":\"janitor\",\"rating\":2136,\"seed\":\"sodium,7938970bf35daf57fc5d2aff70dedc8a\"}\n>p1 move stealthrock\n>p2 switch 2\n>p1 move thunderwave\n>p2 move bulkup\n>p1 switch 5\n>p2 move hornleech\n>p1 move bugbuzz\n>p2 switch 5\n>p1 move bugbuzz\n>p2 move knockoff\n>p1 switch 6\n>p2 move flareblitz\n>p1 move dracometeor\n>p2 switch 5\n>p1 switch 6\n>p2 move milkdrink\n>p1 move roost\n>p2 switch 5\n>p1 move bugbuzz\n>p2 move partingshot\n>p2 switch 5\n>p1 move bugbuzz\n>p2 switch 5\n>p2 switch 4\n>p1 move thunderwave\n>p2 move calmmind\n>p1 move thunderwave\n>p2 move calmmind\n>p1 move encore\n>p2 move calmmind\n>p1 switch 5\n>p2 move calmmind\n>p1 move seismictoss\n>p2 move calmmind\n>p1 move seismictoss\n>p2 move rest\n>p1 switch 5\n>p2 move sleeptalk\n>chat \u2606YveltalNL|Wonderful\n>chat \u2606YveltalNL|whole team loses to this\n>p1 switch 4\n>chat \u2606cuerodeolancho|there is a wake right there\n>chat \u2606YveltalNL|who literally loses 100% of the time\n>chat \u2606YveltalNL|i can't do anything to you\n>chat \u2606cuerodeolancho|u can pp stall w sun\n>chat \u2606YveltalNL|nah\n>p1 move swordsdance\n>p2 move sleeptalk\n>chat \u2606YveltalNL|you just go +6 get one burn sit there\n>chat \u2606YveltalNL|im LO i kill myself quick\n>p1 move earthquake terastallize\n>p2 move scald\n>forcelose p1", "uploadtime": 1781450059, "views": 4, "formatid": "gen9randombattle", "rating": null, "private": 0, "password": null, "player_dets": [{"name": "YveltalNL", "avatar": "#yveltalnl", "rating": 2141, "seed": "sodium,96ce7238e76cf0e760f07c6ecd24e209"}, {"name": "cuerodeolancho", "avatar": "janitor", "rating": 2136, "seed": "sodium,7938970bf35daf57fc5d2aff70dedc8a"}], "teams_full": [{"Blissey": {"name": "Blissey", "species": "Blissey", "speciesId": "blissey", "gender": "F", "shiny": false, "level": 85, "moves": ["softboiled", "stealthrock", "thunderwave", "seismictoss"], "ability": "Natural Cure", "evs": {"hp": 85, "atk": 0, "def": 85, "spa": 85, "spd": 85, "spe": 85}, "ivs": {"hp": 31, "atk": 0, "def": 31, "spa": 31, "spd": 31, "spe": 31}, "item": "Leftovers", "teraType": "Dark", "role": "Bulky Support", "bvs": {"hp": 255, "atk": 10, "def": 10, "spa": 75, "spd": 135, "spe": 55}, "stats": {"hp": 572, "atk": 22, "def": 66, "spa": 176, "spd": 278, "spe": 142}, "types": ["Normal"]}, "Inteleon": {"name": "Inteleon", "species": "Inteleon", "speciesId": "inteleon", "gender": "F", "shiny": false, "level": 81, "moves": ["hydropump", "uturn", "scald", "icebeam"], "ability": "Torrent", "evs": {"hp": 85, "atk": 85, "def": 85, "spa": 85, "spd": 85, "spe": 85}, "ivs": {"hp": 31, "atk": 31, "def": 31, "spa": 31, "spd": 31, "spe": 31}, "item": "Choice Specs", "teraType": "Water", "role": "Wallbreaker", "bvs": {"hp": 70, "atk": 85, "def": 65, "spa": 125, "spd": 65, "spe": 120}, "stats": {"hp": 246, "atk": 184, "def": 152, "spa": 249, "spd": 152, "spe": 241}, "types": ["Water"]}, "Misdreavus": {"name": "Misdreavus", "species": "Misdreavus", "speciesId": "misdreavus", "gender": "M", "shiny": false, "level": 90, "moves": ["drainingkiss", "willowisp", "calmmind", "shadowball"], "ability": "Levitate", "evs": {"hp": 85, "atk": 0, "def": 85, "spa": 85, "spd": 85, "spe": 85}, "ivs": {"hp": 31, "atk": 0, "def": 31, "spa": 31, "spd": 31, "spe": 31}, "item": "Eviolite", "teraType": "Fairy", "role": "Bulky Setup", "bvs": {"hp": 60, "atk": 60, "def": 60, "spa": 85, "spd": 85, "spe": 85}, "stats": {"hp": 254, "atk": 113, "def": 159, "spa": 204, "spd": 204, "spe": 204}, "types": ["Ghost"]}, "Arceus": {"name": "Arceus", "species": "Arceus-Poison", "speciesId": "arceuspoison", "gender": "N", "shiny": false, "level": 70, "moves": ["extremespeed", "gunkshot", "earthquake", "swordsdance"], "ability": "Multitype", "evs": {"hp": 85, "atk": 85, "def": 85, "spa": 85, "spd": 85, "spe": 85}, "ivs": {"hp": 31, "atk": 31, "def": 31, "spa": 31, "spd": 31, "spe": 31}, "item": "Toxic Plate", "teraType": "Ground", "role": "Fast Bulky Setup", "bvs": {"hp": 120, "atk": 120, "def": 120, "spa": 120, "spd": 120, "spe": 120}, "stats": {"hp": 284, "atk": 209, "def": 209, "spa": 209, "spd": 209, "spe": 209}, "types": ["Poison"]}, "Illumise": {"name": "Illumise", "species": "Illumise", "speciesId": "illumise", "gender": "F", "shiny": false, "level": 91, "moves": ["encore", "thunderwave", "bugbuzz", "roost"], "ability": "Prankster", "evs": {"hp": 85, "atk": 0, "def": 85, "spa": 85, "spd": 85, "spe": 85}, "ivs": {"hp": 31, "atk": 0, "def": 31, "spa": 31, "spd": 31, "spe": 31}, "item": "Heavy-Duty Boots", "teraType": "Water", "role": "Bulky Support", "bvs": {"hp": 65, "atk": 47, "def": 75, "spa": 73, "spd": 85, "spe": 85}, "stats": {"hp": 266, "atk": 90, "def": 188, "spa": 185, "spd": 207, "spe": 207}, "types": ["Bug"]}, "Walking Wake": {"name": "Walking Wake", "species": "Walking Wake", "speciesId": "walkingwake", "gender": "N", "shiny": false, "level": 79, "moves": ["sunnyday", "flamethrower", "hydrosteam", "dracometeor"], "ability": "Protosynthesis", "evs": {"hp": 85, "atk": 0, "def": 85, "spa": 85, "spd": 85, "spe": 85}, "ivs": {"hp": 31, "atk": 0, "def": 31, "spa": 31, "spd": 31, "spe": 31}, "item": "Life Orb", "teraType": "Fire", "role": "Fast Attacker", "bvs": {"hp": 99, "atk": 83, "def": 91, "spa": 125, "spd": 83, "spe": 109}, "stats": {"hp": 286, "atk": 136, "def": 189, "spa": 243, "spd": 177, "spe": 218}, "types": ["Water", "Dragon"]}}, {"Kyogre": {"name": "Kyogre", "species": "Kyogre", "speciesId": "kyogre", "gender": "N", "shiny": false, "level": 71, "moves": ["waterspout", "originpulse", "thunder", "icebeam"], "ability": "Drizzle", "evs": {"hp": 85, "atk": 0, "def": 85, "spa": 85, "spd": 85, "spe": 85}, "ivs": {"hp": 31, "atk": 0, "def": 31, "spa": 31, "spd": 31, "spe": 31}, "item": "Choice Scarf", "teraType": "Water", "role": "Fast Attacker", "bvs": {"hp": 100, "atk": 100, "def": 90, "spa": 150, "spd": 140, "spe": 90}, "stats": {"hp": 259, "atk": 147, "def": 169, "spa": 254, "spd": 240, "spe": 169}, "types": ["Water"]}, "Gogoat": {"name": "Gogoat", "species": "Gogoat", "speciesId": "gogoat", "gender": "M", "shiny": false, "level": 88, "moves": ["hornleech", "milkdrink", "bulkup", "earthquake"], "ability": "Sap Sipper", "evs": {"hp": 85, "atk": 85, "def": 85, "spa": 85, "spd": 85, "spe": 85}, "ivs": {"hp": 31, "atk": 31, "def": 31, "spa": 31, "spd": 31, "spe": 31}, "item": "Leftovers", "teraType": "Ground", "role": "Bulky Setup", "bvs": {"hp": 123, "atk": 100, "def": 62, "spa": 97, "spd": 81, "spe": 68}, "stats": {"hp": 360, "atk": 226, "def": 159, "spa": 221, "spd": 193, "spe": 170}, "types": ["Grass"]}, "Enamorus": {"name": "Enamorus", "species": "Enamorus", "speciesId": "enamorus", "gender": "F", "shiny": false, "level": 79, "moves": ["earthpower", "moonblast", "calmmind", "substitute"], "ability": "Cute Charm", "evs": {"hp": 85, "atk": 0, "def": 85, "spa": 85, "spd": 85, "spe": 85}, "ivs": {"hp": 31, "atk": 0, "def": 31, "spa": 31, "spd": 31, "spe": 31}, "item": "Leftovers", "teraType": "Ground", "role": "Fast Bulky Setup", "bvs": {"hp": 74, "atk": 115, "def": 70, "spa": 135, "spd": 80, "spe": 106}, "stats": {"hp": 247, "atk": 186, "def": 156, "spa": 259, "spd": 172, "spe": 213}, "types": ["Fairy", "Flying"]}, "Suicune": {"name": "Suicune", "species": "Suicune", "speciesId": "suicune", "gender": "N", "shiny": false, "level": 82, "moves": ["scald", "sleeptalk", "calmmind", "rest"], "ability": "Pressure", "evs": {"hp": 85, "atk": 0, "def": 85, "spa": 85, "spd": 85, "spe": 85}, "ivs": {"hp": 31, "atk": 0, "def": 31, "spa": 31, "spd": 31, "spe": 31}, "item": "Leftovers", "teraType": "Dragon", "role": "Bulky Attacker", "bvs": {"hp": 100, "atk": 75, "def": 115, "spa": 90, "spd": 115, "spe": 85}, "stats": {"hp": 298, "atk": 127, "def": 236, "spa": 195, "spd": 236, "spe": 187}, "types": ["Water"]}, "Incineroar": {"name": "Incineroar", "species": "Incineroar", "speciesId": "incineroar", "gender": "M", "shiny": false, "level": 82, "moves": ["knockoff", "partingshot", "earthquake", "flareblitz"], "ability": "Intimidate", "evs": {"hp": 85, "atk": 85, "def": 85, "spa": 85, "spd": 85, "spe": 85}, "ivs": {"hp": 31, "atk": 31, "def": 31, "spa": 31, "spd": 31, "spe": 31}, "item": "Heavy-Duty Boots", "teraType": "Water", "role": "Fast Attacker", "bvs": {"hp": 95, "atk": 115, "def": 90, "spa": 80, "spd": 90, "spe": 60}, "stats": {"hp": 290, "atk": 236, "def": 195, "spa": 178, "spd": 195, "spe": 146}, "types": ["Fire", "Dark"]}, "Kingambit": {"name": "Kingambit", "species": "Kingambit", "speciesId": "kingambit", "gender": "F", "shiny": false, "level": 74, "moves": ["kowtowcleave", "ironhead", "suckerpunch", "swordsdance"], "ability": "Supreme Overlord", "evs": {"hp": 85, "atk": 85, "def": 85, "spa": 85, "spd": 85, "spe": 85}, "ivs": {"hp": 31, "atk": 31, "def": 31, "spa": 31, "spd": 31, "spe": 31}, "item": "Leftovers", "teraType": "Dark", "role": "Bulky Attacker", "bvs": {"hp": 100, "atk": 135, "def": 120, "spa": 60, "spd": 85, "spe": 50}, "stats": {"hp": 270, "atk": 243, "def": 221, "spa": 132, "spd": 169, "spe": 117}, "types": ["Dark", "Steel"]}}]}