{"id": "gen9randombattle-2631372906", "format": "[Gen 9] Random Battle", "players": ["isnothingeasy", "Harvester"], "log": "|j|\u2606isnothingeasy\n|j|\u2606Harvester\n|t:|1781376958\n|gametype|singles\n|player|p1|isnothingeasy|lady|2016\n|player|p2|Harvester|1|2037\n|gen|9\n|tier|[Gen 9] Random Battle\n|rated|\n|rule|Species Clause: Limit one of each Pok\u00e9mon\n|rule|HP Percentage Mod: HP is shown in percentages\n|rule|Sleep Clause Mod: Limit one foe put to sleep\n|rule|Illusion Level Mod: Illusion disguises the Pok\u00e9mon's true level\n|\n|t:|1781376958\n|teamsize|p1|6\n|teamsize|p2|6\n|start\n|switch|p1a: Braviary|Braviary, L85, M|309/309\n|switch|p2a: Tentacruel|Tentacruel, L84, M|272/272\n|turn|1\n|\n|t:|1781376973\n|move|p2a: Tentacruel|Sludge Bomb|p1a: Braviary\n|-damage|p1a: Braviary|222/309\n|-status|p1a: Braviary|psn\n|move|p1a: Braviary|Bulk Up|p1a: Braviary\n|-boost|p1a: Braviary|atk|1\n|-boost|p1a: Braviary|def|1\n|\n|-damage|p1a: Braviary|184/309 psn|[from] psn\n|upkeep\n|turn|2\n|inactive|Battle timer is ON: inactive players will automatically lose when time's up. (requested by isnothingeasy)\n|\n|t:|1781376983\n|move|p2a: Tentacruel|Rapid Spin|p1a: Braviary\n|-damage|p1a: Braviary|162/309 psn\n|-boost|p2a: Tentacruel|spe|1\n|move|p1a: Braviary|Brave Bird|p2a: Tentacruel\n|-damage|p2a: Tentacruel|0 fnt\n|faint|p2a: Tentacruel\n|-damage|p1a: Braviary|72/309 psn|[from] Recoil\n|\n|-damage|p1a: Braviary|34/309 psn|[from] psn\n|upkeep\n|\n|t:|1781377006\n|switch|p2a: Tauros|Tauros-Paldea-Aqua, L81, M|252/252\n|turn|3\n|\n|t:|1781377011\n|move|p2a: Tauros|Liquidation|p1a: Braviary\n|-damage|p1a: Braviary|0 fnt\n|faint|p1a: Braviary\n|\n|upkeep\n|\n|t:|1781377014\n|switch|p1a: Slowbro|Slowbro, L85, F|300/300\n|turn|4\n|\n|t:|1781377024\n|switch|p2a: Archaludon|Archaludon, L78, M|268/268\n|move|p1a: Slowbro|Iron Defense|p1a: Slowbro\n|-boost|p1a: Slowbro|def|2\n|\n|upkeep\n|turn|5\n|\n|t:|1781377035\n|move|p1a: Slowbro|Iron Defense|p1a: Slowbro\n|-boost|p1a: Slowbro|def|2\n|move|p2a: Archaludon|Dragon Tail|p1a: Slowbro\n|-damage|p1a: Slowbro|282/300\n|drag|p1a: Honchkrow|Honchkrow, L86, F|312/312\n|\n|upkeep\n|turn|6\n|\n|t:|1781377044\n|switch|p1a: Slowbro|Slowbro, L85, F|300/300\n|move|p2a: Archaludon|Flash Cannon|p1a: Slowbro\n|-resisted|p1a: Slowbro\n|-damage|p1a: Slowbro|251/300\n|\n|-heal|p1a: Slowbro|269/300|[from] item: Leftovers\n|upkeep\n|turn|7\n|\n|t:|1781377053\n|move|p2a: Archaludon|Draco Meteor|p1a: Slowbro\n|-damage|p1a: Slowbro|122/300\n|-unboost|p2a: Archaludon|spa|2\n|move|p1a: Slowbro|Iron Defense|p1a: Slowbro\n|-boost|p1a: Slowbro|def|2\n|\n|-heal|p1a: Slowbro|140/300|[from] item: Leftovers\n|upkeep\n|turn|8\n|\n|t:|1781377065\n|move|p1a: Slowbro|Body Press|p2a: Archaludon\n|-supereffective|p2a: Archaludon\n|-damage|p2a: Archaludon|72/268\n|-ability|p2a: Archaludon|Stamina|boost\n|-boost|p2a: Archaludon|def|1\n|move|p2a: Archaludon|Dragon Tail|p1a: Slowbro\n|-damage|p1a: Slowbro|112/300\n|drag|p1a: Qwilfish|Qwilfish-Hisui, L83, F|244/244\n|-ability|p1a: Qwilfish|Intimidate|boost\n|-unboost|p2a: Archaludon|atk|1\n|\n|upkeep\n|turn|9\n|\n|t:|1781377092\n|move|p1a: Qwilfish|Toxic Spikes|p2a: Archaludon\n|-sidestart|p2: Harvester|move: Toxic Spikes\n|move|p2a: Archaludon|Dragon Tail|p1a: Qwilfish\n|-damage|p1a: Qwilfish|216/244\n|drag|p1a: Sudowoodo|Sudowoodo, L94, F|284/284\n|\n|upkeep\n|turn|10\n|\n|t:|1781377106\n|switch|p2a: Virizion|Virizion, L82|283/283\n|-status|p2a: Virizion|psn\n|move|p1a: Sudowoodo|Stealth Rock|p2a: Virizion\n|-sidestart|p2: Harvester|move: Stealth Rock\n|\n|-damage|p2a: Virizion|248/283 psn|[from] psn\n|upkeep\n|turn|11\n|\n|t:|1781377116\n|move|p2a: Virizion|Swords Dance|p2a: Virizion\n|-boost|p2a: Virizion|atk|2\n|move|p1a: Sudowoodo|Head Smash|p2a: Virizion\n|-resisted|p2a: Virizion\n|-damage|p2a: Virizion|135/283 psn\n|\n|-damage|p2a: Virizion|100/283 psn|[from] psn\n|upkeep\n|turn|12\n|\n|t:|1781377127\n|switch|p1a: Qwilfish|Qwilfish-Hisui, L83, F|216/244\n|-ability|p1a: Qwilfish|Intimidate|boost\n|-unboost|p2a: Virizion|atk|1\n|move|p2a: Virizion|Leaf Blade|p1a: Qwilfish\n|-resisted|p1a: Qwilfish\n|-damage|p1a: Qwilfish|156/244\n|-damage|p2a: Virizion|72/283 psn|[from] item: Life Orb\n|\n|-damage|p2a: Virizion|37/283 psn|[from] psn\n|upkeep\n|turn|13\n|\n|t:|1781377139\n|move|p2a: Virizion|Leaf Blade|p1a: Qwilfish\n|-resisted|p1a: Qwilfish\n|-damage|p1a: Qwilfish|98/244\n|-damage|p2a: Virizion|9/283 psn|[from] item: Life Orb\n|move|p1a: Qwilfish|Toxic Spikes|p2a: Virizion\n|-sidestart|p2: Harvester|move: Toxic Spikes\n|\n|-damage|p2a: Virizion|0 fnt|[from] psn\n|faint|p2a: Virizion\n|upkeep\n|inactive|Harvester has 120 seconds left.\n|\n|t:|1781377164\n|switch|p2a: Copperajah|Copperajah, L86, F|350/350\n|-damage|p2a: Copperajah|329/350|[from] Stealth Rock\n|turn|14\n|\n|t:|1781377182\n|move|p1a: Qwilfish|Spikes|p2a: Copperajah\n|-sidestart|p2: Harvester|Spikes\n|move|p2a: Copperajah|Earthquake|p1a: Qwilfish\n|-supereffective|p1a: Qwilfish\n|-damage|p1a: Qwilfish|0 fnt\n|faint|p1a: Qwilfish\n|-damage|p2a: Copperajah|294/350|[from] item: Life Orb\n|\n|upkeep\n|\n|t:|1781377188\n|switch|p1a: Entei|Entei, L78|307/307\n|turn|15\n|\n|t:|1781377194\n|move|p1a: Entei|Flare Blitz|p2a: Copperajah\n|-supereffective|p2a: Copperajah\n|-damage|p2a: Copperajah|0 fnt\n|faint|p2a: Copperajah\n|-damage|p1a: Entei|210/307|[from] Recoil\n|\n|upkeep\n|-message|Harvester forfeited.\n|\n|win|isnothingeasy\n", "inputlog": ">version a8376a258c1d4662feba110a92103f3664a72141\n>start {\"formatid\":\"gen9randombattle\",\"seed\":\"sodium,80133103bdb2aa9ec3fc1eb1239869dd\",\"rated\":\"Rated battle\"}\n>player p1 {\"name\":\"isnothingeasy\",\"avatar\":\"lady\",\"rating\":2016,\"seed\":\"sodium,492ffee379c26c3ee9669630b31a7452\"}\n>player p2 {\"name\":\"Harvester\",\"avatar\":\"1\",\"rating\":2037,\"seed\":\"sodium,f152f58bc260115ffd04de244147ff39\"}\n>p1 move bulkup\n>p2 move sludgebomb\n>p1 move bravebird\n>p2 move rapidspin\n>p2 switch 5\n>p1 move bravebird\n>p2 move liquidation\n>p1 switch 3\n>p1 move irondefense\n>p2 switch 2\n>p1 move irondefense\n>p2 move dragontail\n>p1 switch 2\n>p2 move flashcannon\n>p1 move irondefense\n>p2 move dracometeor\n>p1 move bodypress\n>p2 move dragontail\n>p1 move toxicspikes\n>p2 move dragontail\n>p1 move stealthrock\n>p2 switch 4\n>p1 move headsmash\n>p2 move swordsdance\n>p1 switch 5\n>p2 move leafblade\n>p1 move toxicspikes\n>p2 move leafblade\n>p2 switch 3\n>p1 move spikes\n>p2 move earthquake\n>p1 switch 6\n>p1 move flareblitz\n>p2 move earthquake\n>forcelose p2", "uploadtime": 1781376964, "views": 8, "formatid": "gen9randombattle", "rating": null, "private": 0, "password": null, "player_dets": [{"name": "isnothingeasy", "avatar": "lady", "rating": 2016, "seed": "sodium,492ffee379c26c3ee9669630b31a7452"}, {"name": "Harvester", "avatar": "1", "rating": 2037, "seed": "sodium,f152f58bc260115ffd04de244147ff39"}], "teams_full": [{"Braviary": {"name": "Braviary", "species": "Braviary", "speciesId": "braviary", "gender": "M", "shiny": false, "level": 85, "moves": ["bravebird", "bulkup", "closecombat", "roost"], "ability": "Defiant", "evs": {"hp": 85, "atk": 85, "def": 85, "spa": 85, "spd": 85, "spe": 85}, "ivs": {"hp": 31, "atk": 31, "def": 31, "spa": 31, "spd": 31, "spe": 31}, "item": "Heavy-Duty Boots", "teraType": "Steel", "role": "Fast Bulky Setup", "bvs": {"hp": 100, "atk": 123, "def": 75, "spa": 57, "spd": 75, "spe": 80}, "stats": {"hp": 309, "atk": 258, "def": 176, "spa": 146, "spd": 176, "spe": 185}, "types": ["Normal", "Flying"]}, "Honchkrow": {"name": "Honchkrow", "species": "Honchkrow", "speciesId": "honchkrow", "gender": "F", "shiny": false, "level": 86, "moves": ["heatwave", "uturn", "bravebird", "suckerpunch"], "ability": "Moxie", "evs": {"hp": 85, "atk": 85, "def": 85, "spa": 85, "spd": 85, "spe": 85}, "ivs": {"hp": 31, "atk": 31, "def": 31, "spa": 31, "spd": 31, "spe": 31}, "item": "Heavy-Duty Boots", "teraType": "Flying", "role": "Fast Attacker", "bvs": {"hp": 100, "atk": 125, "def": 52, "spa": 105, "spd": 52, "spe": 71}, "stats": {"hp": 312, "atk": 264, "def": 139, "spa": 230, "spd": 139, "spe": 171}, "types": ["Dark", "Flying"]}, "Slowbro": {"name": "Slowbro", "species": "Slowbro", "speciesId": "slowbro", "gender": "F", "shiny": false, "level": 85, "moves": ["slackoff", "irondefense", "scald", "bodypress"], "ability": "Regenerator", "evs": {"hp": 85, "atk": 0, "def": 85, "spa": 85, "spd": 85, "spe": 85}, "ivs": {"hp": 31, "atk": 0, "def": 31, "spa": 31, "spd": 31, "spe": 31}, "item": "Leftovers", "teraType": "Fighting", "role": "Bulky Setup", "bvs": {"hp": 95, "atk": 75, "def": 110, "spa": 100, "spd": 80, "spe": 30}, "stats": {"hp": 300, "atk": 132, "def": 236, "spa": 219, "spd": 185, "spe": 100}, "types": ["Water", "Psychic"]}, "Qwilfish": {"name": "Qwilfish", "species": "Qwilfish-Hisui", "speciesId": "qwilfishhisui", "gender": "F", "shiny": false, "level": 83, "moves": ["toxicspikes", "crunch", "spikes", "gunkshot"], "ability": "Intimidate", "evs": {"hp": 85, "atk": 85, "def": 85, "spa": 85, "spd": 85, "spe": 85}, "ivs": {"hp": 31, "atk": 31, "def": 31, "spa": 31, "spd": 31, "spe": 31}, "item": "Eviolite", "teraType": "Flying", "role": "Bulky Support", "bvs": {"hp": 65, "atk": 95, "def": 85, "spa": 55, "spd": 55, "spe": 85}, "stats": {"hp": 244, "atk": 205, "def": 189, "spa": 139, "spd": 139, "spe": 189}, "types": ["Dark", "Poison"]}, "Sudowoodo": {"name": "Sudowoodo", "species": "Sudowoodo", "speciesId": "sudowoodo", "gender": "F", "shiny": false, "level": 94, "moves": ["stealthrock", "woodhammer", "headsmash", "suckerpunch"], "ability": "Rock Head", "evs": {"hp": 85, "atk": 85, "def": 85, "spa": 85, "spd": 85, "spe": 85}, "ivs": {"hp": 31, "atk": 31, "def": 31, "spa": 31, "spd": 31, "spe": 31}, "item": "Leftovers", "teraType": "Grass", "role": "Bulky Attacker", "bvs": {"hp": 70, "atk": 100, "def": 115, "spa": 30, "spd": 65, "spe": 30}, "stats": {"hp": 284, "atk": 241, "def": 270, "spa": 110, "spd": 176, "spe": 110}, "types": ["Rock"]}, "Entei": {"name": "Entei", "species": "Entei", "speciesId": "entei", "gender": "N", "shiny": false, "level": 78, "moves": ["flareblitz", "extremespeed", "stompingtantrum", "sacredfire"], "ability": "Inner Focus", "evs": {"hp": 85, "atk": 85, "def": 85, "spa": 85, "spd": 85, "spe": 85}, "ivs": {"hp": 31, "atk": 31, "def": 31, "spa": 31, "spd": 31, "spe": 31}, "item": "Choice Band", "teraType": "Normal", "role": "Wallbreaker", "bvs": {"hp": 115, "atk": 115, "def": 85, "spa": 90, "spd": 75, "spe": 100}, "stats": {"hp": 307, "atk": 224, "def": 178, "spa": 185, "spd": 162, "spe": 201}, "types": ["Fire"]}}, {"Tentacruel": {"name": "Tentacruel", "species": "Tentacruel", "speciesId": "tentacruel", "gender": "M", "shiny": false, "level": 84, "moves": ["toxicspikes", "rapidspin", "surf", "sludgebomb"], "ability": "Liquid Ooze", "evs": {"hp": 85, "atk": 85, "def": 85, "spa": 85, "spd": 85, "spe": 85}, "ivs": {"hp": 31, "atk": 31, "def": 31, "spa": 31, "spd": 31, "spe": 31}, "item": "Leftovers", "teraType": "Flying", "role": "Bulky Support", "bvs": {"hp": 80, "atk": 70, "def": 65, "spa": 80, "spd": 120, "spe": 100}, "stats": {"hp": 272, "atk": 166, "def": 157, "spa": 183, "spd": 250, "spe": 216}, "types": ["Water", "Poison"]}, "Archaludon": {"name": "Archaludon", "species": "Archaludon", "speciesId": "archaludon", "gender": "M", "shiny": false, "level": 78, "moves": ["flashcannon", "dracometeor", "dragontail", "bodypress"], "ability": "Stamina", "evs": {"hp": 85, "atk": 85, "def": 85, "spa": 85, "spd": 85, "spe": 85}, "ivs": {"hp": 31, "atk": 31, "def": 31, "spa": 31, "spd": 31, "spe": 31}, "item": "Assault Vest", "teraType": "Fighting", "role": "Bulky Attacker", "bvs": {"hp": 90, "atk": 105, "def": 130, "spa": 125, "spd": 65, "spe": 85}, "stats": {"hp": 268, "atk": 209, "def": 248, "spa": 240, "spd": 146, "spe": 178}, "types": ["Steel", "Dragon"]}, "Copperajah": {"name": "Copperajah", "species": "Copperajah", "speciesId": "copperajah", "gender": "F", "shiny": false, "level": 86, "moves": ["earthquake", "rockslide", "ironhead", "playrough"], "ability": "Sheer Force", "evs": {"hp": 85, "atk": 85, "def": 85, "spa": 85, "spd": 85, "spe": 85}, "ivs": {"hp": 31, "atk": 31, "def": 31, "spa": 31, "spd": 31, "spe": 31}, "item": "Life Orb", "teraType": "Fairy", "role": "Wallbreaker", "bvs": {"hp": 122, "atk": 130, "def": 69, "spa": 80, "spd": 69, "spe": 30}, "stats": {"hp": 350, "atk": 273, "def": 168, "spa": 187, "spd": 168, "spe": 101}, "types": ["Steel"]}, "Virizion": {"name": "Virizion", "species": "Virizion", "speciesId": "virizion", "gender": "N", "shiny": false, "level": 82, "moves": ["closecombat", "stoneedge", "leafblade", "swordsdance"], "ability": "Justified", "evs": {"hp": 85, "atk": 85, "def": 85, "spa": 85, "spd": 85, "spe": 85}, "ivs": {"hp": 31, "atk": 31, "def": 31, "spa": 31, "spd": 31, "spe": 31}, "item": "Life Orb", "teraType": "Rock", "role": "Setup Sweeper", "bvs": {"hp": 91, "atk": 90, "def": 72, "spa": 90, "spd": 129, "spe": 108}, "stats": {"hp": 283, "atk": 195, "def": 165, "spa": 195, "spd": 259, "spe": 224}, "types": ["Grass", "Fighting"]}, "Tauros": {"name": "Tauros", "species": "Tauros-Paldea-Aqua", "speciesId": "taurospaldeaaqua", "gender": "M", "shiny": false, "level": 81, "moves": ["bulkup", "liquidation", "closecombat", "substitute"], "ability": "Cud Chew", "evs": {"hp": 73, "atk": 85, "def": 85, "spa": 85, "spd": 85, "spe": 85}, "ivs": {"hp": 31, "atk": 31, "def": 31, "spa": 31, "spd": 31, "spe": 31}, "item": "Sitrus Berry", "teraType": "Water", "role": "Fast Bulky Setup", "bvs": {"hp": 75, "atk": 110, "def": 105, "spa": 30, "spd": 70, "spe": 100}, "stats": {"hp": 252, "atk": 225, "def": 217, "spa": 95, "spd": 160, "spe": 209}, "types": ["Fighting", "Water"]}, "Eiscue": {"name": "Eiscue", "species": "Eiscue", "speciesId": "eiscue", "gender": "F", "shiny": false, "level": 88, "moves": ["bellydrum", "terablast", "icespinner", "liquidation"], "ability": "Ice Face", "evs": {"hp": 81, "atk": 85, "def": 85, "spa": 85, "spd": 85, "spe": 85}, "ivs": {"hp": 31, "atk": 31, "def": 31, "spa": 31, "spd": 31, "spe": 31}, "item": "Sitrus Berry", "teraType": "Ground", "role": "Tera Blast user", "bvs": {"hp": 75, "atk": 80, "def": 110, "spa": 65, "spd": 90, "spe": 50}, "stats": {"hp": 274, "atk": 191, "def": 244, "spa": 165, "spd": 209, "spe": 138}, "types": ["Ice"]}}]}