{"id": "gen9randombattle-2631855186", "format": "[Gen 9] Random Battle", "players": ["mztmztmzt123", "iseeY0shi"], "log": "|j|\u2606mztmztmzt123\n|j|\u2606iseeY0shi\n|t:|1781448560\n|gametype|singles\n|player|p1|mztmztmzt123|169|2209\n|player|p2|iseeY0shi|2|2249\n|gen|9\n|tier|[Gen 9] Random Battle\n|rated|\n|rule|Species Clause: Limit one of each Pok\u00e9mon\n|rule|HP Percentage Mod: HP is shown in percentages\n|rule|Sleep Clause Mod: Limit one foe put to sleep\n|rule|Illusion Level Mod: Illusion disguises the Pok\u00e9mon's true level\n|\n|t:|1781448560\n|teamsize|p1|6\n|teamsize|p2|6\n|start\n|switch|p1a: Regirock|Regirock, L83|268/268\n|switch|p2a: Amoonguss|Amoonguss, L82, F|321/321\n|turn|1\n|inactive|Battle timer is ON: inactive players will automatically lose when time's up. (requested by iseeY0shi)\n|\n|t:|1781448585\n|switch|p1a: Orthworm|Orthworm, L88, M|266/266\n|move|p2a: Amoonguss|Giga Drain|p1a: Orthworm\n|-resisted|p1a: Orthworm\n|-damage|p1a: Orthworm|222/266\n|\n|-heal|p1a: Orthworm|238/266|[from] item: Leftovers\n|upkeep\n|turn|2\n|\n|t:|1781448593\n|move|p1a: Orthworm|Shed Tail|p1a: Orthworm\n|-start|p1a: Orthworm|Substitute|[from] move: Shed Tail\n|-damage|p1a: Orthworm|105/266\n|\n|t:|1781448602\n|switch|p1a: Hariyama|Hariyama, L87, F|392/392|[from] Shed Tail\n|move|p2a: Amoonguss|Spore||[still]\n|-fail|p2a: Amoonguss\n|\n|-status|p1a: Hariyama|brn|[from] item: Flame Orb\n|upkeep\n|turn|3\n|\n|t:|1781448610\n|move|p1a: Hariyama|Knock Off|p2a: Amoonguss\n|-damage|p2a: Amoonguss|169/321\n|-enditem|p2a: Amoonguss|Leftovers|[from] move: Knock Off|[of] p1a: Hariyama\n|move|p2a: Amoonguss|Sludge Bomb|p1a: Hariyama\n|-end|p1a: Hariyama|Substitute\n|\n|-damage|p1a: Hariyama|368/392 brn|[from] brn\n|upkeep\n|turn|4\n|\n|t:|1781448629\n|switch|p2a: Donphan|Donphan, L84, M|288/288\n|move|p1a: Hariyama|Facade|p2a: Donphan\n|-damage|p2a: Donphan|146/288\n|\n|-damage|p1a: Hariyama|344/392 brn|[from] brn\n|upkeep\n|turn|5\n|\n|t:|1781448638\n|move|p2a: Donphan|Ice Shard|p1a: Hariyama\n|-damage|p1a: Hariyama|299/392 brn\n|move|p1a: Hariyama|Close Combat|p2a: Donphan\n|-damage|p2a: Donphan|0 fnt\n|-unboost|p1a: Hariyama|def|1\n|-unboost|p1a: Hariyama|spd|1\n|faint|p2a: Donphan\n|\n|-damage|p1a: Hariyama|275/392 brn|[from] brn\n|upkeep\n|\n|t:|1781448642\n|switch|p2a: Cinderace|Cinderace, L77, M|249/249\n|turn|6\n|\n|t:|1781448653\n|switch|p1a: Hippowdon|Hippowdon, L82, F|311/311\n|-weather|Sandstorm|[from] ability: Sand Stream|[of] p1a: Hippowdon\n|move|p2a: Cinderace|High Jump Kick|p1a: Hippowdon|[miss]\n|-start|p2a: Cinderace|typechange|Fighting|[from] ability: Libero\n|-miss|p2a: Cinderace|p1a: Hippowdon\n|-damage|p2a: Cinderace|125/249|[from] highjumpkick\n|\n|-weather|Sandstorm|[upkeep]\n|-damage|p2a: Cinderace|110/249|[from] Sandstorm\n|upkeep\n|turn|7\n|\n|t:|1781448660\n|move|p2a: Cinderace|High Jump Kick|p1a: Hippowdon\n|-damage|p1a: Hippowdon|148/311\n|move|p1a: Hippowdon|Stealth Rock|p2a: Cinderace\n|-sidestart|p2: iseeY0shi|move: Stealth Rock\n|\n|-weather|Sandstorm|[upkeep]\n|-damage|p2a: Cinderace|95/249|[from] Sandstorm\n|-heal|p1a: Hippowdon|167/311|[from] item: Leftovers\n|upkeep\n|turn|8\n|\n|t:|1781448665\n|switch|p1a: Vespiquen|Vespiquen, L99, F|299/299\n|-ability|p1a: Vespiquen|Pressure\n|move|p2a: Cinderace|High Jump Kick|p1a: Vespiquen\n|-resisted|p1a: Vespiquen\n|-damage|p1a: Vespiquen|260/299\n|\n|-weather|Sandstorm|[upkeep]\n|-damage|p2a: Cinderace|80/249|[from] Sandstorm\n|-damage|p1a: Vespiquen|242/299|[from] Sandstorm\n|upkeep\n|turn|9\n|\n|t:|1781448678\n|switch|p2a: Hariyama|Hariyama, L87, M|392/392\n|-damage|p2a: Hariyama|368/392|[from] Stealth Rock\n|move|p1a: Vespiquen|Spikes|p2a: Hariyama\n|-sidestart|p2: iseeY0shi|Spikes\n|\n|-weather|Sandstorm|[upkeep]\n|-damage|p2a: Hariyama|344/392|[from] Sandstorm\n|-damage|p1a: Vespiquen|224/299|[from] Sandstorm\n|-status|p2a: Hariyama|brn|[from] item: Flame Orb\n|upkeep\n|turn|10\n|\n|t:|1781448683\n|move|p2a: Hariyama|Facade|p1a: Vespiquen\n|-damage|p1a: Vespiquen|71/299\n|move|p1a: Vespiquen|Hurricane|p2a: Hariyama\n|-supereffective|p2a: Hariyama\n|-damage|p2a: Hariyama|2/392 brn\n|\n|-weather|none\n|-damage|p2a: Hariyama|0 fnt|[from] brn\n|faint|p2a: Hariyama\n|upkeep\n|\n|t:|1781448688\n|switch|p2a: Indeedee|Indeedee-F, L90, F|272/272\n|-damage|p2a: Indeedee|238/272|[from] Stealth Rock\n|-damage|p2a: Indeedee|204/272|[from] Spikes\n|-fieldstart|move: Psychic Terrain|[from] ability: Psychic Surge|[of] p2a: Indeedee\n|turn|11\n|\n|t:|1781448693\n|move|p2a: Indeedee|Psychic|p1a: Vespiquen\n|-damage|p1a: Vespiquen|0 fnt\n|faint|p1a: Vespiquen\n|-damage|p2a: Indeedee|177/272|[from] item: Life Orb\n|\n|upkeep\n|\n|t:|1781448708\n|switch|p1a: Regirock|Regirock, L83|268/268\n|turn|12\n|\n|t:|1781448715\n|move|p2a: Indeedee|Psychic|p1a: Regirock\n|-damage|p1a: Regirock|104/268\n|-damage|p2a: Indeedee|150/272|[from] item: Life Orb\n|move|p1a: Regirock|Rest|p1a: Regirock\n|-status|p1a: Regirock|slp|[from] move: Rest\n|-heal|p1a: Regirock|268/268 slp|[silent]\n|-enditem|p1a: Regirock|Chesto Berry|[eat]\n|-curestatus|p1a: Regirock|slp|[msg]\n|\n|upkeep\n|turn|13\n|\n|t:|1781448722\n|move|p2a: Indeedee|Psychic|p1a: Regirock\n|-damage|p1a: Regirock|93/268\n|-damage|p2a: Indeedee|123/272|[from] item: Life Orb\n|move|p1a: Regirock|Body Press|p2a: Indeedee\n|-damage|p2a: Indeedee|1/272\n|\n|upkeep\n|turn|14\n|\n|t:|1781448730\n|move|p2a: Indeedee|Psychic|p1a: Regirock\n|-damage|p1a: Regirock|0 fnt\n|faint|p1a: Regirock\n|-damage|p2a: Indeedee|0 fnt|[from] item: Life Orb\n|faint|p2a: Indeedee\n|\n|upkeep\n|\n|t:|1781448744\n|switch|p2a: Gogoat|Gogoat, L88, M|360/360\n|switch|p1a: Hariyama|Hariyama, L87, F|275/392 brn\n|-damage|p2a: Gogoat|315/360|[from] Stealth Rock\n|-damage|p2a: Gogoat|270/360|[from] Spikes\n|turn|15\n|\n|t:|1781448753\n|move|p2a: Gogoat|Bulk Up|p2a: Gogoat\n|-boost|p2a: Gogoat|atk|1\n|-boost|p2a: Gogoat|def|1\n|move|p1a: Hariyama|Close Combat|p2a: Gogoat\n|-damage|p2a: Gogoat|60/360\n|-unboost|p1a: Hariyama|def|1\n|-unboost|p1a: Hariyama|spd|1\n|\n|-heal|p2a: Gogoat|82/360|[from] item: Leftovers\n|-damage|p1a: Hariyama|251/392 brn|[from] brn\n|-fieldend|move: Psychic Terrain\n|upkeep\n|turn|16\n|\n|t:|1781448762\n|switch|p1a: Orthworm|Orthworm, L88, M|105/266\n|move|p2a: Gogoat|Horn Leech|p1a: Orthworm\n|-resisted|p1a: Orthworm\n|-damage|p1a: Orthworm|63/266\n|-heal|p2a: Gogoat|103/360|[from] drain|[of] p1a: Orthworm\n|\n|-heal|p2a: Gogoat|125/360|[from] item: Leftovers\n|-heal|p1a: Orthworm|79/266|[from] item: Leftovers\n|upkeep\n|turn|17\n|inactive|mztmztmzt123 has 120 seconds left.\n|inactive|mztmztmzt123 has 90 seconds left.\n|\n|t:|1781448835\n|move|p2a: Gogoat|Bulk Up|p2a: Gogoat\n|-boost|p2a: Gogoat|atk|1\n|-boost|p2a: Gogoat|def|1\n|move|p1a: Orthworm|Heavy Slam|p2a: Gogoat\n|-damage|p2a: Gogoat|67/360\n|\n|-heal|p2a: Gogoat|89/360|[from] item: Leftovers\n|-heal|p1a: Orthworm|95/266|[from] item: Leftovers\n|upkeep\n|turn|18\n|\n|t:|1781448843\n|switch|p1a: Hippowdon|Hippowdon, L82, F|167/311\n|-weather|Sandstorm|[from] ability: Sand Stream|[of] p1a: Hippowdon\n|move|p2a: Gogoat|Milk Drink|p2a: Gogoat\n|-heal|p2a: Gogoat|269/360\n|\n|-weather|Sandstorm|[upkeep]\n|-damage|p2a: Gogoat|247/360|[from] Sandstorm\n|-heal|p2a: Gogoat|269/360|[from] item: Leftovers\n|-heal|p1a: Hippowdon|186/311|[from] item: Leftovers\n|upkeep\n|turn|19\n|inactive|mztmztmzt123 has 90 seconds left.\n|\n|t:|1781448852\n|-terastallize|p2a: Gogoat|Ground\n|-terastallize|p1a: Hippowdon|Dragon\n|move|p2a: Gogoat|Earthquake|p1a: Hippowdon\n|-damage|p1a: Hippowdon|0 fnt\n|faint|p1a: Hippowdon\n|\n|-weather|Sandstorm|[upkeep]\n|-heal|p2a: Gogoat|291/360|[from] item: Leftovers\n|upkeep\n|inactive|mztmztmzt123 has 90 seconds left.\n|-message|mztmztmzt123 forfeited.\n|\n|win|iseeY0shi\n|raw|mztmztmzt123's rating: 2209 &rarr; <strong>2191</strong><br />(-18 for losing)\n|raw|iseeY0shi's rating: 2249 &rarr; <strong>2267</strong><br />(+18 for winning)\n", "inputlog": ">version a8376a258c1d4662feba110a92103f3664a72141\n>start {\"formatid\":\"gen9randombattle\",\"seed\":\"sodium,61b63bc475dd32414b93c09bb3c0fafb\",\"rated\":\"Rated battle\"}\n>player p1 {\"name\":\"mztmztmzt123\",\"avatar\":\"169\",\"rating\":2209,\"seed\":\"sodium,5b03f1bbf12cc01c46ab47d4b6213b8f\"}\n>player p2 {\"name\":\"iseeY0shi\",\"avatar\":\"2\",\"rating\":2249,\"seed\":\"sodium,8648424a4950fbfe589827f4ecd13a90\"}\n>p1 switch 4\n>p2 move gigadrain\n>p1 move shedtail\n>p2 move spore\n>p1 switch 6\n>p1 move knockoff\n>p2 move sludgebomb\n>p1 move facade\n>p2 switch 5\n>p1 move closecombat\n>p2 move iceshard\n>p2 switch 2\n>p1 switch 2\n>p2 move highjumpkick\n>p1 move stealthrock\n>p2 move highjumpkick\n>p1 switch 3\n>p2 move highjumpkick\n>p1 move spikes\n>p2 switch 3\n>p1 move hurricane\n>p2 move facade\n>p2 switch 4\n>p1 move roost\n>p2 move psychic\n>p1 switch 4\n>p1 move rest\n>p2 move psychic\n>p1 move bodypress\n>p2 move psychic\n>p1 move irondefense\n>p2 move psychic\n>p1 switch 2\n>p2 switch 6\n>p1 move closecombat\n>p2 move bulkup\n>p1 switch 6\n>p2 move hornleech\n>p1 move heavyslam\n>p2 move bulkup\n>p1 switch 3\n>p2 move milkdrink\n>p1 move whirlwind terastallize\n>p2 move earthquake terastallize\n>forcelose p1", "uploadtime": 1781448562, "views": 6, "formatid": "gen9randombattle", "rating": 2191, "private": 0, "password": null, "player_dets": [{"name": "mztmztmzt123", "avatar": "169", "rating": 2209, "seed": "sodium,5b03f1bbf12cc01c46ab47d4b6213b8f"}, {"name": "iseeY0shi", "avatar": "2", "rating": 2249, "seed": "sodium,8648424a4950fbfe589827f4ecd13a90"}], "teams_full": [{"Regirock": {"name": "Regirock", "species": "Regirock", "speciesId": "regirock", "gender": "N", "shiny": false, "level": 83, "moves": ["bodypress", "stoneedge", "rest", "irondefense"], "ability": "Clear Body", "evs": {"hp": 85, "atk": 85, "def": 85, "spa": 85, "spd": 85, "spe": 85}, "ivs": {"hp": 31, "atk": 31, "def": 31, "spa": 31, "spd": 31, "spe": 31}, "item": "Chesto Berry", "teraType": "Fighting", "role": "Bulky Setup", "bvs": {"hp": 80, "atk": 100, "def": 200, "spa": 50, "spd": 100, "spe": 50}, "stats": {"hp": 268, "atk": 214, "def": 380, "spa": 131, "spd": 214, "spe": 131}, "types": ["Rock"]}, "Hippowdon": {"name": "Hippowdon", "species": "Hippowdon", "speciesId": "hippowdon", "gender": "F", "shiny": false, "level": 82, "moves": ["whirlwind", "stealthrock", "slackoff", "earthquake"], "ability": "Sand Stream", "evs": {"hp": 85, "atk": 85, "def": 85, "spa": 85, "spd": 85, "spe": 85}, "ivs": {"hp": 31, "atk": 31, "def": 31, "spa": 31, "spd": 31, "spe": 31}, "item": "Leftovers", "teraType": "Dragon", "role": "Bulky Support", "bvs": {"hp": 108, "atk": 112, "def": 118, "spa": 68, "spd": 72, "spe": 47}, "stats": {"hp": 311, "atk": 231, "def": 241, "spa": 159, "spd": 165, "spe": 124}, "types": ["Ground"]}, "Vespiquen": {"name": "Vespiquen", "species": "Vespiquen", "speciesId": "vespiquen", "gender": "F", "shiny": false, "level": 99, "moves": ["spikes", "roost", "hurricane", "toxicspikes"], "ability": "Pressure", "evs": {"hp": 85, "atk": 0, "def": 85, "spa": 85, "spd": 85, "spe": 85}, "ivs": {"hp": 31, "atk": 0, "def": 31, "spa": 31, "spd": 31, "spe": 31}, "item": "Heavy-Duty Boots", "teraType": "Steel", "role": "Bulky Support", "bvs": {"hp": 70, "atk": 80, "def": 102, "spa": 80, "spd": 102, "spe": 40}, "stats": {"hp": 299, "atk": 163, "def": 258, "spa": 214, "spd": 258, "spe": 135}, "types": ["Bug", "Flying"]}, "Orthworm": {"name": "Orthworm", "species": "Orthworm", "speciesId": "orthworm", "gender": "M", "shiny": false, "level": 88, "moves": ["spikes", "bodypress", "heavyslam", "shedtail"], "ability": "Earth Eater", "evs": {"hp": 85, "atk": 85, "def": 85, "spa": 85, "spd": 85, "spe": 85}, "ivs": {"hp": 31, "atk": 31, "def": 31, "spa": 31, "spd": 31, "spe": 31}, "item": "Leftovers", "teraType": "Poison", "role": "Bulky Attacker", "bvs": {"hp": 70, "atk": 85, "def": 145, "spa": 60, "spd": 55, "spe": 65}, "stats": {"hp": 266, "atk": 200, "def": 305, "spa": 156, "spd": 147, "spe": 165}, "types": ["Steel"]}, "Flygon": {"name": "Flygon", "species": "Flygon", "speciesId": "flygon", "gender": "F", "shiny": false, "level": 82, "moves": ["outrage", "earthquake", "stoneedge", "dragondance"], "ability": "Levitate", "evs": {"hp": 85, "atk": 85, "def": 85, "spa": 85, "spd": 85, "spe": 85}, "ivs": {"hp": 31, "atk": 31, "def": 31, "spa": 31, "spd": 31, "spe": 31}, "item": "Lum Berry", "teraType": "Rock", "role": "Fast Attacker", "bvs": {"hp": 80, "atk": 100, "def": 80, "spa": 80, "spd": 80, "spe": 100}, "stats": {"hp": 265, "atk": 211, "def": 178, "spa": 178, "spd": 178, "spe": 211}, "types": ["Ground", "Dragon"]}, "Hariyama": {"name": "Hariyama", "species": "Hariyama", "speciesId": "hariyama", "gender": "F", "shiny": false, "level": 87, "moves": ["facade", "closecombat", "bulletpunch", "knockoff"], "ability": "Guts", "evs": {"hp": 85, "atk": 85, "def": 85, "spa": 85, "spd": 85, "spe": 85}, "ivs": {"hp": 31, "atk": 31, "def": 31, "spa": 31, "spd": 31, "spe": 31}, "item": "Flame Orb", "teraType": "Normal", "role": "Wallbreaker", "bvs": {"hp": 144, "atk": 120, "def": 60, "spa": 40, "spd": 60, "spe": 50}, "stats": {"hp": 392, "atk": 259, "def": 154, "spa": 119, "spd": 154, "spe": 137}, "types": ["Fighting"]}}, {"Amoonguss": {"name": "Amoonguss", "species": "Amoonguss", "speciesId": "amoonguss", "gender": "F", "shiny": false, "level": 82, "moves": ["gigadrain", "clearsmog", "spore", "sludgebomb"], "ability": "Regenerator", "evs": {"hp": 85, "atk": 0, "def": 85, "spa": 85, "spd": 85, "spe": 85}, "ivs": {"hp": 31, "atk": 0, "def": 31, "spa": 31, "spd": 31, "spe": 31}, "item": "Leftovers", "teraType": "Water", "role": "Bulky Support", "bvs": {"hp": 114, "atk": 85, "def": 70, "spa": 85, "spd": 80, "spe": 30}, "stats": {"hp": 321, "atk": 144, "def": 162, "spa": 187, "spd": 178, "spe": 96}, "types": ["Grass", "Poison"]}, "Cinderace": {"name": "Cinderace", "species": "Cinderace", "speciesId": "cinderace", "gender": "M", "shiny": false, "level": 77, "moves": ["highjumpkick", "uturn", "gunkshot", "pyroball"], "ability": "Libero", "evs": {"hp": 81, "atk": 85, "def": 85, "spa": 85, "spd": 85, "spe": 85}, "ivs": {"hp": 31, "atk": 31, "def": 31, "spa": 31, "spd": 31, "spe": 31}, "item": "Choice Band", "teraType": "Fire", "role": "Wallbreaker", "bvs": {"hp": 80, "atk": 116, "def": 75, "spa": 65, "spd": 75, "spe": 119}, "stats": {"hp": 249, "atk": 223, "def": 160, "spa": 145, "spd": 160, "spe": 228}, "types": ["Fire"]}, "Hariyama": {"name": "Hariyama", "species": "Hariyama", "speciesId": "hariyama", "gender": "M", "shiny": false, "level": 87, "moves": ["facade", "closecombat", "bulletpunch", "knockoff"], "ability": "Guts", "evs": {"hp": 85, "atk": 85, "def": 85, "spa": 85, "spd": 85, "spe": 85}, "ivs": {"hp": 31, "atk": 31, "def": 31, "spa": 31, "spd": 31, "spe": 31}, "item": "Flame Orb", "teraType": "Normal", "role": "Wallbreaker", "bvs": {"hp": 144, "atk": 120, "def": 60, "spa": 40, "spd": 60, "spe": 50}, "stats": {"hp": 392, "atk": 259, "def": 154, "spa": 119, "spd": 154, "spe": 137}, "types": ["Fighting"]}, "Indeedee": {"name": "Indeedee", "species": "Indeedee-F", "speciesId": "indeedeef", "gender": "F", "shiny": false, "level": 90, "moves": ["dazzlinggleam", "hypervoice", "calmmind", "psychic"], "ability": "Psychic Surge", "evs": {"hp": 85, "atk": 0, "def": 85, "spa": 85, "spd": 85, "spe": 85}, "ivs": {"hp": 31, "atk": 0, "def": 31, "spa": 31, "spd": 31, "spe": 31}, "item": "Life Orb", "teraType": "Psychic", "role": "Fast Attacker", "bvs": {"hp": 70, "atk": 55, "def": 65, "spa": 95, "spd": 105, "spe": 85}, "stats": {"hp": 272, "atk": 104, "def": 168, "spa": 222, "spd": 240, "spe": 204}, "types": ["Psychic", "Normal"]}, "Donphan": {"name": "Donphan", "species": "Donphan", "speciesId": "donphan", "gender": "M", "shiny": false, "level": 84, "moves": ["earthquake", "icespinner", "iceshard", "rapidspin"], "ability": "Sturdy", "evs": {"hp": 85, "atk": 85, "def": 85, "spa": 85, "spd": 85, "spe": 85}, "ivs": {"hp": 31, "atk": 31, "def": 31, "spa": 31, "spd": 31, "spe": 31}, "item": "Assault Vest", "teraType": "Water", "role": "Bulky Support", "bvs": {"hp": 90, "atk": 120, "def": 120, "spa": 60, "spd": 60, "spe": 50}, "stats": {"hp": 288, "atk": 250, "def": 250, "spa": 149, "spd": 149, "spe": 132}, "types": ["Ground"]}, "Gogoat": {"name": "Gogoat", "species": "Gogoat", "speciesId": "gogoat", "gender": "M", "shiny": false, "level": 88, "moves": ["hornleech", "earthquake", "bulkup", "milkdrink"], "ability": "Sap Sipper", "evs": {"hp": 85, "atk": 85, "def": 85, "spa": 85, "spd": 85, "spe": 85}, "ivs": {"hp": 31, "atk": 31, "def": 31, "spa": 31, "spd": 31, "spe": 31}, "item": "Leftovers", "teraType": "Ground", "role": "Bulky Setup", "bvs": {"hp": 123, "atk": 100, "def": 62, "spa": 97, "spd": 81, "spe": 68}, "stats": {"hp": 360, "atk": 226, "def": 159, "spa": 221, "spd": 193, "spe": 170}, "types": ["Grass"]}}]}