{"id": "gen9randombattle-2631592036", "format": "[Gen 9] Random Battle", "players": ["Dollainthewoods", "who is to say"], "log": "|j|\u2606Dollainthewoods\n|j|\u2606who is to say\n|t:|1781405741\n|gametype|singles\n|player|p1|Dollainthewoods|101|2131\n|player|p2|who is to say|170|2232\n|gen|9\n|tier|[Gen 9] Random Battle\n|rated|\n|rule|Species Clause: Limit one of each Pok\u00e9mon\n|rule|HP Percentage Mod: HP is shown in percentages\n|rule|Sleep Clause Mod: Limit one foe put to sleep\n|rule|Illusion Level Mod: Illusion disguises the Pok\u00e9mon's true level\n|\n|t:|1781405741\n|teamsize|p1|6\n|teamsize|p2|6\n|start\n|switch|p1a: Oricorio|Oricorio-Pom-Pom, L82, F|257/257\n|switch|p2a: Sunflora|Sunflora, F|312/312\n|turn|1\n|inactive|Battle timer is ON: inactive players will automatically lose when time's up. (requested by Dollainthewoods)\n|\n|t:|1781405774\n|switch|p2a: Glimmora|Glimmora, L75, F|248/248\n|move|p1a: Oricorio|Quiver Dance|p1a: Oricorio\n|-boost|p1a: Oricorio|spa|1\n|-boost|p1a: Oricorio|spd|1\n|-boost|p1a: Oricorio|spe|1\n|\n|upkeep\n|turn|2\n|\n|t:|1781405782\n|move|p1a: Oricorio|Quiver Dance|p1a: Oricorio\n|-boost|p1a: Oricorio|spa|1\n|-boost|p1a: Oricorio|spd|1\n|-boost|p1a: Oricorio|spe|1\n|move|p2a: Glimmora|Meteor Beam||[still]\n|-prepare|p2a: Glimmora|Meteor Beam\n|-boost|p2a: Glimmora|spa|1\n|-enditem|p2a: Glimmora|Power Herb\n|-anim|p2a: Glimmora|Meteor Beam|p1a: Oricorio\n|-supereffective|p1a: Oricorio\n|-damage|p1a: Oricorio|11/257\n|\n|upkeep\n|turn|3\n|\n|t:|1781405792\n|move|p1a: Oricorio|Roost|p1a: Oricorio\n|-heal|p1a: Oricorio|140/257\n|-singleturn|p1a: Oricorio|move: Roost\n|move|p2a: Glimmora|Earth Power|p1a: Oricorio\n|-supereffective|p1a: Oricorio\n|-damage|p1a: Oricorio|14/257\n|\n|upkeep\n|turn|4\n|\n|t:|1781405799\n|move|p1a: Oricorio|Roost|p1a: Oricorio\n|-heal|p1a: Oricorio|143/257\n|-singleturn|p1a: Oricorio|move: Roost\n|move|p2a: Glimmora|Earth Power|p1a: Oricorio\n|-supereffective|p1a: Oricorio\n|-damage|p1a: Oricorio|13/257\n|\n|upkeep\n|turn|5\n|\n|t:|1781405806\n|move|p1a: Oricorio|Roost|p1a: Oricorio\n|-heal|p1a: Oricorio|142/257\n|-singleturn|p1a: Oricorio|move: Roost\n|move|p2a: Glimmora|Earth Power|p1a: Oricorio\n|-supereffective|p1a: Oricorio\n|-damage|p1a: Oricorio|24/257\n|\n|upkeep\n|turn|6\n|\n|t:|1781405818\n|move|p1a: Oricorio|Roost|p1a: Oricorio\n|-heal|p1a: Oricorio|153/257\n|-singleturn|p1a: Oricorio|move: Roost\n|move|p2a: Glimmora|Earth Power|p1a: Oricorio\n|-supereffective|p1a: Oricorio\n|-damage|p1a: Oricorio|29/257\n|\n|upkeep\n|turn|7\n|\n|t:|1781405823\n|move|p1a: Oricorio|Roost|p1a: Oricorio\n|-heal|p1a: Oricorio|158/257\n|-singleturn|p1a: Oricorio|move: Roost\n|move|p2a: Glimmora|Earth Power|p1a: Oricorio\n|-supereffective|p1a: Oricorio\n|-damage|p1a: Oricorio|30/257\n|\n|upkeep\n|turn|8\n|\n|t:|1781405828\n|move|p1a: Oricorio|Quiver Dance|p1a: Oricorio\n|-boost|p1a: Oricorio|spa|1\n|-boost|p1a: Oricorio|spd|1\n|-boost|p1a: Oricorio|spe|1\n|move|p2a: Glimmora|Earth Power|p1a: Oricorio\n|-immune|p1a: Oricorio\n|\n|upkeep\n|turn|9\n|\n|t:|1781405829\n|move|p1a: Oricorio|Roost|p1a: Oricorio\n|-heal|p1a: Oricorio|159/257\n|-singleturn|p1a: Oricorio|move: Roost\n|move|p2a: Glimmora|Earth Power|p1a: Oricorio\n|-supereffective|p1a: Oricorio\n|-damage|p1a: Oricorio|61/257\n|-unboost|p1a: Oricorio|spd|1\n|\n|upkeep\n|turn|10\n|\n|t:|1781405842\n|-terastallize|p1a: Oricorio|Ground\n|move|p1a: Oricorio|Quiver Dance|p1a: Oricorio\n|-boost|p1a: Oricorio|spa|1\n|-boost|p1a: Oricorio|spd|1\n|-boost|p1a: Oricorio|spe|1\n|move|p2a: Glimmora|Sludge Wave|p1a: Oricorio\n|-resisted|p1a: Oricorio\n|-damage|p1a: Oricorio|23/257\n|\n|upkeep\n|turn|11\n|\n|t:|1781405863\n|move|p1a: Oricorio|Roost|p1a: Oricorio\n|-heal|p1a: Oricorio|152/257\n|move|p2a: Glimmora|Energy Ball|p1a: Oricorio\n|-supereffective|p1a: Oricorio\n|-damage|p1a: Oricorio|58/257\n|\n|upkeep\n|turn|12\n|\n|t:|1781405869\n|move|p1a: Oricorio|Revelation Dance|p2a: Glimmora\n|-supereffective|p2a: Glimmora\n|-damage|p2a: Glimmora|0 fnt\n|faint|p2a: Glimmora\n|\n|upkeep\n|\n|t:|1781405872\n|switch|p2a: Wugtrio|Wugtrio, L91, M|212/212\n|turn|13\n|\n|t:|1781405878\n|switch|p1a: Palossand|Palossand, L89, M|296/296\n|move|p2a: Wugtrio|Aqua Jet|p1a: Palossand\n|-supereffective|p1a: Palossand\n|-damage|p1a: Palossand|176/296\n|-ability|p1a: Palossand|Water Compaction|boost\n|-boost|p1a: Palossand|def|2\n|\n|-heal|p1a: Palossand|194/296|[from] item: Leftovers\n|upkeep\n|turn|14\n|\n|t:|1781405881\n|switch|p2a: Sunflora|Sunflora, F|312/312\n|move|p1a: Palossand|Stealth Rock|p2a: Sunflora\n|-sidestart|p2: who is to say|move: Stealth Rock\n|\n|-heal|p1a: Palossand|212/296|[from] item: Leftovers\n|upkeep\n|turn|15\n|\n|t:|1781405885\n|switch|p1a: Zacian|Zacian-Crowned, L64|225/225\n|-ability|p1a: Zacian|Intrepid Sword|boost\n|-boost|p1a: Zacian|atk|1\n|move|p2a: Sunflora|Leaf Storm|p1a: Zacian\n|-resisted|p1a: Zacian\n|-damage|p1a: Zacian|70/225\n|-unboost|p2a: Sunflora|spa|2\n|\n|upkeep\n|turn|16\n|\n|t:|1781405892\n|move|p1a: Zacian|Play Rough|p2a: Sunflora\n|-damage|p2a: Sunflora|179/312\n|move|p2a: Sunflora|Leaf Storm|p1a: Zacian\n|-resisted|p1a: Zacian\n|-damage|p1a: Zacian|0 fnt\n|-unboost|p2a: Sunflora|spa|2\n|faint|p1a: Zacian\n|\n|upkeep\n|\n|t:|1781405903\n|switch|p1a: Oricorio|Oricorio-Pom-Pom, L82, F, tera:Ground|58/257\n|turn|17\n|\n|t:|1781405907\n|move|p1a: Oricorio|Hurricane|p2a: Sunflora|[miss]\n|-miss|p1a: Oricorio|p2a: Sunflora\n|move|p2a: Sunflora|Leaf Storm|p1a: Oricorio\n|-supereffective|p1a: Oricorio\n|-crit|p1a: Oricorio\n|-damage|p1a: Oricorio|0 fnt\n|-unboost|p2a: Sunflora|spa|2\n|faint|p1a: Oricorio\n|\n|upkeep\n|\n|t:|1781405918\n|switch|p1a: Whimsicott|Whimsicott, L84, M|238/238\n|turn|18\n|\n|t:|1781405921\n|switch|p2a: Gliscor|Gliscor, L76, F|239/239\n|-damage|p2a: Gliscor|210/239|[from] Stealth Rock\n|move|p1a: Whimsicott|Substitute|p1a: Whimsicott\n|-start|p1a: Whimsicott|Substitute\n|-damage|p1a: Whimsicott|179/238\n|\n|-heal|p1a: Whimsicott|193/238|[from] item: Leftovers\n|-status|p2a: Gliscor|tox|[from] item: Toxic Orb\n|upkeep\n|turn|19\n|\n|t:|1781405927\n|move|p1a: Whimsicott|Leech Seed|p2a: Gliscor\n|-start|p2a: Gliscor|move: Leech Seed\n|move|p2a: Gliscor|Earthquake|p1a: Whimsicott\n|-resisted|p1a: Whimsicott\n|-activate|p1a: Whimsicott|move: Substitute|[damage]\n|\n|-heal|p1a: Whimsicott|207/238|[from] item: Leftovers\n|-damage|p2a: Gliscor|181/239 tox|[from] Leech Seed|[of] p1a: Whimsicott\n|-heal|p1a: Whimsicott|236/238|[silent]\n|-heal|p2a: Gliscor|210/239 tox|[from] ability: Poison Heal\n|upkeep\n|turn|20\n|\n|t:|1781405931\n|move|p1a: Whimsicott|Encore|p2a: Gliscor\n|-start|p2a: Gliscor|Encore\n|move|p2a: Gliscor|Earthquake|p1a: Whimsicott\n|-resisted|p1a: Whimsicott\n|-end|p1a: Whimsicott|Substitute\n|\n|-heal|p1a: Whimsicott|238/238|[from] item: Leftovers\n|-damage|p2a: Gliscor|181/239 tox|[from] Leech Seed|[of] p1a: Whimsicott\n|-heal|p2a: Gliscor|210/239 tox|[from] ability: Poison Heal\n|upkeep\n|turn|21\n|\n|t:|1781405936\n|switch|p2a: Iron Leaves|Iron Leaves, L80|275/275\n|-damage|p2a: Iron Leaves|241/275|[from] Stealth Rock\n|move|p1a: Whimsicott|Substitute|p1a: Whimsicott\n|-start|p1a: Whimsicott|Substitute\n|-damage|p1a: Whimsicott|179/238\n|\n|-heal|p1a: Whimsicott|193/238|[from] item: Leftovers\n|upkeep\n|turn|22\n|\n|t:|1781405939\n|move|p1a: Whimsicott|Moonblast|p2a: Iron Leaves\n|-damage|p2a: Iron Leaves|168/275\n|move|p2a: Iron Leaves|Psyblade|p1a: Whimsicott\n|-end|p1a: Whimsicott|Substitute\n|-damage|p2a: Iron Leaves|141/275|[from] item: Life Orb\n|\n|-heal|p1a: Whimsicott|207/238|[from] item: Leftovers\n|upkeep\n|turn|23\n|\n|t:|1781405944\n|switch|p1a: Illumise|Illumise, L91, F|266/266\n|move|p2a: Iron Leaves|Psyblade|p1a: Illumise\n|-damage|p1a: Illumise|124/266\n|-damage|p2a: Iron Leaves|114/275|[from] item: Life Orb\n|\n|upkeep\n|turn|24\n|\n|t:|1781405950\n|-end|p2a: Iron Leaves|Quark Drive|[silent]\n|switch|p2a: Gliscor|Gliscor, L76, F|210/239 tox\n|-damage|p2a: Gliscor|181/239 tox|[from] Stealth Rock\n|move|p1a: Illumise|Roost|p1a: Illumise\n|-heal|p1a: Illumise|257/266\n|-singleturn|p1a: Illumise|move: Roost\n|\n|-heal|p2a: Gliscor|210/239 tox|[from] ability: Poison Heal\n|upkeep\n|turn|25\n|\n|t:|1781405955\n|switch|p1a: Urshifu|Urshifu-Rapid-Strike, L75, M|274/274\n|move|p2a: Gliscor|Toxic|p1a: Urshifu\n|-status|p1a: Urshifu|tox\n|\n|-damage|p1a: Urshifu|257/274 tox|[from] psn\n|-heal|p2a: Gliscor|239/239 tox|[from] ability: Poison Heal\n|upkeep\n|turn|26\n|\n|t:|1781405967\n|switch|p1a: Whimsicott|Whimsicott, L84, M|207/238\n|-terastallize|p2a: Gliscor|Water\n|move|p2a: Gliscor|Earthquake|p1a: Whimsicott\n|-resisted|p1a: Whimsicott\n|-damage|p1a: Whimsicott|166/238\n|\n|-heal|p1a: Whimsicott|180/238|[from] item: Leftovers\n|upkeep\n|turn|27\n|\n|t:|1781405977\n|switch|p2a: Dunsparce|Dunsparce, L86, M|312/312\n|-damage|p2a: Dunsparce|273/312|[from] Stealth Rock\n|move|p1a: Whimsicott|Substitute|p1a: Whimsicott\n|-start|p1a: Whimsicott|Substitute\n|-damage|p1a: Whimsicott|121/238\n|\n|-heal|p1a: Whimsicott|135/238|[from] item: Leftovers\n|upkeep\n|turn|28\n|\n|t:|1781405981\n|move|p1a: Whimsicott|Leech Seed|p2a: Dunsparce\n|-start|p2a: Dunsparce|move: Leech Seed\n|move|p2a: Dunsparce|Body Slam|p1a: Whimsicott\n|-crit|p1a: Whimsicott\n|-end|p1a: Whimsicott|Substitute\n|\n|-heal|p1a: Whimsicott|149/238|[from] item: Leftovers\n|-damage|p2a: Dunsparce|234/312|[from] Leech Seed|[of] p1a: Whimsicott\n|-heal|p1a: Whimsicott|188/238|[silent]\n|upkeep\n|turn|29\n|\n|t:|1781405986\n|switch|p2a: Sunflora|Sunflora, F|179/312\n|-damage|p2a: Sunflora|140/312|[from] Stealth Rock\n|move|p1a: Whimsicott|Substitute|p1a: Whimsicott\n|-start|p1a: Whimsicott|Substitute\n|-damage|p1a: Whimsicott|129/238\n|\n|-heal|p1a: Whimsicott|143/238|[from] item: Leftovers\n|upkeep\n|turn|30\n|\n|t:|1781405989\n|move|p1a: Whimsicott|Moonblast|p2a: Sunflora\n|-damage|p2a: Sunflora|68/312\n|move|p2a: Sunflora|Sludge Bomb|p1a: Whimsicott\n|-supereffective|p1a: Whimsicott\n|-end|p1a: Whimsicott|Substitute\n|\n|-heal|p1a: Whimsicott|157/238|[from] item: Leftovers\n|upkeep\n|turn|31\n|\n|t:|1781405993\n|move|p1a: Whimsicott|Moonblast|p2a: Sunflora\n|-damage|p2a: Sunflora|0 fnt\n|faint|p2a: Sunflora\n|\n|-heal|p1a: Whimsicott|171/238|[from] item: Leftovers\n|upkeep\n|\n|t:|1781405997\n|switch|p2a: Dunsparce|Dunsparce, L86, M|234/312\n|-damage|p2a: Dunsparce|195/312|[from] Stealth Rock\n|turn|32\n|\n|t:|1781406000\n|switch|p1a: Palossand|Palossand, L89, M|212/296\n|move|p2a: Dunsparce|Body Slam|p1a: Palossand\n|-immune|p1a: Palossand\n|\n|-heal|p1a: Palossand|230/296|[from] item: Leftovers\n|upkeep\n|turn|33\n|\n|t:|1781406005\n|switch|p2a: Gliscor|Gliscor, L76, F, tera:Water|239/239 tox\n|-damage|p2a: Gliscor|210/239 tox|[from] Stealth Rock\n|move|p1a: Palossand|Earth Power|p2a: Gliscor\n|-damage|p2a: Gliscor|65/239 tox\n|\n|-heal|p1a: Palossand|248/296|[from] item: Leftovers\n|-heal|p2a: Gliscor|94/239 tox|[from] ability: Poison Heal\n|upkeep\n|turn|34\n|\n|t:|1781406010\n|move|p2a: Gliscor|Protect|p2a: Gliscor\n|-singleturn|p2a: Gliscor|Protect\n|move|p1a: Palossand|Earth Power|p2a: Gliscor\n|-activate|p2a: Gliscor|move: Protect\n|\n|-heal|p1a: Palossand|266/296|[from] item: Leftovers\n|-heal|p2a: Gliscor|123/239 tox|[from] ability: Poison Heal\n|upkeep\n|turn|35\n|\n|t:|1781406014\n|switch|p2a: Iron Leaves|Iron Leaves, L80|114/275\n|-damage|p2a: Iron Leaves|80/275|[from] Stealth Rock\n|move|p1a: Palossand|Earth Power|p2a: Iron Leaves\n|-resisted|p2a: Iron Leaves\n|-damage|p2a: Iron Leaves|29/275\n|\n|-heal|p1a: Palossand|284/296|[from] item: Leftovers\n|upkeep\n|turn|36\n|\n|t:|1781406018\n|switch|p1a: Illumise|Illumise, L91, F|257/266\n|move|p2a: Iron Leaves|Psyblade|p1a: Illumise\n|-damage|p1a: Illumise|123/266\n|-damage|p2a: Iron Leaves|2/275|[from] item: Life Orb\n|\n|upkeep\n|turn|37\n|\n|t:|1781406021\n|move|p1a: Illumise|Roost|p1a: Illumise\n|-heal|p1a: Illumise|256/266\n|-singleturn|p1a: Illumise|move: Roost\n|move|p2a: Iron Leaves|Psyblade|p1a: Illumise\n|-damage|p1a: Illumise|118/266\n|-damage|p2a: Iron Leaves|0 fnt|[from] item: Life Orb\n|faint|p2a: Iron Leaves\n|-end|p2a: Iron Leaves|Quark Drive|[silent]\n|\n|upkeep\n|\n|t:|1781406028\n|switch|p2a: Gliscor|Gliscor, L76, F, tera:Water|123/239 tox\n|-damage|p2a: Gliscor|94/239 tox|[from] Stealth Rock\n|turn|38\n|\n|t:|1781406046\n|switch|p1a: Urshifu|Urshifu-Rapid-Strike, L75, M|257/274 tox\n|move|p2a: Gliscor|Earthquake|p1a: Urshifu\n|-damage|p1a: Urshifu|164/274 tox\n|\n|-damage|p1a: Urshifu|147/274 tox|[from] psn\n|-heal|p2a: Gliscor|123/239 tox|[from] ability: Poison Heal\n|upkeep\n|turn|39\n|-message|who is to say forfeited.\n|\n|win|Dollainthewoods\n|raw|Dollainthewoods's rating: 2131 &rarr; <strong>2157</strong><br />(+26 for winning)\n|raw|who is to say's rating: 2232 &rarr; <strong>2206</strong><br />(-26 for losing)\n", "inputlog": ">version a8376a258c1d4662feba110a92103f3664a72141\n>start {\"formatid\":\"gen9randombattle\",\"seed\":\"sodium,9ea03678916975ff5ca5ab3f64d924cb\",\"rated\":\"Rated battle\"}\n>player p1 {\"name\":\"Dollainthewoods\",\"avatar\":\"101\",\"rating\":2131,\"seed\":\"sodium,baa14c86dd5675d4a7b1f601a6ae38ea\"}\n>player p2 {\"name\":\"who is to say\",\"avatar\":\"170\",\"rating\":2232,\"seed\":\"sodium,67048be2da2ae8f709cb89f99b1f7ce0\"}\n>p1 move quiverdance\n>p2 switch 4\n>p1 move quiverdance\n>p2 move meteorbeam\n>p1 move roost\n>p2 move earthpower\n>p1 move roost\n>p2 move earthpower\n>p1 move roost\n>p2 move earthpower\n>p1 move roost\n>p2 move earthpower\n>p1 move roost\n>p2 move earthpower\n>p1 move quiverdance\n>p2 move earthpower\n>p1 move roost\n>p2 move earthpower\n>p1 move quiverdance terastallize\n>p2 move sludgewave\n>p1 move roost\n>p2 move energyball\n>p1 move revelationdance\n>p2 move energyball\n>p2 switch 5\n>p1 switch 2\n>p2 move aquajet\n>p1 move stealthrock\n>p2 switch 4\n>p1 switch 5\n>p2 move leafstorm\n>p1 move playrough\n>p2 move leafstorm\n>p1 switch 2\n>p1 move hurricane\n>p2 move leafstorm\n>p1 switch 3\n>p1 move substitute\n>p2 switch 2\n>p1 move leechseed\n>p2 move earthquake\n>p1 move encore\n>p2 move earthquake\n>p1 move substitute\n>p2 switch 6\n>p1 move moonblast\n>p2 move psyblade\n>p1 switch 4\n>p2 move psyblade\n>p1 move roost\n>p2 switch 6\n>p1 switch 6\n>p2 move toxic\n>p1 switch 4\n>p2 move earthquake terastallize\n>p1 move substitute\n>p2 switch 3\n>p1 move leechseed\n>p2 move bodyslam\n>p1 move substitute\n>p2 switch 2\n>p1 move moonblast\n>p2 move sludgebomb\n>p1 move moonblast\n>p2 move sludgebomb\n>p2 switch 2\n>p1 switch 5\n>p2 move bodyslam\n>p1 move earthpower\n>p2 switch 3\n>p1 move earthpower\n>p2 move protect\n>p1 move earthpower\n>p2 switch 6\n>p1 switch 6\n>p2 move psyblade\n>p1 move roost\n>p2 move psyblade\n>p2 switch 6\n>p1 switch 4\n>p2 move earthquake\n>forcelose p2", "uploadtime": 1781405743, "views": 11, "formatid": "gen9randombattle", "rating": 2157, "private": 0, "password": null, "player_dets": [{"name": "Dollainthewoods", "avatar": "101", "rating": 2131, "seed": "sodium,baa14c86dd5675d4a7b1f601a6ae38ea"}, {"name": "who is to say", "avatar": "170", "rating": 2232, "seed": "sodium,67048be2da2ae8f709cb89f99b1f7ce0"}], "teams_full": [{"Oricorio": {"name": "Oricorio", "species": "Oricorio-Pom-Pom", "speciesId": "oricoriopompom", "gender": "F", "shiny": false, "level": 82, "moves": ["hurricane", "revelationdance", "quiverdance", "roost"], "ability": "Dancer", "evs": {"hp": 85, "atk": 0, "def": 85, "spa": 85, "spd": 85, "spe": 85}, "ivs": {"hp": 31, "atk": 0, "def": 31, "spa": 31, "spd": 31, "spe": 31}, "item": "Heavy-Duty Boots", "teraType": "Ground", "role": "Setup Sweeper", "bvs": {"hp": 75, "atk": 70, "def": 70, "spa": 98, "spd": 70, "spe": 93}, "stats": {"hp": 257, "atk": 119, "def": 162, "spa": 208, "spd": 162, "spe": 200}, "types": ["Electric", "Flying"]}, "Palossand": {"name": "Palossand", "species": "Palossand", "speciesId": "palossand", "gender": "M", "shiny": false, "level": 89, "moves": ["shadowball", "shoreup", "earthpower", "stealthrock"], "ability": "Water Compaction", "evs": {"hp": 85, "atk": 0, "def": 85, "spa": 85, "spd": 85, "spe": 85}, "ivs": {"hp": 31, "atk": 0, "def": 31, "spa": 31, "spd": 31, "spe": 31}, "item": "Leftovers", "teraType": "Water", "role": "Bulky Support", "bvs": {"hp": 85, "atk": 75, "def": 110, "spa": 100, "spd": 75, "spe": 35}, "stats": {"hp": 296, "atk": 138, "def": 247, "spa": 229, "spd": 184, "spe": 113}, "types": ["Ghost", "Ground"]}, "Whimsicott": {"name": "Whimsicott", "species": "Whimsicott", "speciesId": "whimsicott", "gender": "M", "shiny": false, "level": 84, "moves": ["leechseed", "substitute", "encore", "moonblast"], "ability": "Prankster", "evs": {"hp": 85, "atk": 0, "def": 85, "spa": 85, "spd": 85, "spe": 85}, "ivs": {"hp": 31, "atk": 0, "def": 31, "spa": 31, "spd": 31, "spe": 31}, "item": "Leftovers", "teraType": "Steel", "role": "Bulky Support", "bvs": {"hp": 60, "atk": 67, "def": 85, "spa": 77, "spd": 75, "spe": 116}, "stats": {"hp": 238, "atk": 117, "def": 191, "spa": 178, "spd": 174, "spe": 243}, "types": ["Grass", "Fairy"]}, "Illumise": {"name": "Illumise", "species": "Illumise", "speciesId": "illumise", "gender": "F", "shiny": false, "level": 91, "moves": ["bugbuzz", "encore", "roost", "thunderwave"], "ability": "Prankster", "evs": {"hp": 85, "atk": 0, "def": 85, "spa": 85, "spd": 85, "spe": 85}, "ivs": {"hp": 31, "atk": 0, "def": 31, "spa": 31, "spd": 31, "spe": 31}, "item": "Heavy-Duty Boots", "teraType": "Steel", "role": "Bulky Support", "bvs": {"hp": 65, "atk": 47, "def": 75, "spa": 73, "spd": 85, "spe": 85}, "stats": {"hp": 266, "atk": 90, "def": 188, "spa": 185, "spd": 207, "spe": 207}, "types": ["Bug"]}, "Zacian": {"name": "Zacian", "species": "Zacian", "speciesId": "zaciancrowned", "gender": "N", "shiny": false, "level": 64, "moves": ["swordsdance", "playrough", "closecombat", "behemothblade"], "ability": "Intrepid Sword", "evs": {"hp": 85, "atk": 85, "def": 85, "spa": 85, "spd": 85, "spe": 85}, "ivs": {"hp": 31, "atk": 31, "def": 31, "spa": 31, "spd": 31, "spe": 31}, "item": "Rusted Sword", "teraType": "Fighting", "role": "Setup Sweeper", "bvs": {"hp": 92, "atk": 120, "def": 115, "spa": 80, "spd": 115, "spe": 138}, "stats": {"hp": 225, "atk": 191, "def": 185, "spa": 140, "spd": 185, "spe": 214}, "types": ["Fairy"]}, "Urshifu": {"name": "Urshifu", "species": "Urshifu-Rapid-Strike", "speciesId": "urshifurapidstrike", "gender": "M", "shiny": false, "level": 75, "moves": ["surgingstrikes", "closecombat", "aquajet", "uturn"], "ability": "Unseen Fist", "evs": {"hp": 85, "atk": 85, "def": 85, "spa": 85, "spd": 85, "spe": 85}, "ivs": {"hp": 31, "atk": 31, "def": 31, "spa": 31, "spd": 31, "spe": 31}, "item": "Choice Band", "teraType": "Water", "role": "Fast Attacker", "bvs": {"hp": 100, "atk": 130, "def": 100, "spa": 63, "spd": 60, "spe": 97}, "stats": {"hp": 274, "atk": 239, "def": 194, "spa": 138, "spd": 134, "spe": 189}, "types": ["Fighting", "Water"]}}, {"Sunflora": {"name": "Sunflora", "species": "Sunflora", "speciesId": "sunflora", "gender": "F", "shiny": false, "level": 100, "moves": ["dazzlinggleam", "earthpower", "leafstorm", "sludgebomb"], "ability": "Chlorophyll", "evs": {"hp": 85, "atk": 0, "def": 85, "spa": 85, "spd": 85, "spe": 85}, "ivs": {"hp": 31, "atk": 0, "def": 31, "spa": 31, "spd": 31, "spe": 31}, "item": "Choice Specs", "teraType": "Ground", "role": "Wallbreaker", "bvs": {"hp": 75, "atk": 75, "def": 55, "spa": 105, "spd": 85, "spe": 30}, "stats": {"hp": 312, "atk": 155, "def": 167, "spa": 267, "spd": 227, "spe": 117}, "types": ["Grass"]}, "Gliscor": {"name": "Gliscor", "species": "Gliscor", "speciesId": "gliscor", "gender": "F", "shiny": false, "level": 76, "moves": ["protect", "knockoff", "toxic", "earthquake"], "ability": "Poison Heal", "evs": {"hp": 85, "atk": 85, "def": 85, "spa": 85, "spd": 85, "spe": 85}, "ivs": {"hp": 31, "atk": 31, "def": 31, "spa": 31, "spd": 31, "spe": 31}, "item": "Toxic Orb", "teraType": "Water", "role": "Bulky Support", "bvs": {"hp": 75, "atk": 95, "def": 125, "spa": 45, "spd": 75, "spe": 95}, "stats": {"hp": 239, "atk": 188, "def": 234, "spa": 112, "spd": 158, "spe": 188}, "types": ["Ground", "Flying"]}, "Dunsparce": {"name": "Dunsparce", "species": "Dunsparce", "speciesId": "dunsparce", "gender": "M", "shiny": false, "level": 86, "moves": ["bodyslam", "roost", "earthquake", "coil"], "ability": "Serene Grace", "evs": {"hp": 85, "atk": 85, "def": 85, "spa": 85, "spd": 85, "spe": 85}, "ivs": {"hp": 31, "atk": 31, "def": 31, "spa": 31, "spd": 31, "spe": 31}, "item": "Eviolite", "teraType": "Ghost", "role": "Bulky Setup", "bvs": {"hp": 100, "atk": 70, "def": 70, "spa": 65, "spd": 65, "spe": 45}, "stats": {"hp": 312, "atk": 170, "def": 170, "spa": 161, "spd": 161, "spe": 127}, "types": ["Normal"]}, "Glimmora": {"name": "Glimmora", "species": "Glimmora", "speciesId": "glimmora", "gender": "F", "shiny": false, "level": 75, "moves": ["meteorbeam", "sludgewave", "energyball", "earthpower"], "ability": "Toxic Debris", "evs": {"hp": 85, "atk": 0, "def": 85, "spa": 85, "spd": 85, "spe": 85}, "ivs": {"hp": 31, "atk": 0, "def": 31, "spa": 31, "spd": 31, "spe": 31}, "item": "Power Herb", "teraType": "Grass", "role": "Setup Sweeper", "bvs": {"hp": 83, "atk": 55, "def": 90, "spa": 130, "spd": 81, "spe": 86}, "stats": {"hp": 248, "atk": 87, "def": 179, "spa": 239, "spd": 165, "spe": 173}, "types": ["Rock", "Poison"]}, "Wugtrio": {"name": "Wugtrio", "species": "Wugtrio", "speciesId": "wugtrio", "gender": "M", "shiny": false, "level": 91, "moves": ["throatchop", "aquajet", "liquidation", "stompingtantrum"], "ability": "Gooey", "evs": {"hp": 85, "atk": 85, "def": 85, "spa": 85, "spd": 85, "spe": 85}, "ivs": {"hp": 31, "atk": 31, "def": 31, "spa": 31, "spd": 31, "spe": 31}, "item": "Choice Band", "teraType": "Dark", "role": "Fast Attacker", "bvs": {"hp": 35, "atk": 100, "def": 50, "spa": 50, "spd": 70, "spe": 120}, "stats": {"hp": 212, "atk": 234, "def": 143, "spa": 143, "spd": 179, "spe": 270}, "types": ["Water"]}, "Iron Leaves": {"name": "Iron Leaves", "species": "Iron Leaves", "speciesId": "ironleaves", "gender": "N", "shiny": false, "level": 80, "moves": ["leafblade", "swordsdance", "closecombat", "psyblade"], "ability": "Quark Drive", "evs": {"hp": 85, "atk": 85, "def": 85, "spa": 85, "spd": 85, "spe": 85}, "ivs": {"hp": 31, "atk": 31, "def": 31, "spa": 31, "spd": 31, "spe": 31}, "item": "Life Orb", "teraType": "Fighting", "role": "Wallbreaker", "bvs": {"hp": 90, "atk": 130, "def": 88, "spa": 70, "spd": 108, "spe": 104}, "stats": {"hp": 275, "atk": 254, "def": 187, "spa": 158, "spd": 219, "spe": 213}, "types": ["Grass", "Psychic"]}}]}