{"id": "gen9randombattle-2631573877", "format": "[Gen 9] Random Battle", "players": ["YOYILANG2", "schleeby"], "log": "|j|\u2606YOYILANG2\n|j|\u2606schleeby\n|t:|1781403244\n|gametype|singles\n|player|p1|YOYILANG2|2|1947\n|player|p2|schleeby|rosa|2034\n|gen|9\n|tier|[Gen 9] Random Battle\n|rated|\n|rule|Species Clause: Limit one of each Pok\u00e9mon\n|rule|HP Percentage Mod: HP is shown in percentages\n|rule|Sleep Clause Mod: Limit one foe put to sleep\n|rule|Illusion Level Mod: Illusion disguises the Pok\u00e9mon's true level\n|\n|t:|1781403244\n|teamsize|p1|6\n|teamsize|p2|6\n|start\n|switch|p1a: Iron Leaves|Iron Leaves, L80|275/275\n|switch|p2a: Sandslash|Sandslash, L89, M|278/278\n|turn|1\n|inactive|Battle timer is ON: inactive players will automatically lose when time's up. (requested by YOYILANG2)\n|\n|t:|1781403261\n|switch|p2a: Metagross|Metagross, L79|256/256\n|move|p1a: Iron Leaves|Leaf Blade|p2a: Metagross\n|-resisted|p2a: Metagross\n|-damage|p2a: Metagross|192/256\n|\n|upkeep\n|turn|2\n|\n|t:|1781403265\n|-end|p1a: Iron Leaves|Quark Drive|[silent]\n|switch|p1a: Camerupt|Camerupt, L91, M|275/275\n|move|p2a: Metagross|Knock Off|p1a: Camerupt\n|-damage|p1a: Camerupt|147/275\n|-enditem|p1a: Camerupt|Leftovers|[from] move: Knock Off|[of] p2a: Metagross\n|\n|upkeep\n|turn|3\n|\n|t:|1781403273\n|switch|p2a: Samurott|Samurott, L88, F|310/310\n|move|p1a: Camerupt|Stealth Rock|p2a: Samurott\n|-sidestart|p2: schleeby|move: Stealth Rock\n|\n|upkeep\n|turn|4\n|\n|t:|1781403279\n|switch|p1a: Shaymin|Shaymin-Sky, L73|266/266\n|move|p2a: Samurott|Liquidation|p1a: Shaymin\n|-resisted|p1a: Shaymin\n|-damage|p1a: Shaymin|187/266\n|-damage|p2a: Samurott|279/310|[from] item: Life Orb\n|\n|upkeep\n|turn|5\n|\n|t:|1781403288\n|move|p1a: Shaymin|Earth Power|p2a: Samurott\n|-damage|p2a: Samurott|189/310\n|move|p2a: Samurott|Knock Off|p1a: Shaymin\n|-damage|p1a: Shaymin|62/266\n|-enditem|p1a: Shaymin|Choice Specs|[from] move: Knock Off|[of] p2a: Samurott\n|-damage|p2a: Samurott|158/310|[from] item: Life Orb\n|\n|upkeep\n|turn|6\n|\n|t:|1781403302\n|switch|p2a: Metagross|Metagross, L79|192/256\n|-damage|p2a: Metagross|176/256|[from] Stealth Rock\n|move|p1a: Shaymin|Earth Power|p2a: Metagross\n|-supereffective|p2a: Metagross\n|-damage|p2a: Metagross|48/256\n|\n|upkeep\n|turn|7\n|\n|t:|1781403305\n|switch|p1a: Camerupt|Camerupt, L91, M|147/275\n|move|p2a: Metagross|Knock Off|p1a: Camerupt\n|-damage|p1a: Camerupt|64/275\n|\n|upkeep\n|turn|8\n|\n|t:|1781403316\n|move|p2a: Metagross|Knock Off|p1a: Camerupt\n|-crit|p1a: Camerupt\n|-damage|p1a: Camerupt|0 fnt\n|faint|p1a: Camerupt\n|\n|upkeep\n|\n|t:|1781403322\n|switch|p1a: Shaymin|Shaymin-Sky, L73|62/266\n|turn|9\n|\n|t:|1781403325\n|move|p1a: Shaymin|Earth Power|p2a: Metagross\n|-supereffective|p2a: Metagross\n|-damage|p2a: Metagross|0 fnt\n|faint|p2a: Metagross\n|\n|upkeep\n|\n|t:|1781403331\n|switch|p2a: Sandslash|Sandslash, L89, M|278/278\n|-damage|p2a: Sandslash|261/278|[from] Stealth Rock\n|turn|10\n|\n|t:|1781403339\n|move|p1a: Shaymin|Seed Flare|p2a: Sandslash|[miss]\n|-miss|p1a: Shaymin|p2a: Sandslash\n|move|p2a: Sandslash|Rapid Spin|p1a: Shaymin\n|-damage|p1a: Shaymin|9/266\n|-boost|p2a: Sandslash|spe|1\n|-sideend|p2: schleeby|Stealth Rock|[from] move: Rapid Spin|[of] p2a: Sandslash\n|\n|upkeep\n|turn|11\n|\n|t:|1781403344\n|move|p2a: Sandslash|Rapid Spin|p1a: Shaymin\n|-damage|p1a: Shaymin|0 fnt\n|-boost|p2a: Sandslash|spe|1\n|faint|p1a: Shaymin\n|\n|upkeep\n|\n|t:|1781403349\n|switch|p1a: Iron Leaves|Iron Leaves, L80|275/275\n|turn|12\n|\n|t:|1781403351\n|move|p2a: Sandslash|Knock Off|p1a: Iron Leaves\n|-supereffective|p1a: Iron Leaves\n|-damage|p1a: Iron Leaves|123/275\n|-enditem|p1a: Iron Leaves|Choice Band|[from] move: Knock Off|[of] p2a: Sandslash\n|move|p1a: Iron Leaves|Leaf Blade|p2a: Sandslash\n|-supereffective|p2a: Sandslash\n|-damage|p2a: Sandslash|85/278\n|\n|upkeep\n|turn|13\n|\n|t:|1781403355\n|move|p2a: Sandslash|Knock Off|p1a: Iron Leaves\n|-supereffective|p1a: Iron Leaves\n|-damage|p1a: Iron Leaves|5/275\n|move|p1a: Iron Leaves|Leaf Blade|p2a: Sandslash\n|-supereffective|p2a: Sandslash\n|-damage|p2a: Sandslash|0 fnt\n|faint|p2a: Sandslash\n|\n|upkeep\n|\n|t:|1781403361\n|switch|p2a: Samurott|Samurott, L88, F|158/310\n|turn|14\n|\n|t:|1781403363\n|move|p2a: Samurott|Aqua Jet|p1a: Iron Leaves\n|-resisted|p1a: Iron Leaves\n|-damage|p1a: Iron Leaves|0 fnt\n|faint|p1a: Iron Leaves\n|-end|p1a: Iron Leaves|Quark Drive|[silent]\n|-damage|p2a: Samurott|127/310|[from] item: Life Orb\n|\n|upkeep\n|\n|t:|1781403370\n|switch|p1a: Kricketune|Kricketune, L99, F|312/312\n|turn|15\n|\n|t:|1781403375\n|move|p1a: Kricketune|Sticky Web|p2a: Samurott\n|-sidestart|p2: schleeby|move: Sticky Web\n|move|p2a: Samurott|Liquidation|p1a: Kricketune\n|-damage|p1a: Kricketune|147/312\n|-damage|p2a: Samurott|96/310|[from] item: Life Orb\n|\n|upkeep\n|turn|16\n|\n|t:|1781403378\n|move|p1a: Kricketune|Pounce|p2a: Samurott\n|-damage|p2a: Samurott|3/310\n|-unboost|p2a: Samurott|spe|1\n|move|p2a: Samurott|Liquidation|p1a: Kricketune\n|-damage|p1a: Kricketune|0 fnt\n|faint|p1a: Kricketune\n|-damage|p2a: Samurott|0 fnt|[from] item: Life Orb\n|faint|p2a: Samurott\n|\n|upkeep\n|\n|t:|1781403384\n|switch|p1a: Reshiram|Reshiram, L76|277/277\n|switch|p2a: Arceus|Arceus-Bug, L73|295/295\n|-activate|p2a: Arceus|move: Sticky Web\n|-unboost|p2a: Arceus|spe|1\n|-ability|p1a: Reshiram|Turboblaze\n|turn|17\n|\n|t:|1781403392\n|move|p1a: Reshiram|Blue Flare|p2a: Arceus|[miss]\n|-miss|p1a: Reshiram|p2a: Arceus\n|move|p2a: Arceus|Calm Mind|p2a: Arceus\n|-boost|p2a: Arceus|spa|1\n|-boost|p2a: Arceus|spd|1\n|\n|upkeep\n|turn|18\n|\n|t:|1781403395\n|move|p1a: Reshiram|Blue Flare|p2a: Arceus\n|-supereffective|p2a: Arceus\n|-damage|p2a: Arceus|113/295\n|move|p2a: Arceus|Judgment|p1a: Reshiram\n|-resisted|p1a: Reshiram\n|-damage|p1a: Reshiram|197/277\n|\n|upkeep\n|turn|19\n|\n|t:|1781403398\n|move|p1a: Reshiram|Blue Flare|p2a: Arceus\n|-supereffective|p2a: Arceus\n|-damage|p2a: Arceus|0 fnt\n|faint|p2a: Arceus\n|\n|upkeep\n|\n|t:|1781403400\n|switch|p2a: Salamence|Salamence, L77, F|273/273\n|turn|20\n|\n|t:|1781403412\n|-terastallize|p1a: Reshiram|Fire\n|move|p2a: Salamence|Earthquake|p1a: Reshiram\n|-supereffective|p1a: Reshiram\n|-damage|p1a: Reshiram|51/277\n|move|p1a: Reshiram|Will-O-Wisp|p2a: Salamence\n|-status|p2a: Salamence|brn\n|\n|-damage|p2a: Salamence|256/273 brn|[from] brn\n|upkeep\n|turn|21\n|\n|t:|1781403418\n|switch|p1a: Porygon-Z|Porygon-Z, L83|277/277\n|-ability|p1a: Porygon-Z|Download|boost\n|-boost|p1a: Porygon-Z|spa|1\n|move|p2a: Salamence|Earthquake|p1a: Porygon-Z\n|-damage|p1a: Porygon-Z|234/277\n|\n|-damage|p2a: Salamence|239/273 brn|[from] brn\n|upkeep\n|turn|22\n|\n|t:|1781403422\n|move|p1a: Porygon-Z|Tri Attack|p2a: Salamence\n|-damage|p2a: Salamence|43/273 brn\n|move|p2a: Salamence|Outrage|p1a: Porygon-Z\n|-damage|p1a: Porygon-Z|158/277\n|\n|-damage|p2a: Salamence|26/273 brn|[from] brn\n|upkeep\n|turn|23\n|\n|t:|1781403425\n|move|p1a: Porygon-Z|Tri Attack|p2a: Salamence\n|-damage|p2a: Salamence|0 fnt\n|faint|p2a: Salamence\n|\n|upkeep\n|\n|t:|1781403426\n|switch|p2a: Rillaboom|Rillaboom, L79, F|288/288\n|-activate|p2a: Rillaboom|move: Sticky Web\n|-unboost|p2a: Rillaboom|spe|1\n|-fieldstart|move: Grassy Terrain|[from] ability: Grassy Surge|[of] p2a: Rillaboom\n|turn|24\n|\n|t:|1781403428\n|-terastallize|p2a: Rillaboom|Grass\n|move|p2a: Rillaboom|Grassy Glide|p1a: Porygon-Z\n|-crit|p1a: Porygon-Z\n|-damage|p1a: Porygon-Z|0 fnt\n|faint|p1a: Porygon-Z\n|\n|upkeep\n|\n|t:|1781403433\n|switch|p1a: Reshiram|Reshiram, L76, tera:Fire|51/277\n|-ability|p1a: Reshiram|Turboblaze\n|turn|25\n|\n|t:|1781403436\n|move|p2a: Rillaboom|Grassy Glide|p1a: Reshiram\n|-resisted|p1a: Reshiram\n|-damage|p1a: Reshiram|0 fnt\n|faint|p1a: Reshiram\n|\n|win|schleeby\n", "inputlog": ">version a8376a258c1d4662feba110a92103f3664a72141\n>start {\"formatid\":\"gen9randombattle\",\"seed\":\"sodium,f8b96cad457f90c49a1c270ba010eabe\",\"rated\":\"Rated battle\"}\n>player p1 {\"name\":\"YOYILANG2\",\"avatar\":\"2\",\"rating\":1947,\"seed\":\"sodium,8f096a02907c1a7c5e6f39383fea63ee\"}\n>player p2 {\"name\":\"schleeby\",\"avatar\":\"rosa\",\"rating\":2034,\"seed\":\"sodium,e7dbca06a29755cc22107ac8f4f646a9\"}\n>p1 move leafblade\n>p2 switch 2\n>p1 switch 6\n>p2 move knockoff\n>p1 move stealthrock\n>p2 switch 5\n>p1 switch 2\n>p2 move liquidation\n>p1 move earthpower\n>p2 move knockoff\n>p1 move earthpower\n>p2 switch 5\n>p1 switch 2\n>p2 move knockoff\n>p1 move earthquake\n>p2 move knockoff\n>p1 switch 2\n>p1 move earthpower\n>p2 move knockoff\n>p2 switch 2\n>p1 move seedflare\n>p2 move rapidspin\n>p1 move seedflare\n>p2 move rapidspin\n>p1 switch 6\n>p1 move leafblade\n>p2 move knockoff\n>p1 move leafblade\n>p2 move knockoff\n>p2 switch 5\n>p1 move leafblade\n>p2 move aquajet\n>p1 switch 4\n>p1 move stickyweb\n>p2 move liquidation\n>p1 move pounce\n>p2 move liquidation\n>p1 switch 3\n>p2 switch 4\n>p1 move blueflare\n>p2 move calmmind\n>p1 move blueflare\n>p2 move judgment\n>p1 move blueflare\n>p2 move judgment\n>p2 switch 3\n>p1 move willowisp terastallize\n>p2 move earthquake\n>p1 switch 5\n>p2 move earthquake\n>p1 move triattack\n>p2 move outrage\n>p1 move triattack\n>p2 move outrage\n>p2 switch 6\n>p1 move triattack\n>p2 move grassyglide terastallize\n>p1 switch 5\n>p1 move blueflare\n>p2 move grassyglide", "uploadtime": 1781403246, "views": 5, "formatid": "gen9randombattle", "rating": null, "private": 0, "password": null, "player_dets": [{"name": "YOYILANG2", "avatar": "2", "rating": 1947, "seed": "sodium,8f096a02907c1a7c5e6f39383fea63ee"}, {"name": "schleeby", "avatar": "rosa", "rating": 2034, "seed": "sodium,e7dbca06a29755cc22107ac8f4f646a9"}], "teams_full": [{"Iron Leaves": {"name": "Iron Leaves", "species": "Iron Leaves", "speciesId": "ironleaves", "gender": "N", "shiny": false, "level": 80, "moves": ["closecombat", "megahorn", "psyblade", "leafblade"], "ability": "Quark Drive", "evs": {"hp": 85, "atk": 85, "def": 85, "spa": 85, "spd": 85, "spe": 85}, "ivs": {"hp": 31, "atk": 31, "def": 31, "spa": 31, "spd": 31, "spe": 31}, "item": "Choice Band", "teraType": "Fighting", "role": "Wallbreaker", "bvs": {"hp": 90, "atk": 130, "def": 88, "spa": 70, "spd": 108, "spe": 104}, "stats": {"hp": 275, "atk": 254, "def": 187, "spa": 158, "spd": 219, "spe": 213}}, "Shaymin": {"name": "Shaymin", "species": "Shaymin-Sky", "speciesId": "shayminsky", "gender": "N", "shiny": false, "level": 73, "moves": ["dazzlinggleam", "seedflare", "earthpower", "airslash"], "ability": "Serene Grace", "evs": {"hp": 85, "atk": 0, "def": 85, "spa": 85, "spd": 85, "spe": 85}, "ivs": {"hp": 31, "atk": 0, "def": 31, "spa": 31, "spd": 31, "spe": 31}, "item": "Choice Specs", "teraType": "Flying", "role": "Fast Attacker", "bvs": {"hp": 100, "atk": 103, "def": 75, "spa": 120, "spd": 75, "spe": 127}, "stats": {"hp": 266, "atk": 155, "def": 152, "spa": 218, "spd": 152, "spe": 228}}, "Reshiram": {"name": "Reshiram", "species": "Reshiram", "speciesId": "reshiram", "gender": "N", "shiny": false, "level": 76, "moves": ["blueflare", "dracometeor", "earthpower", "willowisp"], "ability": "Turboblaze", "evs": {"hp": 85, "atk": 0, "def": 85, "spa": 85, "spd": 85, "spe": 85}, "ivs": {"hp": 31, "atk": 0, "def": 31, "spa": 31, "spd": 31, "spe": 31}, "item": "Heavy-Duty Boots", "teraType": "Fire", "role": "Fast Attacker", "bvs": {"hp": 100, "atk": 120, "def": 100, "spa": 150, "spd": 120, "spe": 90}, "stats": {"hp": 277, "atk": 187, "def": 196, "spa": 272, "spd": 226, "spe": 181}}, "Kricketune": {"name": "Kricketune", "species": "Kricketune", "speciesId": "kricketune", "gender": "F", "shiny": false, "level": 99, "moves": ["pounce", "knockoff", "stickyweb", "taunt"], "ability": "Technician", "evs": {"hp": 85, "atk": 85, "def": 85, "spa": 85, "spd": 85, "spe": 85}, "ivs": {"hp": 31, "atk": 31, "def": 31, "spa": 31, "spd": 31, "spe": 31}, "item": "Heavy-Duty Boots", "teraType": "Ghost", "role": "Fast Support", "bvs": {"hp": 77, "atk": 85, "def": 51, "spa": 55, "spd": 51, "spe": 65}, "stats": {"hp": 312, "atk": 224, "def": 157, "spa": 165, "spd": 157, "spe": 185}}, "Porygon-Z": {"name": "Porygon-Z", "species": "Porygon-Z", "speciesId": "porygonz", "gender": "N", "shiny": false, "level": 83, "moves": ["thunderbolt", "triattack", "icebeam", "trick"], "ability": "Download", "evs": {"hp": 85, "atk": 0, "def": 85, "spa": 85, "spd": 85, "spe": 85}, "ivs": {"hp": 31, "atk": 0, "def": 31, "spa": 31, "spd": 31, "spe": 31}, "item": "Choice Scarf", "teraType": "Electric", "role": "Fast Attacker", "bvs": {"hp": 85, "atk": 80, "def": 70, "spa": 135, "spd": 75, "spe": 90}, "stats": {"hp": 277, "atk": 137, "def": 164, "spa": 272, "spd": 172, "spe": 197}}, "Camerupt": {"name": "Camerupt", "species": "Camerupt", "speciesId": "camerupt", "gender": "M", "shiny": false, "level": 91, "moves": ["earthquake", "willowisp", "overheat", "stealthrock"], "ability": "Solid Rock", "evs": {"hp": 85, "atk": 85, "def": 85, "spa": 85, "spd": 85, "spe": 85}, "ivs": {"hp": 31, "atk": 31, "def": 31, "spa": 31, "spd": 31, "spe": 31}, "item": "Leftovers", "teraType": "Grass", "role": "Bulky Support", "bvs": {"hp": 70, "atk": 100, "def": 70, "spa": 105, "spd": 75, "spe": 40}, "stats": {"hp": 275, "atk": 234, "def": 179, "spa": 243, "spd": 188, "spe": 125}}}, {"Sandslash": {"name": "Sandslash", "species": "Sandslash", "speciesId": "sandslash", "gender": "M", "shiny": false, "level": 89, "moves": ["stoneedge", "rapidspin", "knockoff", "earthquake"], "ability": "Sand Rush", "evs": {"hp": 85, "atk": 85, "def": 85, "spa": 85, "spd": 85, "spe": 85}, "ivs": {"hp": 31, "atk": 31, "def": 31, "spa": 31, "spd": 31, "spe": 31}, "item": "Assault Vest", "teraType": "Water", "role": "Bulky Support", "bvs": {"hp": 75, "atk": 100, "def": 110, "spa": 45, "spd": 55, "spe": 65}, "stats": {"hp": 278, "atk": 229, "def": 247, "spa": 131, "spd": 149, "spe": 166}}, "Metagross": {"name": "Metagross", "species": "Metagross", "speciesId": "metagross", "gender": "N", "shiny": false, "level": 79, "moves": ["psychicfangs", "earthquake", "heavyslam", "knockoff"], "ability": "Clear Body", "evs": {"hp": 85, "atk": 85, "def": 85, "spa": 85, "spd": 85, "spe": 85}, "ivs": {"hp": 31, "atk": 31, "def": 31, "spa": 31, "spd": 31, "spe": 31}, "item": "Choice Band", "teraType": "Water", "role": "Bulky Support", "bvs": {"hp": 80, "atk": 135, "def": 130, "spa": 95, "spd": 90, "spe": 70}, "stats": {"hp": 256, "atk": 259, "def": 251, "spa": 196, "spd": 188, "spe": 156}}, "Salamence": {"name": "Salamence", "species": "Salamence", "speciesId": "salamence", "gender": "F", "shiny": false, "level": 77, "moves": ["earthquake", "outrage", "dragondance", "dualwingbeat"], "ability": "Moxie", "evs": {"hp": 85, "atk": 85, "def": 85, "spa": 85, "spd": 85, "spe": 85}, "ivs": {"hp": 31, "atk": 31, "def": 31, "spa": 31, "spd": 31, "spe": 31}, "item": "Heavy-Duty Boots", "teraType": "Ground", "role": "Setup Sweeper", "bvs": {"hp": 95, "atk": 135, "def": 80, "spa": 110, "spd": 80, "spe": 100}, "stats": {"hp": 273, "atk": 252, "def": 168, "spa": 214, "spd": 168, "spe": 199}}, "Arceus": {"name": "Arceus", "species": "Arceus-Bug", "speciesId": "arceusbug", "gender": "N", "shiny": false, "level": 73, "moves": ["recover", "calmmind", "fireblast", "judgment"], "ability": "Multitype", "evs": {"hp": 81, "atk": 0, "def": 85, "spa": 85, "spd": 85, "spe": 85}, "ivs": {"hp": 31, "atk": 0, "def": 31, "spa": 31, "spd": 31, "spe": 31}, "item": "Insect Plate", "teraType": "Fire", "role": "Bulky Setup", "bvs": {"hp": 120, "atk": 120, "def": 120, "spa": 120, "spd": 120, "spe": 120}, "stats": {"hp": 295, "atk": 180, "def": 218, "spa": 218, "spd": 218, "spe": 218}}, "Samurott": {"name": "Samurott", "species": "Samurott", "speciesId": "samurott", "gender": "F", "shiny": false, "level": 88, "moves": ["aquajet", "liquidation", "knockoff", "swordsdance"], "ability": "Torrent", "evs": {"hp": 85, "atk": 85, "def": 85, "spa": 85, "spd": 85, "spe": 85}, "ivs": {"hp": 31, "atk": 31, "def": 31, "spa": 31, "spd": 31, "spe": 31}, "item": "Life Orb", "teraType": "Water", "role": "Setup Sweeper", "bvs": {"hp": 95, "atk": 100, "def": 85, "spa": 108, "spd": 70, "spe": 70}, "stats": {"hp": 310, "atk": 226, "def": 200, "spa": 240, "spd": 173, "spe": 173}}, "Rillaboom": {"name": "Rillaboom", "species": "Rillaboom", "speciesId": "rillaboom", "gender": "F", "shiny": false, "level": 79, "moves": ["uturn", "woodhammer", "grassyglide", "highhorsepower"], "ability": "Grassy Surge", "evs": {"hp": 85, "atk": 85, "def": 85, "spa": 85, "spd": 85, "spe": 85}, "ivs": {"hp": 31, "atk": 31, "def": 31, "spa": 31, "spd": 31, "spe": 31}, "item": "Choice Band", "teraType": "Grass", "role": "Fast Attacker", "bvs": {"hp": 100, "atk": 125, "def": 90, "spa": 60, "spd": 70, "spe": 85}, "stats": {"hp": 288, "atk": 243, "def": 188, "spa": 140, "spd": 156, "spe": 180}}}]}