{"id": "gen9randombattle-2631707189", "format": "[Gen 9] Random Battle", "players": ["endallbeallball", "lemontheheavens"], "log": "|j|\u2606endallbeallball\n|j|\u2606lemontheheavens\n|t:|1781425741\n|gametype|singles\n|player|p1|endallbeallball|medium|2074\n|player|p2|lemontheheavens|1|2035\n|gen|9\n|tier|[Gen 9] Random Battle\n|rated|\n|rule|Species Clause: Limit one of each Pok\u00e9mon\n|rule|HP Percentage Mod: HP is shown in percentages\n|rule|Sleep Clause Mod: Limit one foe put to sleep\n|rule|Illusion Level Mod: Illusion disguises the Pok\u00e9mon's true level\n|\n|t:|1781425741\n|teamsize|p1|6\n|teamsize|p2|6\n|start\n|switch|p1a: Amoonguss|Amoonguss, L82, M|321/321\n|switch|p2a: Klefki|Klefki, L84, F|233/233\n|turn|1\n|\n|t:|1781425749\n|move|p2a: Klefki|Spikes|p1a: Amoonguss\n|-sidestart|p1: endallbeallball|Spikes\n|move|p1a: Amoonguss|Spore|p2a: Klefki\n|-status|p2a: Klefki|slp|[from] move: Spore\n|\n|upkeep\n|turn|2\n|\n|t:|1781425789\n|switch|p1a: Zapdos|Zapdos, L78|268/268\n|cant|p2a: Klefki|slp\n|\n|upkeep\n|turn|3\n|\n|t:|1781425803\n|switch|p2a: Girafarig|Girafarig, L89, F|269/269\n|move|p1a: Zapdos|Heat Wave|p2a: Girafarig\n|-damage|p2a: Girafarig|212/269\n|\n|upkeep\n|turn|4\n|\n|t:|1781425836\n|move|p2a: Girafarig|Nasty Plot|p2a: Girafarig\n|-boost|p2a: Girafarig|spa|2\n|move|p1a: Zapdos|Thunderbolt|p2a: Girafarig\n|-damage|p2a: Girafarig|137/269\n|\n|upkeep\n|turn|5\n|\n|t:|1781425845\n|switch|p1a: Iron Leaves|Iron Leaves, L80|275/275\n|-damage|p1a: Iron Leaves|241/275|[from] Spikes\n|move|p2a: Girafarig|Hyper Voice|p1a: Iron Leaves\n|-damage|p1a: Iron Leaves|61/275\n|\n|upkeep\n|turn|6\n|\n|t:|1781425852\n|move|p1a: Iron Leaves|Megahorn|p2a: Girafarig\n|-supereffective|p2a: Girafarig\n|-damage|p2a: Girafarig|0 fnt\n|faint|p2a: Girafarig\n|\n|upkeep\n|\n|t:|1781425864\n|switch|p2a: Meowscarada|Meowscarada, L78, M|247/247\n|turn|7\n|\n|t:|1781425899\n|-end|p1a: Iron Leaves|Quark Drive|[silent]\n|switch|p1a: Zapdos|Zapdos, L78|268/268\n|move|p2a: Meowscarada|Triple Axel|p1a: Zapdos\n|-start|p2a: Meowscarada|typechange|Ice|[from] ability: Protean\n|-supereffective|p1a: Zapdos\n|-damage|p1a: Zapdos|200/268\n|-status|p2a: Meowscarada|par|[from] ability: Static|[of] p1a: Zapdos\n|-supereffective|p1a: Zapdos\n|-damage|p1a: Zapdos|62/268\n|-supereffective|p1a: Zapdos\n|-damage|p1a: Zapdos|0 fnt\n|faint|p1a: Zapdos\n|-hitcount|p1: Zapdos|3\n|\n|upkeep\n|\n|t:|1781425907\n|switch|p1a: Tauros|Tauros, L82, M|257/257\n|-damage|p1a: Tauros|225/257|[from] Spikes\n|turn|8\n|\n|t:|1781425917\n|move|p1a: Tauros|Close Combat|p2a: Meowscarada\n|-supereffective|p2a: Meowscarada\n|-crit|p2a: Meowscarada\n|-damage|p2a: Meowscarada|0 fnt\n|-unboost|p1a: Tauros|def|1\n|-unboost|p1a: Tauros|spd|1\n|faint|p2a: Meowscarada\n|-damage|p1a: Tauros|200/257|[from] item: Life Orb\n|\n|upkeep\n|\n|t:|1781425924\n|switch|p2a: Vespiquen|Vespiquen, L99, F|299/299\n|-ability|p2a: Vespiquen|Pressure\n|turn|9\n|\n|t:|1781425946\n|move|p1a: Tauros|Body Slam|p2a: Vespiquen\n|-damage|p2a: Vespiquen|196/299\n|move|p2a: Vespiquen|Spikes|p1a: Tauros\n|-sidestart|p1: endallbeallball|Spikes\n|\n|upkeep\n|turn|10\n|\n|t:|1781425961\n|move|p1a: Tauros|Body Slam|p2a: Vespiquen\n|-damage|p2a: Vespiquen|78/299\n|move|p2a: Vespiquen|Roost|p2a: Vespiquen\n|-heal|p2a: Vespiquen|228/299\n|-singleturn|p2a: Vespiquen|move: Roost\n|\n|upkeep\n|turn|11\n|\n|t:|1781425963\n|move|p1a: Tauros|Body Slam|p2a: Vespiquen\n|-damage|p2a: Vespiquen|119/299\n|move|p2a: Vespiquen|Spikes|p1a: Tauros\n|-sidestart|p1: endallbeallball|Spikes\n|\n|upkeep\n|turn|12\n|\n|t:|1781425965\n|move|p1a: Tauros|Body Slam|p2a: Vespiquen\n|-damage|p2a: Vespiquen|0 fnt\n|faint|p2a: Vespiquen\n|\n|upkeep\n|\n|t:|1781425972\n|switch|p2a: Gallade|Gallade, L80, M|240/240\n|turn|13\n|\n|t:|1781425979\n|move|p1a: Tauros|Body Slam|p2a: Gallade\n|-damage|p2a: Gallade|49/240\n|move|p2a: Gallade|Psycho Cut|p1a: Tauros\n|-damage|p1a: Tauros|0 fnt\n|faint|p1a: Tauros\n|\n|upkeep\n|\n|t:|1781425985\n|switch|p1a: Mimikyu|Mimikyu, L79, M|216/216\n|-damage|p1a: Mimikyu|162/216|[from] Spikes\n|turn|14\n|\n|t:|1781425990\n|move|p1a: Mimikyu|Shadow Sneak|p2a: Gallade\n|-supereffective|p2a: Gallade\n|-damage|p2a: Gallade|0 fnt\n|faint|p2a: Gallade\n|-damage|p1a: Mimikyu|141/216|[from] item: Life Orb\n|\n|upkeep\n|\n|t:|1781425991\n|switch|p2a: Klefki|Klefki, L84, F|233/233 slp\n|turn|15\n|\n|t:|1781425995\n|cant|p2a: Klefki|slp\n|move|p1a: Mimikyu|Swords Dance|p1a: Mimikyu\n|-boost|p1a: Mimikyu|atk|2\n|\n|upkeep\n|turn|16\n|\n|t:|1781425999\n|-curestatus|p2a: Klefki|slp|[msg]\n|move|p2a: Klefki|Thunder Wave|p1a: Mimikyu\n|-status|p1a: Mimikyu|par\n|move|p1a: Mimikyu|Shadow Claw|p2a: Klefki\n|-damage|p2a: Klefki|77/233\n|-damage|p1a: Mimikyu|120/216 par|[from] item: Life Orb\n|\n|-heal|p2a: Klefki|91/233|[from] item: Leftovers\n|upkeep\n|turn|17\n|\n|t:|1781426004\n|move|p2a: Klefki|Foul Play|p1a: Mimikyu\n|-activate|p1a: Mimikyu|ability: Disguise\n|-damage|p1a: Mimikyu|120/216 par\n|detailschange|p1a: Mimikyu|Mimikyu-Busted, L79, M\n|-damage|p1a: Mimikyu|93/216 par|[from] pokemon: Mimikyu-Busted\n|move|p1a: Mimikyu|Shadow Claw|p2a: Klefki\n|-damage|p2a: Klefki|0 fnt\n|faint|p2a: Klefki\n|-damage|p1a: Mimikyu|72/216 par|[from] item: Life Orb\n|\n|upkeep\n|\n|t:|1781426008\n|switch|p2a: Alcremie|Alcremie-Ruby-Cream, L90, F|263/263\n|turn|18\n|\n|t:|1781426012\n|move|p2a: Alcremie|Calm Mind|p2a: Alcremie\n|-boost|p2a: Alcremie|spa|1\n|-boost|p2a: Alcremie|spd|1\n|move|p1a: Mimikyu|Play Rough|p2a: Alcremie\n|-damage|p2a: Alcremie|60/263\n|-damage|p1a: Mimikyu|51/216 par|[from] item: Life Orb\n|\n|-heal|p2a: Alcremie|76/263|[from] item: Leftovers\n|upkeep\n|turn|19\n|\n|t:|1781426017\n|move|p1a: Mimikyu|Shadow Sneak|p2a: Alcremie\n|-damage|p2a: Alcremie|0 fnt\n|faint|p2a: Alcremie\n|-damage|p1a: Mimikyu|30/216 par|[from] item: Life Orb\n|\n|win|endallbeallball\n", "inputlog": ">version a8376a258c1d4662feba110a92103f3664a72141\n>start {\"formatid\":\"gen9randombattle\",\"seed\":\"sodium,84b6784183e465a7ed2eec83412ca1a5\",\"rated\":\"Rated battle\"}\n>player p1 {\"name\":\"endallbeallball\",\"avatar\":\"medium\",\"rating\":2074,\"seed\":\"sodium,57d33213d1fb5cc982f5c04ac7c7c179\"}\n>player p2 {\"name\":\"lemontheheavens\",\"avatar\":\"1\",\"rating\":2035,\"seed\":\"sodium,ec5c794d222e3b7de92c2dd0b01b8277\"}\n>p1 move spore\n>p2 move spikes\n>p1 switch 5\n>p2 move spikes\n>p1 move heatwave\n>p2 switch 3\n>p1 move thunderbolt\n>p2 move nastyplot\n>p1 switch 4\n>p2 move hypervoice\n>p1 move megahorn\n>p2 move hypervoice\n>p2 switch 6\n>p1 switch 4\n>p2 move tripleaxel\n>p1 switch 3\n>p1 move closecombat\n>p2 move tripleaxel\n>p2 switch 4\n>p1 move bodyslam\n>p2 move spikes\n>p1 move bodyslam\n>p2 move roost\n>p1 move bodyslam\n>p2 move spikes\n>p1 move bodyslam\n>p2 move roost\n>p2 switch 5\n>p1 move bodyslam\n>p2 move psychocut\n>p1 switch 2\n>p1 move shadowsneak\n>p2 move psychocut\n>p2 switch 3\n>p1 move swordsdance\n>p2 move thunderwave\n>p1 move shadowclaw\n>p2 move thunderwave\n>p1 move shadowclaw\n>p2 move foulplay\n>p2 switch 2\n>p1 move playrough\n>p2 move calmmind\n>p1 move shadowsneak\n>p2 move alluringvoice", "uploadtime": 1781425743, "views": 5, "formatid": "gen9randombattle", "rating": null, "private": 0, "password": null, "player_dets": [{"name": "endallbeallball", "avatar": "medium", "rating": 2074, "seed": "sodium,57d33213d1fb5cc982f5c04ac7c7c179"}, {"name": "lemontheheavens", "avatar": "1", "rating": 2035, "seed": "sodium,ec5c794d222e3b7de92c2dd0b01b8277"}], "teams_full": [{"Amoonguss": {"name": "Amoonguss", "species": "Amoonguss", "speciesId": "amoonguss", "gender": "M", "shiny": false, "level": 82, "moves": ["spore", "sludgebomb", "gigadrain", "clearsmog"], "ability": "Regenerator", "evs": {"hp": 85, "atk": 0, "def": 85, "spa": 85, "spd": 85, "spe": 85}, "ivs": {"hp": 31, "atk": 0, "def": 31, "spa": 31, "spd": 31, "spe": 31}, "item": "Leftovers", "teraType": "Water", "role": "Bulky Support", "bvs": {"hp": 114, "atk": 85, "def": 70, "spa": 85, "spd": 80, "spe": 30}, "stats": {"hp": 321, "atk": 144, "def": 162, "spa": 187, "spd": 178, "spe": 96}}, "Mimikyu": {"name": "Mimikyu", "species": "Mimikyu", "speciesId": "mimikyu", "gender": "M", "shiny": false, "level": 79, "moves": ["shadowsneak", "swordsdance", "playrough", "shadowclaw"], "ability": "Disguise", "evs": {"hp": 85, "atk": 85, "def": 85, "spa": 85, "spd": 85, "spe": 85}, "ivs": {"hp": 31, "atk": 31, "def": 31, "spa": 31, "spd": 31, "spe": 31}, "item": "Life Orb", "teraType": "Fairy", "role": "Fast Bulky Setup", "bvs": {"hp": 55, "atk": 90, "def": 80, "spa": 50, "spd": 105, "spe": 96}, "stats": {"hp": 216, "atk": 188, "def": 172, "spa": 125, "spd": 211, "spe": 197}}, "Tauros": {"name": "Tauros", "species": "Tauros", "speciesId": "tauros", "gender": "M", "shiny": false, "level": 82, "moves": ["throatchop", "closecombat", "zenheadbutt", "bodyslam"], "ability": "Sheer Force", "evs": {"hp": 85, "atk": 85, "def": 85, "spa": 85, "spd": 85, "spe": 85}, "ivs": {"hp": 31, "atk": 31, "def": 31, "spa": 31, "spd": 31, "spe": 31}, "item": "Life Orb", "teraType": "Psychic", "role": "Wallbreaker", "bvs": {"hp": 75, "atk": 100, "def": 95, "spa": 40, "spd": 70, "spe": 110}, "stats": {"hp": 257, "atk": 211, "def": 203, "spa": 113, "spd": 162, "spe": 228}}, "Iron Leaves": {"name": "Iron Leaves", "species": "Iron Leaves", "speciesId": "ironleaves", "gender": "N", "shiny": false, "level": 80, "moves": ["megahorn", "leafblade", "closecombat", "psyblade"], "ability": "Quark Drive", "evs": {"hp": 85, "atk": 85, "def": 85, "spa": 85, "spd": 85, "spe": 85}, "ivs": {"hp": 31, "atk": 31, "def": 31, "spa": 31, "spd": 31, "spe": 31}, "item": "Choice Band", "teraType": "Fighting", "role": "Wallbreaker", "bvs": {"hp": 90, "atk": 130, "def": 88, "spa": 70, "spd": 108, "spe": 104}, "stats": {"hp": 275, "atk": 254, "def": 187, "spa": 158, "spd": 219, "spe": 213}}, "Zapdos": {"name": "Zapdos", "species": "Zapdos", "speciesId": "zapdos", "gender": "N", "shiny": false, "level": 78, "moves": ["heatwave", "roost", "hurricane", "thunderbolt"], "ability": "Static", "evs": {"hp": 85, "atk": 0, "def": 85, "spa": 85, "spd": 85, "spe": 85}, "ivs": {"hp": 31, "atk": 0, "def": 31, "spa": 31, "spd": 31, "spe": 31}, "item": "Heavy-Duty Boots", "teraType": "Steel", "role": "Bulky Attacker", "bvs": {"hp": 90, "atk": 90, "def": 85, "spa": 125, "spd": 90, "spe": 100}, "stats": {"hp": 268, "atk": 145, "def": 178, "spa": 240, "spd": 185, "spe": 201}}, "Iron Valiant": {"name": "Iron Valiant", "species": "Iron Valiant", "speciesId": "ironvaliant", "gender": "N", "shiny": false, "level": 78, "moves": ["spiritbreak", "knockoff", "closecombat", "swordsdance"], "ability": "Quark Drive", "evs": {"hp": 85, "atk": 85, "def": 85, "spa": 85, "spd": 85, "spe": 85}, "ivs": {"hp": 31, "atk": 31, "def": 31, "spa": 31, "spd": 31, "spe": 31}, "item": "Life Orb", "teraType": "Dark", "role": "Setup Sweeper", "bvs": {"hp": 74, "atk": 130, "def": 90, "spa": 120, "spd": 60, "spe": 116}, "stats": {"hp": 244, "atk": 248, "def": 185, "spa": 232, "spd": 139, "spe": 226}}}, {"Klefki": {"name": "Klefki", "species": "Klefki", "speciesId": "klefki", "gender": "F", "shiny": false, "level": 84, "moves": ["foulplay", "dazzlinggleam", "thunderwave", "spikes"], "ability": "Prankster", "evs": {"hp": 85, "atk": 0, "def": 85, "spa": 85, "spd": 85, "spe": 85}, "ivs": {"hp": 31, "atk": 0, "def": 31, "spa": 31, "spd": 31, "spe": 31}, "item": "Leftovers", "teraType": "Flying", "role": "Bulky Attacker", "bvs": {"hp": 57, "atk": 80, "def": 91, "spa": 80, "spd": 87, "spe": 75}, "stats": {"hp": 233, "atk": 139, "def": 201, "spa": 183, "spd": 194, "spe": 174}}, "Alcremie": {"name": "Alcremie", "species": "Alcremie-Ruby-Cream", "speciesId": "alcremie", "gender": "F", "shiny": false, "level": 90, "moves": ["alluringvoice", "calmmind", "terablast", "recover"], "ability": "Aroma Veil", "evs": {"hp": 85, "atk": 0, "def": 85, "spa": 85, "spd": 85, "spe": 85}, "ivs": {"hp": 31, "atk": 0, "def": 31, "spa": 31, "spd": 31, "spe": 31}, "item": "Leftovers", "teraType": "Ground", "role": "Tera Blast user", "bvs": {"hp": 65, "atk": 60, "def": 75, "spa": 110, "spd": 121, "spe": 64}, "stats": {"hp": 263, "atk": 113, "def": 186, "spa": 249, "spd": 269, "spe": 167}}, "Girafarig": {"name": "Girafarig", "species": "Girafarig", "speciesId": "girafarig", "gender": "F", "shiny": false, "level": 89, "moves": ["thunderbolt", "psyshock", "nastyplot", "hypervoice"], "ability": "Sap Sipper", "evs": {"hp": 85, "atk": 0, "def": 85, "spa": 85, "spd": 85, "spe": 85}, "ivs": {"hp": 31, "atk": 0, "def": 31, "spa": 31, "spd": 31, "spe": 31}, "item": "Eviolite", "teraType": "Normal", "role": "Fast Bulky Setup", "bvs": {"hp": 70, "atk": 80, "def": 65, "spa": 90, "spd": 65, "spe": 85}, "stats": {"hp": 269, "atk": 147, "def": 166, "spa": 211, "spd": 166, "spe": 202}}, "Vespiquen": {"name": "Vespiquen", "species": "Vespiquen", "speciesId": "vespiquen", "gender": "F", "shiny": false, "level": 99, "moves": ["roost", "hurricane", "spikes", "toxicspikes"], "ability": "Pressure", "evs": {"hp": 85, "atk": 0, "def": 85, "spa": 85, "spd": 85, "spe": 85}, "ivs": {"hp": 31, "atk": 0, "def": 31, "spa": 31, "spd": 31, "spe": 31}, "item": "Heavy-Duty Boots", "teraType": "Steel", "role": "Bulky Support", "bvs": {"hp": 70, "atk": 80, "def": 102, "spa": 80, "spd": 102, "spe": 40}, "stats": {"hp": 299, "atk": 163, "def": 258, "spa": 214, "spd": 258, "spe": 135}}, "Gallade": {"name": "Gallade", "species": "Gallade", "speciesId": "gallade", "gender": "M", "shiny": false, "level": 80, "moves": ["nightslash", "leafblade", "sacredsword", "psychocut"], "ability": "Sharpness", "evs": {"hp": 85, "atk": 85, "def": 85, "spa": 85, "spd": 85, "spe": 85}, "ivs": {"hp": 31, "atk": 31, "def": 31, "spa": 31, "spd": 31, "spe": 31}, "item": "Choice Band", "teraType": "Dark", "role": "Fast Attacker", "bvs": {"hp": 68, "atk": 125, "def": 65, "spa": 65, "spd": 115, "spe": 80}, "stats": {"hp": 240, "atk": 246, "def": 150, "spa": 150, "spd": 230, "spe": 174}}, "Meowscarada": {"name": "Meowscarada", "species": "Meowscarada", "speciesId": "meowscarada", "gender": "M", "shiny": false, "level": 78, "moves": ["uturn", "knockoff", "flowertrick", "tripleaxel"], "ability": "Protean", "evs": {"hp": 85, "atk": 85, "def": 85, "spa": 85, "spd": 85, "spe": 85}, "ivs": {"hp": 31, "atk": 31, "def": 31, "spa": 31, "spd": 31, "spe": 31}, "item": "Choice Band", "teraType": "Dark", "role": "Fast Support", "bvs": {"hp": 76, "atk": 110, "def": 70, "spa": 81, "spd": 70, "spe": 123}, "stats": {"hp": 247, "atk": 217, "def": 154, "spa": 171, "spd": 154, "spe": 237}}}]}