{"id": "gen9randombattle-2631885983", "format": "[Gen 9] Random Battle", "players": ["sumopardo", "lt.nitro"], "log": "|j|\u2606sumopardo\n|j|\u2606lt.nitro\n|t:|1781452035\n|gametype|singles\n|player|p1|sumopardo|lance|1551\n|player|p2|lt.nitro|ltsurge|1555\n|gen|9\n|tier|[Gen 9] Random Battle\n|rated|\n|rule|Species Clause: Limit one of each Pok\u00e9mon\n|rule|HP Percentage Mod: HP is shown in percentages\n|rule|Sleep Clause Mod: Limit one foe put to sleep\n|rule|Illusion Level Mod: Illusion disguises the Pok\u00e9mon's true level\n|\n|t:|1781452035\n|teamsize|p1|6\n|teamsize|p2|6\n|start\n|switch|p1a: Eternatus|Eternatus, L69|308/308\n|switch|p2a: Scovillain|Scovillain, L91, F|266/266\n|-ability|p1a: Eternatus|Pressure\n|turn|1\n|inactive|Battle timer is ON: inactive players will automatically lose when time's up. (requested by lt.nitro)\n|\n|t:|1781452048\n|move|p1a: Eternatus|Sludge Bomb|p2a: Scovillain\n|-supereffective|p2a: Scovillain\n|-crit|p2a: Scovillain\n|-damage|p2a: Scovillain|0 fnt\n|faint|p2a: Scovillain\n|\n|upkeep\n|\n|t:|1781452053\n|switch|p2a: Grumpig|Grumpig, L92, M|297/297\n|turn|2\n|\n|t:|1781452068\n|switch|p1a: Regice|Regice, L88|284/284\n|move|p2a: Grumpig|Nasty Plot|p2a: Grumpig\n|-boost|p2a: Grumpig|spa|2\n|\n|upkeep\n|turn|3\n|\n|t:|1781452079\n|move|p2a: Grumpig|Focus Blast|p1a: Regice\n|-supereffective|p1a: Regice\n|-damage|p1a: Regice|96/284\n|move|p1a: Regice|Thunder Wave|p2a: Grumpig\n|-status|p2a: Grumpig|par\n|\n|upkeep\n|turn|4\n|\n|t:|1781452088\n|move|p1a: Regice|Thunderbolt|p2a: Grumpig\n|-damage|p2a: Grumpig|244/297 par\n|move|p2a: Grumpig|Psychic|p1a: Regice\n|-damage|p1a: Regice|0 fnt\n|faint|p1a: Regice\n|\n|-heal|p2a: Grumpig|262/297 par|[from] item: Leftovers\n|upkeep\n|inactive|sumopardo has 120 seconds left.\n|\n|t:|1781452122\n|switch|p1a: Tsareena|Tsareena, L87, F|267/267\n|turn|5\n|inactive|sumopardo has 120 seconds left.\n|\n|t:|1781452136\n|move|p1a: Tsareena|Power Whip|p2a: Grumpig\n|-damage|p2a: Grumpig|88/297 par\n|move|p2a: Grumpig|Psychic|p1a: Tsareena\n|-damage|p1a: Tsareena|87/267\n|\n|-heal|p2a: Grumpig|106/297 par|[from] item: Leftovers\n|upkeep\n|turn|6\n|\n|t:|1781452145\n|switch|p2a: Iron Moth|Iron Moth, L78|253/253\n|move|p1a: Tsareena|Power Whip|p2a: Iron Moth\n|-resisted|p2a: Iron Moth\n|-damage|p2a: Iron Moth|197/253\n|\n|upkeep\n|turn|7\n|\n|t:|1781452161\n|move|p2a: Iron Moth|Toxic Spikes|p1a: Tsareena\n|-sidestart|p1: sumopardo|move: Toxic Spikes\n|move|p1a: Tsareena|Synthesis|p1a: Tsareena\n|-heal|p1a: Tsareena|220/267\n|\n|upkeep\n|turn|8\n|\n|t:|1781452166\n|move|p2a: Iron Moth|Sludge Wave|p1a: Tsareena\n|-supereffective|p1a: Tsareena\n|-damage|p1a: Tsareena|0 fnt\n|faint|p1a: Tsareena\n|\n|upkeep\n|\n|t:|1781452178\n|switch|p1a: Eternatus|Eternatus, L69|308/308\n|-sideend|p1: sumopardo|move: Toxic Spikes|[of] p1a: Eternatus\n|-ability|p1a: Eternatus|Pressure\n|turn|9\n|\n|t:|1781452186\n|move|p1a: Eternatus|Dynamax Cannon|p2a: Iron Moth\n|-damage|p2a: Iron Moth|104/253\n|move|p2a: Iron Moth|Toxic Spikes|p1a: Eternatus\n|-sidestart|p1: sumopardo|move: Toxic Spikes\n|\n|upkeep\n|turn|10\n|\n|t:|1781452197\n|-end|p2a: Iron Moth|Quark Drive|[silent]\n|switch|p2a: Grumpig|Grumpig, L92, M|106/297 par\n|move|p1a: Eternatus|Dynamax Cannon|p2a: Grumpig\n|-damage|p2a: Grumpig|33/297 par\n|\n|-heal|p2a: Grumpig|51/297 par|[from] item: Leftovers\n|upkeep\n|turn|11\n|\n|t:|1781452204\n|move|p1a: Eternatus|Dynamax Cannon|p2a: Grumpig\n|-damage|p2a: Grumpig|0 fnt\n|faint|p2a: Grumpig\n|\n|upkeep\n|\n|t:|1781452206\n|switch|p2a: Clawitzer|Clawitzer, L87, F|265/265\n|turn|12\n|\n|t:|1781452218\n|switch|p1a: Crabominable|Crabominable, L90, F|321/321\n|-status|p1a: Crabominable|psn\n|move|p2a: Clawitzer|Dragon Pulse|p1a: Crabominable\n|-damage|p1a: Crabominable|231/321 psn\n|\n|-damage|p1a: Crabominable|191/321 psn|[from] psn\n|upkeep\n|turn|13\n|\n|t:|1781452232\n|move|p2a: Clawitzer|Aura Sphere|p1a: Crabominable\n|-supereffective|p1a: Crabominable\n|-damage|p1a: Crabominable|29/321 psn\n|move|p1a: Crabominable|Drain Punch|p2a: Clawitzer\n|-crit|p2a: Clawitzer\n|-damage|p2a: Clawitzer|55/265\n|-heal|p1a: Crabominable|134/321 psn|[from] drain|[of] p2a: Clawitzer\n|\n|-damage|p1a: Crabominable|94/321 psn|[from] psn\n|upkeep\n|turn|14\n|\n|t:|1781452243\n|move|p2a: Clawitzer|Water Pulse|p1a: Crabominable\n|-damage|p1a: Crabominable|10/321 psn\n|move|p1a: Crabominable|Drain Punch|p2a: Clawitzer\n|-damage|p2a: Clawitzer|0 fnt\n|-heal|p1a: Crabominable|38/321 psn|[from] drain|[of] p2a: Clawitzer\n|faint|p2a: Clawitzer\n|\n|-damage|p1a: Crabominable|0 fnt|[from] psn\n|faint|p1a: Crabominable\n|upkeep\n|\n|t:|1781452252\n|switch|p2a: Cyclizar|Cyclizar, L83, M|252/252\n|switch|p1a: Eternatus|Eternatus, L69|308/308\n|-sideend|p1: sumopardo|move: Toxic Spikes|[of] p1a: Eternatus\n|-ability|p1a: Eternatus|Pressure\n|turn|15\n|\n|t:|1781452267\n|-terastallize|p1a: Eternatus|Fire\n|move|p2a: Cyclizar|Shed Tail|p2a: Cyclizar\n|-start|p2a: Cyclizar|Substitute|[from] move: Shed Tail\n|-damage|p2a: Cyclizar|126/252\n|\n|t:|1781452278\n|switch|p2a: Suicune|Suicune, L82|298/298|[from] Shed Tail\n|-ability|p2a: Suicune|Pressure\n|move|p1a: Eternatus|Dynamax Cannon|p2a: Suicune\n|-crit|p2a: Suicune\n|-end|p2a: Suicune|Substitute\n|\n|upkeep\n|turn|16\n|\n|t:|1781452289\n|switch|p1a: Primarina|Primarina, L83, F|268/268\n|move|p2a: Suicune|Calm Mind|p2a: Suicune\n|-boost|p2a: Suicune|spa|1\n|-boost|p2a: Suicune|spd|1\n|\n|upkeep\n|turn|17\n|\n|t:|1781452300\n|move|p2a: Suicune|Scald|p1a: Primarina\n|-resisted|p1a: Primarina\n|-damage|p1a: Primarina|225/268\n|move|p1a: Primarina|Calm Mind|p1a: Primarina\n|-boost|p1a: Primarina|spa|1\n|-boost|p1a: Primarina|spd|1\n|\n|-heal|p1a: Primarina|241/268|[from] item: Leftovers\n|upkeep\n|turn|18\n|\n|t:|1781452311\n|move|p2a: Suicune|Calm Mind|p2a: Suicune\n|-boost|p2a: Suicune|spa|1\n|-boost|p2a: Suicune|spd|1\n|move|p1a: Primarina|Calm Mind|p1a: Primarina\n|-boost|p1a: Primarina|spa|1\n|-boost|p1a: Primarina|spd|1\n|\n|-heal|p1a: Primarina|257/268|[from] item: Leftovers\n|upkeep\n|turn|19\n|\n|t:|1781452322\n|move|p2a: Suicune|Scald|p1a: Primarina\n|-resisted|p1a: Primarina\n|-damage|p1a: Primarina|227/268\n|move|p1a: Primarina|Calm Mind|p1a: Primarina\n|-boost|p1a: Primarina|spa|1\n|-boost|p1a: Primarina|spd|1\n|\n|-heal|p1a: Primarina|243/268|[from] item: Leftovers\n|upkeep\n|turn|20\n|\n|t:|1781452337\n|move|p2a: Suicune|Calm Mind|p2a: Suicune\n|-boost|p2a: Suicune|spa|1\n|-boost|p2a: Suicune|spd|1\n|move|p1a: Primarina|Calm Mind|p1a: Primarina\n|-boost|p1a: Primarina|spa|1\n|-boost|p1a: Primarina|spd|1\n|\n|-heal|p1a: Primarina|259/268|[from] item: Leftovers\n|upkeep\n|turn|21\n|\n|t:|1781452344\n|move|p2a: Suicune|Calm Mind|p2a: Suicune\n|-boost|p2a: Suicune|spa|1\n|-boost|p2a: Suicune|spd|1\n|move|p1a: Primarina|Calm Mind|p1a: Primarina\n|-boost|p1a: Primarina|spa|1\n|-boost|p1a: Primarina|spd|1\n|\n|-heal|p1a: Primarina|268/268|[from] item: Leftovers\n|upkeep\n|turn|22\n|\n|t:|1781452355\n|move|p2a: Suicune|Scald|p1a: Primarina\n|-resisted|p1a: Primarina\n|-damage|p1a: Primarina|241/268\n|move|p1a: Primarina|Calm Mind|p1a: Primarina\n|-boost|p1a: Primarina|spa|1\n|-boost|p1a: Primarina|spd|1\n|\n|-heal|p1a: Primarina|257/268|[from] item: Leftovers\n|upkeep\n|turn|23\n|\n|t:|1781452363\n|move|p2a: Suicune|Calm Mind|p2a: Suicune\n|-boost|p2a: Suicune|spa|1\n|-boost|p2a: Suicune|spd|1\n|move|p1a: Primarina|Moonblast|p2a: Suicune\n|-damage|p2a: Suicune|183/298\n|\n|-heal|p2a: Suicune|201/298|[from] item: Leftovers\n|-heal|p1a: Primarina|268/268|[from] item: Leftovers\n|upkeep\n|turn|24\n|\n|t:|1781452371\n|move|p2a: Suicune|Scald|p1a: Primarina\n|-resisted|p1a: Primarina\n|-damage|p1a: Primarina|241/268\n|move|p1a: Primarina|Moonblast|p2a: Suicune\n|-damage|p2a: Suicune|83/298\n|\n|-heal|p2a: Suicune|101/298|[from] item: Leftovers\n|-heal|p1a: Primarina|257/268|[from] item: Leftovers\n|upkeep\n|turn|25\n|\n|t:|1781452379\n|move|p2a: Suicune|Rest|p2a: Suicune\n|-status|p2a: Suicune|slp|[from] move: Rest\n|-heal|p2a: Suicune|298/298 slp|[silent]\n|move|p1a: Primarina|Moonblast|p2a: Suicune\n|-damage|p2a: Suicune|184/298 slp\n|\n|-heal|p2a: Suicune|202/298 slp|[from] item: Leftovers\n|-heal|p1a: Primarina|268/268|[from] item: Leftovers\n|upkeep\n|turn|26\n|\n|t:|1781452390\n|cant|p2a: Suicune|slp\n|move|p2a: Suicune|Sleep Talk|p2a: Suicune\n|move|p2a: Suicune|Calm Mind|p2a: Suicune|[from] move: Sleep Talk\n|-boost|p2a: Suicune|spa|1\n|-boost|p2a: Suicune|spd|1\n|move|p1a: Primarina|Moonblast|p2a: Suicune\n|-damage|p2a: Suicune|96/298 slp\n|\n|-heal|p2a: Suicune|114/298 slp|[from] item: Leftovers\n|upkeep\n|turn|27\n|\n|t:|1781452400\n|cant|p2a: Suicune|slp\n|move|p2a: Suicune|Sleep Talk|p2a: Suicune\n|move|p2a: Suicune|Scald|p1a: Primarina|[from] move: Sleep Talk\n|-resisted|p1a: Primarina\n|-damage|p1a: Primarina|236/268\n|move|p1a: Primarina|Moonblast|p2a: Suicune\n|-damage|p2a: Suicune|20/298 slp\n|-unboost|p2a: Suicune|spa|1\n|\n|-heal|p2a: Suicune|38/298 slp|[from] item: Leftovers\n|-heal|p1a: Primarina|252/268|[from] item: Leftovers\n|upkeep\n|turn|28\n|\n|t:|1781452413\n|-curestatus|p2a: Suicune|slp|[msg]\n|move|p2a: Suicune|Rest|p2a: Suicune\n|-status|p2a: Suicune|slp|[from] move: Rest\n|-heal|p2a: Suicune|298/298 slp|[silent]\n|move|p1a: Primarina|Draining Kiss|p2a: Suicune\n|-damage|p2a: Suicune|238/298 slp\n|-heal|p1a: Primarina|268/268|[from] drain|[of] p2a: Suicune\n|\n|-heal|p2a: Suicune|256/298 slp|[from] item: Leftovers\n|upkeep\n|turn|29\n|\n|t:|1781452424\n|cant|p2a: Suicune|slp\n|move|p2a: Suicune|Sleep Talk|p2a: Suicune\n|move|p2a: Suicune|Scald|p1a: Primarina|[from] move: Sleep Talk\n|-resisted|p1a: Primarina\n|-damage|p1a: Primarina|243/268\n|move|p1a: Primarina|Moonblast|p2a: Suicune\n|-damage|p2a: Suicune|157/298 slp\n|\n|-heal|p2a: Suicune|175/298 slp|[from] item: Leftovers\n|-heal|p1a: Primarina|259/268|[from] item: Leftovers\n|upkeep\n|turn|30\n|\n|t:|1781452434\n|cant|p2a: Suicune|slp\n|move|p2a: Suicune|Sleep Talk|p2a: Suicune\n|move|p2a: Suicune|Rest||[from] move: Sleep Talk|[still]\n|-fail|p2a: Suicune\n|move|p1a: Primarina|Moonblast|p2a: Suicune\n|-damage|p2a: Suicune|72/298 slp\n|\n|-heal|p2a: Suicune|90/298 slp|[from] item: Leftovers\n|-heal|p1a: Primarina|268/268|[from] item: Leftovers\n|upkeep\n|turn|31\n|\n|t:|1781452442\n|-curestatus|p2a: Suicune|slp|[msg]\n|move|p2a: Suicune|Rest|p2a: Suicune\n|-status|p2a: Suicune|slp|[from] move: Rest\n|-heal|p2a: Suicune|298/298 slp|[silent]\n|move|p1a: Primarina|Moonblast|p2a: Suicune\n|-damage|p2a: Suicune|196/298 slp\n|\n|-heal|p2a: Suicune|214/298 slp|[from] item: Leftovers\n|upkeep\n|turn|32\n|\n|t:|1781452455\n|cant|p2a: Suicune|slp\n|move|p2a: Suicune|Sleep Talk|p2a: Suicune\n|move|p2a: Suicune|Scald|p1a: Primarina|[from] move: Sleep Talk\n|-resisted|p1a: Primarina\n|-damage|p1a: Primarina|241/268\n|move|p1a: Primarina|Moonblast|p2a: Suicune\n|-damage|p2a: Suicune|118/298 slp\n|\n|-heal|p2a: Suicune|136/298 slp|[from] item: Leftovers\n|-heal|p1a: Primarina|257/268|[from] item: Leftovers\n|upkeep\n|turn|33\n|\n|t:|1781452466\n|cant|p2a: Suicune|slp\n|move|p2a: Suicune|Sleep Talk|p2a: Suicune\n|move|p2a: Suicune|Calm Mind|p2a: Suicune|[from] move: Sleep Talk\n|-boost|p2a: Suicune|spa|1\n|-boost|p2a: Suicune|spd|0\n|move|p1a: Primarina|Moonblast|p2a: Suicune\n|-damage|p2a: Suicune|43/298 slp\n|\n|-heal|p2a: Suicune|61/298 slp|[from] item: Leftovers\n|-heal|p1a: Primarina|268/268|[from] item: Leftovers\n|upkeep\n|turn|34\n|\n|t:|1781452480\n|-curestatus|p2a: Suicune|slp|[msg]\n|move|p2a: Suicune|Rest|p2a: Suicune\n|-status|p2a: Suicune|slp|[from] move: Rest\n|-heal|p2a: Suicune|298/298 slp|[silent]\n|move|p1a: Primarina|Moonblast|p2a: Suicune\n|-damage|p2a: Suicune|202/298 slp\n|-unboost|p2a: Suicune|spa|1\n|\n|-heal|p2a: Suicune|220/298 slp|[from] item: Leftovers\n|upkeep\n|turn|35\n|inactive|sumopardo has 120 seconds left.\n|l|\u2606sumopardo\n|inactive|sumopardo disconnected and has a minute to reconnect!\n|player|p1|\n|j|\u2606sumopardo\n|inactive|sumopardo reconnected and has 95 seconds left.\n|player|p1|sumopardo|lance|\n|inactive|sumopardo has 90 seconds left.\n|\n|t:|1781452543\n|cant|p2a: Suicune|slp\n|move|p2a: Suicune|Sleep Talk|p2a: Suicune\n|move|p2a: Suicune|Calm Mind|p2a: Suicune|[from] move: Sleep Talk\n|-boost|p2a: Suicune|spa|1\n|-boost|p2a: Suicune|spd|0\n|move|p1a: Primarina|Psychic Noise|p2a: Suicune\n|-resisted|p2a: Suicune\n|-damage|p2a: Suicune|182/298 slp\n|-start|p2a: Suicune|move: Heal Block\n|\n|upkeep\n|turn|36\n|inactive|sumopardo has 90 seconds left.\n|\n|t:|1781452561\n|cant|p2a: Suicune|slp\n|move|p2a: Suicune|Sleep Talk|p2a: Suicune\n|move|p2a: Suicune|Scald|p1a: Primarina|[from] move: Sleep Talk\n|-resisted|p1a: Primarina\n|-damage|p1a: Primarina|238/268\n|move|p1a: Primarina|Draining Kiss|p2a: Suicune\n|-damage|p2a: Suicune|130/298 slp\n|-heal|p1a: Primarina|268/268|[from] drain|[of] p2a: Suicune\n|\n|-end|p2a: Suicune|move: Heal Block\n|upkeep\n|turn|37\n|inactive|sumopardo has 90 seconds left.\n|\n|t:|1781452574\n|-curestatus|p2a: Suicune|slp|[msg]\n|move|p2a: Suicune|Rest|p2a: Suicune\n|-status|p2a: Suicune|slp|[from] move: Rest\n|-heal|p2a: Suicune|298/298 slp|[silent]\n|move|p1a: Primarina|Psychic Noise|p2a: Suicune\n|-resisted|p2a: Suicune\n|-damage|p2a: Suicune|254/298 slp\n|-start|p2a: Suicune|move: Heal Block\n|\n|upkeep\n|turn|38\n|inactive|sumopardo has 90 seconds left.\n|\n|t:|1781452584\n|cant|p2a: Suicune|slp\n|move|p2a: Suicune|Sleep Talk|p2a: Suicune\n|move|p2a: Suicune|Scald|p1a: Primarina|[from] move: Sleep Talk\n|-resisted|p1a: Primarina\n|-damage|p1a: Primarina|235/268\n|move|p1a: Primarina|Draining Kiss|p2a: Suicune\n|-damage|p2a: Suicune|200/298 slp\n|-heal|p1a: Primarina|268/268|[from] drain|[of] p2a: Suicune\n|\n|-end|p2a: Suicune|move: Heal Block\n|upkeep\n|turn|39\n|inactive|sumopardo has 90 seconds left.\n|\n|t:|1781452598\n|cant|p2a: Suicune|slp\n|move|p2a: Suicune|Sleep Talk|p2a: Suicune\n|move|p2a: Suicune|Scald|p1a: Primarina|[from] move: Sleep Talk\n|-resisted|p1a: Primarina\n|-damage|p1a: Primarina|235/268\n|move|p1a: Primarina|Draining Kiss|p2a: Suicune\n|-damage|p2a: Suicune|146/298 slp\n|-heal|p1a: Primarina|268/268|[from] drain|[of] p2a: Suicune\n|\n|-heal|p2a: Suicune|164/298 slp|[from] item: Leftovers\n|upkeep\n|turn|40\n|inactive|sumopardo has 90 seconds left.\n|\n|t:|1781452615\n|-curestatus|p2a: Suicune|slp|[msg]\n|move|p2a: Suicune|Scald|p1a: Primarina\n|-resisted|p1a: Primarina\n|-damage|p1a: Primarina|235/268\n|move|p1a: Primarina|Draining Kiss|p2a: Suicune\n|-damage|p2a: Suicune|110/298\n|-heal|p1a: Primarina|268/268|[from] drain|[of] p2a: Suicune\n|\n|-heal|p2a: Suicune|128/298|[from] item: Leftovers\n|upkeep\n|turn|41\n|\n|t:|1781452628\n|move|p2a: Suicune|Rest|p2a: Suicune\n|-status|p2a: Suicune|slp|[from] move: Rest\n|-heal|p2a: Suicune|298/298 slp|[silent]\n|move|p1a: Primarina|Psychic Noise|p2a: Suicune\n|-resisted|p2a: Suicune\n|-damage|p2a: Suicune|254/298 slp\n|-start|p2a: Suicune|move: Heal Block\n|\n|upkeep\n|turn|42\n|\n|t:|1781452637\n|cant|p2a: Suicune|slp\n|move|p2a: Suicune|Sleep Talk|p2a: Suicune\n|move|p2a: Suicune|Scald|p1a: Primarina|[from] move: Sleep Talk\n|-resisted|p1a: Primarina\n|-damage|p1a: Primarina|235/268\n|move|p1a: Primarina|Draining Kiss|p2a: Suicune\n|-damage|p2a: Suicune|199/298 slp\n|-heal|p1a: Primarina|268/268|[from] drain|[of] p2a: Suicune\n|\n|-end|p2a: Suicune|move: Heal Block\n|upkeep\n|turn|43\n|\n|t:|1781452652\n|cant|p2a: Suicune|slp\n|move|p2a: Suicune|Sleep Talk|p2a: Suicune\n|move|p2a: Suicune|Rest||[from] move: Sleep Talk|[still]\n|-fail|p2a: Suicune\n|move|p1a: Primarina|Psychic Noise|p2a: Suicune\n|-resisted|p2a: Suicune\n|-damage|p2a: Suicune|157/298 slp\n|-start|p2a: Suicune|move: Heal Block\n|\n|upkeep\n|turn|44\n|\n|t:|1781452661\n|-curestatus|p2a: Suicune|slp|[msg]\n|move|p2a: Suicune|Scald|p1a: Primarina\n|-resisted|p1a: Primarina\n|-damage|p1a: Primarina|235/268\n|-status|p1a: Primarina|brn\n|move|p1a: Primarina|Draining Kiss|p2a: Suicune\n|-damage|p2a: Suicune|97/298\n|-heal|p1a: Primarina|268/268 brn|[from] drain|[of] p2a: Suicune\n|\n|-damage|p1a: Primarina|252/268 brn|[from] brn\n|-end|p2a: Suicune|move: Heal Block\n|upkeep\n|turn|45\n|\n|t:|1781452679\n|move|p2a: Suicune|Rest|p2a: Suicune\n|-status|p2a: Suicune|slp|[from] move: Rest\n|-heal|p2a: Suicune|298/298 slp|[silent]\n|move|p1a: Primarina|Psychic Noise|p2a: Suicune\n|-resisted|p2a: Suicune\n|-damage|p2a: Suicune|256/298 slp\n|-start|p2a: Suicune|move: Heal Block\n|\n|-heal|p1a: Primarina|268/268 brn|[from] item: Leftovers\n|-damage|p1a: Primarina|252/268 brn|[from] brn\n|upkeep\n|turn|46\n|\n|t:|1781452691\n|cant|p2a: Suicune|slp\n|move|p2a: Suicune|Sleep Talk|p2a: Suicune\n|move|p2a: Suicune|Calm Mind|p2a: Suicune|[from] move: Sleep Talk\n|-boost|p2a: Suicune|spa|0\n|-boost|p2a: Suicune|spd|0\n|move|p1a: Primarina|Psychic Noise|p2a: Suicune\n|-resisted|p2a: Suicune\n|-damage|p2a: Suicune|214/298 slp\n|\n|-heal|p1a: Primarina|268/268 brn|[from] item: Leftovers\n|-damage|p1a: Primarina|252/268 brn|[from] brn\n|-end|p2a: Suicune|move: Heal Block\n|upkeep\n|turn|47\n|\n|t:|1781452706\n|cant|p2a: Suicune|slp\n|move|p2a: Suicune|Sleep Talk|p2a: Suicune\n|move|p2a: Suicune|Scald|p1a: Primarina|[from] move: Sleep Talk\n|-resisted|p1a: Primarina\n|-damage|p1a: Primarina|219/268 brn\n|move|p1a: Primarina|Psychic Noise|p2a: Suicune\n|-resisted|p2a: Suicune\n|-damage|p2a: Suicune|174/298 slp\n|-start|p2a: Suicune|move: Heal Block\n|\n|-heal|p1a: Primarina|235/268 brn|[from] item: Leftovers\n|-damage|p1a: Primarina|219/268 brn|[from] brn\n|upkeep\n|turn|48\n|inactive|sumopardo has 90 seconds left.\n|\n|t:|1781452729\n|-curestatus|p2a: Suicune|slp|[msg]\n|move|p2a: Suicune|Scald|p1a: Primarina\n|-resisted|p1a: Primarina\n|-damage|p1a: Primarina|186/268 brn\n|move|p1a: Primarina|Calm Mind|p1a: Primarina\n|-boost|p1a: Primarina|spa|0\n|-boost|p1a: Primarina|spd|0\n|\n|-heal|p1a: Primarina|202/268 brn|[from] item: Leftovers\n|-damage|p1a: Primarina|186/268 brn|[from] brn\n|-end|p2a: Suicune|move: Heal Block\n|upkeep\n|turn|49\n|inactive|sumopardo has 90 seconds left.\n|\n|t:|1781452743\n|move|p2a: Suicune|Scald|p1a: Primarina\n|-resisted|p1a: Primarina\n|-damage|p1a: Primarina|153/268 brn\n|move|p1a: Primarina|Draining Kiss|p2a: Suicune\n|-damage|p2a: Suicune|116/298\n|-heal|p1a: Primarina|197/268 brn|[from] drain|[of] p2a: Suicune\n|\n|-heal|p2a: Suicune|134/298|[from] item: Leftovers\n|-heal|p1a: Primarina|213/268 brn|[from] item: Leftovers\n|-damage|p1a: Primarina|197/268 brn|[from] brn\n|upkeep\n|turn|50\n|inactive|sumopardo has 90 seconds left.\n|\n|t:|1781452756\n|move|p2a: Suicune|Rest|p2a: Suicune\n|-status|p2a: Suicune|slp|[from] move: Rest\n|-heal|p2a: Suicune|298/298 slp|[silent]\n|move|p1a: Primarina|Psychic Noise|p2a: Suicune\n|-resisted|p2a: Suicune\n|-damage|p2a: Suicune|256/298 slp\n|-start|p2a: Suicune|move: Heal Block\n|\n|-heal|p1a: Primarina|213/268 brn|[from] item: Leftovers\n|-damage|p1a: Primarina|197/268 brn|[from] brn\n|upkeep\n|turn|51\n|inactive|sumopardo has 90 seconds left.\n|c|\u2606sumopardo|gg you win\n|\n|t:|1781452781\n|cant|p2a: Suicune|slp\n|move|p2a: Suicune|Sleep Talk|p2a: Suicune\n|move|p2a: Suicune|Calm Mind|p2a: Suicune|[from] move: Sleep Talk\n|-boost|p2a: Suicune|spa|0\n|-boost|p2a: Suicune|spd|0\n|move|p1a: Primarina|Moonblast|p2a: Suicune\n|-damage|p2a: Suicune|159/298 slp\n|\n|-heal|p1a: Primarina|213/268 brn|[from] item: Leftovers\n|-damage|p1a: Primarina|197/268 brn|[from] brn\n|-end|p2a: Suicune|move: Heal Block\n|upkeep\n|turn|52\n|c|\u2606lt.nitro|g\n|c|\u2606lt.nitro|gg\n|c|\u2606lt.nitro|you had me, i was scared\n|-message|sumopardo forfeited.\n|\n|win|lt.nitro\n|raw|sumopardo's rating: 1551 &rarr; <strong>1531</strong><br />(-20 for losing)\n|raw|lt.nitro's rating: 1555 &rarr; <strong>1575</strong><br />(+20 for winning)\n|l|\u2606sumopardo\n|player|p1|\n", "inputlog": ">version a8376a258c1d4662feba110a92103f3664a72141\n>start {\"formatid\":\"gen9randombattle\",\"seed\":\"sodium,625b53c26a2f9dd3ef3f93a1d49ae938\",\"rated\":\"Rated battle\"}\n>player p1 {\"name\":\"sumopardo\",\"avatar\":\"lance\",\"rating\":1551,\"seed\":\"sodium,3f1222b2e1500caf7a80bb061836a35b\"}\n>player p2 {\"name\":\"lt.nitro\",\"avatar\":\"ltsurge\",\"rating\":1555,\"seed\":\"sodium,855c46acd1dc53b779ef6374e9284352\"}\n>p1 move sludgebomb\n>p2 move leechseed\n>p2 switch 2\n>p1 switch 6\n>p2 move nastyplot\n>p1 move thunderwave\n>p2 move focusblast\n>p1 move thunderbolt\n>p2 move psychic\n>p1 switch 2\n>p1 move powerwhip\n>p2 move psychic\n>p1 move powerwhip\n>p2 switch 5\n>p1 move synthesis\n>p2 move toxicspikes\n>p1 move rapidspin\n>p2 move sludgewave\n>p1 switch 6\n>p1 move dynamaxcannon\n>p2 move toxicspikes\n>p1 move dynamaxcannon\n>p2 switch 5\n>p1 move dynamaxcannon\n>p2 move psychic\n>p2 switch 3\n>p1 switch 5\n>p2 move dragonpulse\n>p1 move drainpunch\n>p2 move aurasphere\n>p1 move drainpunch\n>p2 move waterpulse\n>p1 switch 5\n>p2 switch 6\n>p1 move dynamaxcannon terastallize\n>p2 move shedtail\n>p2 switch 4\n>p1 switch 4\n>p2 move calmmind\n>p1 move calmmind\n>p2 move scald\n>p1 move calmmind\n>p2 move calmmind\n>p1 move calmmind\n>p2 move scald\n>p1 move calmmind\n>p2 move calmmind\n>p1 move calmmind\n>p2 move calmmind\n>p1 move calmmind\n>p2 move scald\n>p1 move moonblast\n>p2 move calmmind\n>p1 move moonblast\n>p2 move scald\n>p1 move moonblast\n>p2 move rest\n>p1 move moonblast\n>p2 move sleeptalk\n>p1 move moonblast\n>p2 move sleeptalk\n>p1 move drainingkiss\n>p2 move rest\n>p1 move moonblast\n>p2 move sleeptalk\n>p1 move moonblast\n>p2 move sleeptalk\n>p1 move moonblast\n>p2 move rest\n>p1 move moonblast\n>p2 move sleeptalk\n>p1 move moonblast\n>p2 move sleeptalk\n>p1 move moonblast\n>p2 move rest\n>p1 move psychicnoise\n>p2 move sleeptalk\n>p1 move drainingkiss\n>p2 move sleeptalk\n>p1 move psychicnoise\n>p2 move rest\n>p1 move drainingkiss\n>p2 move sleeptalk\n>p1 move drainingkiss\n>p2 move sleeptalk\n>p1 move drainingkiss\n>p2 move scald\n>p1 move psychicnoise\n>p2 move rest\n>p1 move drainingkiss\n>p2 move sleeptalk\n>p1 move psychicnoise\n>p2 move sleeptalk\n>p1 move drainingkiss\n>p2 move scald\n>p1 move psychicnoise\n>p2 move rest\n>p1 move psychicnoise\n>p2 move sleeptalk\n>p1 move psychicnoise\n>p2 move sleeptalk\n>p1 move calmmind\n>p2 move scald\n>p1 move drainingkiss\n>p2 move scald\n>p1 move psychicnoise\n>p2 move rest\n>chat \u2606sumopardo|gg you win\n>p1 move moonblast\n>p2 move sleeptalk\n>chat \u2606lt.nitro|g\n>chat \u2606lt.nitro|gg\n>chat \u2606lt.nitro|you had me, i was scared\n>forcelose p1", "uploadtime": 1781452808, "views": 4, "formatid": "gen9randombattle", "rating": 1531, "private": 0, "password": null, "player_dets": [{"name": "sumopardo", "avatar": "lance", "rating": 1551, "seed": "sodium,3f1222b2e1500caf7a80bb061836a35b"}, {"name": "lt.nitro", "avatar": "ltsurge", "rating": 1555, "seed": "sodium,855c46acd1dc53b779ef6374e9284352"}], "teams_full": [{"Eternatus": {"name": "Eternatus", "species": "Eternatus", "speciesId": "eternatus", "gender": "N", "shiny": false, "level": 69, "moves": ["fireblast", "recover", "sludgebomb", "dynamaxcannon"], "ability": "Pressure", "evs": {"hp": 85, "atk": 0, "def": 85, "spa": 85, "spd": 85, "spe": 85}, "ivs": {"hp": 31, "atk": 0, "def": 31, "spa": 31, "spd": 31, "spe": 31}, "item": "Rocky Helmet", "teraType": "Fire", "role": "Bulky Attacker", "bvs": {"hp": 140, "atk": 85, "def": 95, "spa": 145, "spd": 95, "spe": 130}, "stats": {"hp": 308, "atk": 122, "def": 171, "spa": 240, "spd": 171, "spe": 220}, "types": ["Poison", "Dragon"]}, "Tsareena": {"name": "Tsareena", "species": "Tsareena", "speciesId": "tsareena", "gender": "F", "shiny": false, "level": 87, "moves": ["powerwhip", "rapidspin", "highjumpkick", "synthesis"], "ability": "Queenly Majesty", "evs": {"hp": 85, "atk": 85, "def": 85, "spa": 85, "spd": 85, "spe": 85}, "ivs": {"hp": 31, "atk": 31, "def": 31, "spa": 31, "spd": 31, "spe": 31}, "item": "Heavy-Duty Boots", "teraType": "Steel", "role": "Fast Support", "bvs": {"hp": 72, "atk": 120, "def": 98, "spa": 50, "spd": 98, "spe": 72}, "stats": {"hp": 267, "atk": 259, "def": 220, "spa": 137, "spd": 220, "spe": 175}, "types": ["Grass"]}, "Magcargo": {"name": "Magcargo", "species": "Magcargo", "speciesId": "magcargo", "gender": "F", "shiny": false, "level": 95, "moves": ["lavaplume", "stealthrock", "powergem", "recover"], "ability": "Flame Body", "evs": {"hp": 85, "atk": 0, "def": 85, "spa": 85, "spd": 85, "spe": 85}, "ivs": {"hp": 31, "atk": 0, "def": 31, "spa": 31, "spd": 31, "spe": 31}, "item": "Heavy-Duty Boots", "teraType": "Grass", "role": "Bulky Support", "bvs": {"hp": 60, "atk": 50, "def": 120, "spa": 90, "spd": 80, "spe": 30}, "stats": {"hp": 268, "atk": 100, "def": 282, "spa": 225, "spd": 206, "spe": 111}, "types": ["Fire", "Rock"]}, "Primarina": {"name": "Primarina", "species": "Primarina", "speciesId": "primarina", "gender": "F", "shiny": false, "level": 83, "moves": ["moonblast", "drainingkiss", "calmmind", "psychicnoise"], "ability": "Liquid Voice", "evs": {"hp": 85, "atk": 0, "def": 85, "spa": 85, "spd": 85, "spe": 85}, "ivs": {"hp": 31, "atk": 0, "def": 31, "spa": 31, "spd": 31, "spe": 31}, "item": "Leftovers", "teraType": "Fairy", "role": "Bulky Setup", "bvs": {"hp": 80, "atk": 74, "def": 74, "spa": 126, "spd": 116, "spe": 60}, "stats": {"hp": 268, "atk": 127, "def": 171, "spa": 257, "spd": 240, "spe": 147}, "types": ["Water", "Fairy"]}, "Crabominable": {"name": "Crabominable", "species": "Crabominable", "speciesId": "crabominable", "gender": "F", "shiny": false, "level": 90, "moves": ["knockoff", "earthquake", "icehammer", "drainpunch"], "ability": "Iron Fist", "evs": {"hp": 85, "atk": 85, "def": 85, "spa": 85, "spd": 85, "spe": 85}, "ivs": {"hp": 31, "atk": 31, "def": 31, "spa": 31, "spd": 31, "spe": 31}, "item": "Assault Vest", "teraType": "Water", "role": "AV Pivot", "bvs": {"hp": 97, "atk": 132, "def": 77, "spa": 62, "spd": 67, "spe": 43}, "stats": {"hp": 321, "atk": 289, "def": 190, "spa": 163, "spd": 172, "spe": 129}, "types": ["Fighting", "Ice"]}, "Regice": {"name": "Regice", "species": "Regice", "speciesId": "regice", "gender": "N", "shiny": false, "level": 88, "moves": ["bodypress", "thunderbolt", "icebeam", "thunderwave"], "ability": "Clear Body", "evs": {"hp": 85, "atk": 0, "def": 85, "spa": 85, "spd": 85, "spe": 85}, "ivs": {"hp": 31, "atk": 0, "def": 31, "spa": 31, "spd": 31, "spe": 31}, "item": "Heavy-Duty Boots", "teraType": "Electric", "role": "Bulky Attacker", "bvs": {"hp": 80, "atk": 50, "def": 100, "spa": 100, "spd": 200, "spe": 50}, "stats": {"hp": 284, "atk": 93, "def": 226, "spa": 226, "spd": 402, "spe": 138}, "types": ["Ice"]}}, {"Scovillain": {"name": "Scovillain", "species": "Scovillain", "speciesId": "scovillain", "gender": "F", "shiny": false, "level": 91, "moves": ["flamethrower", "substitute", "leechseed", "protect"], "ability": "Chlorophyll", "evs": {"hp": 85, "atk": 0, "def": 85, "spa": 85, "spd": 85, "spe": 85}, "ivs": {"hp": 31, "atk": 0, "def": 31, "spa": 31, "spd": 31, "spe": 31}, "item": "Leftovers", "teraType": "Steel", "role": "Bulky Attacker", "bvs": {"hp": 65, "atk": 108, "def": 65, "spa": 108, "spd": 65, "spe": 75}, "stats": {"hp": 266, "atk": 201, "def": 170, "spa": 248, "spd": 170, "spe": 188}, "types": ["Grass", "Fire"]}, "Grumpig": {"name": "Grumpig", "species": "Grumpig", "speciesId": "grumpig", "gender": "M", "shiny": false, "level": 92, "moves": ["psychic", "nastyplot", "focusblast", "shadowball"], "ability": "Thick Fat", "evs": {"hp": 85, "atk": 0, "def": 85, "spa": 85, "spd": 85, "spe": 85}, "ivs": {"hp": 31, "atk": 0, "def": 31, "spa": 31, "spd": 31, "spe": 31}, "item": "Leftovers", "teraType": "Fighting", "role": "Bulky Setup", "bvs": {"hp": 80, "atk": 45, "def": 65, "spa": 90, "spd": 110, "spe": 80}, "stats": {"hp": 297, "atk": 87, "def": 172, "spa": 218, "spd": 255, "spe": 200}, "types": ["Psychic"]}, "Clawitzer": {"name": "Clawitzer", "species": "Clawitzer", "speciesId": "clawitzer", "gender": "F", "shiny": false, "level": 87, "moves": ["dragonpulse", "waterpulse", "uturn", "aurasphere"], "ability": "Mega Launcher", "evs": {"hp": 85, "atk": 85, "def": 85, "spa": 85, "spd": 85, "spe": 85}, "ivs": {"hp": 31, "atk": 31, "def": 31, "spa": 31, "spd": 31, "spe": 31}, "item": "Assault Vest", "teraType": "Dragon", "role": "AV Pivot", "bvs": {"hp": 71, "atk": 73, "def": 88, "spa": 120, "spd": 89, "spe": 59}, "stats": {"hp": 265, "atk": 177, "def": 203, "spa": 259, "spd": 205, "spe": 152}, "types": ["Water"]}, "Suicune": {"name": "Suicune", "species": "Suicune", "speciesId": "suicune", "gender": "N", "shiny": false, "level": 82, "moves": ["calmmind", "rest", "sleeptalk", "scald"], "ability": "Pressure", "evs": {"hp": 85, "atk": 0, "def": 85, "spa": 85, "spd": 85, "spe": 85}, "ivs": {"hp": 31, "atk": 0, "def": 31, "spa": 31, "spd": 31, "spe": 31}, "item": "Leftovers", "teraType": "Dragon", "role": "Bulky Attacker", "bvs": {"hp": 100, "atk": 75, "def": 115, "spa": 90, "spd": 115, "spe": 85}, "stats": {"hp": 298, "atk": 127, "def": 236, "spa": 195, "spd": 236, "spe": 187}, "types": ["Water"]}, "Iron Moth": {"name": "Iron Moth", "species": "Iron Moth", "speciesId": "ironmoth", "gender": "N", "shiny": false, "level": 78, "moves": ["sludgewave", "toxicspikes", "energyball", "fireblast"], "ability": "Quark Drive", "evs": {"hp": 85, "atk": 0, "def": 85, "spa": 85, "spd": 85, "spe": 85}, "ivs": {"hp": 31, "atk": 0, "def": 31, "spa": 31, "spd": 31, "spe": 31}, "item": "Heavy-Duty Boots", "teraType": "Grass", "role": "Fast Attacker", "bvs": {"hp": 80, "atk": 70, "def": 60, "spa": 140, "spd": 110, "spe": 110}, "stats": {"hp": 253, "atk": 114, "def": 139, "spa": 263, "spd": 217, "spe": 217}, "types": ["Fire", "Poison"]}, "Cyclizar": {"name": "Cyclizar", "species": "Cyclizar", "speciesId": "cyclizar", "gender": "M", "shiny": false, "level": 83, "moves": ["shedtail", "dracometeor", "rapidspin", "taunt"], "ability": "Regenerator", "evs": {"hp": 85, "atk": 85, "def": 85, "spa": 85, "spd": 85, "spe": 85}, "ivs": {"hp": 31, "atk": 31, "def": 31, "spa": 31, "spd": 31, "spe": 31}, "item": "Heavy-Duty Boots", "teraType": "Steel", "role": "Fast Support", "bvs": {"hp": 70, "atk": 95, "def": 65, "spa": 85, "spd": 65, "spe": 121}, "stats": {"hp": 252, "atk": 205, "def": 156, "spa": 189, "spd": 156, "spe": 249}, "types": ["Dragon", "Normal"]}}]}