{"id": "gen9randombattle-2631723035", "format": "[Gen 9] Random Battle", "players": ["SturmBrightblade", "junghoking"], "log": "|j|\u2606SturmBrightblade\n|j|\u2606junghoking\n|t:|1781428733\n|gametype|singles\n|player|p1|SturmBrightblade|170|1905\n|player|p2|junghoking|nate|1968\n|gen|9\n|tier|[Gen 9] Random Battle\n|rated|\n|rule|Species Clause: Limit one of each Pok\u00e9mon\n|rule|HP Percentage Mod: HP is shown in percentages\n|rule|Sleep Clause Mod: Limit one foe put to sleep\n|rule|Illusion Level Mod: Illusion disguises the Pok\u00e9mon's true level\n|\n|t:|1781428733\n|teamsize|p1|6\n|teamsize|p2|6\n|start\n|switch|p1a: Dewgong|Dewgong, L94, F|322/322\n|switch|p2a: Bastiodon|Bastiodon, L89, F|252/252\n|turn|1\n|inactive|Battle timer is ON: inactive players will automatically lose when time's up. (requested by SturmBrightblade)\n|\n|t:|1781428737\n|move|p1a: Dewgong|Knock Off|p2a: Bastiodon\n|-damage|p2a: Bastiodon|216/252\n|-enditem|p2a: Bastiodon|Chesto Berry|[from] move: Knock Off|[of] p1a: Dewgong\n|move|p2a: Bastiodon|Iron Defense|p2a: Bastiodon\n|-boost|p2a: Bastiodon|def|2\n|\n|upkeep\n|turn|2\n|\n|t:|1781428743\n|move|p1a: Dewgong|Encore|p2a: Bastiodon\n|-start|p2a: Bastiodon|Encore\n|move|p2a: Bastiodon|Iron Defense|p2a: Bastiodon\n|-boost|p2a: Bastiodon|def|2\n|\n|upkeep\n|turn|3\n|\n|t:|1781428748\n|switch|p2a: Shiftry|Shiftry, L89, F|305/305\n|move|p1a: Dewgong|Knock Off|p2a: Shiftry\n|-resisted|p2a: Shiftry\n|-damage|p2a: Shiftry|264/305\n|-enditem|p2a: Shiftry|Life Orb|[from] move: Knock Off|[of] p1a: Dewgong\n|\n|upkeep\n|turn|4\n|\n|t:|1781428758\n|move|p2a: Shiftry|Tailwind|p2a: Shiftry\n|-sidestart|p2: junghoking|move: Tailwind\n|-ability|p2a: Shiftry|Wind Rider|boost\n|-boost|p2a: Shiftry|atk|1\n|move|p1a: Dewgong|Triple Axel|p2a: Shiftry\n|-supereffective|p2a: Shiftry\n|-damage|p2a: Shiftry|210/305\n|-supereffective|p2a: Shiftry\n|-damage|p2a: Shiftry|114/305\n|-hitcount|p2a: Shiftry|2\n|\n|upkeep\n|turn|5\n|\n|t:|1781428770\n|move|p2a: Shiftry|Leaf Blade|p1a: Dewgong\n|-supereffective|p1a: Dewgong\n|-damage|p1a: Dewgong|4/322\n|move|p1a: Dewgong|Triple Axel|p2a: Shiftry\n|-supereffective|p2a: Shiftry\n|-crit|p2a: Shiftry\n|-damage|p2a: Shiftry|40/305\n|-supereffective|p2a: Shiftry\n|-damage|p2a: Shiftry|0 fnt\n|faint|p2a: Shiftry\n|-hitcount|p2: Shiftry|2\n|\n|upkeep\n|\n|t:|1781428780\n|switch|p2a: Bastiodon|Bastiodon, L89, F|216/252\n|turn|6\n|\n|t:|1781428785\n|switch|p1a: Rabsca|Rabsca, L91, M|284/284\n|move|p2a: Bastiodon|Body Press|p1a: Rabsca\n|-resisted|p1a: Rabsca\n|-damage|p1a: Rabsca|263/284\n|\n|upkeep\n|turn|7\n|\n|t:|1781428793\n|move|p2a: Bastiodon|Iron Defense|p2a: Bastiodon\n|-boost|p2a: Bastiodon|def|2\n|move|p1a: Rabsca|Earth Power|p2a: Bastiodon\n|-supereffective|p2a: Bastiodon\n|-damage|p2a: Bastiodon|0 fnt\n|faint|p2a: Bastiodon\n|\n|-sideend|p2: junghoking|move: Tailwind\n|upkeep\n|\n|t:|1781428804\n|switch|p2a: Alomomola|Alomomola, L87, M|429/429\n|turn|8\n|\n|t:|1781428809\n|move|p2a: Alomomola|Scald|p1a: Rabsca\n|-damage|p1a: Rabsca|221/284\n|-status|p1a: Rabsca|brn\n|-activate|p1a: Rabsca|ability: Synchronize\n|-status|p2a: Alomomola|brn\n|move|p1a: Rabsca|Psychic|p2a: Alomomola\n|-damage|p2a: Alomomola|240/429 brn\n|\n|-heal|p2a: Alomomola|266/429 brn|[from] item: Leftovers\n|-damage|p2a: Alomomola|240/429 brn|[from] brn\n|-damage|p1a: Rabsca|204/284 brn|[from] brn\n|upkeep\n|turn|9\n|\n|t:|1781428815\n|move|p2a: Alomomola|Wish|p2a: Alomomola\n|move|p1a: Rabsca|Bug Buzz|p2a: Alomomola\n|-damage|p2a: Alomomola|62/429 brn\n|\n|-heal|p2a: Alomomola|88/429 brn|[from] item: Leftovers\n|-damage|p2a: Alomomola|62/429 brn|[from] brn\n|-damage|p1a: Rabsca|187/284 brn|[from] brn\n|upkeep\n|turn|10\n|\n|t:|1781428824\n|switch|p1a: Amoonguss|Amoonguss, L82, M|321/321\n|move|p2a: Alomomola|Protect||[still]\n|-fail|p2a: Alomomola\n|\n|-heal|p2a: Alomomola|276/429 brn|[from] move: Wish|[wisher] Alomomola\n|-heal|p2a: Alomomola|302/429 brn|[from] item: Leftovers\n|-damage|p2a: Alomomola|276/429 brn|[from] brn\n|upkeep\n|turn|11\n|\n|t:|1781428828\n|move|p2a: Alomomola|Flip Turn|p1a: Amoonguss\n|-resisted|p1a: Amoonguss\n|-damage|p1a: Amoonguss|303/321\n|-damage|p2a: Alomomola|205/429 brn|[from] item: Rocky Helmet|[of] p1a: Amoonguss\n|\n|t:|1781428831\n|switch|p2a: Mesprit|Mesprit, L85|275/275|[from] Flip Turn\n|move|p1a: Amoonguss|Giga Drain|p2a: Mesprit\n|-damage|p2a: Mesprit|212/275\n|-heal|p1a: Amoonguss|321/321|[from] drain|[of] p2a: Mesprit\n|\n|-heal|p2a: Mesprit|229/275|[from] item: Leftovers\n|upkeep\n|turn|12\n|\n|t:|1781428837\n|move|p2a: Mesprit|Psychic Noise|p1a: Amoonguss\n|-supereffective|p1a: Amoonguss\n|-damage|p1a: Amoonguss|139/321\n|-start|p1a: Amoonguss|move: Heal Block\n|move|p1a: Amoonguss|Spore|p2a: Mesprit\n|-status|p2a: Mesprit|slp|[from] move: Spore\n|\n|-heal|p2a: Mesprit|246/275 slp|[from] item: Leftovers\n|upkeep\n|turn|13\n|\n|t:|1781428842\n|switch|p2a: Swalot|Swalot, L90, M|326/326\n|switch|p1a: Hoopa|Hoopa-Unbound, L80|259/259\n|\n|upkeep\n|turn|14\n|\n|t:|1781428851\n|move|p1a: Hoopa|Trick|p2a: Swalot\n|-activate|p1a: Hoopa|move: Trick|[of] p2a: Swalot\n|-item|p2a: Swalot|Choice Scarf|[from] move: Trick\n|-item|p1a: Hoopa|Leftovers|[from] move: Trick\n|move|p2a: Swalot|Swords Dance|p2a: Swalot\n|-boost|p2a: Swalot|atk|2\n|\n|upkeep\n|turn|15\n|\n|t:|1781428859\n|switch|p2a: Alomomola|Alomomola, L87, M|348/429 brn\n|move|p1a: Hoopa|Hyperspace Fury|p2a: Alomomola\n|-damage|p2a: Alomomola|203/429 brn\n|-unboost|p1a: Hoopa|def|1\n|\n|-heal|p2a: Alomomola|229/429 brn|[from] item: Leftovers\n|-damage|p2a: Alomomola|203/429 brn|[from] brn\n|upkeep\n|turn|16\n|\n|t:|1781428864\n|move|p1a: Hoopa|Psychic|p2a: Alomomola\n|-damage|p2a: Alomomola|0 fnt\n|faint|p2a: Alomomola\n|\n|upkeep\n|\n|t:|1781428868\n|switch|p2a: Swalot|Swalot, L90, M|326/326\n|turn|17\n|\n|t:|1781428871\n|switch|p1a: Dewgong|Dewgong, L94, F|4/322\n|move|p2a: Swalot|Knock Off|p1a: Dewgong\n|-damage|p1a: Dewgong|0 fnt\n|-enditem|p1a: Dewgong|Heavy-Duty Boots|[from] move: Knock Off|[of] p2a: Swalot\n|faint|p1a: Dewgong\n|\n|upkeep\n|\n|t:|1781428879\n|switch|p1a: Toedscruel|Toedscruel, L87, F|281/281\n|turn|18\n|\n|t:|1781428885\n|move|p2a: Swalot|Knock Off|p1a: Toedscruel\n|-damage|p1a: Toedscruel|204/281\n|-enditem|p1a: Toedscruel|Leftovers|[from] move: Knock Off|[of] p2a: Swalot\n|move|p1a: Toedscruel|Earth Power|p2a: Swalot\n|-supereffective|p2a: Swalot\n|-damage|p2a: Swalot|156/326\n|\n|upkeep\n|turn|19\n|\n|t:|1781428892\n|switch|p2a: Mesprit|Mesprit, L85|246/275 slp\n|move|p1a: Toedscruel|Earth Power|p2a: Mesprit\n|-immune|p2a: Mesprit|[from] ability: Levitate\n|\n|-heal|p2a: Mesprit|263/275 slp|[from] item: Leftovers\n|upkeep\n|turn|20\n|\n|t:|1781428895\n|move|p1a: Toedscruel|Giga Drain|p2a: Mesprit\n|-damage|p2a: Mesprit|199/275 slp\n|-heal|p1a: Toedscruel|236/281|[from] drain|[of] p2a: Mesprit\n|cant|p2a: Mesprit|slp\n|\n|-heal|p2a: Mesprit|216/275 slp|[from] item: Leftovers\n|upkeep\n|turn|21\n|\n|t:|1781428898\n|move|p1a: Toedscruel|Giga Drain|p2a: Mesprit\n|-damage|p2a: Mesprit|152/275 slp\n|-heal|p1a: Toedscruel|268/281|[from] drain|[of] p2a: Mesprit\n|cant|p2a: Mesprit|slp\n|\n|-heal|p2a: Mesprit|169/275 slp|[from] item: Leftovers\n|upkeep\n|turn|22\n|\n|t:|1781428902\n|cant|p2a: Mesprit|slp\n|move|p1a: Toedscruel|Spore|p2a: Mesprit\n|-fail|p2a: Mesprit|slp\n|\n|-heal|p2a: Mesprit|186/275 slp|[from] item: Leftovers\n|upkeep\n|turn|23\n|\n|t:|1781428904\n|-curestatus|p2a: Mesprit|slp|[msg]\n|move|p2a: Mesprit|U-turn|p1a: Toedscruel\n|-supereffective|p1a: Toedscruel\n|-damage|p1a: Toedscruel|136/281\n|\n|t:|1781428908\n|switch|p2a: Swalot|Swalot, L90, M|156/326|[from] U-turn\n|move|p1a: Toedscruel|Spore|p2a: Swalot\n|-status|p2a: Swalot|slp|[from] move: Spore\n|\n|upkeep\n|turn|24\n|\n|t:|1781428912\n|cant|p2a: Swalot|slp\n|move|p1a: Toedscruel|Earth Power|p2a: Swalot\n|-supereffective|p2a: Swalot\n|-damage|p2a: Swalot|0 fnt\n|faint|p2a: Swalot\n|\n|upkeep\n|\n|t:|1781428914\n|switch|p2a: Mesprit|Mesprit, L85|186/275\n|turn|25\n|\n|t:|1781428917\n|move|p2a: Mesprit|U-turn|p1a: Toedscruel\n|-supereffective|p1a: Toedscruel\n|-damage|p1a: Toedscruel|0 fnt\n|faint|p1a: Toedscruel\n|\n|t:|1781428919\n|switch|p2a: Mudsdale|Mudsdale, L83, F|302/302|[from] U-turn\n|\n|upkeep\n|\n|t:|1781428922\n|switch|p1a: Amoonguss|Amoonguss, L82, M|246/321\n|turn|26\n|\n|t:|1781428927\n|switch|p2a: Mesprit|Mesprit, L85|186/275\n|move|p1a: Amoonguss|Spore|p2a: Mesprit\n|-status|p2a: Mesprit|slp|[from] move: Spore\n|\n|-heal|p2a: Mesprit|203/275 slp|[from] item: Leftovers\n|upkeep\n|turn|27\n|\n|t:|1781428931\n|switch|p1a: Flareon|Flareon, L90, F|263/263\n|cant|p2a: Mesprit|slp\n|\n|-heal|p2a: Mesprit|220/275 slp|[from] item: Leftovers\n|-status|p1a: Flareon|tox|[from] item: Toxic Orb\n|upkeep\n|turn|28\n|\n|t:|1781428939\n|switch|p2a: Mudsdale|Mudsdale, L83, F|302/302\n|move|p1a: Flareon|Facade|p2a: Mudsdale\n|-damage|p2a: Mudsdale|97/302\n|-ability|p2a: Mudsdale|Stamina|boost\n|-boost|p2a: Mudsdale|def|1\n|\n|-heal|p2a: Mudsdale|115/302|[from] item: Leftovers\n|-damage|p1a: Flareon|247/263 tox|[from] psn\n|upkeep\n|turn|29\n|\n|t:|1781428944\n|-terastallize|p1a: Flareon|Normal\n|move|p1a: Flareon|Facade|p2a: Mudsdale\n|-damage|p2a: Mudsdale|0 fnt\n|faint|p2a: Mudsdale\n|\n|-damage|p1a: Flareon|215/263 tox|[from] psn\n|upkeep\n|l|\u2606junghoking\n|inactive|junghoking disconnected and has a minute to reconnect!\n|player|p2|\n|inactive|junghoking has 30 seconds to reconnect!\n|inactive|junghoking has 20 seconds to reconnect!\n|inactive|junghoking has 15 seconds to reconnect!\n|inactive|junghoking has 10 seconds to reconnect!\n|inactive|junghoking has 5 seconds to reconnect!\n|-message|junghoking lost due to inactivity.\n|\n|win|SturmBrightblade\n", "inputlog": ">version a8376a258c1d4662feba110a92103f3664a72141\n>start {\"formatid\":\"gen9randombattle\",\"seed\":\"sodium,43bbb52443609a2e13a8c6382d28538e\",\"rated\":\"Rated battle\"}\n>player p1 {\"name\":\"SturmBrightblade\",\"avatar\":\"170\",\"rating\":1905,\"seed\":\"sodium,7d0eef3b02ba9d7d2ca2df3d1a30f902\"}\n>player p2 {\"name\":\"junghoking\",\"avatar\":\"nate\",\"rating\":1968,\"seed\":\"sodium,019ea07d4eff73cd9c6d1687b63c7673\"}\n>p1 move knockoff\n>p2 move irondefense\n>p1 move encore\n>p2 move bodypress\n>p1 move knockoff\n>p2 switch 6\n>p1 move tripleaxel\n>p2 move tailwind\n>p1 move tripleaxel\n>p2 move leafblade\n>p2 switch 6\n>p1 switch 3\n>p2 move bodypress\n>p1 move earthpower\n>p2 move irondefense\n>p2 switch 5\n>p1 move psychic\n>p2 move scald\n>p1 move bugbuzz\n>p2 move wish\n>p1 switch 4\n>p2 move protect\n>p1 move gigadrain\n>p2 move flipturn\n>p2 switch 2\n>p1 move spore\n>p2 move psychicnoise\n>p1 switch 5\n>p2 switch 4\n>p1 move trick\n>p2 move swordsdance\n>p1 move hyperspacefury\n>p2 switch 2\n>p1 move psychic\n>p2 move wish\n>p2 switch 2\n>p1 switch 3\n>p2 move knockoff\n>p1 switch 6\n>p1 move earthpower\n>p2 move knockoff\n>p1 move earthpower\n>p2 switch 4\n>p1 move gigadrain\n>p2 move uturn\n>p1 move gigadrain\n>p2 move knockoff\n>p1 move spore\n>p2 move uturn\n>p1 move spore\n>p2 move uturn\n>p2 switch 4\n>p1 move earthpower\n>p2 move gunkshot\n>p2 switch 4\n>p1 move spore\n>p2 move uturn\n>p2 switch 3\n>p1 switch 5\n>p1 move spore\n>p2 switch 3\n>p1 switch 2\n>p2 move psychicnoise\n>p1 move facade\n>p2 switch 3\n>p1 move facade terastallize\n>p2 move earthquake\n>forcelose p2", "uploadtime": 1781428734, "views": 5, "formatid": "gen9randombattle", "rating": null, "private": 0, "password": null, "player_dets": [{"name": "SturmBrightblade", "avatar": "170", "rating": 1905, "seed": "sodium,7d0eef3b02ba9d7d2ca2df3d1a30f902"}, {"name": "junghoking", "avatar": "nate", "rating": 1968, "seed": "sodium,019ea07d4eff73cd9c6d1687b63c7673"}], "teams_full": [{"Dewgong": {"name": "Dewgong", "species": "Dewgong", "speciesId": "dewgong", "gender": "F", "shiny": false, "level": 94, "moves": ["surf", "encore", "knockoff", "tripleaxel"], "ability": "Thick Fat", "evs": {"hp": 85, "atk": 85, "def": 85, "spa": 85, "spd": 85, "spe": 85}, "ivs": {"hp": 31, "atk": 31, "def": 31, "spa": 31, "spd": 31, "spe": 31}, "item": "Heavy-Duty Boots", "teraType": "Steel", "role": "Bulky Attacker", "bvs": {"hp": 90, "atk": 70, "def": 80, "spa": 70, "spd": 95, "spe": 70}, "stats": {"hp": 322, "atk": 185, "def": 204, "spa": 185, "spd": 232, "spe": 185}, "types": ["Water", "Ice"]}, "Flareon": {"name": "Flareon", "species": "Flareon", "speciesId": "flareon", "gender": "F", "shiny": false, "level": 90, "moves": ["quickattack", "facade", "flareblitz", "trailblaze"], "ability": "Guts", "evs": {"hp": 85, "atk": 85, "def": 85, "spa": 85, "spd": 85, "spe": 85}, "ivs": {"hp": 31, "atk": 31, "def": 31, "spa": 31, "spd": 31, "spe": 31}, "item": "Toxic Orb", "teraType": "Normal", "role": "Setup Sweeper", "bvs": {"hp": 65, "atk": 130, "def": 60, "spa": 95, "spd": 110, "spe": 65}, "stats": {"hp": 263, "atk": 285, "def": 159, "spa": 222, "spd": 249, "spe": 168}, "types": ["Fire"]}, "Rabsca": {"name": "Rabsca", "species": "Rabsca", "speciesId": "rabsca", "gender": "M", "shiny": false, "level": 91, "moves": ["bugbuzz", "psychic", "revivalblessing", "earthpower"], "ability": "Synchronize", "evs": {"hp": 85, "atk": 0, "def": 85, "spa": 85, "spd": 85, "spe": 85}, "ivs": {"hp": 31, "atk": 0, "def": 31, "spa": 31, "spd": 31, "spe": 31}, "item": "Heavy-Duty Boots", "teraType": "Steel", "role": "Wallbreaker", "bvs": {"hp": 75, "atk": 50, "def": 85, "spa": 115, "spd": 100, "spe": 45}, "stats": {"hp": 284, "atk": 96, "def": 207, "spa": 261, "spd": 234, "spe": 134}, "types": ["Bug", "Psychic"]}, "Amoonguss": {"name": "Amoonguss", "species": "Amoonguss", "speciesId": "amoonguss", "gender": "M", "shiny": false, "level": 82, "moves": ["gigadrain", "stompingtantrum", "spore", "sludgebomb"], "ability": "Regenerator", "evs": {"hp": 85, "atk": 85, "def": 85, "spa": 85, "spd": 85, "spe": 85}, "ivs": {"hp": 31, "atk": 31, "def": 31, "spa": 31, "spd": 31, "spe": 31}, "item": "Rocky Helmet", "teraType": "Water", "role": "Bulky Attacker", "bvs": {"hp": 114, "atk": 85, "def": 70, "spa": 85, "spd": 80, "spe": 30}, "stats": {"hp": 321, "atk": 187, "def": 162, "spa": 187, "spd": 178, "spe": 96}, "types": ["Grass", "Poison"]}, "Hoopa": {"name": "Hoopa", "species": "Hoopa-Unbound", "speciesId": "hoopaunbound", "gender": "N", "shiny": false, "level": 80, "moves": ["trick", "focusblast", "hyperspacefury", "psychic"], "ability": "Magician", "evs": {"hp": 85, "atk": 85, "def": 85, "spa": 85, "spd": 85, "spe": 85}, "ivs": {"hp": 31, "atk": 31, "def": 31, "spa": 31, "spd": 31, "spe": 31}, "item": "Choice Scarf", "teraType": "Fighting", "role": "Bulky Attacker", "bvs": {"hp": 80, "atk": 160, "def": 60, "spa": 170, "spd": 130, "spe": 80}, "stats": {"hp": 259, "atk": 302, "def": 142, "spa": 318, "spd": 254, "spe": 174}, "types": ["Psychic", "Dark"]}, "Toedscruel": {"name": "Toedscruel", "species": "Toedscruel", "speciesId": "toedscruel", "gender": "F", "shiny": false, "level": 87, "moves": ["earthpower", "gigadrain", "rapidspin", "spore"], "ability": "Mycelium Might", "evs": {"hp": 85, "atk": 85, "def": 85, "spa": 85, "spd": 85, "spe": 85}, "ivs": {"hp": 31, "atk": 31, "def": 31, "spa": 31, "spd": 31, "spe": 31}, "item": "Leftovers", "teraType": "Water", "role": "Bulky Support", "bvs": {"hp": 80, "atk": 70, "def": 65, "spa": 80, "spd": 120, "spe": 100}, "stats": {"hp": 281, "atk": 172, "def": 163, "spa": 189, "spd": 259, "spe": 224}, "types": ["Ground", "Grass"]}}, {"Bastiodon": {"name": "Bastiodon", "species": "Bastiodon", "speciesId": "bastiodon", "gender": "F", "shiny": false, "level": 89, "moves": ["foulplay", "irondefense", "rest", "bodypress"], "ability": "Soundproof", "evs": {"hp": 85, "atk": 0, "def": 85, "spa": 85, "spd": 85, "spe": 85}, "ivs": {"hp": 31, "atk": 0, "def": 31, "spa": 31, "spd": 31, "spe": 31}, "item": "Chesto Berry", "teraType": "Fighting", "role": "Bulky Setup", "bvs": {"hp": 60, "atk": 52, "def": 168, "spa": 47, "spd": 138, "spe": 30}, "stats": {"hp": 252, "atk": 97, "def": 350, "spa": 134, "spd": 296, "spe": 104}, "types": ["Rock", "Steel"]}, "Mesprit": {"name": "Mesprit", "species": "Mesprit", "speciesId": "mesprit", "gender": "N", "shiny": false, "level": 85, "moves": ["knockoff", "psychicnoise", "encore", "uturn"], "ability": "Levitate", "evs": {"hp": 85, "atk": 85, "def": 85, "spa": 85, "spd": 85, "spe": 85}, "ivs": {"hp": 31, "atk": 31, "def": 31, "spa": 31, "spd": 31, "spe": 31}, "item": "Leftovers", "teraType": "Steel", "role": "Bulky Support", "bvs": {"hp": 80, "atk": 105, "def": 105, "spa": 105, "spd": 105, "spe": 80}, "stats": {"hp": 275, "atk": 227, "def": 227, "spa": 227, "spd": 227, "spe": 185}, "types": ["Psychic"]}, "Mudsdale": {"name": "Mudsdale", "species": "Mudsdale", "speciesId": "mudsdale", "gender": "F", "shiny": false, "level": 83, "moves": ["stoneedge", "earthquake", "roar", "heavyslam"], "ability": "Stamina", "evs": {"hp": 85, "atk": 85, "def": 85, "spa": 85, "spd": 85, "spe": 85}, "ivs": {"hp": 31, "atk": 31, "def": 31, "spa": 31, "spd": 31, "spe": 31}, "item": "Leftovers", "teraType": "Steel", "role": "Bulky Attacker", "bvs": {"hp": 100, "atk": 125, "def": 100, "spa": 55, "spd": 85, "spe": 35}, "stats": {"hp": 302, "atk": 255, "def": 214, "spa": 139, "spd": 189, "spe": 106}, "types": ["Ground"]}, "Swalot": {"name": "Swalot", "species": "Swalot", "speciesId": "swalot", "gender": "M", "shiny": false, "level": 90, "moves": ["swordsdance", "knockoff", "gunkshot", "earthquake"], "ability": "Liquid Ooze", "evs": {"hp": 85, "atk": 85, "def": 85, "spa": 85, "spd": 85, "spe": 85}, "ivs": {"hp": 31, "atk": 31, "def": 31, "spa": 31, "spd": 31, "spe": 31}, "item": "Leftovers", "teraType": "Dark", "role": "Bulky Setup", "bvs": {"hp": 100, "atk": 73, "def": 83, "spa": 73, "spd": 83, "spe": 55}, "stats": {"hp": 326, "atk": 183, "def": 201, "spa": 183, "spd": 201, "spe": 150}, "types": ["Poison"]}, "Alomomola": {"name": "Alomomola", "species": "Alomomola", "speciesId": "alomomola", "gender": "M", "shiny": false, "level": 87, "moves": ["flipturn", "protect", "scald", "wish"], "ability": "Regenerator", "evs": {"hp": 85, "atk": 85, "def": 85, "spa": 85, "spd": 85, "spe": 85}, "ivs": {"hp": 31, "atk": 31, "def": 31, "spa": 31, "spd": 31, "spe": 31}, "item": "Leftovers", "teraType": "Steel", "role": "Bulky Support", "bvs": {"hp": 165, "atk": 75, "def": 80, "spa": 40, "spd": 45, "spe": 65}, "stats": {"hp": 429, "atk": 180, "def": 189, "spa": 119, "spd": 128, "spe": 163}, "types": ["Water"]}, "Shiftry": {"name": "Shiftry", "species": "Shiftry", "speciesId": "shiftry", "gender": "F", "shiny": false, "level": 89, "moves": ["lowkick", "knockoff", "tailwind", "leafblade"], "ability": "Wind Rider", "evs": {"hp": 85, "atk": 85, "def": 85, "spa": 85, "spd": 85, "spe": 85}, "ivs": {"hp": 31, "atk": 31, "def": 31, "spa": 31, "spd": 31, "spe": 31}, "item": "Life Orb", "teraType": "Dark", "role": "Setup Sweeper", "bvs": {"hp": 90, "atk": 100, "def": 60, "spa": 90, "spd": 60, "spe": 80}, "stats": {"hp": 305, "atk": 229, "def": 158, "spa": 211, "spd": 158, "spe": 193}, "types": ["Grass", "Dark"]}}]}