{"id": "gen9randombattle-2631742457", "format": "[Gen 9] Random Battle", "players": ["ZamaBinLadan", "Chicken347"], "log": "|j|\u2606ZamaBinLadan\n|j|\u2606Chicken347\n|t:|1781432235\n|gametype|singles\n|player|p1|ZamaBinLadan|169|1931\n|player|p2|Chicken347|101|2014\n|gen|9\n|tier|[Gen 9] Random Battle\n|rated|\n|rule|Species Clause: Limit one of each Pok\u00e9mon\n|rule|HP Percentage Mod: HP is shown in percentages\n|rule|Sleep Clause Mod: Limit one foe put to sleep\n|rule|Illusion Level Mod: Illusion disguises the Pok\u00e9mon's true level\n|\n|t:|1781432235\n|teamsize|p1|6\n|teamsize|p2|6\n|start\n|switch|p1a: Tropius|Tropius, L91, M|328/328\n|switch|p2a: Farigiraf|Farigiraf, L90, F|362/362\n|turn|1\n|inactive|Battle timer is ON: inactive players will automatically lose when time's up. (requested by Chicken347)\n|\n|t:|1781432258\n|switch|p1a: Sylveon|Sylveon, L85, F|300/300\n|move|p2a: Farigiraf|Body Slam|p1a: Sylveon\n|-damage|p1a: Sylveon|182/300\n|\n|-heal|p1a: Sylveon|200/300|[from] item: Leftovers\n|upkeep\n|turn|2\n|\n|t:|1781432266\n|move|p2a: Farigiraf|Body Slam|p1a: Sylveon\n|-damage|p1a: Sylveon|76/300\n|-status|p1a: Sylveon|par\n|move|p1a: Sylveon|Calm Mind|p1a: Sylveon\n|-boost|p1a: Sylveon|spa|1\n|-boost|p1a: Sylveon|spd|1\n|\n|-heal|p1a: Sylveon|94/300 par|[from] item: Leftovers\n|upkeep\n|turn|3\n|\n|t:|1781432272\n|move|p1a: Sylveon|Protect|p1a: Sylveon\n|-singleturn|p1a: Sylveon|Protect\n|move|p2a: Farigiraf|Body Slam|p1a: Sylveon\n|-activate|p1a: Sylveon|move: Protect\n|\n|-heal|p1a: Sylveon|112/300 par|[from] item: Leftovers\n|upkeep\n|turn|4\n|\n|t:|1781432279\n|move|p2a: Farigiraf|Body Slam|p1a: Sylveon\n|-damage|p1a: Sylveon|0 fnt\n|faint|p1a: Sylveon\n|\n|upkeep\n|\n|t:|1781432285\n|switch|p1a: Rhyperior|Rhyperior, L82, F|323/323\n|turn|5\n|\n|t:|1781432292\n|switch|p2a: Dipplin|Dipplin, L88, M|284/284\n|move|p1a: Rhyperior|Rock Polish|p1a: Rhyperior\n|-boost|p1a: Rhyperior|spe|2\n|\n|upkeep\n|turn|6\n|\n|t:|1781432298\n|move|p1a: Rhyperior|Ice Punch|p2a: Dipplin\n|-supereffective|p2a: Dipplin\n|-damage|p2a: Dipplin|144/284\n|move|p2a: Dipplin|Giga Drain|p1a: Rhyperior\n|-supereffective|p1a: Rhyperior\n|-crit|p1a: Rhyperior\n|-damage|p1a: Rhyperior|0 fnt\n|-heal|p2a: Dipplin|284/284|[from] drain|[of] p1a: Rhyperior\n|faint|p1a: Rhyperior\n|\n|upkeep\n|\n|t:|1781432310\n|switch|p1a: Wigglytuff|Wigglytuff, L96, F|424/424\n|turn|7\n|\n|t:|1781432327\n|switch|p2a: Sylveon|Sylveon, L85, F|300/300\n|move|p1a: Wigglytuff|Thunder Wave|p2a: Sylveon\n|-status|p2a: Sylveon|par\n|\n|upkeep\n|turn|8\n|\n|t:|1781432334\n|move|p1a: Wigglytuff|Wish|p1a: Wigglytuff\n|move|p2a: Sylveon|Wish|p2a: Sylveon\n|\n|upkeep\n|turn|9\n|\n|t:|1781432338\n|switch|p1a: Plusle|Plusle, L95, F|268/268\n|cant|p2a: Sylveon|par\n|\n|upkeep\n|turn|10\n|inactive|Chicken347 has 120 seconds left.\n|\n|t:|1781432372\n|switch|p2a: Mudsdale|Mudsdale, L83, F|302/302\n|move|p1a: Plusle|Nasty Plot|p1a: Plusle\n|-boost|p1a: Plusle|spa|2\n|\n|upkeep\n|turn|11\n|inactive|ZamaBinLadan has 120 seconds left.\n|\n|t:|1781432409\n|-terastallize|p2a: Mudsdale|Steel\n|move|p1a: Plusle|Grass Knot|p2a: Mudsdale\n|-resisted|p2a: Mudsdale\n|-damage|p2a: Mudsdale|172/302\n|-ability|p2a: Mudsdale|Stamina|boost\n|-boost|p2a: Mudsdale|def|1\n|-damage|p1a: Plusle|242/268|[from] item: Life Orb\n|move|p2a: Mudsdale|Earthquake|p1a: Plusle\n|-supereffective|p1a: Plusle\n|-damage|p1a: Plusle|0 fnt\n|faint|p1a: Plusle\n|\n|-heal|p2a: Mudsdale|190/302|[from] item: Leftovers\n|upkeep\n|\n|t:|1781432416\n|switch|p1a: Tropius|Tropius, L91, M|328/328\n|turn|12\n|\n|t:|1781432420\n|move|p1a: Tropius|Dragon Dance|p1a: Tropius\n|-boost|p1a: Tropius|atk|1\n|-boost|p1a: Tropius|spe|1\n|move|p2a: Mudsdale|Roar|p1a: Tropius\n|drag|p1a: Maushold|Maushold-Four, L76|238/238\n|\n|-heal|p2a: Mudsdale|208/302|[from] item: Leftovers\n|upkeep\n|turn|13\n|\n|t:|1781432431\n|switch|p2a: Conkeldurr|Conkeldurr, L80, F|299/299\n|move|p1a: Maushold|Encore||[still]\n|-fail|p1a: Maushold\n|\n|-status|p2a: Conkeldurr|brn|[from] item: Flame Orb\n|upkeep\n|turn|14\n|\n|t:|1781432440\n|switch|p1a: Tropius|Tropius, L91, M|328/328\n|move|p2a: Conkeldurr|Knock Off|p1a: Tropius\n|-damage|p1a: Tropius|199/328\n|-enditem|p1a: Tropius|Sitrus Berry|[from] move: Knock Off|[of] p2a: Conkeldurr\n|\n|-damage|p2a: Conkeldurr|281/299 brn|[from] brn\n|upkeep\n|turn|15\n|\n|t:|1781432446\n|move|p1a: Tropius|Dual Wingbeat|p2a: Conkeldurr\n|-supereffective|p2a: Conkeldurr\n|-damage|p2a: Conkeldurr|207/299 brn\n|-supereffective|p2a: Conkeldurr\n|-damage|p2a: Conkeldurr|127/299 brn\n|-hitcount|p2a: Conkeldurr|2\n|move|p2a: Conkeldurr|Facade|p1a: Tropius\n|-damage|p1a: Tropius|33/328\n|\n|-damage|p2a: Conkeldurr|109/299 brn|[from] brn\n|upkeep\n|turn|16\n|\n|t:|1781432457\n|switch|p1a: Wigglytuff|Wigglytuff, L96, F|424/424\n|move|p2a: Conkeldurr|Mach Punch|p1a: Wigglytuff\n|-damage|p1a: Wigglytuff|315/424\n|\n|-heal|p1a: Wigglytuff|341/424|[from] item: Leftovers\n|-damage|p2a: Conkeldurr|91/299 brn|[from] brn\n|upkeep\n|turn|17\n|\n|t:|1781432461\n|switch|p2a: Sylveon|Sylveon, L85, F|300/300 par\n|move|p1a: Wigglytuff|Wish|p1a: Wigglytuff\n|\n|-heal|p1a: Wigglytuff|367/424|[from] item: Leftovers\n|upkeep\n|turn|18\n|\n|t:|1781432468\n|switch|p1a: Maushold|Maushold-Four, L76|238/238\n|move|p2a: Sylveon|Hyper Voice|p1a: Maushold\n|-damage|p1a: Maushold|79/238\n|\n|-heal|p1a: Maushold|238/238|[from] move: Wish|[wisher] Wigglytuff\n|upkeep\n|turn|19\n|\n|t:|1781432473\n|move|p1a: Maushold|Tidy Up|p1a: Maushold\n|-boost|p1a: Maushold|atk|1\n|-boost|p1a: Maushold|spe|1\n|move|p2a: Sylveon|Hyper Voice|p1a: Maushold\n|-damage|p1a: Maushold|67/238\n|\n|upkeep\n|turn|20\n|\n|t:|1781432477\n|move|p1a: Maushold|Population Bomb|p2a: Sylveon\n|-damage|p2a: Sylveon|261/300 par\n|-damage|p2a: Sylveon|222/300 par\n|-damage|p2a: Sylveon|180/300 par\n|-damage|p2a: Sylveon|140/300 par\n|-damage|p2a: Sylveon|103/300 par\n|-damage|p2a: Sylveon|63/300 par\n|-damage|p2a: Sylveon|20/300 par\n|-damage|p2a: Sylveon|0 fnt\n|faint|p2a: Sylveon\n|-hitcount|p2: Sylveon|8\n|\n|upkeep\n|\n|t:|1781432492\n|switch|p2a: Conkeldurr|Conkeldurr, L80, F|91/299 brn\n|turn|21\n|\n|t:|1781432496\n|switch|p1a: Tropius|Tropius, L91, M|33/328\n|move|p2a: Conkeldurr|Knock Off|p1a: Tropius\n|-damage|p1a: Tropius|0 fnt\n|faint|p1a: Tropius\n|\n|-damage|p2a: Conkeldurr|73/299 brn|[from] brn\n|upkeep\n|\n|t:|1781432498\n|switch|p1a: Wigglytuff|Wigglytuff, L96, F|367/424\n|turn|22\n|\n|t:|1781432526\n|move|p1a: Wigglytuff|Alluring Voice|p2a: Conkeldurr\n|-supereffective|p2a: Conkeldurr\n|-damage|p2a: Conkeldurr|0 fnt\n|faint|p2a: Conkeldurr\n|\n|-heal|p1a: Wigglytuff|393/424|[from] item: Leftovers\n|upkeep\n|inactive|Chicken347 has 120 seconds left.\n|\n|t:|1781432541\n|switch|p2a: Lanturn|Lanturn, L89, M|367/367\n|turn|23\n|inactive|ZamaBinLadan has 120 seconds left.\n|inactive|ZamaBinLadan has 90 seconds left.\n|\n|t:|1781432611\n|move|p2a: Lanturn|Thunder Wave|p1a: Wigglytuff\n|-status|p1a: Wigglytuff|par\n|cant|p1a: Wigglytuff|par\n|\n|-heal|p1a: Wigglytuff|419/424 par|[from] item: Leftovers\n|upkeep\n|turn|24\n|\n|t:|1781432621\n|move|p2a: Lanturn|Scald|p1a: Wigglytuff\n|-damage|p1a: Wigglytuff|310/424 par\n|move|p1a: Wigglytuff|Alluring Voice|p2a: Lanturn\n|-damage|p2a: Lanturn|262/367\n|\n|-heal|p2a: Lanturn|284/367|[from] item: Leftovers\n|-heal|p1a: Wigglytuff|336/424 par|[from] item: Leftovers\n|upkeep\n|turn|25\n|\n|t:|1781432634\n|move|p2a: Lanturn|Scald|p1a: Wigglytuff\n|-damage|p1a: Wigglytuff|231/424 par\n|move|p1a: Wigglytuff|Alluring Voice|p2a: Lanturn\n|-damage|p2a: Lanturn|178/367\n|\n|-heal|p2a: Lanturn|200/367|[from] item: Leftovers\n|-heal|p1a: Wigglytuff|257/424 par|[from] item: Leftovers\n|upkeep\n|turn|26\n|\n|t:|1781432647\n|switch|p2a: Farigiraf|Farigiraf, L90, F|362/362\n|move|p1a: Wigglytuff|Wish|p1a: Wigglytuff\n|\n|-heal|p1a: Wigglytuff|283/424 par|[from] item: Leftovers\n|upkeep\n|turn|27\n|\n|t:|1781432653\n|move|p2a: Farigiraf|Psychic Noise|p1a: Wigglytuff\n|-damage|p1a: Wigglytuff|139/424 par\n|-start|p1a: Wigglytuff|move: Heal Block\n|move|p1a: Wigglytuff|Thunder Wave|p2a: Farigiraf\n|-status|p2a: Farigiraf|par\n|\n|upkeep\n|turn|28\n|\n|t:|1781432664\n|move|p1a: Wigglytuff|Protect|p1a: Wigglytuff\n|-singleturn|p1a: Wigglytuff|Protect\n|move|p2a: Farigiraf|Psychic Noise|p1a: Wigglytuff\n|-activate|p1a: Wigglytuff|move: Protect\n|\n|-end|p1a: Wigglytuff|move: Heal Block\n|upkeep\n|turn|29\n|\n|t:|1781432683\n|move|p2a: Farigiraf|Psychic Noise|p1a: Wigglytuff\n|-damage|p1a: Wigglytuff|18/424 par\n|-start|p1a: Wigglytuff|move: Heal Block\n|cant|p1a: Wigglytuff|move: Heal Block|Wish\n|\n|upkeep\n|turn|30\n|\n|t:|1781432691\n|switch|p2a: Lanturn|Lanturn, L89, M|200/367\n|move|p1a: Wigglytuff|Alluring Voice|p2a: Lanturn\n|-damage|p2a: Lanturn|101/367\n|\n|-heal|p2a: Lanturn|123/367|[from] item: Leftovers\n|-end|p1a: Wigglytuff|move: Heal Block\n|upkeep\n|turn|31\n|\n|t:|1781432694\n|move|p2a: Lanturn|Scald|p1a: Wigglytuff\n|-damage|p1a: Wigglytuff|0 fnt\n|faint|p1a: Wigglytuff\n|\n|-heal|p2a: Lanturn|145/367|[from] item: Leftovers\n|upkeep\n|\n|t:|1781432697\n|switch|p1a: Maushold|Maushold-Four, L76|67/238\n|turn|32\n|\n|t:|1781432709\n|move|p1a: Maushold|Tidy Up|p1a: Maushold\n|-boost|p1a: Maushold|atk|1\n|-boost|p1a: Maushold|spe|1\n|move|p2a: Lanturn|Scald|p1a: Maushold\n|-damage|p1a: Maushold|0 fnt\n|faint|p1a: Maushold\n|\n|win|Chicken347\n", "inputlog": ">version a8376a258c1d4662feba110a92103f3664a72141\n>start {\"formatid\":\"gen9randombattle\",\"seed\":\"sodium,d1c2f5f5e0f55b18547a9b09056af052\",\"rated\":\"Rated battle\"}\n>player p1 {\"name\":\"ZamaBinLadan\",\"avatar\":\"169\",\"rating\":1931,\"seed\":\"sodium,284785d4bd96680e648e54dc875583a9\"}\n>player p2 {\"name\":\"Chicken347\",\"avatar\":\"101\",\"rating\":2014,\"seed\":\"sodium,bef340e7d2a38630c6fa244bf2ef285f\"}\n>p1 switch 4\n>p2 move bodyslam\n>p1 move calmmind\n>p2 move bodyslam\n>p1 move protect\n>p2 move bodyslam\n>p1 move wish\n>p2 move bodyslam\n>p1 switch 2\n>p1 move rockpolish\n>p2 switch 5\n>p1 move icepunch\n>p2 move gigadrain\n>p1 switch 5\n>p1 move thunderwave\n>p2 switch 2\n>p1 move wish\n>p2 move wish\n>p1 switch 6\n>p2 move calmmind\n>p1 move nastyplot\n>p2 switch 6\n>p1 move grassknot\n>p2 move earthquake terastallize\n>p1 switch 4\n>p1 move dragondance\n>p2 move roar\n>p1 move encore\n>p2 switch 3\n>p1 switch 3\n>p2 move knockoff\n>p1 move dualwingbeat\n>p2 move facade\n>p1 switch 6\n>p2 move machpunch\n>p1 move wish\n>p2 switch 6\n>p1 switch 3\n>p2 move hypervoice\n>p1 move tidyup\n>p2 move hypervoice\n>p1 move populationbomb\n>p2 move hypervoice\n>p2 switch 6\n>p1 switch 6\n>p2 move knockoff\n>p1 switch 3\n>p1 move alluringvoice\n>p2 move facade\n>p2 switch 4\n>p1 move wish\n>p2 move thunderwave\n>p1 move alluringvoice\n>p2 move scald\n>p1 move alluringvoice\n>p2 move scald\n>p1 move wish\n>p2 switch 5\n>p1 move thunderwave\n>p2 move psychicnoise\n>p1 move protect\n>p2 move psychicnoise\n>p1 move wish\n>p2 move psychicnoise\n>p1 move alluringvoice\n>p2 switch 5\n>p1 move alluringvoice\n>p2 move scald\n>p1 switch 6\n>p1 move tidyup\n>p2 move scald", "uploadtime": 1781432237, "views": 6, "formatid": "gen9randombattle", "rating": null, "private": 0, "password": null, "player_dets": [{"name": "ZamaBinLadan", "avatar": "169", "rating": 1931, "seed": "sodium,284785d4bd96680e648e54dc875583a9"}, {"name": "Chicken347", "avatar": "101", "rating": 2014, "seed": "sodium,bef340e7d2a38630c6fa244bf2ef285f"}], "teams_full": [{"Tropius": {"name": "Tropius", "species": "Tropius", "speciesId": "tropius", "gender": "M", "shiny": false, "level": 91, "moves": ["leafblade", "dragondance", "dualwingbeat", "earthquake"], "ability": "Harvest", "evs": {"hp": 85, "atk": 85, "def": 85, "spa": 85, "spd": 85, "spe": 85}, "ivs": {"hp": 31, "atk": 31, "def": 31, "spa": 31, "spd": 31, "spe": 31}, "item": "Sitrus Berry", "teraType": "Ground", "role": "Setup Sweeper", "bvs": {"hp": 99, "atk": 68, "def": 83, "spa": 72, "spd": 87, "spe": 51}, "stats": {"hp": 328, "atk": 176, "def": 203, "spa": 183, "spd": 210, "spe": 145}, "types": ["Grass", "Flying"]}, "Rhyperior": {"name": "Rhyperior", "species": "Rhyperior", "speciesId": "rhyperior", "gender": "F", "shiny": false, "level": 82, "moves": ["icepunch", "stoneedge", "rockpolish", "earthquake"], "ability": "Solid Rock", "evs": {"hp": 85, "atk": 85, "def": 85, "spa": 85, "spd": 85, "spe": 85}, "ivs": {"hp": 31, "atk": 31, "def": 31, "spa": 31, "spd": 31, "spe": 31}, "item": "Weakness Policy", "teraType": "Rock", "role": "Bulky Setup", "bvs": {"hp": 115, "atk": 140, "def": 130, "spa": 55, "spd": 55, "spe": 40}, "stats": {"hp": 323, "atk": 277, "def": 260, "spa": 137, "spd": 137, "spe": 113}, "types": ["Ground", "Rock"]}, "Maushold": {"name": "Maushold", "species": "Maushold-Four", "speciesId": "maushold", "gender": "N", "shiny": false, "level": 76, "moves": ["bite", "tidyup", "encore", "populationbomb"], "ability": "Technician", "evs": {"hp": 85, "atk": 85, "def": 85, "spa": 85, "spd": 85, "spe": 85}, "ivs": {"hp": 31, "atk": 31, "def": 31, "spa": 31, "spd": 31, "spe": 31}, "item": "Wide Lens", "teraType": "Normal", "role": "Setup Sweeper", "bvs": {"hp": 74, "atk": 75, "def": 70, "spa": 65, "spd": 75, "spe": 111}, "stats": {"hp": 238, "atk": 158, "def": 150, "spa": 143, "spd": 158, "spe": 213}, "types": ["Normal"]}, "Sylveon": {"name": "Sylveon", "species": "Sylveon", "speciesId": "sylveon", "gender": "F", "shiny": false, "level": 85, "moves": ["wish", "hypervoice", "calmmind", "protect"], "ability": "Pixilate", "evs": {"hp": 85, "atk": 0, "def": 85, "spa": 85, "spd": 85, "spe": 85}, "ivs": {"hp": 31, "atk": 0, "def": 31, "spa": 31, "spd": 31, "spe": 31}, "item": "Leftovers", "teraType": "Steel", "role": "Bulky Setup", "bvs": {"hp": 95, "atk": 65, "def": 65, "spa": 110, "spd": 130, "spe": 60}, "stats": {"hp": 300, "atk": 115, "def": 159, "spa": 236, "spd": 270, "spe": 151}, "types": ["Fairy"]}, "Wigglytuff": {"name": "Wigglytuff", "species": "Wigglytuff", "speciesId": "wigglytuff", "gender": "F", "shiny": false, "level": 96, "moves": ["alluringvoice", "thunderwave", "protect", "wish"], "ability": "Competitive", "evs": {"hp": 85, "atk": 0, "def": 85, "spa": 85, "spd": 85, "spe": 85}, "ivs": {"hp": 31, "atk": 0, "def": 31, "spa": 31, "spd": 31, "spe": 31}, "item": "Leftovers", "teraType": "Poison", "role": "Bulky Support", "bvs": {"hp": 140, "atk": 70, "def": 45, "spa": 85, "spd": 50, "spe": 45}, "stats": {"hp": 424, "atk": 139, "def": 141, "spa": 218, "spd": 150, "spe": 141}, "types": ["Normal", "Fairy"]}, "Plusle": {"name": "Plusle", "species": "Plusle", "speciesId": "plusle", "gender": "F", "shiny": false, "level": 95, "moves": ["encore", "nastyplot", "grassknot", "thunderbolt"], "ability": "Lightning Rod", "evs": {"hp": 85, "atk": 0, "def": 85, "spa": 85, "spd": 85, "spe": 85}, "ivs": {"hp": 31, "atk": 0, "def": 31, "spa": 31, "spd": 31, "spe": 31}, "item": "Life Orb", "teraType": "Electric", "role": "Setup Sweeper", "bvs": {"hp": 60, "atk": 50, "def": 40, "spa": 85, "spd": 75, "spe": 95}, "stats": {"hp": 268, "atk": 100, "def": 130, "spa": 215, "spd": 196, "spe": 234}, "types": ["Electric"]}}, {"Farigiraf": {"name": "Farigiraf", "species": "Farigiraf", "speciesId": "farigiraf", "gender": "F", "shiny": false, "level": 90, "moves": ["psychicnoise", "protect", "bodyslam", "wish"], "ability": "Sap Sipper", "evs": {"hp": 85, "atk": 85, "def": 85, "spa": 85, "spd": 85, "spe": 85}, "ivs": {"hp": 31, "atk": 31, "def": 31, "spa": 31, "spd": 31, "spe": 31}, "item": "Leftovers", "teraType": "Fairy", "role": "Bulky Support", "bvs": {"hp": 120, "atk": 90, "def": 70, "spa": 110, "spd": 70, "spe": 60}, "stats": {"hp": 362, "atk": 213, "def": 177, "spa": 249, "spd": 177, "spe": 159}, "types": ["Normal", "Psychic"]}, "Sylveon": {"name": "Sylveon", "species": "Sylveon", "speciesId": "sylveon", "gender": "F", "shiny": false, "level": 85, "moves": ["wish", "calmmind", "protect", "hypervoice"], "ability": "Pixilate", "evs": {"hp": 85, "atk": 0, "def": 85, "spa": 85, "spd": 85, "spe": 85}, "ivs": {"hp": 31, "atk": 0, "def": 31, "spa": 31, "spd": 31, "spe": 31}, "item": "Leftovers", "teraType": "Steel", "role": "Bulky Setup", "bvs": {"hp": 95, "atk": 65, "def": 65, "spa": 110, "spd": 130, "spe": 60}, "stats": {"hp": 300, "atk": 115, "def": 159, "spa": 236, "spd": 270, "spe": 151}, "types": ["Fairy"]}, "Conkeldurr": {"name": "Conkeldurr", "species": "Conkeldurr", "speciesId": "conkeldurr", "gender": "F", "shiny": false, "level": 80, "moves": ["facade", "closecombat", "machpunch", "knockoff"], "ability": "Guts", "evs": {"hp": 85, "atk": 85, "def": 85, "spa": 85, "spd": 85, "spe": 85}, "ivs": {"hp": 31, "atk": 31, "def": 31, "spa": 31, "spd": 31, "spe": 31}, "item": "Flame Orb", "teraType": "Normal", "role": "Wallbreaker", "bvs": {"hp": 105, "atk": 140, "def": 95, "spa": 55, "spd": 65, "spe": 45}, "stats": {"hp": 299, "atk": 270, "def": 198, "spa": 134, "spd": 150, "spe": 118}, "types": ["Fighting"]}, "Lanturn": {"name": "Lanturn", "species": "Lanturn", "speciesId": "lanturn", "gender": "M", "shiny": false, "level": 89, "moves": ["icebeam", "thunderbolt", "scald", "thunderwave"], "ability": "Volt Absorb", "evs": {"hp": 85, "atk": 0, "def": 85, "spa": 85, "spd": 85, "spe": 85}, "ivs": {"hp": 31, "atk": 0, "def": 31, "spa": 31, "spd": 31, "spe": 31}, "item": "Leftovers", "teraType": "Flying", "role": "Bulky Attacker", "bvs": {"hp": 125, "atk": 58, "def": 58, "spa": 76, "spd": 76, "spe": 67}, "stats": {"hp": 367, "atk": 108, "def": 154, "spa": 186, "spd": 186, "spe": 170}, "types": ["Water", "Electric"]}, "Dipplin": {"name": "Dipplin", "species": "Dipplin", "speciesId": "dipplin", "gender": "M", "shiny": false, "level": 88, "moves": ["suckerpunch", "gigadrain", "dragonpulse", "recover"], "ability": "Sticky Hold", "evs": {"hp": 85, "atk": 85, "def": 85, "spa": 85, "spd": 85, "spe": 85}, "ivs": {"hp": 31, "atk": 31, "def": 31, "spa": 31, "spd": 31, "spe": 31}, "item": "Eviolite", "teraType": "Steel", "role": "Bulky Attacker", "bvs": {"hp": 80, "atk": 80, "def": 110, "spa": 95, "spd": 80, "spe": 40}, "stats": {"hp": 284, "atk": 191, "def": 244, "spa": 217, "spd": 191, "spe": 121}, "types": ["Grass", "Dragon"]}, "Mudsdale": {"name": "Mudsdale", "species": "Mudsdale", "speciesId": "mudsdale", "gender": "F", "shiny": false, "level": 83, "moves": ["heavyslam", "earthquake", "stoneedge", "roar"], "ability": "Stamina", "evs": {"hp": 85, "atk": 85, "def": 85, "spa": 85, "spd": 85, "spe": 85}, "ivs": {"hp": 31, "atk": 31, "def": 31, "spa": 31, "spd": 31, "spe": 31}, "item": "Leftovers", "teraType": "Steel", "role": "Bulky Attacker", "bvs": {"hp": 100, "atk": 125, "def": 100, "spa": 55, "spd": 85, "spe": 35}, "stats": {"hp": 302, "atk": 255, "def": 214, "spa": 139, "spd": 189, "spe": 106}, "types": ["Ground"]}}]}