{"id": "gen9randombattle-2631430003", "format": "[Gen 9] Random Battle", "players": ["Z10101", "Diabetes1"], "log": "|j|\u2606Z10101\n|j|\u2606Diabetes1\n|t:|1781383664\n|gametype|singles\n|player|p1|Z10101|266|2067\n|player|p2|Diabetes1|266|2082\n|gen|9\n|tier|[Gen 9] Random Battle\n|rated|\n|rule|Species Clause: Limit one of each Pok\u00e9mon\n|rule|HP Percentage Mod: HP is shown in percentages\n|rule|Sleep Clause Mod: Limit one foe put to sleep\n|rule|Illusion Level Mod: Illusion disguises the Pok\u00e9mon's true level\n|\n|t:|1781383664\n|teamsize|p1|6\n|teamsize|p2|6\n|start\n|switch|p1a: Baxcalibur|Baxcalibur, L75, M|295/295\n|switch|p2a: Minun|Minun, L95, F|268/268\n|turn|1\n|inactive|Battle timer is ON: inactive players will automatically lose when time's up. (requested by Diabetes1)\n|\n|t:|1781383675\n|switch|p2a: Kleavor|Kleavor, L78, M|237/237\n|move|p1a: Baxcalibur|Icicle Crash|p2a: Kleavor\n|-damage|p2a: Kleavor|75/237\n|\n|upkeep\n|turn|2\n|\n|t:|1781383681\n|switch|p1a: Bisharp|Bisharp, L79, M|232/232\n|move|p2a: Kleavor|Stone Axe|p1a: Bisharp\n|-resisted|p1a: Bisharp\n|-damage|p1a: Bisharp|198/232\n|-sidestart|p1: Z10101|move: Stealth Rock\n|\n|upkeep\n|turn|3\n|\n|t:|1781383688\n|move|p2a: Kleavor|Close Combat|p1a: Bisharp\n|-supereffective|p1a: Bisharp\n|-crit|p1a: Bisharp\n|-damage|p1a: Bisharp|0 fnt\n|-unboost|p2a: Kleavor|def|1\n|-unboost|p2a: Kleavor|spd|1\n|faint|p1a: Bisharp\n|\n|upkeep\n|\n|t:|1781383695\n|switch|p1a: Hawlucha|Hawlucha, L80, M|256/256\n|-damage|p1a: Hawlucha|224/256|[from] Stealth Rock\n|turn|4\n|\n|t:|1781383701\n|move|p1a: Hawlucha|Close Combat|p2a: Kleavor\n|-damage|p2a: Kleavor|0 fnt\n|-unboost|p1a: Hawlucha|def|1\n|-unboost|p1a: Hawlucha|spd|1\n|faint|p2a: Kleavor\n|-enditem|p1a: Hawlucha|White Herb\n|-clearnegativeboost|p1a: Hawlucha|[silent]\n|\n|upkeep\n|\n|t:|1781383707\n|switch|p2a: Iron Hands|Iron Hands, L79|373/373\n|turn|5\n|\n|t:|1781383717\n|move|p2a: Iron Hands|Fake Out|p1a: Hawlucha\n|-damage|p1a: Hawlucha|183/256\n|cant|p1a: Hawlucha|flinch\n|\n|upkeep\n|turn|6\n|\n|t:|1781383722\n|move|p1a: Hawlucha|Encore|p2a: Iron Hands\n|-start|p2a: Iron Hands|Encore\n|move|p2a: Iron Hands|Fake Out||[still]\n|-hint|Fake Out only works on your first turn out.\n|-fail|p2a: Iron Hands\n|\n|upkeep\n|turn|7\n|\n|t:|1781383737\n|-end|p2a: Iron Hands|Quark Drive|[silent]\n|switch|p2a: Skuntank|Skuntank, L84, F|310/310\n|move|p1a: Hawlucha|Swords Dance|p1a: Hawlucha\n|-boost|p1a: Hawlucha|atk|2\n|\n|upkeep\n|turn|8\n|\n|t:|1781383744\n|move|p1a: Hawlucha|Close Combat|p2a: Skuntank\n|-damage|p2a: Skuntank|57/310\n|-unboost|p1a: Hawlucha|def|1\n|-unboost|p1a: Hawlucha|spd|1\n|move|p2a: Skuntank|Gunk Shot|p1a: Hawlucha\n|-damage|p1a: Hawlucha|0 fnt\n|faint|p1a: Hawlucha\n|-damage|p2a: Skuntank|26/310|[from] item: Life Orb\n|\n|upkeep\n|\n|t:|1781383755\n|switch|p1a: Flygon|Flygon, L82, M|265/265\n|-damage|p1a: Flygon|249/265|[from] Stealth Rock\n|turn|9\n|\n|t:|1781383762\n|move|p2a: Skuntank|Sucker Punch||[still]\n|-fail|p2a: Skuntank\n|move|p1a: Flygon|Dragon Dance|p1a: Flygon\n|-boost|p1a: Flygon|atk|1\n|-boost|p1a: Flygon|spe|1\n|\n|upkeep\n|turn|10\n|\n|t:|1781383765\n|move|p2a: Skuntank|Sucker Punch||[still]\n|-fail|p2a: Skuntank\n|move|p1a: Flygon|Dragon Dance|p1a: Flygon\n|-boost|p1a: Flygon|atk|1\n|-boost|p1a: Flygon|spe|1\n|\n|upkeep\n|turn|11\n|\n|t:|1781383767\n|move|p2a: Skuntank|Sucker Punch||[still]\n|-fail|p2a: Skuntank\n|move|p1a: Flygon|Dragon Dance|p1a: Flygon\n|-boost|p1a: Flygon|atk|1\n|-boost|p1a: Flygon|spe|1\n|\n|upkeep\n|turn|12\n|\n|t:|1781383769\n|move|p2a: Skuntank|Sucker Punch||[still]\n|-fail|p2a: Skuntank\n|move|p1a: Flygon|Dragon Dance|p1a: Flygon\n|-boost|p1a: Flygon|atk|1\n|-boost|p1a: Flygon|spe|1\n|\n|upkeep\n|turn|13\n|\n|t:|1781383772\n|move|p2a: Skuntank|Sucker Punch||[still]\n|-fail|p2a: Skuntank\n|move|p1a: Flygon|Dragon Dance|p1a: Flygon\n|-boost|p1a: Flygon|atk|1\n|-boost|p1a: Flygon|spe|1\n|\n|upkeep\n|turn|14\n|\n|t:|1781383775\n|move|p1a: Flygon|Dragon Dance|p1a: Flygon\n|-boost|p1a: Flygon|atk|1\n|-boost|p1a: Flygon|spe|1\n|move|p2a: Skuntank|Knock Off|p1a: Flygon\n|-damage|p1a: Flygon|103/265\n|-enditem|p1a: Flygon|Lum Berry|[from] move: Knock Off|[of] p2a: Skuntank\n|-damage|p2a: Skuntank|0 fnt|[from] item: Life Orb\n|faint|p2a: Skuntank\n|\n|upkeep\n|\n|t:|1781383785\n|switch|p2a: Urshifu|Urshifu, L74, F|270/270\n|turn|15\n|\n|t:|1781383790\n|move|p2a: Urshifu|Sucker Punch|p1a: Flygon\n|-crit|p1a: Flygon\n|-damage|p1a: Flygon|0 fnt\n|faint|p1a: Flygon\n|\n|upkeep\n|\n|t:|1781383795\n|switch|p1a: Moltres|Moltres, L81|278/278\n|turn|16\n|\n|t:|1781383804\n|switch|p2a: Iron Hands|Iron Hands, L79|373/373\n|move|p1a: Moltres|Brave Bird|p2a: Iron Hands\n|-damage|p2a: Iron Hands|253/373\n|-damage|p1a: Moltres|238/278|[from] Recoil\n|\n|upkeep\n|turn|17\n|\n|t:|1781383810\n|move|p1a: Moltres|Scorching Sands|p2a: Iron Hands\n|-supereffective|p2a: Iron Hands\n|-damage|p2a: Iron Hands|159/373\n|move|p2a: Iron Hands|Wild Charge|p1a: Moltres\n|-supereffective|p1a: Moltres\n|-damage|p1a: Moltres|20/278\n|-damage|p2a: Iron Hands|104/373|[from] Recoil\n|\n|upkeep\n|turn|18\n|\n|t:|1781383817\n|move|p1a: Moltres|Roost|p1a: Moltres\n|-heal|p1a: Moltres|159/278\n|-singleturn|p1a: Moltres|move: Roost\n|move|p2a: Iron Hands|Volt Switch|p1a: Moltres\n|-damage|p1a: Moltres|117/278\n|\n|t:|1781383821\n|-end|p2a: Iron Hands|Quark Drive|[silent]\n|switch|p2a: Minun|Minun, L95, F|268/268|[from] Volt Switch\n|\n|upkeep\n|turn|19\n|\n|t:|1781383828\n|switch|p1a: Baxcalibur|Baxcalibur, L75, M|295/295\n|-damage|p1a: Baxcalibur|222/295|[from] Stealth Rock\n|move|p2a: Minun|Thunderbolt|p1a: Baxcalibur\n|-resisted|p1a: Baxcalibur\n|-damage|p1a: Baxcalibur|151/295\n|-damage|p2a: Minun|242/268|[from] item: Life Orb\n|\n|upkeep\n|turn|20\n|\n|t:|1781383837\n|move|p2a: Minun|Alluring Voice|p1a: Baxcalibur\n|-supereffective|p1a: Baxcalibur\n|-damage|p1a: Baxcalibur|0 fnt\n|faint|p1a: Baxcalibur\n|-damage|p2a: Minun|216/268|[from] item: Life Orb\n|\n|upkeep\n|\n|t:|1781383840\n|switch|p1a: Regirock|Regirock, L83|268/268\n|-damage|p1a: Regirock|235/268|[from] Stealth Rock\n|turn|21\n|\n|t:|1781383852\n|move|p2a: Minun|Nasty Plot|p2a: Minun\n|-boost|p2a: Minun|spa|2\n|move|p1a: Regirock|Stone Edge|p2a: Minun|[miss]\n|-miss|p1a: Regirock|p2a: Minun\n|\n|-heal|p1a: Regirock|251/268|[from] item: Leftovers\n|upkeep\n|turn|22\n|\n|t:|1781383856\n|move|p2a: Minun|Grass Knot|p1a: Regirock\n|-supereffective|p1a: Regirock\n|-damage|p1a: Regirock|0 fnt\n|faint|p1a: Regirock\n|-damage|p2a: Minun|190/268|[from] item: Life Orb\n|\n|upkeep\n|\n|t:|1781383859\n|switch|p1a: Moltres|Moltres, L81|117/278\n|turn|23\n|\n|t:|1781383862\n|move|p2a: Minun|Thunderbolt|p1a: Moltres\n|-supereffective|p1a: Moltres\n|-damage|p1a: Moltres|0 fnt\n|faint|p1a: Moltres\n|-damage|p2a: Minun|164/268|[from] item: Life Orb\n|\n|win|Diabetes1\n", "inputlog": ">version a8376a258c1d4662feba110a92103f3664a72141\n>start {\"formatid\":\"gen9randombattle\",\"seed\":\"sodium,9f23c4e52ece77b33ee1d44b15fe2cbf\",\"rated\":\"Rated battle\"}\n>player p1 {\"name\":\"Z10101\",\"avatar\":\"266\",\"rating\":2067,\"seed\":\"sodium,8463ac8716324d980d45176c3d5c4826\"}\n>player p2 {\"name\":\"Diabetes1\",\"avatar\":\"266\",\"rating\":2082,\"seed\":\"sodium,50eb8ae96de8af838b7d906c1e4747a5\"}\n>p1 move iciclecrash\n>p2 switch 2\n>p1 switch 2\n>p2 move stoneaxe\n>p1 move stealthrock\n>p2 move closecombat\n>p1 switch 3\n>p1 move closecombat\n>p2 move stoneaxe\n>p2 switch 3\n>p1 move acrobatics\n>p2 move fakeout\n>p1 move encore\n>p2 move wildcharge\n>p1 move swordsdance\n>p2 switch 6\n>p1 move closecombat\n>p2 move gunkshot\n>p1 switch 6\n>p1 move dragondance\n>p2 move suckerpunch\n>p1 move dragondance\n>p2 move suckerpunch\n>p1 move dragondance\n>p2 move suckerpunch\n>p1 move dragondance\n>p2 move suckerpunch\n>p1 move dragondance\n>p2 move suckerpunch\n>p1 move dragondance\n>p2 move knockoff\n>p2 switch 4\n>p1 move outrage\n>p2 move suckerpunch\n>p1 switch 5\n>p1 move bravebird\n>p2 switch 6\n>p1 move scorchingsands\n>p2 move wildcharge\n>p1 move roost\n>p2 move voltswitch\n>p2 switch 2\n>p1 switch 2\n>p2 move thunderbolt\n>p1 move glaiverush\n>p2 move alluringvoice\n>p1 switch 4\n>p1 move stoneedge\n>p2 move nastyplot\n>p1 move stoneedge\n>p2 move grassknot\n>p1 switch 2\n>p1 move roost\n>p2 move thunderbolt", "uploadtime": 1781383665, "views": 10, "formatid": "gen9randombattle", "rating": null, "private": 0, "password": null, "player_dets": [{"name": "Z10101", "avatar": "266", "rating": 2067, "seed": "sodium,8463ac8716324d980d45176c3d5c4826"}, {"name": "Diabetes1", "avatar": "266", "rating": 2082, "seed": "sodium,50eb8ae96de8af838b7d906c1e4747a5"}], "teams_full": [{"Baxcalibur": {"name": "Baxcalibur", "species": "Baxcalibur", "speciesId": "baxcalibur", "gender": "M", "shiny": false, "level": 75, "moves": ["glaiverush", "iciclecrash", "iceshard", "earthquake"], "ability": "Thermal Exchange", "evs": {"hp": 81, "atk": 85, "def": 85, "spa": 85, "spd": 85, "spe": 85}, "ivs": {"hp": 31, "atk": 31, "def": 31, "spa": 31, "spd": 31, "spe": 31}, "item": "Choice Band", "teraType": "Dragon", "role": "Fast Attacker", "bvs": {"hp": 115, "atk": 145, "def": 92, "spa": 75, "spd": 86, "spe": 87}, "stats": {"hp": 295, "atk": 261, "def": 182, "spa": 156, "spd": 173, "spe": 174}, "types": ["Dragon", "Ice"]}, "Bisharp": {"name": "Bisharp", "species": "Bisharp", "speciesId": "bisharp", "gender": "M", "shiny": false, "level": 79, "moves": ["suckerpunch", "stealthrock", "ironhead", "throatchop"], "ability": "Defiant", "evs": {"hp": 85, "atk": 85, "def": 85, "spa": 85, "spd": 85, "spe": 85}, "ivs": {"hp": 31, "atk": 31, "def": 31, "spa": 31, "spd": 31, "spe": 31}, "item": "Eviolite", "teraType": "Ghost", "role": "Bulky Attacker", "bvs": {"hp": 65, "atk": 125, "def": 100, "spa": 60, "spd": 70, "spe": 70}, "stats": {"hp": 232, "atk": 243, "def": 204, "spa": 140, "spd": 156, "spe": 156}, "types": ["Dark", "Steel"]}, "Hawlucha": {"name": "Hawlucha", "species": "Hawlucha", "speciesId": "hawlucha", "gender": "M", "shiny": false, "level": 80, "moves": ["encore", "acrobatics", "closecombat", "swordsdance"], "ability": "Unburden", "evs": {"hp": 85, "atk": 85, "def": 85, "spa": 85, "spd": 85, "spe": 85}, "ivs": {"hp": 31, "atk": 31, "def": 31, "spa": 31, "spd": 31, "spe": 31}, "item": "White Herb", "teraType": "Flying", "role": "Setup Sweeper", "bvs": {"hp": 78, "atk": 92, "def": 75, "spa": 74, "spd": 63, "spe": 118}, "stats": {"hp": 256, "atk": 193, "def": 166, "spa": 165, "spd": 147, "spe": 235}, "types": ["Fighting", "Flying"]}, "Regirock": {"name": "Regirock", "species": "Regirock", "speciesId": "regirock", "gender": "N", "shiny": false, "level": 83, "moves": ["stoneedge", "thunderwave", "bodypress", "irondefense"], "ability": "Clear Body", "evs": {"hp": 85, "atk": 85, "def": 85, "spa": 85, "spd": 85, "spe": 85}, "ivs": {"hp": 31, "atk": 31, "def": 31, "spa": 31, "spd": 31, "spe": 31}, "item": "Leftovers", "teraType": "Fighting", "role": "Bulky Attacker", "bvs": {"hp": 80, "atk": 100, "def": 200, "spa": 50, "spd": 100, "spe": 50}, "stats": {"hp": 268, "atk": 214, "def": 380, "spa": 131, "spd": 214, "spe": 131}, "types": ["Rock"]}, "Moltres": {"name": "Moltres", "species": "Moltres", "speciesId": "moltres", "gender": "N", "shiny": false, "level": 81, "moves": ["scorchingsands", "roost", "bravebird", "fireblast"], "ability": "Flame Body", "evs": {"hp": 85, "atk": 85, "def": 85, "spa": 85, "spd": 85, "spe": 85}, "ivs": {"hp": 31, "atk": 31, "def": 31, "spa": 31, "spd": 31, "spe": 31}, "item": "Heavy-Duty Boots", "teraType": "Steel", "role": "Bulky Attacker", "bvs": {"hp": 90, "atk": 100, "def": 90, "spa": 125, "spd": 85, "spe": 90}, "stats": {"hp": 278, "atk": 209, "def": 192, "spa": 249, "spd": 184, "spe": 192}, "types": ["Fire", "Flying"]}, "Flygon": {"name": "Flygon", "species": "Flygon", "speciesId": "flygon", "gender": "M", "shiny": false, "level": 82, "moves": ["earthquake", "stoneedge", "dragondance", "outrage"], "ability": "Levitate", "evs": {"hp": 85, "atk": 85, "def": 85, "spa": 85, "spd": 85, "spe": 85}, "ivs": {"hp": 31, "atk": 31, "def": 31, "spa": 31, "spd": 31, "spe": 31}, "item": "Lum Berry", "teraType": "Ground", "role": "Fast Attacker", "bvs": {"hp": 80, "atk": 100, "def": 80, "spa": 80, "spd": 80, "spe": 100}, "stats": {"hp": 265, "atk": 211, "def": 178, "spa": 178, "spd": 178, "spe": 211}, "types": ["Ground", "Dragon"]}}, {"Minun": {"name": "Minun", "species": "Minun", "speciesId": "minun", "gender": "F", "shiny": false, "level": 95, "moves": ["alluringvoice", "nastyplot", "thunderbolt", "grassknot"], "ability": "Volt Absorb", "evs": {"hp": 85, "atk": 0, "def": 85, "spa": 85, "spd": 85, "spe": 85}, "ivs": {"hp": 31, "atk": 0, "def": 31, "spa": 31, "spd": 31, "spe": 31}, "item": "Life Orb", "teraType": "Electric", "role": "Setup Sweeper", "bvs": {"hp": 60, "atk": 40, "def": 50, "spa": 75, "spd": 85, "spe": 95}, "stats": {"hp": 268, "atk": 81, "def": 149, "spa": 196, "spd": 215, "spe": 234}, "types": ["Electric"]}, "Kleavor": {"name": "Kleavor", "species": "Kleavor", "speciesId": "kleavor", "gender": "M", "shiny": false, "level": 78, "moves": ["defog", "xscissor", "stoneaxe", "closecombat"], "ability": "Sharpness", "evs": {"hp": 85, "atk": 85, "def": 85, "spa": 85, "spd": 85, "spe": 85}, "ivs": {"hp": 31, "atk": 31, "def": 31, "spa": 31, "spd": 31, "spe": 31}, "item": "Heavy-Duty Boots", "teraType": "Rock", "role": "Bulky Attacker", "bvs": {"hp": 70, "atk": 135, "def": 95, "spa": 45, "spd": 70, "spe": 85}, "stats": {"hp": 237, "atk": 256, "def": 193, "spa": 115, "spd": 154, "spe": 178}, "types": ["Bug", "Rock"]}, "Iron Hands": {"name": "Iron Hands", "species": "Iron Hands", "speciesId": "ironhands", "gender": "N", "shiny": false, "level": 79, "moves": ["fakeout", "wildcharge", "voltswitch", "drainpunch"], "ability": "Quark Drive", "evs": {"hp": 85, "atk": 85, "def": 85, "spa": 85, "spd": 85, "spe": 85}, "ivs": {"hp": 31, "atk": 31, "def": 31, "spa": 31, "spd": 31, "spe": 31}, "item": "Assault Vest", "teraType": "Electric", "role": "AV Pivot", "bvs": {"hp": 154, "atk": 140, "def": 108, "spa": 50, "spd": 68, "spe": 50}, "stats": {"hp": 373, "atk": 267, "def": 216, "spa": 125, "spd": 153, "spe": 125}, "types": ["Fighting", "Electric"]}, "Urshifu": {"name": "Urshifu", "species": "Urshifu", "speciesId": "urshifu", "gender": "F", "shiny": false, "level": 74, "moves": ["closecombat", "suckerpunch", "uturn", "wickedblow"], "ability": "Unseen Fist", "evs": {"hp": 85, "atk": 85, "def": 85, "spa": 85, "spd": 85, "spe": 85}, "ivs": {"hp": 31, "atk": 31, "def": 31, "spa": 31, "spd": 31, "spe": 31}, "item": "Choice Band", "teraType": "Dark", "role": "Fast Attacker", "bvs": {"hp": 100, "atk": 130, "def": 100, "spa": 63, "spd": 60, "spe": 97}, "stats": {"hp": 270, "atk": 235, "def": 191, "spa": 136, "spd": 132, "spe": 187}, "types": ["Fighting", "Dark"]}, "Blastoise": {"name": "Blastoise", "species": "Blastoise", "speciesId": "blastoise", "gender": "M", "shiny": false, "level": 80, "moves": ["shellsmash", "icebeam", "hydropump", "terablast"], "ability": "Torrent", "evs": {"hp": 85, "atk": 0, "def": 85, "spa": 85, "spd": 85, "spe": 85}, "ivs": {"hp": 31, "atk": 0, "def": 31, "spa": 31, "spd": 31, "spe": 31}, "item": "White Herb", "teraType": "Electric", "role": "Tera Blast user", "bvs": {"hp": 79, "atk": 83, "def": 100, "spa": 85, "spd": 105, "spe": 78}, "stats": {"hp": 258, "atk": 137, "def": 206, "spa": 182, "spd": 214, "spe": 171}, "types": ["Water"]}, "Skuntank": {"name": "Skuntank", "species": "Skuntank", "speciesId": "skuntank", "gender": "F", "shiny": false, "level": 84, "moves": ["gunkshot", "suckerpunch", "taunt", "knockoff"], "ability": "Aftermath", "evs": {"hp": 85, "atk": 85, "def": 85, "spa": 85, "spd": 85, "spe": 85}, "ivs": {"hp": 31, "atk": 31, "def": 31, "spa": 31, "spd": 31, "spe": 31}, "item": "Life Orb", "teraType": "Poison", "role": "Fast Support", "bvs": {"hp": 103, "atk": 93, "def": 67, "spa": 71, "spd": 61, "spe": 84}, "stats": {"hp": 310, "atk": 204, "def": 161, "spa": 167, "spd": 151, "spe": 189}, "types": ["Poison", "Dark"]}}]}