{"id": "gen9randombattle-2631567813", "format": "[Gen 9] Random Battle", "players": ["Miercalito", "Magikarpitalism"], "log": "|j|\u2606Miercalito\n|j|\u2606Magikarpitalism\n|t:|1781402412\n|gametype|singles\n|player|p1|Miercalito|102|2208\n|player|p2|Magikarpitalism|steven|2134\n|gen|9\n|tier|[Gen 9] Random Battle\n|rated|\n|rule|Species Clause: Limit one of each Pok\u00e9mon\n|rule|HP Percentage Mod: HP is shown in percentages\n|rule|Sleep Clause Mod: Limit one foe put to sleep\n|rule|Illusion Level Mod: Illusion disguises the Pok\u00e9mon's true level\n|\n|t:|1781402412\n|teamsize|p1|6\n|teamsize|p2|6\n|start\n|switch|p1a: Shaymin|Shaymin, L82|298/298\n|switch|p2a: Malamar|Malamar, L82, F|275/275\n|turn|1\n|inactive|Battle timer is ON: inactive players will automatically lose when time's up. (requested by Miercalito)\n|\n|t:|1781402459\n|move|p1a: Shaymin|Air Slash|p2a: Malamar\n|-crit|p2a: Malamar\n|-damage|p2a: Malamar|191/275\n|cant|p2a: Malamar|flinch\n|\n|upkeep\n|turn|2\n|\n|t:|1781402465\n|move|p1a: Shaymin|Air Slash|p2a: Malamar\n|-damage|p2a: Malamar|129/275\n|cant|p2a: Malamar|flinch\n|\n|upkeep\n|turn|3\n|inactive|Magikarpitalism has 120 seconds left.\n|\n|t:|1781402505\n|move|p1a: Shaymin|Air Slash|p2a: Malamar\n|-damage|p2a: Malamar|66/275\n|cant|p2a: Malamar|flinch\n|\n|upkeep\n|turn|4\n|inactive|Magikarpitalism has 120 seconds left.\n|inactive|Magikarpitalism has 90 seconds left.\n|inactive|Magikarpitalism has 60 seconds left.\n|inactive|Magikarpitalism has 30 seconds left.\n|inactive|Magikarpitalism has 20 seconds left.\n|inactive|Magikarpitalism has 15 seconds left.\n|inactive|Magikarpitalism has 10 seconds left.\n|\n|t:|1781402622\n|move|p1a: Shaymin|Seed Flare|p2a: Malamar\n|-damage|p2a: Malamar|0 fnt\n|faint|p2a: Malamar\n|\n|upkeep\n|inactive|Magikarpitalism has 15 seconds left this turn.\n|inactive|Magikarpitalism has 10 seconds left.\n|inactive|Magikarpitalism has 5 seconds left.\n|\n|t:|1781402633\n|switch|p2a: Flapple|Flapple, L88, F|266/266\n|turn|5\n|inactive|Magikarpitalism has 15 seconds left this turn.\n|\n|t:|1781402638\n|move|p1a: Shaymin|Air Slash|p2a: Flapple\n|-supereffective|p2a: Flapple\n|-damage|p2a: Flapple|138/266\n|move|p2a: Flapple|Dragon Dance|p2a: Flapple\n|-boost|p2a: Flapple|atk|1\n|-boost|p2a: Flapple|spe|1\n|\n|upkeep\n|turn|6\n|inactive|Magikarpitalism has 25 seconds left this turn.\n|inactive|Magikarpitalism has 20 seconds left.\n|\n|t:|1781402646\n|move|p2a: Flapple|Dragon Dance|p2a: Flapple\n|-boost|p2a: Flapple|atk|1\n|-boost|p2a: Flapple|spe|1\n|move|p1a: Shaymin|Air Slash|p2a: Flapple\n|-supereffective|p2a: Flapple\n|-damage|p2a: Flapple|8/266\n|\n|upkeep\n|turn|7\n|inactive|Magikarpitalism has 30 seconds left this turn.\n|\n|t:|1781402653\n|-terastallize|p2a: Flapple|Fire\n|move|p2a: Flapple|Tera Blast|p1a: Shaymin|[anim] Tera Blast Fire\n|-supereffective|p1a: Shaymin\n|-damage|p1a: Shaymin|0 fnt\n|faint|p1a: Shaymin\n|\n|upkeep\n|\n|t:|1781402658\n|switch|p1a: Lugia|Lugia, L73|275/275\n|turn|8\n|\n|t:|1781402662\n|move|p2a: Flapple|Outrage|p1a: Lugia\n|-damage|p1a: Lugia|75/275\n|move|p1a: Lugia|Psychic Noise|p2a: Flapple\n|-damage|p2a: Flapple|0 fnt\n|faint|p2a: Flapple\n|\n|upkeep\n|inactive|Magikarpitalism has 30 seconds left.\n|\n|t:|1781402690\n|switch|p2a: Rotom|Rotom-Wash, L82|216/216\n|turn|9\n|\n|t:|1781402706\n|switch|p1a: Swalot|Swalot, L90, M|326/326\n|move|p2a: Rotom|Volt Switch|p1a: Swalot\n|-damage|p1a: Swalot|254/326\n|inactive|Magikarpitalism has 30 seconds left.\n|\n|t:|1781402719\n|switch|p2a: Chesnaught|Chesnaught, L84, M|285/285|[from] Volt Switch\n|\n|-heal|p1a: Swalot|274/326|[from] item: Leftovers\n|upkeep\n|turn|10\n|\n|t:|1781402724\n|move|p2a: Chesnaught|Iron Defense|p2a: Chesnaught\n|-boost|p2a: Chesnaught|def|2\n|move|p1a: Swalot|Swords Dance|p1a: Swalot\n|-boost|p1a: Swalot|atk|2\n|\n|-heal|p1a: Swalot|294/326|[from] item: Leftovers\n|upkeep\n|turn|11\n|\n|t:|1781402732\n|move|p2a: Chesnaught|Trailblaze|p1a: Swalot\n|-resisted|p1a: Swalot\n|-damage|p1a: Swalot|267/326\n|-boost|p2a: Chesnaught|spe|1\n|move|p1a: Swalot|Gunk Shot|p2a: Chesnaught\n|-supereffective|p2a: Chesnaught\n|-damage|p2a: Chesnaught|103/285\n|\n|-heal|p2a: Chesnaught|120/285|[from] item: Leftovers\n|-heal|p1a: Swalot|287/326|[from] item: Leftovers\n|upkeep\n|turn|12\n|\n|t:|1781402737\n|move|p2a: Chesnaught|Synthesis|p2a: Chesnaught\n|-heal|p2a: Chesnaught|262/285\n|move|p1a: Swalot|Gunk Shot|p2a: Chesnaught|[miss]\n|-miss|p1a: Swalot|p2a: Chesnaught\n|\n|-heal|p2a: Chesnaught|279/285|[from] item: Leftovers\n|-heal|p1a: Swalot|307/326|[from] item: Leftovers\n|upkeep\n|turn|13\n|\n|t:|1781402739\n|move|p2a: Chesnaught|Iron Defense|p2a: Chesnaught\n|-boost|p2a: Chesnaught|def|2\n|move|p1a: Swalot|Gunk Shot|p2a: Chesnaught\n|-supereffective|p2a: Chesnaught\n|-damage|p2a: Chesnaught|159/285\n|\n|-heal|p2a: Chesnaught|176/285|[from] item: Leftovers\n|-heal|p1a: Swalot|326/326|[from] item: Leftovers\n|upkeep\n|turn|14\n|\n|t:|1781402741\n|move|p2a: Chesnaught|Iron Defense|p2a: Chesnaught\n|-boost|p2a: Chesnaught|def|2\n|move|p1a: Swalot|Gunk Shot|p2a: Chesnaught\n|-supereffective|p2a: Chesnaught\n|-damage|p2a: Chesnaught|78/285\n|\n|-heal|p2a: Chesnaught|95/285|[from] item: Leftovers\n|upkeep\n|turn|15\n|\n|t:|1781402743\n|move|p2a: Chesnaught|Synthesis|p2a: Chesnaught\n|-heal|p2a: Chesnaught|237/285\n|move|p1a: Swalot|Gunk Shot|p2a: Chesnaught|[miss]\n|-miss|p1a: Swalot|p2a: Chesnaught\n|\n|-heal|p2a: Chesnaught|254/285|[from] item: Leftovers\n|upkeep\n|turn|16\n|inactive|Magikarpitalism has 90 seconds left.\n|inactive|Magikarpitalism has 60 seconds left.\n|\n|t:|1781402805\n|move|p2a: Chesnaught|Body Press|p1a: Swalot\n|-resisted|p1a: Swalot\n|-damage|p1a: Swalot|140/326\n|move|p1a: Swalot|Gunk Shot|p2a: Chesnaught\n|-supereffective|p2a: Chesnaught\n|-damage|p2a: Chesnaught|152/285\n|\n|-heal|p2a: Chesnaught|169/285|[from] item: Leftovers\n|-heal|p1a: Swalot|160/326|[from] item: Leftovers\n|upkeep\n|turn|17\n|\n|t:|1781402810\n|move|p2a: Chesnaught|Trailblaze|p1a: Swalot\n|-resisted|p1a: Swalot\n|-damage|p1a: Swalot|132/326\n|-boost|p2a: Chesnaught|spe|1\n|move|p1a: Swalot|Gunk Shot|p2a: Chesnaught\n|-supereffective|p2a: Chesnaught\n|-damage|p2a: Chesnaught|67/285\n|\n|-heal|p2a: Chesnaught|84/285|[from] item: Leftovers\n|-heal|p1a: Swalot|152/326|[from] item: Leftovers\n|upkeep\n|turn|18\n|\n|t:|1781402829\n|move|p2a: Chesnaught|Synthesis|p2a: Chesnaught\n|-heal|p2a: Chesnaught|226/285\n|move|p1a: Swalot|Gunk Shot|p2a: Chesnaught\n|-supereffective|p2a: Chesnaught\n|-damage|p2a: Chesnaught|134/285\n|\n|-heal|p2a: Chesnaught|151/285|[from] item: Leftovers\n|-heal|p1a: Swalot|172/326|[from] item: Leftovers\n|upkeep\n|turn|19\n|-message|Miercalito forfeited.\n|\n|win|Magikarpitalism\n|raw|Miercalito's rating: 2208 &rarr; <strong>2184</strong><br />(-24 for losing)\n|raw|Magikarpitalism's rating: 2134 &rarr; <strong>2158</strong><br />(+24 for winning)\n|l|\u2606Miercalito\n|player|p1|\n", "inputlog": ">version a8376a258c1d4662feba110a92103f3664a72141\n>start {\"formatid\":\"gen9randombattle\",\"seed\":\"sodium,90577897e41c7614c78b7b520c71d1c9\",\"rated\":\"Rated battle\"}\n>player p1 {\"name\":\"Miercalito\",\"avatar\":\"102\",\"rating\":2208,\"seed\":\"sodium,946d64e64a48c8ab07ab4bbd661df77a\"}\n>player p2 {\"name\":\"Magikarpitalism\",\"avatar\":\"steven\",\"rating\":2134,\"seed\":\"sodium,4ff094e355878c4c8190c5ffc3eedf16\"}\n>p1 move airslash\n>p2 move superpower\n>p1 move airslash\n>p2 move superpower\n>p1 move airslash\n>p2 move rest\n>p1 move seedflare\n>p2 move rest\n>p2 switch 6\n>p1 move airslash\n>p2 move dragondance\n>p1 move airslash\n>p2 move dragondance\n>p1 move earthpower\n>p2 move terablast terastallize\n>p1 switch 3\n>p1 move psychicnoise\n>p2 move outrage\n>p2 switch 2\n>p1 switch 5\n>p2 move voltswitch\n>p2 switch 5\n>p1 move swordsdance\n>p2 move irondefense\n>p1 move gunkshot\n>p2 move trailblaze\n>p1 move gunkshot\n>p2 move synthesis\n>p1 move gunkshot\n>p2 move irondefense\n>p1 move gunkshot\n>p2 move irondefense\n>p1 move gunkshot\n>p2 move synthesis\n>p1 move gunkshot\n>p2 move bodypress\n>p1 move gunkshot\n>p2 move trailblaze\n>p1 move gunkshot\n>p2 move synthesis\n>forcelose p1", "uploadtime": 1781402415, "views": 5, "formatid": "gen9randombattle", "rating": 2158, "private": 0, "password": null, "player_dets": [{"name": "Miercalito", "avatar": "102", "rating": 2208, "seed": "sodium,946d64e64a48c8ab07ab4bbd661df77a"}, {"name": "Magikarpitalism", "avatar": "steven", "rating": 2134, "seed": "sodium,4ff094e355878c4c8190c5ffc3eedf16"}], "teams_full": [{"Shaymin": {"name": "Shaymin", "species": "Shaymin", "speciesId": "shaymin", "gender": "N", "shiny": false, "level": 82, "moves": ["earthpower", "seedflare", "airslash", "synthesis"], "ability": "Natural Cure", "evs": {"hp": 85, "atk": 0, "def": 85, "spa": 85, "spd": 85, "spe": 85}, "ivs": {"hp": 31, "atk": 0, "def": 31, "spa": 31, "spd": 31, "spe": 31}, "item": "Leftovers", "teraType": "Steel", "role": "Bulky Attacker", "bvs": {"hp": 100, "atk": 100, "def": 100, "spa": 100, "spd": 100, "spe": 100}, "stats": {"hp": 298, "atk": 169, "def": 211, "spa": 211, "spd": 211, "spe": 211}, "types": ["Grass"]}, "Mienshao": {"name": "Mienshao", "species": "Mienshao", "speciesId": "mienshao", "gender": "F", "shiny": false, "level": 83, "moves": ["knockoff", "closecombat", "swordsdance", "poisonjab"], "ability": "Regenerator", "evs": {"hp": 85, "atk": 85, "def": 85, "spa": 85, "spd": 85, "spe": 85}, "ivs": {"hp": 31, "atk": 31, "def": 31, "spa": 31, "spd": 31, "spe": 31}, "item": "Life Orb", "teraType": "Fighting", "role": "Setup Sweeper", "bvs": {"hp": 65, "atk": 125, "def": 60, "spa": 95, "spd": 60, "spe": 105}, "stats": {"hp": 244, "atk": 255, "def": 147, "spa": 205, "spd": 147, "spe": 222}, "types": ["Fighting"]}, "Lugia": {"name": "Lugia", "species": "Lugia", "speciesId": "lugia", "gender": "N", "shiny": false, "level": 73, "moves": ["calmmind", "psychicnoise", "recover", "aeroblast"], "ability": "Multiscale", "evs": {"hp": 85, "atk": 0, "def": 85, "spa": 85, "spd": 85, "spe": 85}, "ivs": {"hp": 31, "atk": 0, "def": 31, "spa": 31, "spd": 31, "spe": 31}, "item": "Heavy-Duty Boots", "teraType": "Steel", "role": "Setup Sweeper", "bvs": {"hp": 106, "atk": 90, "def": 130, "spa": 90, "spd": 154, "spe": 110}, "stats": {"hp": 275, "atk": 136, "def": 232, "spa": 174, "spd": 267, "spe": 203}, "types": ["Psychic", "Flying"]}, "Sandy Shocks": {"name": "Sandy Shocks", "species": "Sandy Shocks", "speciesId": "sandyshocks", "gender": "N", "shiny": false, "level": 80, "moves": ["spikes", "thunderbolt", "earthpower", "thunderwave"], "ability": "Protosynthesis", "evs": {"hp": 85, "atk": 0, "def": 85, "spa": 85, "spd": 85, "spe": 85}, "ivs": {"hp": 31, "atk": 0, "def": 31, "spa": 31, "spd": 31, "spe": 31}, "item": "Leftovers", "teraType": "Grass", "role": "Fast Support", "bvs": {"hp": 85, "atk": 81, "def": 97, "spa": 121, "spd": 85, "spe": 101}, "stats": {"hp": 267, "atk": 134, "def": 201, "spa": 240, "spd": 182, "spe": 208}, "types": ["Electric", "Ground"]}, "Swalot": {"name": "Swalot", "species": "Swalot", "speciesId": "swalot", "gender": "M", "shiny": false, "level": 90, "moves": ["swordsdance", "knockoff", "gunkshot", "earthquake"], "ability": "Liquid Ooze", "evs": {"hp": 85, "atk": 85, "def": 85, "spa": 85, "spd": 85, "spe": 85}, "ivs": {"hp": 31, "atk": 31, "def": 31, "spa": 31, "spd": 31, "spe": 31}, "item": "Leftovers", "teraType": "Dark", "role": "Bulky Setup", "bvs": {"hp": 100, "atk": 73, "def": 83, "spa": 73, "spd": 83, "spe": 55}, "stats": {"hp": 326, "atk": 183, "def": 201, "spa": 183, "spd": 201, "spe": 150}, "types": ["Poison"]}, "Crabominable": {"name": "Crabominable", "species": "Crabominable", "speciesId": "crabominable", "gender": "M", "shiny": false, "level": 90, "moves": ["icehammer", "drainpunch", "knockoff", "earthquake"], "ability": "Iron Fist", "evs": {"hp": 85, "atk": 85, "def": 85, "spa": 85, "spd": 85, "spe": 85}, "ivs": {"hp": 31, "atk": 31, "def": 31, "spa": 31, "spd": 31, "spe": 31}, "item": "Choice Band", "teraType": "Fighting", "role": "Wallbreaker", "bvs": {"hp": 97, "atk": 132, "def": 77, "spa": 62, "spd": 67, "spe": 43}, "stats": {"hp": 321, "atk": 289, "def": 190, "spa": 163, "spd": 172, "spe": 129}, "types": ["Fighting", "Ice"]}}, {"Malamar": {"name": "Malamar", "species": "Malamar", "speciesId": "malamar", "gender": "F", "shiny": false, "level": 82, "moves": ["knockoff", "psychocut", "rest", "superpower"], "ability": "Contrary", "evs": {"hp": 85, "atk": 85, "def": 85, "spa": 85, "spd": 85, "spe": 85}, "ivs": {"hp": 31, "atk": 31, "def": 31, "spa": 31, "spd": 31, "spe": 31}, "item": "Chesto Berry", "teraType": "Fighting", "role": "Fast Bulky Setup", "bvs": {"hp": 86, "atk": 92, "def": 88, "spa": 68, "spd": 75, "spe": 73}, "stats": {"hp": 275, "atk": 198, "def": 191, "spa": 159, "spd": 170, "spe": 167}, "types": ["Dark", "Psychic"]}, "Rotom": {"name": "Rotom", "species": "Rotom-Wash", "speciesId": "rotomwash", "gender": "N", "shiny": false, "level": 82, "moves": ["hydropump", "trick", "thunderbolt", "voltswitch"], "ability": "Levitate", "evs": {"hp": 85, "atk": 0, "def": 85, "spa": 85, "spd": 85, "spe": 85}, "ivs": {"hp": 31, "atk": 0, "def": 31, "spa": 31, "spd": 31, "spe": 31}, "item": "Choice Scarf", "teraType": "Steel", "role": "Bulky Attacker", "bvs": {"hp": 50, "atk": 65, "def": 107, "spa": 105, "spd": 107, "spe": 86}, "stats": {"hp": 216, "atk": 111, "def": 223, "spa": 219, "spd": 223, "spe": 188}, "types": ["Electric", "Water"]}, "Electrode": {"name": "Electrode", "species": "Electrode", "speciesId": "electrode", "gender": "N", "shiny": false, "level": 92, "moves": ["voltswitch", "foulplay", "thunderwave", "thunderbolt"], "ability": "Aftermath", "evs": {"hp": 85, "atk": 0, "def": 85, "spa": 85, "spd": 85, "spe": 85}, "ivs": {"hp": 31, "atk": 0, "def": 31, "spa": 31, "spd": 31, "spe": 31}, "item": "Heavy-Duty Boots", "teraType": "Dark", "role": "Fast Support", "bvs": {"hp": 60, "atk": 50, "def": 70, "spa": 80, "spd": 80, "spe": 150}, "stats": {"hp": 260, "atk": 97, "def": 181, "spa": 200, "spd": 200, "spe": 328}, "types": ["Electric"]}, "Illumise": {"name": "Illumise", "species": "Illumise", "speciesId": "illumise", "gender": "F", "shiny": false, "level": 91, "moves": ["encore", "roost", "thunderwave", "bugbuzz"], "ability": "Prankster", "evs": {"hp": 85, "atk": 0, "def": 85, "spa": 85, "spd": 85, "spe": 85}, "ivs": {"hp": 31, "atk": 0, "def": 31, "spa": 31, "spd": 31, "spe": 31}, "item": "Heavy-Duty Boots", "teraType": "Steel", "role": "Bulky Support", "bvs": {"hp": 65, "atk": 47, "def": 75, "spa": 73, "spd": 85, "spe": 85}, "stats": {"hp": 266, "atk": 90, "def": 188, "spa": 185, "spd": 207, "spe": 207}, "types": ["Bug"]}, "Chesnaught": {"name": "Chesnaught", "species": "Chesnaught", "speciesId": "chesnaught", "gender": "M", "shiny": false, "level": 84, "moves": ["trailblaze", "synthesis", "bodypress", "irondefense"], "ability": "Bulletproof", "evs": {"hp": 85, "atk": 85, "def": 85, "spa": 85, "spd": 85, "spe": 85}, "ivs": {"hp": 31, "atk": 31, "def": 31, "spa": 31, "spd": 31, "spe": 31}, "item": "Leftovers", "teraType": "Steel", "role": "Fast Bulky Setup", "bvs": {"hp": 88, "atk": 107, "def": 122, "spa": 74, "spd": 75, "spe": 64}, "stats": {"hp": 285, "atk": 228, "def": 253, "spa": 173, "spd": 174, "spe": 156}, "types": ["Grass", "Fighting"]}, "Flapple": {"name": "Flapple", "species": "Flapple", "speciesId": "flapple", "gender": "F", "shiny": false, "level": 88, "moves": ["gravapple", "outrage", "terablast", "dragondance"], "ability": "Hustle", "evs": {"hp": 85, "atk": 85, "def": 85, "spa": 85, "spd": 85, "spe": 85}, "ivs": {"hp": 31, "atk": 31, "def": 31, "spa": 31, "spd": 31, "spe": 31}, "item": "Lum Berry", "teraType": "Fire", "role": "Tera Blast user", "bvs": {"hp": 70, "atk": 110, "def": 80, "spa": 95, "spd": 60, "spe": 70}, "stats": {"hp": 266, "atk": 244, "def": 191, "spa": 217, "spd": 156, "spe": 173}, "types": ["Grass", "Dragon"]}}]}