{"id": "gen9randombattle-2631514150", "format": "[Gen 9] Random Battle", "players": ["arnavgupta", "jazenq"], "log": "|j|\u2606arnavgupta\n|j|\u2606jazenq\n|t:|1781394934\n|gametype|singles\n|player|p1|arnavgupta|drayden|2058\n|player|p2|jazenq|1|2098\n|gen|9\n|tier|[Gen 9] Random Battle\n|rated|\n|rule|Species Clause: Limit one of each Pok\u00e9mon\n|rule|HP Percentage Mod: HP is shown in percentages\n|rule|Sleep Clause Mod: Limit one foe put to sleep\n|rule|Illusion Level Mod: Illusion disguises the Pok\u00e9mon's true level\n|\n|t:|1781394934\n|teamsize|p1|6\n|teamsize|p2|6\n|start\n|switch|p1a: Raging Bolt|Raging Bolt, L78|323/323\n|switch|p2a: Weavile|Weavile, L79, F|239/239\n|turn|1\n|inactive|Battle timer is ON: inactive players will automatically lose when time's up. (requested by jazenq)\n|\n|t:|1781394945\n|-end|p1a: Raging Bolt|Protosynthesis|[silent]\n|switch|p1a: Piloswine|Piloswine, L85, M|309/309\n|move|p2a: Weavile|Knock Off|p1a: Piloswine\n|-damage|p1a: Piloswine|200/309\n|-enditem|p1a: Piloswine|Eviolite|[from] move: Knock Off|[of] p2a: Weavile\n|\n|upkeep\n|turn|2\n|\n|t:|1781394968\n|switch|p2a: Iron Valiant|Iron Valiant, L78|244/244\n|move|p1a: Piloswine|Stealth Rock|p2a: Iron Valiant\n|-sidestart|p2: jazenq|move: Stealth Rock\n|\n|upkeep\n|turn|3\n|\n|t:|1781394988\n|move|p2a: Iron Valiant|Close Combat|p1a: Piloswine\n|-supereffective|p1a: Piloswine\n|-damage|p1a: Piloswine|0 fnt\n|-unboost|p2a: Iron Valiant|def|1\n|-unboost|p2a: Iron Valiant|spd|1\n|faint|p1a: Piloswine\n|-damage|p2a: Iron Valiant|220/244|[from] item: Life Orb\n|\n|upkeep\n|\n|t:|1781394991\n|switch|p1a: Zacian|Zacian-Crowned, L64|225/225\n|-ability|p1a: Zacian|Intrepid Sword|boost\n|-boost|p1a: Zacian|atk|1\n|turn|4\n|\n|t:|1781395003\n|move|p1a: Zacian|Behemoth Blade|p2a: Iron Valiant\n|-supereffective|p2a: Iron Valiant\n|-damage|p2a: Iron Valiant|0 fnt\n|faint|p2a: Iron Valiant\n|-end|p2a: Iron Valiant|Quark Drive|[silent]\n|\n|upkeep\n|\n|t:|1781395014\n|switch|p2a: Dusknoir|Dusknoir, L89, F|225/225\n|-damage|p2a: Dusknoir|197/225|[from] Stealth Rock\n|-item|p1a: Zacian|Rusted Sword|[from] ability: Frisk|[of] p2a: Dusknoir\n|turn|5\n|\n|t:|1781395019\n|switch|p1a: Squawkabilly|Squawkabilly-White, L89, F|291/291\n|move|p2a: Dusknoir|Will-O-Wisp|p1a: Squawkabilly\n|-status|p1a: Squawkabilly|brn\n|\n|-heal|p2a: Dusknoir|211/225|[from] item: Leftovers\n|-damage|p1a: Squawkabilly|273/291 brn|[from] brn\n|upkeep\n|turn|6\n|\n|t:|1781395041\n|switch|p2a: Stonjourner|Stonjourner, L91, F|330/330\n|-damage|p2a: Stonjourner|289/330|[from] Stealth Rock\n|move|p1a: Squawkabilly|Brave Bird|p2a: Stonjourner\n|-resisted|p2a: Stonjourner\n|-damage|p2a: Stonjourner|258/330\n|-damage|p1a: Squawkabilly|263/291 brn|[from] Recoil\n|\n|-damage|p1a: Squawkabilly|245/291 brn|[from] brn\n|upkeep\n|turn|7\n|\n|t:|1781395045\n|move|p1a: Squawkabilly|Parting Shot|p2a: Stonjourner\n|-unboost|p2a: Stonjourner|atk|1\n|-unboost|p2a: Stonjourner|spa|1\n|\n|t:|1781395047\n|switch|p1a: Hypno|Hypno, L95, M|315/315|[from] Parting Shot\n|move|p2a: Stonjourner|Stealth Rock|p1a: Hypno\n|-sidestart|p1: arnavgupta|move: Stealth Rock\n|\n|upkeep\n|turn|8\n|\n|t:|1781395059\n|switch|p2a: Dusknoir|Dusknoir, L89, F|211/225\n|-damage|p2a: Dusknoir|183/225|[from] Stealth Rock\n|-item|p1a: Hypno|Leftovers|[from] ability: Frisk|[of] p2a: Dusknoir\n|move|p1a: Hypno|Thunder Wave|p2a: Dusknoir\n|-status|p2a: Dusknoir|par\n|\n|-heal|p2a: Dusknoir|197/225 par|[from] item: Leftovers\n|upkeep\n|turn|9\n|\n|t:|1781395069\n|switch|p2a: Stonjourner|Stonjourner, L91, F|258/330\n|-damage|p2a: Stonjourner|217/330|[from] Stealth Rock\n|move|p1a: Hypno|Knock Off|p2a: Stonjourner\n|-damage|p2a: Stonjourner|172/330\n|-enditem|p2a: Stonjourner|Life Orb|[from] move: Knock Off|[of] p1a: Hypno\n|\n|upkeep\n|turn|10\n|\n|t:|1781395077\n|move|p1a: Hypno|Psychic Noise|p2a: Stonjourner\n|-damage|p2a: Stonjourner|0 fnt\n|faint|p2a: Stonjourner\n|\n|upkeep\n|\n|t:|1781395086\n|switch|p2a: Dusknoir|Dusknoir, L89, F|197/225 par\n|-damage|p2a: Dusknoir|169/225 par|[from] Stealth Rock\n|-item|p1a: Hypno|Leftovers|[from] ability: Frisk|[of] p2a: Dusknoir\n|turn|11\n|\n|t:|1781395095\n|switch|p1a: Squawkabilly|Squawkabilly-White, L89, F|245/291 brn\n|switch|p2a: Weavile|Weavile, L79, F|239/239\n|-damage|p2a: Weavile|180/239|[from] Stealth Rock\n|\n|-damage|p1a: Squawkabilly|227/291 brn|[from] brn\n|upkeep\n|turn|12\n|\n|t:|1781395115\n|-terastallize|p2a: Weavile|Fighting\n|move|p2a: Weavile|Low Kick|p1a: Squawkabilly\n|-damage|p1a: Squawkabilly|182/291 brn\n|move|p1a: Squawkabilly|Brave Bird|p2a: Weavile\n|-supereffective|p2a: Weavile\n|-damage|p2a: Weavile|0 fnt\n|faint|p2a: Weavile\n|-damage|p1a: Squawkabilly|123/291 brn|[from] Recoil\n|\n|-damage|p1a: Squawkabilly|105/291 brn|[from] brn\n|upkeep\n|-message|jazenq forfeited.\n|\n|win|arnavgupta\n", "inputlog": ">version a8376a258c1d4662feba110a92103f3664a72141\n>start {\"formatid\":\"gen9randombattle\",\"seed\":\"sodium,54a1f58991d75753026043d556d2215d\",\"rated\":\"Rated battle\"}\n>player p1 {\"name\":\"arnavgupta\",\"avatar\":\"drayden\",\"rating\":2058,\"seed\":\"sodium,bee92585b8f64e289e5a7c913cfde02a\"}\n>player p2 {\"name\":\"jazenq\",\"avatar\":\"1\",\"rating\":2098,\"seed\":\"sodium,af55d89c9e23199f31cfc07afe07a092\"}\n>p1 switch 4\n>p2 move knockoff\n>p1 move stealthrock\n>p2 switch 2\n>p1 move iciclecrash\n>p2 move closecombat\n>p1 switch 6\n>p1 move behemothblade\n>p2 move encore\n>p2 switch 4\n>p1 switch 2\n>p2 move willowisp\n>p1 move bravebird\n>p2 switch 5\n>p1 move partingshot\n>p2 move stealthrock\n>p1 switch 5\n>p1 move thunderwave\n>p2 switch 5\n>p1 move knockoff\n>p2 switch 5\n>p1 move psychicnoise\n>p2 move stoneedge\n>p2 switch 5\n>p1 switch 5\n>p2 switch 2\n>p1 move bravebird\n>p2 move lowkick terastallize\n>forcelose p2", "uploadtime": 1781394936, "views": 7, "formatid": "gen9randombattle", "rating": null, "private": 0, "password": null, "player_dets": [{"name": "arnavgupta", "avatar": "drayden", "rating": 2058, "seed": "sodium,bee92585b8f64e289e5a7c913cfde02a"}, {"name": "jazenq", "avatar": "1", "rating": 2098, "seed": "sodium,af55d89c9e23199f31cfc07afe07a092"}], "teams_full": [{"Raging Bolt": {"name": "Raging Bolt", "species": "Raging Bolt", "speciesId": "ragingbolt", "gender": "N", "shiny": false, "level": 78, "moves": ["thunderclap", "dracometeor", "thunderbolt", "voltswitch"], "ability": "Protosynthesis", "evs": {"hp": 85, "atk": 0, "def": 85, "spa": 85, "spd": 85, "spe": 85}, "ivs": {"hp": 31, "atk": 0, "def": 31, "spa": 31, "spd": 31, "spe": 31}, "item": "Assault Vest", "teraType": "Electric", "role": "AV Pivot", "bvs": {"hp": 125, "atk": 73, "def": 91, "spa": 137, "spd": 89, "spe": 75}, "stats": {"hp": 323, "atk": 118, "def": 187, "spa": 259, "spd": 184, "spe": 162}, "types": ["Electric", "Dragon"]}, "Squawkabilly": {"name": "Squawkabilly", "species": "Squawkabilly-White", "speciesId": "squawkabillywhite", "gender": "F", "shiny": false, "level": 89, "moves": ["quickattack", "doubleedge", "partingshot", "bravebird"], "ability": "Hustle", "evs": {"hp": 85, "atk": 85, "def": 85, "spa": 85, "spd": 85, "spe": 85}, "ivs": {"hp": 31, "atk": 31, "def": 31, "spa": 31, "spd": 31, "spe": 31}, "item": "Heavy-Duty Boots", "teraType": "Flying", "role": "Wallbreaker", "bvs": {"hp": 82, "atk": 96, "def": 51, "spa": 45, "spd": 51, "spe": 92}, "stats": {"hp": 291, "atk": 222, "def": 142, "spa": 131, "spd": 142, "spe": 215}, "types": ["Normal", "Flying"]}, "Altaria": {"name": "Altaria", "species": "Altaria", "speciesId": "altaria", "gender": "M", "shiny": false, "level": 89, "moves": ["roost", "bravebird", "haze", "defog"], "ability": "Natural Cure", "evs": {"hp": 85, "atk": 85, "def": 85, "spa": 85, "spd": 85, "spe": 85}, "ivs": {"hp": 31, "atk": 31, "def": 31, "spa": 31, "spd": 31, "spe": 31}, "item": "Heavy-Duty Boots", "teraType": "Steel", "role": "Bulky Support", "bvs": {"hp": 75, "atk": 70, "def": 90, "spa": 70, "spd": 105, "spe": 80}, "stats": {"hp": 278, "atk": 175, "def": 211, "spa": 175, "spd": 238, "spe": 193}, "types": ["Dragon", "Flying"]}, "Piloswine": {"name": "Piloswine", "species": "Piloswine", "speciesId": "piloswine", "gender": "M", "shiny": false, "level": 85, "moves": ["roar", "earthquake", "stealthrock", "iciclecrash"], "ability": "Thick Fat", "evs": {"hp": 85, "atk": 85, "def": 85, "spa": 85, "spd": 85, "spe": 85}, "ivs": {"hp": 31, "atk": 31, "def": 31, "spa": 31, "spd": 31, "spe": 31}, "item": "Eviolite", "teraType": "Dragon", "role": "Bulky Support", "bvs": {"hp": 100, "atk": 100, "def": 80, "spa": 60, "spd": 60, "spe": 50}, "stats": {"hp": 309, "atk": 219, "def": 185, "spa": 151, "spd": 151, "spe": 134}, "types": ["Ice", "Ground"]}, "Hypno": {"name": "Hypno", "species": "Hypno", "speciesId": "hypno", "gender": "M", "shiny": false, "level": 95, "moves": ["thunderwave", "knockoff", "encore", "psychicnoise"], "ability": "Insomnia", "evs": {"hp": 85, "atk": 85, "def": 85, "spa": 85, "spd": 85, "spe": 85}, "ivs": {"hp": 31, "atk": 31, "def": 31, "spa": 31, "spd": 31, "spe": 31}, "item": "Leftovers", "teraType": "Fairy", "role": "Bulky Support", "bvs": {"hp": 85, "atk": 73, "def": 70, "spa": 73, "spd": 115, "spe": 67}, "stats": {"hp": 315, "atk": 193, "def": 187, "spa": 193, "spd": 272, "spe": 181}, "types": ["Psychic"]}, "Zacian": {"name": "Zacian", "species": "Zacian", "speciesId": "zaciancrowned", "gender": "N", "shiny": false, "level": 64, "moves": ["playrough", "swordsdance", "behemothblade", "closecombat"], "ability": "Intrepid Sword", "evs": {"hp": 85, "atk": 85, "def": 85, "spa": 85, "spd": 85, "spe": 85}, "ivs": {"hp": 31, "atk": 31, "def": 31, "spa": 31, "spd": 31, "spe": 31}, "item": "Rusted Sword", "teraType": "Fighting", "role": "Setup Sweeper", "bvs": {"hp": 92, "atk": 120, "def": 115, "spa": 80, "spd": 115, "spe": 138}, "stats": {"hp": 225, "atk": 191, "def": 185, "spa": 140, "spd": 185, "spe": 214}, "types": ["Fairy"]}}, {"Weavile": {"name": "Weavile", "species": "Weavile", "speciesId": "weavile", "gender": "F", "shiny": false, "level": 79, "moves": ["tripleaxel", "knockoff", "lowkick", "iceshard"], "ability": "Pickpocket", "evs": {"hp": 81, "atk": 85, "def": 85, "spa": 85, "spd": 85, "spe": 85}, "ivs": {"hp": 31, "atk": 31, "def": 31, "spa": 31, "spd": 31, "spe": 31}, "item": "Choice Band", "teraType": "Fighting", "role": "Fast Attacker", "bvs": {"hp": 70, "atk": 120, "def": 65, "spa": 45, "spd": 85, "spe": 125}, "stats": {"hp": 239, "atk": 235, "def": 148, "spa": 117, "spd": 180, "spe": 243}, "types": ["Dark", "Ice"]}, "Iron Valiant": {"name": "Iron Valiant", "species": "Iron Valiant", "speciesId": "ironvaliant", "gender": "N", "shiny": false, "level": 78, "moves": ["encore", "moonblast", "knockoff", "closecombat"], "ability": "Quark Drive", "evs": {"hp": 85, "atk": 85, "def": 85, "spa": 85, "spd": 85, "spe": 85}, "ivs": {"hp": 31, "atk": 31, "def": 31, "spa": 31, "spd": 31, "spe": 31}, "item": "Life Orb", "teraType": "Dark", "role": "Wallbreaker", "bvs": {"hp": 74, "atk": 130, "def": 90, "spa": 120, "spd": 60, "spe": 116}, "stats": {"hp": 244, "atk": 248, "def": 185, "spa": 232, "spd": 139, "spe": 226}, "types": ["Fairy", "Fighting"]}, "Appletun": {"name": "Appletun", "species": "Appletun", "speciesId": "appletun", "gender": "F", "shiny": false, "level": 92, "moves": ["appleacid", "recover", "dragonpulse", "leechseed"], "ability": "Thick Fat", "evs": {"hp": 85, "atk": 0, "def": 85, "spa": 85, "spd": 85, "spe": 85}, "ivs": {"hp": 31, "atk": 0, "def": 31, "spa": 31, "spd": 31, "spe": 31}, "item": "Leftovers", "teraType": "Steel", "role": "Bulky Attacker", "bvs": {"hp": 110, "atk": 85, "def": 80, "spa": 100, "spd": 80, "spe": 30}, "stats": {"hp": 352, "atk": 161, "def": 200, "spa": 236, "spd": 200, "spe": 108}, "types": ["Grass", "Dragon"]}, "Dusknoir": {"name": "Dusknoir", "species": "Dusknoir", "speciesId": "dusknoir", "gender": "F", "shiny": false, "level": 89, "moves": ["willowisp", "shadowsneak", "painsplit", "poltergeist"], "ability": "Frisk", "evs": {"hp": 85, "atk": 85, "def": 85, "spa": 85, "spd": 85, "spe": 85}, "ivs": {"hp": 31, "atk": 31, "def": 31, "spa": 31, "spd": 31, "spe": 31}, "item": "Leftovers", "teraType": "Dark", "role": "Bulky Support", "bvs": {"hp": 45, "atk": 100, "def": 135, "spa": 65, "spd": 135, "spe": 45}, "stats": {"hp": 225, "atk": 229, "def": 291, "spa": 166, "spd": 291, "spe": 131}, "types": ["Ghost"]}, "Stonjourner": {"name": "Stonjourner", "species": "Stonjourner", "speciesId": "stonjourner", "gender": "F", "shiny": false, "level": 91, "moves": ["stoneedge", "earthquake", "stealthrock", "heatcrash"], "ability": "Power Spot", "evs": {"hp": 85, "atk": 85, "def": 85, "spa": 85, "spd": 85, "spe": 85}, "ivs": {"hp": 31, "atk": 31, "def": 31, "spa": 31, "spd": 31, "spe": 31}, "item": "Life Orb", "teraType": "Fire", "role": "Fast Attacker", "bvs": {"hp": 100, "atk": 125, "def": 135, "spa": 20, "spd": 20, "spe": 70}, "stats": {"hp": 330, "atk": 279, "def": 298, "spa": 88, "spd": 88, "spe": 179}, "types": ["Rock"]}, "Toxicroak": {"name": "Toxicroak", "species": "Toxicroak", "speciesId": "toxicroak", "gender": "M", "shiny": false, "level": 84, "moves": ["knockoff", "earthquake", "gunkshot", "closecombat"], "ability": "Dry Skin", "evs": {"hp": 85, "atk": 85, "def": 85, "spa": 85, "spd": 85, "spe": 85}, "ivs": {"hp": 31, "atk": 31, "def": 31, "spa": 31, "spd": 31, "spe": 31}, "item": "Choice Band", "teraType": "Dark", "role": "Fast Attacker", "bvs": {"hp": 83, "atk": 106, "def": 65, "spa": 86, "spd": 65, "spe": 85}, "stats": {"hp": 277, "atk": 226, "def": 157, "spa": 193, "spd": 157, "spe": 191}, "types": ["Poison", "Fighting"]}}]}