{"id": "gen9randombattle-2631453128", "format": "[Gen 9] Random Battle", "players": ["pipisniperz", "Elite 4 Waally"], "log": "|j|\u2606pipisniperz\n|j|\u2606Elite 4 Waally\n|t:|1781386508\n|gametype|singles\n|player|p1|pipisniperz|169|2002\n|player|p2|Elite 4 Waally|wally|1956\n|gen|9\n|tier|[Gen 9] Random Battle\n|rated|\n|rule|Species Clause: Limit one of each Pok\u00e9mon\n|rule|HP Percentage Mod: HP is shown in percentages\n|rule|Sleep Clause Mod: Limit one foe put to sleep\n|rule|Illusion Level Mod: Illusion disguises the Pok\u00e9mon's true level\n|\n|t:|1781386508\n|teamsize|p1|6\n|teamsize|p2|6\n|start\n|switch|p1a: Rampardos|Rampardos, L90, M|321/321\n|switch|p2a: Ceruledge|Ceruledge, L78, M|245/245\n|turn|1\n|inactive|Battle timer is ON: inactive players will automatically lose when time's up. (requested by pipisniperz)\n|\n|t:|1781386539\n|switch|p2a: Qwilfish|Qwilfish-Hisui, L83, M|244/244\n|-ability|p2a: Qwilfish|Intimidate|boost\n|-unboost|p1a: Rampardos|atk|1\n|move|p1a: Rampardos|Rock Slide|p2a: Qwilfish|[miss]\n|-miss|p1a: Rampardos|p2a: Qwilfish\n|\n|upkeep\n|turn|2\n|\n|t:|1781386553\n|switch|p1a: Malamar|Malamar, L82, M|275/275\n|move|p2a: Qwilfish|Toxic Spikes|p1a: Malamar\n|-sidestart|p1: pipisniperz|move: Toxic Spikes\n|\n|upkeep\n|turn|3\n|\n|t:|1781386565\n|switch|p2a: Ceruledge|Ceruledge, L78, M|245/245\n|move|p1a: Malamar|Knock Off|p2a: Ceruledge\n|-supereffective|p2a: Ceruledge\n|-damage|p2a: Ceruledge|45/245\n|-ability|p2a: Ceruledge|Weak Armor|boost\n|-unboost|p2a: Ceruledge|def|1\n|-boost|p2a: Ceruledge|spe|2\n|-enditem|p2a: Ceruledge|Heavy-Duty Boots|[from] move: Knock Off|[of] p1a: Malamar\n|\n|upkeep\n|turn|4\n|\n|t:|1781386572\n|move|p2a: Ceruledge|Poltergeist|p1a: Malamar\n|-activate|p1a: Malamar|move: Poltergeist|Leftovers\n|-damage|p1a: Malamar|140/275\n|move|p1a: Malamar|Knock Off|p2a: Ceruledge\n|-supereffective|p2a: Ceruledge\n|-damage|p2a: Ceruledge|0 fnt\n|faint|p2a: Ceruledge\n|\n|-heal|p1a: Malamar|157/275|[from] item: Leftovers\n|upkeep\n|\n|t:|1781386574\n|switch|p2a: Zapdos|Zapdos-Galar, L77|265/265\n|turn|5\n|\n|t:|1781386592\n|move|p2a: Zapdos|U-turn|p1a: Malamar\n|-supereffective|p1a: Malamar\n|-damage|p1a: Malamar|0 fnt\n|faint|p1a: Malamar\n|\n|t:|1781386598\n|switch|p2a: Conkeldurr|Conkeldurr, L80, M|299/299|[from] U-turn\n|\n|-status|p2a: Conkeldurr|brn|[from] item: Flame Orb\n|upkeep\n|inactive|pipisniperz has 120 seconds left.\n|\n|t:|1781386630\n|switch|p1a: Beartic|Beartic, L91, F|321/321\n|-status|p1a: Beartic|psn\n|turn|6\n|\n|t:|1781386644\n|switch|p2a: Qwilfish|Qwilfish-Hisui, L83, M|244/244\n|-ability|p2a: Qwilfish|Intimidate|boost\n|-unboost|p1a: Beartic|atk|1\n|move|p1a: Beartic|Icicle Crash|p2a: Qwilfish\n|-damage|p2a: Qwilfish|150/244\n|\n|-damage|p1a: Beartic|281/321 psn|[from] psn\n|upkeep\n|turn|7\n|inactive|pipisniperz has 120 seconds left.\n|\n|t:|1781386659\n|move|p2a: Qwilfish|Crunch|p1a: Beartic\n|-damage|p1a: Beartic|196/321 psn\n|move|p1a: Beartic|Icicle Crash|p2a: Qwilfish\n|-damage|p2a: Qwilfish|66/244\n|\n|-damage|p1a: Beartic|156/321 psn|[from] psn\n|upkeep\n|turn|8\n|\n|t:|1781386667\n|switch|p1a: Toedscruel|Toedscruel, L87, M|281/281\n|-status|p1a: Toedscruel|psn\n|move|p2a: Qwilfish|Gunk Shot|p1a: Toedscruel\n|-damage|p1a: Toedscruel|134/281 psn\n|\n|-damage|p1a: Toedscruel|99/281 psn|[from] psn\n|upkeep\n|turn|9\n|\n|t:|1781386674\n|move|p1a: Toedscruel|Rapid Spin|p2a: Qwilfish\n|-damage|p2a: Qwilfish|43/244\n|-boost|p1a: Toedscruel|spe|1\n|-sideend|p1: pipisniperz|Toxic Spikes|[from] move: Rapid Spin|[of] p1a: Toedscruel\n|move|p2a: Qwilfish|Crunch|p1a: Toedscruel\n|-damage|p1a: Toedscruel|0 fnt\n|faint|p1a: Toedscruel\n|\n|upkeep\n|\n|t:|1781386682\n|switch|p1a: Leavanny|Leavanny, L86, F|269/269\n|turn|10\n|\n|t:|1781386690\n|move|p1a: Leavanny|Triple Axel|p2a: Qwilfish\n|-damage|p2a: Qwilfish|32/244\n|-damage|p2a: Qwilfish|11/244\n|-damage|p2a: Qwilfish|0 fnt\n|faint|p2a: Qwilfish\n|-hitcount|p2: Qwilfish|3\n|\n|upkeep\n|\n|t:|1781386697\n|switch|p2a: Zapdos|Zapdos-Galar, L77|265/265\n|turn|11\n|\n|t:|1781386710\n|switch|p1a: Goodra|Goodra-Hisui, L82, M|265/265\n|move|p2a: Zapdos|Brave Bird|p1a: Goodra\n|-resisted|p1a: Goodra\n|-damage|p1a: Goodra|182/265\n|-damage|p2a: Zapdos|238/265|[from] Recoil\n|\n|upkeep\n|turn|12\n|\n|t:|1781386716\n|switch|p2a: Mightyena|Mightyena, L96, F|290/290\n|-ability|p2a: Mightyena|Intimidate|boost\n|-unboost|p1a: Goodra|atk|1\n|move|p1a: Goodra|Draco Meteor|p2a: Mightyena\n|-damage|p2a: Mightyena|178/290\n|-unboost|p1a: Goodra|spa|2\n|\n|upkeep\n|turn|13\n|\n|t:|1781386729\n|move|p2a: Mightyena|Throat Chop|p1a: Goodra\n|-damage|p1a: Goodra|89/265\n|-start|p1a: Goodra|Throat Chop|[silent]\n|move|p1a: Goodra|Heavy Slam|p2a: Mightyena\n|-damage|p2a: Mightyena|99/290\n|\n|upkeep\n|turn|14\n|\n|t:|1781386742\n|move|p2a: Mightyena|Throat Chop|p1a: Goodra\n|-damage|p1a: Goodra|0 fnt\n|faint|p1a: Goodra\n|\n|upkeep\n|\n|t:|1781386744\n|switch|p1a: Leavanny|Leavanny, L86, F|269/269\n|turn|15\n|\n|t:|1781386757\n|move|p1a: Leavanny|Sticky Web|p2a: Mightyena\n|-sidestart|p2: Elite 4 Waally|move: Sticky Web\n|move|p2a: Mightyena|Poison Fang|p1a: Leavanny\n|-supereffective|p1a: Leavanny\n|-damage|p1a: Leavanny|185/269\n|-status|p1a: Leavanny|tox\n|\n|-damage|p1a: Leavanny|169/269 tox|[from] psn\n|upkeep\n|turn|16\n|l|\u2606Elite 4 Waally\n|inactive|Elite 4 Waally disconnected and has a minute to reconnect!\n|player|p2|\n|inactive|Elite 4 Waally has 30 seconds to reconnect!\n|inactive|Elite 4 Waally has 20 seconds to reconnect!\n|inactive|Elite 4 Waally has 15 seconds to reconnect!\n|inactive|Elite 4 Waally has 10 seconds to reconnect!\n|inactive|Elite 4 Waally has 5 seconds to reconnect!\n|-message|Elite 4 Waally lost due to inactivity.\n|\n|win|pipisniperz\n", "inputlog": ">version a8376a258c1d4662feba110a92103f3664a72141\n>start {\"formatid\":\"gen9randombattle\",\"seed\":\"sodium,d6c2c80aa2a7d0f8c1d4fd4258456a63\",\"rated\":\"Rated battle\"}\n>player p1 {\"name\":\"pipisniperz\",\"avatar\":\"169\",\"rating\":2002,\"seed\":\"sodium,e9d6b52239c3f4a627b9105a2007dbe1\"}\n>player p2 {\"name\":\"Elite 4 Waally\",\"avatar\":\"wally\",\"rating\":1956,\"seed\":\"sodium,9a18197006332ca85ac28d17f737cf1c\"}\n>p1 move rockslide\n>p2 switch 4\n>p1 switch 5\n>p2 move toxicspikes\n>p1 move knockoff\n>p2 switch 4\n>p1 move knockoff\n>p2 move poltergeist\n>p2 switch 3\n>p1 move knockoff\n>p2 move uturn\n>p2 switch 5\n>p1 switch 2\n>p1 move iciclecrash\n>p2 switch 4\n>p1 move iciclecrash\n>p2 move crunch\n>p1 switch 4\n>p2 move gunkshot\n>p1 move rapidspin\n>p2 move crunch\n>p1 switch 3\n>p1 move tripleaxel\n>p2 move crunch\n>p2 switch 5\n>p1 switch 6\n>p2 move bravebird\n>p1 move dracometeor\n>p2 switch 2\n>p1 move heavyslam\n>p2 move throatchop\n>p1 move heavyslam\n>p2 move throatchop\n>p1 switch 6\n>p1 move stickyweb\n>p2 move poisonfang\n>forcelose p2", "uploadtime": 1781386510, "views": 7, "formatid": "gen9randombattle", "rating": null, "private": 0, "password": null, "player_dets": [{"name": "pipisniperz", "avatar": "169", "rating": 2002, "seed": "sodium,e9d6b52239c3f4a627b9105a2007dbe1"}, {"name": "Elite 4 Waally", "avatar": "wally", "rating": 1956, "seed": "sodium,9a18197006332ca85ac28d17f737cf1c"}], "teams_full": [{"Rampardos": {"name": "Rampardos", "species": "Rampardos", "speciesId": "rampardos", "gender": "M", "shiny": false, "level": 90, "moves": ["rockslide", "firepunch", "earthquake", "zenheadbutt"], "ability": "Sheer Force", "evs": {"hp": 85, "atk": 85, "def": 85, "spa": 85, "spd": 85, "spe": 85}, "ivs": {"hp": 31, "atk": 31, "def": 31, "spa": 31, "spd": 31, "spe": 31}, "item": "Life Orb", "teraType": "Psychic", "role": "Wallbreaker", "bvs": {"hp": 97, "atk": 165, "def": 60, "spa": 65, "spd": 50, "spe": 58}, "stats": {"hp": 321, "atk": 348, "def": 159, "spa": 168, "spd": 141, "spe": 156}}, "Beartic": {"name": "Beartic", "species": "Beartic", "speciesId": "beartic", "gender": "F", "shiny": false, "level": 91, "moves": ["aquajet", "earthquake", "closecombat", "iciclecrash"], "ability": "Slush Rush", "evs": {"hp": 85, "atk": 85, "def": 85, "spa": 85, "spd": 85, "spe": 85}, "ivs": {"hp": 31, "atk": 31, "def": 31, "spa": 31, "spd": 31, "spe": 31}, "item": "Choice Band", "teraType": "Ground", "role": "Wallbreaker", "bvs": {"hp": 95, "atk": 130, "def": 80, "spa": 70, "spd": 80, "spe": 50}, "stats": {"hp": 321, "atk": 288, "def": 197, "spa": 179, "spd": 197, "spe": 143}}, "Leavanny": {"name": "Leavanny", "species": "Leavanny", "speciesId": "leavanny", "gender": "F", "shiny": false, "level": 86, "moves": ["knockoff", "tripleaxel", "bulletseed", "stickyweb"], "ability": "Chlorophyll", "evs": {"hp": 85, "atk": 85, "def": 85, "spa": 85, "spd": 85, "spe": 85}, "ivs": {"hp": 31, "atk": 31, "def": 31, "spa": 31, "spd": 31, "spe": 31}, "item": "Loaded Dice", "teraType": "Rock", "role": "Fast Attacker", "bvs": {"hp": 75, "atk": 103, "def": 80, "spa": 70, "spd": 80, "spe": 92}, "stats": {"hp": 269, "atk": 226, "def": 187, "spa": 170, "spd": 187, "spe": 207}}, "Toedscruel": {"name": "Toedscruel", "species": "Toedscruel", "speciesId": "toedscruel", "gender": "M", "shiny": false, "level": 87, "moves": ["earthpower", "leafstorm", "knockoff", "rapidspin"], "ability": "Mycelium Might", "evs": {"hp": 85, "atk": 85, "def": 85, "spa": 85, "spd": 85, "spe": 85}, "ivs": {"hp": 31, "atk": 31, "def": 31, "spa": 31, "spd": 31, "spe": 31}, "item": "Assault Vest", "teraType": "Water", "role": "Bulky Support", "bvs": {"hp": 80, "atk": 70, "def": 65, "spa": 80, "spd": 120, "spe": 100}, "stats": {"hp": 281, "atk": 172, "def": 163, "spa": 189, "spd": 259, "spe": 224}}, "Malamar": {"name": "Malamar", "species": "Malamar", "speciesId": "malamar", "gender": "M", "shiny": false, "level": 82, "moves": ["superpower", "rest", "sleeptalk", "knockoff"], "ability": "Contrary", "evs": {"hp": 85, "atk": 85, "def": 85, "spa": 85, "spd": 85, "spe": 85}, "ivs": {"hp": 31, "atk": 31, "def": 31, "spa": 31, "spd": 31, "spe": 31}, "item": "Leftovers", "teraType": "Fighting", "role": "Bulky Setup", "bvs": {"hp": 86, "atk": 92, "def": 88, "spa": 68, "spd": 75, "spe": 73}, "stats": {"hp": 275, "atk": 198, "def": 191, "spa": 159, "spd": 170, "spe": 167}}, "Goodra": {"name": "Goodra", "species": "Goodra-Hisui", "speciesId": "goodrahisui", "gender": "M", "shiny": false, "level": 82, "moves": ["heavyslam", "dracometeor", "earthquake", "hydropump"], "ability": "Sap Sipper", "evs": {"hp": 85, "atk": 85, "def": 85, "spa": 85, "spd": 85, "spe": 85}, "ivs": {"hp": 31, "atk": 31, "def": 31, "spa": 31, "spd": 31, "spe": 31}, "item": "Assault Vest", "teraType": "Ground", "role": "AV Pivot", "bvs": {"hp": 80, "atk": 100, "def": 100, "spa": 110, "spd": 150, "spe": 60}, "stats": {"hp": 265, "atk": 211, "def": 211, "spa": 228, "spd": 293, "spe": 146}}}, {"Ceruledge": {"name": "Ceruledge", "species": "Ceruledge", "speciesId": "ceruledge", "gender": "M", "shiny": false, "level": 78, "moves": ["poltergeist", "swordsdance", "shadowsneak", "bitterblade"], "ability": "Weak Armor", "evs": {"hp": 85, "atk": 85, "def": 85, "spa": 85, "spd": 85, "spe": 85}, "ivs": {"hp": 31, "atk": 31, "def": 31, "spa": 31, "spd": 31, "spe": 31}, "item": "Heavy-Duty Boots", "teraType": "Ghost", "role": "Setup Sweeper", "bvs": {"hp": 75, "atk": 125, "def": 80, "spa": 60, "spd": 100, "spe": 85}, "stats": {"hp": 245, "atk": 240, "def": 170, "spa": 139, "spd": 201, "spe": 178}}, "Mightyena": {"name": "Mightyena", "species": "Mightyena", "speciesId": "mightyena", "gender": "F", "shiny": false, "level": 96, "moves": ["superfang", "poisonfang", "throatchop", "playrough"], "ability": "Intimidate", "evs": {"hp": 85, "atk": 85, "def": 85, "spa": 85, "spd": 85, "spe": 85}, "ivs": {"hp": 31, "atk": 31, "def": 31, "spa": 31, "spd": 31, "spe": 31}, "item": "Assault Vest", "teraType": "Poison", "role": "AV Pivot", "bvs": {"hp": 70, "atk": 90, "def": 70, "spa": 60, "spd": 60, "spe": 70}, "stats": {"hp": 290, "atk": 227, "def": 189, "spa": 170, "spd": 170, "spe": 189}}, "Zapdos": {"name": "Zapdos", "species": "Zapdos-Galar", "speciesId": "zapdosgalar", "gender": "N", "shiny": false, "level": 77, "moves": ["uturn", "closecombat", "bravebird", "knockoff"], "ability": "Defiant", "evs": {"hp": 85, "atk": 85, "def": 85, "spa": 85, "spd": 85, "spe": 85}, "ivs": {"hp": 31, "atk": 31, "def": 31, "spa": 31, "spd": 31, "spe": 31}, "item": "Choice Band", "teraType": "Steel", "role": "Fast Attacker", "bvs": {"hp": 90, "atk": 125, "def": 90, "spa": 85, "spd": 90, "spe": 100}, "stats": {"hp": 265, "atk": 237, "def": 183, "spa": 175, "spd": 183, "spe": 199}}, "Qwilfish": {"name": "Qwilfish", "species": "Qwilfish-Hisui", "speciesId": "qwilfishhisui", "gender": "M", "shiny": false, "level": 83, "moves": ["taunt", "toxicspikes", "crunch", "gunkshot"], "ability": "Intimidate", "evs": {"hp": 85, "atk": 85, "def": 85, "spa": 85, "spd": 85, "spe": 85}, "ivs": {"hp": 31, "atk": 31, "def": 31, "spa": 31, "spd": 31, "spe": 31}, "item": "Eviolite", "teraType": "Flying", "role": "Bulky Support", "bvs": {"hp": 65, "atk": 95, "def": 85, "spa": 55, "spd": 55, "spe": 85}, "stats": {"hp": 244, "atk": 205, "def": 189, "spa": 139, "spd": 139, "spe": 189}}, "Conkeldurr": {"name": "Conkeldurr", "species": "Conkeldurr", "speciesId": "conkeldurr", "gender": "M", "shiny": false, "level": 80, "moves": ["knockoff", "machpunch", "closecombat", "facade"], "ability": "Guts", "evs": {"hp": 85, "atk": 85, "def": 85, "spa": 85, "spd": 85, "spe": 85}, "ivs": {"hp": 31, "atk": 31, "def": 31, "spa": 31, "spd": 31, "spe": 31}, "item": "Flame Orb", "teraType": "Normal", "role": "Wallbreaker", "bvs": {"hp": 105, "atk": 140, "def": 95, "spa": 55, "spd": 65, "spe": 45}, "stats": {"hp": 299, "atk": 270, "def": 198, "spa": 134, "spd": 150, "spe": 118}}, "Iron Crown": {"name": "Iron Crown", "species": "Iron Crown", "speciesId": "ironcrown", "gender": "N", "shiny": false, "level": 78, "moves": ["focusblast", "tachyoncutter", "calmmind", "psyshock"], "ability": "Quark Drive", "evs": {"hp": 85, "atk": 0, "def": 85, "spa": 85, "spd": 85, "spe": 85}, "ivs": {"hp": 31, "atk": 0, "def": 31, "spa": 31, "spd": 31, "spe": 31}, "item": "Leftovers", "teraType": "Steel", "role": "Bulky Setup", "bvs": {"hp": 90, "atk": 72, "def": 100, "spa": 122, "spd": 108, "spe": 98}, "stats": {"hp": 268, "atk": 117, "def": 201, "spa": 235, "spd": 214, "spe": 198}}}]}