{"id": "gen9randombattle-2631544524", "format": "[Gen 9] Random Battle", "players": ["masbahlilganteng", "Dooopsdiiips"], "log": "|j|\u2606masbahlilganteng\n|j|\u2606Dooopsdiiips\n|t:|1781399218\n|gametype|singles\n|player|p1|masbahlilganteng|hoopster|2107\n|player|p2|Dooopsdiiips|265|2101\n|gen|9\n|tier|[Gen 9] Random Battle\n|rated|\n|rule|Species Clause: Limit one of each Pok\u00e9mon\n|rule|HP Percentage Mod: HP is shown in percentages\n|rule|Sleep Clause Mod: Limit one foe put to sleep\n|rule|Illusion Level Mod: Illusion disguises the Pok\u00e9mon's true level\n|\n|t:|1781399218\n|teamsize|p1|6\n|teamsize|p2|6\n|start\n|switch|p1a: Blaziken|Blaziken, L76, M|247/247\n|switch|p2a: Kleavor|Kleavor, L78, M|237/237\n|turn|1\n|inactive|Battle timer is ON: inactive players will automatically lose when time's up. (requested by masbahlilganteng)\n|\n|t:|1781399231\n|move|p2a: Kleavor|Stone Axe|p1a: Blaziken\n|-damage|p1a: Blaziken|85/247\n|-sidestart|p1: masbahlilganteng|move: Stealth Rock\n|move|p1a: Blaziken|Swords Dance|p1a: Blaziken\n|-boost|p1a: Blaziken|atk|2\n|\n|-ability|p1a: Blaziken|Speed Boost|boost\n|-boost|p1a: Blaziken|spe|1\n|upkeep\n|turn|2\n|\n|t:|1781399250\n|switch|p2a: Skeledirge|Skeledirge, L79, M|294/294\n|move|p1a: Blaziken|Close Combat|p2a: Skeledirge\n|-immune|p2a: Skeledirge\n|\n|-ability|p1a: Blaziken|Speed Boost|boost\n|-boost|p1a: Blaziken|spe|1\n|upkeep\n|turn|3\n|\n|t:|1781399260\n|move|p1a: Blaziken|Knock Off|p2a: Skeledirge\n|-supereffective|p2a: Skeledirge\n|-damage|p2a: Skeledirge|120/294\n|-enditem|p2a: Skeledirge|Heavy-Duty Boots|[from] move: Knock Off|[of] p1a: Blaziken\n|-damage|p1a: Blaziken|61/247|[from] item: Life Orb\n|move|p2a: Skeledirge|Shadow Ball|p1a: Blaziken\n|-crit|p1a: Blaziken\n|-damage|p1a: Blaziken|0 fnt\n|faint|p1a: Blaziken\n|\n|upkeep\n|\n|t:|1781399276\n|switch|p1a: Palkia|Palkia, L75|259/259\n|-damage|p1a: Palkia|227/259|[from] Stealth Rock\n|-ability|p1a: Palkia|Pressure\n|turn|4\n|\n|t:|1781399298\n|switch|p2a: Meganium|Meganium, L90, M|290/290\n|move|p1a: Palkia|Spacial Rend|p2a: Meganium\n|-damage|p2a: Meganium|139/290\n|\n|-heal|p2a: Meganium|157/290|[from] item: Leftovers\n|upkeep\n|turn|5\n|\n|t:|1781399312\n|move|p2a: Meganium|Synthesis|p2a: Meganium\n|-heal|p2a: Meganium|290/290\n|move|p1a: Palkia|Spacial Rend|p2a: Meganium\n|-damage|p2a: Meganium|133/290\n|\n|-heal|p2a: Meganium|151/290|[from] item: Leftovers\n|upkeep\n|turn|6\n|\n|t:|1781399318\n|move|p2a: Meganium|Synthesis|p2a: Meganium\n|-heal|p2a: Meganium|290/290\n|move|p1a: Palkia|Spacial Rend|p2a: Meganium\n|-damage|p2a: Meganium|124/290\n|\n|-heal|p2a: Meganium|142/290|[from] item: Leftovers\n|upkeep\n|turn|7\n|\n|t:|1781399325\n|switch|p1a: Rabsca|Rabsca, L91, M|284/284\n|move|p2a: Meganium|Synthesis|p2a: Meganium\n|-heal|p2a: Meganium|287/290\n|\n|-heal|p2a: Meganium|290/290|[from] item: Leftovers\n|upkeep\n|turn|8\n|\n|t:|1781399342\n|switch|p2a: Skeledirge|Skeledirge, L79, M|120/294\n|move|p1a: Rabsca|Bug Buzz|p2a: Skeledirge\n|-resisted|p2a: Skeledirge\n|-damage|p2a: Skeledirge|85/294\n|\n|upkeep\n|turn|9\n|\n|t:|1781399347\n|move|p2a: Skeledirge|Slack Off|p2a: Skeledirge\n|-heal|p2a: Skeledirge|232/294\n|move|p1a: Rabsca|Psychic|p2a: Skeledirge\n|-damage|p2a: Skeledirge|90/294\n|\n|upkeep\n|turn|10\n|\n|t:|1781399372\n|move|p2a: Skeledirge|Shadow Ball|p1a: Rabsca\n|-supereffective|p1a: Rabsca\n|-damage|p1a: Rabsca|156/284\n|move|p1a: Rabsca|Psychic|p2a: Skeledirge\n|-damage|p2a: Skeledirge|0 fnt\n|faint|p2a: Skeledirge\n|\n|upkeep\n|\n|t:|1781399381\n|switch|p2a: Kleavor|Kleavor, L78, M|237/237\n|turn|11\n|\n|t:|1781399393\n|switch|p1a: Lilligant|Lilligant-Hisui, L79, F|240/240\n|-damage|p1a: Lilligant|225/240|[from] Stealth Rock\n|move|p2a: Kleavor|X-Scissor|p1a: Lilligant\n|-damage|p1a: Lilligant|38/240\n|\n|upkeep\n|turn|12\n|inactive|Dooopsdiiips has 120 seconds left.\n|\n|t:|1781399423\n|move|p1a: Lilligant|Close Combat|p2a: Kleavor\n|-damage|p2a: Kleavor|0 fnt\n|-unboost|p1a: Lilligant|def|1\n|-unboost|p1a: Lilligant|spd|1\n|faint|p2a: Kleavor\n|-damage|p1a: Lilligant|14/240|[from] item: Life Orb\n|\n|upkeep\n|inactive|Dooopsdiiips has 120 seconds left.\n|\n|t:|1781399432\n|switch|p2a: Keldeo|Keldeo-Resolute, L79|273/273\n|turn|13\n|\n|t:|1781399437\n|move|p2a: Keldeo|Secret Sword|p1a: Lilligant\n|-damage|p1a: Lilligant|0 fnt\n|faint|p1a: Lilligant\n|\n|upkeep\n|\n|t:|1781399440\n|switch|p1a: Rabsca|Rabsca, L91, M|156/284\n|turn|14\n|inactive|Dooopsdiiips has 120 seconds left.\n|\n|t:|1781399470\n|-terastallize|p2a: Keldeo|Steel\n|move|p2a: Keldeo|Calm Mind|p2a: Keldeo\n|-boost|p2a: Keldeo|spa|1\n|-boost|p2a: Keldeo|spd|1\n|move|p1a: Rabsca|Trick Room|p1a: Rabsca\n|-fieldstart|move: Trick Room|[of] p1a: Rabsca\n|\n|upkeep\n|turn|15\n|inactive|Dooopsdiiips has 120 seconds left.\n|\n|t:|1781399486\n|move|p1a: Rabsca|Revival Blessing|p1a: Rabsca\n|\n|t:|1781399499\n|-heal|p1: Blaziken|123/247|[from] move: Revival Blessing\n|move|p2a: Keldeo|Substitute|p2a: Keldeo\n|-start|p2a: Keldeo|Substitute\n|-damage|p2a: Keldeo|205/273\n|\n|-heal|p2a: Keldeo|222/273|[from] item: Leftovers\n|upkeep\n|turn|16\n|inactive|Dooopsdiiips has 120 seconds left.\n|\n|t:|1781399528\n|move|p1a: Rabsca|Psychic|p2a: Keldeo\n|-resisted|p2a: Keldeo\n|-activate|p2a: Keldeo|move: Substitute|[damage]\n|move|p2a: Keldeo|Calm Mind|p2a: Keldeo\n|-boost|p2a: Keldeo|spa|1\n|-boost|p2a: Keldeo|spd|1\n|\n|-heal|p2a: Keldeo|239/273|[from] item: Leftovers\n|upkeep\n|turn|17\n|\n|t:|1781399540\n|move|p1a: Rabsca|Bug Buzz|p2a: Keldeo\n|-resisted|p2a: Keldeo\n|-damage|p2a: Keldeo|206/273\n|-unboost|p2a: Keldeo|spd|1\n|move|p2a: Keldeo|Substitute|p2a: Keldeo\n|-fail|p2a: Keldeo|move: Substitute\n|\n|-heal|p2a: Keldeo|223/273|[from] item: Leftovers\n|upkeep\n|turn|18\n|\n|t:|1781399544\n|move|p1a: Rabsca|Psychic|p2a: Keldeo\n|-resisted|p2a: Keldeo\n|-end|p2a: Keldeo|Substitute\n|move|p2a: Keldeo|Calm Mind|p2a: Keldeo\n|-boost|p2a: Keldeo|spa|1\n|-boost|p2a: Keldeo|spd|1\n|\n|-heal|p2a: Keldeo|240/273|[from] item: Leftovers\n|-fieldend|move: Trick Room\n|upkeep\n|turn|19\n|\n|t:|1781399553\n|switch|p1a: Mesprit|Mesprit, L85|275/275\n|-damage|p1a: Mesprit|241/275|[from] Stealth Rock\n|move|p2a: Keldeo|Hydro Pump|p1a: Mesprit|[miss]\n|-miss|p2a: Keldeo|p1a: Mesprit\n|\n|-heal|p2a: Keldeo|257/273|[from] item: Leftovers\n|-heal|p1a: Mesprit|258/275|[from] item: Leftovers\n|upkeep\n|turn|20\n|\n|t:|1781399561\n|move|p2a: Keldeo|Substitute|p2a: Keldeo\n|-start|p2a: Keldeo|Substitute\n|-damage|p2a: Keldeo|189/273\n|move|p1a: Mesprit|Drain Punch|p2a: Keldeo\n|-supereffective|p2a: Keldeo\n|-end|p2a: Keldeo|Substitute\n|-heal|p1a: Mesprit|275/275|[from] drain|[of] p2a: Keldeo\n|\n|-heal|p2a: Keldeo|206/273|[from] item: Leftovers\n|upkeep\n|turn|21\n|\n|t:|1781399564\n|move|p2a: Keldeo|Hydro Pump|p1a: Mesprit\n|-damage|p1a: Mesprit|0 fnt\n|faint|p1a: Mesprit\n|\n|-heal|p2a: Keldeo|223/273|[from] item: Leftovers\n|upkeep\n|\n|t:|1781399569\n|switch|p1a: Ambipom|Ambipom, L84, F|263/263\n|-damage|p1a: Ambipom|231/263|[from] Stealth Rock\n|turn|22\n|inactive|Dooopsdiiips has 120 seconds left.\n|inactive|Dooopsdiiips has 90 seconds left.\n|\n|t:|1781399659\n|move|p1a: Ambipom|Low Kick|p2a: Keldeo\n|-supereffective|p2a: Keldeo\n|-damage|p2a: Keldeo|35/273\n|move|p2a: Keldeo|Secret Sword|p1a: Ambipom\n|-supereffective|p1a: Ambipom\n|-damage|p1a: Ambipom|0 fnt\n|faint|p1a: Ambipom\n|\n|-heal|p2a: Keldeo|52/273|[from] item: Leftovers\n|upkeep\n|inactive|masbahlilganteng has 120 seconds left.\n|inactive|masbahlilganteng has 90 seconds left.\n|inactive|masbahlilganteng has 60 seconds left.\n|-message|masbahlilganteng forfeited.\n|\n|win|Dooopsdiiips\n", "inputlog": ">version a8376a258c1d4662feba110a92103f3664a72141\n>start {\"formatid\":\"gen9randombattle\",\"seed\":\"sodium,169293705eea4bc4745b6cb8cc40241a\",\"rated\":\"Rated battle\"}\n>player p1 {\"name\":\"masbahlilganteng\",\"avatar\":\"hoopster\",\"rating\":2107,\"seed\":\"sodium,f55633ce495a25721d116ca128e0e6e1\"}\n>player p2 {\"name\":\"Dooopsdiiips\",\"avatar\":\"265\",\"rating\":2101,\"seed\":\"sodium,02dc73afc3804ac6d50d14779d3afee7\"}\n>p1 move swordsdance\n>p2 move stoneaxe\n>p1 move closecombat\n>p2 switch 5\n>p1 move knockoff\n>p2 move shadowball\n>p1 switch 2\n>p1 move spacialrend\n>p2 switch 3\n>p1 move spacialrend\n>p2 move synthesis\n>p1 move spacialrend\n>p2 move synthesis\n>p1 switch 3\n>p2 move synthesis\n>p1 move bugbuzz\n>p2 switch 3\n>p1 move psychic\n>p2 move slackoff\n>p1 move psychic\n>p2 move shadowball\n>p2 switch 5\n>p1 switch 5\n>p2 move xscissor\n>p1 move closecombat\n>p2 move xscissor\n>p2 switch 6\n>p1 move leafblade\n>p2 move secretsword\n>p1 switch 5\n>p1 move trickroom\n>p2 move calmmind terastallize\n>p1 move revivalblessing\n>p2 move substitute\n>p1 switch 2\n>p1 move psychic\n>p2 move calmmind\n>p1 move bugbuzz\n>p2 move substitute\n>p1 move psychic\n>p2 move calmmind\n>p1 switch 6\n>p2 move hydropump\n>p1 move drainpunch\n>p2 move substitute\n>p1 move drainpunch\n>p2 move hydropump\n>p1 switch 4\n>p1 move lowkick\n>p2 move secretsword\n>forcelose p1", "uploadtime": 1781399221, "views": 4, "formatid": "gen9randombattle", "rating": null, "private": 0, "password": null, "player_dets": [{"name": "masbahlilganteng", "avatar": "hoopster", "rating": 2107, "seed": "sodium,f55633ce495a25721d116ca128e0e6e1"}, {"name": "Dooopsdiiips", "avatar": "265", "rating": 2101, "seed": "sodium,02dc73afc3804ac6d50d14779d3afee7"}], "teams_full": [{"Blaziken": {"name": "Blaziken", "species": "Blaziken", "speciesId": "blaziken", "gender": "M", "shiny": false, "level": 76, "moves": ["swordsdance", "knockoff", "closecombat", "flareblitz"], "ability": "Speed Boost", "evs": {"hp": 85, "atk": 85, "def": 85, "spa": 85, "spd": 85, "spe": 85}, "ivs": {"hp": 31, "atk": 31, "def": 31, "spa": 31, "spd": 31, "spe": 31}, "item": "Life Orb", "teraType": "Dark", "role": "Setup Sweeper", "bvs": {"hp": 80, "atk": 120, "def": 70, "spa": 110, "spd": 70, "spe": 80}, "stats": {"hp": 247, "atk": 226, "def": 150, "spa": 211, "spd": 150, "spe": 166}, "types": ["Fire", "Fighting"]}, "Palkia": {"name": "Palkia", "species": "Palkia", "speciesId": "palkia", "gender": "N", "shiny": false, "level": 75, "moves": ["spacialrend", "dracometeor", "fireblast", "hydropump"], "ability": "Pressure", "evs": {"hp": 85, "atk": 0, "def": 85, "spa": 85, "spd": 85, "spe": 85}, "ivs": {"hp": 31, "atk": 0, "def": 31, "spa": 31, "spd": 31, "spe": 31}, "item": "Choice Specs", "teraType": "Fire", "role": "Fast Attacker", "bvs": {"hp": 90, "atk": 120, "def": 100, "spa": 150, "spd": 120, "spe": 100}, "stats": {"hp": 259, "atk": 185, "def": 194, "spa": 269, "spd": 224, "spe": 194}, "types": ["Water", "Dragon"]}, "Rabsca": {"name": "Rabsca", "species": "Rabsca", "speciesId": "rabsca", "gender": "M", "shiny": false, "level": 91, "moves": ["bugbuzz", "psychic", "revivalblessing", "trickroom"], "ability": "Synchronize", "evs": {"hp": 85, "atk": 0, "def": 85, "spa": 85, "spd": 85, "spe": 0}, "ivs": {"hp": 31, "atk": 0, "def": 31, "spa": 31, "spd": 31, "spe": 0}, "item": "Heavy-Duty Boots", "teraType": "Steel", "role": "Wallbreaker", "bvs": {"hp": 75, "atk": 50, "def": 85, "spa": 115, "spd": 100, "spe": 45}, "stats": {"hp": 284, "atk": 96, "def": 207, "spa": 261, "spd": 234, "spe": 86}, "types": ["Bug", "Psychic"]}, "Ambipom": {"name": "Ambipom", "species": "Ambipom", "speciesId": "ambipom", "gender": "F", "shiny": false, "level": 84, "moves": ["tripleaxel", "doubleedge", "lowkick", "knockoff"], "ability": "Technician", "evs": {"hp": 85, "atk": 85, "def": 85, "spa": 85, "spd": 85, "spe": 85}, "ivs": {"hp": 31, "atk": 31, "def": 31, "spa": 31, "spd": 31, "spe": 31}, "item": "Choice Band", "teraType": "Ice", "role": "Fast Attacker", "bvs": {"hp": 75, "atk": 100, "def": 66, "spa": 60, "spd": 66, "spe": 115}, "stats": {"hp": 263, "atk": 216, "def": 159, "spa": 149, "spd": 159, "spe": 241}, "types": ["Normal"]}, "Lilligant": {"name": "Lilligant", "species": "Lilligant-Hisui", "speciesId": "lilliganthisui", "gender": "F", "shiny": false, "level": 79, "moves": ["leafblade", "closecombat", "victorydance", "icespinner"], "ability": "Hustle", "evs": {"hp": 85, "atk": 85, "def": 85, "spa": 85, "spd": 85, "spe": 85}, "ivs": {"hp": 31, "atk": 31, "def": 31, "spa": 31, "spd": 31, "spe": 31}, "item": "Life Orb", "teraType": "Fighting", "role": "Setup Sweeper", "bvs": {"hp": 70, "atk": 105, "def": 75, "spa": 50, "spd": 75, "spe": 105}, "stats": {"hp": 240, "atk": 211, "def": 164, "spa": 125, "spd": 164, "spe": 211}, "types": ["Grass", "Fighting"]}, "Mesprit": {"name": "Mesprit", "species": "Mesprit", "speciesId": "mesprit", "gender": "N", "shiny": false, "level": 85, "moves": ["psychicnoise", "drainpunch", "stealthrock", "uturn"], "ability": "Levitate", "evs": {"hp": 85, "atk": 85, "def": 85, "spa": 85, "spd": 85, "spe": 85}, "ivs": {"hp": 31, "atk": 31, "def": 31, "spa": 31, "spd": 31, "spe": 31}, "item": "Leftovers", "teraType": "Fighting", "role": "Bulky Attacker", "bvs": {"hp": 80, "atk": 105, "def": 105, "spa": 105, "spd": 105, "spe": 80}, "stats": {"hp": 275, "atk": 227, "def": 227, "spa": 227, "spd": 227, "spe": 185}, "types": ["Psychic"]}}, {"Kleavor": {"name": "Kleavor", "species": "Kleavor", "speciesId": "kleavor", "gender": "M", "shiny": false, "level": 78, "moves": ["closecombat", "defog", "xscissor", "stoneaxe"], "ability": "Sharpness", "evs": {"hp": 85, "atk": 85, "def": 85, "spa": 85, "spd": 85, "spe": 85}, "ivs": {"hp": 31, "atk": 31, "def": 31, "spa": 31, "spd": 31, "spe": 31}, "item": "Heavy-Duty Boots", "teraType": "Fighting", "role": "Bulky Attacker", "bvs": {"hp": 70, "atk": 135, "def": 95, "spa": 45, "spd": 70, "spe": 85}, "stats": {"hp": 237, "atk": 256, "def": 193, "spa": 115, "spd": 154, "spe": 178}, "types": ["Bug", "Rock"]}, "Plusle": {"name": "Plusle", "species": "Plusle", "speciesId": "plusle", "gender": "F", "shiny": false, "level": 95, "moves": ["alluringvoice", "grassknot", "nastyplot", "thunderbolt"], "ability": "Lightning Rod", "evs": {"hp": 85, "atk": 0, "def": 85, "spa": 85, "spd": 85, "spe": 85}, "ivs": {"hp": 31, "atk": 0, "def": 31, "spa": 31, "spd": 31, "spe": 31}, "item": "Life Orb", "teraType": "Fairy", "role": "Setup Sweeper", "bvs": {"hp": 60, "atk": 50, "def": 40, "spa": 85, "spd": 75, "spe": 95}, "stats": {"hp": 268, "atk": 100, "def": 130, "spa": 215, "spd": 196, "spe": 234}, "types": ["Electric"]}, "Meganium": {"name": "Meganium", "species": "Meganium", "speciesId": "meganium", "gender": "M", "shiny": false, "level": 90, "moves": ["leechseed", "knockoff", "synthesis", "energyball"], "ability": "Overgrow", "evs": {"hp": 85, "atk": 85, "def": 85, "spa": 85, "spd": 85, "spe": 85}, "ivs": {"hp": 31, "atk": 31, "def": 31, "spa": 31, "spd": 31, "spe": 31}, "item": "Leftovers", "teraType": "Steel", "role": "Bulky Attacker", "bvs": {"hp": 80, "atk": 82, "def": 100, "spa": 83, "spd": 100, "spe": 80}, "stats": {"hp": 290, "atk": 199, "def": 231, "spa": 201, "spd": 231, "spe": 195}, "types": ["Grass"]}, "Passimian": {"name": "Passimian", "species": "Passimian", "speciesId": "passimian", "gender": "M", "shiny": false, "level": 83, "moves": ["bulkup", "gunkshot", "drainpunch", "knockoff"], "ability": "Defiant", "evs": {"hp": 85, "atk": 85, "def": 85, "spa": 85, "spd": 85, "spe": 85}, "ivs": {"hp": 31, "atk": 31, "def": 31, "spa": 31, "spd": 31, "spe": 31}, "item": "Leftovers", "teraType": "Dark", "role": "Bulky Setup", "bvs": {"hp": 100, "atk": 120, "def": 90, "spa": 40, "spd": 60, "spe": 80}, "stats": {"hp": 302, "atk": 247, "def": 197, "spa": 114, "spd": 147, "spe": 180}, "types": ["Fighting"]}, "Skeledirge": {"name": "Skeledirge", "species": "Skeledirge", "speciesId": "skeledirge", "gender": "M", "shiny": false, "level": 79, "moves": ["slackoff", "torchsong", "flamecharge", "shadowball"], "ability": "Unaware", "evs": {"hp": 85, "atk": 85, "def": 85, "spa": 85, "spd": 85, "spe": 85}, "ivs": {"hp": 31, "atk": 31, "def": 31, "spa": 31, "spd": 31, "spe": 31}, "item": "Heavy-Duty Boots", "teraType": "Fairy", "role": "Bulky Attacker", "bvs": {"hp": 104, "atk": 75, "def": 100, "spa": 110, "spd": 75, "spe": 66}, "stats": {"hp": 294, "atk": 164, "def": 204, "spa": 219, "spd": 164, "spe": 150}, "types": ["Fire", "Ghost"]}, "Keldeo": {"name": "Keldeo", "species": "Keldeo-Resolute", "speciesId": "keldeoresolute", "gender": "N", "shiny": false, "level": 79, "moves": ["calmmind", "secretsword", "substitute", "hydropump"], "ability": "Justified", "evs": {"hp": 85, "atk": 0, "def": 85, "spa": 85, "spd": 85, "spe": 85}, "ivs": {"hp": 31, "atk": 0, "def": 31, "spa": 31, "spd": 31, "spe": 31}, "item": "Leftovers", "teraType": "Steel", "role": "Bulky Setup", "bvs": {"hp": 91, "atk": 72, "def": 90, "spa": 129, "spd": 90, "spe": 108}, "stats": {"hp": 273, "atk": 118, "def": 188, "spa": 249, "spd": 188, "spe": 216}, "types": ["Water", "Fighting"]}}]}