{"id": "gen9randombattle-2631971998", "format": "[Gen 9] Random Battle", "players": ["tiny spaceship", "JustHaxRelax"], "log": "|j|\u2606tiny spaceship\n|j|\u2606JustHaxRelax\n|t:|1781461415\n|gametype|singles\n|player|p1|tiny spaceship|dawn|2252\n|player|p2|JustHaxRelax|169|2217\n|gen|9\n|tier|[Gen 9] Random Battle\n|rated|\n|rule|Species Clause: Limit one of each Pok\u00e9mon\n|rule|HP Percentage Mod: HP is shown in percentages\n|rule|Sleep Clause Mod: Limit one foe put to sleep\n|rule|Illusion Level Mod: Illusion disguises the Pok\u00e9mon's true level\n|\n|t:|1781461415\n|teamsize|p1|6\n|teamsize|p2|6\n|start\n|switch|p1a: Giratina|Giratina, L75|349/349\n|switch|p2a: Ceruledge|Ceruledge, L78, F|245/245\n|-ability|p1a: Giratina|Pressure\n|turn|1\n|inactive|Battle timer is ON: inactive players will automatically lose when time's up. (requested by tiny spaceship)\n|inactive|JustHaxRelax has 120 seconds left.\n|\n|t:|1781461453\n|move|p1a: Giratina|Shadow Ball|p2a: Ceruledge\n|-supereffective|p2a: Ceruledge\n|-damage|p2a: Ceruledge|113/245\n|move|p2a: Ceruledge|Poltergeist|p1a: Giratina\n|-activate|p1a: Giratina|move: Poltergeist|Leftovers\n|-supereffective|p1a: Giratina\n|-damage|p1a: Giratina|137/349\n|\n|-heal|p1a: Giratina|158/349|[from] item: Leftovers\n|upkeep\n|turn|2\n|\n|t:|1781461464\n|move|p2a: Ceruledge|Shadow Sneak|p1a: Giratina\n|-supereffective|p1a: Giratina\n|-damage|p1a: Giratina|84/349\n|move|p1a: Giratina|Shadow Ball|p2a: Ceruledge\n|-supereffective|p2a: Ceruledge\n|-damage|p2a: Ceruledge|0 fnt\n|faint|p2a: Ceruledge\n|\n|-heal|p1a: Giratina|105/349|[from] item: Leftovers\n|upkeep\n|\n|t:|1781461485\n|switch|p2a: Spectrier|Spectrier, L75|274/274\n|turn|3\n|\n|t:|1781461495\n|switch|p1a: Lurantis|Lurantis, L87, F|264/264\n|move|p2a: Spectrier|Shadow Ball|p1a: Lurantis\n|-damage|p1a: Lurantis|185/264\n|-damage|p2a: Spectrier|247/274|[from] item: Life Orb\n|\n|upkeep\n|turn|4\n|\n|t:|1781461516\n|move|p2a: Spectrier|Will-O-Wisp|p1a: Lurantis\n|-status|p1a: Lurantis|brn\n|move|p1a: Lurantis|Knock Off|p2a: Spectrier\n|-supereffective|p2a: Spectrier\n|-crit|p2a: Spectrier\n|-damage|p2a: Spectrier|70/274\n|-enditem|p2a: Spectrier|Life Orb|[from] move: Knock Off|[of] p1a: Lurantis\n|\n|-damage|p1a: Lurantis|169/264 brn|[from] brn\n|upkeep\n|turn|5\n|\n|t:|1781461531\n|move|p2a: Spectrier|Shadow Ball|p1a: Lurantis\n|-damage|p1a: Lurantis|109/264 brn\n|-boost|p1a: Lurantis|spd|1\n|move|p1a: Lurantis|Leaf Storm|p2a: Spectrier\n|-damage|p2a: Spectrier|0 fnt\n|-boost|p1a: Lurantis|spa|2\n|faint|p2a: Spectrier\n|\n|-damage|p1a: Lurantis|93/264 brn|[from] brn\n|upkeep\n|\n|t:|1781461542\n|switch|p2a: Beartic|Beartic, L91, M|321/321\n|turn|6\n|\n|t:|1781461547\n|move|p2a: Beartic|Icicle Crash|p1a: Lurantis|[miss]\n|-miss|p2a: Beartic|p1a: Lurantis\n|move|p1a: Lurantis|Leaf Storm|p2a: Beartic\n|-damage|p2a: Beartic|69/321\n|-boost|p1a: Lurantis|spa|2\n|\n|-damage|p1a: Lurantis|77/264 brn|[from] brn\n|upkeep\n|turn|7\n|-message|JustHaxRelax forfeited.\n|\n|win|tiny spaceship\n", "inputlog": ">version a8376a258c1d4662feba110a92103f3664a72141\n>start {\"formatid\":\"gen9randombattle\",\"seed\":\"sodium,f6708860a30a8976de2f6d0bf67f7177\",\"rated\":\"Rated battle\"}\n>player p1 {\"name\":\"tiny spaceship\",\"avatar\":\"dawn\",\"rating\":2252,\"seed\":\"sodium,04a2160ee01304831d0f5a09ebe08012\"}\n>player p2 {\"name\":\"JustHaxRelax\",\"avatar\":\"169\",\"rating\":2217,\"seed\":\"sodium,a7b4f6221a35743de3a4474ef513edc4\"}\n>p1 move shadowball\n>p2 move poltergeist\n>p1 move shadowball\n>p2 move shadowsneak\n>p2 switch 6\n>p1 switch 3\n>p2 move shadowball\n>p1 move knockoff\n>p2 move willowisp\n>p1 move leafstorm\n>p2 move shadowball\n>p2 switch 2\n>p1 move leafstorm\n>p2 move iciclecrash\n>forcelose p2", "uploadtime": 1781461418, "views": 5, "formatid": "gen9randombattle", "rating": null, "private": 0, "password": null, "player_dets": [{"name": "tiny spaceship", "avatar": "dawn", "rating": 2252, "seed": "sodium,04a2160ee01304831d0f5a09ebe08012"}, {"name": "JustHaxRelax", "avatar": "169", "rating": 2217, "seed": "sodium,a7b4f6221a35743de3a4474ef513edc4"}], "teams_full": [{"Giratina": {"name": "Giratina", "species": "Giratina", "speciesId": "giratina", "gender": "N", "shiny": false, "level": 75, "moves": ["dragontail", "sleeptalk", "shadowball", "rest"], "ability": "Pressure", "evs": {"hp": 85, "atk": 85, "def": 85, "spa": 85, "spd": 85, "spe": 85}, "ivs": {"hp": 31, "atk": 31, "def": 31, "spa": 31, "spd": 31, "spe": 31}, "item": "Leftovers", "teraType": "Fairy", "role": "Bulky Attacker", "bvs": {"hp": 150, "atk": 100, "def": 120, "spa": 100, "spd": 120, "spe": 90}, "stats": {"hp": 349, "atk": 194, "def": 224, "spa": 194, "spd": 224, "spe": 179}}, "Pawmot": {"name": "Pawmot", "species": "Pawmot", "speciesId": "pawmot", "gender": "F", "shiny": false, "level": 80, "moves": ["nuzzle", "revivalblessing", "doubleshock", "closecombat"], "ability": "Volt Absorb", "evs": {"hp": 85, "atk": 85, "def": 85, "spa": 85, "spd": 85, "spe": 85}, "ivs": {"hp": 31, "atk": 31, "def": 31, "spa": 31, "spd": 31, "spe": 31}, "item": "Leppa Berry", "teraType": "Electric", "role": "Fast Attacker", "bvs": {"hp": 70, "atk": 115, "def": 70, "spa": 70, "spd": 60, "spe": 105}, "stats": {"hp": 243, "atk": 230, "def": 158, "spa": 158, "spd": 142, "spe": 214}}, "Lurantis": {"name": "Lurantis", "species": "Lurantis", "speciesId": "lurantis", "gender": "F", "shiny": false, "level": 87, "moves": ["knockoff", "superpower", "leechlife", "leafstorm"], "ability": "Contrary", "evs": {"hp": 85, "atk": 85, "def": 85, "spa": 85, "spd": 85, "spe": 85}, "ivs": {"hp": 31, "atk": 31, "def": 31, "spa": 31, "spd": 31, "spe": 31}, "item": "Assault Vest", "teraType": "Water", "role": "AV Pivot", "bvs": {"hp": 70, "atk": 105, "def": 90, "spa": 80, "spd": 90, "spe": 45}, "stats": {"hp": 264, "atk": 232, "def": 206, "spa": 189, "spd": 206, "spe": 128}}, "Magcargo": {"name": "Magcargo", "species": "Magcargo", "speciesId": "magcargo", "gender": "F", "shiny": false, "level": 95, "moves": ["shellsmash", "fireblast", "powergem", "earthpower"], "ability": "Weak Armor", "evs": {"hp": 85, "atk": 0, "def": 85, "spa": 85, "spd": 85, "spe": 85}, "ivs": {"hp": 31, "atk": 0, "def": 31, "spa": 31, "spd": 31, "spe": 31}, "item": "Heavy-Duty Boots", "teraType": "Grass", "role": "Setup Sweeper", "bvs": {"hp": 60, "atk": 50, "def": 120, "spa": 90, "spd": 80, "spe": 30}, "stats": {"hp": 268, "atk": 100, "def": 282, "spa": 225, "spd": 206, "spe": 111}}, "Ludicolo": {"name": "Ludicolo", "species": "Ludicolo", "speciesId": "ludicolo", "gender": "M", "shiny": false, "level": 90, "moves": ["gigadrain", "leafstorm", "icebeam", "hydropump"], "ability": "Swift Swim", "evs": {"hp": 85, "atk": 0, "def": 85, "spa": 85, "spd": 85, "spe": 85}, "ivs": {"hp": 31, "atk": 0, "def": 31, "spa": 31, "spd": 31, "spe": 31}, "item": "Choice Specs", "teraType": "Water", "role": "Fast Attacker", "bvs": {"hp": 80, "atk": 70, "def": 70, "spa": 90, "spd": 100, "spe": 70}, "stats": {"hp": 290, "atk": 131, "def": 177, "spa": 213, "spd": 231, "spe": 177}}, "Rotom": {"name": "Rotom", "species": "Rotom-Fan", "speciesId": "rotomfan", "gender": "N", "shiny": false, "level": 86, "moves": ["nastyplot", "thunderbolt", "thunderwave", "airslash"], "ability": "Levitate", "evs": {"hp": 85, "atk": 0, "def": 85, "spa": 85, "spd": 85, "spe": 85}, "ivs": {"hp": 31, "atk": 0, "def": 31, "spa": 31, "spd": 31, "spe": 31}, "item": "Heavy-Duty Boots", "teraType": "Electric", "role": "Bulky Attacker", "bvs": {"hp": 50, "atk": 65, "def": 107, "spa": 105, "spd": 107, "spe": 86}, "stats": {"hp": 226, "atk": 116, "def": 233, "spa": 230, "spd": 233, "spe": 197}}}, {"Ceruledge": {"name": "Ceruledge", "species": "Ceruledge", "speciesId": "ceruledge", "gender": "F", "shiny": false, "level": 78, "moves": ["bitterblade", "poltergeist", "swordsdance", "shadowsneak"], "ability": "Weak Armor", "evs": {"hp": 85, "atk": 85, "def": 85, "spa": 85, "spd": 85, "spe": 85}, "ivs": {"hp": 31, "atk": 31, "def": 31, "spa": 31, "spd": 31, "spe": 31}, "item": "Heavy-Duty Boots", "teraType": "Fire", "role": "Setup Sweeper", "bvs": {"hp": 75, "atk": 125, "def": 80, "spa": 60, "spd": 100, "spe": 85}, "stats": {"hp": 245, "atk": 240, "def": 170, "spa": 139, "spd": 201, "spe": 178}}, "Beartic": {"name": "Beartic", "species": "Beartic", "speciesId": "beartic", "gender": "M", "shiny": false, "level": 91, "moves": ["earthquake", "iciclecrash", "closecombat", "snowscape"], "ability": "Slush Rush", "evs": {"hp": 85, "atk": 85, "def": 85, "spa": 85, "spd": 85, "spe": 85}, "ivs": {"hp": 31, "atk": 31, "def": 31, "spa": 31, "spd": 31, "spe": 31}, "item": "Heavy-Duty Boots", "teraType": "Fighting", "role": "Wallbreaker", "bvs": {"hp": 95, "atk": 130, "def": 80, "spa": 70, "spd": 80, "spe": 50}, "stats": {"hp": 321, "atk": 288, "def": 197, "spa": 179, "spd": 197, "spe": 143}}, "Sandslash": {"name": "Sandslash", "species": "Sandslash-Alola", "speciesId": "sandslashalola", "gender": "F", "shiny": false, "level": 88, "moves": ["earthquake", "tripleaxel", "rapidspin", "ironhead"], "ability": "Slush Rush", "evs": {"hp": 85, "atk": 85, "def": 85, "spa": 85, "spd": 85, "spe": 85}, "ivs": {"hp": 31, "atk": 31, "def": 31, "spa": 31, "spd": 31, "spe": 31}, "item": "Assault Vest", "teraType": "Flying", "role": "Bulky Support", "bvs": {"hp": 75, "atk": 100, "def": 120, "spa": 25, "spd": 65, "spe": 65}, "stats": {"hp": 275, "atk": 226, "def": 261, "spa": 94, "spd": 165, "spe": 165}}, "Magnezone": {"name": "Magnezone", "species": "Magnezone", "speciesId": "magnezone", "gender": "N", "shiny": false, "level": 85, "moves": ["irondefense", "thunderbolt", "bodypress", "flashcannon"], "ability": "Magnet Pull", "evs": {"hp": 85, "atk": 0, "def": 85, "spa": 85, "spd": 85, "spe": 85}, "ivs": {"hp": 31, "atk": 0, "def": 31, "spa": 31, "spd": 31, "spe": 31}, "item": "Leftovers", "teraType": "Fighting", "role": "Bulky Setup", "bvs": {"hp": 70, "atk": 70, "def": 115, "spa": 130, "spd": 90, "spe": 60}, "stats": {"hp": 258, "atk": 124, "def": 244, "spa": 270, "spd": 202, "spe": 151}}, "Lugia": {"name": "Lugia", "species": "Lugia", "speciesId": "lugia", "gender": "N", "shiny": false, "level": 73, "moves": ["recover", "calmmind", "aeroblast", "earthpower"], "ability": "Multiscale", "evs": {"hp": 85, "atk": 0, "def": 85, "spa": 85, "spd": 85, "spe": 85}, "ivs": {"hp": 31, "atk": 0, "def": 31, "spa": 31, "spd": 31, "spe": 31}, "item": "Heavy-Duty Boots", "teraType": "Steel", "role": "Bulky Setup", "bvs": {"hp": 106, "atk": 90, "def": 130, "spa": 90, "spd": 154, "spe": 110}, "stats": {"hp": 275, "atk": 136, "def": 232, "spa": 174, "spd": 267, "spe": 203}}, "Spectrier": {"name": "Spectrier", "species": "Spectrier", "speciesId": "spectrier", "gender": "N", "shiny": false, "level": 75, "moves": ["shadowball", "willowisp", "nastyplot", "terablast"], "ability": "Grim Neigh", "evs": {"hp": 85, "atk": 0, "def": 85, "spa": 85, "spd": 85, "spe": 85}, "ivs": {"hp": 31, "atk": 0, "def": 31, "spa": 31, "spd": 31, "spe": 31}, "item": "Life Orb", "teraType": "Fighting", "role": "Tera Blast user", "bvs": {"hp": 100, "atk": 65, "def": 60, "spa": 145, "spd": 80, "spe": 130}, "stats": {"hp": 274, "atk": 102, "def": 134, "spa": 261, "spd": 164, "spe": 239}}}]}