{"id": "gen9randombattle-2631375287", "format": "[Gen 9] Random Battle", "players": ["bulrug", "cee09"], "log": "|j|\u203dbulrug\n|j|\u2606cee09\n|t:|1781377235\n|gametype|singles\n|player|p1|bulrug|burglar|2002\n|player|p2|cee09|rocket-gen1rb|1988\n|gen|9\n|tier|[Gen 9] Random Battle\n|rated|\n|rule|Species Clause: Limit one of each Pok\u00e9mon\n|rule|HP Percentage Mod: HP is shown in percentages\n|rule|Sleep Clause Mod: Limit one foe put to sleep\n|rule|Illusion Level Mod: Illusion disguises the Pok\u00e9mon's true level\n|\n|t:|1781377235\n|teamsize|p1|6\n|teamsize|p2|6\n|start\n|switch|p1a: Golem|Golem, L87, F|281/281\n|switch|p2a: Hoopa|Hoopa-Unbound, L80|259/259\n|turn|1\n|inactive|Battle timer is ON: inactive players will automatically lose when time's up. (requested by cee09)\n|\n|t:|1781377260\n|move|p2a: Hoopa|Trick|p1a: Golem\n|-activate|p2a: Hoopa|move: Trick|[of] p1a: Golem\n|-item|p1a: Golem|Choice Scarf|[from] move: Trick\n|-item|p2a: Hoopa|Custap Berry|[from] move: Trick\n|move|p1a: Golem|Earthquake|p2a: Hoopa\n|-damage|p2a: Hoopa|81/259\n|\n|upkeep\n|turn|2\n|\n|t:|1781377286\n|move|p1a: Golem|Earthquake|p2a: Hoopa\n|-damage|p2a: Hoopa|0 fnt\n|faint|p2a: Hoopa\n|\n|upkeep\n|\n|t:|1781377291\n|switch|p2a: Blastoise|Blastoise, L80, M|258/258\n|turn|3\n|\n|t:|1781377294\n|move|p1a: Golem|Earthquake|p2a: Blastoise\n|-damage|p2a: Blastoise|126/258\n|move|p2a: Blastoise|Hydro Pump|p1a: Golem\n|-supereffective|p1a: Golem\n|-ability|p1a: Golem|Sturdy\n|-damage|p1a: Golem|1/281\n|\n|upkeep\n|turn|4\n|\n|t:|1781377298\n|move|p1a: Golem|Earthquake|p2a: Blastoise\n|-damage|p2a: Blastoise|9/258\n|move|p2a: Blastoise|Ice Beam|p1a: Golem\n|-supereffective|p1a: Golem\n|-damage|p1a: Golem|0 fnt\n|faint|p1a: Golem\n|\n|upkeep\n|\n|t:|1781377302\n|switch|p1a: Baxcalibur|Baxcalibur, L75, M|296/296\n|turn|5\n|\n|t:|1781377305\n|move|p1a: Baxcalibur|Earthquake|p2a: Blastoise\n|-damage|p2a: Blastoise|0 fnt\n|faint|p2a: Blastoise\n|\n|upkeep\n|\n|t:|1781377307\n|switch|p2a: Hitmonlee|Hitmonlee, L85, M|224/224\n|turn|6\n|\n|t:|1781377309\n|switch|p1a: Trevenant|Trevenant, L89, F|296/296\n|move|p2a: Hitmonlee|Close Combat|p1a: Trevenant\n|-immune|p1a: Trevenant\n|\n|upkeep\n|turn|7\n|\n|t:|1781377312\n|move|p2a: Hitmonlee|Swords Dance|p2a: Hitmonlee\n|-boost|p2a: Hitmonlee|atk|2\n|move|p1a: Trevenant|Toxic|p2a: Hitmonlee\n|-status|p2a: Hitmonlee|tox\n|\n|-damage|p2a: Hitmonlee|210/224 tox|[from] psn\n|upkeep\n|turn|8\n|\n|t:|1781377314\n|move|p1a: Trevenant|Protect|p1a: Trevenant\n|-singleturn|p1a: Trevenant|Protect\n|move|p2a: Hitmonlee|Knock Off|p1a: Trevenant\n|-activate|p1a: Trevenant|move: Protect\n|\n|-damage|p2a: Hitmonlee|182/224 tox|[from] psn\n|upkeep\n|turn|9\n|\n|t:|1781377319\n|switch|p1a: Luxray|Luxray, L88, F|283/283\n|move|p2a: Hitmonlee|Knock Off|p1a: Luxray\n|-damage|p1a: Luxray|118/283\n|-enditem|p1a: Luxray|Flame Orb|[from] move: Knock Off|[of] p2a: Hitmonlee\n|\n|-damage|p2a: Hitmonlee|140/224 tox|[from] psn\n|upkeep\n|turn|10\n|\n|t:|1781377323\n|move|p2a: Hitmonlee|Knock Off|p1a: Luxray\n|-damage|p1a: Luxray|0 fnt\n|faint|p1a: Luxray\n|\n|-damage|p2a: Hitmonlee|84/224 tox|[from] psn\n|upkeep\n|\n|t:|1781377327\n|switch|p1a: Mienshao|Mienshao, L83, F|243/243\n|turn|11\n|\n|t:|1781377332\n|switch|p2a: Garchomp|Garchomp, L74, F|282/282\n|move|p1a: Mienshao|High Jump Kick|p2a: Garchomp\n|-damage|p2a: Garchomp|0 fnt\n|-damage|p1a: Mienshao|213/243|[from] ability: Rough Skin|[of] p2a: Garchomp\n|-damage|p1a: Mienshao|173/243|[from] item: Rocky Helmet|[of] p2a: Garchomp\n|faint|p2a: Garchomp\n|\n|upkeep\n|\n|t:|1781377336\n|switch|p2a: Solgaleo|Solgaleo, L74|325/325\n|turn|12\n|\n|t:|1781377339\n|move|p1a: Mienshao|High Jump Kick|p2a: Solgaleo\n|-damage|p2a: Solgaleo|25/325\n|move|p2a: Solgaleo|Flame Charge|p1a: Mienshao\n|-damage|p1a: Mienshao|126/243\n|-boost|p2a: Solgaleo|spe|1\n|\n|upkeep\n|turn|13\n|\n|t:|1781377345\n|switch|p1a: Trevenant|Trevenant, L89, F|296/296\n|move|p2a: Solgaleo|Sunsteel Strike|p1a: Trevenant\n|-damage|p1a: Trevenant|190/296\n|\n|upkeep\n|turn|14\n|\n|t:|1781377347\n|-terastallize|p2a: Solgaleo|Dark\n|move|p1a: Trevenant|Protect|p1a: Trevenant\n|-singleturn|p1a: Trevenant|Protect\n|move|p2a: Solgaleo|Knock Off|p1a: Trevenant\n|-activate|p1a: Trevenant|move: Protect\n|\n|upkeep\n|turn|15\n|\n|t:|1781377350\n|-terastallize|p1a: Trevenant|Fighting\n|move|p2a: Solgaleo|Knock Off|p1a: Trevenant\n|-resisted|p1a: Trevenant\n|-damage|p1a: Trevenant|134/296\n|-enditem|p1a: Trevenant|Sitrus Berry|[from] move: Knock Off|[of] p2a: Solgaleo\n|move|p1a: Trevenant|Drain Punch|p2a: Solgaleo\n|-supereffective|p2a: Solgaleo\n|-damage|p2a: Solgaleo|0 fnt\n|-heal|p1a: Trevenant|147/296|[from] drain|[of] p2a: Solgaleo\n|faint|p2a: Solgaleo\n|\n|upkeep\n|\n|t:|1781377352\n|switch|p2a: Hitmonlee|Hitmonlee, L85, M|84/224 tox\n|turn|16\n|\n|t:|1781377354\n|move|p2a: Hitmonlee|Close Combat|p1a: Trevenant\n|-damage|p1a: Trevenant|0 fnt\n|-unboost|p2a: Hitmonlee|def|1\n|-unboost|p2a: Hitmonlee|spd|1\n|faint|p1a: Trevenant\n|-enditem|p2a: Hitmonlee|White Herb\n|-clearnegativeboost|p2a: Hitmonlee|[silent]\n|\n|-damage|p2a: Hitmonlee|70/224 tox|[from] psn\n|upkeep\n|\n|t:|1781377357\n|switch|p1a: Kingdra|Kingdra, L84, F|263/263\n|turn|17\n|\n|t:|1781377359\n|move|p2a: Hitmonlee|Close Combat|p1a: Kingdra\n|-damage|p1a: Kingdra|118/263\n|-unboost|p2a: Hitmonlee|def|1\n|-unboost|p2a: Hitmonlee|spd|1\n|move|p1a: Kingdra|Wave Crash|p2a: Hitmonlee\n|-damage|p2a: Hitmonlee|0 fnt\n|faint|p2a: Hitmonlee\n|-damage|p1a: Kingdra|95/263|[from] Recoil\n|\n|upkeep\n|\n|t:|1781377362\n|switch|p2a: Grafaiai|Grafaiai, L86, M|249/249\n|turn|18\n|\n|t:|1781377365\n|move|p2a: Grafaiai|Gunk Shot|p1a: Kingdra\n|-damage|p1a: Kingdra|0 fnt\n|faint|p1a: Kingdra\n|-damage|p2a: Grafaiai|225/249|[from] item: Life Orb\n|\n|upkeep\n|\n|t:|1781377370\n|switch|p1a: Mienshao|Mienshao, L83, F|126/243\n|turn|19\n|\n|t:|1781377372\n|move|p2a: Grafaiai|Gunk Shot|p1a: Mienshao|[miss]\n|-miss|p2a: Grafaiai|p1a: Mienshao\n|move|p1a: Mienshao|High Jump Kick|p2a: Grafaiai\n|-damage|p2a: Grafaiai|0 fnt\n|faint|p2a: Grafaiai\n|\n|win|bulrug\n", "inputlog": ">version a8376a258c1d4662feba110a92103f3664a72141\n>start {\"formatid\":\"gen9randombattle\",\"seed\":\"sodium,245f63fa0985a73708c507f36c9aa93e\",\"rated\":\"Rated battle\"}\n>player p1 {\"name\":\"bulrug\",\"avatar\":\"burglar\",\"rating\":2002,\"seed\":\"sodium,93159b0e741972a4a9fd3acedae2153b\"}\n>player p2 {\"name\":\"cee09\",\"avatar\":\"rocket-gen1rb\",\"rating\":1988,\"seed\":\"sodium,8b09ff28c363bff98af2e2e09b45cfcb\"}\n>p1 move earthquake\n>p2 move trick\n>p1 move earthquake\n>p2 move psychic\n>p2 switch 5\n>p1 move earthquake\n>p2 move hydropump\n>p1 move earthquake\n>p2 move icebeam\n>p1 switch 2\n>p1 move earthquake\n>p2 move shellsmash\n>p2 switch 2\n>p1 switch 6\n>p2 move closecombat\n>p1 move toxic\n>p2 move swordsdance\n>p1 move protect\n>p2 move knockoff\n>p1 switch 4\n>p2 move knockoff\n>p1 move supercellslam\n>p2 move knockoff\n>p1 switch 3\n>p1 move highjumpkick\n>p2 switch 3\n>p2 switch 6\n>p1 move highjumpkick\n>p2 move flamecharge\n>p1 switch 4\n>p2 move sunsteelstrike\n>p1 move protect\n>p2 move knockoff terastallize\n>p1 move drainpunch terastallize\n>p2 move knockoff\n>p2 switch 3\n>p1 move drainpunch\n>p2 move closecombat\n>p1 switch 5\n>p1 move wavecrash\n>p2 move closecombat\n>p2 switch 4\n>p1 move dragondance\n>p2 move gunkshot\n>p1 switch 4\n>p1 move highjumpkick\n>p2 move gunkshot", "uploadtime": 1781377236, "views": 9, "formatid": "gen9randombattle", "rating": null, "private": 0, "password": null, "player_dets": [{"name": "bulrug", "avatar": "burglar", "rating": 2002, "seed": "sodium,93159b0e741972a4a9fd3acedae2153b"}, {"name": "cee09", "avatar": "rocket-gen1rb", "rating": 1988, "seed": "sodium,8b09ff28c363bff98af2e2e09b45cfcb"}], "teams_full": [{"Golem": {"name": "Golem", "species": "Golem", "speciesId": "golem", "gender": "F", "shiny": false, "level": 87, "moves": ["stealthrock", "earthquake", "stoneedge", "explosion"], "ability": "Sturdy", "evs": {"hp": 85, "atk": 85, "def": 85, "spa": 85, "spd": 85, "spe": 85}, "ivs": {"hp": 31, "atk": 31, "def": 31, "spa": 31, "spd": 31, "spe": 31}, "item": "Custap Berry", "teraType": "Steel", "role": "Bulky Attacker", "bvs": {"hp": 80, "atk": 120, "def": 130, "spa": 55, "spd": 65, "spe": 45}, "stats": {"hp": 281, "atk": 259, "def": 276, "spa": 145, "spd": 163, "spe": 128}}, "Baxcalibur": {"name": "Baxcalibur", "species": "Baxcalibur", "speciesId": "baxcalibur", "gender": "M", "shiny": false, "level": 75, "moves": ["iciclecrash", "earthquake", "dragondance", "glaiverush"], "ability": "Thermal Exchange", "evs": {"hp": 85, "atk": 85, "def": 85, "spa": 85, "spd": 85, "spe": 85}, "ivs": {"hp": 31, "atk": 31, "def": 31, "spa": 31, "spd": 31, "spe": 31}, "item": "Heavy-Duty Boots", "teraType": "Dragon", "role": "Setup Sweeper", "bvs": {"hp": 115, "atk": 145, "def": 92, "spa": 75, "spd": 86, "spe": 87}, "stats": {"hp": 296, "atk": 261, "def": 182, "spa": 156, "spd": 173, "spe": 174}}, "Mienshao": {"name": "Mienshao", "species": "Mienshao", "speciesId": "mienshao", "gender": "F", "shiny": false, "level": 83, "moves": ["uturn", "highjumpkick", "poisonjab", "knockoff"], "ability": "Reckless", "evs": {"hp": 81, "atk": 85, "def": 85, "spa": 85, "spd": 85, "spe": 85}, "ivs": {"hp": 31, "atk": 31, "def": 31, "spa": 31, "spd": 31, "spe": 31}, "item": "Choice Band", "teraType": "Fighting", "role": "Wallbreaker", "bvs": {"hp": 65, "atk": 125, "def": 60, "spa": 95, "spd": 60, "spe": 105}, "stats": {"hp": 243, "atk": 255, "def": 147, "spa": 205, "spd": 147, "spe": 222}}, "Luxray": {"name": "Luxray", "species": "Luxray", "speciesId": "luxray", "gender": "F", "shiny": false, "level": 88, "moves": ["throatchop", "facade", "trailblaze", "supercellslam"], "ability": "Guts", "evs": {"hp": 81, "atk": 85, "def": 85, "spa": 85, "spd": 85, "spe": 85}, "ivs": {"hp": 31, "atk": 31, "def": 31, "spa": 31, "spd": 31, "spe": 31}, "item": "Flame Orb", "teraType": "Normal", "role": "Setup Sweeper", "bvs": {"hp": 80, "atk": 120, "def": 79, "spa": 95, "spd": 79, "spe": 70}, "stats": {"hp": 283, "atk": 261, "def": 189, "spa": 217, "spd": 189, "spe": 173}}, "Kingdra": {"name": "Kingdra", "species": "Kingdra", "speciesId": "kingdra", "gender": "F", "shiny": false, "level": 84, "moves": ["outrage", "wavecrash", "dragondance", "ironhead"], "ability": "Sniper", "evs": {"hp": 85, "atk": 85, "def": 85, "spa": 85, "spd": 85, "spe": 85}, "ivs": {"hp": 31, "atk": 31, "def": 31, "spa": 31, "spd": 31, "spe": 31}, "item": "Lum Berry", "teraType": "Steel", "role": "Fast Bulky Setup", "bvs": {"hp": 75, "atk": 95, "def": 95, "spa": 95, "spd": 95, "spe": 85}, "stats": {"hp": 263, "atk": 208, "def": 208, "spa": 208, "spd": 208, "spe": 191}}, "Trevenant": {"name": "Trevenant", "species": "Trevenant", "speciesId": "trevenant", "gender": "F", "shiny": false, "level": 89, "moves": ["protect", "toxic", "drainpunch", "poltergeist"], "ability": "Harvest", "evs": {"hp": 85, "atk": 85, "def": 85, "spa": 85, "spd": 85, "spe": 85}, "ivs": {"hp": 31, "atk": 31, "def": 31, "spa": 31, "spd": 31, "spe": 31}, "item": "Sitrus Berry", "teraType": "Fighting", "role": "Bulky Support", "bvs": {"hp": 85, "atk": 110, "def": 76, "spa": 65, "spd": 82, "spe": 56}, "stats": {"hp": 296, "atk": 247, "def": 186, "spa": 166, "spd": 197, "spe": 150}}}, {"Hoopa": {"name": "Hoopa", "species": "Hoopa-Unbound", "speciesId": "hoopaunbound", "gender": "N", "shiny": false, "level": 80, "moves": ["trick", "hyperspacefury", "psychic", "gunkshot"], "ability": "Magician", "evs": {"hp": 85, "atk": 85, "def": 85, "spa": 85, "spd": 85, "spe": 85}, "ivs": {"hp": 31, "atk": 31, "def": 31, "spa": 31, "spd": 31, "spe": 31}, "item": "Choice Scarf", "teraType": "Poison", "role": "Bulky Attacker", "bvs": {"hp": 80, "atk": 160, "def": 60, "spa": 170, "spd": 130, "spe": 80}, "stats": {"hp": 259, "atk": 302, "def": 142, "spa": 318, "spd": 254, "spe": 174}}, "Hitmonlee": {"name": "Hitmonlee", "species": "Hitmonlee", "speciesId": "hitmonlee", "gender": "M", "shiny": false, "level": 85, "moves": ["knockoff", "stoneedge", "swordsdance", "closecombat"], "ability": "Unburden", "evs": {"hp": 85, "atk": 85, "def": 85, "spa": 85, "spd": 85, "spe": 85}, "ivs": {"hp": 31, "atk": 31, "def": 31, "spa": 31, "spd": 31, "spe": 31}, "item": "White Herb", "teraType": "Dark", "role": "Setup Sweeper", "bvs": {"hp": 50, "atk": 120, "def": 53, "spa": 35, "spd": 110, "spe": 87}, "stats": {"hp": 224, "atk": 253, "def": 139, "spa": 108, "spd": 236, "spe": 197}}, "Garchomp": {"name": "Garchomp", "species": "Garchomp", "speciesId": "garchomp", "gender": "F", "shiny": false, "level": 74, "moves": ["spikes", "outrage", "dragontail", "earthquake"], "ability": "Rough Skin", "evs": {"hp": 85, "atk": 85, "def": 85, "spa": 85, "spd": 85, "spe": 85}, "ivs": {"hp": 31, "atk": 31, "def": 31, "spa": 31, "spd": 31, "spe": 31}, "item": "Rocky Helmet", "teraType": "Ground", "role": "Fast Support", "bvs": {"hp": 108, "atk": 130, "def": 95, "spa": 80, "spd": 85, "spe": 102}, "stats": {"hp": 282, "atk": 235, "def": 184, "spa": 161, "spd": 169, "spe": 194}}, "Grafaiai": {"name": "Grafaiai", "species": "Grafaiai", "speciesId": "grafaiai", "gender": "M", "shiny": false, "level": 86, "moves": ["knockoff", "lowkick", "gunkshot", "swordsdance"], "ability": "Poison Touch", "evs": {"hp": 85, "atk": 85, "def": 85, "spa": 85, "spd": 85, "spe": 85}, "ivs": {"hp": 31, "atk": 31, "def": 31, "spa": 31, "spd": 31, "spe": 31}, "item": "Life Orb", "teraType": "Dark", "role": "Setup Sweeper", "bvs": {"hp": 63, "atk": 95, "def": 65, "spa": 80, "spd": 72, "spe": 110}, "stats": {"hp": 249, "atk": 213, "def": 161, "spa": 187, "spd": 173, "spe": 238}}, "Blastoise": {"name": "Blastoise", "species": "Blastoise", "speciesId": "blastoise", "gender": "M", "shiny": false, "level": 80, "moves": ["hydropump", "icebeam", "terablast", "shellsmash"], "ability": "Torrent", "evs": {"hp": 85, "atk": 0, "def": 85, "spa": 85, "spd": 85, "spe": 85}, "ivs": {"hp": 31, "atk": 0, "def": 31, "spa": 31, "spd": 31, "spe": 31}, "item": "White Herb", "teraType": "Electric", "role": "Tera Blast user", "bvs": {"hp": 79, "atk": 83, "def": 100, "spa": 85, "spd": 105, "spe": 78}, "stats": {"hp": 258, "atk": 137, "def": 206, "spa": 182, "spd": 214, "spe": 171}}, "Solgaleo": {"name": "Solgaleo", "species": "Solgaleo", "speciesId": "solgaleo", "gender": "N", "shiny": false, "level": 74, "moves": ["flamecharge", "knockoff", "sunsteelstrike", "closecombat"], "ability": "Full Metal Body", "evs": {"hp": 85, "atk": 85, "def": 85, "spa": 85, "spd": 85, "spe": 85}, "ivs": {"hp": 31, "atk": 31, "def": 31, "spa": 31, "spd": 31, "spe": 31}, "item": "Weakness Policy", "teraType": "Dark", "role": "Bulky Setup", "bvs": {"hp": 137, "atk": 137, "def": 107, "spa": 113, "spd": 89, "spe": 97}, "stats": {"hp": 325, "atk": 246, "def": 201, "spa": 210, "spd": 175, "spe": 187}}}]}