{"id": "gen9randombattle-2631452439", "format": "[Gen 9] Random Battle", "players": ["wellingtj", "funitoqw"], "log": "|j|\u2606wellingtj\n|j|\u2606funitoqw\n|t:|1781386422\n|gametype|singles\n|player|p1|wellingtj|lusamine-nihilego|1958\n|player|p2|funitoqw|101|1912\n|gen|9\n|tier|[Gen 9] Random Battle\n|rated|\n|rule|Species Clause: Limit one of each Pok\u00e9mon\n|rule|HP Percentage Mod: HP is shown in percentages\n|rule|Sleep Clause Mod: Limit one foe put to sleep\n|rule|Illusion Level Mod: Illusion disguises the Pok\u00e9mon's true level\n|\n|t:|1781386422\n|teamsize|p1|6\n|teamsize|p2|6\n|start\n|switch|p1a: Frosmoth|Frosmoth, L82, F|249/249\n|switch|p2a: Qwilfish|Qwilfish, L86, M|252/252\n|-ability|p2a: Qwilfish|Intimidate|boost\n|-unboost|p1a: Frosmoth|atk|1\n|turn|1\n|inactive|Battle timer is ON: inactive players will automatically lose when time's up. (requested by funitoqw)\n|\n|t:|1781386443\n|switch|p1a: Slowbro|Slowbro-Galar, L87, F|307/307\n|move|p2a: Qwilfish|Spikes|p1a: Slowbro\n|-sidestart|p1: wellingtj|Spikes\n|\n|upkeep\n|turn|2\n|\n|t:|1781386468\n|switch|p2a: Mandibuzz|Mandibuzz, L85, F|326/326\n|move|p1a: Slowbro|Psychic|p2a: Mandibuzz\n|-immune|p2a: Mandibuzz\n|\n|upkeep\n|turn|3\n|\n|t:|1781386481\n|switch|p1a: Zekrom|Zekrom, L71|259/259\n|-damage|p1a: Zekrom|227/259|[from] Spikes\n|-ability|p1a: Zekrom|Teravolt\n|move|p2a: Mandibuzz|Knock Off|p1a: Zekrom\n|-damage|p1a: Zekrom|148/259\n|-enditem|p1a: Zekrom|Leftovers|[from] move: Knock Off|[of] p2a: Mandibuzz\n|\n|upkeep\n|turn|4\n|inactive|funitoqw has 120 seconds left.\n|\n|t:|1781386522\n|move|p2a: Mandibuzz|Toxic|p1a: Zekrom\n|-status|p1a: Zekrom|tox\n|move|p1a: Zekrom|Dragon Dance|p1a: Zekrom\n|-boost|p1a: Zekrom|atk|1\n|-boost|p1a: Zekrom|spe|1\n|\n|-damage|p1a: Zekrom|132/259 tox|[from] psn\n|upkeep\n|turn|5\n|\n|t:|1781386533\n|switch|p2a: Regice|Regice, L88|284/284\n|move|p1a: Zekrom|Bolt Strike|p2a: Regice|[miss]\n|-miss|p1a: Zekrom|p2a: Regice\n|\n|-damage|p1a: Zekrom|100/259 tox|[from] psn\n|upkeep\n|turn|6\n|\n|t:|1781386544\n|move|p1a: Zekrom|Bolt Strike|p2a: Regice|[miss]\n|-miss|p1a: Zekrom|p2a: Regice\n|move|p2a: Regice|Ice Beam|p1a: Zekrom\n|-supereffective|p1a: Zekrom\n|-damage|p1a: Zekrom|0 fnt\n|faint|p1a: Zekrom\n|\n|upkeep\n|c|\u2606funitoqw|im sorry\n|\n|t:|1781386563\n|switch|p1a: Frosmoth|Frosmoth, L82, F|249/249\n|turn|7\n|\n|t:|1781386576\n|-terastallize|p1a: Frosmoth|Ground\n|move|p1a: Frosmoth|Quiver Dance|p1a: Frosmoth\n|-boost|p1a: Frosmoth|spa|1\n|-boost|p1a: Frosmoth|spd|1\n|-boost|p1a: Frosmoth|spe|1\n|move|p2a: Regice|Thunder Wave|p1a: Frosmoth\n|-immune|p1a: Frosmoth\n|\n|upkeep\n|turn|8\n|inactive|funitoqw has 90 seconds left.\n|\n|t:|1781386605\n|move|p1a: Frosmoth|Quiver Dance|p1a: Frosmoth\n|-boost|p1a: Frosmoth|spa|1\n|-boost|p1a: Frosmoth|spd|1\n|-boost|p1a: Frosmoth|spe|1\n|move|p2a: Regice|Ice Beam|p1a: Frosmoth\n|-supereffective|p1a: Frosmoth\n|-damage|p1a: Frosmoth|191/249\n|\n|upkeep\n|turn|9\n|\n|t:|1781386608\n|move|p1a: Frosmoth|Quiver Dance|p1a: Frosmoth\n|-boost|p1a: Frosmoth|spa|1\n|-boost|p1a: Frosmoth|spd|1\n|-boost|p1a: Frosmoth|spe|1\n|move|p2a: Regice|Ice Beam|p1a: Frosmoth\n|-supereffective|p1a: Frosmoth\n|-damage|p1a: Frosmoth|149/249\n|-status|p1a: Frosmoth|frz\n|\n|upkeep\n|turn|10\n|\n|t:|1781386612\n|-curestatus|p1a: Frosmoth|frz|[msg]\n|move|p1a: Frosmoth|Bug Buzz|p2a: Regice\n|-damage|p2a: Regice|146/284\n|move|p2a: Regice|Ice Beam|p1a: Frosmoth\n|-supereffective|p1a: Frosmoth\n|-damage|p1a: Frosmoth|109/249\n|\n|upkeep\n|turn|11\n|\n|t:|1781386620\n|move|p1a: Frosmoth|Quiver Dance|p1a: Frosmoth\n|-boost|p1a: Frosmoth|spa|1\n|-boost|p1a: Frosmoth|spd|1\n|-boost|p1a: Frosmoth|spe|1\n|move|p2a: Regice|Body Press|p1a: Frosmoth\n|-damage|p1a: Frosmoth|16/249\n|\n|upkeep\n|turn|12\n|inactive|funitoqw has 120 seconds left.\n|\n|t:|1781386638\n|move|p1a: Frosmoth|Bug Buzz|p2a: Regice\n|-damage|p2a: Regice|0 fnt\n|faint|p2a: Regice\n|\n|upkeep\n|\n|t:|1781386641\n|switch|p2a: Ditto|Ditto, L87|225/225\n|-transform|p2a: Ditto|p1a: Frosmoth|[from] ability: Imposter\n|-start|p2a: Ditto|typechange|Ice/Bug|[silent]\n|turn|13\n|inactive|funitoqw has 120 seconds left.\n|\n|t:|1781386664\n|move|p2a: Ditto|Ice Beam|p1a: Frosmoth\n|-supereffective|p1a: Frosmoth\n|-damage|p1a: Frosmoth|0 fnt\n|faint|p1a: Frosmoth\n|\n|upkeep\n|\n|t:|1781386671\n|switch|p1a: Phione|Phione, L91|293/293\n|-damage|p1a: Phione|257/293|[from] Spikes\n|turn|14\n|\n|t:|1781386680\n|move|p2a: Ditto|Ice Beam|p1a: Phione\n|-resisted|p1a: Phione\n|-damage|p1a: Phione|80/293\n|move|p1a: Phione|Take Heart|p1a: Phione\n|-boost|p1a: Phione|spa|1\n|-boost|p1a: Phione|spd|1\n|\n|-heal|p1a: Phione|98/293|[from] item: Leftovers\n|upkeep\n|turn|15\n|inactive|funitoqw has 120 seconds left.\n|-message|wellingtj forfeited.\n|\n|win|funitoqw\n", "inputlog": ">version a8376a258c1d4662feba110a92103f3664a72141\n>start {\"formatid\":\"gen9randombattle\",\"seed\":\"sodium,9b4f3b74b041590f0d0ab3104c0fabaa\",\"rated\":\"Rated battle\"}\n>player p1 {\"name\":\"wellingtj\",\"avatar\":\"lusamine-nihilego\",\"rating\":1958,\"seed\":\"sodium,5d9967600386852282f960d7ab7c6010\"}\n>player p2 {\"name\":\"funitoqw\",\"avatar\":\"101\",\"rating\":1912,\"seed\":\"sodium,37340e822be787a4e7e02615e6e6638b\"}\n>p1 switch 4\n>p2 move spikes\n>p1 move psychic\n>p2 switch 5\n>p1 switch 3\n>p2 move knockoff\n>p1 move dragondance\n>p2 move toxic\n>p1 move boltstrike\n>p2 switch 2\n>p1 move boltstrike\n>p2 move icebeam\n>chat \u2606funitoqw|im sorry\n>p1 switch 4\n>p1 move quiverdance terastallize\n>p2 move thunderwave\n>p1 move quiverdance\n>p2 move icebeam\n>p1 move quiverdance\n>p2 move icebeam\n>p1 move bugbuzz\n>p2 move icebeam\n>p1 move quiverdance\n>p2 move bodypress\n>p1 move bugbuzz\n>p2 move thunderbolt\n>p2 switch 4\n>p1 move bugbuzz\n>p2 move icebeam\n>p1 switch 2\n>p1 move takeheart\n>p2 move icebeam\n>forcelose p1", "uploadtime": 1781386425, "views": 5, "formatid": "gen9randombattle", "rating": null, "private": 0, "password": null, "player_dets": [{"name": "wellingtj", "avatar": "lusamine-nihilego", "rating": 1958, "seed": "sodium,5d9967600386852282f960d7ab7c6010"}, {"name": "funitoqw", "avatar": "101", "rating": 1912, "seed": "sodium,37340e822be787a4e7e02615e6e6638b"}], "teams_full": [{"Frosmoth": {"name": "Frosmoth", "species": "Frosmoth", "speciesId": "frosmoth", "gender": "F", "shiny": false, "level": 82, "moves": ["terablast", "icebeam", "bugbuzz", "quiverdance"], "ability": "Ice Scales", "evs": {"hp": 85, "atk": 0, "def": 85, "spa": 85, "spd": 85, "spe": 85}, "ivs": {"hp": 31, "atk": 0, "def": 31, "spa": 31, "spd": 31, "spe": 31}, "item": "Heavy-Duty Boots", "teraType": "Ground", "role": "Tera Blast user", "bvs": {"hp": 70, "atk": 65, "def": 60, "spa": 125, "spd": 90, "spe": 65}, "stats": {"hp": 249, "atk": 111, "def": 146, "spa": 252, "spd": 195, "spe": 154}, "types": ["Ice", "Bug"]}, "Phione": {"name": "Phione", "species": "Phione", "speciesId": "phione", "gender": "N", "shiny": false, "level": 91, "moves": ["sleeptalk", "scald", "rest", "takeheart"], "ability": "Hydration", "evs": {"hp": 85, "atk": 0, "def": 85, "spa": 85, "spd": 85, "spe": 85}, "ivs": {"hp": 31, "atk": 0, "def": 31, "spa": 31, "spd": 31, "spe": 31}, "item": "Leftovers", "teraType": "Dragon", "role": "Bulky Setup", "bvs": {"hp": 80, "atk": 80, "def": 80, "spa": 80, "spd": 80, "spe": 80}, "stats": {"hp": 293, "atk": 150, "def": 197, "spa": 197, "spd": 197, "spe": 197}, "types": ["Water"]}, "Zekrom": {"name": "Zekrom", "species": "Zekrom", "speciesId": "zekrom", "gender": "N", "shiny": false, "level": 71, "moves": ["dragondance", "substitute", "outrage", "boltstrike"], "ability": "Teravolt", "evs": {"hp": 85, "atk": 85, "def": 85, "spa": 85, "spd": 85, "spe": 85}, "ivs": {"hp": 31, "atk": 31, "def": 31, "spa": 31, "spd": 31, "spe": 31}, "item": "Leftovers", "teraType": "Steel", "role": "Setup Sweeper", "bvs": {"hp": 100, "atk": 150, "def": 120, "spa": 120, "spd": 100, "spe": 90}, "stats": {"hp": 259, "atk": 254, "def": 212, "spa": 212, "spd": 183, "spe": 169}, "types": ["Dragon", "Electric"]}, "Slowbro": {"name": "Slowbro", "species": "Slowbro-Galar", "speciesId": "slowbrogalar", "gender": "F", "shiny": false, "level": 87, "moves": ["fireblast", "trickroom", "shellsidearm", "psychic"], "ability": "Regenerator", "evs": {"hp": 85, "atk": 85, "def": 85, "spa": 85, "spd": 85, "spe": 0}, "ivs": {"hp": 31, "atk": 31, "def": 31, "spa": 31, "spd": 31, "spe": 0}, "item": "Life Orb", "teraType": "Poison", "role": "Wallbreaker", "bvs": {"hp": 95, "atk": 100, "def": 95, "spa": 100, "spd": 70, "spe": 30}, "stats": {"hp": 307, "atk": 224, "def": 215, "spa": 224, "spd": 172, "spe": 57}, "types": ["Poison", "Psychic"]}, "Rhyperior": {"name": "Rhyperior", "species": "Rhyperior", "speciesId": "rhyperior", "gender": "M", "shiny": false, "level": 82, "moves": ["earthquake", "rockpolish", "icepunch", "stoneedge"], "ability": "Solid Rock", "evs": {"hp": 85, "atk": 85, "def": 85, "spa": 85, "spd": 85, "spe": 85}, "ivs": {"hp": 31, "atk": 31, "def": 31, "spa": 31, "spd": 31, "spe": 31}, "item": "Weakness Policy", "teraType": "Ground", "role": "Bulky Setup", "bvs": {"hp": 115, "atk": 140, "def": 130, "spa": 55, "spd": 55, "spe": 40}, "stats": {"hp": 323, "atk": 277, "def": 260, "spa": 137, "spd": 137, "spe": 113}, "types": ["Ground", "Rock"]}, "Hawlucha": {"name": "Hawlucha", "species": "Hawlucha", "speciesId": "hawlucha", "gender": "F", "shiny": false, "level": 80, "moves": ["closecombat", "throatchop", "swordsdance", "acrobatics"], "ability": "Unburden", "evs": {"hp": 85, "atk": 85, "def": 85, "spa": 85, "spd": 85, "spe": 85}, "ivs": {"hp": 31, "atk": 31, "def": 31, "spa": 31, "spd": 31, "spe": 31}, "item": "White Herb", "teraType": "Flying", "role": "Setup Sweeper", "bvs": {"hp": 78, "atk": 92, "def": 75, "spa": 74, "spd": 63, "spe": 118}, "stats": {"hp": 256, "atk": 193, "def": 166, "spa": 165, "spd": 147, "spe": 235}, "types": ["Fighting", "Flying"]}}, {"Qwilfish": {"name": "Qwilfish", "species": "Qwilfish", "speciesId": "qwilfish", "gender": "M", "shiny": false, "level": 86, "moves": ["spikes", "thunderwave", "waterfall", "gunkshot"], "ability": "Intimidate", "evs": {"hp": 85, "atk": 85, "def": 85, "spa": 85, "spd": 85, "spe": 85}, "ivs": {"hp": 31, "atk": 31, "def": 31, "spa": 31, "spd": 31, "spe": 31}, "item": "Leftovers", "teraType": "Dark", "role": "Bulky Support", "bvs": {"hp": 65, "atk": 95, "def": 85, "spa": 55, "spd": 55, "spe": 85}, "stats": {"hp": 252, "atk": 213, "def": 195, "spa": 144, "spd": 144, "spe": 195}, "types": ["Water", "Poison"]}, "Regice": {"name": "Regice", "species": "Regice", "speciesId": "regice", "gender": "N", "shiny": false, "level": 88, "moves": ["thunderbolt", "bodypress", "thunderwave", "icebeam"], "ability": "Clear Body", "evs": {"hp": 85, "atk": 0, "def": 85, "spa": 85, "spd": 85, "spe": 85}, "ivs": {"hp": 31, "atk": 0, "def": 31, "spa": 31, "spd": 31, "spe": 31}, "item": "Heavy-Duty Boots", "teraType": "Electric", "role": "Bulky Attacker", "bvs": {"hp": 80, "atk": 50, "def": 100, "spa": 100, "spd": 200, "spe": 50}, "stats": {"hp": 284, "atk": 93, "def": 226, "spa": 226, "spd": 402, "spe": 138}, "types": ["Ice"]}, "Appletun": {"name": "Appletun", "species": "Appletun", "speciesId": "appletun", "gender": "F", "shiny": false, "level": 92, "moves": ["dragontail", "recover", "appleacid", "dracometeor"], "ability": "Thick Fat", "evs": {"hp": 85, "atk": 85, "def": 85, "spa": 85, "spd": 85, "spe": 85}, "ivs": {"hp": 31, "atk": 31, "def": 31, "spa": 31, "spd": 31, "spe": 31}, "item": "Leftovers", "teraType": "Steel", "role": "Bulky Attacker", "bvs": {"hp": 110, "atk": 85, "def": 80, "spa": 100, "spd": 80, "spe": 30}, "stats": {"hp": 352, "atk": 209, "def": 200, "spa": 236, "spd": 200, "spe": 108}, "types": ["Grass", "Dragon"]}, "Ditto": {"name": "Ditto", "species": "Ditto", "speciesId": "ditto", "gender": "N", "shiny": false, "level": 87, "moves": ["transform"], "ability": "Imposter", "evs": {"hp": 85, "atk": 85, "def": 85, "spa": 85, "spd": 85, "spe": 85}, "ivs": {"hp": 31, "atk": 31, "def": 31, "spa": 31, "spd": 31, "spe": 31}, "item": "Choice Scarf", "teraType": "Ghost", "role": "Fast Support", "bvs": {"hp": 48, "atk": 48, "def": 48, "spa": 48, "spd": 48, "spe": 48}, "stats": {"hp": 225, "atk": 133, "def": 133, "spa": 133, "spd": 133, "spe": 133}, "types": ["Normal"]}, "Mandibuzz": {"name": "Mandibuzz", "species": "Mandibuzz", "speciesId": "mandibuzz", "gender": "F", "shiny": false, "level": 85, "moves": ["roost", "bravebird", "toxic", "knockoff"], "ability": "Overcoat", "evs": {"hp": 85, "atk": 85, "def": 85, "spa": 85, "spd": 85, "spe": 85}, "ivs": {"hp": 31, "atk": 31, "def": 31, "spa": 31, "spd": 31, "spe": 31}, "item": "Heavy-Duty Boots", "teraType": "Steel", "role": "Bulky Attacker", "bvs": {"hp": 110, "atk": 65, "def": 105, "spa": 55, "spd": 95, "spe": 80}, "stats": {"hp": 326, "atk": 159, "def": 227, "spa": 142, "spd": 210, "spe": 185}, "types": ["Dark", "Flying"]}, "Hoopa": {"name": "Hoopa", "species": "Hoopa", "speciesId": "hoopa", "gender": "N", "shiny": false, "level": 85, "moves": ["shadowball", "focusblast", "nastyplot", "psyshock"], "ability": "Magician", "evs": {"hp": 85, "atk": 0, "def": 85, "spa": 85, "spd": 85, "spe": 85}, "ivs": {"hp": 31, "atk": 0, "def": 31, "spa": 31, "spd": 31, "spe": 31}, "item": "Life Orb", "teraType": "Fighting", "role": "Fast Attacker", "bvs": {"hp": 80, "atk": 110, "def": 60, "spa": 150, "spd": 130, "spe": 70}, "stats": {"hp": 275, "atk": 192, "def": 151, "spa": 304, "spd": 270, "spe": 168}, "types": ["Psychic", "Ghost"]}}]}