{"id": "gen9randombattle-2631423930", "format": "[Gen 9] Random Battle", "players": ["Jrekjje", "SGA4MVP23"], "log": "|j|\u2606Jrekjje\n|j|\u2606SGA4MVP23\n|t:|1781382923\n|gametype|singles\n|player|p1|Jrekjje|265|1902\n|player|p2|SGA4MVP23|marshal|1945\n|gen|9\n|tier|[Gen 9] Random Battle\n|rated|\n|rule|Species Clause: Limit one of each Pok\u00e9mon\n|rule|HP Percentage Mod: HP is shown in percentages\n|rule|Sleep Clause Mod: Limit one foe put to sleep\n|rule|Illusion Level Mod: Illusion disguises the Pok\u00e9mon's true level\n|\n|t:|1781382923\n|teamsize|p1|6\n|teamsize|p2|6\n|start\n|switch|p1a: Klefki|Klefki, L84, M|233/233\n|switch|p2a: Victreebel|Victreebel, L90, M|290/290\n|turn|1\n|l|\u2606Jrekjje\n|player|p1|\n|inactive|Battle timer is ON: inactive players will automatically lose when time's up. (requested by SGA4MVP23)\n|j|\u2606Jrekjje\n|inactive|Jrekjje reconnected and has 145 seconds left.\n|player|p1|Jrekjje|265|\n|\n|t:|1781382975\n|switch|p2a: Pikachu|Pikachu-World, L93, F|216/216\n|move|p1a: Klefki|Thunder Wave|p2a: Pikachu\n|-ability|p2a: Pikachu|Lightning Rod|boost\n|-boost|p2a: Pikachu|spa|1\n|\n|upkeep\n|turn|2\n|l|\u2606Jrekjje\n|inactive|Jrekjje disconnected and has a minute to reconnect!\n|player|p1|\n|j|\u2606Jrekjje\n|inactive|Jrekjje reconnected and has 115 seconds left.\n|player|p1|Jrekjje|265|\n|\n|t:|1781383016\n|move|p2a: Pikachu|Fake Out|p1a: Klefki\n|-resisted|p1a: Klefki\n|-damage|p1a: Klefki|211/233\n|cant|p1a: Klefki|flinch\n|\n|-heal|p1a: Klefki|225/233|[from] item: Leftovers\n|upkeep\n|turn|3\n|\n|t:|1781383024\n|move|p1a: Klefki|Spikes|p2a: Pikachu\n|-sidestart|p2: SGA4MVP23|Spikes\n|move|p2a: Pikachu|Surf|p1a: Klefki\n|-damage|p1a: Klefki|69/233\n|\n|-heal|p1a: Klefki|83/233|[from] item: Leftovers\n|upkeep\n|turn|4\n|\n|t:|1781383029\n|move|p1a: Klefki|Spikes|p2a: Pikachu\n|-sidestart|p2: SGA4MVP23|Spikes\n|move|p2a: Pikachu|Surf|p1a: Klefki\n|-damage|p1a: Klefki|0 fnt\n|faint|p1a: Klefki\n|\n|upkeep\n|\n|t:|1781383040\n|switch|p1a: Delphox|Delphox, L84, F|263/263\n|turn|5\n|\n|t:|1781383053\n|move|p1a: Delphox|Psyshock|p2a: Pikachu\n|-damage|p2a: Pikachu|0 fnt\n|faint|p2a: Pikachu\n|\n|upkeep\n|\n|t:|1781383057\n|switch|p2a: Mabosstiff|Mabosstiff, L86, F|278/278\n|-damage|p2a: Mabosstiff|232/278|[from] Spikes\n|turn|6\n|\n|t:|1781383066\n|switch|p1a: Shiftry|Shiftry, L89, F|305/305\n|move|p2a: Mabosstiff|Crunch|p1a: Shiftry\n|-resisted|p1a: Shiftry\n|-damage|p1a: Shiftry|183/305\n|\n|upkeep\n|turn|7\n|\n|t:|1781383077\n|switch|p2a: Comfey|Comfey, L85, M|225/225\n|-damage|p2a: Comfey|188/225|[from] Spikes\n|move|p1a: Shiftry|Tailwind|p1a: Shiftry\n|-sidestart|p1: Jrekjje|move: Tailwind\n|-ability|p1a: Shiftry|Wind Rider|boost\n|-boost|p1a: Shiftry|atk|1\n|\n|-heal|p2a: Comfey|202/225|[from] item: Leftovers\n|upkeep\n|turn|8\n|\n|t:|1781383090\n|move|p2a: Comfey|Draining Kiss|p1a: Shiftry\n|-supereffective|p1a: Shiftry\n|-damage|p1a: Shiftry|55/305\n|-heal|p2a: Comfey|225/225|[from] drain|[of] p1a: Shiftry\n|move|p1a: Shiftry|Leaf Blade|p2a: Comfey\n|-damage|p2a: Comfey|18/225\n|-damage|p1a: Shiftry|25/305|[from] item: Life Orb\n|\n|-heal|p2a: Comfey|32/225|[from] item: Leftovers\n|upkeep\n|turn|9\n|\n|t:|1781383099\n|move|p2a: Comfey|Draining Kiss|p1a: Shiftry\n|-supereffective|p1a: Shiftry\n|-damage|p1a: Shiftry|0 fnt\n|-heal|p2a: Comfey|51/225|[from] drain|[of] p1a: Shiftry\n|faint|p1a: Shiftry\n|\n|-heal|p2a: Comfey|65/225|[from] item: Leftovers\n|upkeep\n|\n|t:|1781383105\n|switch|p1a: Delphox|Delphox, L84, F|263/263\n|turn|10\n|\n|t:|1781383112\n|move|p2a: Comfey|Draining Kiss|p1a: Delphox\n|-resisted|p1a: Delphox\n|-damage|p1a: Delphox|241/263\n|-heal|p2a: Comfey|82/225|[from] drain|[of] p1a: Delphox\n|move|p1a: Delphox|Fire Blast|p2a: Comfey\n|-damage|p2a: Comfey|0 fnt\n|faint|p2a: Comfey\n|\n|-sideend|p1: Jrekjje|move: Tailwind\n|upkeep\n|\n|t:|1781383120\n|switch|p2a: Blissey|Blissey, L85, F|572/572\n|-damage|p2a: Blissey|477/572|[from] Spikes\n|turn|11\n|\n|t:|1781383124\n|switch|p1a: Beartic|Beartic, L91, M|321/321\n|move|p2a: Blissey|Thunder Wave|p1a: Beartic\n|-status|p1a: Beartic|par\n|\n|-heal|p2a: Blissey|512/572|[from] item: Leftovers\n|upkeep\n|turn|12\n|\n|t:|1781383133\n|switch|p2a: Farigiraf|Farigiraf, L90, F|362/362\n|-damage|p2a: Farigiraf|302/362|[from] Spikes\n|move|p1a: Beartic|Close Combat|p2a: Farigiraf\n|-damage|p2a: Farigiraf|175/362\n|-unboost|p1a: Beartic|def|1\n|-unboost|p1a: Beartic|spd|1\n|\n|-heal|p2a: Farigiraf|197/362|[from] item: Leftovers\n|upkeep\n|turn|13\n|\n|t:|1781383140\n|switch|p1a: Delphox|Delphox, L84, F|241/263\n|move|p2a: Farigiraf|Wish|p2a: Farigiraf\n|\n|-heal|p2a: Farigiraf|219/362|[from] item: Leftovers\n|upkeep\n|turn|14\n|\n|t:|1781383146\n|switch|p1a: Flutter Mane|Flutter Mane, L74|203/203\n|move|p2a: Farigiraf|Protect||[still]\n|-fail|p2a: Farigiraf\n|\n|-heal|p2a: Farigiraf|362/362|[from] move: Wish|[wisher] Farigiraf\n|upkeep\n|turn|15\n|\n|t:|1781383156\n|switch|p2a: Blissey|Blissey, L85, F|512/572\n|-damage|p2a: Blissey|417/572|[from] Spikes\n|move|p1a: Flutter Mane|Moonblast|p2a: Blissey\n|-damage|p2a: Blissey|323/572\n|-damage|p1a: Flutter Mane|183/203|[from] item: Life Orb\n|\n|-heal|p2a: Blissey|358/572|[from] item: Leftovers\n|upkeep\n|turn|16\n|\n|t:|1781383163\n|-end|p1a: Flutter Mane|Protosynthesis|[silent]\n|switch|p1a: Beartic|Beartic, L91, M|321/321 par\n|move|p2a: Blissey|Soft-Boiled|p2a: Blissey\n|-heal|p2a: Blissey|572/572\n|\n|upkeep\n|turn|17\n|\n|t:|1781383171\n|switch|p2a: Farigiraf|Farigiraf, L90, F|362/362\n|-damage|p2a: Farigiraf|302/362|[from] Spikes\n|move|p1a: Beartic|Icicle Crash|p2a: Farigiraf|[miss]\n|-miss|p1a: Beartic|p2a: Farigiraf\n|\n|-heal|p2a: Farigiraf|324/362|[from] item: Leftovers\n|upkeep\n|turn|18\n|\n|t:|1781383178\n|move|p2a: Farigiraf|Psychic Noise|p1a: Beartic\n|-damage|p1a: Beartic|228/321 par\n|-start|p1a: Beartic|move: Heal Block\n|cant|p1a: Beartic|par\n|\n|-heal|p2a: Farigiraf|346/362|[from] item: Leftovers\n|upkeep\n|turn|19\n|\n|t:|1781383185\n|move|p2a: Farigiraf|Psychic Noise|p1a: Beartic\n|-damage|p1a: Beartic|131/321 par\n|move|p1a: Beartic|Snowscape|p1a: Beartic\n|-weather|Snowscape\n|\n|-weather|Snowscape|[upkeep]\n|-heal|p2a: Farigiraf|362/362|[from] item: Leftovers\n|-end|p1a: Beartic|move: Heal Block\n|upkeep\n|turn|20\n|\n|t:|1781383196\n|switch|p1a: Flutter Mane|Flutter Mane, L74|183/203\n|move|p2a: Farigiraf|Psychic Noise|p1a: Flutter Mane\n|-damage|p1a: Flutter Mane|98/203\n|-start|p1a: Flutter Mane|move: Heal Block\n|\n|-weather|Snowscape|[upkeep]\n|upkeep\n|turn|21\n|\n|t:|1781383203\n|move|p1a: Flutter Mane|Moonblast|p2a: Farigiraf\n|-damage|p2a: Farigiraf|205/362\n|-unboost|p2a: Farigiraf|spa|1\n|-damage|p1a: Flutter Mane|78/203|[from] item: Life Orb\n|move|p2a: Farigiraf|Psychic Noise|p1a: Flutter Mane\n|-damage|p1a: Flutter Mane|24/203\n|\n|-weather|Snowscape|[upkeep]\n|-heal|p2a: Farigiraf|227/362|[from] item: Leftovers\n|-end|p1a: Flutter Mane|move: Heal Block\n|upkeep\n|turn|22\n|\n|t:|1781383214\n|move|p1a: Flutter Mane|Moonblast|p2a: Farigiraf\n|-damage|p2a: Farigiraf|87/362\n|-unboost|p2a: Farigiraf|spa|1\n|-damage|p1a: Flutter Mane|4/203|[from] item: Life Orb\n|move|p2a: Farigiraf|Wish|p2a: Farigiraf\n|\n|-weather|Snowscape|[upkeep]\n|-heal|p2a: Farigiraf|109/362|[from] item: Leftovers\n|upkeep\n|turn|23\n|\n|t:|1781383221\n|switch|p2a: Blissey|Blissey, L85, F|572/572\n|-damage|p2a: Blissey|477/572|[from] Spikes\n|move|p1a: Flutter Mane|Moonblast|p2a: Blissey\n|-damage|p2a: Blissey|387/572\n|-damage|p1a: Flutter Mane|0 fnt|[from] item: Life Orb\n|faint|p1a: Flutter Mane\n|-end|p1a: Flutter Mane|Protosynthesis|[silent]\n|\n|-weather|none\n|-heal|p2a: Blissey|568/572|[from] move: Wish|[wisher] Farigiraf\n|-heal|p2a: Blissey|572/572|[from] item: Leftovers\n|upkeep\n|\n|t:|1781383233\n|switch|p1a: Delphox|Delphox, L84, F|241/263\n|turn|24\n|\n|t:|1781383238\n|switch|p2a: Farigiraf|Farigiraf, L90, F|109/362\n|-damage|p2a: Farigiraf|49/362|[from] Spikes\n|move|p1a: Delphox|Focus Blast|p2a: Farigiraf|[miss]\n|-miss|p1a: Delphox|p2a: Farigiraf\n|\n|-heal|p2a: Farigiraf|71/362|[from] item: Leftovers\n|upkeep\n|turn|25\n|\n|t:|1781383247\n|move|p1a: Delphox|Focus Blast|p2a: Farigiraf|[miss]\n|-miss|p1a: Delphox|p2a: Farigiraf\n|move|p2a: Farigiraf|Wish|p2a: Farigiraf\n|\n|-heal|p2a: Farigiraf|93/362|[from] item: Leftovers\n|upkeep\n|turn|26\n|\n|t:|1781383251\n|switch|p1a: Pecharunt|Pecharunt, L77|262/262\n|move|p2a: Farigiraf|Protect||[still]\n|-fail|p2a: Farigiraf\n|\n|-heal|p2a: Farigiraf|274/362|[from] move: Wish|[wisher] Farigiraf\n|-heal|p2a: Farigiraf|296/362|[from] item: Leftovers\n|upkeep\n|turn|27\n|\n|t:|1781383255\n|move|p1a: Pecharunt|Nasty Plot|p1a: Pecharunt\n|-boost|p1a: Pecharunt|spa|2\n|move|p2a: Farigiraf|Psychic Noise|p1a: Pecharunt\n|-supereffective|p1a: Pecharunt\n|-damage|p1a: Pecharunt|44/262\n|-start|p1a: Pecharunt|move: Heal Block\n|\n|-heal|p2a: Farigiraf|318/362|[from] item: Leftovers\n|upkeep\n|turn|28\n|\n|t:|1781383263\n|move|p1a: Pecharunt|Malignant Chain|p2a: Farigiraf\n|-damage|p2a: Farigiraf|129/362\n|-status|p2a: Farigiraf|tox\n|-start|p2a: Farigiraf|confusion|[from] ability: Poison Puppeteer|[of] p1a: Pecharunt\n|-activate|p2a: Farigiraf|confusion\n|-damage|p2a: Farigiraf|96/362 tox|[from] confusion\n|\n|-heal|p2a: Farigiraf|118/362 tox|[from] item: Leftovers\n|-damage|p2a: Farigiraf|96/362 tox|[from] psn\n|-end|p1a: Pecharunt|move: Heal Block\n|upkeep\n|turn|29\n|\n|t:|1781383271\n|move|p1a: Pecharunt|Malignant Chain|p2a: Farigiraf\n|-damage|p2a: Farigiraf|0 fnt\n|faint|p2a: Farigiraf\n|\n|-heal|p1a: Pecharunt|60/262|[from] item: Leftovers\n|upkeep\n|\n|t:|1781383278\n|switch|p2a: Mabosstiff|Mabosstiff, L86, F|232/278\n|-damage|p2a: Mabosstiff|186/278|[from] Spikes\n|turn|30\n|l|\u2606Jrekjje\n|inactive|Jrekjje disconnected and has a minute to reconnect!\n|player|p1|\n|j|\u2606Jrekjje\n|inactive|Jrekjje reconnected and has 120 seconds left.\n|player|p1|Jrekjje|265|\n|\n|t:|1781383315\n|move|p2a: Mabosstiff|Crunch|p1a: Pecharunt\n|-supereffective|p1a: Pecharunt\n|-damage|p1a: Pecharunt|0 fnt\n|faint|p1a: Pecharunt\n|\n|upkeep\n|\n|t:|1781383319\n|switch|p1a: Delphox|Delphox, L84, F|241/263\n|turn|31\n|\n|t:|1781383328\n|-terastallize|p2a: Mabosstiff|Fairy\n|-terastallize|p1a: Delphox|Fire\n|move|p2a: Mabosstiff|Crunch|p1a: Delphox\n|-damage|p1a: Delphox|109/263\n|move|p1a: Delphox|Fire Blast|p2a: Mabosstiff\n|-damage|p2a: Mabosstiff|0 fnt\n|faint|p2a: Mabosstiff\n|\n|upkeep\n|\n|t:|1781383346\n|switch|p2a: Blissey|Blissey, L85, F|572/572\n|-damage|p2a: Blissey|477/572|[from] Spikes\n|turn|32\n|\n|t:|1781383355\n|switch|p1a: Beartic|Beartic, L91, M|131/321 par\n|move|p2a: Blissey|Seismic Toss|p1a: Beartic\n|-damage|p1a: Beartic|46/321 par\n|\n|-heal|p2a: Blissey|512/572|[from] item: Leftovers\n|upkeep\n|turn|33\n|\n|t:|1781383362\n|move|p2a: Blissey|Seismic Toss|p1a: Beartic\n|-damage|p1a: Beartic|0 fnt\n|faint|p1a: Beartic\n|\n|-heal|p2a: Blissey|547/572|[from] item: Leftovers\n|upkeep\n|\n|t:|1781383368\n|switch|p1a: Delphox|Delphox, L84, F, tera:Fire|109/263\n|turn|34\n|\n|t:|1781383378\n|switch|p2a: Victreebel|Victreebel, L90, M|290/290\n|-damage|p2a: Victreebel|242/290|[from] Spikes\n|move|p1a: Delphox|Psyshock|p2a: Victreebel\n|-supereffective|p2a: Victreebel\n|-damage|p2a: Victreebel|0 fnt\n|faint|p2a: Victreebel\n|\n|upkeep\n|\n|t:|1781383384\n|switch|p2a: Blissey|Blissey, L85, F|547/572\n|-damage|p2a: Blissey|452/572|[from] Spikes\n|turn|35\n|\n|t:|1781383389\n|move|p1a: Delphox|Psyshock|p2a: Blissey\n|-damage|p2a: Blissey|47/572\n|move|p2a: Blissey|Thunder Wave|p1a: Delphox\n|-status|p1a: Delphox|par\n|\n|-heal|p2a: Blissey|82/572|[from] item: Leftovers\n|upkeep\n|turn|36\n|\n|t:|1781383394\n|move|p2a: Blissey|Seismic Toss|p1a: Delphox\n|-damage|p1a: Delphox|24/263 par\n|move|p1a: Delphox|Psyshock|p2a: Blissey\n|-damage|p2a: Blissey|0 fnt\n|faint|p2a: Blissey\n|\n|win|Jrekjje\n", "inputlog": ">version a8376a258c1d4662feba110a92103f3664a72141\n>start {\"formatid\":\"gen9randombattle\",\"seed\":\"sodium,2f2447e0cd6e8f75ee619652fa5e1604\",\"rated\":\"Rated battle\"}\n>player p1 {\"name\":\"Jrekjje\",\"avatar\":\"265\",\"rating\":1902,\"seed\":\"sodium,a904be96dd6a713d390d5458711b2914\"}\n>player p2 {\"name\":\"SGA4MVP23\",\"avatar\":\"marshal\",\"rating\":1945,\"seed\":\"sodium,c92ecaa6cc38e4859a424a1fb09ef723\"}\n>p1 move thunderwave\n>p2 switch 6\n>p1 move spikes\n>p2 move fakeout\n>p1 move spikes\n>p2 move surf\n>p1 move spikes\n>p2 move surf\n>p1 switch 2\n>p1 move psyshock\n>p2 move surf\n>p2 switch 2\n>p1 switch 6\n>p2 move crunch\n>p1 move tailwind\n>p2 switch 3\n>p1 move leafblade\n>p2 move drainingkiss\n>p1 move knockoff\n>p2 move drainingkiss\n>p1 switch 6\n>p1 move fireblast\n>p2 move drainingkiss\n>p2 switch 4\n>p1 switch 5\n>p2 move thunderwave\n>p1 move closecombat\n>p2 switch 5\n>p1 switch 5\n>p2 move wish\n>p1 switch 4\n>p2 move protect\n>p1 move moonblast\n>p2 switch 5\n>p1 switch 5\n>p2 move softboiled\n>p1 move iciclecrash\n>p2 switch 5\n>p1 move snowscape\n>p2 move psychicnoise\n>p1 move snowscape\n>p2 move psychicnoise\n>p1 switch 5\n>p2 move psychicnoise\n>p1 move moonblast\n>p2 move psychicnoise\n>p1 move moonblast\n>p2 move wish\n>p1 move moonblast\n>p2 switch 5\n>p1 switch 4\n>p1 move focusblast\n>p2 switch 5\n>p1 move focusblast\n>p2 move wish\n>p1 switch 3\n>p2 move protect\n>p1 move nastyplot\n>p2 move psychicnoise\n>p1 move malignantchain\n>p2 move psychicnoise\n>p1 move malignantchain\n>p2 move psychicnoise\n>p2 switch 3\n>p1 move recover\n>p2 move crunch\n>p1 switch 3\n>p1 move fireblast terastallize\n>p2 move crunch terastallize\n>p2 switch 5\n>p1 switch 5\n>p2 move seismictoss\n>p1 move iciclecrash\n>p2 move seismictoss\n>p1 switch 5\n>p1 move psyshock\n>p2 switch 6\n>p2 switch 6\n>p1 move psyshock\n>p2 move thunderwave\n>p1 move psyshock\n>p2 move seismictoss", "uploadtime": 1781382925, "views": 8, "formatid": "gen9randombattle", "rating": null, "private": 0, "password": null, "player_dets": [{"name": "Jrekjje", "avatar": "265", "rating": 1902, "seed": "sodium,a904be96dd6a713d390d5458711b2914"}, {"name": "SGA4MVP23", "avatar": "marshal", "rating": 1945, "seed": "sodium,c92ecaa6cc38e4859a424a1fb09ef723"}], "teams_full": [{"Klefki": {"name": "Klefki", "species": "Klefki", "speciesId": "klefki", "gender": "M", "shiny": false, "level": 84, "moves": ["spikes", "thunderwave", "magnetrise", "playrough"], "ability": "Prankster", "evs": {"hp": 85, "atk": 85, "def": 85, "spa": 85, "spd": 85, "spe": 85}, "ivs": {"hp": 31, "atk": 31, "def": 31, "spa": 31, "spd": 31, "spe": 31}, "item": "Leftovers", "teraType": "Water", "role": "Bulky Support", "bvs": {"hp": 57, "atk": 80, "def": 91, "spa": 80, "spd": 87, "spe": 75}, "stats": {"hp": 233, "atk": 183, "def": 201, "spa": 183, "spd": 194, "spe": 174}}, "Delphox": {"name": "Delphox", "species": "Delphox", "speciesId": "delphox", "gender": "F", "shiny": false, "level": 84, "moves": ["focusblast", "grassknot", "psyshock", "fireblast"], "ability": "Blaze", "evs": {"hp": 85, "atk": 0, "def": 85, "spa": 85, "spd": 85, "spe": 85}, "ivs": {"hp": 31, "atk": 0, "def": 31, "spa": 31, "spd": 31, "spe": 31}, "item": "Choice Specs", "teraType": "Fire", "role": "Fast Attacker", "bvs": {"hp": 75, "atk": 69, "def": 72, "spa": 114, "spd": 100, "spe": 104}, "stats": {"hp": 263, "atk": 120, "def": 169, "spa": 240, "spd": 216, "spe": 223}}, "Pecharunt": {"name": "Pecharunt", "species": "Pecharunt", "speciesId": "pecharunt", "gender": "N", "shiny": false, "level": 77, "moves": ["recover", "shadowball", "nastyplot", "malignantchain"], "ability": "Poison Puppeteer", "evs": {"hp": 85, "atk": 0, "def": 85, "spa": 85, "spd": 85, "spe": 85}, "ivs": {"hp": 31, "atk": 0, "def": 31, "spa": 31, "spd": 31, "spe": 31}, "item": "Leftovers", "teraType": "Dark", "role": "Bulky Attacker", "bvs": {"hp": 88, "atk": 88, "def": 160, "spa": 88, "spd": 88, "spe": 88}, "stats": {"hp": 262, "atk": 140, "def": 291, "spa": 180, "spd": 180, "spe": 180}}, "Flutter Mane": {"name": "Flutter Mane", "species": "Flutter Mane", "speciesId": "fluttermane", "gender": "N", "shiny": false, "level": 74, "moves": ["calmmind", "mysticalfire", "shadowball", "moonblast"], "ability": "Protosynthesis", "evs": {"hp": 85, "atk": 0, "def": 85, "spa": 85, "spd": 85, "spe": 85}, "ivs": {"hp": 31, "atk": 0, "def": 31, "spa": 31, "spd": 31, "spe": 31}, "item": "Life Orb", "teraType": "Fire", "role": "Setup Sweeper", "bvs": {"hp": 55, "atk": 55, "def": 55, "spa": 135, "spd": 135, "spe": 135}, "stats": {"hp": 203, "atk": 86, "def": 124, "spa": 243, "spd": 243, "spe": 243}}, "Beartic": {"name": "Beartic", "species": "Beartic", "speciesId": "beartic", "gender": "M", "shiny": false, "level": 91, "moves": ["snowscape", "closecombat", "earthquake", "iciclecrash"], "ability": "Slush Rush", "evs": {"hp": 85, "atk": 85, "def": 85, "spa": 85, "spd": 85, "spe": 85}, "ivs": {"hp": 31, "atk": 31, "def": 31, "spa": 31, "spd": 31, "spe": 31}, "item": "Heavy-Duty Boots", "teraType": "Fighting", "role": "Wallbreaker", "bvs": {"hp": 95, "atk": 130, "def": 80, "spa": 70, "spd": 80, "spe": 50}, "stats": {"hp": 321, "atk": 288, "def": 197, "spa": 179, "spd": 197, "spe": 143}}, "Shiftry": {"name": "Shiftry", "species": "Shiftry", "speciesId": "shiftry", "gender": "F", "shiny": false, "level": 89, "moves": ["leafblade", "lowkick", "knockoff", "tailwind"], "ability": "Wind Rider", "evs": {"hp": 85, "atk": 85, "def": 85, "spa": 85, "spd": 85, "spe": 85}, "ivs": {"hp": 31, "atk": 31, "def": 31, "spa": 31, "spd": 31, "spe": 31}, "item": "Life Orb", "teraType": "Dark", "role": "Setup Sweeper", "bvs": {"hp": 90, "atk": 100, "def": 60, "spa": 90, "spd": 60, "spe": 80}, "stats": {"hp": 305, "atk": 229, "def": 158, "spa": 211, "spd": 158, "spe": 193}}}, {"Victreebel": {"name": "Victreebel", "species": "Victreebel", "speciesId": "victreebel", "gender": "M", "shiny": false, "level": 90, "moves": ["sunnyday", "sludgewave", "weatherball", "powerwhip"], "ability": "Chlorophyll", "evs": {"hp": 85, "atk": 85, "def": 85, "spa": 85, "spd": 85, "spe": 85}, "ivs": {"hp": 31, "atk": 31, "def": 31, "spa": 31, "spd": 31, "spe": 31}, "item": "Life Orb", "teraType": "Fire", "role": "Fast Attacker", "bvs": {"hp": 80, "atk": 105, "def": 65, "spa": 100, "spd": 70, "spe": 70}, "stats": {"hp": 290, "atk": 240, "def": 168, "spa": 231, "spd": 177, "spe": 177}}, "Mabosstiff": {"name": "Mabosstiff", "species": "Mabosstiff", "speciesId": "mabosstiff", "gender": "F", "shiny": false, "level": 86, "moves": ["psychicfangs", "playrough", "wildcharge", "crunch"], "ability": "Stakeout", "evs": {"hp": 85, "atk": 85, "def": 85, "spa": 85, "spd": 85, "spe": 85}, "ivs": {"hp": 31, "atk": 31, "def": 31, "spa": 31, "spd": 31, "spe": 31}, "item": "Choice Scarf", "teraType": "Fairy", "role": "Bulky Attacker", "bvs": {"hp": 80, "atk": 120, "def": 90, "spa": 60, "spd": 70, "spe": 85}, "stats": {"hp": 278, "atk": 256, "def": 204, "spa": 152, "spd": 170, "spe": 195}}, "Comfey": {"name": "Comfey", "species": "Comfey", "speciesId": "comfey", "gender": "M", "shiny": false, "level": 85, "moves": ["gigadrain", "calmmind", "terablast", "drainingkiss"], "ability": "Triage", "evs": {"hp": 85, "atk": 0, "def": 85, "spa": 85, "spd": 85, "spe": 85}, "ivs": {"hp": 31, "atk": 0, "def": 31, "spa": 31, "spd": 31, "spe": 31}, "item": "Leftovers", "teraType": "Ground", "role": "Tera Blast user", "bvs": {"hp": 51, "atk": 52, "def": 90, "spa": 82, "spd": 110, "spe": 100}, "stats": {"hp": 225, "atk": 93, "def": 202, "spa": 188, "spd": 236, "spe": 219}}, "Blissey": {"name": "Blissey", "species": "Blissey", "speciesId": "blissey", "gender": "F", "shiny": false, "level": 85, "moves": ["healbell", "thunderwave", "seismictoss", "softboiled"], "ability": "Natural Cure", "evs": {"hp": 85, "atk": 0, "def": 85, "spa": 85, "spd": 85, "spe": 85}, "ivs": {"hp": 31, "atk": 0, "def": 31, "spa": 31, "spd": 31, "spe": 31}, "item": "Leftovers", "teraType": "Ghost", "role": "Bulky Support", "bvs": {"hp": 255, "atk": 10, "def": 10, "spa": 75, "spd": 135, "spe": 55}, "stats": {"hp": 572, "atk": 22, "def": 66, "spa": 176, "spd": 278, "spe": 142}}, "Farigiraf": {"name": "Farigiraf", "species": "Farigiraf", "speciesId": "farigiraf", "gender": "F", "shiny": false, "level": 90, "moves": ["protect", "bodyslam", "psychicnoise", "wish"], "ability": "Sap Sipper", "evs": {"hp": 85, "atk": 85, "def": 85, "spa": 85, "spd": 85, "spe": 85}, "ivs": {"hp": 31, "atk": 31, "def": 31, "spa": 31, "spd": 31, "spe": 31}, "item": "Leftovers", "teraType": "Water", "role": "Bulky Support", "bvs": {"hp": 120, "atk": 90, "def": 70, "spa": 110, "spd": 70, "spe": 60}, "stats": {"hp": 362, "atk": 213, "def": 177, "spa": 249, "spd": 177, "spe": 159}}, "Pikachu": {"name": "Pikachu", "species": "Pikachu-World", "speciesId": "pikachu", "gender": "F", "shiny": false, "level": 93, "moves": ["surf", "volttackle", "knockoff", "fakeout"], "ability": "Lightning Rod", "evs": {"hp": 85, "atk": 85, "def": 85, "spa": 85, "spd": 85, "spe": 85}, "ivs": {"hp": 31, "atk": 31, "def": 31, "spa": 31, "spd": 31, "spe": 31}, "item": "Light Ball", "teraType": "Water", "role": "Fast Attacker", "bvs": {"hp": 35, "atk": 55, "def": 40, "spa": 50, "spd": 50, "spe": 90}, "stats": {"hp": 216, "atk": 155, "def": 127, "spa": 146, "spd": 146, "spe": 220}}}]}