{"id": "gen9randombattle-2631527215", "format": "[Gen 9] Random Battle", "players": ["MarshadX", "Iphone player"], "log": "|j|\u2606MarshadX\n|j|\u2606Iphone player\n|t:|1781396811\n|gametype|singles\n|player|p1|MarshadX|cyrus|1459\n|player|p2|Iphone player|2|1522\n|gen|9\n|tier|[Gen 9] Random Battle\n|rated|\n|rule|Species Clause: Limit one of each Pok\u00e9mon\n|rule|HP Percentage Mod: HP is shown in percentages\n|rule|Sleep Clause Mod: Limit one foe put to sleep\n|rule|Illusion Level Mod: Illusion disguises the Pok\u00e9mon's true level\n|\n|t:|1781396811\n|teamsize|p1|6\n|teamsize|p2|6\n|start\n|switch|p1a: Electrode|Electrode-Hisui, L87|246/246\n|switch|p2a: Walking Wake|Walking Wake, L79|286/286\n|turn|1\n|inactive|Battle timer is ON: inactive players will automatically lose when time's up. (requested by MarshadX)\n|\n|t:|1781396839\n|switch|p1a: Snorlax|Snorlax, L82, M|397/397\n|move|p2a: Walking Wake|Sunny Day|p2a: Walking Wake\n|-weather|SunnyDay\n|-activate|p2a: Walking Wake|ability: Protosynthesis\n|-start|p2a: Walking Wake|protosynthesisspa\n|\n|-weather|SunnyDay|[upkeep]\n|upkeep\n|turn|2\n|inactive|Iphone player has 120 seconds left.\n|\n|t:|1781396869\n|-end|p2a: Walking Wake|Protosynthesis|[silent]\n|switch|p2a: Gogoat|Gogoat, L88, M|360/360\n|move|p1a: Snorlax|Body Slam|p2a: Gogoat\n|-damage|p2a: Gogoat|248/360\n|-status|p2a: Gogoat|par\n|\n|-weather|SunnyDay|[upkeep]\n|-heal|p2a: Gogoat|270/360 par|[from] item: Leftovers\n|upkeep\n|turn|3\n|\n|t:|1781396880\n|move|p1a: Snorlax|Curse|p1a: Snorlax\n|-unboost|p1a: Snorlax|spe|1\n|-boost|p1a: Snorlax|atk|1\n|-boost|p1a: Snorlax|def|1\n|move|p2a: Gogoat|Bulk Up|p2a: Gogoat\n|-boost|p2a: Gogoat|atk|1\n|-boost|p2a: Gogoat|def|1\n|\n|-weather|SunnyDay|[upkeep]\n|-heal|p2a: Gogoat|292/360 par|[from] item: Leftovers\n|upkeep\n|turn|4\n|\n|t:|1781396891\n|move|p2a: Gogoat|Horn Leech|p1a: Snorlax\n|-damage|p1a: Snorlax|283/397\n|-heal|p2a: Gogoat|349/360 par|[from] drain|[of] p1a: Snorlax\n|move|p1a: Snorlax|Curse|p1a: Snorlax\n|-unboost|p1a: Snorlax|spe|1\n|-boost|p1a: Snorlax|atk|1\n|-boost|p1a: Snorlax|def|1\n|\n|-weather|SunnyDay|[upkeep]\n|-heal|p2a: Gogoat|360/360 par|[from] item: Leftovers\n|-heal|p1a: Snorlax|307/397|[from] item: Leftovers\n|upkeep\n|turn|5\n|\n|t:|1781396902\n|switch|p2a: Polteageist|Polteageist, L78|222/222\n|move|p1a: Snorlax|Curse|p1a: Snorlax\n|-unboost|p1a: Snorlax|spe|1\n|-boost|p1a: Snorlax|atk|1\n|-boost|p1a: Snorlax|def|1\n|\n|-weather|none\n|-heal|p1a: Snorlax|331/397|[from] item: Leftovers\n|upkeep\n|turn|6\n|\n|t:|1781396913\n|move|p2a: Polteageist|Strength Sap|p1a: Snorlax\n|-unboost|p1a: Snorlax|atk|1\n|move|p1a: Snorlax|Crunch|p2a: Polteageist\n|-supereffective|p2a: Polteageist\n|-damage|p2a: Polteageist|0 fnt\n|faint|p2a: Polteageist\n|\n|-heal|p1a: Snorlax|355/397|[from] item: Leftovers\n|upkeep\n|\n|t:|1781396918\n|switch|p2a: Magcargo|Magcargo, L95, M|268/268\n|turn|7\n|\n|t:|1781396928\n|move|p2a: Magcargo|Shell Smash|p2a: Magcargo\n|-unboost|p2a: Magcargo|def|1\n|-unboost|p2a: Magcargo|spd|1\n|-boost|p2a: Magcargo|atk|2\n|-boost|p2a: Magcargo|spa|2\n|-boost|p2a: Magcargo|spe|2\n|move|p1a: Snorlax|Earthquake|p2a: Magcargo\n|-supereffective|p2a: Magcargo\n|-damage|p2a: Magcargo|0 fnt\n|faint|p2a: Magcargo\n|\n|-heal|p1a: Snorlax|379/397|[from] item: Leftovers\n|upkeep\n|\n|t:|1781396930\n|switch|p2a: Veluza|Veluza, L85, F|292/292\n|turn|8\n|\n|t:|1781396948\n|move|p2a: Veluza|Psycho Cut|p1a: Snorlax\n|-damage|p1a: Snorlax|289/397\n|move|p1a: Snorlax|Crunch|p2a: Veluza\n|-supereffective|p2a: Veluza\n|-damage|p2a: Veluza|2/292\n|-unboost|p2a: Veluza|def|1\n|\n|-heal|p1a: Snorlax|313/397|[from] item: Leftovers\n|upkeep\n|turn|9\n|\n|t:|1781396959\n|move|p2a: Veluza|Psycho Cut|p1a: Snorlax\n|-damage|p1a: Snorlax|228/397\n|move|p1a: Snorlax|Crunch|p2a: Veluza\n|-supereffective|p2a: Veluza\n|-damage|p2a: Veluza|0 fnt\n|faint|p2a: Veluza\n|\n|-heal|p1a: Snorlax|252/397|[from] item: Leftovers\n|upkeep\n|\n|t:|1781396962\n|switch|p2a: Gogoat|Gogoat, L88, M|360/360 par\n|turn|10\n|\n|t:|1781396975\n|move|p2a: Gogoat|Bulk Up|p2a: Gogoat\n|-boost|p2a: Gogoat|atk|1\n|-boost|p2a: Gogoat|def|1\n|move|p1a: Snorlax|Body Slam|p2a: Gogoat\n|-damage|p2a: Gogoat|216/360 par\n|\n|-heal|p2a: Gogoat|238/360 par|[from] item: Leftovers\n|-heal|p1a: Snorlax|276/397|[from] item: Leftovers\n|upkeep\n|turn|11\n|\n|t:|1781396993\n|move|p2a: Gogoat|Bulk Up|p2a: Gogoat\n|-boost|p2a: Gogoat|atk|1\n|-boost|p2a: Gogoat|def|1\n|move|p1a: Snorlax|Curse|p1a: Snorlax\n|-unboost|p1a: Snorlax|spe|1\n|-boost|p1a: Snorlax|atk|1\n|-boost|p1a: Snorlax|def|1\n|\n|-heal|p2a: Gogoat|260/360 par|[from] item: Leftovers\n|-heal|p1a: Snorlax|300/397|[from] item: Leftovers\n|upkeep\n|turn|12\n|\n|t:|1781397003\n|cant|p2a: Gogoat|par\n|move|p1a: Snorlax|Curse|p1a: Snorlax\n|-unboost|p1a: Snorlax|spe|1\n|-boost|p1a: Snorlax|atk|1\n|-boost|p1a: Snorlax|def|1\n|\n|-heal|p2a: Gogoat|282/360 par|[from] item: Leftovers\n|-heal|p1a: Snorlax|324/397|[from] item: Leftovers\n|upkeep\n|turn|13\n|\n|t:|1781397012\n|cant|p2a: Gogoat|par\n|move|p1a: Snorlax|Curse|p1a: Snorlax\n|-unboost|p1a: Snorlax|spe|1\n|-boost|p1a: Snorlax|atk|1\n|-boost|p1a: Snorlax|def|1\n|\n|-heal|p2a: Gogoat|304/360 par|[from] item: Leftovers\n|-heal|p1a: Snorlax|348/397|[from] item: Leftovers\n|upkeep\n|turn|14\n|\n|t:|1781397022\n|move|p2a: Gogoat|Horn Leech|p1a: Snorlax\n|-damage|p1a: Snorlax|287/397\n|-heal|p2a: Gogoat|335/360 par|[from] drain|[of] p1a: Snorlax\n|move|p1a: Snorlax|Body Slam|p2a: Gogoat\n|-damage|p2a: Gogoat|149/360 par\n|\n|-heal|p2a: Gogoat|171/360 par|[from] item: Leftovers\n|-heal|p1a: Snorlax|311/397|[from] item: Leftovers\n|upkeep\n|turn|15\n|\n|t:|1781397040\n|move|p2a: Gogoat|Horn Leech|p1a: Snorlax\n|-damage|p1a: Snorlax|253/397\n|-heal|p2a: Gogoat|200/360 par|[from] drain|[of] p1a: Snorlax\n|move|p1a: Snorlax|Body Slam|p2a: Gogoat\n|-damage|p2a: Gogoat|5/360 par\n|\n|-heal|p2a: Gogoat|27/360 par|[from] item: Leftovers\n|-heal|p1a: Snorlax|277/397|[from] item: Leftovers\n|upkeep\n|turn|16\n|\n|t:|1781397051\n|move|p2a: Gogoat|Horn Leech|p1a: Snorlax\n|-damage|p1a: Snorlax|219/397\n|-heal|p2a: Gogoat|56/360 par|[from] drain|[of] p1a: Snorlax\n|move|p1a: Snorlax|Body Slam|p2a: Gogoat\n|-damage|p2a: Gogoat|0 fnt\n|faint|p2a: Gogoat\n|\n|-heal|p1a: Snorlax|243/397|[from] item: Leftovers\n|upkeep\n|\n|t:|1781397058\n|switch|p2a: Walking Wake|Walking Wake, L79|286/286\n|turn|17\n|\n|t:|1781397066\n|move|p2a: Walking Wake|Flamethrower|p1a: Snorlax\n|-damage|p1a: Snorlax|207/397\n|-damage|p2a: Walking Wake|258/286|[from] item: Life Orb\n|move|p1a: Snorlax|Body Slam|p2a: Walking Wake\n|-damage|p2a: Walking Wake|0 fnt\n|faint|p2a: Walking Wake\n|-end|p2a: Walking Wake|Protosynthesis|[silent]\n|\n|-heal|p1a: Snorlax|231/397|[from] item: Leftovers\n|upkeep\n|\n|t:|1781397069\n|switch|p2a: Moltres|Moltres, L81|278/278\n|turn|18\n|\n|t:|1781397079\n|move|p2a: Moltres|Fire Blast|p1a: Snorlax|[miss]\n|-miss|p2a: Moltres|p1a: Snorlax\n|move|p1a: Snorlax|Body Slam|p2a: Moltres\n|-damage|p2a: Moltres|0 fnt\n|-status|p1a: Snorlax|brn|[from] ability: Flame Body|[of] p2a: Moltres\n|faint|p2a: Moltres\n|\n|win|MarshadX\n|raw|MarshadX's rating: 1459 &rarr; <strong>1483</strong><br />(+24 for winning)\n|raw|Iphone player's rating: 1522 &rarr; <strong>1498</strong><br />(-24 for losing)\n|l|\u2606Iphone player\n|player|p2|\n", "inputlog": ">version a8376a258c1d4662feba110a92103f3664a72141\n>start {\"formatid\":\"gen9randombattle\",\"seed\":\"sodium,e3e42480ed51bc613a9983dc67e8cc68\",\"rated\":\"Rated battle\"}\n>player p1 {\"name\":\"MarshadX\",\"avatar\":\"cyrus\",\"rating\":1459,\"seed\":\"sodium,f3514a4996e5ab4d912431192f03e24f\"}\n>player p2 {\"name\":\"Iphone player\",\"avatar\":\"2\",\"rating\":1522,\"seed\":\"sodium,f8c418907e5087a07f98ce5a65cfac5f\"}\n>p1 switch 2\n>p2 move sunnyday\n>p1 move bodyslam\n>p2 switch 2\n>p1 move curse\n>p2 move bulkup\n>p1 move curse\n>p2 move hornleech\n>p1 move curse\n>p2 switch 3\n>p1 move crunch\n>p2 move strengthsap\n>p2 switch 6\n>p1 move earthquake\n>p2 move shellsmash\n>p2 switch 5\n>p1 move crunch\n>p2 move psychocut\n>p1 move crunch\n>p2 move psychocut\n>p2 switch 3\n>p1 move bodyslam\n>p2 move bulkup\n>p1 move curse\n>p2 move bulkup\n>p1 move curse\n>p2 move bulkup\n>p1 move curse\n>p2 move bulkup\n>p1 move bodyslam\n>p2 move hornleech\n>p1 move bodyslam\n>p2 move hornleech\n>p1 move bodyslam\n>p2 move hornleech\n>p2 switch 2\n>p1 move bodyslam\n>p2 move flamethrower\n>p2 switch 4\n>p1 move bodyslam\n>p2 move fireblast", "uploadtime": 1781397089, "views": 6, "formatid": "gen9randombattle", "rating": 1483, "private": 0, "password": null, "player_dets": [{"name": "MarshadX", "avatar": "cyrus", "rating": 1459, "seed": "sodium,f3514a4996e5ab4d912431192f03e24f"}, {"name": "Iphone player", "avatar": "2", "rating": 1522, "seed": "sodium,f8c418907e5087a07f98ce5a65cfac5f"}], "teams_full": [{"Electrode": {"name": "Electrode", "species": "Electrode-Hisui", "speciesId": "electrodehisui", "gender": "N", "shiny": false, "level": 87, "moves": ["gigadrain", "thunderwave", "voltswitch", "thunderbolt"], "ability": "Static", "evs": {"hp": 85, "atk": 0, "def": 85, "spa": 85, "spd": 85, "spe": 85}, "ivs": {"hp": 31, "atk": 0, "def": 31, "spa": 31, "spd": 31, "spe": 31}, "item": "Life Orb", "teraType": "Grass", "role": "Fast Attacker", "bvs": {"hp": 60, "atk": 50, "def": 70, "spa": 80, "spd": 80, "spe": 150}, "stats": {"hp": 246, "atk": 92, "def": 172, "spa": 189, "spd": 189, "spe": 311}, "types": ["Electric", "Grass"]}, "Snorlax": {"name": "Snorlax", "species": "Snorlax", "speciesId": "snorlax", "gender": "M", "shiny": false, "level": 82, "moves": ["crunch", "earthquake", "bodyslam", "curse"], "ability": "Thick Fat", "evs": {"hp": 85, "atk": 85, "def": 85, "spa": 85, "spd": 85, "spe": 85}, "ivs": {"hp": 31, "atk": 31, "def": 31, "spa": 31, "spd": 31, "spe": 31}, "item": "Leftovers", "teraType": "Ground", "role": "Bulky Setup", "bvs": {"hp": 160, "atk": 110, "def": 65, "spa": 65, "spd": 110, "spe": 30}, "stats": {"hp": 397, "atk": 228, "def": 154, "spa": 154, "spd": 228, "spe": 96}, "types": ["Normal"]}, "Bellossom": {"name": "Bellossom", "species": "Bellossom", "speciesId": "bellossom", "gender": "F", "shiny": false, "level": 84, "moves": ["gigadrain", "strengthsap", "terablast", "quiverdance"], "ability": "Chlorophyll", "evs": {"hp": 85, "atk": 0, "def": 85, "spa": 85, "spd": 85, "spe": 85}, "ivs": {"hp": 31, "atk": 0, "def": 31, "spa": 31, "spd": 31, "spe": 31}, "item": "Leftovers", "teraType": "Fire", "role": "Tera Blast user", "bvs": {"hp": 75, "atk": 80, "def": 95, "spa": 90, "spd": 100, "spe": 50}, "stats": {"hp": 263, "atk": 139, "def": 208, "spa": 199, "spd": 216, "spe": 132}, "types": ["Grass"]}, "Golem": {"name": "Golem", "species": "Golem", "speciesId": "golem", "gender": "F", "shiny": false, "level": 87, "moves": ["earthquake", "explosion", "stealthrock", "stoneedge"], "ability": "Sturdy", "evs": {"hp": 85, "atk": 85, "def": 85, "spa": 85, "spd": 85, "spe": 85}, "ivs": {"hp": 31, "atk": 31, "def": 31, "spa": 31, "spd": 31, "spe": 31}, "item": "Custap Berry", "teraType": "Steel", "role": "Bulky Attacker", "bvs": {"hp": 80, "atk": 120, "def": 130, "spa": 55, "spd": 65, "spe": 45}, "stats": {"hp": 281, "atk": 259, "def": 276, "spa": 145, "spd": 163, "spe": 128}, "types": ["Rock", "Ground"]}, "Gumshoos": {"name": "Gumshoos", "species": "Gumshoos", "speciesId": "gumshoos", "gender": "F", "shiny": false, "level": 95, "moves": ["uturn", "doubleedge", "earthquake", "knockoff"], "ability": "Stakeout", "evs": {"hp": 85, "atk": 85, "def": 85, "spa": 85, "spd": 85, "spe": 85}, "ivs": {"hp": 31, "atk": 31, "def": 31, "spa": 31, "spd": 31, "spe": 31}, "item": "Choice Band", "teraType": "Ground", "role": "Fast Attacker", "bvs": {"hp": 88, "atk": 110, "def": 60, "spa": 55, "spd": 60, "spe": 45}, "stats": {"hp": 321, "atk": 263, "def": 168, "spa": 158, "spd": 168, "spe": 139}, "types": ["Normal"]}, "Grimmsnarl": {"name": "Grimmsnarl", "species": "Grimmsnarl", "speciesId": "grimmsnarl", "gender": "M", "shiny": false, "level": 83, "moves": ["thunderwave", "suckerpunch", "spiritbreak", "partingshot"], "ability": "Prankster", "evs": {"hp": 85, "atk": 85, "def": 85, "spa": 85, "spd": 85, "spe": 85}, "ivs": {"hp": 31, "atk": 31, "def": 31, "spa": 31, "spd": 31, "spe": 31}, "item": "Leftovers", "teraType": "Poison", "role": "Bulky Attacker", "bvs": {"hp": 95, "atk": 120, "def": 65, "spa": 95, "spd": 75, "spe": 60}, "stats": {"hp": 293, "atk": 247, "def": 156, "spa": 205, "spd": 172, "spe": 147}, "types": ["Dark", "Fairy"]}}, {"Walking Wake": {"name": "Walking Wake", "species": "Walking Wake", "speciesId": "walkingwake", "gender": "N", "shiny": false, "level": 79, "moves": ["hydrosteam", "flamethrower", "dracometeor", "sunnyday"], "ability": "Protosynthesis", "evs": {"hp": 85, "atk": 0, "def": 85, "spa": 85, "spd": 85, "spe": 85}, "ivs": {"hp": 31, "atk": 0, "def": 31, "spa": 31, "spd": 31, "spe": 31}, "item": "Life Orb", "teraType": "Fire", "role": "Fast Attacker", "bvs": {"hp": 99, "atk": 83, "def": 91, "spa": 125, "spd": 83, "spe": 109}, "stats": {"hp": 286, "atk": 136, "def": 189, "spa": 243, "spd": 177, "spe": 218}, "types": ["Water", "Dragon"]}, "Gogoat": {"name": "Gogoat", "species": "Gogoat", "speciesId": "gogoat", "gender": "M", "shiny": false, "level": 88, "moves": ["bulkup", "milkdrink", "earthquake", "hornleech"], "ability": "Sap Sipper", "evs": {"hp": 85, "atk": 85, "def": 85, "spa": 85, "spd": 85, "spe": 85}, "ivs": {"hp": 31, "atk": 31, "def": 31, "spa": 31, "spd": 31, "spe": 31}, "item": "Leftovers", "teraType": "Ground", "role": "Bulky Setup", "bvs": {"hp": 123, "atk": 100, "def": 62, "spa": 97, "spd": 81, "spe": 68}, "stats": {"hp": 360, "atk": 226, "def": 159, "spa": 221, "spd": 193, "spe": 170}, "types": ["Grass"]}, "Polteageist": {"name": "Polteageist", "species": "Polteageist", "speciesId": "polteageist", "gender": "N", "shiny": false, "level": 78, "moves": ["shellsmash", "strengthsap", "storedpower", "shadowball"], "ability": "Cursed Body", "evs": {"hp": 85, "atk": 0, "def": 85, "spa": 85, "spd": 85, "spe": 85}, "ivs": {"hp": 31, "atk": 0, "def": 31, "spa": 31, "spd": 31, "spe": 31}, "item": "White Herb", "teraType": "Dark", "role": "Setup Sweeper", "bvs": {"hp": 60, "atk": 65, "def": 65, "spa": 134, "spd": 114, "spe": 70}, "stats": {"hp": 222, "atk": 106, "def": 146, "spa": 254, "spd": 223, "spe": 154}, "types": ["Ghost"]}, "Moltres": {"name": "Moltres", "species": "Moltres", "speciesId": "moltres", "gender": "N", "shiny": false, "level": 81, "moves": ["roost", "bravebird", "fireblast", "scorchingsands"], "ability": "Flame Body", "evs": {"hp": 85, "atk": 85, "def": 85, "spa": 85, "spd": 85, "spe": 85}, "ivs": {"hp": 31, "atk": 31, "def": 31, "spa": 31, "spd": 31, "spe": 31}, "item": "Heavy-Duty Boots", "teraType": "Dragon", "role": "Bulky Attacker", "bvs": {"hp": 90, "atk": 100, "def": 90, "spa": 125, "spd": 85, "spe": 90}, "stats": {"hp": 278, "atk": 209, "def": 192, "spa": 249, "spd": 184, "spe": 192}, "types": ["Fire", "Flying"]}, "Veluza": {"name": "Veluza", "species": "Veluza", "speciesId": "veluza", "gender": "F", "shiny": false, "level": 85, "moves": ["flipturn", "nightslash", "aquacutter", "psychocut"], "ability": "Sharpness", "evs": {"hp": 85, "atk": 85, "def": 85, "spa": 85, "spd": 85, "spe": 85}, "ivs": {"hp": 31, "atk": 31, "def": 31, "spa": 31, "spd": 31, "spe": 31}, "item": "Choice Band", "teraType": "Dark", "role": "Fast Attacker", "bvs": {"hp": 90, "atk": 102, "def": 73, "spa": 78, "spd": 65, "spe": 70}, "stats": {"hp": 292, "atk": 222, "def": 173, "spa": 181, "spd": 159, "spe": 168}, "types": ["Water", "Psychic"]}, "Magcargo": {"name": "Magcargo", "species": "Magcargo", "speciesId": "magcargo", "gender": "M", "shiny": false, "level": 95, "moves": ["fireblast", "earthpower", "powergem", "shellsmash"], "ability": "Weak Armor", "evs": {"hp": 85, "atk": 0, "def": 85, "spa": 85, "spd": 85, "spe": 85}, "ivs": {"hp": 31, "atk": 0, "def": 31, "spa": 31, "spd": 31, "spe": 31}, "item": "Heavy-Duty Boots", "teraType": "Grass", "role": "Setup Sweeper", "bvs": {"hp": 60, "atk": 50, "def": 120, "spa": 90, "spd": 80, "spe": 30}, "stats": {"hp": 268, "atk": 100, "def": 282, "spa": 225, "spd": 206, "spe": 111}, "types": ["Fire", "Rock"]}}]}