{"id": "gen9randombattle-2632009609", "format": "[Gen 9] Random Battle", "players": ["bilabong", "Ringeltaube"], "log": "|j|\u2606bilabong\n|j|\u2606Ringeltaube\n|t:|1781465538\n|gametype|singles\n|player|p1|bilabong|1|1963\n|player|p2|Ringeltaube|2|1900\n|gen|9\n|tier|[Gen 9] Random Battle\n|rated|\n|rule|Species Clause: Limit one of each Pok\u00e9mon\n|rule|HP Percentage Mod: HP is shown in percentages\n|rule|Sleep Clause Mod: Limit one foe put to sleep\n|rule|Illusion Level Mod: Illusion disguises the Pok\u00e9mon's true level\n|\n|t:|1781465538\n|teamsize|p1|6\n|teamsize|p2|6\n|start\n|switch|p1a: Hitmontop|Hitmontop, L88, M|231/231\n|switch|p2a: Sudowoodo|Sudowoodo, L94, M|284/284\n|-ability|p1a: Hitmontop|Intimidate|boost\n|-unboost|p2a: Sudowoodo|atk|1\n|turn|1\n|\n|t:|1781465558\n|switch|p2a: Volcarona|Volcarona, L77, F|257/257\n|move|p1a: Hitmontop|Close Combat|p2a: Volcarona\n|-resisted|p2a: Volcarona\n|-damage|p2a: Volcarona|167/257\n|-unboost|p1a: Hitmontop|def|1\n|-unboost|p1a: Hitmontop|spd|1\n|-status|p1a: Hitmontop|brn|[from] ability: Flame Body|[of] p2a: Volcarona\n|\n|-damage|p1a: Hitmontop|217/231 brn|[from] brn\n|upkeep\n|turn|2\n|\n|t:|1781465569\n|switch|p1a: Infernape|Infernape, L82, M|259/259\n|move|p2a: Volcarona|Giga Drain|p1a: Infernape\n|-resisted|p1a: Infernape\n|-damage|p1a: Infernape|223/259\n|-heal|p2a: Volcarona|185/257|[from] drain|[of] p1a: Infernape\n|\n|upkeep\n|turn|3\n|\n|t:|1781465575\n|switch|p2a: Sudowoodo|Sudowoodo, L94, M|284/284\n|move|p1a: Infernape|Flare Blitz|p2a: Sudowoodo\n|-resisted|p2a: Sudowoodo\n|-damage|p2a: Sudowoodo|234/284\n|-damage|p1a: Infernape|206/259|[from] Recoil\n|\n|upkeep\n|turn|4\n|\n|t:|1781465582\n|switch|p1a: Hitmontop|Hitmontop, L88, M|217/231 brn\n|-ability|p1a: Hitmontop|Intimidate|boost\n|-unboost|p2a: Sudowoodo|atk|1\n|move|p2a: Sudowoodo|Wood Hammer|p1a: Hitmontop\n|-damage|p1a: Hitmontop|124/231 brn\n|\n|-damage|p1a: Hitmontop|110/231 brn|[from] brn\n|upkeep\n|turn|5\n|\n|t:|1781465593\n|switch|p2a: Venusaur|Venusaur, L84, F|272/272\n|move|p1a: Hitmontop|Close Combat|p2a: Venusaur\n|-resisted|p2a: Venusaur\n|-damage|p2a: Venusaur|237/272\n|-unboost|p1a: Hitmontop|def|1\n|-unboost|p1a: Hitmontop|spd|1\n|\n|-heal|p2a: Venusaur|254/272|[from] item: Leftovers\n|-damage|p1a: Hitmontop|96/231 brn|[from] brn\n|upkeep\n|turn|6\n|\n|t:|1781465600\n|switch|p1a: Scizor|Scizor, L79, M|240/240\n|move|p2a: Venusaur|Sludge Bomb|p1a: Scizor\n|-immune|p1a: Scizor\n|\n|-heal|p2a: Venusaur|271/272|[from] item: Leftovers\n|upkeep\n|turn|7\n|\n|t:|1781465606\n|switch|p2a: Volcarona|Volcarona, L77, F|185/257\n|move|p1a: Scizor|Knock Off|p2a: Volcarona\n|-damage|p2a: Volcarona|49/257\n|-enditem|p2a: Volcarona|Heavy-Duty Boots|[from] move: Knock Off|[of] p1a: Scizor\n|-damage|p1a: Scizor|216/240|[from] item: Life Orb\n|\n|upkeep\n|turn|8\n|\n|t:|1781465620\n|switch|p1a: Infernape|Infernape, L82, M|206/259\n|move|p2a: Volcarona|Fire Blast|p1a: Infernape|[miss]\n|-miss|p2a: Volcarona|p1a: Infernape\n|\n|upkeep\n|turn|9\n|\n|t:|1781465635\n|move|p1a: Infernape|Close Combat|p2a: Volcarona\n|-resisted|p2a: Volcarona\n|-damage|p2a: Volcarona|0 fnt\n|-unboost|p1a: Infernape|def|1\n|-unboost|p1a: Infernape|spd|1\n|faint|p2a: Volcarona\n|\n|upkeep\n|\n|t:|1781465645\n|switch|p2a: Porygon-Z|Porygon-Z, L83|277/277\n|-ability|p2a: Porygon-Z|Download|boost\n|-boost|p2a: Porygon-Z|spa|1\n|turn|10\n|\n|t:|1781465667\n|switch|p1a: Hitmontop|Hitmontop, L88, M|96/231 brn\n|-ability|p1a: Hitmontop|Intimidate|boost\n|-unboost|p2a: Porygon-Z|atk|1\n|move|p2a: Porygon-Z|Tri Attack|p1a: Hitmontop\n|-damage|p1a: Hitmontop|0 fnt\n|faint|p1a: Hitmontop\n|\n|upkeep\n|\n|t:|1781465679\n|switch|p1a: Scizor|Scizor, L79, M|216/240\n|turn|11\n|\n|t:|1781465693\n|move|p2a: Porygon-Z|Tri Attack|p1a: Scizor\n|-resisted|p1a: Scizor\n|-damage|p1a: Scizor|123/240\n|move|p1a: Scizor|Knock Off|p2a: Porygon-Z\n|-crit|p2a: Porygon-Z\n|-damage|p2a: Porygon-Z|103/277\n|-enditem|p2a: Porygon-Z|Choice Scarf|[from] move: Knock Off|[of] p1a: Scizor\n|-damage|p1a: Scizor|99/240|[from] item: Life Orb\n|\n|upkeep\n|turn|12\n|\n|t:|1781465702\n|move|p1a: Scizor|Bullet Punch|p2a: Porygon-Z\n|-damage|p2a: Porygon-Z|0 fnt\n|faint|p2a: Porygon-Z\n|-damage|p1a: Scizor|75/240|[from] item: Life Orb\n|\n|upkeep\n|\n|t:|1781465707\n|switch|p2a: Miraidon|Miraidon, L65|238/238\n|-fieldstart|move: Electric Terrain|[from] ability: Hadron Engine|[of] p2a: Miraidon\n|turn|13\n|\n|t:|1781465719\n|move|p2a: Miraidon|Electro Drift|p1a: Scizor\n|-damage|p1a: Scizor|0 fnt\n|faint|p1a: Scizor\n|-damage|p2a: Miraidon|215/238|[from] item: Life Orb\n|\n|upkeep\n|\n|t:|1781465734\n|switch|p1a: Ditto|Ditto, L87|225/225\n|-transform|p1a: Ditto|p2a: Miraidon|[from] ability: Imposter\n|-activate|p1a: Ditto|ability: Hadron Engine\n|turn|14\n|\n|t:|1781465741\n|switch|p2a: Venusaur|Venusaur, L84, F|271/272\n|move|p1a: Ditto|Draco Meteor|p2a: Venusaur\n|-damage|p2a: Venusaur|111/272\n|-unboost|p1a: Ditto|spa|2\n|\n|-heal|p2a: Venusaur|128/272|[from] item: Leftovers\n|upkeep\n|turn|15\n|\n|t:|1781465749\n|switch|p1a: Infernape|Infernape, L82, M|206/259\n|move|p2a: Venusaur|Synthesis|p2a: Venusaur\n|-heal|p2a: Venusaur|264/272\n|\n|-heal|p2a: Venusaur|272/272|[from] item: Leftovers\n|upkeep\n|turn|16\n|\n|t:|1781465752\n|-terastallize|p2a: Venusaur|Water\n|move|p1a: Infernape|Flare Blitz|p2a: Venusaur\n|-resisted|p2a: Venusaur\n|-damage|p2a: Venusaur|205/272\n|-damage|p1a: Infernape|184/259|[from] Recoil\n|move|p2a: Venusaur|Earth Power|p1a: Infernape\n|-supereffective|p1a: Infernape\n|-damage|p1a: Infernape|20/259\n|\n|-heal|p2a: Venusaur|222/272|[from] item: Leftovers\n|upkeep\n|turn|17\n|\n|t:|1781465762\n|move|p1a: Infernape|Flare Blitz|p2a: Venusaur\n|-resisted|p2a: Venusaur\n|-damage|p2a: Venusaur|131/272\n|-damage|p1a: Infernape|0 fnt|[from] Recoil\n|faint|p1a: Infernape\n|move|p2a: Venusaur|Earth Power|p1: Infernape|[notarget]\n|-fail|p2a: Venusaur\n|\n|-heal|p2a: Venusaur|148/272|[from] item: Leftovers\n|-fieldend|move: Electric Terrain\n|upkeep\n|\n|t:|1781465766\n|switch|p1a: Iron Leaves|Iron Leaves, L80|275/275\n|turn|18\n|\n|t:|1781465771\n|move|p1a: Iron Leaves|Leaf Blade|p2a: Venusaur\n|-supereffective|p2a: Venusaur\n|-damage|p2a: Venusaur|0 fnt\n|faint|p2a: Venusaur\n|-damage|p1a: Iron Leaves|248/275|[from] item: Life Orb\n|\n|upkeep\n|\n|t:|1781465776\n|switch|p2a: Mismagius|Mismagius, L86, M|243/243\n|turn|19\n|\n|t:|1781465788\n|-end|p1a: Iron Leaves|Quark Drive|[silent]\n|switch|p1a: Cinderace|Cinderace, L77, F|249/249\n|move|p2a: Mismagius|Shadow Ball|p1a: Cinderace\n|-damage|p1a: Cinderace|87/249\n|\n|upkeep\n|turn|20\n|\n|t:|1781465793\n|move|p2a: Mismagius|Shadow Ball|p1a: Cinderace\n|-crit|p1a: Cinderace\n|-damage|p1a: Cinderace|0 fnt\n|faint|p1a: Cinderace\n|\n|upkeep\n|\n|t:|1781465798\n|switch|p1a: Ditto|Ditto, L87|225/225\n|-transform|p1a: Ditto|p2a: Mismagius|[from] ability: Imposter\n|turn|21\n|\n|t:|1781465803\n|move|p1a: Ditto|Shadow Ball|p2a: Mismagius\n|-supereffective|p2a: Mismagius\n|-damage|p2a: Mismagius|91/243\n|move|p2a: Mismagius|Shadow Ball|p1a: Ditto\n|-supereffective|p1a: Ditto\n|-crit|p1a: Ditto\n|-damage|p1a: Ditto|0 fnt\n|faint|p1a: Ditto\n|\n|upkeep\n|\n|t:|1781465808\n|switch|p1a: Iron Leaves|Iron Leaves, L80|248/275\n|turn|22\n|\n|t:|1781465815\n|-terastallize|p1a: Iron Leaves|Fighting\n|move|p2a: Mismagius|Shadow Ball|p1a: Iron Leaves\n|-damage|p1a: Iron Leaves|112/275\n|move|p1a: Iron Leaves|Leaf Blade|p2a: Mismagius\n|-damage|p2a: Mismagius|0 fnt\n|faint|p2a: Mismagius\n|-damage|p1a: Iron Leaves|85/275|[from] item: Life Orb\n|\n|upkeep\n|\n|t:|1781465824\n|switch|p2a: Miraidon|Miraidon, L65|215/238\n|-fieldstart|move: Electric Terrain|[from] ability: Hadron Engine|[of] p2a: Miraidon\n|-activate|p1a: Iron Leaves|ability: Quark Drive\n|-start|p1a: Iron Leaves|quarkdriveatk\n|turn|23\n|\n|t:|1781465828\n|move|p2a: Miraidon|Electro Drift|p1a: Iron Leaves\n|-damage|p1a: Iron Leaves|0 fnt\n|faint|p1a: Iron Leaves\n|-end|p1a: Iron Leaves|Quark Drive|[silent]\n|-damage|p2a: Miraidon|192/238|[from] item: Life Orb\n|\n|win|Ringeltaube\n", "inputlog": ">version a8376a258c1d4662feba110a92103f3664a72141\n>start {\"formatid\":\"gen9randombattle\",\"seed\":\"sodium,2a33082defd08049ef94c5cd2e1b5189\",\"rated\":\"Rated battle\"}\n>player p1 {\"name\":\"bilabong\",\"avatar\":\"1\",\"rating\":1963,\"seed\":\"sodium,f43b504016bc9714e7c06513dd99f55c\"}\n>player p2 {\"name\":\"Ringeltaube\",\"avatar\":\"2\",\"rating\":1900,\"seed\":\"sodium,fef2120217103e28c407a9b9577348a7\"}\n>p1 move closecombat\n>p2 switch 4\n>p1 switch 2\n>p2 move gigadrain\n>p1 move flareblitz\n>p2 switch 4\n>p1 switch 2\n>p2 move woodhammer\n>p1 move closecombat\n>p2 switch 3\n>p1 switch 6\n>p2 move sludgebomb\n>p1 move knockoff\n>p2 switch 4\n>p1 switch 2\n>p2 move fireblast\n>p1 move closecombat\n>p2 move fireblast\n>p2 switch 5\n>p1 switch 6\n>p2 move triattack\n>p1 switch 2\n>p1 move knockoff\n>p2 move triattack\n>p1 move bulletpunch\n>p2 move thunderbolt\n>p2 switch 6\n>p1 move knockoff\n>p2 move electrodrift\n>p1 switch 3\n>p1 move dracometeor\n>p2 switch 4\n>p1 switch 6\n>p2 move synthesis\n>p1 move flareblitz\n>p2 move earthpower terastallize\n>p1 move flareblitz\n>p2 move earthpower\n>p1 switch 5\n>p1 move leafblade\n>p2 move sludgebomb\n>p2 switch 2\n>p1 switch 4\n>p2 move shadowball\n>p1 move pyroball\n>p2 move shadowball\n>p1 switch 6\n>p1 move shadowball\n>p2 move shadowball\n>p1 switch 4\n>p1 move leafblade terastallize\n>p2 move shadowball\n>p2 switch 4\n>p1 move closecombat\n>p2 move electrodrift", "uploadtime": 1781465539, "views": 8, "formatid": "gen9randombattle", "rating": null, "private": 0, "password": null, "player_dets": [{"name": "bilabong", "avatar": "1", "rating": 1963, "seed": "sodium,f43b504016bc9714e7c06513dd99f55c"}, {"name": "Ringeltaube", "avatar": "2", "rating": 1900, "seed": "sodium,fef2120217103e28c407a9b9577348a7"}], "teams_full": [{"Hitmontop": {"name": "Hitmontop", "species": "Hitmontop", "speciesId": "hitmontop", "gender": "M", "shiny": false, "level": 88, "moves": ["earthquake", "closecombat", "rapidspin", "stoneedge"], "ability": "Intimidate", "evs": {"hp": 85, "atk": 85, "def": 85, "spa": 85, "spd": 85, "spe": 85}, "ivs": {"hp": 31, "atk": 31, "def": 31, "spa": 31, "spd": 31, "spe": 31}, "item": "Assault Vest", "teraType": "Steel", "role": "Bulky Support", "bvs": {"hp": 50, "atk": 95, "def": 95, "spa": 35, "spd": 110, "spe": 70}, "stats": {"hp": 231, "atk": 217, "def": 217, "spa": 112, "spd": 244, "spe": 173}}, "Infernape": {"name": "Infernape", "species": "Infernape", "speciesId": "infernape", "gender": "M", "shiny": false, "level": 82, "moves": ["stoneedge", "knockoff", "closecombat", "flareblitz"], "ability": "Blaze", "evs": {"hp": 85, "atk": 85, "def": 85, "spa": 85, "spd": 85, "spe": 85}, "ivs": {"hp": 31, "atk": 31, "def": 31, "spa": 31, "spd": 31, "spe": 31}, "item": "Choice Scarf", "teraType": "Fighting", "role": "Fast Support", "bvs": {"hp": 76, "atk": 104, "def": 71, "spa": 104, "spd": 71, "spe": 108}, "stats": {"hp": 259, "atk": 218, "def": 164, "spa": 218, "spd": 164, "spe": 224}}, "Ditto": {"name": "Ditto", "species": "Ditto", "speciesId": "ditto", "gender": "N", "shiny": false, "level": 87, "moves": ["transform"], "ability": "Imposter", "evs": {"hp": 85, "atk": 85, "def": 85, "spa": 85, "spd": 85, "spe": 85}, "ivs": {"hp": 31, "atk": 31, "def": 31, "spa": 31, "spd": 31, "spe": 31}, "item": "Choice Scarf", "teraType": "Ghost", "role": "Fast Support", "bvs": {"hp": 48, "atk": 48, "def": 48, "spa": 48, "spd": 48, "spe": 48}, "stats": {"hp": 225, "atk": 133, "def": 133, "spa": 133, "spd": 133, "spe": 133}}, "Cinderace": {"name": "Cinderace", "species": "Cinderace", "speciesId": "cinderace", "gender": "F", "shiny": false, "level": 77, "moves": ["uturn", "pyroball", "highjumpkick", "gunkshot"], "ability": "Libero", "evs": {"hp": 81, "atk": 85, "def": 85, "spa": 85, "spd": 85, "spe": 85}, "ivs": {"hp": 31, "atk": 31, "def": 31, "spa": 31, "spd": 31, "spe": 31}, "item": "Choice Band", "teraType": "Fire", "role": "Wallbreaker", "bvs": {"hp": 80, "atk": 116, "def": 75, "spa": 65, "spd": 75, "spe": 119}, "stats": {"hp": 249, "atk": 223, "def": 160, "spa": 145, "spd": 160, "spe": 228}}, "Iron Leaves": {"name": "Iron Leaves", "species": "Iron Leaves", "speciesId": "ironleaves", "gender": "N", "shiny": false, "level": 80, "moves": ["closecombat", "leafblade", "swordsdance", "psyblade"], "ability": "Quark Drive", "evs": {"hp": 85, "atk": 85, "def": 85, "spa": 85, "spd": 85, "spe": 85}, "ivs": {"hp": 31, "atk": 31, "def": 31, "spa": 31, "spd": 31, "spe": 31}, "item": "Life Orb", "teraType": "Fighting", "role": "Wallbreaker", "bvs": {"hp": 90, "atk": 130, "def": 88, "spa": 70, "spd": 108, "spe": 104}, "stats": {"hp": 275, "atk": 254, "def": 187, "spa": 158, "spd": 219, "spe": 213}}, "Scizor": {"name": "Scizor", "species": "Scizor", "speciesId": "scizor", "gender": "M", "shiny": false, "level": 79, "moves": ["bulletpunch", "swordsdance", "bugbite", "knockoff"], "ability": "Technician", "evs": {"hp": 85, "atk": 85, "def": 85, "spa": 85, "spd": 85, "spe": 85}, "ivs": {"hp": 31, "atk": 31, "def": 31, "spa": 31, "spd": 31, "spe": 31}, "item": "Life Orb", "teraType": "Steel", "role": "Setup Sweeper", "bvs": {"hp": 70, "atk": 130, "def": 100, "spa": 55, "spd": 80, "spe": 65}, "stats": {"hp": 240, "atk": 251, "def": 204, "spa": 132, "spd": 172, "spe": 148}}}, {"Sudowoodo": {"name": "Sudowoodo", "species": "Sudowoodo", "speciesId": "sudowoodo", "gender": "M", "shiny": false, "level": 94, "moves": ["earthquake", "headsmash", "suckerpunch", "woodhammer"], "ability": "Rock Head", "evs": {"hp": 85, "atk": 85, "def": 85, "spa": 85, "spd": 85, "spe": 85}, "ivs": {"hp": 31, "atk": 31, "def": 31, "spa": 31, "spd": 31, "spe": 31}, "item": "Choice Band", "teraType": "Rock", "role": "Bulky Attacker", "bvs": {"hp": 70, "atk": 100, "def": 115, "spa": 30, "spd": 65, "spe": 30}, "stats": {"hp": 284, "atk": 241, "def": 270, "spa": 110, "spd": 176, "spe": 110}}, "Mismagius": {"name": "Mismagius", "species": "Mismagius", "speciesId": "mismagius", "gender": "M", "shiny": false, "level": 86, "moves": ["shadowball", "trick", "dazzlinggleam", "thunderbolt"], "ability": "Levitate", "evs": {"hp": 85, "atk": 0, "def": 85, "spa": 85, "spd": 85, "spe": 85}, "ivs": {"hp": 31, "atk": 0, "def": 31, "spa": 31, "spd": 31, "spe": 31}, "item": "Choice Specs", "teraType": "Electric", "role": "Wallbreaker", "bvs": {"hp": 60, "atk": 60, "def": 60, "spa": 105, "spd": 105, "spe": 105}, "stats": {"hp": 243, "atk": 108, "def": 152, "spa": 230, "spd": 230, "spe": 230}}, "Venusaur": {"name": "Venusaur", "species": "Venusaur", "speciesId": "venusaur", "gender": "F", "shiny": false, "level": 84, "moves": ["synthesis", "toxic", "earthpower", "sludgebomb"], "ability": "Chlorophyll", "evs": {"hp": 85, "atk": 0, "def": 85, "spa": 85, "spd": 85, "spe": 85}, "ivs": {"hp": 31, "atk": 0, "def": 31, "spa": 31, "spd": 31, "spe": 31}, "item": "Leftovers", "teraType": "Water", "role": "Bulky Attacker", "bvs": {"hp": 80, "atk": 82, "def": 83, "spa": 100, "spd": 100, "spe": 80}, "stats": {"hp": 272, "atk": 142, "def": 188, "spa": 216, "spd": 216, "spe": 183}}, "Volcarona": {"name": "Volcarona", "species": "Volcarona", "speciesId": "volcarona", "gender": "F", "shiny": false, "level": 77, "moves": ["gigadrain", "terablast", "quiverdance", "fireblast"], "ability": "Flame Body", "evs": {"hp": 85, "atk": 0, "def": 85, "spa": 85, "spd": 85, "spe": 85}, "ivs": {"hp": 31, "atk": 0, "def": 31, "spa": 31, "spd": 31, "spe": 31}, "item": "Heavy-Duty Boots", "teraType": "Ground", "role": "Tera Blast user", "bvs": {"hp": 85, "atk": 60, "def": 65, "spa": 135, "spd": 105, "spe": 100}, "stats": {"hp": 257, "atk": 97, "def": 145, "spa": 252, "spd": 206, "spe": 199}}, "Porygon-Z": {"name": "Porygon-Z", "species": "Porygon-Z", "speciesId": "porygonz", "gender": "N", "shiny": false, "level": 83, "moves": ["thunderbolt", "triattack", "trick", "icebeam"], "ability": "Download", "evs": {"hp": 85, "atk": 0, "def": 85, "spa": 85, "spd": 85, "spe": 85}, "ivs": {"hp": 31, "atk": 0, "def": 31, "spa": 31, "spd": 31, "spe": 31}, "item": "Choice Scarf", "teraType": "Electric", "role": "Fast Attacker", "bvs": {"hp": 85, "atk": 80, "def": 70, "spa": 135, "spd": 75, "spe": 90}, "stats": {"hp": 277, "atk": 137, "def": 164, "spa": 272, "spd": 172, "spe": 197}}, "Miraidon": {"name": "Miraidon", "species": "Miraidon", "speciesId": "miraidon", "gender": "N", "shiny": false, "level": 65, "moves": ["dragonpulse", "electrodrift", "dracometeor", "calmmind"], "ability": "Hadron Engine", "evs": {"hp": 85, "atk": 0, "def": 85, "spa": 85, "spd": 85, "spe": 85}, "ivs": {"hp": 31, "atk": 0, "def": 31, "spa": 31, "spd": 31, "spe": 31}, "item": "Life Orb", "teraType": "Electric", "role": "Setup Sweeper", "bvs": {"hp": 100, "atk": 85, "def": 100, "spa": 135, "spd": 115, "spe": 135}, "stats": {"hp": 238, "atk": 115, "def": 168, "spa": 214, "spd": 188, "spe": 214}}}]}