{"id": "gen9randombattle-2631388202", "format": "[Gen 9] Random Battle", "players": ["baba_baba_whiteman", "zoz973"], "log": "|j|\u2606baba_baba_whiteman\n|j|\u2606zoz973\n|t:|1781378739\n|gametype|singles\n|player|p1|baba_baba_whiteman|2|1395\n|player|p2|zoz973|2|1355\n|gen|9\n|tier|[Gen 9] Random Battle\n|rated|\n|rule|Species Clause: Limit one of each Pok\u00e9mon\n|rule|HP Percentage Mod: HP is shown in percentages\n|rule|Sleep Clause Mod: Limit one foe put to sleep\n|rule|Illusion Level Mod: Illusion disguises the Pok\u00e9mon's true level\n|\n|t:|1781378739\n|teamsize|p1|6\n|teamsize|p2|6\n|start\n|switch|p1a: Dedenne|Dedenne, L88, F|261/261\n|switch|p2a: Toxtricity|Toxtricity, L82, F|257/257\n|turn|1\n|inactive|Battle timer is ON: inactive players will automatically lose when time's up. (requested by zoz973)\n|\n|t:|1781378755\n|move|p2a: Toxtricity|Sludge Wave|p1a: Dedenne\n|-supereffective|p1a: Dedenne\n|-damage|p1a: Dedenne|13/261\n|-status|p1a: Dedenne|psn\n|-enditem|p1a: Dedenne|Sitrus Berry|[eat]\n|-heal|p1a: Dedenne|78/261 psn|[from] item: Sitrus Berry\n|-heal|p1a: Dedenne|165/261 psn|[from] ability: Cheek Pouch\n|move|p1a: Dedenne|U-turn|p2a: Toxtricity\n|-resisted|p2a: Toxtricity\n|-crit|p2a: Toxtricity\n|-damage|p2a: Toxtricity|226/257\n|inactive|baba_baba_whiteman has 120 seconds left.\n|\n|t:|1781378792\n|switch|p1a: Copperajah|Copperajah, L86, F|349/349|[from] U-turn\n|\n|upkeep\n|turn|2\n|\n|t:|1781378806\n|switch|p2a: Iron Treads|Iron Treads, L77|265/265\n|move|p1a: Copperajah|Knock Off|p2a: Iron Treads\n|-damage|p2a: Iron Treads|157/265\n|-enditem|p2a: Iron Treads|Assault Vest|[from] move: Knock Off|[of] p1a: Copperajah\n|\n|upkeep\n|turn|3\n|inactive|baba_baba_whiteman has 120 seconds left.\n|\n|t:|1781378840\n|switch|p1a: Milotic|Milotic, L83, M|293/293\n|move|p2a: Iron Treads|Earthquake|p1a: Milotic\n|-damage|p1a: Milotic|184/293\n|\n|-heal|p1a: Milotic|202/293|[from] item: Leftovers\n|upkeep\n|turn|4\n|inactive|baba_baba_whiteman has 120 seconds left.\n|\n|t:|1781378851\n|move|p2a: Iron Treads|Volt Switch|p1a: Milotic\n|-supereffective|p1a: Milotic\n|-damage|p1a: Milotic|146/293\n|\n|t:|1781378859\n|-end|p2a: Iron Treads|Quark Drive|[silent]\n|switch|p2a: Toxtricity|Toxtricity, L82, F|226/257|[from] Volt Switch\n|move|p1a: Milotic|Scald|p2a: Toxtricity\n|-damage|p2a: Toxtricity|127/257\n|\n|-heal|p1a: Milotic|164/293|[from] item: Leftovers\n|upkeep\n|turn|5\n|inactive|baba_baba_whiteman has 120 seconds left.\n|\n|t:|1781378888\n|-terastallize|p1a: Milotic|Steel\n|move|p2a: Toxtricity|Volt Switch|p1a: Milotic\n|-damage|p1a: Milotic|106/293\n|\n|t:|1781378894\n|switch|p2a: Iron Treads|Iron Treads, L77|157/265|[from] Volt Switch\n|move|p1a: Milotic|Scald|p2a: Iron Treads\n|-supereffective|p2a: Iron Treads\n|-damage|p2a: Iron Treads|0 fnt\n|faint|p2a: Iron Treads\n|-end|p2a: Iron Treads|Quark Drive|[silent]\n|\n|-heal|p1a: Milotic|124/293|[from] item: Leftovers\n|upkeep\n|\n|t:|1781378906\n|switch|p2a: Glaceon|Glaceon, L94, F|275/275\n|turn|6\n|inactive|baba_baba_whiteman has 120 seconds left.\n|\n|t:|1781378922\n|-terastallize|p2a: Glaceon|Ground\n|move|p1a: Milotic|Recover|p1a: Milotic\n|-heal|p1a: Milotic|271/293\n|move|p2a: Glaceon|Mud Shot|p1a: Milotic\n|-supereffective|p1a: Milotic\n|-damage|p1a: Milotic|109/293\n|-unboost|p1a: Milotic|spe|1\n|-ability|p1a: Milotic|Competitive|boost\n|-boost|p1a: Milotic|spa|2\n|\n|-heal|p1a: Milotic|127/293|[from] item: Leftovers\n|upkeep\n|turn|7\n|inactive|baba_baba_whiteman has 120 seconds left.\n|\n|t:|1781378934\n|move|p2a: Glaceon|Mud Shot|p1a: Milotic\n|-supereffective|p1a: Milotic\n|-damage|p1a: Milotic|0 fnt\n|faint|p1a: Milotic\n|\n|upkeep\n|\n|t:|1781378947\n|switch|p1a: Dedenne|Dedenne, L88, F|165/261 psn\n|turn|8\n|\n|t:|1781378952\n|move|p1a: Dedenne|Dazzling Gleam|p2a: Glaceon\n|-damage|p2a: Glaceon|206/275\n|move|p2a: Glaceon|Mud Shot|p1a: Dedenne\n|-supereffective|p1a: Dedenne\n|-damage|p1a: Dedenne|0 fnt\n|faint|p1a: Dedenne\n|\n|upkeep\n|inactive|baba_baba_whiteman has 120 seconds left.\n|\n|t:|1781378961\n|switch|p1a: Baxcalibur|Baxcalibur, L75, M|295/295\n|turn|9\n|\n|t:|1781378968\n|switch|p2a: Okidogi|Okidogi, L77, M|262/262\n|move|p1a: Baxcalibur|Swords Dance|p1a: Baxcalibur\n|-boost|p1a: Baxcalibur|atk|2\n|\n|upkeep\n|turn|10\n|\n|t:|1781378981\n|move|p1a: Baxcalibur|Earthquake|p2a: Okidogi\n|-supereffective|p2a: Okidogi\n|-damage|p2a: Okidogi|0 fnt\n|faint|p2a: Okidogi\n|\n|upkeep\n|\n|t:|1781378990\n|switch|p2a: Ogerpon|Ogerpon, L80, F|259/259\n|turn|11\n|\n|t:|1781378999\n|move|p2a: Ogerpon|Encore|p1a: Baxcalibur\n|-start|p1a: Baxcalibur|Encore\n|move|p1a: Baxcalibur|Earthquake|p2a: Ogerpon\n|-resisted|p2a: Ogerpon\n|-damage|p2a: Ogerpon|172/259\n|\n|-heal|p2a: Ogerpon|188/259|[from] item: Leftovers\n|upkeep\n|turn|12\n|\n|t:|1781379012\n|switch|p1a: Dragonite|Dragonite, L74, F|257/257\n|move|p2a: Ogerpon|Knock Off|p1a: Dragonite\n|-damage|p1a: Dragonite|218/257\n|-enditem|p1a: Dragonite|Heavy-Duty Boots|[from] move: Knock Off|[of] p2a: Ogerpon\n|\n|-heal|p2a: Ogerpon|204/259|[from] item: Leftovers\n|upkeep\n|turn|13\n|\n|t:|1781379027\n|switch|p2a: Glaceon|Glaceon, L94, F, tera:Ground|206/275\n|move|p1a: Dragonite|Outrage|p2a: Glaceon\n|-damage|p2a: Glaceon|115/275\n|\n|upkeep\n|turn|14\n|\n|t:|1781379034\n|move|p2a: Glaceon|Freeze-Dry|p1a: Dragonite\n|-supereffective|p1a: Dragonite\n|-damage|p1a: Dragonite|0 fnt\n|faint|p1a: Dragonite\n|\n|upkeep\n|\n|t:|1781379039\n|switch|p1a: Baxcalibur|Baxcalibur, L75, M|295/295\n|turn|15\n|\n|t:|1781379048\n|move|p2a: Glaceon|Mud Shot|p1a: Baxcalibur\n|-damage|p1a: Baxcalibur|181/295\n|-unboost|p1a: Baxcalibur|spe|1\n|move|p1a: Baxcalibur|Scale Shot|p2a: Glaceon\n|-crit|p2a: Glaceon\n|-damage|p2a: Glaceon|78/275\n|-damage|p2a: Glaceon|56/275\n|-damage|p2a: Glaceon|31/275\n|-damage|p2a: Glaceon|6/275\n|-hitcount|p2a: Glaceon|4\n|-unboost|p1a: Baxcalibur|def|1\n|-boost|p1a: Baxcalibur|spe|1\n|\n|upkeep\n|turn|16\n|\n|t:|1781379064\n|move|p2a: Glaceon|Mud Shot|p1a: Baxcalibur\n|-damage|p1a: Baxcalibur|72/295\n|-unboost|p1a: Baxcalibur|spe|1\n|move|p1a: Baxcalibur|Scale Shot|p2a: Glaceon\n|-damage|p2a: Glaceon|0 fnt\n|faint|p2a: Glaceon\n|-hitcount|p2: Glaceon|1\n|-unboost|p1a: Baxcalibur|def|1\n|-boost|p1a: Baxcalibur|spe|1\n|\n|upkeep\n|\n|t:|1781379077\n|switch|p2a: Toxtricity|Toxtricity, L82, F|127/257\n|turn|17\n|\n|t:|1781379084\n|switch|p1a: Copperajah|Copperajah, L86, F|349/349\n|move|p2a: Toxtricity|Boomburst|p1a: Copperajah\n|-resisted|p1a: Copperajah\n|-damage|p1a: Copperajah|269/349\n|\n|upkeep\n|turn|18\n|\n|t:|1781379097\n|switch|p2a: Ogerpon|Ogerpon, L80, F|204/259\n|move|p1a: Copperajah|Heat Crash|p2a: Ogerpon\n|-supereffective|p2a: Ogerpon\n|-damage|p2a: Ogerpon|0 fnt\n|faint|p2a: Ogerpon\n|\n|upkeep\n|\n|t:|1781379103\n|switch|p2a: Chansey|Chansey, L85, F|564/564\n|turn|19\n|\n|t:|1781379108\n|move|p2a: Chansey|Seismic Toss|p1a: Copperajah\n|-damage|p1a: Copperajah|184/349\n|move|p1a: Copperajah|Heat Crash|p2a: Chansey\n|-damage|p2a: Chansey|185/564\n|\n|upkeep\n|turn|20\n|\n|t:|1781379115\n|move|p2a: Chansey|Seismic Toss|p1a: Copperajah\n|-damage|p1a: Copperajah|99/349\n|move|p1a: Copperajah|Heat Crash|p2a: Chansey\n|-damage|p2a: Chansey|0 fnt\n|faint|p2a: Chansey\n|\n|upkeep\n|\n|t:|1781379121\n|switch|p2a: Toxtricity|Toxtricity, L82, F|127/257\n|turn|21\n|\n|t:|1781379125\n|move|p2a: Toxtricity|Overdrive|p1a: Copperajah\n|-damage|p1a: Copperajah|0 fnt\n|faint|p1a: Copperajah\n|\n|upkeep\n|\n|t:|1781379137\n|switch|p1a: Baxcalibur|Baxcalibur, L75, M|72/295\n|turn|22\n|\n|t:|1781379144\n|move|p2a: Toxtricity|Overdrive|p1a: Baxcalibur\n|-resisted|p1a: Baxcalibur\n|-damage|p1a: Baxcalibur|6/295\n|move|p1a: Baxcalibur|Scale Shot|p2a: Toxtricity|[miss]\n|-miss|p1a: Baxcalibur|p2a: Toxtricity\n|\n|upkeep\n|turn|23\n|c|\u2606baba_baba_whiteman|haha\n|\n|t:|1781379159\n|move|p2a: Toxtricity|Overdrive|p1a: Baxcalibur\n|-resisted|p1a: Baxcalibur\n|-damage|p1a: Baxcalibur|0 fnt\n|faint|p1a: Baxcalibur\n|\n|upkeep\n|\n|t:|1781379161\n|switch|p1a: Sneasler|Sneasler, L74, M|240/240\n|turn|24\n|\n|t:|1781379174\n|move|p2a: Toxtricity|Overdrive|p1a: Sneasler\n|-damage|p1a: Sneasler|108/240\n|move|p1a: Sneasler|Throat Chop|p2a: Toxtricity\n|-damage|p2a: Toxtricity|22/257\n|-start|p2a: Toxtricity|Throat Chop|[silent]\n|\n|upkeep\n|turn|25\n|\n|t:|1781379180\n|-activate|p2a: Toxtricity|move: Struggle\n|move|p2a: Toxtricity|Struggle|p1a: Sneasler\n|-damage|p1a: Sneasler|69/240\n|-damage|p2a: Toxtricity|0 fnt|[from] recoil\n|faint|p2a: Toxtricity\n|\n|win|baba_baba_whiteman\n|raw|baba_baba_whiteman's rating: 1395 &rarr; <strong>1413</strong><br />(+18 for winning)\n|raw|zoz973's rating: 1355 &rarr; <strong>1337</strong><br />(-18 for losing)\n|l|\u2606zoz973\n|player|p2|\n|c|\u2606baba_baba_whiteman|ggs\n", "inputlog": ">version a8376a258c1d4662feba110a92103f3664a72141\n>start {\"formatid\":\"gen9randombattle\",\"seed\":\"sodium,6c30761427cdbeb30dd664296b8d6721\",\"rated\":\"Rated battle\"}\n>player p1 {\"name\":\"baba_baba_whiteman\",\"avatar\":\"2\",\"rating\":1395,\"seed\":\"sodium,60dfa43f89e36a65118f51bba44ae0cf\"}\n>player p2 {\"name\":\"zoz973\",\"avatar\":\"2\",\"rating\":1355,\"seed\":\"sodium,b399ca2a1754a40c057714fdf1c7d123\"}\n>p1 move uturn\n>p2 move sludgewave\n>p1 switch 4\n>p1 move knockoff\n>p2 switch 3\n>p1 switch 5\n>p2 move earthquake\n>p1 move scald\n>p2 move voltswitch\n>p2 switch 3\n>p1 move scald terastallize\n>p2 move voltswitch\n>p2 switch 3\n>p2 switch 4\n>p1 move recover\n>p2 move mudshot terastallize\n>p1 move icebeam\n>p2 move mudshot\n>p1 switch 4\n>p1 move dazzlinggleam\n>p2 move mudshot\n>p1 switch 6\n>p1 move swordsdance\n>p2 switch 6\n>p1 move earthquake\n>p2 move drainpunch\n>p2 switch 5\n>p1 move iciclespear\n>p2 move encore\n>p1 switch 3\n>p2 move knockoff\n>p1 move outrage\n>p2 switch 6\n>p1 move outrage\n>p2 move freezedry\n>p1 switch 3\n>p1 move scaleshot\n>p2 move mudshot\n>p1 move scaleshot\n>p2 move mudshot\n>p2 switch 3\n>p1 switch 5\n>p2 move boomburst\n>p1 move heatcrash\n>p2 switch 6\n>p2 switch 2\n>p1 move heatcrash\n>p2 move seismictoss\n>p1 move heatcrash\n>p2 move seismictoss\n>p2 switch 6\n>p1 move heatcrash\n>p2 move overdrive\n>p1 switch 5\n>p1 move scaleshot\n>p2 move overdrive\n>chat \u2606baba_baba_whiteman|haha\n>p1 move earthquake\n>p2 move overdrive\n>p1 switch 2\n>p1 move throatchop\n>p2 move overdrive\n>p1 move throatchop\n>p2 move struggle", "uploadtime": 1781379216, "views": 8, "formatid": "gen9randombattle", "rating": 1337, "private": 0, "password": null, "player_dets": [{"name": "baba_baba_whiteman", "avatar": "2", "rating": 1395, "seed": "sodium,60dfa43f89e36a65118f51bba44ae0cf"}, {"name": "zoz973", "avatar": "2", "rating": 1355, "seed": "sodium,b399ca2a1754a40c057714fdf1c7d123"}], "teams_full": [{"Dedenne": {"name": "Dedenne", "species": "Dedenne", "speciesId": "dedenne", "gender": "F", "shiny": false, "level": 88, "moves": ["thunderbolt", "uturn", "dazzlinggleam", "nuzzle"], "ability": "Cheek Pouch", "evs": {"hp": 85, "atk": 85, "def": 85, "spa": 85, "spd": 85, "spe": 85}, "ivs": {"hp": 31, "atk": 31, "def": 31, "spa": 31, "spd": 31, "spe": 31}, "item": "Sitrus Berry", "teraType": "Flying", "role": "Fast Support", "bvs": {"hp": 67, "atk": 58, "def": 57, "spa": 81, "spd": 67, "spe": 101}, "stats": {"hp": 261, "atk": 152, "def": 151, "spa": 193, "spd": 168, "spe": 228}, "types": ["Electric", "Fairy"]}, "Sneasler": {"name": "Sneasler", "species": "Sneasler", "speciesId": "sneasler", "gender": "M", "shiny": false, "level": 74, "moves": ["uturn", "direclaw", "throatchop", "closecombat"], "ability": "Poison Touch", "evs": {"hp": 85, "atk": 85, "def": 85, "spa": 85, "spd": 85, "spe": 85}, "ivs": {"hp": 31, "atk": 31, "def": 31, "spa": 31, "spd": 31, "spe": 31}, "item": "Choice Band", "teraType": "Fighting", "role": "Fast Attacker", "bvs": {"hp": 80, "atk": 130, "def": 60, "spa": 40, "spd": 80, "spe": 120}, "stats": {"hp": 240, "atk": 235, "def": 132, "spa": 102, "spd": 161, "spe": 221}, "types": ["Fighting", "Poison"]}, "Dragonite": {"name": "Dragonite", "species": "Dragonite", "speciesId": "dragonite", "gender": "F", "shiny": false, "level": 74, "moves": ["outrage", "earthquake", "ironhead", "dragondance"], "ability": "Multiscale", "evs": {"hp": 85, "atk": 85, "def": 85, "spa": 85, "spd": 85, "spe": 85}, "ivs": {"hp": 31, "atk": 31, "def": 31, "spa": 31, "spd": 31, "spe": 31}, "item": "Heavy-Duty Boots", "teraType": "Steel", "role": "Setup Sweeper", "bvs": {"hp": 91, "atk": 134, "def": 95, "spa": 100, "spd": 100, "spe": 80}, "stats": {"hp": 257, "atk": 241, "def": 184, "spa": 191, "spd": 191, "spe": 161}, "types": ["Dragon", "Flying"]}, "Copperajah": {"name": "Copperajah", "species": "Copperajah", "speciesId": "copperajah", "gender": "F", "shiny": false, "level": 86, "moves": ["heavyslam", "supercellslam", "heatcrash", "knockoff"], "ability": "Heavy Metal", "evs": {"hp": 81, "atk": 85, "def": 85, "spa": 85, "spd": 85, "spe": 85}, "ivs": {"hp": 31, "atk": 31, "def": 31, "spa": 31, "spd": 31, "spe": 31}, "item": "Choice Band", "teraType": "Fire", "role": "Bulky Attacker", "bvs": {"hp": 122, "atk": 130, "def": 69, "spa": 80, "spd": 69, "spe": 30}, "stats": {"hp": 349, "atk": 273, "def": 168, "spa": 187, "spd": 168, "spe": 101}, "types": ["Steel"]}, "Milotic": {"name": "Milotic", "species": "Milotic", "speciesId": "milotic", "gender": "M", "shiny": false, "level": 83, "moves": ["scald", "haze", "icebeam", "recover"], "ability": "Competitive", "evs": {"hp": 85, "atk": 0, "def": 85, "spa": 85, "spd": 85, "spe": 85}, "ivs": {"hp": 31, "atk": 0, "def": 31, "spa": 31, "spd": 31, "spe": 31}, "item": "Leftovers", "teraType": "Steel", "role": "Bulky Attacker", "bvs": {"hp": 95, "atk": 60, "def": 79, "spa": 100, "spd": 125, "spe": 81}, "stats": {"hp": 293, "atk": 104, "def": 179, "spa": 214, "spd": 255, "spe": 182}, "types": ["Water"]}, "Baxcalibur": {"name": "Baxcalibur", "species": "Baxcalibur", "speciesId": "baxcalibur", "gender": "M", "shiny": false, "level": 75, "moves": ["earthquake", "iciclespear", "swordsdance", "scaleshot"], "ability": "Thermal Exchange", "evs": {"hp": 81, "atk": 85, "def": 85, "spa": 85, "spd": 85, "spe": 85}, "ivs": {"hp": 31, "atk": 31, "def": 31, "spa": 31, "spd": 31, "spe": 31}, "item": "Loaded Dice", "teraType": "Dragon", "role": "Bulky Setup", "bvs": {"hp": 115, "atk": 145, "def": 92, "spa": 75, "spd": 86, "spe": 87}, "stats": {"hp": 295, "atk": 261, "def": 182, "spa": 156, "spd": 173, "spe": 174}, "types": ["Dragon", "Ice"]}}, {"Toxtricity": {"name": "Toxtricity", "species": "Toxtricity", "speciesId": "toxtricity", "gender": "F", "shiny": false, "level": 82, "moves": ["overdrive", "boomburst", "sludgewave", "voltswitch"], "ability": "Punk Rock", "evs": {"hp": 85, "atk": 0, "def": 85, "spa": 85, "spd": 85, "spe": 85}, "ivs": {"hp": 31, "atk": 0, "def": 31, "spa": 31, "spd": 31, "spe": 31}, "item": "Choice Scarf", "teraType": "Normal", "role": "Fast Attacker", "bvs": {"hp": 75, "atk": 98, "def": 70, "spa": 114, "spd": 70, "spe": 75}, "stats": {"hp": 257, "atk": 165, "def": 162, "spa": 234, "spd": 162, "spe": 170}, "types": ["Electric", "Poison"]}, "Chansey": {"name": "Chansey", "species": "Chansey", "speciesId": "chansey", "gender": "F", "shiny": false, "level": 85, "moves": ["seismictoss", "thunderwave", "softboiled", "stealthrock"], "ability": "Natural Cure", "evs": {"hp": 85, "atk": 0, "def": 85, "spa": 85, "spd": 85, "spe": 85}, "ivs": {"hp": 31, "atk": 0, "def": 31, "spa": 31, "spd": 31, "spe": 31}, "item": "Eviolite", "teraType": "Ghost", "role": "Bulky Support", "bvs": {"hp": 250, "atk": 5, "def": 5, "spa": 35, "spd": 105, "spe": 50}, "stats": {"hp": 564, "atk": 13, "def": 57, "spa": 108, "spd": 227, "spe": 134}, "types": ["Normal"]}, "Iron Treads": {"name": "Iron Treads", "species": "Iron Treads", "speciesId": "irontreads", "gender": "N", "shiny": false, "level": 77, "moves": ["rapidspin", "ironhead", "earthquake", "voltswitch"], "ability": "Quark Drive", "evs": {"hp": 85, "atk": 85, "def": 85, "spa": 85, "spd": 85, "spe": 85}, "ivs": {"hp": 31, "atk": 31, "def": 31, "spa": 31, "spd": 31, "spe": 31}, "item": "Assault Vest", "teraType": "Dragon", "role": "Bulky Support", "bvs": {"hp": 90, "atk": 112, "def": 120, "spa": 72, "spd": 70, "spe": 106}, "stats": {"hp": 265, "atk": 217, "def": 229, "spa": 155, "spd": 152, "spe": 208}, "types": ["Ground", "Steel"]}, "Glaceon": {"name": "Glaceon", "species": "Glaceon", "speciesId": "glaceon", "gender": "F", "shiny": false, "level": 94, "moves": ["mudshot", "protect", "freezedry", "wish"], "ability": "Ice Body", "evs": {"hp": 85, "atk": 0, "def": 85, "spa": 85, "spd": 85, "spe": 85}, "ivs": {"hp": 31, "atk": 0, "def": 31, "spa": 31, "spd": 31, "spe": 31}, "item": "Heavy-Duty Boots", "teraType": "Ground", "role": "Bulky Attacker", "bvs": {"hp": 65, "atk": 60, "def": 110, "spa": 130, "spd": 95, "spe": 65}, "stats": {"hp": 275, "atk": 117, "def": 260, "spa": 298, "spd": 232, "spe": 176}, "types": ["Ice"]}, "Ogerpon": {"name": "Ogerpon", "species": "Ogerpon", "speciesId": "ogerpon", "gender": "F", "shiny": false, "level": 80, "moves": ["synthesis", "ivycudgel", "knockoff", "encore"], "ability": "Defiant", "evs": {"hp": 85, "atk": 85, "def": 85, "spa": 85, "spd": 85, "spe": 85}, "ivs": {"hp": 31, "atk": 31, "def": 31, "spa": 31, "spd": 31, "spe": 31}, "item": "Leftovers", "teraType": "Grass", "role": "Fast Support", "bvs": {"hp": 80, "atk": 120, "def": 84, "spa": 60, "spd": 96, "spe": 110}, "stats": {"hp": 259, "atk": 238, "def": 181, "spa": 142, "spd": 200, "spe": 222}, "types": ["Grass"]}, "Okidogi": {"name": "Okidogi", "species": "Okidogi", "speciesId": "okidogi", "gender": "M", "shiny": false, "level": 77, "moves": ["bulkup", "gunkshot", "knockoff", "drainpunch"], "ability": "Toxic Chain", "evs": {"hp": 85, "atk": 85, "def": 85, "spa": 85, "spd": 85, "spe": 85}, "ivs": {"hp": 31, "atk": 31, "def": 31, "spa": 31, "spd": 31, "spe": 31}, "item": "Leftovers", "teraType": "Dark", "role": "Bulky Setup", "bvs": {"hp": 88, "atk": 128, "def": 115, "spa": 58, "spd": 86, "spe": 80}, "stats": {"hp": 262, "atk": 242, "def": 222, "spa": 134, "spd": 177, "spe": 168}, "types": ["Poison", "Fighting"]}}]}