{"id": "gen9randombattle-2631748983", "format": "[Gen 9] Random Battle", "players": ["FrankRayquaza", "Dizay976"], "log": "|badge|p1|silver|gen9randombattle|30-9\n|uhtml|medal-msg|<div class=\"broadcast-blue\">Curious what those medals under the avatar are? PS now has Ladder Seasons! For more information, check out the <a href=\"https://www.smogon.com/forums/threads/3740067/\">thread on Smogon.</a></div>\n|j|\u2606FrankRayquaza\n|j|\u2606Dizay976\n|t:|1781433362\n|gametype|singles\n|player|p1|FrankRayquaza|cheren-gen5bw2|2322\n|player|p2|Dizay976|sabrina-masters|2311\n|gen|9\n|tier|[Gen 9] Random Battle\n|rated|\n|rule|Species Clause: Limit one of each Pok\u00e9mon\n|rule|HP Percentage Mod: HP is shown in percentages\n|rule|Sleep Clause Mod: Limit one foe put to sleep\n|rule|Illusion Level Mod: Illusion disguises the Pok\u00e9mon's true level\n|\n|t:|1781433362\n|teamsize|p1|6\n|teamsize|p2|6\n|start\n|switch|p1a: Toxicroak|Toxicroak, L84, M|277/277\n|switch|p2a: Houndoom|Houndoom, L87, M|272/272\n|turn|1\n|j| goldfish1998\n|l| goldfish1998\n|\n|t:|1781433410\n|switch|p1a: Komala|Komala, L88, F|258/258\n|-ability|p1a: Komala|Comatose\n|move|p2a: Houndoom|Fire Blast|p1a: Komala\n|-damage|p1a: Komala|177/258\n|\n|upkeep\n|turn|2\n|\n|t:|1781433428\n|switch|p2a: Salamence|Salamence, L77, M|273/273\n|move|p1a: Komala|Knock Off|p2a: Salamence\n|-damage|p2a: Salamence|173/273\n|-enditem|p2a: Salamence|Heavy-Duty Boots|[from] move: Knock Off|[of] p1a: Komala\n|\n|upkeep\n|turn|3\n|\n|t:|1781433439\n|switch|p1a: Mightyena|Mightyena, L96, F|290/290\n|-ability|p1a: Mightyena|Intimidate|boost\n|-unboost|p2a: Salamence|atk|1\n|move|p2a: Salamence|Dragon Dance|p2a: Salamence\n|-boost|p2a: Salamence|atk|1\n|-boost|p2a: Salamence|spe|1\n|\n|upkeep\n|turn|4\n|\n|t:|1781433458\n|switch|p2a: Luxray|Luxray, L88, F|283/283\n|move|p1a: Mightyena|Crunch|p2a: Luxray\n|-damage|p2a: Luxray|175/283\n|-unboost|p2a: Luxray|def|1\n|\n|-status|p2a: Luxray|brn|[from] item: Flame Orb\n|upkeep\n|turn|5\n|inactive|Battle timer is ON: inactive players will automatically lose when time's up. (requested by FrankRayquaza)\n|\n|t:|1781433469\n|switch|p2a: Salamence|Salamence, L77, M|173/273\n|move|p1a: Mightyena|Crunch|p2a: Salamence\n|-damage|p2a: Salamence|58/273\n|\n|upkeep\n|turn|6\n|\n|t:|1781433474\n|move|p1a: Mightyena|Sucker Punch|p2a: Salamence\n|-damage|p2a: Salamence|0 fnt\n|faint|p2a: Salamence\n|\n|upkeep\n|\n|t:|1781433479\n|switch|p2a: Dudunsparce|Dudunsparce, L83, F|343/343\n|turn|7\n|\n|t:|1781433484\n|move|p1a: Mightyena|Taunt|p2a: Dudunsparce\n|-start|p2a: Dudunsparce|move: Taunt\n|cant|p2a: Dudunsparce|move: Taunt|Toxic\n|\n|upkeep\n|turn|8\n|\n|t:|1781433490\n|move|p1a: Mightyena|Poison Fang|p2a: Dudunsparce\n|-damage|p2a: Dudunsparce|293/343\n|move|p2a: Dudunsparce|Boomburst|p1a: Mightyena\n|-damage|p1a: Mightyena|151/290\n|\n|-heal|p1a: Mightyena|169/290|[from] item: Leftovers\n|-heal|p2a: Dudunsparce|314/343|[from] item: Leftovers\n|upkeep\n|turn|9\n|\n|t:|1781433500\n|switch|p2a: Luxray|Luxray, L88, F|175/283 brn\n|move|p1a: Mightyena|Poison Fang|p2a: Luxray\n|-damage|p2a: Luxray|128/283 brn\n|\n|-heal|p1a: Mightyena|187/290|[from] item: Leftovers\n|-damage|p2a: Luxray|111/283 brn|[from] brn\n|upkeep\n|turn|10\n|\n|t:|1781433511\n|move|p1a: Mightyena|Crunch|p2a: Luxray\n|-damage|p2a: Luxray|3/283 brn\n|move|p2a: Luxray|Supercell Slam|p1a: Mightyena\n|-damage|p1a: Mightyena|0 fnt\n|faint|p1a: Mightyena\n|\n|-damage|p2a: Luxray|0 fnt|[from] brn\n|faint|p2a: Luxray\n|upkeep\n|\n|t:|1781433523\n|switch|p1a: Komala|Komala, L88, F|177/258\n|switch|p2a: Armarouge|Armarouge, L80, M|267/267\n|-ability|p1a: Komala|Comatose\n|turn|11\n|\n|t:|1781433531\n|switch|p1a: Chandelure|Chandelure, L83, F|235/235\n|move|p2a: Armarouge|Psyshock|p1a: Chandelure\n|-damage|p1a: Chandelure|90/235\n|\n|upkeep\n|turn|12\n|\n|t:|1781433535\n|switch|p2a: Houndoom|Houndoom, L87, M|272/272\n|move|p1a: Chandelure|Fire Blast|p2a: Houndoom\n|-start|p2a: Houndoom|ability: Flash Fire\n|\n|upkeep\n|turn|13\n|\n|t:|1781433544\n|move|p2a: Houndoom|Nasty Plot|p2a: Houndoom\n|-boost|p2a: Houndoom|spa|2\n|move|p1a: Chandelure|Shadow Ball|p2a: Houndoom\n|-resisted|p2a: Houndoom\n|-damage|p2a: Houndoom|217/272\n|\n|upkeep\n|turn|14\n|\n|t:|1781433552\n|move|p2a: Houndoom|Dark Pulse|p1a: Chandelure\n|-supereffective|p1a: Chandelure\n|-damage|p1a: Chandelure|0 fnt\n|faint|p1a: Chandelure\n|\n|upkeep\n|\n|t:|1781433559\n|switch|p1a: Noivern|Noivern, L82, F|274/274\n|turn|15\n|\n|t:|1781433568\n|move|p1a: Noivern|Draco Meteor|p2a: Houndoom\n|-damage|p2a: Houndoom|12/272\n|-unboost|p1a: Noivern|spa|2\n|move|p2a: Houndoom|Dark Pulse|p1a: Noivern\n|-damage|p1a: Noivern|55/274\n|\n|upkeep\n|turn|16\n|\n|t:|1781433579\n|move|p1a: Noivern|Draco Meteor|p2a: Houndoom\n|-crit|p2a: Houndoom\n|-damage|p2a: Houndoom|0 fnt\n|-unboost|p1a: Noivern|spa|2\n|faint|p2a: Houndoom\n|\n|upkeep\n|\n|t:|1781433586\n|switch|p2a: Dudunsparce|Dudunsparce, L83, F|314/343\n|turn|17\n|\n|t:|1781433597\n|switch|p1a: Komala|Komala, L88, F|177/258\n|-ability|p1a: Komala|Comatose\n|move|p2a: Dudunsparce|Earthquake|p1a: Komala\n|-damage|p1a: Komala|87/258\n|\n|-heal|p2a: Dudunsparce|335/343|[from] item: Leftovers\n|upkeep\n|turn|18\n|\n|t:|1781433601\n|move|p1a: Komala|Body Slam|p2a: Dudunsparce\n|-damage|p2a: Dudunsparce|202/343\n|move|p2a: Dudunsparce|Earthquake|p1a: Komala\n|-damage|p1a: Komala|8/258\n|\n|-heal|p2a: Dudunsparce|223/343|[from] item: Leftovers\n|upkeep\n|turn|19\n|\n|t:|1781433604\n|move|p1a: Komala|Body Slam|p2a: Dudunsparce\n|-damage|p2a: Dudunsparce|96/343\n|move|p2a: Dudunsparce|Roost|p2a: Dudunsparce\n|-heal|p2a: Dudunsparce|268/343\n|-singleturn|p2a: Dudunsparce|move: Roost\n|\n|-heal|p2a: Dudunsparce|289/343|[from] item: Leftovers\n|upkeep\n|turn|20\n|\n|t:|1781433607\n|move|p1a: Komala|Body Slam|p2a: Dudunsparce\n|-damage|p2a: Dudunsparce|168/343\n|move|p2a: Dudunsparce|Roost|p2a: Dudunsparce\n|-heal|p2a: Dudunsparce|340/343\n|-singleturn|p2a: Dudunsparce|move: Roost\n|\n|-heal|p2a: Dudunsparce|343/343|[from] item: Leftovers\n|upkeep\n|turn|21\n|\n|t:|1781433608\n|move|p1a: Komala|Body Slam|p2a: Dudunsparce\n|-damage|p2a: Dudunsparce|225/343\n|move|p2a: Dudunsparce|Earthquake|p1a: Komala\n|-damage|p1a: Komala|0 fnt\n|faint|p1a: Komala\n|\n|-heal|p2a: Dudunsparce|246/343|[from] item: Leftovers\n|upkeep\n|j| Deathler\n|\n|t:|1781433622\n|switch|p1a: Toxicroak|Toxicroak, L84, M|277/277\n|turn|22\n|l| Deathler\n|\n|t:|1781433631\n|-terastallize|p2a: Dudunsparce|Poison\n|move|p1a: Toxicroak|Swords Dance|p1a: Toxicroak\n|-boost|p1a: Toxicroak|atk|2\n|move|p2a: Dudunsparce|Earthquake|p1a: Toxicroak\n|-supereffective|p1a: Toxicroak\n|-damage|p1a: Toxicroak|87/277\n|\n|-heal|p2a: Dudunsparce|267/343|[from] item: Leftovers\n|upkeep\n|turn|23\n|\n|t:|1781433635\n|move|p1a: Toxicroak|Earthquake|p2a: Dudunsparce\n|-supereffective|p2a: Dudunsparce\n|-damage|p2a: Dudunsparce|0 fnt\n|faint|p2a: Dudunsparce\n|-damage|p1a: Toxicroak|60/277|[from] item: Life Orb\n|\n|upkeep\n|\n|t:|1781433639\n|switch|p2a: Inteleon|Inteleon, L81, M|246/246\n|turn|24\n|\n|t:|1781433645\n|switch|p1a: Skeledirge|Skeledirge, L79, F|294/294\n|move|p2a: Inteleon|Ice Beam|p1a: Skeledirge\n|-resisted|p1a: Skeledirge\n|-damage|p1a: Skeledirge|224/294\n|-status|p1a: Skeledirge|frz\n|\n|upkeep\n|turn|25\n|\n|t:|1781433650\n|switch|p2a: Armarouge|Armarouge, L80, M|267/267\n|-curestatus|p1a: Skeledirge|frz|[msg]\n|move|p1a: Skeledirge|Torch Song|p2a: Armarouge\n|-resisted|p2a: Armarouge\n|-damage|p2a: Armarouge|225/267\n|-boost|p1a: Skeledirge|spa|1\n|\n|upkeep\n|turn|26\n|\n|t:|1781433679\n|switch|p2a: Inteleon|Inteleon, L81, M|246/246\n|-terastallize|p1a: Skeledirge|Fairy\n|move|p1a: Skeledirge|Slack Off|p1a: Skeledirge\n|-heal|p1a: Skeledirge|294/294\n|\n|upkeep\n|turn|27\n|\n|t:|1781433688\n|move|p2a: Inteleon|Scald|p1a: Skeledirge\n|-damage|p1a: Skeledirge|122/294\n|move|p1a: Skeledirge|Hex|p2a: Inteleon\n|-damage|p2a: Inteleon|120/246\n|\n|upkeep\n|turn|28\n|inactive|Dizay976 has 120 seconds left.\n|\n|t:|1781433728\n|switch|p2a: Armarouge|Armarouge, L80, M|225/267\n|move|p1a: Skeledirge|Hex|p2a: Armarouge\n|-supereffective|p2a: Armarouge\n|-damage|p2a: Armarouge|15/267\n|\n|upkeep\n|turn|29\n|inactive|FrankRayquaza has 120 seconds left.\n|\n|t:|1781433757\n|move|p2a: Armarouge|Armor Cannon|p1a: Skeledirge\n|-damage|p1a: Skeledirge|0 fnt\n|-unboost|p2a: Armarouge|def|1\n|-unboost|p2a: Armarouge|spd|1\n|faint|p1a: Skeledirge\n|\n|upkeep\n|\n|t:|1781433766\n|switch|p1a: Toxicroak|Toxicroak, L84, M|60/277\n|turn|30\n|inactive|FrankRayquaza has 120 seconds left.\n|\n|t:|1781433775\n|move|p1a: Toxicroak|Earthquake|p2a: Armarouge\n|-supereffective|p2a: Armarouge\n|-damage|p2a: Armarouge|0 fnt\n|faint|p2a: Armarouge\n|-damage|p1a: Toxicroak|33/277|[from] item: Life Orb\n|\n|upkeep\n|\n|t:|1781433776\n|switch|p2a: Inteleon|Inteleon, L81, M|120/246\n|turn|31\n|\n|t:|1781433780\n|move|p2a: Inteleon|Ice Beam|p1a: Toxicroak\n|-damage|p1a: Toxicroak|0 fnt\n|faint|p1a: Toxicroak\n|\n|upkeep\n|\n|t:|1781433784\n|switch|p1a: Noivern|Noivern, L82, F|55/274\n|turn|32\n|\n|t:|1781433790\n|move|p1a: Noivern|Boomburst|p2a: Inteleon\n|-damage|p2a: Inteleon|0 fnt\n|faint|p2a: Inteleon\n|\n|win|FrankRayquaza\n", "inputlog": ">version a8376a258c1d4662feba110a92103f3664a72141\n>start {\"formatid\":\"gen9randombattle\",\"seed\":\"sodium,4873639d50e57f7715dceccc3c18bdb4\",\"rated\":\"Rated battle\"}\n>player p1 {\"name\":\"FrankRayquaza\",\"avatar\":\"cheren-gen5bw2\",\"rating\":2322,\"seed\":\"sodium,086da7bb2c0dc54931ad744ae1a44ef6\"}\n>player p2 {\"name\":\"Dizay976\",\"avatar\":\"sabrina-masters\",\"rating\":2311,\"seed\":\"sodium,28b2802ca3422d13b61ea7b5f22027f4\"}\n>p1 switch 3\n>p2 move fireblast\n>p1 move knockoff\n>p2 switch 2\n>p1 switch 4\n>p2 move dragondance\n>p1 move crunch\n>p2 switch 4\n>p1 move crunch\n>p2 switch 4\n>p1 move suckerpunch\n>p2 move outrage\n>p2 switch 5\n>p1 move taunt\n>p2 move toxic\n>p1 move poisonfang\n>p2 move boomburst\n>p1 move poisonfang\n>p2 switch 4\n>p1 move crunch\n>p2 move supercellslam\n>p1 switch 4\n>p2 switch 6\n>p1 switch 2\n>p2 move psyshock\n>p1 move fireblast\n>p2 switch 2\n>p1 move shadowball\n>p2 move nastyplot\n>p1 move shadowball\n>p2 move darkpulse\n>p1 switch 6\n>p1 move dracometeor\n>p2 move darkpulse\n>p1 move dracometeor\n>p2 move darkpulse\n>p2 switch 4\n>p1 switch 2\n>p2 move earthquake\n>p1 move bodyslam\n>p2 move earthquake\n>p1 move bodyslam\n>p2 move roost\n>p1 move bodyslam\n>p2 move roost\n>p1 move bodyslam\n>p2 move earthquake\n>p1 switch 3\n>p1 move swordsdance\n>p2 move earthquake terastallize\n>p1 move earthquake\n>p2 move earthquake\n>p2 switch 3\n>p1 switch 5\n>p2 move icebeam\n>p1 move torchsong\n>p2 switch 2\n>p1 move slackoff terastallize\n>p2 switch 2\n>p1 move hex\n>p2 move scald\n>p1 move hex\n>p2 switch 2\n>p1 move hex\n>p2 move armorcannon\n>p1 switch 5\n>p1 move earthquake\n>p2 move armorcannon\n>p2 switch 2\n>p1 move earthquake\n>p2 move icebeam\n>p1 switch 2\n>p1 move boomburst\n>p2 move icebeam", "uploadtime": 1781433363, "views": 5, "formatid": "gen9randombattle", "rating": null, "private": 0, "password": null, "player_dets": [{"name": "FrankRayquaza", "avatar": "cheren-gen5bw2", "rating": 2322, "seed": "sodium,086da7bb2c0dc54931ad744ae1a44ef6"}, {"name": "Dizay976", "avatar": "sabrina-masters", "rating": 2311, "seed": "sodium,28b2802ca3422d13b61ea7b5f22027f4"}], "teams_full": [{"Toxicroak": {"name": "Toxicroak", "species": "Toxicroak", "speciesId": "toxicroak", "gender": "M", "shiny": false, "level": 84, "moves": ["gunkshot", "swordsdance", "earthquake", "closecombat"], "ability": "Dry Skin", "evs": {"hp": 85, "atk": 85, "def": 85, "spa": 85, "spd": 85, "spe": 85}, "ivs": {"hp": 31, "atk": 31, "def": 31, "spa": 31, "spd": 31, "spe": 31}, "item": "Life Orb", "teraType": "Fighting", "role": "Setup Sweeper", "bvs": {"hp": 83, "atk": 106, "def": 65, "spa": 86, "spd": 65, "spe": 85}, "stats": {"hp": 277, "atk": 226, "def": 157, "spa": 193, "spd": 157, "spe": 191}, "types": ["Poison", "Fighting"]}, "Chandelure": {"name": "Chandelure", "species": "Chandelure", "speciesId": "chandelure", "gender": "F", "shiny": false, "level": 83, "moves": ["energyball", "fireblast", "calmmind", "shadowball"], "ability": "Flash Fire", "evs": {"hp": 85, "atk": 0, "def": 85, "spa": 85, "spd": 85, "spe": 85}, "ivs": {"hp": 31, "atk": 0, "def": 31, "spa": 31, "spd": 31, "spe": 31}, "item": "Heavy-Duty Boots", "teraType": "Grass", "role": "Fast Bulky Setup", "bvs": {"hp": 60, "atk": 55, "def": 90, "spa": 145, "spd": 90, "spe": 80}, "stats": {"hp": 235, "atk": 96, "def": 197, "spa": 288, "spd": 197, "spe": 180}, "types": ["Ghost", "Fire"]}, "Komala": {"name": "Komala", "species": "Komala", "speciesId": "komala", "gender": "F", "shiny": false, "level": 88, "moves": ["earthquake", "knockoff", "rapidspin", "bodyslam"], "ability": "Comatose", "evs": {"hp": 85, "atk": 85, "def": 85, "spa": 85, "spd": 85, "spe": 85}, "ivs": {"hp": 31, "atk": 31, "def": 31, "spa": 31, "spd": 31, "spe": 31}, "item": "Assault Vest", "teraType": "Ghost", "role": "Bulky Support", "bvs": {"hp": 65, "atk": 115, "def": 65, "spa": 75, "spd": 95, "spe": 65}, "stats": {"hp": 258, "atk": 253, "def": 165, "spa": 182, "spd": 217, "spe": 165}, "types": ["Normal"]}, "Mightyena": {"name": "Mightyena", "species": "Mightyena", "speciesId": "mightyena", "gender": "F", "shiny": false, "level": 96, "moves": ["poisonfang", "crunch", "taunt", "suckerpunch"], "ability": "Intimidate", "evs": {"hp": 85, "atk": 85, "def": 85, "spa": 85, "spd": 85, "spe": 85}, "ivs": {"hp": 31, "atk": 31, "def": 31, "spa": 31, "spd": 31, "spe": 31}, "item": "Leftovers", "teraType": "Poison", "role": "Bulky Attacker", "bvs": {"hp": 70, "atk": 90, "def": 70, "spa": 60, "spd": 60, "spe": 70}, "stats": {"hp": 290, "atk": 227, "def": 189, "spa": 170, "spd": 170, "spe": 189}, "types": ["Dark"]}, "Skeledirge": {"name": "Skeledirge", "species": "Skeledirge", "speciesId": "skeledirge", "gender": "F", "shiny": false, "level": 79, "moves": ["willowisp", "slackoff", "torchsong", "hex"], "ability": "Unaware", "evs": {"hp": 85, "atk": 0, "def": 85, "spa": 85, "spd": 85, "spe": 85}, "ivs": {"hp": 31, "atk": 0, "def": 31, "spa": 31, "spd": 31, "spe": 31}, "item": "Heavy-Duty Boots", "teraType": "Fairy", "role": "Bulky Support", "bvs": {"hp": 104, "atk": 75, "def": 100, "spa": 110, "spd": 75, "spe": 66}, "stats": {"hp": 294, "atk": 123, "def": 204, "spa": 219, "spd": 164, "spe": 150}, "types": ["Fire", "Ghost"]}, "Noivern": {"name": "Noivern", "species": "Noivern", "speciesId": "noivern", "gender": "F", "shiny": false, "level": 82, "moves": ["uturn", "dracometeor", "hurricane", "boomburst"], "ability": "Infiltrator", "evs": {"hp": 85, "atk": 85, "def": 85, "spa": 85, "spd": 85, "spe": 85}, "ivs": {"hp": 31, "atk": 31, "def": 31, "spa": 31, "spd": 31, "spe": 31}, "item": "Choice Specs", "teraType": "Normal", "role": "Fast Attacker", "bvs": {"hp": 85, "atk": 70, "def": 80, "spa": 97, "spd": 80, "spe": 123}, "stats": {"hp": 274, "atk": 162, "def": 178, "spa": 206, "spd": 178, "spe": 249}, "types": ["Flying", "Dragon"]}}, {"Houndoom": {"name": "Houndoom", "species": "Houndoom", "speciesId": "houndoom", "gender": "M", "shiny": false, "level": 87, "moves": ["darkpulse", "nastyplot", "fireblast", "sludgebomb"], "ability": "Flash Fire", "evs": {"hp": 85, "atk": 0, "def": 85, "spa": 85, "spd": 85, "spe": 85}, "ivs": {"hp": 31, "atk": 0, "def": 31, "spa": 31, "spd": 31, "spe": 31}, "item": "Heavy-Duty Boots", "teraType": "Dark", "role": "Fast Attacker", "bvs": {"hp": 75, "atk": 90, "def": 50, "spa": 110, "spd": 80, "spe": 95}, "stats": {"hp": 272, "atk": 161, "def": 137, "spa": 241, "spd": 189, "spe": 215}, "types": ["Dark", "Fire"]}, "Salamence": {"name": "Salamence", "species": "Salamence", "speciesId": "salamence", "gender": "M", "shiny": false, "level": 77, "moves": ["earthquake", "dragondance", "dualwingbeat", "outrage"], "ability": "Moxie", "evs": {"hp": 85, "atk": 85, "def": 85, "spa": 85, "spd": 85, "spe": 85}, "ivs": {"hp": 31, "atk": 31, "def": 31, "spa": 31, "spd": 31, "spe": 31}, "item": "Heavy-Duty Boots", "teraType": "Dragon", "role": "Setup Sweeper", "bvs": {"hp": 95, "atk": 135, "def": 80, "spa": 110, "spd": 80, "spe": 100}, "stats": {"hp": 273, "atk": 252, "def": 168, "spa": 214, "spd": 168, "spe": 199}, "types": ["Dragon", "Flying"]}, "Inteleon": {"name": "Inteleon", "species": "Inteleon", "speciesId": "inteleon", "gender": "M", "shiny": false, "level": 81, "moves": ["hydropump", "uturn", "icebeam", "scald"], "ability": "Torrent", "evs": {"hp": 85, "atk": 85, "def": 85, "spa": 85, "spd": 85, "spe": 85}, "ivs": {"hp": 31, "atk": 31, "def": 31, "spa": 31, "spd": 31, "spe": 31}, "item": "Choice Specs", "teraType": "Water", "role": "Wallbreaker", "bvs": {"hp": 70, "atk": 85, "def": 65, "spa": 125, "spd": 65, "spe": 120}, "stats": {"hp": 246, "atk": 184, "def": 152, "spa": 249, "spd": 152, "spe": 241}, "types": ["Water"]}, "Luxray": {"name": "Luxray", "species": "Luxray", "speciesId": "luxray", "gender": "F", "shiny": false, "level": 88, "moves": ["supercellslam", "trailblaze", "throatchop", "facade"], "ability": "Guts", "evs": {"hp": 81, "atk": 85, "def": 85, "spa": 85, "spd": 85, "spe": 85}, "ivs": {"hp": 31, "atk": 31, "def": 31, "spa": 31, "spd": 31, "spe": 31}, "item": "Flame Orb", "teraType": "Normal", "role": "Setup Sweeper", "bvs": {"hp": 80, "atk": 120, "def": 79, "spa": 95, "spd": 79, "spe": 70}, "stats": {"hp": 283, "atk": 261, "def": 189, "spa": 217, "spd": 189, "spe": 173}, "types": ["Electric"]}, "Dudunsparce": {"name": "Dudunsparce", "species": "Dudunsparce", "speciesId": "dudunsparce", "gender": "F", "shiny": false, "level": 83, "moves": ["earthquake", "roost", "boomburst", "toxic"], "ability": "Rattled", "evs": {"hp": 85, "atk": 85, "def": 85, "spa": 85, "spd": 85, "spe": 85}, "ivs": {"hp": 31, "atk": 31, "def": 31, "spa": 31, "spd": 31, "spe": 31}, "item": "Leftovers", "teraType": "Poison", "role": "Bulky Attacker", "bvs": {"hp": 125, "atk": 100, "def": 80, "spa": 85, "spd": 75, "spe": 55}, "stats": {"hp": 343, "atk": 214, "def": 180, "spa": 189, "spd": 172, "spe": 139}, "types": ["Normal"]}, "Armarouge": {"name": "Armarouge", "species": "Armarouge", "speciesId": "armarouge", "gender": "M", "shiny": false, "level": 80, "moves": ["aurasphere", "armorcannon", "psyshock", "energyball"], "ability": "Weak Armor", "evs": {"hp": 85, "atk": 0, "def": 85, "spa": 85, "spd": 85, "spe": 85}, "ivs": {"hp": 31, "atk": 0, "def": 31, "spa": 31, "spd": 31, "spe": 31}, "item": "Choice Specs", "teraType": "Fighting", "role": "Wallbreaker", "bvs": {"hp": 85, "atk": 60, "def": 100, "spa": 125, "spd": 80, "spe": 75}, "stats": {"hp": 267, "atk": 101, "def": 206, "spa": 246, "spd": 174, "spe": 166}, "types": ["Fire", "Psychic"]}}]}