{"id": "gen9randombattle-2631392512", "format": "[Gen 9] Random Battle", "players": ["jp031z", "Latemaster"], "log": "|j|\u2606jp031z\n|j|\u2606Latemaster\n|t:|1781379238\n|gametype|singles\n|player|p1|jp031z|1|1218\n|player|p2|Latemaster|101|1256\n|gen|9\n|tier|[Gen 9] Random Battle\n|rated|\n|rule|Species Clause: Limit one of each Pok\u00e9mon\n|rule|HP Percentage Mod: HP is shown in percentages\n|rule|Sleep Clause Mod: Limit one foe put to sleep\n|rule|Illusion Level Mod: Illusion disguises the Pok\u00e9mon's true level\n|\n|t:|1781379238\n|teamsize|p1|6\n|teamsize|p2|6\n|start\n|switch|p1a: Araquanid|Araquanid, L82, F|246/246\n|switch|p2a: Solgaleo|Solgaleo, L74|325/325\n|turn|1\n|inactive|Battle timer is ON: inactive players will automatically lose when time's up. (requested by jp031z)\n|\n|t:|1781379280\n|switch|p2a: Alomomola|Alomomola, L87, F|429/429\n|move|p1a: Araquanid|Sticky Web|p2a: Alomomola\n|-sidestart|p2: Latemaster|move: Sticky Web\n|\n|upkeep\n|turn|2\n|\n|t:|1781379296\n|move|p2a: Alomomola|Wish|p2a: Alomomola\n|move|p1a: Araquanid|Leech Life|p2a: Alomomola\n|-damage|p2a: Alomomola|366/429\n|\n|-heal|p2a: Alomomola|392/429|[from] item: Leftovers\n|upkeep\n|turn|3\n|\n|t:|1781379324\n|switch|p2a: Volcanion|Volcanion, L79|255/255\n|-activate|p2a: Volcanion|move: Sticky Web\n|-unboost|p2a: Volcanion|spe|1\n|move|p1a: Araquanid|Mirror Coat||[still]\n|-fail|p1a: Araquanid\n|\n|upkeep\n|turn|4\n|inactive|Latemaster has 120 seconds left.\n|\n|t:|1781379341\n|switch|p1a: Toxicroak|Toxicroak, L84, M|277/277\n|move|p2a: Volcanion|Flamethrower|p1a: Toxicroak\n|-damage|p1a: Toxicroak|21/277\n|\n|upkeep\n|turn|5\n|\n|t:|1781379349\n|move|p1a: Toxicroak|Earthquake|p2a: Volcanion\n|-supereffective|p2a: Volcanion\n|-damage|p2a: Volcanion|89/255\n|-damage|p1a: Toxicroak|0 fnt|[from] item: Life Orb\n|faint|p1a: Toxicroak\n|move|p2a: Volcanion|Flamethrower|p1: Toxicroak|[notarget]\n|-fail|p2a: Volcanion\n|\n|upkeep\n|\n|t:|1781379352\n|switch|p1a: Moltres|Moltres-Galar, L79|271/271\n|turn|6\n|\n|t:|1781379360\n|move|p1a: Moltres|Nasty Plot|p1a: Moltres\n|-boost|p1a: Moltres|spa|2\n|move|p2a: Volcanion|Flamethrower|p1a: Moltres\n|-damage|p1a: Moltres|148/271\n|\n|upkeep\n|turn|7\n|\n|t:|1781379367\n|move|p1a: Moltres|Fiery Wrath|p2a: Volcanion\n|-crit|p2a: Volcanion\n|-damage|p2a: Volcanion|0 fnt\n|faint|p2a: Volcanion\n|\n|upkeep\n|\n|t:|1781379390\n|switch|p2a: Florges|Florges, L85, F|271/271\n|-activate|p2a: Florges|move: Sticky Web\n|-unboost|p2a: Florges|spe|1\n|turn|8\n|\n|t:|1781379399\n|move|p1a: Moltres|Hurricane|p2a: Florges\n|-damage|p2a: Florges|148/271\n|move|p2a: Florges|Moonblast|p1a: Moltres\n|-supereffective|p1a: Moltres\n|-damage|p1a: Moltres|0 fnt\n|faint|p1a: Moltres\n|\n|-heal|p2a: Florges|164/271|[from] item: Leftovers\n|upkeep\n|\n|t:|1781379406\n|switch|p1a: Copperajah|Copperajah, L86, F|349/349\n|turn|9\n|\n|t:|1781379422\n|-terastallize|p2a: Florges|Ground\n|move|p2a: Florges|Tera Blast|p1a: Copperajah|[anim] Tera Blast Ground\n|-supereffective|p1a: Copperajah\n|-damage|p1a: Copperajah|115/349\n|move|p1a: Copperajah|Heat Crash|p2a: Florges\n|-damage|p2a: Florges|0 fnt\n|faint|p2a: Florges\n|\n|upkeep\n|\n|t:|1781379436\n|switch|p2a: Blaziken|Blaziken, L76, M|247/247\n|-activate|p2a: Blaziken|move: Sticky Web\n|-unboost|p2a: Blaziken|spe|1\n|turn|10\n|\n|t:|1781379450\n|switch|p1a: Poliwrath|Poliwrath, L88, F|302/302\n|move|p2a: Blaziken|Close Combat|p1a: Poliwrath\n|-damage|p1a: Poliwrath|162/302\n|-unboost|p2a: Blaziken|def|1\n|-unboost|p2a: Blaziken|spd|1\n|-damage|p2a: Blaziken|223/247|[from] item: Life Orb\n|\n|-ability|p2a: Blaziken|Speed Boost|boost\n|-boost|p2a: Blaziken|spe|1\n|upkeep\n|turn|11\n|\n|t:|1781379469\n|switch|p2a: Iron Leaves|Iron Leaves, L80|275/275\n|-activate|p2a: Iron Leaves|move: Sticky Web\n|-unboost|p2a: Iron Leaves|spe|1\n|move|p1a: Poliwrath|Liquidation|p2a: Iron Leaves\n|-resisted|p2a: Iron Leaves\n|-damage|p2a: Iron Leaves|223/275\n|-unboost|p2a: Iron Leaves|def|1\n|\n|upkeep\n|turn|12\n|\n|t:|1781379483\n|move|p1a: Poliwrath|Knock Off|p2a: Iron Leaves\n|-supereffective|p2a: Iron Leaves\n|-damage|p2a: Iron Leaves|0 fnt\n|-enditem|p2a: Iron Leaves|Life Orb|[from] move: Knock Off|[of] p1a: Poliwrath\n|faint|p2a: Iron Leaves\n|-end|p2a: Iron Leaves|Quark Drive|[silent]\n|\n|upkeep\n|inactive|Latemaster has 120 seconds left.\n|\n|t:|1781379514\n|switch|p2a: Solgaleo|Solgaleo, L74|325/325\n|-activate|p2a: Solgaleo|move: Sticky Web\n|-fail|p2a: Solgaleo|unboost|[from] ability: Full Metal Body|[of] p2a: Solgaleo\n|turn|13\n|\n|t:|1781379524\n|move|p2a: Solgaleo|Close Combat|p1a: Poliwrath\n|-damage|p1a: Poliwrath|88/302\n|-unboost|p2a: Solgaleo|def|1\n|-unboost|p2a: Solgaleo|spd|1\n|move|p1a: Poliwrath|Knock Off|p2a: Solgaleo\n|-supereffective|p2a: Solgaleo\n|-damage|p2a: Solgaleo|109/325\n|-enditem|p2a: Solgaleo|Weakness Policy\n|-boost|p2a: Solgaleo|atk|2|[from] item: Weakness Policy\n|-boost|p2a: Solgaleo|spa|2|[from] item: Weakness Policy\n|\n|upkeep\n|turn|14\n|\n|t:|1781379540\n|move|p2a: Solgaleo|Close Combat|p1a: Poliwrath\n|-damage|p1a: Poliwrath|0 fnt\n|-unboost|p2a: Solgaleo|def|1\n|-unboost|p2a: Solgaleo|spd|1\n|faint|p1a: Poliwrath\n|\n|upkeep\n|\n|t:|1781379549\n|switch|p1a: Copperajah|Copperajah, L86, F|115/349\n|turn|15\n|\n|t:|1781379559\n|move|p2a: Solgaleo|Flame Charge|p1a: Copperajah\n|-supereffective|p1a: Copperajah\n|-damage|p1a: Copperajah|0 fnt\n|-boost|p2a: Solgaleo|spe|1\n|faint|p1a: Copperajah\n|\n|upkeep\n|inactive|jp031z has 120 seconds left.\n|\n|t:|1781379610\n|switch|p1a: Hoopa|Hoopa-Unbound, L80|259/259\n|turn|16\n|inactive|Latemaster has 120 seconds left.\n|\n|t:|1781379625\n|move|p2a: Solgaleo|Sunsteel Strike|p1a: Hoopa\n|-crit|p1a: Hoopa\n|-damage|p1a: Hoopa|0 fnt\n|faint|p1a: Hoopa\n|\n|upkeep\n|\n|t:|1781379629\n|switch|p1a: Araquanid|Araquanid, L82, F|246/246\n|turn|17\n|\n|t:|1781379644\n|move|p2a: Solgaleo|Flame Charge|p1a: Araquanid\n|-damage|p1a: Araquanid|206/246\n|-boost|p2a: Solgaleo|spe|1\n|move|p1a: Araquanid|Leech Life|p2a: Solgaleo\n|-damage|p2a: Solgaleo|0 fnt\n|-heal|p1a: Araquanid|246/246|[from] drain|[of] p2a: Solgaleo\n|faint|p2a: Solgaleo\n|\n|upkeep\n|inactive|Latemaster has 120 seconds left.\n|\n|t:|1781379671\n|switch|p2a: Alomomola|Alomomola, L87, F|429/429\n|-activate|p2a: Alomomola|move: Sticky Web\n|-unboost|p2a: Alomomola|spe|1\n|turn|18\n|\n|t:|1781379692\n|move|p1a: Araquanid|Leech Life|p2a: Alomomola\n|-damage|p2a: Alomomola|363/429\n|move|p2a: Alomomola|Scald|p1a: Araquanid\n|-resisted|p1a: Araquanid\n|-damage|p1a: Araquanid|228/246\n|\n|-heal|p2a: Alomomola|389/429|[from] item: Leftovers\n|upkeep\n|turn|19\n|\n|t:|1781379701\n|move|p1a: Araquanid|Leech Life|p2a: Alomomola\n|-damage|p2a: Alomomola|326/429\n|-heal|p1a: Araquanid|246/246|[from] drain|[of] p2a: Alomomola\n|move|p2a: Alomomola|Scald|p1a: Araquanid\n|-resisted|p1a: Araquanid\n|-crit|p1a: Araquanid\n|-damage|p1a: Araquanid|219/246\n|\n|-heal|p2a: Alomomola|352/429|[from] item: Leftovers\n|upkeep\n|turn|20\n|inactive|Latemaster has 120 seconds left.\n|\n|t:|1781379714\n|move|p1a: Araquanid|Liquidation|p2a: Alomomola\n|-resisted|p2a: Alomomola\n|-damage|p2a: Alomomola|279/429\n|move|p2a: Alomomola|Wish|p2a: Alomomola\n|\n|-heal|p2a: Alomomola|305/429|[from] item: Leftovers\n|upkeep\n|turn|21\n|inactive|Latemaster has 120 seconds left.\n|\n|t:|1781379722\n|move|p1a: Araquanid|Liquidation|p2a: Alomomola\n|-resisted|p2a: Alomomola\n|-damage|p2a: Alomomola|239/429\n|-unboost|p2a: Alomomola|def|1\n|move|p2a: Alomomola|Scald|p1a: Araquanid\n|-resisted|p1a: Araquanid\n|-damage|p1a: Araquanid|201/246\n|\n|-heal|p2a: Alomomola|429/429|[from] move: Wish|[wisher] Alomomola\n|upkeep\n|turn|22\n|c|\u2606jp031z|lol\n|inactive|Latemaster has 120 seconds left.\n|\n|t:|1781379734\n|move|p1a: Araquanid|Liquidation|p2a: Alomomola\n|-resisted|p2a: Alomomola\n|-damage|p2a: Alomomola|328/429\n|move|p2a: Alomomola|Scald|p1a: Araquanid\n|-resisted|p1a: Araquanid\n|-damage|p1a: Araquanid|182/246\n|\n|-heal|p2a: Alomomola|354/429|[from] item: Leftovers\n|upkeep\n|turn|23\n|inactive|Latemaster has 120 seconds left.\n|\n|t:|1781379749\n|move|p1a: Araquanid|Leech Life|p2a: Alomomola\n|-damage|p2a: Alomomola|252/429\n|-heal|p1a: Araquanid|233/246|[from] drain|[of] p2a: Alomomola\n|move|p2a: Alomomola|Scald|p1a: Araquanid\n|-resisted|p1a: Araquanid\n|-damage|p1a: Araquanid|215/246\n|\n|-heal|p2a: Alomomola|278/429|[from] item: Leftovers\n|upkeep\n|turn|24\n|inactive|Latemaster has 120 seconds left.\n|\n|t:|1781379760\n|move|p1a: Araquanid|Leech Life|p2a: Alomomola\n|-damage|p2a: Alomomola|176/429\n|-heal|p1a: Araquanid|246/246|[from] drain|[of] p2a: Alomomola\n|move|p2a: Alomomola|Wish|p2a: Alomomola\n|\n|-heal|p2a: Alomomola|202/429|[from] item: Leftovers\n|upkeep\n|turn|25\n|\n|t:|1781379768\n|move|p1a: Araquanid|Liquidation|p2a: Alomomola\n|-resisted|p2a: Alomomola\n|-crit|p2a: Alomomola\n|-damage|p2a: Alomomola|40/429\n|move|p2a: Alomomola|Scald|p1a: Araquanid\n|-resisted|p1a: Araquanid\n|-damage|p1a: Araquanid|230/246\n|\n|-heal|p2a: Alomomola|254/429|[from] move: Wish|[wisher] Alomomola\n|-heal|p2a: Alomomola|280/429|[from] item: Leftovers\n|upkeep\n|turn|26\n|\n|t:|1781379780\n|move|p1a: Araquanid|Liquidation|p2a: Alomomola\n|-resisted|p2a: Alomomola\n|-damage|p2a: Alomomola|168/429\n|-unboost|p2a: Alomomola|def|1\n|move|p2a: Alomomola|Wish|p2a: Alomomola\n|\n|-heal|p2a: Alomomola|194/429|[from] item: Leftovers\n|upkeep\n|turn|27\n|\n|t:|1781379788\n|move|p2a: Alomomola|Protect|p2a: Alomomola\n|-singleturn|p2a: Alomomola|Protect\n|move|p1a: Araquanid|Leech Life|p2a: Alomomola\n|-activate|p2a: Alomomola|move: Protect\n|\n|-heal|p2a: Alomomola|408/429|[from] move: Wish|[wisher] Alomomola\n|-heal|p2a: Alomomola|429/429|[from] item: Leftovers\n|upkeep\n|turn|28\n|\n|t:|1781379799\n|move|p1a: Araquanid|Liquidation|p2a: Alomomola\n|-resisted|p2a: Alomomola\n|-damage|p2a: Alomomola|300/429\n|move|p2a: Alomomola|Scald|p1a: Araquanid\n|-resisted|p1a: Araquanid\n|-damage|p1a: Araquanid|212/246\n|\n|-heal|p2a: Alomomola|326/429|[from] item: Leftovers\n|upkeep\n|turn|29\n|\n|t:|1781379809\n|move|p1a: Araquanid|Liquidation|p2a: Alomomola\n|-resisted|p2a: Alomomola\n|-damage|p2a: Alomomola|179/429\n|move|p2a: Alomomola|Scald|p1a: Araquanid\n|-resisted|p1a: Araquanid\n|-damage|p1a: Araquanid|193/246\n|\n|-heal|p2a: Alomomola|205/429|[from] item: Leftovers\n|upkeep\n|turn|30\n|\n|t:|1781379819\n|move|p1a: Araquanid|Leech Life|p2a: Alomomola\n|-damage|p2a: Alomomola|85/429\n|-heal|p1a: Araquanid|246/246|[from] drain|[of] p2a: Alomomola\n|move|p2a: Alomomola|Wish|p2a: Alomomola\n|\n|-heal|p2a: Alomomola|111/429|[from] item: Leftovers\n|upkeep\n|turn|31\n|\n|t:|1781379831\n|move|p2a: Alomomola|Protect|p2a: Alomomola\n|-singleturn|p2a: Alomomola|Protect\n|move|p1a: Araquanid|Leech Life|p2a: Alomomola\n|-activate|p2a: Alomomola|move: Protect\n|\n|-heal|p2a: Alomomola|325/429|[from] move: Wish|[wisher] Alomomola\n|-heal|p2a: Alomomola|351/429|[from] item: Leftovers\n|upkeep\n|turn|32\n|\n|t:|1781379842\n|move|p1a: Araquanid|Liquidation|p2a: Alomomola\n|-resisted|p2a: Alomomola\n|-damage|p2a: Alomomola|218/429\n|move|p2a: Alomomola|Wish|p2a: Alomomola\n|\n|-heal|p2a: Alomomola|244/429|[from] item: Leftovers\n|upkeep\n|turn|33\n|\n|t:|1781379851\n|move|p1a: Araquanid|Liquidation|p2a: Alomomola\n|-resisted|p2a: Alomomola\n|-damage|p2a: Alomomola|99/429\n|move|p2a: Alomomola|Scald|p1a: Araquanid\n|-resisted|p1a: Araquanid\n|-crit|p1a: Araquanid\n|-damage|p1a: Araquanid|217/246\n|\n|-heal|p2a: Alomomola|313/429|[from] move: Wish|[wisher] Alomomola\n|-heal|p2a: Alomomola|339/429|[from] item: Leftovers\n|upkeep\n|turn|34\n|\n|t:|1781379862\n|move|p2a: Alomomola|Wish|p2a: Alomomola\n|move|p1a: Araquanid|Mirror Coat||[still]\n|-fail|p1a: Araquanid\n|\n|-heal|p2a: Alomomola|365/429|[from] item: Leftovers\n|upkeep\n|turn|35\n|\n|t:|1781379869\n|move|p1a: Araquanid|Liquidation|p2a: Alomomola\n|-resisted|p2a: Alomomola\n|-damage|p2a: Alomomola|238/429\n|-unboost|p2a: Alomomola|def|1\n|move|p2a: Alomomola|Scald|p1a: Araquanid\n|-resisted|p1a: Araquanid\n|-damage|p1a: Araquanid|200/246\n|\n|-heal|p2a: Alomomola|429/429|[from] move: Wish|[wisher] Alomomola\n|upkeep\n|turn|36\n|\n|t:|1781379884\n|move|p1a: Araquanid|Leech Life|p2a: Alomomola\n|-damage|p2a: Alomomola|269/429\n|-heal|p1a: Araquanid|246/246|[from] drain|[of] p2a: Alomomola\n|move|p2a: Alomomola|Scald|p1a: Araquanid\n|-resisted|p1a: Araquanid\n|-damage|p1a: Araquanid|227/246\n|\n|-heal|p2a: Alomomola|295/429|[from] item: Leftovers\n|upkeep\n|turn|37\n|\n|t:|1781379897\n|move|p1a: Araquanid|Leech Life|p2a: Alomomola\n|-damage|p2a: Alomomola|141/429\n|-heal|p1a: Araquanid|246/246|[from] drain|[of] p2a: Alomomola\n|move|p2a: Alomomola|Wish|p2a: Alomomola\n|\n|-heal|p2a: Alomomola|167/429|[from] item: Leftovers\n|upkeep\n|turn|38\n|\n|t:|1781379905\n|move|p2a: Alomomola|Protect|p2a: Alomomola\n|-singleturn|p2a: Alomomola|Protect\n|move|p1a: Araquanid|Leech Life|p2a: Alomomola\n|-activate|p2a: Alomomola|move: Protect\n|\n|-heal|p2a: Alomomola|381/429|[from] move: Wish|[wisher] Alomomola\n|-heal|p2a: Alomomola|407/429|[from] item: Leftovers\n|upkeep\n|turn|39\n|\n|t:|1781379917\n|move|p1a: Araquanid|Leech Life|p2a: Alomomola\n|-damage|p2a: Alomomola|244/429\n|move|p2a: Alomomola|Scald|p1a: Araquanid\n|-resisted|p1a: Araquanid\n|-damage|p1a: Araquanid|230/246\n|\n|-heal|p2a: Alomomola|270/429|[from] item: Leftovers\n|upkeep\n|turn|40\n|\n|t:|1781379926\n|move|p1a: Araquanid|Leech Life|p2a: Alomomola\n|-damage|p2a: Alomomola|110/429\n|-heal|p1a: Araquanid|246/246|[from] drain|[of] p2a: Alomomola\n|move|p2a: Alomomola|Wish|p2a: Alomomola\n|\n|-heal|p2a: Alomomola|136/429|[from] item: Leftovers\n|upkeep\n|turn|41\n|\n|t:|1781379936\n|switch|p2a: Blaziken|Blaziken, L76, M|223/247\n|-activate|p2a: Blaziken|move: Sticky Web\n|-unboost|p2a: Blaziken|spe|1\n|move|p1a: Araquanid|Sticky Web||[still]\n|-fail|p1a: Araquanid\n|\n|-heal|p2a: Blaziken|247/247|[from] move: Wish|[wisher] Alomomola\n|upkeep\n|turn|42\n|\n|t:|1781379949\n|move|p1a: Araquanid|Liquidation|p2a: Blaziken\n|-supereffective|p2a: Blaziken\n|-damage|p2a: Blaziken|0 fnt\n|faint|p2a: Blaziken\n|\n|upkeep\n|n|!jp031z|jp031z\n|inactive|Latemaster has 120 seconds left.\n|l|\u2606Latemaster\n|inactive|Latemaster disconnected and has a minute to reconnect!\n|player|p2|\n|inactive|Latemaster has 30 seconds to reconnect!\n|inactive|Latemaster has 20 seconds to reconnect!\n|inactive|Latemaster has 15 seconds to reconnect!\n|inactive|Latemaster has 10 seconds to reconnect!\n|inactive|Latemaster has 5 seconds to reconnect!\n|-message|Latemaster lost due to inactivity.\n|\n|win|jp031z\n", "inputlog": ">version a8376a258c1d4662feba110a92103f3664a72141\n>start {\"formatid\":\"gen9randombattle\",\"seed\":\"sodium,d060eb656b3edff76fb9a115be8f494e\",\"rated\":\"Rated battle\"}\n>player p1 {\"name\":\"jp031z\",\"avatar\":\"1\",\"rating\":1218,\"seed\":\"sodium,b542418da2bd19675cb214735319baa7\"}\n>player p2 {\"name\":\"Latemaster\",\"avatar\":\"101\",\"rating\":1256,\"seed\":\"sodium,202287a4a3522980bc422f70125075be\"}\n>p1 move stickyweb\n>p2 switch 3\n>p1 move leechlife\n>p2 move wish\n>p1 move mirrorcoat\n>p2 switch 4\n>p1 switch 6\n>p2 move flamethrower\n>p1 move earthquake\n>p2 move flamethrower\n>p1 switch 5\n>p1 move nastyplot\n>p2 move flamethrower\n>p1 move fierywrath\n>p2 move flamethrower\n>p2 switch 2\n>p1 move hurricane\n>p2 move moonblast\n>p1 switch 2\n>p1 move heatcrash\n>p2 move terablast terastallize\n>p2 switch 6\n>p1 switch 3\n>p2 move closecombat\n>p1 move liquidation\n>p2 switch 5\n>p1 move knockoff\n>p2 move leafblade\n>p2 switch 3\n>p1 move knockoff\n>p2 move closecombat\n>p1 move closecombat\n>p2 move closecombat\n>p1 switch 3\n>p1 move earthquake\n>p2 move flamecharge\n>p1 switch 4\n>p1 move hyperspacefury\n>p2 move sunsteelstrike\n>p1 switch 6\n>p1 move leechlife\n>p2 move flamecharge\n>p2 switch 4\n>p1 move leechlife\n>p2 move scald\n>p1 move leechlife\n>p2 move scald\n>p1 move liquidation\n>p2 move wish\n>p1 move liquidation\n>p2 move scald\n>chat \u2606jp031z|lol\n>p1 move liquidation\n>p2 move scald\n>p1 move leechlife\n>p2 move scald\n>p1 move leechlife\n>p2 move wish\n>p1 move liquidation\n>p2 move scald\n>p1 move liquidation\n>p2 move wish\n>p1 move leechlife\n>p2 move protect\n>p1 move liquidation\n>p2 move scald\n>p1 move liquidation\n>p2 move scald\n>p1 move leechlife\n>p2 move wish\n>p1 move leechlife\n>p2 move protect\n>p1 move liquidation\n>p2 move wish\n>p1 move liquidation\n>p2 move scald\n>p1 move mirrorcoat\n>p2 move wish\n>p1 move liquidation\n>p2 move scald\n>p1 move leechlife\n>p2 move scald\n>p1 move leechlife\n>p2 move wish\n>p1 move leechlife\n>p2 move protect\n>p1 move leechlife\n>p2 move scald\n>p1 move leechlife\n>p2 move wish\n>p1 move stickyweb\n>p2 switch 5\n>p1 move liquidation\n>p2 move flareblitz\n>chat \u2606jp031z|pussy\n>forcelose p2", "uploadtime": 1781379963, "views": 8, "formatid": "gen9randombattle", "rating": null, "private": 0, "password": null, "player_dets": [{"name": "jp031z", "avatar": "1", "rating": 1218, "seed": "sodium,b542418da2bd19675cb214735319baa7"}, {"name": "Latemaster", "avatar": "101", "rating": 1256, "seed": "sodium,202287a4a3522980bc422f70125075be"}], "teams_full": [{"Araquanid": {"name": "Araquanid", "species": "Araquanid", "speciesId": "araquanid", "gender": "F", "shiny": false, "level": 82, "moves": ["leechlife", "stickyweb", "liquidation", "mirrorcoat"], "ability": "Water Bubble", "evs": {"hp": 85, "atk": 85, "def": 85, "spa": 85, "spd": 85, "spe": 85}, "ivs": {"hp": 31, "atk": 31, "def": 31, "spa": 31, "spd": 31, "spe": 31}, "item": "Heavy-Duty Boots", "teraType": "Steel", "role": "Bulky Attacker", "bvs": {"hp": 68, "atk": 70, "def": 92, "spa": 50, "spd": 132, "spe": 42}, "stats": {"hp": 246, "atk": 162, "def": 198, "spa": 129, "spd": 264, "spe": 116}, "types": ["Water", "Bug"]}, "Copperajah": {"name": "Copperajah", "species": "Copperajah", "speciesId": "copperajah", "gender": "F", "shiny": false, "level": 86, "moves": ["heatcrash", "earthquake", "supercellslam", "heavyslam"], "ability": "Heavy Metal", "evs": {"hp": 81, "atk": 85, "def": 85, "spa": 85, "spd": 85, "spe": 85}, "ivs": {"hp": 31, "atk": 31, "def": 31, "spa": 31, "spd": 31, "spe": 31}, "item": "Choice Band", "teraType": "Flying", "role": "Bulky Attacker", "bvs": {"hp": 122, "atk": 130, "def": 69, "spa": 80, "spd": 69, "spe": 30}, "stats": {"hp": 349, "atk": 273, "def": 168, "spa": 187, "spd": 168, "spe": 101}, "types": ["Steel"]}, "Poliwrath": {"name": "Poliwrath", "species": "Poliwrath", "speciesId": "poliwrath", "gender": "F", "shiny": false, "level": 88, "moves": ["closecombat", "liquidation", "circlethrow", "knockoff"], "ability": "Water Absorb", "evs": {"hp": 85, "atk": 85, "def": 85, "spa": 85, "spd": 85, "spe": 85}, "ivs": {"hp": 31, "atk": 31, "def": 31, "spa": 31, "spd": 31, "spe": 31}, "item": "Assault Vest", "teraType": "Dark", "role": "AV Pivot", "bvs": {"hp": 90, "atk": 95, "def": 95, "spa": 70, "spd": 90, "spe": 70}, "stats": {"hp": 302, "atk": 217, "def": 217, "spa": 173, "spd": 209, "spe": 173}, "types": ["Water", "Fighting"]}, "Hoopa": {"name": "Hoopa", "species": "Hoopa-Unbound", "speciesId": "hoopaunbound", "gender": "N", "shiny": false, "level": 80, "moves": ["drainpunch", "hyperspacefury", "gunkshot", "trick"], "ability": "Magician", "evs": {"hp": 85, "atk": 85, "def": 85, "spa": 85, "spd": 85, "spe": 85}, "ivs": {"hp": 31, "atk": 31, "def": 31, "spa": 31, "spd": 31, "spe": 31}, "item": "Choice Band", "teraType": "Poison", "role": "Wallbreaker", "bvs": {"hp": 80, "atk": 160, "def": 60, "spa": 170, "spd": 130, "spe": 80}, "stats": {"hp": 259, "atk": 302, "def": 142, "spa": 318, "spd": 254, "spe": 174}, "types": ["Psychic", "Dark"]}, "Moltres": {"name": "Moltres", "species": "Moltres-Galar", "speciesId": "moltresgalar", "gender": "N", "shiny": false, "level": 79, "moves": ["hurricane", "fierywrath", "nastyplot", "agility"], "ability": "Berserk", "evs": {"hp": 81, "atk": 0, "def": 85, "spa": 85, "spd": 85, "spe": 85}, "ivs": {"hp": 31, "atk": 0, "def": 31, "spa": 31, "spd": 31, "spe": 31}, "item": "Weakness Policy", "teraType": "Dark", "role": "Bulky Setup", "bvs": {"hp": 90, "atk": 85, "def": 90, "spa": 100, "spd": 125, "spe": 90}, "stats": {"hp": 271, "atk": 139, "def": 188, "spa": 204, "spd": 243, "spe": 188}, "types": ["Dark", "Flying"]}, "Toxicroak": {"name": "Toxicroak", "species": "Toxicroak", "speciesId": "toxicroak", "gender": "M", "shiny": false, "level": 84, "moves": ["gunkshot", "earthquake", "closecombat", "swordsdance"], "ability": "Dry Skin", "evs": {"hp": 85, "atk": 85, "def": 85, "spa": 85, "spd": 85, "spe": 85}, "ivs": {"hp": 31, "atk": 31, "def": 31, "spa": 31, "spd": 31, "spe": 31}, "item": "Life Orb", "teraType": "Ground", "role": "Setup Sweeper", "bvs": {"hp": 83, "atk": 106, "def": 65, "spa": 86, "spd": 65, "spe": 85}, "stats": {"hp": 277, "atk": 226, "def": 157, "spa": 193, "spd": 157, "spe": 191}, "types": ["Poison", "Fighting"]}}, {"Solgaleo": {"name": "Solgaleo", "species": "Solgaleo", "speciesId": "solgaleo", "gender": "N", "shiny": false, "level": 74, "moves": ["flamecharge", "earthquake", "sunsteelstrike", "closecombat"], "ability": "Full Metal Body", "evs": {"hp": 85, "atk": 85, "def": 85, "spa": 85, "spd": 85, "spe": 85}, "ivs": {"hp": 31, "atk": 31, "def": 31, "spa": 31, "spd": 31, "spe": 31}, "item": "Weakness Policy", "teraType": "Fighting", "role": "Bulky Setup", "bvs": {"hp": 137, "atk": 137, "def": 107, "spa": 113, "spd": 89, "spe": 97}, "stats": {"hp": 325, "atk": 246, "def": 201, "spa": 210, "spd": 175, "spe": 187}, "types": ["Psychic", "Steel"]}, "Florges": {"name": "Florges", "species": "Florges", "speciesId": "florges", "gender": "F", "shiny": false, "level": 85, "moves": ["moonblast", "terablast", "synthesis", "calmmind"], "ability": "Flower Veil", "evs": {"hp": 85, "atk": 0, "def": 85, "spa": 85, "spd": 85, "spe": 85}, "ivs": {"hp": 31, "atk": 0, "def": 31, "spa": 31, "spd": 31, "spe": 31}, "item": "Leftovers", "teraType": "Ground", "role": "Tera Blast user", "bvs": {"hp": 78, "atk": 65, "def": 68, "spa": 112, "spd": 154, "spe": 75}, "stats": {"hp": 271, "atk": 115, "def": 164, "spa": 239, "spd": 311, "spe": 176}, "types": ["Fairy"]}, "Alomomola": {"name": "Alomomola", "species": "Alomomola", "speciesId": "alomomola", "gender": "F", "shiny": false, "level": 87, "moves": ["scald", "flipturn", "protect", "wish"], "ability": "Regenerator", "evs": {"hp": 85, "atk": 85, "def": 85, "spa": 85, "spd": 85, "spe": 85}, "ivs": {"hp": 31, "atk": 31, "def": 31, "spa": 31, "spd": 31, "spe": 31}, "item": "Leftovers", "teraType": "Steel", "role": "Bulky Support", "bvs": {"hp": 165, "atk": 75, "def": 80, "spa": 40, "spd": 45, "spe": 65}, "stats": {"hp": 429, "atk": 180, "def": 189, "spa": 119, "spd": 128, "spe": 163}, "types": ["Water"]}, "Volcanion": {"name": "Volcanion", "species": "Volcanion", "speciesId": "volcanion", "gender": "N", "shiny": false, "level": 79, "moves": ["earthpower", "flamethrower", "sludgebomb", "steameruption"], "ability": "Water Absorb", "evs": {"hp": 81, "atk": 0, "def": 85, "spa": 85, "spd": 85, "spe": 85}, "ivs": {"hp": 31, "atk": 0, "def": 31, "spa": 31, "spd": 31, "spe": 31}, "item": "Choice Specs", "teraType": "Water", "role": "Bulky Attacker", "bvs": {"hp": 80, "atk": 110, "def": 120, "spa": 130, "spd": 90, "spe": 70}, "stats": {"hp": 255, "atk": 178, "def": 235, "spa": 251, "spd": 188, "spe": 156}, "types": ["Fire", "Water"]}, "Iron Leaves": {"name": "Iron Leaves", "species": "Iron Leaves", "speciesId": "ironleaves", "gender": "N", "shiny": false, "level": 80, "moves": ["leafblade", "swordsdance", "closecombat", "psyblade"], "ability": "Quark Drive", "evs": {"hp": 85, "atk": 85, "def": 85, "spa": 85, "spd": 85, "spe": 85}, "ivs": {"hp": 31, "atk": 31, "def": 31, "spa": 31, "spd": 31, "spe": 31}, "item": "Life Orb", "teraType": "Fighting", "role": "Wallbreaker", "bvs": {"hp": 90, "atk": 130, "def": 88, "spa": 70, "spd": 108, "spe": 104}, "stats": {"hp": 275, "atk": 254, "def": 187, "spa": 158, "spd": 219, "spe": 213}, "types": ["Grass", "Psychic"]}, "Blaziken": {"name": "Blaziken", "species": "Blaziken", "speciesId": "blaziken", "gender": "M", "shiny": false, "level": 76, "moves": ["swordsdance", "closecombat", "flareblitz", "knockoff"], "ability": "Speed Boost", "evs": {"hp": 85, "atk": 85, "def": 85, "spa": 85, "spd": 85, "spe": 85}, "ivs": {"hp": 31, "atk": 31, "def": 31, "spa": 31, "spd": 31, "spe": 31}, "item": "Life Orb", "teraType": "Dark", "role": "Setup Sweeper", "bvs": {"hp": 80, "atk": 120, "def": 70, "spa": 110, "spd": 70, "spe": 80}, "stats": {"hp": 247, "atk": 226, "def": 150, "spa": 211, "spd": 150, "spe": 166}, "types": ["Fire", "Fighting"]}}]}