{"id": "gen9randombattle-2631959943", "format": "[Gen 9] Random Battle", "players": ["Saaskin", "TTeTyLLloK"], "log": "|j|\u2606Saaskin\n|j|\u2606TTeTyLLloK\n|t:|1781460093\n|gametype|singles\n|player|p1|Saaskin|169|1996\n|player|p2|TTeTyLLloK|bruno|1980\n|gen|9\n|tier|[Gen 9] Random Battle\n|rated|\n|rule|Species Clause: Limit one of each Pok\u00e9mon\n|rule|HP Percentage Mod: HP is shown in percentages\n|rule|Sleep Clause Mod: Limit one foe put to sleep\n|rule|Illusion Level Mod: Illusion disguises the Pok\u00e9mon's true level\n|\n|t:|1781460093\n|teamsize|p1|6\n|teamsize|p2|6\n|start\n|switch|p1a: Glaceon|Glaceon, L94, M|275/275\n|switch|p2a: Wigglytuff|Wigglytuff, L96, M|424/424\n|turn|1\n|inactive|Battle timer is ON: inactive players will automatically lose when time's up. (requested by TTeTyLLloK)\n|inactive|Saaskin also wants the timer to be on.\n|\n|t:|1781460111\n|switch|p1a: Donphan|Donphan, L84, M|288/288\n|move|p2a: Wigglytuff|Knock Off|p1a: Donphan\n|-damage|p1a: Donphan|235/288\n|-enditem|p1a: Donphan|Leftovers|[from] move: Knock Off|[of] p2a: Wigglytuff\n|\n|upkeep\n|turn|2\n|\n|t:|1781460119\n|switch|p2a: Regice|Regice, L88|284/284\n|move|p1a: Donphan|Stealth Rock|p2a: Regice\n|-sidestart|p2: TTeTyLLloK|move: Stealth Rock\n|\n|upkeep\n|turn|3\n|\n|t:|1781460135\n|switch|p1a: Glaceon|Glaceon, L94, M|275/275\n|move|p2a: Regice|Ice Beam|p1a: Glaceon\n|-resisted|p1a: Glaceon\n|-damage|p1a: Glaceon|232/275\n|\n|upkeep\n|turn|4\n|\n|t:|1781460138\n|move|p1a: Glaceon|Calm Mind|p1a: Glaceon\n|-boost|p1a: Glaceon|spa|1\n|-boost|p1a: Glaceon|spd|1\n|move|p2a: Regice|Body Press|p1a: Glaceon\n|-supereffective|p1a: Glaceon\n|-damage|p1a: Glaceon|138/275\n|\n|upkeep\n|turn|5\n|\n|t:|1781460142\n|move|p1a: Glaceon|Wish|p1a: Glaceon\n|move|p2a: Regice|Body Press|p1a: Glaceon\n|-supereffective|p1a: Glaceon\n|-damage|p1a: Glaceon|48/275\n|\n|upkeep\n|turn|6\n|\n|t:|1781460154\n|move|p1a: Glaceon|Protect|p1a: Glaceon\n|-singleturn|p1a: Glaceon|Protect\n|move|p2a: Regice|Body Press|p1a: Glaceon\n|-activate|p1a: Glaceon|move: Protect\n|\n|-heal|p1a: Glaceon|185/275|[from] move: Wish|[wisher] Glaceon\n|upkeep\n|turn|7\n|\n|t:|1781460167\n|move|p1a: Glaceon|Wish|p1a: Glaceon\n|move|p2a: Regice|Body Press|p1a: Glaceon\n|-supereffective|p1a: Glaceon\n|-damage|p1a: Glaceon|95/275\n|\n|upkeep\n|turn|8\n|\n|t:|1781460174\n|switch|p2a: Archaludon|Archaludon, L78, M|268/268\n|-damage|p2a: Archaludon|252/268|[from] Stealth Rock\n|move|p1a: Glaceon|Protect||[still]\n|-fail|p1a: Glaceon\n|\n|-heal|p1a: Glaceon|232/275|[from] move: Wish|[wisher] Glaceon\n|upkeep\n|turn|9\n|\n|t:|1781460185\n|switch|p1a: Donphan|Donphan, L84, M|235/288\n|move|p2a: Archaludon|Body Press|p1a: Donphan\n|-damage|p1a: Donphan|188/288\n|\n|upkeep\n|turn|10\n|\n|t:|1781460191\n|move|p2a: Archaludon|Draco Meteor|p1a: Donphan\n|-damage|p1a: Donphan|0 fnt\n|-unboost|p2a: Archaludon|spa|2\n|faint|p1a: Donphan\n|\n|upkeep\n|\n|t:|1781460210\n|switch|p1a: Iron Crown|Iron Crown, L78|268/268\n|turn|11\n|\n|t:|1781460226\n|move|p1a: Iron Crown|Focus Blast|p2a: Archaludon\n|-supereffective|p2a: Archaludon\n|-damage|p2a: Archaludon|18/268\n|-ability|p2a: Archaludon|Stamina|boost\n|-boost|p2a: Archaludon|def|1\n|move|p2a: Archaludon|Dragon Tail|p1a: Iron Crown\n|-resisted|p1a: Iron Crown\n|-damage|p1a: Iron Crown|239/268\n|-end|p1a: Iron Crown|Quark Drive|[silent]\n|drag|p1a: Glaceon|Glaceon, L94, M|232/275\n|\n|upkeep\n|turn|12\n|\n|t:|1781460233\n|move|p2a: Archaludon|Body Press|p1a: Glaceon\n|-supereffective|p1a: Glaceon\n|-damage|p1a: Glaceon|96/275\n|move|p1a: Glaceon|Freeze-Dry|p2a: Archaludon\n|-damage|p2a: Archaludon|0 fnt\n|faint|p2a: Archaludon\n|\n|upkeep\n|\n|t:|1781460237\n|switch|p2a: Malamar|Malamar, L82, F|275/275\n|-damage|p2a: Malamar|241/275|[from] Stealth Rock\n|turn|13\n|\n|t:|1781460245\n|switch|p1a: Iron Crown|Iron Crown, L78|239/268\n|move|p2a: Malamar|Superpower|p1a: Iron Crown\n|-damage|p1a: Iron Crown|160/268\n|-boost|p2a: Malamar|atk|1\n|-boost|p2a: Malamar|def|1\n|\n|upkeep\n|turn|14\n|\n|t:|1781460251\n|move|p1a: Iron Crown|Tachyon Cutter|p2a: Malamar\n|-damage|p2a: Malamar|144/275\n|-damage|p2a: Malamar|48/275\n|-hitcount|p2a: Malamar|2\n|move|p2a: Malamar|Knock Off|p1a: Iron Crown\n|-supereffective|p1a: Iron Crown\n|-damage|p1a: Iron Crown|0 fnt\n|-enditem|p1a: Iron Crown|Choice Specs|[from] move: Knock Off|[of] p2a: Malamar\n|faint|p1a: Iron Crown\n|-end|p1a: Iron Crown|Quark Drive|[silent]\n|\n|upkeep\n|\n|t:|1781460258\n|switch|p1a: Glaceon|Glaceon, L94, M|96/275\n|turn|15\n|\n|t:|1781460262\n|move|p1a: Glaceon|Freeze-Dry|p2a: Malamar\n|-damage|p2a: Malamar|0 fnt\n|faint|p2a: Malamar\n|\n|upkeep\n|\n|t:|1781460268\n|switch|p2a: Overqwil|Overqwil, L82, M|274/274\n|-damage|p2a: Overqwil|240/274|[from] Stealth Rock\n|-ability|p2a: Overqwil|Intimidate|boost\n|-unboost|p1a: Glaceon|atk|1\n|turn|16\n|\n|t:|1781460284\n|switch|p1a: Dodrio|Dodrio, L85, F|241/241\n|move|p2a: Overqwil|Swords Dance|p2a: Overqwil\n|-boost|p2a: Overqwil|atk|2\n|\n|upkeep\n|turn|17\n|\n|t:|1781460291\n|move|p1a: Dodrio|Brave Bird|p2a: Overqwil\n|-damage|p2a: Overqwil|110/274\n|-damage|p1a: Dodrio|198/241|[from] Recoil\n|move|p2a: Overqwil|Scale Shot|p1a: Dodrio\n|-damage|p1a: Dodrio|154/241\n|-damage|p1a: Dodrio|109/241\n|-damage|p1a: Dodrio|65/241\n|-damage|p1a: Dodrio|21/241\n|-hitcount|p1a: Dodrio|4\n|-unboost|p2a: Overqwil|def|1\n|-boost|p2a: Overqwil|spe|1\n|\n|upkeep\n|turn|18\n|\n|t:|1781460301\n|move|p2a: Overqwil|Crunch|p1a: Dodrio\n|-damage|p1a: Dodrio|0 fnt\n|faint|p1a: Dodrio\n|\n|upkeep\n|\n|t:|1781460305\n|switch|p1a: Talonflame|Talonflame, L83, M|265/265\n|turn|19\n|\n|t:|1781460331\n|switch|p2a: Regice|Regice, L88|284/284\n|move|p1a: Talonflame|Brave Bird|p2a: Regice\n|-damage|p2a: Regice|185/284\n|-damage|p1a: Talonflame|232/265|[from] Recoil\n|\n|upkeep\n|turn|20\n|\n|t:|1781460337\n|move|p1a: Talonflame|Flare Blitz|p2a: Regice\n|-supereffective|p2a: Regice\n|-damage|p2a: Regice|0 fnt\n|faint|p2a: Regice\n|-damage|p1a: Talonflame|171/265|[from] Recoil\n|\n|upkeep\n|\n|t:|1781460346\n|switch|p2a: Toxapex|Toxapex, L82, M|216/216\n|-damage|p2a: Toxapex|189/216|[from] Stealth Rock\n|turn|21\n|\n|t:|1781460354\n|move|p1a: Talonflame|Swords Dance|p1a: Talonflame\n|-boost|p1a: Talonflame|atk|2\n|move|p2a: Toxapex|Liquidation|p1a: Talonflame\n|-supereffective|p1a: Talonflame\n|-damage|p1a: Talonflame|15/265\n|\n|upkeep\n|turn|22\n|\n|t:|1781460359\n|switch|p2a: Wigglytuff|Wigglytuff, L96, M|424/424\n|-damage|p2a: Wigglytuff|371/424|[from] Stealth Rock\n|-terastallize|p1a: Talonflame|Ground\n|move|p1a: Talonflame|Tera Blast|p2a: Wigglytuff|[anim] Tera Blast Ground\n|-damage|p2a: Wigglytuff|155/424\n|\n|-heal|p2a: Wigglytuff|181/424|[from] item: Leftovers\n|upkeep\n|turn|23\n|\n|t:|1781460367\n|move|p1a: Talonflame|Tera Blast|p2a: Wigglytuff|[anim] Tera Blast Ground\n|-damage|p2a: Wigglytuff|0 fnt\n|faint|p2a: Wigglytuff\n|\n|upkeep\n|\n|t:|1781460374\n|switch|p2a: Toxapex|Toxapex, L82, M|216/216\n|-damage|p2a: Toxapex|189/216|[from] Stealth Rock\n|turn|24\n|\n|t:|1781460385\n|move|p1a: Talonflame|Brave Bird|p2a: Toxapex\n|-damage|p2a: Toxapex|47/216\n|-damage|p1a: Talonflame|0 fnt|[from] item: Rocky Helmet|[of] p2a: Toxapex\n|faint|p1a: Talonflame\n|move|p2a: Toxapex|Liquidation|p1: Talonflame|[notarget]\n|-fail|p2a: Toxapex\n|\n|upkeep\n|\n|t:|1781460391\n|switch|p1a: Glaceon|Glaceon, L94, M|96/275\n|turn|25\n|\n|t:|1781460394\n|move|p1a: Glaceon|Freeze-Dry|p2a: Toxapex\n|-supereffective|p2a: Toxapex\n|-damage|p2a: Toxapex|0 fnt\n|faint|p2a: Toxapex\n|\n|upkeep\n|\n|t:|1781460396\n|switch|p2a: Overqwil|Overqwil, L82, M|110/274\n|-damage|p2a: Overqwil|76/274|[from] Stealth Rock\n|-ability|p2a: Overqwil|Intimidate|boost\n|-unboost|p1a: Glaceon|atk|1\n|turn|26\n|\n|t:|1781460399\n|-terastallize|p2a: Overqwil|Dragon\n|move|p2a: Overqwil|Scale Shot|p1a: Glaceon\n|-damage|p1a: Glaceon|74/275\n|-damage|p1a: Glaceon|53/275\n|-damage|p1a: Glaceon|32/275\n|-damage|p1a: Glaceon|11/275\n|-hitcount|p1a: Glaceon|4\n|-unboost|p2a: Overqwil|def|1\n|-boost|p2a: Overqwil|spe|1\n|move|p1a: Glaceon|Freeze-Dry|p2a: Overqwil\n|-supereffective|p2a: Overqwil\n|-damage|p2a: Overqwil|0 fnt\n|faint|p2a: Overqwil\n|\n|win|Saaskin\n|raw|Saaskin's rating: 1996 &rarr; <strong>2015</strong><br />(+19 for winning)\n|raw|TTeTyLLloK's rating: 1980 &rarr; <strong>1961</strong><br />(-19 for losing)\n", "inputlog": ">version a8376a258c1d4662feba110a92103f3664a72141\n>start {\"formatid\":\"gen9randombattle\",\"seed\":\"sodium,9c6536fb3af6da0a4385b1fb38e02f14\",\"rated\":\"Rated battle\"}\n>player p1 {\"name\":\"Saaskin\",\"avatar\":\"169\",\"rating\":1996,\"seed\":\"sodium,256844cc8701188ea7f2ab0fa3b2a8ba\"}\n>player p2 {\"name\":\"TTeTyLLloK\",\"avatar\":\"bruno\",\"rating\":1980,\"seed\":\"sodium,ec8263e35aebbadce950c00097510260\"}\n>p1 switch 4\n>p2 move knockoff\n>p1 move stealthrock\n>p2 switch 4\n>p1 switch 4\n>p2 move icebeam\n>p1 move calmmind\n>p2 move bodypress\n>p1 move wish\n>p2 move bodypress\n>p1 move protect\n>p2 move bodypress\n>p1 move wish\n>p2 move bodypress\n>p1 move protect\n>p2 switch 6\n>p1 switch 4\n>p2 move bodypress\n>p1 move earthquake\n>p2 move dracometeor\n>p1 switch 3\n>p1 move focusblast\n>p2 move dragontail\n>p1 move freezedry\n>p2 move bodypress\n>p2 switch 2\n>p1 switch 4\n>p2 move superpower\n>p1 move tachyoncutter\n>p2 move knockoff\n>p1 switch 4\n>p1 move freezedry\n>p2 move rest\n>p2 switch 3\n>p1 switch 2\n>p2 move swordsdance\n>p1 move bravebird\n>p2 move scaleshot\n>p1 move bravebird\n>p2 move crunch\n>p1 switch 6\n>p1 move bravebird\n>p2 switch 6\n>p1 move flareblitz\n>p2 move thunderwave\n>p2 switch 5\n>p1 move swordsdance\n>p2 move liquidation\n>p1 move terablast terastallize\n>p2 switch 4\n>p1 move terablast\n>p2 move knockoff\n>p2 switch 4\n>p1 move bravebird\n>p2 move liquidation\n>p1 switch 2\n>p1 move freezedry\n>p2 move liquidation\n>p2 switch 6\n>p1 move freezedry\n>p2 move scaleshot terastallize", "uploadtime": 1781460095, "views": 6, "formatid": "gen9randombattle", "rating": 1961, "private": 0, "password": null, "player_dets": [{"name": "Saaskin", "avatar": "169", "rating": 1996, "seed": "sodium,256844cc8701188ea7f2ab0fa3b2a8ba"}, {"name": "TTeTyLLloK", "avatar": "bruno", "rating": 1980, "seed": "sodium,ec8263e35aebbadce950c00097510260"}], "teams_full": [{"Glaceon": {"name": "Glaceon", "species": "Glaceon", "speciesId": "glaceon", "gender": "M", "shiny": false, "level": 94, "moves": ["protect", "freezedry", "calmmind", "wish"], "ability": "Ice Body", "evs": {"hp": 85, "atk": 0, "def": 85, "spa": 85, "spd": 85, "spe": 85}, "ivs": {"hp": 31, "atk": 0, "def": 31, "spa": 31, "spd": 31, "spe": 31}, "item": "Heavy-Duty Boots", "teraType": "Water", "role": "Bulky Setup", "bvs": {"hp": 65, "atk": 60, "def": 110, "spa": 130, "spd": 95, "spe": 65}, "stats": {"hp": 275, "atk": 117, "def": 260, "spa": 298, "spd": 232, "spe": 176}}, "Dodrio": {"name": "Dodrio", "species": "Dodrio", "speciesId": "dodrio", "gender": "F", "shiny": false, "level": 85, "moves": ["doubleedge", "bravebird", "swordsdance", "drillrun"], "ability": "Early Bird", "evs": {"hp": 85, "atk": 85, "def": 85, "spa": 85, "spd": 85, "spe": 85}, "ivs": {"hp": 31, "atk": 31, "def": 31, "spa": 31, "spd": 31, "spe": 31}, "item": "Heavy-Duty Boots", "teraType": "Normal", "role": "Setup Sweeper", "bvs": {"hp": 60, "atk": 110, "def": 70, "spa": 60, "spd": 60, "spe": 110}, "stats": {"hp": 241, "atk": 236, "def": 168, "spa": 151, "spd": 151, "spe": 236}}, "Iron Crown": {"name": "Iron Crown", "species": "Iron Crown", "speciesId": "ironcrown", "gender": "N", "shiny": false, "level": 78, "moves": ["focusblast", "tachyoncutter", "psyshock", "voltswitch"], "ability": "Quark Drive", "evs": {"hp": 85, "atk": 0, "def": 85, "spa": 85, "spd": 85, "spe": 85}, "ivs": {"hp": 31, "atk": 0, "def": 31, "spa": 31, "spd": 31, "spe": 31}, "item": "Choice Specs", "teraType": "Fighting", "role": "Wallbreaker", "bvs": {"hp": 90, "atk": 72, "def": 100, "spa": 122, "spd": 108, "spe": 98}, "stats": {"hp": 268, "atk": 117, "def": 201, "spa": 235, "spd": 214, "spe": 198}}, "Donphan": {"name": "Donphan", "species": "Donphan", "speciesId": "donphan", "gender": "M", "shiny": false, "level": 84, "moves": ["rapidspin", "earthquake", "stealthrock", "icespinner"], "ability": "Sturdy", "evs": {"hp": 85, "atk": 85, "def": 85, "spa": 85, "spd": 85, "spe": 85}, "ivs": {"hp": 31, "atk": 31, "def": 31, "spa": 31, "spd": 31, "spe": 31}, "item": "Leftovers", "teraType": "Dragon", "role": "Bulky Support", "bvs": {"hp": 90, "atk": 120, "def": 120, "spa": 60, "spd": 60, "spe": 50}, "stats": {"hp": 288, "atk": 250, "def": 250, "spa": 149, "spd": 149, "spe": 132}}, "Luvdisc": {"name": "Luvdisc", "species": "Luvdisc", "speciesId": "luvdisc", "gender": "F", "shiny": false, "level": 100, "moves": ["endeavor", "surf", "substitute", "flipturn"], "ability": "Swift Swim", "evs": {"hp": 81, "atk": 85, "def": 85, "spa": 85, "spd": 85, "spe": 85}, "ivs": {"hp": 31, "atk": 31, "def": 31, "spa": 31, "spd": 31, "spe": 31}, "item": "Heavy-Duty Boots", "teraType": "Ghost", "role": "Fast Support", "bvs": {"hp": 43, "atk": 30, "def": 55, "spa": 40, "spd": 65, "spe": 97}, "stats": {"hp": 247, "atk": 117, "def": 167, "spa": 137, "spd": 187, "spe": 251}}, "Talonflame": {"name": "Talonflame", "species": "Talonflame", "speciesId": "talonflame", "gender": "M", "shiny": false, "level": 83, "moves": ["swordsdance", "terablast", "bravebird", "flareblitz"], "ability": "Gale Wings", "evs": {"hp": 85, "atk": 85, "def": 85, "spa": 85, "spd": 85, "spe": 85}, "ivs": {"hp": 31, "atk": 31, "def": 31, "spa": 31, "spd": 31, "spe": 31}, "item": "Heavy-Duty Boots", "teraType": "Ground", "role": "Tera Blast user", "bvs": {"hp": 78, "atk": 81, "def": 71, "spa": 74, "spd": 69, "spe": 126}, "stats": {"hp": 265, "atk": 182, "def": 166, "spa": 171, "spd": 162, "spe": 257}}}, {"Wigglytuff": {"name": "Wigglytuff", "species": "Wigglytuff", "speciesId": "wigglytuff", "gender": "M", "shiny": false, "level": 96, "moves": ["knockoff", "wish", "alluringvoice", "protect"], "ability": "Competitive", "evs": {"hp": 85, "atk": 85, "def": 85, "spa": 85, "spd": 85, "spe": 85}, "ivs": {"hp": 31, "atk": 31, "def": 31, "spa": 31, "spd": 31, "spe": 31}, "item": "Leftovers", "teraType": "Steel", "role": "Bulky Support", "bvs": {"hp": 140, "atk": 70, "def": 45, "spa": 85, "spd": 50, "spe": 45}, "stats": {"hp": 424, "atk": 189, "def": 141, "spa": 218, "spd": 150, "spe": 141}}, "Malamar": {"name": "Malamar", "species": "Malamar", "speciesId": "malamar", "gender": "F", "shiny": false, "level": 82, "moves": ["psychocut", "superpower", "rest", "knockoff"], "ability": "Contrary", "evs": {"hp": 85, "atk": 85, "def": 85, "spa": 85, "spd": 85, "spe": 85}, "ivs": {"hp": 31, "atk": 31, "def": 31, "spa": 31, "spd": 31, "spe": 31}, "item": "Chesto Berry", "teraType": "Steel", "role": "Fast Bulky Setup", "bvs": {"hp": 86, "atk": 92, "def": 88, "spa": 68, "spd": 75, "spe": 73}, "stats": {"hp": 275, "atk": 198, "def": 191, "spa": 159, "spd": 170, "spe": 167}}, "Overqwil": {"name": "Overqwil", "species": "Overqwil", "speciesId": "overqwil", "gender": "M", "shiny": false, "level": 82, "moves": ["swordsdance", "crunch", "scaleshot", "gunkshot"], "ability": "Intimidate", "evs": {"hp": 85, "atk": 85, "def": 85, "spa": 85, "spd": 85, "spe": 85}, "ivs": {"hp": 31, "atk": 31, "def": 31, "spa": 31, "spd": 31, "spe": 31}, "item": "Loaded Dice", "teraType": "Dragon", "role": "Setup Sweeper", "bvs": {"hp": 85, "atk": 115, "def": 95, "spa": 65, "spd": 65, "spe": 85}, "stats": {"hp": 274, "atk": 236, "def": 203, "spa": 154, "spd": 154, "spe": 187}}, "Regice": {"name": "Regice", "species": "Regice", "speciesId": "regice", "gender": "N", "shiny": false, "level": 88, "moves": ["thunderbolt", "thunderwave", "icebeam", "bodypress"], "ability": "Clear Body", "evs": {"hp": 85, "atk": 0, "def": 85, "spa": 85, "spd": 85, "spe": 85}, "ivs": {"hp": 31, "atk": 0, "def": 31, "spa": 31, "spd": 31, "spe": 31}, "item": "Heavy-Duty Boots", "teraType": "Electric", "role": "Bulky Attacker", "bvs": {"hp": 80, "atk": 50, "def": 100, "spa": 100, "spd": 200, "spe": 50}, "stats": {"hp": 284, "atk": 93, "def": 226, "spa": 226, "spd": 402, "spe": 138}}, "Toxapex": {"name": "Toxapex", "species": "Toxapex", "speciesId": "toxapex", "gender": "M", "shiny": false, "level": 82, "moves": ["liquidation", "recover", "toxicspikes", "haze"], "ability": "Regenerator", "evs": {"hp": 85, "atk": 85, "def": 85, "spa": 85, "spd": 85, "spe": 85}, "ivs": {"hp": 31, "atk": 31, "def": 31, "spa": 31, "spd": 31, "spe": 31}, "item": "Rocky Helmet", "teraType": "Fairy", "role": "Bulky Support", "bvs": {"hp": 50, "atk": 63, "def": 152, "spa": 53, "spd": 142, "spe": 35}, "stats": {"hp": 216, "atk": 150, "def": 296, "spa": 134, "spd": 280, "spe": 105}}, "Archaludon": {"name": "Archaludon", "species": "Archaludon", "speciesId": "archaludon", "gender": "M", "shiny": false, "level": 78, "moves": ["flashcannon", "dracometeor", "bodypress", "dragontail"], "ability": "Stamina", "evs": {"hp": 85, "atk": 85, "def": 85, "spa": 85, "spd": 85, "spe": 85}, "ivs": {"hp": 31, "atk": 31, "def": 31, "spa": 31, "spd": 31, "spe": 31}, "item": "Assault Vest", "teraType": "Fighting", "role": "Bulky Attacker", "bvs": {"hp": 90, "atk": 105, "def": 130, "spa": 125, "spd": 65, "spe": 85}, "stats": {"hp": 268, "atk": 209, "def": 248, "spa": 240, "spd": 146, "spe": 178}}}]}