{"id": "gen9randombattle-2631630329", "format": "[Gen 9] Random Battle", "players": ["WumboMumboJumbo", "rosymo"], "log": "|j|\u2606WumboMumboJumbo\n|j|\u2606rosymo\n|t:|1781411582\n|gametype|singles\n|player|p1|WumboMumboJumbo|169|2113\n|player|p2|rosymo|dawn|2182\n|gen|9\n|tier|[Gen 9] Random Battle\n|rated|\n|rule|Species Clause: Limit one of each Pok\u00e9mon\n|rule|HP Percentage Mod: HP is shown in percentages\n|rule|Sleep Clause Mod: Limit one foe put to sleep\n|rule|Illusion Level Mod: Illusion disguises the Pok\u00e9mon's true level\n|\n|t:|1781411582\n|teamsize|p1|6\n|teamsize|p2|6\n|start\n|switch|p1a: Iron Bundle|Iron Bundle, L78|215/215\n|switch|p2a: Kleavor|Kleavor, L78, F|237/237\n|turn|1\n|inactive|Battle timer is ON: inactive players will automatically lose when time's up. (requested by WumboMumboJumbo)\n|\n|t:|1781411590\n|switch|p2a: Klefki|Klefki, L84, M|233/233\n|move|p1a: Iron Bundle|Hydro Pump|p2a: Klefki\n|-damage|p2a: Klefki|107/233\n|\n|-heal|p2a: Klefki|121/233|[from] item: Leftovers\n|upkeep\n|turn|2\n|j| imaluckyboy\n|\n|t:|1781411599\n|-end|p1a: Iron Bundle|Quark Drive|[silent]\n|switch|p1a: Hippowdon|Hippowdon, L82, M|311/311\n|-weather|Sandstorm|[from] ability: Sand Stream|[of] p1a: Hippowdon\n|move|p2a: Klefki|Thunder Wave|p1a: Hippowdon\n|-immune|p1a: Hippowdon\n|\n|-weather|Sandstorm|[upkeep]\n|-heal|p2a: Klefki|135/233|[from] item: Leftovers\n|upkeep\n|turn|3\n|\n|t:|1781411610\n|move|p2a: Klefki|Spikes|p1a: Hippowdon\n|-sidestart|p1: WumboMumboJumbo|Spikes\n|move|p1a: Hippowdon|Earthquake|p2a: Klefki\n|-supereffective|p2a: Klefki\n|-damage|p2a: Klefki|0 fnt\n|faint|p2a: Klefki\n|\n|-weather|Sandstorm|[upkeep]\n|upkeep\n|\n|t:|1781411618\n|switch|p2a: Kleavor|Kleavor, L78, F|237/237\n|turn|4\n|\n|t:|1781411625\n|move|p2a: Kleavor|X-Scissor|p1a: Hippowdon\n|-damage|p1a: Hippowdon|196/311\n|move|p1a: Hippowdon|Stone Edge|p2a: Kleavor\n|-supereffective|p2a: Kleavor\n|-crit|p2a: Kleavor\n|-damage|p2a: Kleavor|23/237\n|\n|-weather|Sandstorm|[upkeep]\n|-heal|p1a: Hippowdon|215/311|[from] item: Leftovers\n|upkeep\n|turn|5\n|\n|t:|1781411639\n|move|p2a: Kleavor|Stone Axe|p1a: Hippowdon\n|-resisted|p1a: Hippowdon\n|-damage|p1a: Hippowdon|170/311\n|-sidestart|p1: WumboMumboJumbo|move: Stealth Rock\n|move|p1a: Hippowdon|Slack Off|p1a: Hippowdon\n|-heal|p1a: Hippowdon|311/311\n|\n|-weather|Sandstorm|[upkeep]\n|upkeep\n|turn|6\n|\n|t:|1781411643\n|move|p2a: Kleavor|X-Scissor|p1a: Hippowdon\n|-damage|p1a: Hippowdon|200/311\n|move|p1a: Hippowdon|Earthquake|p2a: Kleavor\n|-damage|p2a: Kleavor|0 fnt\n|faint|p2a: Kleavor\n|\n|-weather|none\n|-heal|p1a: Hippowdon|219/311|[from] item: Leftovers\n|upkeep\n|\n|t:|1781411648\n|switch|p2a: Squawkabilly|Squawkabilly, L85, M|278/278\n|turn|7\n|\n|t:|1781411651\n|move|p2a: Squawkabilly|Protect|p2a: Squawkabilly\n|-singleturn|p2a: Squawkabilly|Protect\n|move|p1a: Hippowdon|Stone Edge|p2a: Squawkabilly\n|-activate|p2a: Squawkabilly|move: Protect\n|\n|-heal|p1a: Hippowdon|238/311|[from] item: Leftovers\n|-status|p2a: Squawkabilly|brn|[from] item: Flame Orb\n|upkeep\n|turn|8\n|\n|t:|1781411656\n|move|p2a: Squawkabilly|Facade|p1a: Hippowdon\n|-damage|p1a: Hippowdon|63/311\n|move|p1a: Hippowdon|Stone Edge|p2a: Squawkabilly|[miss]\n|-miss|p1a: Hippowdon|p2a: Squawkabilly\n|\n|-heal|p1a: Hippowdon|82/311|[from] item: Leftovers\n|-damage|p2a: Squawkabilly|261/278 brn|[from] brn\n|upkeep\n|turn|9\n|\n|t:|1781411661\n|move|p2a: Squawkabilly|Facade|p1a: Hippowdon\n|-damage|p1a: Hippowdon|0 fnt\n|faint|p1a: Hippowdon\n|\n|-damage|p2a: Squawkabilly|244/278 brn|[from] brn\n|upkeep\n|\n|t:|1781411664\n|switch|p1a: Iron Bundle|Iron Bundle, L78|215/215\n|turn|10\n|l|\u2606WumboMumboJumbo\n|inactive|WumboMumboJumbo disconnected and has a minute to reconnect!\n|player|p1|\n|\n|t:|1781411672\n|-terastallize|p2a: Squawkabilly|Normal\n|move|p1a: Iron Bundle|Freeze-Dry|p2a: Squawkabilly\n|-damage|p2a: Squawkabilly|139/278 brn\n|move|p2a: Squawkabilly|Facade|p1a: Iron Bundle\n|-damage|p1a: Iron Bundle|0 fnt\n|faint|p1a: Iron Bundle\n|-end|p1a: Iron Bundle|Quark Drive|[silent]\n|\n|-damage|p2a: Squawkabilly|122/278 brn|[from] brn\n|upkeep\n|j|\u2606WumboMumboJumbo\n|inactive|WumboMumboJumbo reconnected and has 135 seconds left.\n|player|p1|WumboMumboJumbo|169|\n|inactive|WumboMumboJumbo has 120 seconds left.\n|\n|t:|1781411715\n|switch|p1a: Raikou|Raikou, L81|278/278\n|-damage|p1a: Raikou|244/278|[from] Spikes\n|-damage|p1a: Raikou|210/278|[from] Stealth Rock\n|-ability|p1a: Raikou|Pressure\n|turn|11\n|\n|t:|1781411727\n|switch|p2a: Munkidori|Munkidori, L79, M|269/269\n|move|p1a: Raikou|Thunderbolt|p2a: Munkidori\n|-damage|p2a: Munkidori|166/269\n|\n|-heal|p1a: Raikou|227/278|[from] item: Leftovers\n|upkeep\n|turn|12\n|\n|t:|1781411738\n|move|p1a: Raikou|Thunderbolt|p2a: Munkidori\n|-damage|p2a: Munkidori|52/269\n|move|p2a: Munkidori|Psyshock|p1a: Raikou\n|-damage|p1a: Raikou|75/278\n|-damage|p2a: Munkidori|26/269|[from] item: Life Orb\n|\n|-heal|p1a: Raikou|92/278|[from] item: Leftovers\n|upkeep\n|turn|13\n|\n|t:|1781411747\n|move|p1a: Raikou|Thunderbolt|p2a: Munkidori\n|-crit|p2a: Munkidori\n|-damage|p2a: Munkidori|0 fnt\n|faint|p2a: Munkidori\n|\n|-heal|p1a: Raikou|109/278|[from] item: Leftovers\n|upkeep\n|\n|t:|1781411754\n|switch|p2a: Squawkabilly|Squawkabilly, L85, M, tera:Normal|122/278 brn\n|turn|14\n|\n|t:|1781411757\n|move|p2a: Squawkabilly|Quick Attack|p1a: Raikou\n|-damage|p1a: Raikou|0 fnt\n|faint|p1a: Raikou\n|\n|-damage|p2a: Squawkabilly|105/278 brn|[from] brn\n|upkeep\n|\n|t:|1781411759\n|switch|p1a: Ribombee|Ribombee, L83, F|235/235\n|turn|15\n|\n|t:|1781411766\n|switch|p2a: Seviper|Seviper, L93, F|287/287\n|move|p1a: Ribombee|Moonblast|p2a: Seviper\n|-resisted|p2a: Seviper\n|-damage|p2a: Seviper|233/287\n|\n|upkeep\n|turn|16\n|\n|t:|1781411774\n|switch|p1a: Slither Wing|Slither Wing, L81|270/270\n|move|p2a: Seviper|Glare|p1a: Slither Wing\n|-status|p1a: Slither Wing|par\n|\n|upkeep\n|turn|17\n|\n|t:|1781411786\n|move|p2a: Seviper|Flamethrower|p1a: Slither Wing\n|-supereffective|p1a: Slither Wing\n|-damage|p1a: Slither Wing|75/270 par\n|-damage|p2a: Seviper|205/287|[from] item: Life Orb\n|move|p1a: Slither Wing|Will-O-Wisp|p2a: Seviper|[miss]\n|-miss|p1a: Slither Wing|p2a: Seviper\n|\n|upkeep\n|turn|18\n|\n|t:|1781411792\n|move|p2a: Seviper|Flamethrower|p1a: Slither Wing\n|-supereffective|p1a: Slither Wing\n|-damage|p1a: Slither Wing|0 fnt\n|faint|p1a: Slither Wing\n|-end|p1a: Slither Wing|Protosynthesis|[silent]\n|-damage|p2a: Seviper|177/287|[from] item: Life Orb\n|\n|upkeep\n|\n|t:|1781411795\n|switch|p1a: Glastrier|Glastrier, L86|312/312\n|turn|19\n|\n|t:|1781411804\n|-terastallize|p1a: Glastrier|Ground\n|move|p2a: Seviper|Gunk Shot|p1a: Glastrier\n|-resisted|p1a: Glastrier\n|-damage|p1a: Glastrier|242/312\n|-status|p1a: Glastrier|psn\n|-damage|p2a: Seviper|149/287|[from] item: Life Orb\n|move|p1a: Glastrier|High Horsepower|p2a: Seviper|[miss]\n|-miss|p1a: Glastrier|p2a: Seviper\n|\n|-damage|p1a: Glastrier|203/312 psn|[from] psn\n|upkeep\n|turn|20\n|\n|t:|1781411811\n|move|p2a: Seviper|Glare||[still]\n|-fail|p2a: Seviper\n|move|p1a: Glastrier|High Horsepower|p2a: Seviper\n|-supereffective|p2a: Seviper\n|-damage|p2a: Seviper|0 fnt\n|faint|p2a: Seviper\n|-ability|p1a: Glastrier|Chilling Neigh|boost\n|-boost|p1a: Glastrier|atk|1\n|\n|-damage|p1a: Glastrier|164/312 psn|[from] psn\n|upkeep\n|\n|t:|1781411814\n|switch|p2a: Squawkabilly|Squawkabilly, L85, M, tera:Normal|105/278 brn\n|turn|21\n|\n|t:|1781411820\n|move|p2a: Squawkabilly|Protect|p2a: Squawkabilly\n|-singleturn|p2a: Squawkabilly|Protect\n|move|p1a: Glastrier|Icicle Crash|p2a: Squawkabilly\n|-activate|p2a: Squawkabilly|move: Protect\n|\n|-damage|p1a: Glastrier|125/312 psn|[from] psn\n|-damage|p2a: Squawkabilly|88/278 brn|[from] brn\n|upkeep\n|turn|22\n|\n|t:|1781411823\n|move|p2a: Squawkabilly|Facade|p1a: Glastrier\n|-damage|p1a: Glastrier|0 fnt\n|faint|p1a: Glastrier\n|\n|-damage|p2a: Squawkabilly|71/278 brn|[from] brn\n|upkeep\n|\n|t:|1781411825\n|switch|p1a: Ribombee|Ribombee, L83, F|235/235\n|turn|23\n|\n|t:|1781411828\n|move|p2a: Squawkabilly|Quick Attack|p1a: Ribombee\n|-crit|p1a: Ribombee\n|-damage|p1a: Ribombee|47/235\n|move|p1a: Ribombee|Moonblast|p2a: Squawkabilly\n|-damage|p2a: Squawkabilly|0 fnt\n|faint|p2a: Squawkabilly\n|\n|upkeep\n|\n|t:|1781411831\n|switch|p2a: Lunala|Lunala, L70|308/308\n|turn|24\n|\n|t:|1781411834\n|move|p1a: Ribombee|Stun Spore|p2a: Lunala\n|-status|p2a: Lunala|par\n|move|p2a: Lunala|Moongeist Beam|p1a: Ribombee\n|-damage|p1a: Ribombee|0 fnt\n|faint|p1a: Ribombee\n|\n|win|rosymo\n", "inputlog": ">version a8376a258c1d4662feba110a92103f3664a72141\n>start {\"formatid\":\"gen9randombattle\",\"seed\":\"sodium,340232ab4b93faf25be56de8bd86b0c1\",\"rated\":\"Rated battle\"}\n>player p1 {\"name\":\"WumboMumboJumbo\",\"avatar\":\"169\",\"rating\":2113,\"seed\":\"sodium,85ee02f343fed1dc263f8a7852a75689\"}\n>player p2 {\"name\":\"rosymo\",\"avatar\":\"dawn\",\"rating\":2182,\"seed\":\"sodium,8c503159c13f0e37d81d04717c291acc\"}\n>p1 move hydropump\n>p2 switch 2\n>p1 switch 5\n>p2 move thunderwave\n>p1 move earthquake\n>p2 move spikes\n>p2 switch 2\n>p1 move stoneedge\n>p2 move xscissor\n>p1 move slackoff\n>p2 move stoneaxe\n>p1 move earthquake\n>p2 move xscissor\n>p2 switch 4\n>p1 move stoneedge\n>p2 move protect\n>p1 move stoneedge\n>p2 move facade\n>p1 move stoneedge\n>p2 move facade\n>p1 switch 5\n>p1 move freezedry\n>p2 move facade terastallize\n>p1 switch 4\n>p1 move thunderbolt\n>p2 switch 6\n>p1 move thunderbolt\n>p2 move psyshock\n>p1 move thunderbolt\n>p2 move psyshock\n>p2 switch 6\n>p1 move thunderbolt\n>p2 move quickattack\n>p1 switch 6\n>p1 move moonblast\n>p2 switch 3\n>p1 switch 3\n>p2 move glare\n>p1 move willowisp\n>p2 move flamethrower\n>p1 move willowisp\n>p2 move flamethrower\n>p1 switch 2\n>p1 move highhorsepower terastallize\n>p2 move gunkshot\n>p1 move highhorsepower\n>p2 move glare\n>p2 switch 3\n>p1 move iciclecrash\n>p2 move protect\n>p1 move iciclecrash\n>p2 move facade\n>p1 switch 3\n>p1 move moonblast\n>p2 move quickattack\n>p2 switch 5\n>p1 move stunspore\n>p2 move moongeistbeam", "uploadtime": 1781411583, "views": 4, "formatid": "gen9randombattle", "rating": null, "private": 0, "password": null, "player_dets": [{"name": "WumboMumboJumbo", "avatar": "169", "rating": 2113, "seed": "sodium,85ee02f343fed1dc263f8a7852a75689"}, {"name": "rosymo", "avatar": "dawn", "rating": 2182, "seed": "sodium,8c503159c13f0e37d81d04717c291acc"}], "teams_full": [{"Iron Bundle": {"name": "Iron Bundle", "species": "Iron Bundle", "speciesId": "ironbundle", "gender": "N", "shiny": false, "level": 78, "moves": ["freezedry", "encore", "hydropump", "flipturn"], "ability": "Quark Drive", "evs": {"hp": 85, "atk": 85, "def": 85, "spa": 85, "spd": 85, "spe": 85}, "ivs": {"hp": 31, "atk": 31, "def": 31, "spa": 31, "spd": 31, "spe": 31}, "item": "Heavy-Duty Boots", "teraType": "Ice", "role": "Fast Attacker", "bvs": {"hp": 56, "atk": 80, "def": 114, "spa": 124, "spd": 60, "spe": 136}, "stats": {"hp": 215, "atk": 170, "def": 223, "spa": 239, "spd": 139, "spe": 257}}, "Glastrier": {"name": "Glastrier", "species": "Glastrier", "speciesId": "glastrier", "gender": "N", "shiny": false, "level": 86, "moves": ["iciclecrash", "swordsdance", "closecombat", "highhorsepower"], "ability": "Chilling Neigh", "evs": {"hp": 85, "atk": 85, "def": 85, "spa": 85, "spd": 85, "spe": 85}, "ivs": {"hp": 31, "atk": 31, "def": 31, "spa": 31, "spd": 31, "spe": 31}, "item": "Heavy-Duty Boots", "teraType": "Ground", "role": "Bulky Attacker", "bvs": {"hp": 100, "atk": 145, "def": 130, "spa": 65, "spd": 110, "spe": 30}, "stats": {"hp": 312, "atk": 299, "def": 273, "spa": 161, "spd": 238, "spe": 101}}, "Slither Wing": {"name": "Slither Wing", "species": "Slither Wing", "speciesId": "slitherwing", "gender": "N", "shiny": false, "level": 81, "moves": ["morningsun", "willowisp", "uturn", "closecombat"], "ability": "Protosynthesis", "evs": {"hp": 85, "atk": 85, "def": 85, "spa": 85, "spd": 85, "spe": 85}, "ivs": {"hp": 31, "atk": 31, "def": 31, "spa": 31, "spd": 31, "spe": 31}, "item": "Heavy-Duty Boots", "teraType": "Steel", "role": "Fast Support", "bvs": {"hp": 85, "atk": 135, "def": 79, "spa": 85, "spd": 105, "spe": 81}, "stats": {"hp": 270, "atk": 265, "def": 175, "spa": 184, "spd": 217, "spe": 178}}, "Raikou": {"name": "Raikou", "species": "Raikou", "speciesId": "raikou", "gender": "N", "shiny": false, "level": 81, "moves": ["thunderbolt", "scald", "calmmind", "substitute"], "ability": "Pressure", "evs": {"hp": 85, "atk": 0, "def": 85, "spa": 85, "spd": 85, "spe": 85}, "ivs": {"hp": 31, "atk": 0, "def": 31, "spa": 31, "spd": 31, "spe": 31}, "item": "Leftovers", "teraType": "Grass", "role": "Bulky Setup", "bvs": {"hp": 90, "atk": 85, "def": 75, "spa": 115, "spd": 100, "spe": 115}, "stats": {"hp": 278, "atk": 142, "def": 168, "spa": 233, "spd": 209, "spe": 233}}, "Hippowdon": {"name": "Hippowdon", "species": "Hippowdon", "speciesId": "hippowdon", "gender": "M", "shiny": false, "level": 82, "moves": ["curse", "earthquake", "slackoff", "stoneedge"], "ability": "Sand Stream", "evs": {"hp": 85, "atk": 85, "def": 85, "spa": 85, "spd": 85, "spe": 85}, "ivs": {"hp": 31, "atk": 31, "def": 31, "spa": 31, "spd": 31, "spe": 31}, "item": "Leftovers", "teraType": "Rock", "role": "Bulky Setup", "bvs": {"hp": 108, "atk": 112, "def": 118, "spa": 68, "spd": 72, "spe": 47}, "stats": {"hp": 311, "atk": 231, "def": 241, "spa": 159, "spd": 165, "spe": 124}}, "Ribombee": {"name": "Ribombee", "species": "Ribombee", "speciesId": "ribombee", "gender": "F", "shiny": false, "level": 83, "moves": ["stunspore", "stickyweb", "moonblast", "uturn"], "ability": "Shield Dust", "evs": {"hp": 85, "atk": 85, "def": 85, "spa": 85, "spd": 85, "spe": 85}, "ivs": {"hp": 31, "atk": 31, "def": 31, "spa": 31, "spd": 31, "spe": 31}, "item": "Heavy-Duty Boots", "teraType": "Ghost", "role": "Fast Support", "bvs": {"hp": 60, "atk": 55, "def": 60, "spa": 95, "spd": 70, "spe": 124}, "stats": {"hp": 235, "atk": 139, "def": 147, "spa": 205, "spd": 164, "spe": 254}}}, {"Kleavor": {"name": "Kleavor", "species": "Kleavor", "speciesId": "kleavor", "gender": "F", "shiny": false, "level": 78, "moves": ["xscissor", "closecombat", "stoneaxe", "defog"], "ability": "Sharpness", "evs": {"hp": 85, "atk": 85, "def": 85, "spa": 85, "spd": 85, "spe": 85}, "ivs": {"hp": 31, "atk": 31, "def": 31, "spa": 31, "spd": 31, "spe": 31}, "item": "Heavy-Duty Boots", "teraType": "Bug", "role": "Bulky Attacker", "bvs": {"hp": 70, "atk": 135, "def": 95, "spa": 45, "spd": 70, "spe": 85}, "stats": {"hp": 237, "atk": 256, "def": 193, "spa": 115, "spd": 154, "spe": 178}}, "Klefki": {"name": "Klefki", "species": "Klefki", "speciesId": "klefki", "gender": "M", "shiny": false, "level": 84, "moves": ["dazzlinggleam", "thunderwave", "foulplay", "spikes"], "ability": "Prankster", "evs": {"hp": 85, "atk": 0, "def": 85, "spa": 85, "spd": 85, "spe": 85}, "ivs": {"hp": 31, "atk": 0, "def": 31, "spa": 31, "spd": 31, "spe": 31}, "item": "Leftovers", "teraType": "Water", "role": "Bulky Attacker", "bvs": {"hp": 57, "atk": 80, "def": 91, "spa": 80, "spd": 87, "spe": 75}, "stats": {"hp": 233, "atk": 139, "def": 201, "spa": 183, "spd": 194, "spe": 174}}, "Seviper": {"name": "Seviper", "species": "Seviper", "speciesId": "seviper", "gender": "F", "shiny": false, "level": 93, "moves": ["glare", "earthquake", "flamethrower", "gunkshot"], "ability": "Infiltrator", "evs": {"hp": 85, "atk": 85, "def": 85, "spa": 85, "spd": 85, "spe": 85}, "ivs": {"hp": 31, "atk": 31, "def": 31, "spa": 31, "spd": 31, "spe": 31}, "item": "Life Orb", "teraType": "Ground", "role": "Fast Attacker", "bvs": {"hp": 73, "atk": 100, "def": 60, "spa": 100, "spd": 60, "spe": 65}, "stats": {"hp": 287, "atk": 239, "def": 164, "spa": 239, "spd": 164, "spe": 174}}, "Squawkabilly": {"name": "Squawkabilly", "species": "Squawkabilly", "speciesId": "squawkabilly", "gender": "M", "shiny": false, "level": 85, "moves": ["facade", "quickattack", "bravebird", "protect"], "ability": "Guts", "evs": {"hp": 85, "atk": 85, "def": 85, "spa": 85, "spd": 85, "spe": 85}, "ivs": {"hp": 31, "atk": 31, "def": 31, "spa": 31, "spd": 31, "spe": 31}, "item": "Flame Orb", "teraType": "Normal", "role": "Wallbreaker", "bvs": {"hp": 82, "atk": 96, "def": 51, "spa": 45, "spd": 51, "spe": 92}, "stats": {"hp": 278, "atk": 212, "def": 135, "spa": 125, "spd": 135, "spe": 205}}, "Lunala": {"name": "Lunala", "species": "Lunala", "speciesId": "lunala", "gender": "N", "shiny": false, "level": 70, "moves": ["moonlight", "calmmind", "psyshock", "moongeistbeam"], "ability": "Shadow Shield", "evs": {"hp": 85, "atk": 0, "def": 85, "spa": 85, "spd": 85, "spe": 85}, "ivs": {"hp": 31, "atk": 0, "def": 31, "spa": 31, "spd": 31, "spe": 31}, "item": "Leftovers", "teraType": "Fairy", "role": "Fast Bulky Setup", "bvs": {"hp": 137, "atk": 113, "def": 89, "spa": 137, "spd": 107, "spe": 97}, "stats": {"hp": 308, "atk": 163, "def": 166, "spa": 233, "spd": 191, "spe": 177}}, "Munkidori": {"name": "Munkidori", "species": "Munkidori", "speciesId": "munkidori", "gender": "M", "shiny": false, "level": 79, "moves": ["psyshock", "nastyplot", "focusblast", "sludgewave"], "ability": "Toxic Chain", "evs": {"hp": 85, "atk": 0, "def": 85, "spa": 85, "spd": 85, "spe": 85}, "ivs": {"hp": 31, "atk": 0, "def": 31, "spa": 31, "spd": 31, "spe": 31}, "item": "Life Orb", "teraType": "Fighting", "role": "Fast Attacker", "bvs": {"hp": 88, "atk": 75, "def": 66, "spa": 130, "spd": 90, "spe": 106}, "stats": {"hp": 269, "atk": 123, "def": 150, "spa": 251, "spd": 188, "spe": 213}}}]}