{"id": "gen9randombattle-2631562790", "format": "[Gen 9] Random Battle", "players": ["Andy_Galla", "Undertaker67"], "log": "|j|\u2606Andy_Galla\n|j|\u2606Undertaker67\n|t:|1781401754\n|gametype|singles\n|player|p1|Andy_Galla|bugcatcher-gen4dp|1951\n|player|p2|Undertaker67|n|1988\n|gen|9\n|tier|[Gen 9] Random Battle\n|rated|\n|rule|Species Clause: Limit one of each Pok\u00e9mon\n|rule|HP Percentage Mod: HP is shown in percentages\n|rule|Sleep Clause Mod: Limit one foe put to sleep\n|rule|Illusion Level Mod: Illusion disguises the Pok\u00e9mon's true level\n|\n|t:|1781401754\n|teamsize|p1|6\n|teamsize|p2|6\n|start\n|switch|p1a: Conkeldurr|Conkeldurr, L80, M|299/299\n|switch|p2a: Espathra|Espathra, L80, M|283/283\n|turn|1\n|\n|t:|1781401761\n|move|p2a: Espathra|U-turn|p1a: Conkeldurr\n|-resisted|p1a: Conkeldurr\n|-damage|p1a: Conkeldurr|281/299\n|inactive|Battle timer is ON: inactive players will automatically lose when time's up. (requested by Undertaker67)\n|\n|t:|1781401785\n|switch|p2a: Clefable|Clefable, L83, F|293/293|[from] U-turn\n|move|p1a: Conkeldurr|Knock Off|p2a: Clefable\n|-resisted|p2a: Clefable\n|-damage|p2a: Clefable|241/293\n|-enditem|p2a: Clefable|Life Orb|[from] move: Knock Off|[of] p1a: Conkeldurr\n|\n|-status|p1a: Conkeldurr|brn|[from] item: Flame Orb\n|upkeep\n|turn|2\n|\n|t:|1781401795\n|move|p2a: Clefable|Moonblast|p1a: Conkeldurr\n|-supereffective|p1a: Conkeldurr\n|-damage|p1a: Conkeldurr|45/299 brn\n|-unboost|p1a: Conkeldurr|spa|1\n|move|p1a: Conkeldurr|Facade|p2a: Clefable\n|-damage|p2a: Clefable|41/293\n|\n|-damage|p1a: Conkeldurr|27/299 brn|[from] brn\n|upkeep\n|turn|3\n|\n|t:|1781401806\n|move|p1a: Conkeldurr|Mach Punch|p2a: Clefable\n|-resisted|p2a: Clefable\n|-damage|p2a: Clefable|0 fnt\n|faint|p2a: Clefable\n|\n|-damage|p1a: Conkeldurr|9/299 brn|[from] brn\n|upkeep\n|inactive|Undertaker67 has 120 seconds left.\n|\n|t:|1781401834\n|switch|p2a: Hawlucha|Hawlucha, L80, F|256/256\n|turn|4\n|\n|t:|1781401862\n|switch|p1a: Talonflame|Talonflame, L83, M|265/265\n|move|p2a: Hawlucha|Close Combat|p1a: Talonflame\n|-resisted|p1a: Talonflame\n|-damage|p1a: Talonflame|199/265\n|-unboost|p2a: Hawlucha|def|1\n|-unboost|p2a: Hawlucha|spd|1\n|-enditem|p2a: Hawlucha|White Herb\n|-clearnegativeboost|p2a: Hawlucha|[silent]\n|\n|upkeep\n|turn|5\n|inactive|Undertaker67 has 120 seconds left.\n|\n|t:|1781401884\n|-terastallize|p2a: Hawlucha|Flying\n|move|p2a: Hawlucha|Swords Dance|p2a: Hawlucha\n|-boost|p2a: Hawlucha|atk|2\n|move|p1a: Talonflame|Brave Bird|p2a: Hawlucha\n|-damage|p2a: Hawlucha|120/256\n|-damage|p1a: Talonflame|154/265|[from] Recoil\n|\n|upkeep\n|turn|6\n|inactive|Undertaker67 has 120 seconds left.\n|\n|t:|1781401899\n|move|p2a: Hawlucha|Brave Bird|p1a: Talonflame\n|-crit|p1a: Talonflame\n|-damage|p1a: Talonflame|0 fnt\n|faint|p1a: Talonflame\n|-damage|p2a: Hawlucha|69/256|[from] Recoil\n|\n|upkeep\n|inactive|Andy_Galla has 120 seconds left.\n|\n|t:|1781401911\n|switch|p1a: Ariados|Ariados, L95, M|287/287\n|turn|7\n|\n|t:|1781401918\n|switch|p1a: Ursaring|Ursaring, L84, F|288/288\n|move|p2a: Hawlucha|Brave Bird|p1a: Ursaring\n|-damage|p1a: Ursaring|0 fnt\n|faint|p1a: Ursaring\n|-damage|p2a: Hawlucha|0 fnt|[from] Recoil\n|faint|p2a: Hawlucha\n|\n|upkeep\n|inactive|Andy_Galla has 120 seconds left.\n|\n|t:|1781401931\n|switch|p2a: Talonflame|Talonflame, L83, M|265/265\n|switch|p1a: Ariados|Ariados, L95, M|287/287\n|turn|8\n|\n|t:|1781401939\n|move|p2a: Talonflame|Swords Dance|p2a: Talonflame\n|-boost|p2a: Talonflame|atk|2\n|move|p1a: Ariados|Sticky Web|p2a: Talonflame\n|-sidestart|p2: Undertaker67|move: Sticky Web\n|\n|upkeep\n|turn|9\n|\n|t:|1781401947\n|move|p2a: Talonflame|Brave Bird|p1a: Ariados\n|-supereffective|p1a: Ariados\n|-damage|p1a: Ariados|0 fnt\n|faint|p1a: Ariados\n|-damage|p2a: Talonflame|170/265|[from] Recoil\n|\n|upkeep\n|\n|t:|1781401959\n|switch|p1a: Annihilape|Annihilape, L76, M|292/292\n|turn|10\n|\n|t:|1781401963\n|move|p2a: Talonflame|Brave Bird|p1a: Annihilape\n|-supereffective|p1a: Annihilape\n|-damage|p1a: Annihilape|0 fnt\n|faint|p1a: Annihilape\n|-damage|p2a: Talonflame|74/265|[from] Recoil\n|\n|upkeep\n|\n|t:|1781401970\n|switch|p1a: Conkeldurr|Conkeldurr, L80, M|9/299 brn\n|turn|11\n|\n|t:|1781401983\n|move|p1a: Conkeldurr|Mach Punch|p2a: Talonflame\n|-resisted|p2a: Talonflame\n|-damage|p2a: Talonflame|23/265\n|move|p2a: Talonflame|Flare Blitz|p1a: Conkeldurr\n|-damage|p1a: Conkeldurr|0 fnt\n|faint|p1a: Conkeldurr\n|-damage|p2a: Talonflame|20/265|[from] Recoil\n|\n|upkeep\n|\n|t:|1781402000\n|switch|p1a: Spectrier|Spectrier, L75|274/274\n|turn|12\n|\n|t:|1781402006\n|move|p2a: Talonflame|Brave Bird|p1a: Spectrier\n|-damage|p1a: Spectrier|0 fnt\n|faint|p1a: Spectrier\n|-damage|p2a: Talonflame|0 fnt|[from] Recoil\n|faint|p2a: Talonflame\n|\n|win|Undertaker67\n", "inputlog": ">version a8376a258c1d4662feba110a92103f3664a72141\n>start {\"formatid\":\"gen9randombattle\",\"seed\":\"sodium,afe2f4bca527f8dd298e08fd4981715f\",\"rated\":\"Rated battle\"}\n>player p1 {\"name\":\"Andy_Galla\",\"avatar\":\"bugcatcher-gen4dp\",\"rating\":1951,\"seed\":\"sodium,748f0582b96e8643b77252dec006ce57\"}\n>player p2 {\"name\":\"Undertaker67\",\"avatar\":\"n\",\"rating\":1988,\"seed\":\"sodium,bc160c9e34fbf047f95649b7a4f5898b\"}\n>p1 move knockoff\n>p2 move uturn\n>p2 switch 6\n>p1 move facade\n>p2 move moonblast\n>p1 move machpunch\n>p2 move moonblast\n>p2 switch 3\n>p1 switch 5\n>p2 move closecombat\n>p1 move bravebird\n>p2 move swordsdance terastallize\n>p1 move bravebird\n>p2 move bravebird\n>p1 switch 6\n>p1 switch 4\n>p2 move bravebird\n>p1 switch 4\n>p2 switch 5\n>p1 move stickyweb\n>p2 move swordsdance\n>p1 move poisonjab\n>p2 move bravebird\n>p1 switch 2\n>p1 move ragefist\n>p2 move bravebird\n>p1 switch 5\n>p1 move machpunch\n>p2 move flareblitz\n>p1 switch 3\n>p1 move nastyplot\n>p2 move bravebird", "uploadtime": 1781401756, "views": 4, "formatid": "gen9randombattle", "rating": null, "private": 0, "password": null, "player_dets": [{"name": "Andy_Galla", "avatar": "bugcatcher-gen4dp", "rating": 1951, "seed": "sodium,748f0582b96e8643b77252dec006ce57"}, {"name": "Undertaker67", "avatar": "n", "rating": 1988, "seed": "sodium,bc160c9e34fbf047f95649b7a4f5898b"}], "teams_full": [{"Conkeldurr": {"name": "Conkeldurr", "species": "Conkeldurr", "speciesId": "conkeldurr", "gender": "M", "shiny": false, "level": 80, "moves": ["knockoff", "closecombat", "machpunch", "facade"], "ability": "Guts", "evs": {"hp": 85, "atk": 85, "def": 85, "spa": 85, "spd": 85, "spe": 85}, "ivs": {"hp": 31, "atk": 31, "def": 31, "spa": 31, "spd": 31, "spe": 31}, "item": "Flame Orb", "teraType": "Normal", "role": "Wallbreaker", "bvs": {"hp": 105, "atk": 140, "def": 95, "spa": 55, "spd": 65, "spe": 45}, "stats": {"hp": 299, "atk": 270, "def": 198, "spa": 134, "spd": 150, "spe": 118}}, "Annihilape": {"name": "Annihilape", "species": "Annihilape", "speciesId": "annihilape", "gender": "M", "shiny": false, "level": 76, "moves": ["taunt", "ragefist", "drainpunch", "bulkup"], "ability": "Defiant", "evs": {"hp": 85, "atk": 85, "def": 85, "spa": 85, "spd": 85, "spe": 85}, "ivs": {"hp": 31, "atk": 31, "def": 31, "spa": 31, "spd": 31, "spe": 31}, "item": "Leftovers", "teraType": "Ghost", "role": "Bulky Setup", "bvs": {"hp": 110, "atk": 115, "def": 80, "spa": 50, "spd": 90, "spe": 90}, "stats": {"hp": 292, "atk": 219, "def": 166, "spa": 120, "spd": 181, "spe": 181}}, "Spectrier": {"name": "Spectrier", "species": "Spectrier", "speciesId": "spectrier", "gender": "N", "shiny": false, "level": 75, "moves": ["nastyplot", "substitute", "drainingkiss", "shadowball"], "ability": "Grim Neigh", "evs": {"hp": 85, "atk": 0, "def": 85, "spa": 85, "spd": 85, "spe": 85}, "ivs": {"hp": 31, "atk": 0, "def": 31, "spa": 31, "spd": 31, "spe": 31}, "item": "Leftovers", "teraType": "Fairy", "role": "Setup Sweeper", "bvs": {"hp": 100, "atk": 65, "def": 60, "spa": 145, "spd": 80, "spe": 130}, "stats": {"hp": 274, "atk": 102, "def": 134, "spa": 261, "spd": 164, "spe": 239}}, "Ursaring": {"name": "Ursaring", "species": "Ursaring", "speciesId": "ursaring", "gender": "F", "shiny": false, "level": 84, "moves": ["crunch", "facade", "closecombat", "swordsdance"], "ability": "Quick Feet", "evs": {"hp": 85, "atk": 85, "def": 85, "spa": 85, "spd": 85, "spe": 85}, "ivs": {"hp": 31, "atk": 31, "def": 31, "spa": 31, "spd": 31, "spe": 31}, "item": "Toxic Orb", "teraType": "Normal", "role": "Setup Sweeper", "bvs": {"hp": 90, "atk": 130, "def": 75, "spa": 75, "spd": 75, "spe": 55}, "stats": {"hp": 288, "atk": 267, "def": 174, "spa": 174, "spd": 174, "spe": 141}}, "Talonflame": {"name": "Talonflame", "species": "Talonflame", "speciesId": "talonflame", "gender": "M", "shiny": false, "level": 83, "moves": ["taunt", "bravebird", "overheat", "roost"], "ability": "Flame Body", "evs": {"hp": 85, "atk": 85, "def": 85, "spa": 85, "spd": 85, "spe": 85}, "ivs": {"hp": 31, "atk": 31, "def": 31, "spa": 31, "spd": 31, "spe": 31}, "item": "Heavy-Duty Boots", "teraType": "Ground", "role": "Bulky Attacker", "bvs": {"hp": 78, "atk": 81, "def": 71, "spa": 74, "spd": 69, "spe": 126}, "stats": {"hp": 265, "atk": 182, "def": 166, "spa": 171, "spd": 162, "spe": 257}}, "Ariados": {"name": "Ariados", "species": "Ariados", "speciesId": "ariados", "gender": "M", "shiny": false, "level": 95, "moves": ["megahorn", "toxicspikes", "poisonjab", "stickyweb"], "ability": "Swarm", "evs": {"hp": 85, "atk": 85, "def": 85, "spa": 85, "spd": 85, "spe": 85}, "ivs": {"hp": 31, "atk": 31, "def": 31, "spa": 31, "spd": 31, "spe": 31}, "item": "Heavy-Duty Boots", "teraType": "Ghost", "role": "Fast Support", "bvs": {"hp": 70, "atk": 90, "def": 70, "spa": 60, "spd": 70, "spe": 40}, "stats": {"hp": 287, "atk": 225, "def": 187, "spa": 168, "spd": 187, "spe": 130}}}, {"Espathra": {"name": "Espathra", "species": "Espathra", "speciesId": "espathra", "gender": "M", "shiny": false, "level": 80, "moves": ["dazzlinggleam", "shadowball", "uturn", "luminacrash"], "ability": "Speed Boost", "evs": {"hp": 85, "atk": 85, "def": 85, "spa": 85, "spd": 85, "spe": 85}, "ivs": {"hp": 31, "atk": 31, "def": 31, "spa": 31, "spd": 31, "spe": 31}, "item": "Choice Specs", "teraType": "Fairy", "role": "Wallbreaker", "bvs": {"hp": 95, "atk": 60, "def": 60, "spa": 101, "spd": 60, "spe": 105}, "stats": {"hp": 283, "atk": 142, "def": 142, "spa": 208, "spd": 142, "spe": 214}}, "Leavanny": {"name": "Leavanny", "species": "Leavanny", "speciesId": "leavanny", "gender": "M", "shiny": false, "level": 86, "moves": ["knockoff", "stickyweb", "lunge", "leafblade"], "ability": "Swarm", "evs": {"hp": 85, "atk": 85, "def": 85, "spa": 85, "spd": 85, "spe": 85}, "ivs": {"hp": 31, "atk": 31, "def": 31, "spa": 31, "spd": 31, "spe": 31}, "item": "Heavy-Duty Boots", "teraType": "Rock", "role": "Fast Support", "bvs": {"hp": 75, "atk": 103, "def": 80, "spa": 70, "spd": 80, "spe": 92}, "stats": {"hp": 269, "atk": 226, "def": 187, "spa": 170, "spd": 187, "spe": 207}}, "Hawlucha": {"name": "Hawlucha", "species": "Hawlucha", "speciesId": "hawlucha", "gender": "F", "shiny": false, "level": 80, "moves": ["closecombat", "encore", "bravebird", "swordsdance"], "ability": "Unburden", "evs": {"hp": 85, "atk": 85, "def": 85, "spa": 85, "spd": 85, "spe": 85}, "ivs": {"hp": 31, "atk": 31, "def": 31, "spa": 31, "spd": 31, "spe": 31}, "item": "White Herb", "teraType": "Flying", "role": "Setup Sweeper", "bvs": {"hp": 78, "atk": 92, "def": 75, "spa": 74, "spd": 63, "spe": 118}, "stats": {"hp": 256, "atk": 193, "def": 166, "spa": 165, "spd": 147, "spe": 235}}, "Meowscarada": {"name": "Meowscarada", "species": "Meowscarada", "speciesId": "meowscarada", "gender": "F", "shiny": false, "level": 78, "moves": ["knockoff", "uturn", "toxicspikes", "flowertrick"], "ability": "Protean", "evs": {"hp": 85, "atk": 85, "def": 85, "spa": 85, "spd": 85, "spe": 85}, "ivs": {"hp": 31, "atk": 31, "def": 31, "spa": 31, "spd": 31, "spe": 31}, "item": "Heavy-Duty Boots", "teraType": "Dark", "role": "Fast Support", "bvs": {"hp": 76, "atk": 110, "def": 70, "spa": 81, "spd": 70, "spe": 123}, "stats": {"hp": 247, "atk": 217, "def": 154, "spa": 171, "spd": 154, "spe": 237}}, "Talonflame": {"name": "Talonflame", "species": "Talonflame", "speciesId": "talonflame", "gender": "M", "shiny": false, "level": 83, "moves": ["swordsdance", "bravebird", "terablast", "flareblitz"], "ability": "Gale Wings", "evs": {"hp": 85, "atk": 85, "def": 85, "spa": 85, "spd": 85, "spe": 85}, "ivs": {"hp": 31, "atk": 31, "def": 31, "spa": 31, "spd": 31, "spe": 31}, "item": "Heavy-Duty Boots", "teraType": "Ground", "role": "Tera Blast user", "bvs": {"hp": 78, "atk": 81, "def": 71, "spa": 74, "spd": 69, "spe": 126}, "stats": {"hp": 265, "atk": 182, "def": 166, "spa": 171, "spd": 162, "spe": 257}}, "Clefable": {"name": "Clefable", "species": "Clefable", "speciesId": "clefable", "gender": "F", "shiny": false, "level": 83, "moves": ["fireblast", "moonblast", "calmmind", "moonlight"], "ability": "Magic Guard", "evs": {"hp": 85, "atk": 0, "def": 85, "spa": 85, "spd": 85, "spe": 85}, "ivs": {"hp": 31, "atk": 0, "def": 31, "spa": 31, "spd": 31, "spe": 31}, "item": "Life Orb", "teraType": "Fire", "role": "Bulky Setup", "bvs": {"hp": 95, "atk": 70, "def": 73, "spa": 95, "spd": 90, "spe": 60}, "stats": {"hp": 293, "atk": 121, "def": 169, "spa": 205, "spd": 197, "spe": 147}}}]}