{"id": "gen9randombattle-2631964941", "format": "[Gen 9] Random Battle", "players": ["pingouintop1", "Hiroopob"], "log": "|j|\u2606pingouintop1\n|j|\u2606Hiroopob\n|t:|1781460623\n|gametype|singles\n|player|p1|pingouintop1|101|\n|player|p2|Hiroopob|169|\n|gen|9\n|tier|[Gen 9] Random Battle\n|rule|Species Clause: Limit one of each Pok\u00e9mon\n|rule|HP Percentage Mod: HP is shown in percentages\n|rule|Sleep Clause Mod: Limit one foe put to sleep\n|rule|Illusion Level Mod: Illusion disguises the Pok\u00e9mon's true level\n|\n|t:|1781460623\n|teamsize|p1|6\n|teamsize|p2|6\n|start\n|switch|p1a: Iron Leaves|Iron Leaves, L80|275/275\n|switch|p2a: Garchomp|Garchomp, L74, F|282/282\n|turn|1\n|\n|t:|1781460720\n|switch|p2a: Ampharos|Ampharos, L88, M|302/302\n|move|p1a: Iron Leaves|Leaf Blade|p2a: Ampharos\n|-damage|p2a: Ampharos|158/302\n|-damage|p1a: Iron Leaves|248/275|[from] item: Life Orb\n|\n|upkeep\n|turn|2\n|\n|t:|1781460766\n|move|p1a: Iron Leaves|Swords Dance|p1a: Iron Leaves\n|-boost|p1a: Iron Leaves|atk|2\n|move|p2a: Ampharos|Volt Switch|p1a: Iron Leaves\n|-resisted|p1a: Iron Leaves\n|-damage|p1a: Iron Leaves|205/275\n|\n|t:|1781460777\n|switch|p2a: Hoopa|Hoopa, L85|275/275|[from] Volt Switch\n|\n|upkeep\n|turn|3\n|\n|t:|1781460800\n|move|p2a: Hoopa|Shadow Ball|p1a: Iron Leaves\n|-supereffective|p1a: Iron Leaves\n|-damage|p1a: Iron Leaves|0 fnt\n|faint|p1a: Iron Leaves\n|-end|p1a: Iron Leaves|Quark Drive|[silent]\n|\n|upkeep\n|\n|t:|1781460840\n|switch|p1a: Sableye|Sableye, L88, F|231/231\n|turn|4\n|\n|t:|1781460860\n|switch|p2a: Ampharos|Ampharos, L88, M|158/302\n|move|p1a: Sableye|Knock Off|p2a: Ampharos\n|-damage|p2a: Ampharos|58/302\n|-status|p1a: Sableye|par|[from] ability: Static|[of] p2a: Ampharos\n|-enditem|p2a: Ampharos|Assault Vest|[from] move: Knock Off|[of] p1a: Sableye\n|\n|upkeep\n|turn|5\n|\n|t:|1781460880\n|move|p2a: Ampharos|Dazzling Gleam|p1a: Sableye\n|-supereffective|p1a: Sableye\n|-damage|p1a: Sableye|53/231 par\n|move|p1a: Sableye|Knock Off|p2a: Ampharos\n|-crit|p2a: Ampharos\n|-damage|p2a: Ampharos|0 fnt\n|faint|p2a: Ampharos\n|\n|-heal|p1a: Sableye|67/231 par|[from] item: Leftovers\n|upkeep\n|\n|t:|1781460891\n|switch|p2a: Alomomola|Alomomola, L87, F|429/429\n|turn|6\n|\n|t:|1781460916\n|move|p1a: Sableye|Recover|p1a: Sableye\n|-heal|p1a: Sableye|183/231 par\n|move|p2a: Alomomola|Scald|p1a: Sableye\n|-damage|p1a: Sableye|119/231 par\n|\n|-heal|p1a: Sableye|133/231 par|[from] item: Leftovers\n|upkeep\n|turn|7\n|\n|t:|1781460925\n|move|p1a: Sableye|Will-O-Wisp|p2a: Alomomola|[miss]\n|-miss|p1a: Sableye|p2a: Alomomola\n|move|p2a: Alomomola|Scald|p1a: Sableye\n|-crit|p1a: Sableye\n|-damage|p1a: Sableye|40/231 par\n|\n|-heal|p1a: Sableye|54/231 par|[from] item: Leftovers\n|upkeep\n|turn|8\n|\n|t:|1781460942\n|move|p1a: Sableye|Recover|p1a: Sableye\n|-heal|p1a: Sableye|170/231 par\n|move|p2a: Alomomola|Flip Turn|p1a: Sableye\n|-damage|p1a: Sableye|115/231 par\n|\n|t:|1781460951\n|switch|p2a: Garchomp|Garchomp, L74, F|282/282|[from] Flip Turn\n|\n|-heal|p1a: Sableye|129/231 par|[from] item: Leftovers\n|upkeep\n|turn|9\n|\n|t:|1781460975\n|switch|p1a: Mamoswine|Mamoswine, L81, F|311/311\n|move|p2a: Garchomp|Scale Shot|p1a: Mamoswine\n|-damage|p1a: Mamoswine|281/311\n|-damage|p1a: Mamoswine|253/311\n|-damage|p1a: Mamoswine|225/311\n|-damage|p1a: Mamoswine|194/311\n|-damage|p1a: Mamoswine|164/311\n|-hitcount|p1a: Mamoswine|5\n|-unboost|p2a: Garchomp|def|1\n|-boost|p2a: Garchomp|spe|1\n|\n|upkeep\n|turn|10\n|\n|t:|1781460997\n|move|p1a: Mamoswine|Ice Shard|p2a: Garchomp\n|-supereffective|p2a: Garchomp\n|-damage|p2a: Garchomp|0 fnt\n|faint|p2a: Garchomp\n|\n|upkeep\n|\n|t:|1781461028\n|switch|p2a: Toucannon|Toucannon, L88, F|284/284\n|turn|11\n|\n|t:|1781461080\n|switch|p1a: Electrode|Electrode, L92|260/260\n|-terastallize|p2a: Toucannon|Steel\n|move|p2a: Toucannon|Boomburst|p1a: Electrode\n|-immune|p1a: Electrode|[from] ability: Soundproof\n|\n|upkeep\n|turn|12\n|\n|t:|1781461107\n|move|p1a: Electrode|Thunder Wave|p2a: Toucannon\n|-status|p2a: Toucannon|par\n|move|p2a: Toucannon|U-turn|p1a: Electrode\n|-damage|p1a: Electrode|195/260\n|\n|t:|1781461114\n|switch|p2a: Sandaconda|Sandaconda, L84, F|258/258|[from] U-turn\n|\n|upkeep\n|turn|13\n|\n|t:|1781461147\n|switch|p1a: Mamoswine|Mamoswine, L81, F|164/311\n|move|p2a: Sandaconda|Stealth Rock|p1a: Mamoswine\n|-sidestart|p1: pingouintop1|move: Stealth Rock\n|\n|upkeep\n|turn|14\n|\n|t:|1781461160\n|move|p1a: Mamoswine|Icicle Crash|p2a: Sandaconda\n|-supereffective|p2a: Sandaconda\n|-damage|p2a: Sandaconda|0 fnt\n|faint|p2a: Sandaconda\n|\n|upkeep\n|\n|t:|1781461167\n|switch|p2a: Hoopa|Hoopa, L85|275/275\n|turn|15\n|\n|t:|1781461206\n|switch|p1a: Spiritomb|Spiritomb, L89, F|234/234\n|-damage|p1a: Spiritomb|205/234|[from] Stealth Rock\n|move|p2a: Hoopa|Focus Blast|p1a: Spiritomb\n|-immune|p1a: Spiritomb\n|\n|-heal|p1a: Spiritomb|219/234|[from] item: Leftovers\n|upkeep\n|turn|16\n|c|\u2606Hiroopob|c'est trop\n|c|\u2606Hiroopob|MDR\n|\n|t:|1781461228\n|switch|p2a: Toucannon|Toucannon, L88, F, tera:Steel|284/284 par\n|move|p1a: Spiritomb|Sucker Punch||[still]\n|-fail|p1a: Spiritomb\n|\n|-heal|p1a: Spiritomb|233/234|[from] item: Leftovers\n|upkeep\n|turn|17\n|\n|t:|1781461253\n|move|p1a: Spiritomb|Foul Play|p2a: Toucannon\n|-damage|p2a: Toucannon|155/284 par\n|move|p2a: Toucannon|U-turn|p1a: Spiritomb\n|-damage|p1a: Spiritomb|183/234\n|\n|t:|1781461263\n|switch|p2a: Alomomola|Alomomola, L87, F|429/429|[from] U-turn\n|\n|-heal|p1a: Spiritomb|197/234|[from] item: Leftovers\n|upkeep\n|turn|18\n|\n|t:|1781461318\n|move|p2a: Alomomola|Flip Turn|p1a: Spiritomb\n|-damage|p1a: Spiritomb|149/234\n|\n|t:|1781461325\n|switch|p2a: Toucannon|Toucannon, L88, F, tera:Steel|155/284 par|[from] Flip Turn\n|move|p1a: Spiritomb|Poltergeist|p2a: Toucannon\n|-activate|p2a: Toucannon|move: Poltergeist|Heavy-Duty Boots\n|-damage|p2a: Toucannon|29/284 par\n|\n|-heal|p1a: Spiritomb|163/234|[from] item: Leftovers\n|upkeep\n|turn|19\n|\n|t:|1781461344\n|move|p1a: Spiritomb|Sucker Punch||[still]\n|-fail|p1a: Spiritomb\n|cant|p2a: Toucannon|par\n|\n|-heal|p1a: Spiritomb|177/234|[from] item: Leftovers\n|upkeep\n|turn|20\n|\n|t:|1781461354\n|move|p1a: Spiritomb|Poltergeist|p2a: Toucannon\n|-activate|p2a: Toucannon|move: Poltergeist|Heavy-Duty Boots\n|-damage|p2a: Toucannon|0 fnt\n|faint|p2a: Toucannon\n|\n|-heal|p1a: Spiritomb|191/234|[from] item: Leftovers\n|upkeep\n|\n|t:|1781461363\n|switch|p2a: Hoopa|Hoopa, L85|275/275\n|turn|21\n|\n|t:|1781461396\n|move|p2a: Hoopa|Trick|p1a: Spiritomb\n|-activate|p2a: Hoopa|move: Trick|[of] p1a: Spiritomb\n|-item|p1a: Spiritomb|Choice Scarf|[from] move: Trick\n|-item|p2a: Hoopa|Leftovers|[from] move: Trick\n|move|p1a: Spiritomb|Foul Play|p2a: Hoopa\n|-supereffective|p2a: Hoopa\n|-damage|p2a: Hoopa|0 fnt\n|faint|p2a: Hoopa\n|\n|upkeep\n|\n|t:|1781461403\n|switch|p2a: Alomomola|Alomomola, L87, F|429/429\n|turn|22\n|\n|t:|1781461415\n|move|p1a: Spiritomb|Foul Play|p2a: Alomomola\n|-damage|p2a: Alomomola|341/429\n|move|p2a: Alomomola|Scald|p1a: Spiritomb\n|-damage|p1a: Spiritomb|152/234\n|-status|p1a: Spiritomb|brn\n|\n|-damage|p1a: Spiritomb|138/234 brn|[from] brn\n|upkeep\n|turn|23\n|\n|t:|1781461433\n|move|p1a: Spiritomb|Foul Play|p2a: Alomomola\n|-damage|p2a: Alomomola|292/429\n|move|p2a: Alomomola|Wish|p2a: Alomomola\n|\n|-damage|p1a: Spiritomb|124/234 brn|[from] brn\n|upkeep\n|turn|24\n|\n|t:|1781461442\n|switch|p1a: Electrode|Electrode, L92|195/260\n|move|p2a: Alomomola|Scald|p1a: Electrode\n|-damage|p1a: Electrode|144/260\n|-status|p1a: Electrode|brn\n|\n|-heal|p2a: Alomomola|429/429|[from] move: Wish|[wisher] Alomomola\n|-damage|p1a: Electrode|128/260 brn|[from] brn\n|upkeep\n|turn|25\n|\n|t:|1781461463\n|move|p1a: Electrode|Volt Switch|p2a: Alomomola\n|-supereffective|p2a: Alomomola\n|-damage|p2a: Alomomola|177/429\n|l|\u2606Hiroopob\n|player|p2|\n|\n|t:|1781461485\n|switch|p1a: Poliwrath|Poliwrath, L88, M|302/302|[from] Volt Switch\n|-damage|p1a: Poliwrath|284/302|[from] Stealth Rock\n|move|p2a: Alomomola|Wish|p2a: Alomomola\n|\n|upkeep\n|turn|26\n|j|\u2606Hiroopob\n|player|p2|Hiroopob|169|\n|\n|t:|1781461505\n|move|p2a: Alomomola|Protect|p2a: Alomomola\n|-singleturn|p2a: Alomomola|Protect\n|move|p1a: Poliwrath|Close Combat|p2a: Alomomola\n|-activate|p2a: Alomomola|move: Protect\n|\n|-heal|p2a: Alomomola|391/429|[from] move: Wish|[wisher] Alomomola\n|upkeep\n|turn|27\n|\n|t:|1781461516\n|move|p1a: Poliwrath|Close Combat|p2a: Alomomola\n|-damage|p2a: Alomomola|214/429\n|-unboost|p1a: Poliwrath|def|1\n|-unboost|p1a: Poliwrath|spd|1\n|-damage|p1a: Poliwrath|254/302|[from] item: Life Orb\n|move|p2a: Alomomola|Scald|p1a: Poliwrath\n|-resisted|p1a: Poliwrath\n|-damage|p1a: Poliwrath|220/302\n|-status|p1a: Poliwrath|brn\n|\n|-damage|p1a: Poliwrath|202/302 brn|[from] brn\n|upkeep\n|turn|28\n|c|\u2606Hiroopob|mdrr j'ai d'la chance sur les brulures\n|\n|t:|1781461539\n|switch|p1a: Spiritomb|Spiritomb, L89, F|124/234 brn\n|-damage|p1a: Spiritomb|95/234 brn|[from] Stealth Rock\n|move|p2a: Alomomola|Wish|p2a: Alomomola\n|\n|-damage|p1a: Spiritomb|81/234 brn|[from] brn\n|upkeep\n|turn|29\n|\n|t:|1781461567\n|move|p2a: Alomomola|Protect|p2a: Alomomola\n|-singleturn|p2a: Alomomola|Protect\n|move|p1a: Spiritomb|Pain Split|p2a: Alomomola\n|-activate|p2a: Alomomola|move: Protect\n|\n|-heal|p2a: Alomomola|428/429|[from] move: Wish|[wisher] Alomomola\n|-damage|p1a: Spiritomb|67/234 brn|[from] brn\n|upkeep\n|turn|30\n|\n|t:|1781461582\n|move|p1a: Spiritomb|Pain Split|p2a: Alomomola\n|-sethp|p2a: Alomomola|247/429|[from] move: Pain Split|[silent]\n|-sethp|p1a: Spiritomb|234/234 brn|[from] move: Pain Split\n|move|p2a: Alomomola|Scald|p1a: Spiritomb\n|-damage|p1a: Spiritomb|197/234 brn\n|\n|-damage|p1a: Spiritomb|183/234 brn|[from] brn\n|upkeep\n|turn|31\n|\n|t:|1781461594\n|switch|p1a: Electrode|Electrode, L92|128/260 brn\n|move|p2a: Alomomola|Wish|p2a: Alomomola\n|\n|-damage|p1a: Electrode|112/260 brn|[from] brn\n|upkeep\n|turn|32\n|\n|t:|1781461615\n|move|p2a: Alomomola|Protect|p2a: Alomomola\n|-singleturn|p2a: Alomomola|Protect\n|move|p1a: Electrode|Thunderbolt|p2a: Alomomola\n|-activate|p2a: Alomomola|move: Protect\n|\n|-heal|p2a: Alomomola|429/429|[from] move: Wish|[wisher] Alomomola\n|-damage|p1a: Electrode|96/260 brn|[from] brn\n|upkeep\n|turn|33\n|\n|t:|1781461627\n|move|p1a: Electrode|Thunderbolt|p2a: Alomomola\n|-supereffective|p2a: Alomomola\n|-damage|p2a: Alomomola|111/429\n|-status|p2a: Alomomola|par\n|move|p2a: Alomomola|Wish|p2a: Alomomola\n|\n|-damage|p1a: Electrode|80/260 brn|[from] brn\n|upkeep\n|turn|34\n|\n|t:|1781461639\n|move|p2a: Alomomola|Protect|p2a: Alomomola\n|-singleturn|p2a: Alomomola|Protect\n|move|p1a: Electrode|Thunderbolt|p2a: Alomomola\n|-activate|p2a: Alomomola|move: Protect\n|\n|-heal|p2a: Alomomola|325/429 par|[from] move: Wish|[wisher] Alomomola\n|-damage|p1a: Electrode|64/260 brn|[from] brn\n|upkeep\n|turn|35\n|\n|t:|1781461653\n|move|p1a: Electrode|Thunderbolt|p2a: Alomomola\n|-supereffective|p2a: Alomomola\n|-damage|p2a: Alomomola|1/429 par\n|move|p2a: Alomomola|Wish|p2a: Alomomola\n|\n|-damage|p1a: Electrode|48/260 brn|[from] brn\n|upkeep\n|turn|36\n|\n|t:|1781461664\n|move|p2a: Alomomola|Protect|p2a: Alomomola\n|-singleturn|p2a: Alomomola|Protect\n|move|p1a: Electrode|Thunderbolt|p2a: Alomomola\n|-activate|p2a: Alomomola|move: Protect\n|\n|-heal|p2a: Alomomola|215/429 par|[from] move: Wish|[wisher] Alomomola\n|-damage|p1a: Electrode|32/260 brn|[from] brn\n|upkeep\n|turn|37\n|\n|t:|1781461680\n|move|p1a: Electrode|Thunderbolt|p2a: Alomomola\n|-supereffective|p2a: Alomomola\n|-damage|p2a: Alomomola|0 fnt\n|faint|p2a: Alomomola\n|\n|win|pingouintop1\n|c|\u2606Hiroopob|nooon\n|c|\u2606pingouintop1|Mdrr c'\u00e9tait long\n|c|\u2606pingouintop1|Gg \u00e0 toi\n", "inputlog": ">version a8376a258c1d4662feba110a92103f3664a72141\n>start {\"formatid\":\"gen9randombattle\",\"seed\":\"sodium,7bcd46f8d95a89fbff9963cc480d4e2f\"}\n>player p1 {\"name\":\"pingouintop1\",\"avatar\":\"101\",\"rating\":0,\"seed\":\"sodium,8139205e276077b08513610e4113352d\"}\n>player p2 {\"name\":\"Hiroopob\",\"avatar\":\"169\",\"rating\":0,\"seed\":\"sodium,924cca7151ba7abef60a60882e9264ba\"}\n>p1 move leafblade\n>p2 switch 6\n>p1 move swordsdance\n>p2 move voltswitch\n>p2 switch 2\n>p1 move leafblade\n>p2 move shadowball\n>p1 switch 2\n>p1 move knockoff\n>p2 switch 2\n>p1 move knockoff\n>p2 move dazzlinggleam\n>p2 switch 5\n>p1 move recover\n>p2 move scald\n>p1 move willowisp\n>p2 move scald\n>p1 move recover\n>p2 move flipturn\n>p2 switch 6\n>p1 switch 4\n>p2 move scaleshot\n>p1 move iceshard\n>p2 move ironhead\n>p2 switch 3\n>p1 switch 3\n>p2 move boomburst terastallize\n>p1 move thunderwave\n>p2 move uturn\n>p2 switch 4\n>p1 switch 3\n>p2 move stealthrock\n>p1 move iciclecrash\n>p2 move glare\n>p2 switch 2\n>p1 switch 5\n>p2 move focusblast\n>chat \u2606Hiroopob|c'est trop\n>chat \u2606Hiroopob|MDR\n>p1 move suckerpunch\n>p2 switch 4\n>p1 move foulplay\n>p2 move uturn\n>p2 switch 6\n>p1 move poltergeist\n>p2 move flipturn\n>p2 switch 6\n>p1 move suckerpunch\n>p2 move roost\n>p1 move poltergeist\n>p2 move roost\n>p2 switch 4\n>p1 move foulplay\n>p2 move trick\n>p2 switch 6\n>p1 move foulplay\n>p2 move scald\n>p1 move foulplay\n>p2 move wish\n>p1 switch 3\n>p2 move scald\n>p1 move voltswitch\n>p2 move wish\n>p1 switch 6\n>p1 move closecombat\n>p2 move protect\n>p1 move closecombat\n>p2 move scald\n>chat \u2606Hiroopob|mdrr j'ai d'la chance sur les brulures\n>p1 switch 3\n>p2 move wish\n>p1 move painsplit\n>p2 move protect\n>p1 move painsplit\n>p2 move scald\n>p1 switch 6\n>p2 move wish\n>p1 move thunderbolt\n>p2 move protect\n>p1 move thunderbolt\n>p2 move wish\n>p1 move thunderbolt\n>p2 move protect\n>p1 move thunderbolt\n>p2 move wish\n>p1 move thunderbolt\n>p2 move protect\n>p1 move thunderbolt\n>p2 move wish", "uploadtime": 1781461698, "views": 22, "formatid": "gen9randombattle", "rating": null, "private": 0, "password": null, "player_dets": [{"name": "pingouintop1", "avatar": "101", "rating": 0, "seed": "sodium,8139205e276077b08513610e4113352d"}, {"name": "Hiroopob", "avatar": "169", "rating": 0, "seed": "sodium,924cca7151ba7abef60a60882e9264ba"}], "teams_full": [{"Iron Leaves": {"name": "Iron Leaves", "species": "Iron Leaves", "speciesId": "ironleaves", "gender": "N", "shiny": false, "level": 80, "moves": ["leafblade", "psyblade", "closecombat", "swordsdance"], "ability": "Quark Drive", "evs": {"hp": 85, "atk": 85, "def": 85, "spa": 85, "spd": 85, "spe": 85}, "ivs": {"hp": 31, "atk": 31, "def": 31, "spa": 31, "spd": 31, "spe": 31}, "item": "Life Orb", "teraType": "Fighting", "role": "Wallbreaker", "bvs": {"hp": 90, "atk": 130, "def": 88, "spa": 70, "spd": 108, "spe": 104}, "stats": {"hp": 275, "atk": 254, "def": 187, "spa": 158, "spd": 219, "spe": 213}, "types": ["Grass", "Psychic"]}, "Sableye": {"name": "Sableye", "species": "Sableye", "speciesId": "sableye", "gender": "F", "shiny": false, "level": 88, "moves": ["willowisp", "knockoff", "recover", "encore"], "ability": "Prankster", "evs": {"hp": 85, "atk": 85, "def": 85, "spa": 85, "spd": 85, "spe": 85}, "ivs": {"hp": 31, "atk": 31, "def": 31, "spa": 31, "spd": 31, "spe": 31}, "item": "Leftovers", "teraType": "Poison", "role": "Bulky Support", "bvs": {"hp": 50, "atk": 75, "def": 75, "spa": 65, "spd": 65, "spe": 50}, "stats": {"hp": 231, "atk": 182, "def": 182, "spa": 165, "spd": 165, "spe": 138}, "types": ["Dark", "Ghost"]}, "Electrode": {"name": "Electrode", "species": "Electrode", "speciesId": "electrode", "gender": "N", "shiny": false, "level": 92, "moves": ["voltswitch", "thunderbolt", "taunt", "thunderwave"], "ability": "Soundproof", "evs": {"hp": 85, "atk": 0, "def": 85, "spa": 85, "spd": 85, "spe": 85}, "ivs": {"hp": 31, "atk": 0, "def": 31, "spa": 31, "spd": 31, "spe": 31}, "item": "Heavy-Duty Boots", "teraType": "Electric", "role": "Fast Support", "bvs": {"hp": 60, "atk": 50, "def": 70, "spa": 80, "spd": 80, "spe": 150}, "stats": {"hp": 260, "atk": 97, "def": 181, "spa": 200, "spd": 200, "spe": 328}, "types": ["Electric"]}, "Mamoswine": {"name": "Mamoswine", "species": "Mamoswine", "speciesId": "mamoswine", "gender": "F", "shiny": false, "level": 81, "moves": ["iciclecrash", "iceshard", "knockoff", "earthquake"], "ability": "Thick Fat", "evs": {"hp": 85, "atk": 85, "def": 85, "spa": 85, "spd": 85, "spe": 85}, "ivs": {"hp": 31, "atk": 31, "def": 31, "spa": 31, "spd": 31, "spe": 31}, "item": "Choice Band", "teraType": "Ice", "role": "Wallbreaker", "bvs": {"hp": 110, "atk": 130, "def": 80, "spa": 70, "spd": 60, "spe": 80}, "stats": {"hp": 311, "atk": 257, "def": 176, "spa": 160, "spd": 144, "spe": 176}, "types": ["Ice", "Ground"]}, "Spiritomb": {"name": "Spiritomb", "species": "Spiritomb", "speciesId": "spiritomb", "gender": "F", "shiny": false, "level": 89, "moves": ["painsplit", "suckerpunch", "foulplay", "poltergeist"], "ability": "Infiltrator", "evs": {"hp": 85, "atk": 85, "def": 85, "spa": 85, "spd": 85, "spe": 85}, "ivs": {"hp": 31, "atk": 31, "def": 31, "spa": 31, "spd": 31, "spe": 31}, "item": "Leftovers", "teraType": "Poison", "role": "Bulky Support", "bvs": {"hp": 50, "atk": 92, "def": 108, "spa": 92, "spd": 108, "spe": 35}, "stats": {"hp": 234, "atk": 215, "def": 243, "spa": 215, "spd": 243, "spe": 113}, "types": ["Ghost", "Dark"]}, "Poliwrath": {"name": "Poliwrath", "species": "Poliwrath", "speciesId": "poliwrath", "gender": "M", "shiny": false, "level": 88, "moves": ["knockoff", "liquidation", "closecombat", "raindance"], "ability": "Swift Swim", "evs": {"hp": 85, "atk": 85, "def": 85, "spa": 85, "spd": 85, "spe": 85}, "ivs": {"hp": 31, "atk": 31, "def": 31, "spa": 31, "spd": 31, "spe": 31}, "item": "Life Orb", "teraType": "Water", "role": "Setup Sweeper", "bvs": {"hp": 90, "atk": 95, "def": 95, "spa": 70, "spd": 90, "spe": 70}, "stats": {"hp": 302, "atk": 217, "def": 217, "spa": 173, "spd": 209, "spe": 173}, "types": ["Water", "Fighting"]}}, {"Garchomp": {"name": "Garchomp", "species": "Garchomp", "speciesId": "garchomp", "gender": "F", "shiny": false, "level": 74, "moves": ["earthquake", "scaleshot", "ironhead", "swordsdance"], "ability": "Rough Skin", "evs": {"hp": 85, "atk": 85, "def": 85, "spa": 85, "spd": 85, "spe": 85}, "ivs": {"hp": 31, "atk": 31, "def": 31, "spa": 31, "spd": 31, "spe": 31}, "item": "Loaded Dice", "teraType": "Steel", "role": "Setup Sweeper", "bvs": {"hp": 108, "atk": 130, "def": 95, "spa": 80, "spd": 85, "spe": 102}, "stats": {"hp": 282, "atk": 235, "def": 184, "spa": 161, "spd": 169, "spe": 194}, "types": ["Dragon", "Ground"]}, "Hoopa": {"name": "Hoopa", "species": "Hoopa", "speciesId": "hoopa", "gender": "N", "shiny": false, "level": 85, "moves": ["shadowball", "focusblast", "trick", "psychic"], "ability": "Magician", "evs": {"hp": 85, "atk": 0, "def": 85, "spa": 85, "spd": 85, "spe": 85}, "ivs": {"hp": 31, "atk": 0, "def": 31, "spa": 31, "spd": 31, "spe": 31}, "item": "Choice Scarf", "teraType": "Fighting", "role": "Fast Attacker", "bvs": {"hp": 80, "atk": 110, "def": 60, "spa": 150, "spd": 130, "spe": 70}, "stats": {"hp": 275, "atk": 192, "def": 151, "spa": 304, "spd": 270, "spe": 168}, "types": ["Psychic", "Ghost"]}, "Toucannon": {"name": "Toucannon", "species": "Toucannon", "speciesId": "toucannon", "gender": "F", "shiny": false, "level": 88, "moves": ["roost", "boomburst", "uturn", "beakblast"], "ability": "Keen Eye", "evs": {"hp": 85, "atk": 85, "def": 85, "spa": 85, "spd": 85, "spe": 85}, "ivs": {"hp": 31, "atk": 31, "def": 31, "spa": 31, "spd": 31, "spe": 31}, "item": "Heavy-Duty Boots", "teraType": "Steel", "role": "Bulky Support", "bvs": {"hp": 80, "atk": 120, "def": 75, "spa": 75, "spd": 75, "spe": 60}, "stats": {"hp": 284, "atk": 261, "def": 182, "spa": 182, "spd": 182, "spe": 156}, "types": ["Normal", "Flying"]}, "Sandaconda": {"name": "Sandaconda", "species": "Sandaconda", "speciesId": "sandaconda", "gender": "F", "shiny": false, "level": 84, "moves": ["earthquake", "stealthrock", "glare", "stoneedge"], "ability": "Shed Skin", "evs": {"hp": 85, "atk": 85, "def": 85, "spa": 85, "spd": 85, "spe": 85}, "ivs": {"hp": 31, "atk": 31, "def": 31, "spa": 31, "spd": 31, "spe": 31}, "item": "Leftovers", "teraType": "Dragon", "role": "Bulky Attacker", "bvs": {"hp": 72, "atk": 107, "def": 125, "spa": 65, "spd": 70, "spe": 71}, "stats": {"hp": 258, "atk": 228, "def": 258, "spa": 157, "spd": 166, "spe": 167}, "types": ["Ground"]}, "Alomomola": {"name": "Alomomola", "species": "Alomomola", "speciesId": "alomomola", "gender": "F", "shiny": false, "level": 87, "moves": ["protect", "scald", "wish", "flipturn"], "ability": "Regenerator", "evs": {"hp": 85, "atk": 85, "def": 85, "spa": 85, "spd": 85, "spe": 85}, "ivs": {"hp": 31, "atk": 31, "def": 31, "spa": 31, "spd": 31, "spe": 31}, "item": "Heavy-Duty Boots", "teraType": "Steel", "role": "Fast Support", "bvs": {"hp": 165, "atk": 75, "def": 80, "spa": 40, "spd": 45, "spe": 65}, "stats": {"hp": 429, "atk": 180, "def": 189, "spa": 119, "spd": 128, "spe": 163}, "types": ["Water"]}, "Ampharos": {"name": "Ampharos", "species": "Ampharos", "speciesId": "ampharos", "gender": "M", "shiny": false, "level": 88, "moves": ["voltswitch", "thunderbolt", "dazzlinggleam", "dragontail"], "ability": "Static", "evs": {"hp": 85, "atk": 85, "def": 85, "spa": 85, "spd": 85, "spe": 85}, "ivs": {"hp": 31, "atk": 31, "def": 31, "spa": 31, "spd": 31, "spe": 31}, "item": "Assault Vest", "teraType": "Fairy", "role": "AV Pivot", "bvs": {"hp": 90, "atk": 75, "def": 85, "spa": 115, "spd": 90, "spe": 55}, "stats": {"hp": 302, "atk": 182, "def": 200, "spa": 253, "spd": 209, "spe": 147}, "types": ["Electric"]}}]}