{"id": "gen9randombattle-2631844450", "format": "[Gen 9] Random Battle", "players": ["Glinteighty", "PartyTrain9"], "log": "|j|\u2606Glinteighty\n|j|\u2606PartyTrain9\n|t:|1781447294\n|gametype|singles\n|player|p1|Glinteighty|102|2058\n|player|p2|PartyTrain9|266|2030\n|gen|9\n|tier|[Gen 9] Random Battle\n|rated|\n|rule|Species Clause: Limit one of each Pok\u00e9mon\n|rule|HP Percentage Mod: HP is shown in percentages\n|rule|Sleep Clause Mod: Limit one foe put to sleep\n|rule|Illusion Level Mod: Illusion disguises the Pok\u00e9mon's true level\n|\n|t:|1781447294\n|teamsize|p1|6\n|teamsize|p2|6\n|start\n|switch|p1a: Swampert|Swampert, L83, M|302/302\n|switch|p2a: Iron Leaves|Iron Leaves, L80|275/275\n|turn|1\n|inactive|Battle timer is ON: inactive players will automatically lose when time's up. (requested by PartyTrain9)\n|\n|t:|1781447316\n|switch|p1a: Chandelure|Chandelure, L83, M|235/235\n|move|p2a: Iron Leaves|Swords Dance|p2a: Iron Leaves\n|-boost|p2a: Iron Leaves|atk|2\n|\n|upkeep\n|turn|2\n|\n|t:|1781447320\n|move|p2a: Iron Leaves|Psyblade|p1a: Chandelure\n|-damage|p1a: Chandelure|0 fnt\n|faint|p1a: Chandelure\n|-damage|p2a: Iron Leaves|248/275|[from] item: Life Orb\n|\n|upkeep\n|\n|t:|1781447329\n|switch|p1a: Gumshoos|Gumshoos, L95, F|321/321\n|turn|3\n|\n|t:|1781447334\n|move|p2a: Iron Leaves|Close Combat|p1a: Gumshoos\n|-supereffective|p1a: Gumshoos\n|-damage|p1a: Gumshoos|0 fnt\n|-unboost|p2a: Iron Leaves|def|1\n|-unboost|p2a: Iron Leaves|spd|1\n|faint|p1a: Gumshoos\n|-damage|p2a: Iron Leaves|221/275|[from] item: Life Orb\n|\n|upkeep\n|\n|t:|1781447343\n|switch|p1a: Swampert|Swampert, L83, M|302/302\n|turn|4\n|\n|t:|1781447347\n|-terastallize|p1a: Swampert|Poison\n|move|p2a: Iron Leaves|Leaf Blade|p1a: Swampert\n|-resisted|p1a: Swampert\n|-damage|p1a: Swampert|153/302\n|-damage|p2a: Iron Leaves|194/275|[from] item: Life Orb\n|move|p1a: Swampert|Ice Beam|p2a: Iron Leaves\n|-supereffective|p2a: Iron Leaves\n|-damage|p2a: Iron Leaves|48/275\n|\n|-heal|p1a: Swampert|171/302|[from] item: Leftovers\n|upkeep\n|turn|5\n|\n|t:|1781447362\n|move|p2a: Iron Leaves|Psyblade|p1a: Swampert\n|-supereffective|p1a: Swampert\n|-damage|p1a: Swampert|0 fnt\n|faint|p1a: Swampert\n|-damage|p2a: Iron Leaves|21/275|[from] item: Life Orb\n|\n|upkeep\n|\n|t:|1781447369\n|switch|p1a: Quaquaval|Quaquaval, L79, F|264/264\n|turn|6\n|\n|t:|1781447371\n|switch|p1a: Ogerpon|Ogerpon-Hearthflame, L74, F|239/239\n|-ability|p1a: Ogerpon|Mold Breaker\n|move|p2a: Iron Leaves|Leaf Blade|p1a: Ogerpon\n|-resisted|p1a: Ogerpon\n|-damage|p1a: Ogerpon|161/239\n|-damage|p2a: Iron Leaves|0 fnt|[from] item: Life Orb\n|faint|p2a: Iron Leaves\n|-end|p2a: Iron Leaves|Quark Drive|[silent]\n|\n|upkeep\n|\n|t:|1781447379\n|switch|p2a: Ursaring|Ursaring, L84, F|288/288\n|turn|7\n|\n|t:|1781447387\n|move|p1a: Ogerpon|Ivy Cudgel|p2a: Ursaring|[anim] Ivy Cudgel Fire\n|-damage|p2a: Ursaring|165/288\n|move|p2a: Ursaring|Swords Dance|p2a: Ursaring\n|-boost|p2a: Ursaring|atk|2\n|\n|-status|p2a: Ursaring|tox|[from] item: Toxic Orb\n|upkeep\n|turn|8\n|\n|t:|1781447392\n|move|p2a: Ursaring|Facade|p1a: Ogerpon\n|-damage|p1a: Ogerpon|0 fnt\n|faint|p1a: Ogerpon\n|\n|-damage|p2a: Ursaring|147/288 tox|[from] psn\n|upkeep\n|\n|t:|1781447396\n|switch|p1a: Landorus|Landorus, L75, M|257/257\n|turn|9\n|\n|t:|1781447400\n|-terastallize|p2a: Ursaring|Normal\n|move|p2a: Ursaring|Facade|p1a: Landorus\n|-damage|p1a: Landorus|0 fnt\n|faint|p1a: Landorus\n|\n|-damage|p2a: Ursaring|111/288 tox|[from] psn\n|upkeep\n|\n|t:|1781447402\n|switch|p1a: Quaquaval|Quaquaval, L79, F|264/264\n|turn|10\n|\n|t:|1781447405\n|move|p2a: Ursaring|Facade|p1a: Quaquaval\n|-damage|p1a: Quaquaval|0 fnt\n|faint|p1a: Quaquaval\n|\n|win|PartyTrain9\n", "inputlog": ">version a8376a258c1d4662feba110a92103f3664a72141\n>start {\"formatid\":\"gen9randombattle\",\"seed\":\"sodium,9f8b283b2b0f9c72ece8be1e24aa094b\",\"rated\":\"Rated battle\"}\n>player p1 {\"name\":\"Glinteighty\",\"avatar\":\"102\",\"rating\":2058,\"seed\":\"sodium,07510cba3f5cb95c63e980152d033ada\"}\n>player p2 {\"name\":\"PartyTrain9\",\"avatar\":\"266\",\"rating\":2030,\"seed\":\"sodium,3dcc3862e0969611b92f72dadc560271\"}\n>p1 switch 5\n>p2 move swordsdance\n>p1 move flamecharge\n>p2 move psyblade\n>p1 switch 3\n>p1 move uturn\n>p2 move closecombat\n>p1 switch 5\n>p1 move icebeam terastallize\n>p2 move leafblade\n>p1 move flipturn\n>p2 move psyblade\n>p1 switch 6\n>p1 switch 4\n>p2 move leafblade\n>p2 switch 6\n>p1 move ivycudgel\n>p2 move swordsdance\n>p1 move trailblaze\n>p2 move facade\n>p1 switch 2\n>p1 move earthpower\n>p2 move facade terastallize\n>p1 switch 4\n>p1 move aquastep\n>p2 move facade", "uploadtime": 1781447296, "views": 4, "formatid": "gen9randombattle", "rating": null, "private": 0, "password": null, "player_dets": [{"name": "Glinteighty", "avatar": "102", "rating": 2058, "seed": "sodium,07510cba3f5cb95c63e980152d033ada"}, {"name": "PartyTrain9", "avatar": "266", "rating": 2030, "seed": "sodium,3dcc3862e0969611b92f72dadc560271"}], "teams_full": [{"Swampert": {"name": "Swampert", "species": "Swampert", "speciesId": "swampert", "gender": "M", "shiny": false, "level": 83, "moves": ["earthquake", "flipturn", "icebeam", "yawn"], "ability": "Torrent", "evs": {"hp": 85, "atk": 85, "def": 85, "spa": 85, "spd": 85, "spe": 85}, "ivs": {"hp": 31, "atk": 31, "def": 31, "spa": 31, "spd": 31, "spe": 31}, "item": "Leftovers", "teraType": "Poison", "role": "Bulky Support", "bvs": {"hp": 100, "atk": 110, "def": 90, "spa": 85, "spd": 90, "spe": 60}, "stats": {"hp": 302, "atk": 230, "def": 197, "spa": 189, "spd": 197, "spe": 147}}, "Landorus": {"name": "Landorus", "species": "Landorus", "speciesId": "landorus", "gender": "M", "shiny": false, "level": 75, "moves": ["psychic", "earthpower", "sludgewave", "nastyplot"], "ability": "Sheer Force", "evs": {"hp": 85, "atk": 0, "def": 85, "spa": 85, "spd": 85, "spe": 85}, "ivs": {"hp": 31, "atk": 0, "def": 31, "spa": 31, "spd": 31, "spe": 31}, "item": "Life Orb", "teraType": "Poison", "role": "Fast Attacker", "bvs": {"hp": 89, "atk": 125, "def": 90, "spa": 115, "spd": 80, "spe": 101}, "stats": {"hp": 257, "atk": 192, "def": 179, "spa": 216, "spd": 164, "spe": 195}}, "Gumshoos": {"name": "Gumshoos", "species": "Gumshoos", "speciesId": "gumshoos", "gender": "F", "shiny": false, "level": 95, "moves": ["doubleedge", "earthquake", "uturn", "knockoff"], "ability": "Stakeout", "evs": {"hp": 85, "atk": 85, "def": 85, "spa": 85, "spd": 85, "spe": 85}, "ivs": {"hp": 31, "atk": 31, "def": 31, "spa": 31, "spd": 31, "spe": 31}, "item": "Choice Band", "teraType": "Ground", "role": "Fast Attacker", "bvs": {"hp": 88, "atk": 110, "def": 60, "spa": 55, "spd": 60, "spe": 45}, "stats": {"hp": 321, "atk": 263, "def": 168, "spa": 158, "spd": 168, "spe": 139}}, "Ogerpon": {"name": "Ogerpon", "species": "Ogerpon-Hearthflame", "speciesId": "ogerponhearthflame", "gender": "F", "shiny": false, "level": 74, "moves": ["ivycudgel", "hornleech", "swordsdance", "trailblaze"], "ability": "Mold Breaker", "evs": {"hp": 77, "atk": 85, "def": 85, "spa": 85, "spd": 85, "spe": 85}, "ivs": {"hp": 31, "atk": 31, "def": 31, "spa": 31, "spd": 31, "spe": 31}, "item": "Hearthflame Mask", "teraType": "Fire", "role": "Setup Sweeper", "bvs": {"hp": 80, "atk": 120, "def": 84, "spa": 60, "spd": 96, "spe": 110}, "stats": {"hp": 239, "atk": 221, "def": 167, "spa": 132, "spd": 185, "spe": 206}}, "Chandelure": {"name": "Chandelure", "species": "Chandelure", "speciesId": "chandelure", "gender": "M", "shiny": false, "level": 83, "moves": ["calmmind", "flamecharge", "fireblast", "shadowball"], "ability": "Flash Fire", "evs": {"hp": 85, "atk": 85, "def": 85, "spa": 85, "spd": 85, "spe": 85}, "ivs": {"hp": 31, "atk": 31, "def": 31, "spa": 31, "spd": 31, "spe": 31}, "item": "Heavy-Duty Boots", "teraType": "Ghost", "role": "Fast Bulky Setup", "bvs": {"hp": 60, "atk": 55, "def": 90, "spa": 145, "spd": 90, "spe": 80}, "stats": {"hp": 235, "atk": 139, "def": 197, "spa": 288, "spd": 197, "spe": 180}}, "Quaquaval": {"name": "Quaquaval", "species": "Quaquaval", "speciesId": "quaquaval", "gender": "F", "shiny": false, "level": 79, "moves": ["closecombat", "knockoff", "aquastep", "swordsdance"], "ability": "Moxie", "evs": {"hp": 85, "atk": 85, "def": 85, "spa": 85, "spd": 85, "spe": 85}, "ivs": {"hp": 31, "atk": 31, "def": 31, "spa": 31, "spd": 31, "spe": 31}, "item": "Life Orb", "teraType": "Fighting", "role": "Setup Sweeper", "bvs": {"hp": 85, "atk": 120, "def": 80, "spa": 85, "spd": 75, "spe": 85}, "stats": {"hp": 264, "atk": 235, "def": 172, "spa": 180, "spd": 164, "spe": 180}}}, {"Iron Leaves": {"name": "Iron Leaves", "species": "Iron Leaves", "speciesId": "ironleaves", "gender": "N", "shiny": false, "level": 80, "moves": ["psyblade", "leafblade", "closecombat", "swordsdance"], "ability": "Quark Drive", "evs": {"hp": 85, "atk": 85, "def": 85, "spa": 85, "spd": 85, "spe": 85}, "ivs": {"hp": 31, "atk": 31, "def": 31, "spa": 31, "spd": 31, "spe": 31}, "item": "Life Orb", "teraType": "Fighting", "role": "Wallbreaker", "bvs": {"hp": 90, "atk": 130, "def": 88, "spa": 70, "spd": 108, "spe": 104}, "stats": {"hp": 275, "atk": 254, "def": 187, "spa": 158, "spd": 219, "spe": 213}}, "Wigglytuff": {"name": "Wigglytuff", "species": "Wigglytuff", "speciesId": "wigglytuff", "gender": "M", "shiny": false, "level": 96, "moves": ["thunderwave", "wish", "protect", "dazzlinggleam"], "ability": "Competitive", "evs": {"hp": 85, "atk": 0, "def": 85, "spa": 85, "spd": 85, "spe": 85}, "ivs": {"hp": 31, "atk": 0, "def": 31, "spa": 31, "spd": 31, "spe": 31}, "item": "Leftovers", "teraType": "Steel", "role": "Bulky Support", "bvs": {"hp": 140, "atk": 70, "def": 45, "spa": 85, "spd": 50, "spe": 45}, "stats": {"hp": 424, "atk": 139, "def": 141, "spa": 218, "spd": 150, "spe": 141}}, "Morpeko": {"name": "Morpeko", "species": "Morpeko", "speciesId": "morpeko", "gender": "M", "shiny": false, "level": 88, "moves": ["rapidspin", "aurawheel", "protect", "partingshot"], "ability": "Hunger Switch", "evs": {"hp": 85, "atk": 85, "def": 85, "spa": 85, "spd": 85, "spe": 85}, "ivs": {"hp": 31, "atk": 31, "def": 31, "spa": 31, "spd": 31, "spe": 31}, "item": "Heavy-Duty Boots", "teraType": "Electric", "role": "Fast Support", "bvs": {"hp": 58, "atk": 95, "def": 58, "spa": 70, "spd": 58, "spe": 97}, "stats": {"hp": 245, "atk": 217, "def": 152, "spa": 173, "spd": 152, "spe": 221}}, "Bisharp": {"name": "Bisharp", "species": "Bisharp", "speciesId": "bisharp", "gender": "F", "shiny": false, "level": 79, "moves": ["throatchop", "suckerpunch", "stealthrock", "ironhead"], "ability": "Defiant", "evs": {"hp": 85, "atk": 85, "def": 85, "spa": 85, "spd": 85, "spe": 85}, "ivs": {"hp": 31, "atk": 31, "def": 31, "spa": 31, "spd": 31, "spe": 31}, "item": "Eviolite", "teraType": "Flying", "role": "Bulky Attacker", "bvs": {"hp": 65, "atk": 125, "def": 100, "spa": 60, "spd": 70, "spe": 70}, "stats": {"hp": 232, "atk": 243, "def": 204, "spa": 140, "spd": 156, "spe": 156}}, "Arceus": {"name": "Arceus", "species": "Arceus-Bug", "speciesId": "arceusbug", "gender": "N", "shiny": false, "level": 73, "moves": ["fireblast", "judgment", "recover", "calmmind"], "ability": "Multitype", "evs": {"hp": 81, "atk": 0, "def": 85, "spa": 85, "spd": 85, "spe": 85}, "ivs": {"hp": 31, "atk": 0, "def": 31, "spa": 31, "spd": 31, "spe": 31}, "item": "Insect Plate", "teraType": "Fire", "role": "Bulky Setup", "bvs": {"hp": 120, "atk": 120, "def": 120, "spa": 120, "spd": 120, "spe": 120}, "stats": {"hp": 295, "atk": 180, "def": 218, "spa": 218, "spd": 218, "spe": 218}}, "Ursaring": {"name": "Ursaring", "species": "Ursaring", "speciesId": "ursaring", "gender": "F", "shiny": false, "level": 84, "moves": ["throatchop", "swordsdance", "closecombat", "facade"], "ability": "Quick Feet", "evs": {"hp": 85, "atk": 85, "def": 85, "spa": 85, "spd": 85, "spe": 85}, "ivs": {"hp": 31, "atk": 31, "def": 31, "spa": 31, "spd": 31, "spe": 31}, "item": "Toxic Orb", "teraType": "Normal", "role": "Setup Sweeper", "bvs": {"hp": 90, "atk": 130, "def": 75, "spa": 75, "spd": 75, "spe": 55}, "stats": {"hp": 288, "atk": 267, "def": 174, "spa": 174, "spd": 174, "spe": 141}}}]}