{"id": "gen9randombattle-2631462080", "format": "[Gen 9] Random Battle", "players": ["schleeby", "luxio249"], "log": "|j|\u2606schleeby\n|j|\u2606luxio249\n|t:|1781387636\n|gametype|singles\n|player|p1|schleeby|rosa|1953\n|player|p2|luxio249|rocketgruntf|1972\n|gen|9\n|tier|[Gen 9] Random Battle\n|rated|\n|rule|Species Clause: Limit one of each Pok\u00e9mon\n|rule|HP Percentage Mod: HP is shown in percentages\n|rule|Sleep Clause Mod: Limit one foe put to sleep\n|rule|Illusion Level Mod: Illusion disguises the Pok\u00e9mon's true level\n|\n|t:|1781387636\n|teamsize|p1|6\n|teamsize|p2|6\n|start\n|switch|p1a: Gurdurr|Gurdurr, L85, F|283/283\n|switch|p2a: Arceus|Arceus-Psychic, L69|280/280\n|turn|1\n|inactive|Battle timer is ON: inactive players will automatically lose when time's up. (requested by luxio249)\n|\n|t:|1781387651\n|switch|p1a: Cryogonal|Cryogonal, L89|287/287\n|move|p2a: Arceus|Cosmic Power|p2a: Arceus\n|-boost|p2a: Arceus|def|1\n|-boost|p2a: Arceus|spd|1\n|\n|upkeep\n|turn|2\n|\n|t:|1781387677\n|move|p1a: Cryogonal|Freeze-Dry|p2a: Arceus\n|-damage|p2a: Arceus|232/280\n|move|p2a: Arceus|Body Press|p1a: Cryogonal\n|-supereffective|p1a: Cryogonal\n|-crit|p1a: Cryogonal\n|-damage|p1a: Cryogonal|0 fnt\n|faint|p1a: Cryogonal\n|\n|upkeep\n|-message|schleeby forfeited.\n|\n|win|luxio249\n", "inputlog": ">version a8376a258c1d4662feba110a92103f3664a72141\n>start {\"formatid\":\"gen9randombattle\",\"seed\":\"sodium,b322e03dd43a4ce5594ad7dd8f7ce2e2\",\"rated\":\"Rated battle\"}\n>player p1 {\"name\":\"schleeby\",\"avatar\":\"rosa\",\"rating\":1953,\"seed\":\"sodium,a9280660344ea45860156472a650c486\"}\n>player p2 {\"name\":\"luxio249\",\"avatar\":\"rocketgruntf\",\"rating\":1972,\"seed\":\"sodium,e0a4dc2a0049282e1d8556873eac1981\"}\n>p1 switch 6\n>p2 move cosmicpower\n>p1 move freezedry\n>p2 move bodypress\n>forcelose p1", "uploadtime": 1781387638, "views": 8, "formatid": "gen9randombattle", "rating": null, "private": 0, "password": null}