{"id": "gen9randombattle-2631395758", "format": "[Gen 9] Random Battle", "players": ["drinkwaterr5518", "Micael Lopes"], "log": "|j|\u2606drinkwaterr5518\n|j|\u2606Micael Lopes\n|t:|1781379604\n|gametype|singles\n|player|p1|drinkwaterr5518|102|1563\n|player|p2|Micael Lopes|benga|1565\n|gen|9\n|tier|[Gen 9] Random Battle\n|rated|\n|rule|Species Clause: Limit one of each Pok\u00e9mon\n|rule|HP Percentage Mod: HP is shown in percentages\n|rule|Sleep Clause Mod: Limit one foe put to sleep\n|rule|Illusion Level Mod: Illusion disguises the Pok\u00e9mon's true level\n|\n|t:|1781379604\n|teamsize|p1|6\n|teamsize|p2|6\n|start\n|switch|p1a: Registeel|Registeel, L81|262/262\n|switch|p2a: Mismagius|Mismagius, L86, M|243/243\n|turn|1\n|inactive|Battle timer is ON: inactive players will automatically lose when time's up. (requested by Micael Lopes)\n|\n|t:|1781379613\n|move|p2a: Mismagius|Nasty Plot|p2a: Mismagius\n|-boost|p2a: Mismagius|spa|2\n|move|p1a: Registeel|Thunder Wave|p2a: Mismagius\n|-status|p2a: Mismagius|par\n|\n|upkeep\n|turn|2\n|\n|t:|1781379623\n|move|p1a: Registeel|Iron Head|p2a: Mismagius\n|-damage|p2a: Mismagius|156/243 par\n|cant|p2a: Mismagius|flinch\n|\n|upkeep\n|turn|3\n|\n|t:|1781379636\n|move|p1a: Registeel|Iron Head|p2a: Mismagius\n|-damage|p2a: Mismagius|77/243 par\n|move|p2a: Mismagius|Mystical Fire|p1a: Registeel\n|-supereffective|p1a: Registeel\n|-damage|p1a: Registeel|57/262\n|-damage|p2a: Mismagius|53/243 par|[from] item: Life Orb\n|\n|-heal|p1a: Registeel|73/262|[from] item: Leftovers\n|upkeep\n|turn|4\n|\n|t:|1781379661\n|move|p1a: Registeel|Iron Head|p2a: Mismagius\n|-damage|p2a: Mismagius|0 fnt\n|faint|p2a: Mismagius\n|\n|-heal|p1a: Registeel|89/262|[from] item: Leftovers\n|upkeep\n|inactive|Micael Lopes has 120 seconds left.\n|inactive|Micael Lopes has 90 seconds left.\n|\n|t:|1781379723\n|switch|p2a: Jirachi|Jirachi, L80|291/291\n|turn|5\n|\n|t:|1781379731\n|move|p2a: Jirachi|U-turn|p1a: Registeel\n|-resisted|p1a: Registeel\n|-damage|p1a: Registeel|73/262\n|inactive|Micael Lopes has 90 seconds left.\n|\n|t:|1781379749\n|switch|p2a: Slowbro|Slowbro, L85, F|300/300|[from] U-turn\n|move|p1a: Registeel|Thunder Wave|p2a: Slowbro\n|-status|p2a: Slowbro|par\n|\n|-heal|p1a: Registeel|89/262|[from] item: Leftovers\n|upkeep\n|turn|6\n|\n|t:|1781379767\n|switch|p2a: Palafin|Palafin, L77, M|281/281\n|move|p1a: Registeel|Iron Head|p2a: Palafin\n|-resisted|p2a: Palafin\n|-damage|p2a: Palafin|239/281\n|\n|-heal|p1a: Registeel|105/262|[from] item: Leftovers\n|upkeep\n|turn|7\n|\n|t:|1781379787\n|move|p2a: Palafin|Flip Turn|p1a: Registeel\n|-damage|p1a: Registeel|63/262\n|\n|t:|1781379788\n|detailschange|p2a: Palafin|Palafin-Hero, L77, M\n|switch|p2a: Minior|Minior-Yellow, L79|224/224|[from] Flip Turn\n|-formechange|p2a: Minior|Minior-Meteor||[from] ability: Shields Down\n|move|p1a: Registeel|Iron Defense|p1a: Registeel\n|-boost|p1a: Registeel|def|2\n|\n|-heal|p1a: Registeel|79/262|[from] item: Leftovers\n|upkeep\n|turn|8\n|\n|t:|1781379807\n|switch|p2a: Slowbro|Slowbro, L85, F|300/300 par\n|move|p1a: Registeel|Thunder Wave|p2a: Slowbro\n|-fail|p2a: Slowbro|par\n|\n|-heal|p1a: Registeel|95/262|[from] item: Leftovers\n|upkeep\n|turn|9\n|\n|t:|1781379817\n|move|p1a: Registeel|Iron Head|p2a: Slowbro\n|-resisted|p2a: Slowbro\n|-damage|p2a: Slowbro|272/300 par\n|cant|p2a: Slowbro|flinch\n|\n|-heal|p1a: Registeel|111/262|[from] item: Leftovers\n|upkeep\n|turn|10\n|\n|t:|1781379823\n|move|p1a: Registeel|Iron Defense|p1a: Registeel\n|-boost|p1a: Registeel|def|2\n|cant|p2a: Slowbro|par\n|\n|-heal|p1a: Registeel|127/262|[from] item: Leftovers\n|upkeep\n|turn|11\n|\n|t:|1781379832\n|move|p1a: Registeel|Iron Head|p2a: Slowbro\n|-resisted|p2a: Slowbro\n|-damage|p2a: Slowbro|243/300 par\n|cant|p2a: Slowbro|par\n|\n|-heal|p1a: Registeel|143/262|[from] item: Leftovers\n|upkeep\n|turn|12\n|\n|t:|1781379839\n|move|p1a: Registeel|Iron Head|p2a: Slowbro\n|-resisted|p2a: Slowbro\n|-damage|p2a: Slowbro|214/300 par\n|cant|p2a: Slowbro|flinch\n|\n|-heal|p1a: Registeel|159/262|[from] item: Leftovers\n|upkeep\n|turn|13\n|\n|t:|1781379856\n|move|p1a: Registeel|Iron Head|p2a: Slowbro\n|-resisted|p2a: Slowbro\n|-damage|p2a: Slowbro|189/300 par\n|move|p2a: Slowbro|Fire Blast|p1a: Registeel\n|-supereffective|p1a: Registeel\n|-damage|p1a: Registeel|51/262\n|\n|-heal|p1a: Registeel|67/262|[from] item: Leftovers\n|upkeep\n|turn|14\n|\n|t:|1781379864\n|move|p1a: Registeel|Iron Head|p2a: Slowbro\n|-resisted|p2a: Slowbro\n|-damage|p2a: Slowbro|163/300 par\n|move|p2a: Slowbro|Fire Blast|p1a: Registeel\n|-supereffective|p1a: Registeel\n|-damage|p1a: Registeel|0 fnt\n|faint|p1a: Registeel\n|\n|upkeep\n|\n|t:|1781379873\n|switch|p1a: Porygon-Z|Porygon-Z, L83|277/277\n|-ability|p1a: Porygon-Z|Download|boost\n|-boost|p1a: Porygon-Z|spa|1\n|turn|15\n|\n|t:|1781379891\n|switch|p2a: Jirachi|Jirachi, L80|291/291\n|move|p1a: Porygon-Z|Shadow Ball|p2a: Jirachi\n|-supereffective|p2a: Jirachi\n|-damage|p2a: Jirachi|75/291\n|\n|upkeep\n|turn|16\n|\n|t:|1781379904\n|move|p2a: Jirachi|Iron Head|p1a: Porygon-Z\n|-damage|p1a: Porygon-Z|183/277\n|cant|p1a: Porygon-Z|flinch\n|\n|upkeep\n|turn|17\n|\n|t:|1781379916\n|move|p2a: Jirachi|Iron Head|p1a: Porygon-Z\n|-damage|p1a: Porygon-Z|86/277\n|cant|p1a: Porygon-Z|flinch\n|\n|upkeep\n|turn|18\n|\n|t:|1781379925\n|switch|p1a: Cramorant|Cramorant, L86, F|261/261\n|move|p2a: Jirachi|Iron Head|p1a: Cramorant\n|-resisted|p1a: Cramorant\n|-damage|p1a: Cramorant|202/261\n|\n|upkeep\n|turn|19\n|\n|t:|1781379939\n|switch|p2a: Slowbro|Slowbro, L85, F|263/300 par\n|move|p1a: Cramorant|Brave Bird|p2a: Slowbro\n|-damage|p2a: Slowbro|169/300 par\n|-damage|p1a: Cramorant|171/261|[from] Recoil\n|\n|upkeep\n|turn|20\n|\n|t:|1781379953\n|move|p1a: Cramorant|Brave Bird|p2a: Slowbro\n|-damage|p2a: Slowbro|64/300 par\n|-damage|p1a: Cramorant|136/261|[from] Recoil\n|cant|p2a: Slowbro|par\n|\n|upkeep\n|turn|21\n|\n|t:|1781379960\n|switch|p2a: Ursaring|Ursaring, L84, F|288/288\n|move|p1a: Cramorant|Roost|p1a: Cramorant\n|-heal|p1a: Cramorant|261/261\n|-singleturn|p1a: Cramorant|move: Roost\n|\n|-status|p2a: Ursaring|tox|[from] item: Toxic Orb\n|upkeep\n|turn|22\n|\n|t:|1781379965\n|move|p2a: Ursaring|Swords Dance|p2a: Ursaring\n|-boost|p2a: Ursaring|atk|2\n|move|p1a: Cramorant|Surf|p2a: Ursaring\n|-formechange|p1a: Cramorant|Cramorant-Gulping|\n|-damage|p2a: Ursaring|179/288 tox\n|\n|-damage|p2a: Ursaring|161/288 tox|[from] psn\n|upkeep\n|turn|23\n|\n|t:|1781379985\n|move|p2a: Ursaring|Facade|p1a: Cramorant\n|-damage|p1a: Cramorant|0 fnt\n|-damage|p2a: Ursaring|89/288 tox|[from] ability: Gulp Missile|[of] p1a: Cramorant\n|-unboost|p2a: Ursaring|def|1\n|-formechange|p1a: Cramorant|Cramorant|\n|faint|p1a: Cramorant\n|\n|-damage|p2a: Ursaring|53/288 tox|[from] psn\n|upkeep\n|\n|t:|1781379999\n|switch|p1a: Porygon-Z|Porygon-Z, L83|86/277\n|-ability|p1a: Porygon-Z|Download|boost\n|-boost|p1a: Porygon-Z|atk|1\n|turn|24\n|\n|t:|1781380004\n|-terastallize|p1a: Porygon-Z|Ghost\n|move|p1a: Porygon-Z|Shadow Ball|p2a: Ursaring\n|-immune|p2a: Ursaring\n|move|p2a: Ursaring|Crunch|p1a: Porygon-Z\n|-supereffective|p1a: Porygon-Z\n|-damage|p1a: Porygon-Z|0 fnt\n|faint|p1a: Porygon-Z\n|\n|-damage|p2a: Ursaring|0 fnt|[from] psn\n|faint|p2a: Ursaring\n|upkeep\n|\n|t:|1781380012\n|switch|p1a: Eiscue|Eiscue, L88, F|274/274\n|switch|p2a: Jirachi|Jirachi, L80|75/291\n|turn|25\n|\n|t:|1781380017\n|move|p2a: Jirachi|Healing Wish|p2a: Jirachi\n|faint|p2a: Jirachi\n|move|p1a: Eiscue|Belly Drum|p1a: Eiscue\n|-damage|p1a: Eiscue|137/274\n|-setboost|p1a: Eiscue|atk|6|[from] move: Belly Drum\n|-enditem|p1a: Eiscue|Sitrus Berry|[eat]\n|-heal|p1a: Eiscue|205/274|[from] item: Sitrus Berry\n|\n|upkeep\n|\n|t:|1781380018\n|switch|p2a: Slowbro|Slowbro, L85, F|164/300 par\n|-heal|p2a: Slowbro|300/300|[from] move: Healing Wish\n|turn|26\n|\n|t:|1781380025\n|move|p1a: Eiscue|Tera Blast|p2a: Slowbro\n|-damage|p2a: Slowbro|266/300\n|move|p2a: Slowbro|Fire Blast|p1a: Eiscue\n|-supereffective|p1a: Eiscue\n|-damage|p1a: Eiscue|59/274\n|\n|upkeep\n|turn|27\n|\n|t:|1781380040\n|switch|p1a: Jolteon|Jolteon, L84, M|246/246\n|move|p2a: Slowbro|Scald|p1a: Jolteon\n|-crit|p1a: Jolteon\n|-damage|p1a: Jolteon|116/246\n|\n|upkeep\n|turn|28\n|\n|t:|1781380046\n|move|p1a: Jolteon|Thunderbolt|p2a: Slowbro\n|-supereffective|p2a: Slowbro\n|-damage|p2a: Slowbro|48/300\n|move|p2a: Slowbro|Scald|p1a: Jolteon\n|-damage|p1a: Jolteon|26/246\n|-status|p1a: Jolteon|brn\n|\n|-damage|p1a: Jolteon|11/246 brn|[from] brn\n|upkeep\n|turn|29\n|\n|t:|1781380080\n|switch|p1a: Salazzle|Salazzle, L83, F|249/249\n|switch|p2a: Minior|Minior-Yellow, L79|224/224\n|-formechange|p2a: Minior|Minior-Meteor||[from] ability: Shields Down\n|\n|upkeep\n|turn|30\n|\n|t:|1781380085\n|move|p1a: Salazzle|Toxic|p2a: Minior\n|-immune|p2a: Minior|[from] ability: Shields Down\n|move|p2a: Minior|Shell Smash|p2a: Minior\n|-unboost|p2a: Minior|def|1\n|-unboost|p2a: Minior|spd|1\n|-boost|p2a: Minior|atk|2\n|-boost|p2a: Minior|spa|2\n|-boost|p2a: Minior|spe|2\n|-enditem|p2a: Minior|White Herb\n|-clearnegativeboost|p2a: Minior|[silent]\n|\n|upkeep\n|turn|31\n|\n|t:|1781380100\n|move|p1a: Salazzle|Protect|p1a: Salazzle\n|-singleturn|p1a: Salazzle|Protect\n|move|p2a: Minior|Earthquake|p1a: Salazzle\n|-activate|p1a: Salazzle|move: Protect\n|\n|upkeep\n|turn|32\n|c|\u2606Micael Lopes|**__Sexy game.__**\n|\n|t:|1781380113\n|move|p2a: Minior|Power Gem|p1a: Salazzle\n|-supereffective|p1a: Salazzle\n|-damage|p1a: Salazzle|0 fnt\n|faint|p1a: Salazzle\n|\n|upkeep\n|\n|t:|1781380116\n|switch|p1a: Eiscue|Eiscue, L88, F|59/274\n|turn|33\n|\n|t:|1781380121\n|move|p2a: Minior|Power Gem|p1a: Eiscue\n|-supereffective|p1a: Eiscue\n|-damage|p1a: Eiscue|0 fnt\n|faint|p1a: Eiscue\n|\n|upkeep\n|\n|t:|1781380123\n|switch|p1a: Jolteon|Jolteon, L84, M|11/246 brn\n|turn|34\n|\n|t:|1781380125\n|move|p2a: Minior|Earthquake|p1a: Jolteon\n|-supereffective|p1a: Jolteon\n|-crit|p1a: Jolteon\n|-damage|p1a: Jolteon|0 fnt\n|faint|p1a: Jolteon\n|\n|win|Micael Lopes\n|raw|drinkwaterr5518's rating: 1563 &rarr; <strong>1545</strong><br />(-18 for losing)\n|raw|Micael Lopes's rating: 1605 &rarr; <strong>1623</strong><br />(+18 for winning)\n|l|\u2606drinkwaterr5518\n|player|p1|\n|c|\u2606Micael Lopes|**__Sexy game.__**\n", "inputlog": ">version a8376a258c1d4662feba110a92103f3664a72141\n>start {\"formatid\":\"gen9randombattle\",\"seed\":\"sodium,6b6301c86a678a217c99419a985a7b0b\",\"rated\":\"Rated battle\"}\n>player p1 {\"name\":\"drinkwaterr5518\",\"avatar\":\"102\",\"rating\":1563,\"seed\":\"sodium,62b5252eeebc20452d5d53da4ed53d27\"}\n>player p2 {\"name\":\"Micael Lopes\",\"avatar\":\"benga\",\"rating\":1565,\"seed\":\"sodium,c667093540e2650f68bd6832db5120ba\"}\n>p1 move thunderwave\n>p2 move nastyplot\n>p1 move ironhead\n>p2 move mysticalfire\n>p1 move ironhead\n>p2 move mysticalfire\n>p1 move ironhead\n>p2 move mysticalfire\n>p2 switch 4\n>p1 move thunderwave\n>p2 move uturn\n>p2 switch 5\n>p1 move ironhead\n>p2 switch 2\n>p1 move irondefense\n>p2 move flipturn\n>p2 switch 6\n>p1 move thunderwave\n>p2 switch 2\n>p1 move ironhead\n>p2 move fireblast\n>p1 move irondefense\n>p2 move fireblast\n>p1 move ironhead\n>p2 move fireblast\n>p1 move ironhead\n>p2 move fireblast\n>p1 move ironhead\n>p2 move fireblast\n>p1 move ironhead\n>p2 move fireblast\n>p1 switch 4\n>p1 move shadowball\n>p2 switch 5\n>p1 move shadowball\n>p2 move ironhead\n>p1 move shadowball\n>p2 move ironhead\n>p1 switch 3\n>p2 move ironhead\n>p1 move bravebird\n>p2 switch 5\n>p1 move bravebird\n>p2 move scald\n>p1 move roost\n>p2 switch 3\n>p1 move surf\n>p2 move swordsdance\n>p1 move surf\n>p2 move facade\n>p1 switch 3\n>p1 move shadowball terastallize\n>p2 move crunch\n>p1 switch 2\n>p2 switch 5\n>p1 move bellydrum\n>p2 move healingwish\n>p2 switch 3\n>p1 move terablast\n>p2 move fireblast\n>p1 switch 6\n>p2 move scald\n>p1 move thunderbolt\n>p2 move scald\n>p1 switch 5\n>p2 switch 2\n>p1 move toxic\n>p2 move shellsmash\n>p1 move protect\n>p2 move earthquake\n>chat \u2606Micael Lopes|**__Sexy game.__**\n>p1 move substitute\n>p2 move powergem\n>p1 switch 6\n>p1 move liquidation\n>p2 move powergem\n>p1 switch 5\n>p1 move thunderbolt\n>p2 move earthquake", "uploadtime": 1781380141, "views": 7, "formatid": "gen9randombattle", "rating": 1545, "private": 0, "password": null, "player_dets": [{"name": "drinkwaterr5518", "avatar": "102", "rating": 1563, "seed": "sodium,62b5252eeebc20452d5d53da4ed53d27"}, {"name": "Micael Lopes", "avatar": "benga", "rating": 1565, "seed": "sodium,c667093540e2650f68bd6832db5120ba"}], "teams_full": [{"Registeel": {"name": "Registeel", "species": "Registeel", "speciesId": "registeel", "gender": "N", "shiny": false, "level": 81, "moves": ["ironhead", "thunderwave", "bodypress", "irondefense"], "ability": "Clear Body", "evs": {"hp": 85, "atk": 85, "def": 85, "spa": 85, "spd": 85, "spe": 85}, "ivs": {"hp": 31, "atk": 31, "def": 31, "spa": 31, "spd": 31, "spe": 31}, "item": "Leftovers", "teraType": "Fighting", "role": "Bulky Support", "bvs": {"hp": 80, "atk": 75, "def": 150, "spa": 75, "spd": 150, "spe": 50}, "stats": {"hp": 262, "atk": 168, "def": 290, "spa": 168, "spd": 290, "spe": 128}, "types": ["Steel"]}, "Eiscue": {"name": "Eiscue", "species": "Eiscue", "speciesId": "eiscue", "gender": "F", "shiny": false, "level": 88, "moves": ["terablast", "icespinner", "liquidation", "bellydrum"], "ability": "Ice Face", "evs": {"hp": 81, "atk": 85, "def": 85, "spa": 85, "spd": 85, "spe": 85}, "ivs": {"hp": 31, "atk": 31, "def": 31, "spa": 31, "spd": 31, "spe": 31}, "item": "Sitrus Berry", "teraType": "Electric", "role": "Tera Blast user", "bvs": {"hp": 75, "atk": 80, "def": 110, "spa": 65, "spd": 90, "spe": 50}, "stats": {"hp": 274, "atk": 191, "def": 244, "spa": 165, "spd": 209, "spe": 138}, "types": ["Ice"]}, "Cramorant": {"name": "Cramorant", "species": "Cramorant", "speciesId": "cramorant", "gender": "F", "shiny": false, "level": 86, "moves": ["bravebird", "roost", "defog", "surf"], "ability": "Gulp Missile", "evs": {"hp": 85, "atk": 85, "def": 85, "spa": 85, "spd": 85, "spe": 85}, "ivs": {"hp": 31, "atk": 31, "def": 31, "spa": 31, "spd": 31, "spe": 31}, "item": "Heavy-Duty Boots", "teraType": "Ground", "role": "Bulky Support", "bvs": {"hp": 70, "atk": 85, "def": 55, "spa": 85, "spd": 95, "spe": 85}, "stats": {"hp": 261, "atk": 195, "def": 144, "spa": 195, "spd": 213, "spe": 195}, "types": ["Flying", "Water"]}, "Porygon-Z": {"name": "Porygon-Z", "species": "Porygon-Z", "speciesId": "porygonz", "gender": "N", "shiny": false, "level": 83, "moves": ["shadowball", "trick", "triattack", "icebeam"], "ability": "Download", "evs": {"hp": 85, "atk": 0, "def": 85, "spa": 85, "spd": 85, "spe": 85}, "ivs": {"hp": 31, "atk": 0, "def": 31, "spa": 31, "spd": 31, "spe": 31}, "item": "Choice Scarf", "teraType": "Ghost", "role": "Fast Attacker", "bvs": {"hp": 85, "atk": 80, "def": 70, "spa": 135, "spd": 75, "spe": 90}, "stats": {"hp": 277, "atk": 137, "def": 164, "spa": 272, "spd": 172, "spe": 197}, "types": ["Normal"]}, "Salazzle": {"name": "Salazzle", "species": "Salazzle", "speciesId": "salazzle", "gender": "F", "shiny": false, "level": 83, "moves": ["toxic", "protect", "substitute", "flamethrower"], "ability": "Corrosion", "evs": {"hp": 85, "atk": 0, "def": 85, "spa": 85, "spd": 85, "spe": 85}, "ivs": {"hp": 31, "atk": 0, "def": 31, "spa": 31, "spd": 31, "spe": 31}, "item": "Leftovers", "teraType": "Grass", "role": "Fast Support", "bvs": {"hp": 68, "atk": 64, "def": 60, "spa": 111, "spd": 60, "spe": 117}, "stats": {"hp": 249, "atk": 111, "def": 147, "spa": 232, "spd": 147, "spe": 242}, "types": ["Poison", "Fire"]}, "Jolteon": {"name": "Jolteon", "species": "Jolteon", "speciesId": "jolteon", "gender": "M", "shiny": false, "level": 84, "moves": ["alluringvoice", "shadowball", "thunderbolt", "voltswitch"], "ability": "Volt Absorb", "evs": {"hp": 85, "atk": 0, "def": 85, "spa": 85, "spd": 85, "spe": 85}, "ivs": {"hp": 31, "atk": 0, "def": 31, "spa": 31, "spd": 31, "spe": 31}, "item": "Choice Specs", "teraType": "Electric", "role": "Fast Attacker", "bvs": {"hp": 65, "atk": 65, "def": 60, "spa": 110, "spd": 95, "spe": 130}, "stats": {"hp": 246, "atk": 114, "def": 149, "spa": 233, "spd": 208, "spe": 267}, "types": ["Electric"]}}, {"Mismagius": {"name": "Mismagius", "species": "Mismagius", "speciesId": "mismagius", "gender": "M", "shiny": false, "level": 86, "moves": ["mysticalfire", "shadowball", "dazzlinggleam", "nastyplot"], "ability": "Levitate", "evs": {"hp": 85, "atk": 0, "def": 85, "spa": 85, "spd": 85, "spe": 85}, "ivs": {"hp": 31, "atk": 0, "def": 31, "spa": 31, "spd": 31, "spe": 31}, "item": "Life Orb", "teraType": "Fairy", "role": "Setup Sweeper", "bvs": {"hp": 60, "atk": 60, "def": 60, "spa": 105, "spd": 105, "spe": 105}, "stats": {"hp": 243, "atk": 108, "def": 152, "spa": 230, "spd": 230, "spe": 230}, "types": ["Ghost"]}, "Palafin": {"name": "Palafin", "species": "Palafin", "speciesId": "palafin", "gender": "M", "shiny": false, "level": 77, "moves": ["wavecrash", "closecombat", "jetpunch", "flipturn"], "ability": "Zero to Hero", "evs": {"hp": 85, "atk": 85, "def": 85, "spa": 85, "spd": 85, "spe": 85}, "ivs": {"hp": 31, "atk": 31, "def": 31, "spa": 31, "spd": 31, "spe": 31}, "item": "Choice Band", "teraType": "Fighting", "role": "Wallbreaker", "bvs": {"hp": 100, "atk": 70, "def": 72, "spa": 53, "spd": 62, "spe": 100}, "stats": {"hp": 281, "atk": 152, "def": 155, "spa": 126, "spd": 140, "spe": 199}, "types": ["Water"]}, "Ursaring": {"name": "Ursaring", "species": "Ursaring", "speciesId": "ursaring", "gender": "F", "shiny": false, "level": 84, "moves": ["closecombat", "crunch", "swordsdance", "facade"], "ability": "Quick Feet", "evs": {"hp": 85, "atk": 85, "def": 85, "spa": 85, "spd": 85, "spe": 85}, "ivs": {"hp": 31, "atk": 31, "def": 31, "spa": 31, "spd": 31, "spe": 31}, "item": "Toxic Orb", "teraType": "Normal", "role": "Setup Sweeper", "bvs": {"hp": 90, "atk": 130, "def": 75, "spa": 75, "spd": 75, "spe": 55}, "stats": {"hp": 288, "atk": 267, "def": 174, "spa": 174, "spd": 174, "spe": 141}, "types": ["Normal"]}, "Jirachi": {"name": "Jirachi", "species": "Jirachi", "speciesId": "jirachi", "gender": "N", "shiny": false, "level": 80, "moves": ["uturn", "psychic", "ironhead", "healingwish"], "ability": "Serene Grace", "evs": {"hp": 85, "atk": 85, "def": 85, "spa": 85, "spd": 85, "spe": 85}, "ivs": {"hp": 31, "atk": 31, "def": 31, "spa": 31, "spd": 31, "spe": 31}, "item": "Choice Scarf", "teraType": "Water", "role": "Bulky Support", "bvs": {"hp": 100, "atk": 100, "def": 100, "spa": 100, "spd": 100, "spe": 100}, "stats": {"hp": 291, "atk": 206, "def": 206, "spa": 206, "spd": 206, "spe": 206}, "types": ["Steel", "Psychic"]}, "Slowbro": {"name": "Slowbro", "species": "Slowbro", "speciesId": "slowbro", "gender": "F", "shiny": false, "level": 85, "moves": ["scald", "fireblast", "icebeam", "bodypress"], "ability": "Regenerator", "evs": {"hp": 85, "atk": 0, "def": 85, "spa": 85, "spd": 85, "spe": 85}, "ivs": {"hp": 31, "atk": 0, "def": 31, "spa": 31, "spd": 31, "spe": 31}, "item": "Assault Vest", "teraType": "Fighting", "role": "AV Pivot", "bvs": {"hp": 95, "atk": 75, "def": 110, "spa": 100, "spd": 80, "spe": 30}, "stats": {"hp": 300, "atk": 132, "def": 236, "spa": 219, "spd": 185, "spe": 100}, "types": ["Water", "Psychic"]}, "Minior": {"name": "Minior", "species": "Minior-Yellow", "speciesId": "minior", "gender": "N", "shiny": false, "level": 79, "moves": ["earthquake", "acrobatics", "shellsmash", "powergem"], "ability": "Shields Down", "evs": {"hp": 85, "atk": 85, "def": 85, "spa": 85, "spd": 85, "spe": 85}, "ivs": {"hp": 31, "atk": 31, "def": 31, "spa": 31, "spd": 31, "spe": 31}, "item": "White Herb", "teraType": "Flying", "role": "Setup Sweeper", "bvs": {"hp": 60, "atk": 100, "def": 60, "spa": 100, "spd": 60, "spe": 120}, "stats": {"hp": 224, "atk": 204, "def": 140, "spa": 204, "spd": 140, "spe": 235}, "types": ["Rock", "Flying"]}}]}