{"id": "gen9randombattle-2631642681", "format": "[Gen 9] Random Battle", "players": ["Hatred is blind", "elvinyl"], "log": "|j|\u2606Hatred is blind\n|j|\u2606elvinyl\n|t:|1781413613\n|gametype|singles\n|player|p1|Hatred is blind|red|1067\n|player|p2|elvinyl|169|1040\n|gen|9\n|tier|[Gen 9] Random Battle\n|rated|\n|rule|Species Clause: Limit one of each Pok\u00e9mon\n|rule|HP Percentage Mod: HP is shown in percentages\n|rule|Sleep Clause Mod: Limit one foe put to sleep\n|rule|Illusion Level Mod: Illusion disguises the Pok\u00e9mon's true level\n|\n|t:|1781413613\n|teamsize|p1|6\n|teamsize|p2|6\n|start\n|switch|p1a: Regirock|Regirock, L83|268/268\n|switch|p2a: Frosmoth|Frosmoth, L82, F|249/249\n|turn|1\n|inactive|Battle timer is ON: inactive players will automatically lose when time's up. (requested by Hatred is blind)\n|\n|t:|1781413637\n|move|p2a: Frosmoth|Quiver Dance|p2a: Frosmoth\n|-boost|p2a: Frosmoth|spa|1\n|-boost|p2a: Frosmoth|spd|1\n|-boost|p2a: Frosmoth|spe|1\n|move|p1a: Regirock|Curse|p1a: Regirock\n|-unboost|p1a: Regirock|spe|1\n|-boost|p1a: Regirock|atk|1\n|-boost|p1a: Regirock|def|1\n|\n|upkeep\n|turn|2\n|\n|t:|1781413654\n|move|p2a: Frosmoth|Bug Buzz|p1a: Regirock\n|-damage|p1a: Regirock|106/268\n|move|p1a: Regirock|Stone Edge|p2a: Frosmoth\n|-supereffective|p2a: Frosmoth\n|-damage|p2a: Frosmoth|0 fnt\n|faint|p2a: Frosmoth\n|\n|upkeep\n|\n|t:|1781413667\n|switch|p2a: Grumpig|Grumpig, L92, M|297/297\n|turn|3\n|\n|t:|1781413679\n|move|p2a: Grumpig|Shadow Ball|p1a: Regirock\n|-damage|p1a: Regirock|52/268\n|move|p1a: Regirock|Rest|p1a: Regirock\n|-status|p1a: Regirock|slp|[from] move: Rest\n|-heal|p1a: Regirock|268/268 slp|[silent]\n|-enditem|p1a: Regirock|Chesto Berry|[eat]\n|-curestatus|p1a: Regirock|slp|[msg]\n|\n|upkeep\n|turn|4\n|\n|t:|1781413690\n|-terastallize|p2a: Grumpig|Fighting\n|move|p2a: Grumpig|Shadow Ball|p1a: Regirock\n|-crit|p1a: Regirock\n|-damage|p1a: Regirock|179/268\n|move|p1a: Regirock|Stone Edge|p2a: Grumpig|[miss]\n|-miss|p1a: Regirock|p2a: Grumpig\n|\n|upkeep\n|turn|5\n|\n|t:|1781413705\n|move|p2a: Grumpig|Shadow Ball|p1a: Regirock\n|-damage|p1a: Regirock|120/268\n|move|p1a: Regirock|Body Press|p2a: Grumpig\n|-damage|p2a: Grumpig|129/297\n|\n|upkeep\n|turn|6\n|\n|t:|1781413716\n|switch|p1a: Iron Leaves|Iron Leaves, L80|275/275\n|move|p2a: Grumpig|Shadow Ball|p1a: Iron Leaves\n|-supereffective|p1a: Iron Leaves\n|-damage|p1a: Iron Leaves|155/275\n|\n|upkeep\n|turn|7\n|\n|t:|1781413731\n|move|p2a: Grumpig|Shadow Ball|p1a: Iron Leaves\n|-supereffective|p1a: Iron Leaves\n|-crit|p1a: Iron Leaves\n|-damage|p1a: Iron Leaves|0 fnt\n|faint|p1a: Iron Leaves\n|-end|p1a: Iron Leaves|Quark Drive|[silent]\n|\n|upkeep\n|\n|t:|1781413740\n|switch|p1a: Regirock|Regirock, L83|120/268\n|turn|8\n|\n|t:|1781413757\n|move|p2a: Grumpig|Shadow Ball|p1a: Regirock\n|-damage|p1a: Regirock|62/268\n|move|p1a: Regirock|Body Press|p2a: Grumpig\n|-damage|p2a: Grumpig|7/297\n|\n|upkeep\n|turn|9\n|\n|t:|1781413766\n|move|p2a: Grumpig|Shadow Ball|p1a: Regirock\n|-damage|p1a: Regirock|5/268\n|move|p1a: Regirock|Rest|p1a: Regirock\n|-status|p1a: Regirock|slp|[from] move: Rest\n|-heal|p1a: Regirock|268/268 slp|[silent]\n|\n|upkeep\n|turn|10\n|\n|t:|1781413776\n|move|p2a: Grumpig|Shadow Ball|p1a: Regirock\n|-damage|p1a: Regirock|207/268 slp\n|cant|p1a: Regirock|slp\n|\n|upkeep\n|turn|11\n|\n|t:|1781413783\n|move|p2a: Grumpig|Shadow Ball|p1a: Regirock\n|-damage|p1a: Regirock|145/268 slp\n|cant|p1a: Regirock|slp\n|\n|upkeep\n|turn|12\n|\n|t:|1781413791\n|move|p2a: Grumpig|Shadow Ball|p1a: Regirock\n|-damage|p1a: Regirock|84/268 slp\n|-curestatus|p1a: Regirock|slp|[msg]\n|move|p1a: Regirock|Body Press|p2a: Grumpig\n|-damage|p2a: Grumpig|0 fnt\n|faint|p2a: Grumpig\n|\n|upkeep\n|\n|t:|1781413801\n|switch|p2a: Luvdisc|Luvdisc, M|247/247\n|turn|13\n|\n|t:|1781413819\n|move|p2a: Luvdisc|Surf|p1a: Regirock\n|-supereffective|p1a: Regirock\n|-damage|p1a: Regirock|0 fnt\n|faint|p1a: Regirock\n|\n|upkeep\n|\n|t:|1781413831\n|switch|p1a: Iron Bundle|Iron Bundle, L78|215/215\n|turn|14\n|inactive|elvinyl has 120 seconds left.\n|\n|t:|1781413866\n|switch|p2a: Wigglytuff|Wigglytuff, L96, M|424/424\n|-terastallize|p1a: Iron Bundle|Water\n|move|p1a: Iron Bundle|Freeze-Dry|p2a: Wigglytuff\n|-damage|p2a: Wigglytuff|324/424\n|\n|-heal|p2a: Wigglytuff|350/424|[from] item: Leftovers\n|upkeep\n|turn|15\n|inactive|elvinyl has 120 seconds left.\n|inactive|Hatred is blind has 120 seconds left.\n|\n|t:|1781413891\n|-end|p1a: Iron Bundle|Quark Drive|[silent]\n|switch|p1a: Polteageist|Polteageist-Antique, L78|222/222\n|move|p2a: Wigglytuff|Knock Off|p1a: Polteageist\n|-supereffective|p1a: Polteageist\n|-damage|p1a: Polteageist|42/222\n|-enditem|p1a: Polteageist|White Herb|[from] move: Knock Off|[of] p2a: Wigglytuff\n|\n|-heal|p2a: Wigglytuff|376/424|[from] item: Leftovers\n|upkeep\n|turn|16\n|inactive|Hatred is blind has 120 seconds left.\n|inactive|elvinyl has 120 seconds left.\n|\n|t:|1781413906\n|move|p1a: Polteageist|Strength Sap|p2a: Wigglytuff\n|-unboost|p2a: Wigglytuff|atk|1\n|-ability|p2a: Wigglytuff|Competitive|boost\n|-boost|p2a: Wigglytuff|spa|2\n|-heal|p1a: Polteageist|222/222\n|move|p2a: Wigglytuff|Knock Off|p1a: Polteageist\n|-supereffective|p1a: Polteageist\n|-damage|p1a: Polteageist|140/222\n|\n|-heal|p2a: Wigglytuff|402/424|[from] item: Leftovers\n|upkeep\n|turn|17\n|inactive|Hatred is blind has 120 seconds left.\n|inactive|elvinyl has 120 seconds left.\n|\n|t:|1781413921\n|move|p1a: Polteageist|Strength Sap|p2a: Wigglytuff\n|-unboost|p2a: Wigglytuff|atk|1\n|-ability|p2a: Wigglytuff|Competitive|boost\n|-boost|p2a: Wigglytuff|spa|2\n|-heal|p1a: Polteageist|222/222\n|move|p2a: Wigglytuff|Alluring Voice|p1a: Polteageist\n|-damage|p1a: Polteageist|0 fnt\n|faint|p1a: Polteageist\n|\n|-heal|p2a: Wigglytuff|424/424|[from] item: Leftovers\n|upkeep\n|\n|t:|1781413937\n|switch|p1a: Iron Bundle|Iron Bundle, L78, tera:Water|215/215\n|turn|18\n|\n|t:|1781413942\n|move|p1a: Iron Bundle|Hydro Pump|p2a: Wigglytuff|[miss]\n|-miss|p1a: Iron Bundle|p2a: Wigglytuff\n|move|p2a: Wigglytuff|Alluring Voice|p1a: Iron Bundle\n|-damage|p1a: Iron Bundle|0 fnt\n|faint|p1a: Iron Bundle\n|-end|p1a: Iron Bundle|Quark Drive|[silent]\n|\n|upkeep\n|\n|t:|1781413952\n|switch|p1a: Veluza|Veluza, L85, M|292/292\n|turn|19\n|\n|t:|1781413963\n|move|p1a: Veluza|Aqua Cutter|p2a: Wigglytuff\n|-damage|p2a: Wigglytuff|258/424\n|move|p2a: Wigglytuff|Alluring Voice|p1a: Veluza\n|-damage|p1a: Veluza|0 fnt\n|faint|p1a: Veluza\n|\n|-heal|p2a: Wigglytuff|284/424|[from] item: Leftovers\n|upkeep\n|-message|Hatred is blind forfeited.\n|\n|win|elvinyl\n|raw|Hatred is blind's rating: 1067 &rarr; <strong>1045</strong><br />(-22 for losing)\n|raw|elvinyl's rating: 1040 &rarr; <strong>1077</strong><br />(+37 for winning)\n|l|\u2606Hatred is blind\n|player|p1|\n", "inputlog": ">version a8376a258c1d4662feba110a92103f3664a72141\n>start {\"formatid\":\"gen9randombattle\",\"seed\":\"sodium,972e1590de46c055d3876b57ddc89aa8\",\"rated\":\"Rated battle\"}\n>player p1 {\"name\":\"Hatred is blind\",\"avatar\":\"red\",\"rating\":1067,\"seed\":\"sodium,7ec35aeab7adcc561b1e8dc46b29212d\"}\n>player p2 {\"name\":\"elvinyl\",\"avatar\":\"169\",\"rating\":1040,\"seed\":\"sodium,69c93c7c2f0c635fec7003c5218367c5\"}\n>p1 move curse\n>p2 move quiverdance\n>p1 move stoneedge\n>p2 move bugbuzz\n>p2 switch 3\n>p1 move rest\n>p2 move shadowball\n>p1 move stoneedge\n>p2 move shadowball terastallize\n>p1 move bodypress\n>p2 move shadowball\n>p1 switch 3\n>p2 move shadowball\n>p1 move psyblade\n>p2 move shadowball\n>p1 switch 3\n>p1 move bodypress\n>p2 move shadowball\n>chat \u2606elvinyl|hello\n>p1 move rest\n>p2 move shadowball\n>p1 move bodypress\n>p2 move shadowball\n>p1 move bodypress\n>p2 move shadowball\n>p1 move bodypress\n>p2 move shadowball\n>p2 switch 2\n>p1 move rest\n>p2 move surf\n>p1 switch 4\n>p1 move freezedry terastallize\n>p2 switch 4\n>p1 switch 5\n>p2 move knockoff\n>p1 move strengthsap\n>p2 move knockoff\n>p1 move strengthsap\n>p2 move alluringvoice\n>p1 switch 5\n>p1 move hydropump\n>p2 move alluringvoice\n>p1 switch 2\n>p1 move aquacutter\n>p2 move alluringvoice\n>forcelose p1", "uploadtime": 1781413981, "views": 18, "formatid": "gen9randombattle", "rating": 1045, "private": 0, "password": null, "player_dets": [{"name": "Hatred is blind", "avatar": "red", "rating": 1067, "seed": "sodium,7ec35aeab7adcc561b1e8dc46b29212d"}, {"name": "elvinyl", "avatar": "169", "rating": 1040, "seed": "sodium,69c93c7c2f0c635fec7003c5218367c5"}], "teams_full": [{"Regirock": {"name": "Regirock", "species": "Regirock", "speciesId": "regirock", "gender": "N", "shiny": false, "level": 83, "moves": ["bodypress", "curse", "stoneedge", "rest"], "ability": "Clear Body", "evs": {"hp": 85, "atk": 85, "def": 85, "spa": 85, "spd": 85, "spe": 85}, "ivs": {"hp": 31, "atk": 31, "def": 31, "spa": 31, "spd": 31, "spe": 31}, "item": "Chesto Berry", "teraType": "Fighting", "role": "Bulky Setup", "bvs": {"hp": 80, "atk": 100, "def": 200, "spa": 50, "spd": 100, "spe": 50}, "stats": {"hp": 268, "atk": 214, "def": 380, "spa": 131, "spd": 214, "spe": 131}}, "Veluza": {"name": "Veluza", "species": "Veluza", "speciesId": "veluza", "gender": "M", "shiny": false, "level": 85, "moves": ["filletaway", "psychocut", "aquacutter", "nightslash"], "ability": "Sharpness", "evs": {"hp": 85, "atk": 85, "def": 85, "spa": 85, "spd": 85, "spe": 85}, "ivs": {"hp": 31, "atk": 31, "def": 31, "spa": 31, "spd": 31, "spe": 31}, "item": "Sitrus Berry", "teraType": "Psychic", "role": "Setup Sweeper", "bvs": {"hp": 90, "atk": 102, "def": 73, "spa": 78, "spd": 65, "spe": 70}, "stats": {"hp": 292, "atk": 222, "def": 173, "spa": 181, "spd": 159, "spe": 168}}, "Iron Leaves": {"name": "Iron Leaves", "species": "Iron Leaves", "speciesId": "ironleaves", "gender": "N", "shiny": false, "level": 80, "moves": ["closecombat", "megahorn", "psyblade", "leafblade"], "ability": "Quark Drive", "evs": {"hp": 85, "atk": 85, "def": 85, "spa": 85, "spd": 85, "spe": 85}, "ivs": {"hp": 31, "atk": 31, "def": 31, "spa": 31, "spd": 31, "spe": 31}, "item": "Choice Band", "teraType": "Fighting", "role": "Wallbreaker", "bvs": {"hp": 90, "atk": 130, "def": 88, "spa": 70, "spd": 108, "spe": 104}, "stats": {"hp": 275, "atk": 254, "def": 187, "spa": 158, "spd": 219, "spe": 213}}, "Iron Bundle": {"name": "Iron Bundle", "species": "Iron Bundle", "speciesId": "ironbundle", "gender": "N", "shiny": false, "level": 78, "moves": ["icebeam", "freezedry", "encore", "hydropump"], "ability": "Quark Drive", "evs": {"hp": 85, "atk": 0, "def": 85, "spa": 85, "spd": 85, "spe": 85}, "ivs": {"hp": 31, "atk": 0, "def": 31, "spa": 31, "spd": 31, "spe": 31}, "item": "Heavy-Duty Boots", "teraType": "Water", "role": "Fast Attacker", "bvs": {"hp": 56, "atk": 80, "def": 114, "spa": 124, "spd": 60, "spe": 136}, "stats": {"hp": 215, "atk": 129, "def": 223, "spa": 239, "spd": 139, "spe": 257}}, "Polteageist": {"name": "Polteageist", "species": "Polteageist-Antique", "speciesId": "polteageist", "gender": "N", "shiny": false, "level": 78, "moves": ["shadowball", "shellsmash", "strengthsap", "terablast"], "ability": "Cursed Body", "evs": {"hp": 85, "atk": 0, "def": 85, "spa": 85, "spd": 85, "spe": 85}, "ivs": {"hp": 31, "atk": 0, "def": 31, "spa": 31, "spd": 31, "spe": 31}, "item": "White Herb", "teraType": "Fighting", "role": "Tera Blast user", "bvs": {"hp": 60, "atk": 65, "def": 65, "spa": 134, "spd": 114, "spe": 70}, "stats": {"hp": 222, "atk": 106, "def": 146, "spa": 254, "spd": 223, "spe": 154}}, "Heracross": {"name": "Heracross", "species": "Heracross", "speciesId": "heracross", "gender": "F", "shiny": false, "level": 80, "moves": ["closecombat", "knockoff", "megahorn", "stoneedge"], "ability": "Moxie", "evs": {"hp": 85, "atk": 85, "def": 85, "spa": 85, "spd": 85, "spe": 85}, "ivs": {"hp": 31, "atk": 31, "def": 31, "spa": 31, "spd": 31, "spe": 31}, "item": "Choice Band", "teraType": "Bug", "role": "Fast Attacker", "bvs": {"hp": 80, "atk": 125, "def": 75, "spa": 40, "spd": 95, "spe": 85}, "stats": {"hp": 259, "atk": 246, "def": 166, "spa": 110, "spd": 198, "spe": 182}}}, {"Frosmoth": {"name": "Frosmoth", "species": "Frosmoth", "speciesId": "frosmoth", "gender": "F", "shiny": false, "level": 82, "moves": ["icebeam", "quiverdance", "bugbuzz", "terablast"], "ability": "Ice Scales", "evs": {"hp": 85, "atk": 0, "def": 85, "spa": 85, "spd": 85, "spe": 85}, "ivs": {"hp": 31, "atk": 0, "def": 31, "spa": 31, "spd": 31, "spe": 31}, "item": "Heavy-Duty Boots", "teraType": "Ground", "role": "Tera Blast user", "bvs": {"hp": 70, "atk": 65, "def": 60, "spa": 125, "spd": 90, "spe": 65}, "stats": {"hp": 249, "atk": 111, "def": 146, "spa": 252, "spd": 195, "spe": 154}}, "Luvdisc": {"name": "Luvdisc", "species": "Luvdisc", "speciesId": "luvdisc", "gender": "M", "shiny": false, "level": 100, "moves": ["endeavor", "substitute", "surf", "flipturn"], "ability": "Swift Swim", "evs": {"hp": 81, "atk": 85, "def": 85, "spa": 85, "spd": 85, "spe": 85}, "ivs": {"hp": 31, "atk": 31, "def": 31, "spa": 31, "spd": 31, "spe": 31}, "item": "Heavy-Duty Boots", "teraType": "Ghost", "role": "Fast Support", "bvs": {"hp": 43, "atk": 30, "def": 55, "spa": 40, "spd": 65, "spe": 97}, "stats": {"hp": 247, "atk": 117, "def": 167, "spa": 137, "spd": 187, "spe": 251}}, "Grumpig": {"name": "Grumpig", "species": "Grumpig", "speciesId": "grumpig", "gender": "M", "shiny": false, "level": 92, "moves": ["focusblast", "shadowball", "psyshock", "trick"], "ability": "Thick Fat", "evs": {"hp": 85, "atk": 0, "def": 85, "spa": 85, "spd": 85, "spe": 85}, "ivs": {"hp": 31, "atk": 0, "def": 31, "spa": 31, "spd": 31, "spe": 31}, "item": "Choice Scarf", "teraType": "Fighting", "role": "Bulky Attacker", "bvs": {"hp": 80, "atk": 45, "def": 65, "spa": 90, "spd": 110, "spe": 80}, "stats": {"hp": 297, "atk": 87, "def": 172, "spa": 218, "spd": 255, "spe": 200}}, "Wigglytuff": {"name": "Wigglytuff", "species": "Wigglytuff", "speciesId": "wigglytuff", "gender": "M", "shiny": false, "level": 96, "moves": ["alluringvoice", "protect", "knockoff", "wish"], "ability": "Competitive", "evs": {"hp": 85, "atk": 85, "def": 85, "spa": 85, "spd": 85, "spe": 85}, "ivs": {"hp": 31, "atk": 31, "def": 31, "spa": 31, "spd": 31, "spe": 31}, "item": "Leftovers", "teraType": "Poison", "role": "Bulky Support", "bvs": {"hp": 140, "atk": 70, "def": 45, "spa": 85, "spd": 50, "spe": 45}, "stats": {"hp": 424, "atk": 189, "def": 141, "spa": 218, "spd": 150, "spe": 141}}, "Magnezone": {"name": "Magnezone", "species": "Magnezone", "speciesId": "magnezone", "gender": "N", "shiny": false, "level": 85, "moves": ["bodypress", "flashcannon", "voltswitch", "thunderbolt"], "ability": "Magnet Pull", "evs": {"hp": 85, "atk": 0, "def": 85, "spa": 85, "spd": 85, "spe": 85}, "ivs": {"hp": 31, "atk": 0, "def": 31, "spa": 31, "spd": 31, "spe": 31}, "item": "Choice Scarf", "teraType": "Fighting", "role": "Fast Attacker", "bvs": {"hp": 70, "atk": 70, "def": 115, "spa": 130, "spd": 90, "spe": 60}, "stats": {"hp": 258, "atk": 124, "def": 244, "spa": 270, "spd": 202, "spe": 151}}, "Goodra": {"name": "Goodra", "species": "Goodra", "speciesId": "goodra", "gender": "F", "shiny": false, "level": 85, "moves": ["scald", "earthquake", "powerwhip", "dracometeor"], "ability": "Sap Sipper", "evs": {"hp": 85, "atk": 85, "def": 85, "spa": 85, "spd": 85, "spe": 85}, "ivs": {"hp": 31, "atk": 31, "def": 31, "spa": 31, "spd": 31, "spe": 31}, "item": "Assault Vest", "teraType": "Ground", "role": "AV Pivot", "bvs": {"hp": 90, "atk": 100, "def": 70, "spa": 110, "spd": 150, "spe": 80}, "stats": {"hp": 292, "atk": 219, "def": 168, "spa": 236, "spd": 304, "spe": 185}}}]}