{"id": "gen9randombattle-2631919588", "format": "[Gen 9] Random Battle", "players": ["YouShallNotPas", "flaviodssts"], "log": "|j|\u2606YouShallNotPas\n|j|\u2606flaviodssts\n|t:|1781455654\n|gametype|singles\n|player|p1|YouShallNotPas|101|1904\n|player|p2|flaviodssts|burglar|1939\n|gen|9\n|tier|[Gen 9] Random Battle\n|rated|\n|rule|Species Clause: Limit one of each Pok\u00e9mon\n|rule|HP Percentage Mod: HP is shown in percentages\n|rule|Sleep Clause Mod: Limit one foe put to sleep\n|rule|Illusion Level Mod: Illusion disguises the Pok\u00e9mon's true level\n|\n|t:|1781455654\n|teamsize|p1|6\n|teamsize|p2|6\n|start\n|switch|p1a: Morpeko|Morpeko, L88, F|245/245\n|switch|p2a: Gyarados|Gyarados, L79, M|280/280\n|-ability|p2a: Gyarados|Intimidate|boost\n|-unboost|p1a: Morpeko|atk|1\n|turn|1\n|inactive|Battle timer is ON: inactive players will automatically lose when time's up. (requested by flaviodssts)\n|\n|t:|1781455663\n|switch|p2a: Abomasnow|Abomasnow, L84, M|287/287\n|-weather|Snowscape|[from] ability: Snow Warning|[of] p2a: Abomasnow\n|move|p1a: Morpeko|Aura Wheel|p2a: Abomasnow\n|-resisted|p2a: Abomasnow\n|-damage|p2a: Abomasnow|257/287\n|-boost|p1a: Morpeko|spe|1\n|\n|-weather|Snowscape|[upkeep]\n|-formechange|p1a: Morpeko|Morpeko-Hangry||[from] ability: Hunger Switch\n|upkeep\n|turn|2\n|\n|t:|1781455675\n|move|p1a: Morpeko|Parting Shot|p2a: Abomasnow\n|-unboost|p2a: Abomasnow|atk|1\n|-unboost|p2a: Abomasnow|spa|1\n|\n|t:|1781455687\n|switch|p1a: Ludicolo|Ludicolo, L90, M|290/290|[from] Parting Shot\n|move|p2a: Abomasnow|Aurora Veil|p2a: Abomasnow\n|-sidestart|p2: flaviodssts|move: Aurora Veil\n|\n|-weather|Snowscape|[upkeep]\n|upkeep\n|turn|3\n|\n|t:|1781455710\n|move|p1a: Ludicolo|Rain Dance|p1a: Ludicolo\n|-weather|RainDance\n|move|p2a: Abomasnow|Blizzard|p1a: Ludicolo|[miss]\n|-miss|p2a: Abomasnow|p1a: Ludicolo\n|\n|-weather|RainDance|[upkeep]\n|upkeep\n|turn|4\n|\n|t:|1781455725\n|switch|p1a: Oricorio|Oricorio, L84, F|263/263\n|switch|p2a: Magearna|Magearna, L77|250/250\n|\n|-weather|RainDance|[upkeep]\n|upkeep\n|turn|5\n|\n|t:|1781455749\n|switch|p2a: Gyarados|Gyarados, L79, M|280/280\n|-ability|p2a: Gyarados|Intimidate|boost\n|-unboost|p1a: Oricorio|atk|1\n|move|p1a: Oricorio|Quiver Dance|p1a: Oricorio\n|-boost|p1a: Oricorio|spa|1\n|-boost|p1a: Oricorio|spd|1\n|-boost|p1a: Oricorio|spe|1\n|\n|-weather|RainDance|[upkeep]\n|upkeep\n|turn|6\n|inactive|YouShallNotPas has 120 seconds left.\n|\n|t:|1781455767\n|switch|p1a: Tauros|Tauros-Paldea-Combat, L82, M|257/257\n|-ability|p1a: Tauros|Intimidate|boost\n|-unboost|p2a: Gyarados|atk|1\n|move|p2a: Gyarados|Waterfall|p1a: Tauros\n|-damage|p1a: Tauros|172/257\n|\n|-weather|RainDance|[upkeep]\n|upkeep\n|turn|7\n|inactive|YouShallNotPas has 120 seconds left.\n|\n|t:|1781455777\n|switch|p2a: Arbok|Arbok, L87, F|246/246\n|-ability|p2a: Arbok|Intimidate|boost\n|-unboost|p1a: Tauros|atk|1\n|move|p1a: Tauros|Stone Edge|p2a: Arbok\n|-damage|p2a: Arbok|206/246\n|\n|-weather|none\n|-heal|p2a: Arbok|221/246|[from] item: Leftovers\n|upkeep\n|turn|8\n|inactive|YouShallNotPas has 120 seconds left.\n|\n|t:|1781455788\n|move|p1a: Tauros|Stone Edge|p2a: Arbok|[miss]\n|-miss|p1a: Tauros|p2a: Arbok\n|move|p2a: Arbok|Gunk Shot|p1a: Tauros\n|-damage|p1a: Tauros|48/257\n|\n|-heal|p2a: Arbok|236/246|[from] item: Leftovers\n|upkeep\n|turn|9\n|\n|t:|1781455795\n|move|p1a: Tauros|Stone Edge|p2a: Arbok\n|-damage|p2a: Arbok|190/246\n|move|p2a: Arbok|Earthquake|p1a: Tauros\n|-damage|p1a: Tauros|0 fnt\n|faint|p1a: Tauros\n|\n|-heal|p2a: Arbok|205/246|[from] item: Leftovers\n|-sideend|p2: flaviodssts|move: Aurora Veil\n|upkeep\n|inactive|YouShallNotPas has 120 seconds left.\n|\n|t:|1781455824\n|switch|p1a: Regieleki|Regieleki, L79|256/256\n|turn|10\n|\n|t:|1781455829\n|switch|p2a: Abomasnow|Abomasnow, L84, M|257/287\n|-weather|Snowscape|[from] ability: Snow Warning|[of] p2a: Abomasnow\n|move|p1a: Regieleki|Volt Switch|p2a: Abomasnow\n|-resisted|p2a: Abomasnow\n|-damage|p2a: Abomasnow|203/287\n|\n|t:|1781455838\n|switch|p1a: Ludicolo|Ludicolo, L90, M|290/290|[from] Volt Switch\n|\n|-weather|Snowscape|[upkeep]\n|upkeep\n|turn|11\n|\n|t:|1781455843\n|move|p1a: Ludicolo|Rain Dance|p1a: Ludicolo\n|-weather|RainDance\n|move|p2a: Abomasnow|Aurora Veil||[still]\n|-fail|p2a: Abomasnow\n|\n|-weather|RainDance|[upkeep]\n|upkeep\n|turn|12\n|\n|t:|1781455848\n|switch|p2a: Magearna|Magearna, L77|250/250\n|move|p1a: Ludicolo|Hydro Pump|p2a: Magearna\n|-damage|p2a: Magearna|19/250\n|-damage|p1a: Ludicolo|261/290|[from] item: Life Orb\n|\n|-weather|RainDance|[upkeep]\n|-heal|p2a: Magearna|34/250|[from] item: Leftovers\n|upkeep\n|turn|13\n|\n|t:|1781455865\n|move|p1a: Ludicolo|Giga Drain|p2a: Magearna\n|-resisted|p2a: Magearna\n|-damage|p2a: Magearna|0 fnt\n|-heal|p1a: Ludicolo|278/290|[from] drain|[of] p2a: Magearna\n|faint|p2a: Magearna\n|-damage|p1a: Ludicolo|249/290|[from] item: Life Orb\n|\n|-weather|RainDance|[upkeep]\n|upkeep\n|\n|t:|1781455868\n|switch|p2a: Arbok|Arbok, L87, F|205/246\n|-ability|p2a: Arbok|Intimidate|boost\n|-unboost|p1a: Ludicolo|atk|1\n|turn|14\n|\n|t:|1781455882\n|move|p1a: Ludicolo|Hydro Pump|p2a: Arbok\n|-damage|p2a: Arbok|0 fnt\n|faint|p2a: Arbok\n|-damage|p1a: Ludicolo|220/290|[from] item: Life Orb\n|\n|-weather|RainDance|[upkeep]\n|upkeep\n|\n|t:|1781455896\n|switch|p2a: Gyarados|Gyarados, L79, M|280/280\n|-ability|p2a: Gyarados|Intimidate|boost\n|-unboost|p1a: Ludicolo|atk|1\n|turn|15\n|\n|t:|1781455911\n|move|p1a: Ludicolo|Giga Drain|p2a: Gyarados\n|-damage|p2a: Gyarados|175/280\n|-heal|p1a: Ludicolo|273/290|[from] drain|[of] p2a: Gyarados\n|-damage|p1a: Ludicolo|244/290|[from] item: Life Orb\n|move|p2a: Gyarados|Dragon Dance|p2a: Gyarados\n|-boost|p2a: Gyarados|atk|1\n|-boost|p2a: Gyarados|spe|1\n|\n|-weather|none\n|upkeep\n|turn|16\n|\n|t:|1781455921\n|move|p2a: Gyarados|Dragon Dance|p2a: Gyarados\n|-boost|p2a: Gyarados|atk|1\n|-boost|p2a: Gyarados|spe|1\n|move|p1a: Ludicolo|Rain Dance|p1a: Ludicolo\n|-weather|RainDance\n|\n|-weather|RainDance|[upkeep]\n|upkeep\n|turn|17\n|\n|t:|1781455933\n|move|p1a: Ludicolo|Giga Drain|p2a: Gyarados\n|-damage|p2a: Gyarados|61/280\n|-heal|p1a: Ludicolo|290/290|[from] drain|[of] p2a: Gyarados\n|-damage|p1a: Ludicolo|261/290|[from] item: Life Orb\n|move|p2a: Gyarados|Dragon Dance|p2a: Gyarados\n|-boost|p2a: Gyarados|atk|1\n|-boost|p2a: Gyarados|spe|1\n|\n|-weather|RainDance|[upkeep]\n|upkeep\n|turn|18\n|\n|t:|1781455941\n|-terastallize|p2a: Gyarados|Flying\n|move|p2a: Gyarados|Tera Blast|p1a: Ludicolo|[anim] Tera Blast Flying\n|-supereffective|p1a: Ludicolo\n|-damage|p1a: Ludicolo|0 fnt\n|faint|p1a: Ludicolo\n|\n|-weather|RainDance|[upkeep]\n|upkeep\n|inactive|YouShallNotPas has 120 seconds left.\n|\n|t:|1781455981\n|switch|p1a: Hydrapple|Hydrapple, L83, M|312/312\n|turn|19\n|inactive|YouShallNotPas has 120 seconds left.\n|\n|t:|1781455989\n|-terastallize|p1a: Hydrapple|Steel\n|move|p2a: Gyarados|Waterfall|p1a: Hydrapple\n|-damage|p1a: Hydrapple|0 fnt\n|faint|p1a: Hydrapple\n|\n|-weather|RainDance|[upkeep]\n|upkeep\n|inactive|YouShallNotPas has 120 seconds left.\n|\n|t:|1781456001\n|switch|p1a: Regieleki|Regieleki, L79|256/256\n|turn|20\n|\n|t:|1781456006\n|move|p2a: Gyarados|Waterfall|p1a: Regieleki\n|-damage|p1a: Regieleki|0 fnt\n|faint|p1a: Regieleki\n|\n|-weather|none\n|upkeep\n|-message|YouShallNotPas forfeited.\n|\n|win|flaviodssts\n", "inputlog": ">version a8376a258c1d4662feba110a92103f3664a72141\n>start {\"formatid\":\"gen9randombattle\",\"seed\":\"sodium,7cfa554908751bf2e3789d4860db9cb7\",\"rated\":\"Rated battle\"}\n>player p1 {\"name\":\"YouShallNotPas\",\"avatar\":\"101\",\"rating\":1904,\"seed\":\"sodium,70feadebf6b1f0d3b92d5c6ee1ee8565\"}\n>player p2 {\"name\":\"flaviodssts\",\"avatar\":\"burglar\",\"rating\":1939,\"seed\":\"sodium,a71ad8896eca95050a56724c83aa2fb9\"}\n>p1 move aurawheel\n>p2 switch 4\n>p1 move partingshot\n>p2 move auroraveil\n>p1 switch 3\n>p1 move raindance\n>p2 move blizzard\n>p1 switch 5\n>p2 switch 5\n>p1 move quiverdance\n>p2 switch 4\n>p1 switch 6\n>p2 move waterfall\n>p1 move stoneedge\n>p2 switch 3\n>p1 move stoneedge\n>p2 move gunkshot\n>p1 move stoneedge\n>p2 move earthquake\n>p1 switch 4\n>p1 move voltswitch\n>p2 switch 5\n>p1 switch 5\n>p1 move raindance\n>p2 move auroraveil\n>p1 move hydropump\n>p2 switch 4\n>p1 move gigadrain\n>p2 move fleurcannon\n>p2 switch 5\n>p1 move hydropump\n>p2 move gunkshot\n>p2 switch 3\n>p1 move gigadrain\n>p2 move dragondance\n>p1 move raindance\n>p2 move dragondance\n>p1 move gigadrain\n>p2 move dragondance\n>p1 move gigadrain\n>p2 move terablast terastallize\n>p1 switch 2\n>p1 move ficklebeam terastallize\n>p2 move waterfall\n>p1 switch 5\n>p1 move voltswitch\n>p2 move waterfall\n>forcelose p1", "uploadtime": 1781455656, "views": 5, "formatid": "gen9randombattle", "rating": null, "private": 0, "password": null, "player_dets": [{"name": "YouShallNotPas", "avatar": "101", "rating": 1904, "seed": "sodium,70feadebf6b1f0d3b92d5c6ee1ee8565"}, {"name": "flaviodssts", "avatar": "burglar", "rating": 1939, "seed": "sodium,a71ad8896eca95050a56724c83aa2fb9"}], "teams_full": [{"Morpeko": {"name": "Morpeko", "species": "Morpeko", "speciesId": "morpeko", "gender": "F", "shiny": false, "level": 88, "moves": ["partingshot", "rapidspin", "aurawheel", "protect"], "ability": "Hunger Switch", "evs": {"hp": 85, "atk": 85, "def": 85, "spa": 85, "spd": 85, "spe": 85}, "ivs": {"hp": 31, "atk": 31, "def": 31, "spa": 31, "spd": 31, "spe": 31}, "item": "Heavy-Duty Boots", "teraType": "Electric", "role": "Fast Support", "bvs": {"hp": 58, "atk": 95, "def": 58, "spa": 70, "spd": 58, "spe": 97}, "stats": {"hp": 245, "atk": 217, "def": 152, "spa": 173, "spd": 152, "spe": 221}}, "Hydrapple": {"name": "Hydrapple", "species": "Hydrapple", "speciesId": "hydrapple", "gender": "M", "shiny": false, "level": 83, "moves": ["earthpower", "ficklebeam", "dragontail", "leafstorm"], "ability": "Regenerator", "evs": {"hp": 85, "atk": 85, "def": 85, "spa": 85, "spd": 85, "spe": 85}, "ivs": {"hp": 31, "atk": 31, "def": 31, "spa": 31, "spd": 31, "spe": 31}, "item": "Assault Vest", "teraType": "Steel", "role": "AV Pivot", "bvs": {"hp": 106, "atk": 80, "def": 110, "spa": 120, "spd": 80, "spe": 44}, "stats": {"hp": 312, "atk": 180, "def": 230, "spa": 247, "spd": 180, "spe": 121}}, "Ludicolo": {"name": "Ludicolo", "species": "Ludicolo", "speciesId": "ludicolo", "gender": "M", "shiny": false, "level": 90, "moves": ["hydropump", "raindance", "icebeam", "gigadrain"], "ability": "Swift Swim", "evs": {"hp": 85, "atk": 0, "def": 85, "spa": 85, "spd": 85, "spe": 85}, "ivs": {"hp": 31, "atk": 0, "def": 31, "spa": 31, "spd": 31, "spe": 31}, "item": "Life Orb", "teraType": "Water", "role": "Setup Sweeper", "bvs": {"hp": 80, "atk": 70, "def": 70, "spa": 90, "spd": 100, "spe": 70}, "stats": {"hp": 290, "atk": 131, "def": 177, "spa": 213, "spd": 231, "spe": 177}}, "Regieleki": {"name": "Regieleki", "species": "Regieleki", "speciesId": "regieleki", "gender": "N", "shiny": false, "level": 79, "moves": ["rapidspin", "thunderbolt", "voltswitch", "terablast"], "ability": "Transistor", "evs": {"hp": 85, "atk": 85, "def": 85, "spa": 85, "spd": 85, "spe": 85}, "ivs": {"hp": 31, "atk": 31, "def": 31, "spa": 31, "spd": 31, "spe": 31}, "item": "Magnet", "teraType": "Ice", "role": "Tera Blast user", "bvs": {"hp": 80, "atk": 100, "def": 50, "spa": 100, "spd": 50, "spe": 200}, "stats": {"hp": 256, "atk": 204, "def": 125, "spa": 204, "spd": 125, "spe": 362}}, "Oricorio": {"name": "Oricorio", "species": "Oricorio", "speciesId": "oricorio", "gender": "F", "shiny": false, "level": 84, "moves": ["roost", "revelationdance", "hurricane", "quiverdance"], "ability": "Dancer", "evs": {"hp": 85, "atk": 0, "def": 85, "spa": 85, "spd": 85, "spe": 85}, "ivs": {"hp": 31, "atk": 0, "def": 31, "spa": 31, "spd": 31, "spe": 31}, "item": "Heavy-Duty Boots", "teraType": "Ground", "role": "Setup Sweeper", "bvs": {"hp": 75, "atk": 70, "def": 70, "spa": 98, "spd": 70, "spe": 93}, "stats": {"hp": 263, "atk": 122, "def": 166, "spa": 213, "spd": 166, "spe": 204}}, "Tauros": {"name": "Tauros", "species": "Tauros-Paldea-Combat", "speciesId": "taurospaldeacombat", "gender": "M", "shiny": false, "level": 82, "moves": ["earthquake", "closecombat", "throatchop", "stoneedge"], "ability": "Intimidate", "evs": {"hp": 85, "atk": 85, "def": 85, "spa": 85, "spd": 85, "spe": 85}, "ivs": {"hp": 31, "atk": 31, "def": 31, "spa": 31, "spd": 31, "spe": 31}, "item": "Choice Band", "teraType": "Fighting", "role": "Wallbreaker", "bvs": {"hp": 75, "atk": 110, "def": 105, "spa": 30, "spd": 70, "spe": 100}, "stats": {"hp": 257, "atk": 228, "def": 219, "spa": 96, "spd": 162, "spe": 211}}}, {"Gyarados": {"name": "Gyarados", "species": "Gyarados", "speciesId": "gyarados", "gender": "M", "shiny": false, "level": 79, "moves": ["terablast", "waterfall", "earthquake", "dragondance"], "ability": "Intimidate", "evs": {"hp": 85, "atk": 85, "def": 85, "spa": 85, "spd": 85, "spe": 85}, "ivs": {"hp": 31, "atk": 31, "def": 31, "spa": 31, "spd": 31, "spe": 31}, "item": "Heavy-Duty Boots", "teraType": "Flying", "role": "Tera Blast user", "bvs": {"hp": 95, "atk": 125, "def": 79, "spa": 60, "spd": 100, "spe": 81}, "stats": {"hp": 280, "atk": 243, "def": 170, "spa": 140, "spd": 204, "spe": 174}}, "Charizard": {"name": "Charizard", "species": "Charizard", "speciesId": "charizard", "gender": "M", "shiny": false, "level": 85, "moves": ["earthquake", "dragondance", "flareblitz", "outrage"], "ability": "Blaze", "evs": {"hp": 85, "atk": 85, "def": 85, "spa": 85, "spd": 85, "spe": 85}, "ivs": {"hp": 31, "atk": 31, "def": 31, "spa": 31, "spd": 31, "spe": 31}, "item": "Heavy-Duty Boots", "teraType": "Ground", "role": "Setup Sweeper", "bvs": {"hp": 78, "atk": 84, "def": 78, "spa": 109, "spd": 85, "spe": 100}, "stats": {"hp": 271, "atk": 192, "def": 181, "spa": 234, "spd": 193, "spe": 219}}, "Arbok": {"name": "Arbok", "species": "Arbok", "speciesId": "arbok", "gender": "F", "shiny": false, "level": 87, "moves": ["earthquake", "gunkshot", "suckerpunch", "coil"], "ability": "Intimidate", "evs": {"hp": 85, "atk": 85, "def": 85, "spa": 85, "spd": 85, "spe": 85}, "ivs": {"hp": 31, "atk": 31, "def": 31, "spa": 31, "spd": 31, "spe": 31}, "item": "Leftovers", "teraType": "Ground", "role": "Bulky Attacker", "bvs": {"hp": 60, "atk": 95, "def": 69, "spa": 65, "spd": 79, "spe": 80}, "stats": {"hp": 246, "atk": 215, "def": 170, "spa": 163, "spd": 187, "spe": 189}}, "Abomasnow": {"name": "Abomasnow", "species": "Abomasnow", "speciesId": "abomasnow", "gender": "M", "shiny": false, "level": 84, "moves": ["auroraveil", "earthquake", "iceshard", "blizzard"], "ability": "Snow Warning", "evs": {"hp": 77, "atk": 85, "def": 85, "spa": 85, "spd": 85, "spe": 85}, "ivs": {"hp": 31, "atk": 31, "def": 31, "spa": 31, "spd": 31, "spe": 31}, "item": "Light Clay", "teraType": "Ghost", "role": "Bulky Support", "bvs": {"hp": 90, "atk": 92, "def": 75, "spa": 92, "spd": 85, "spe": 60}, "stats": {"hp": 287, "atk": 203, "def": 174, "spa": 203, "spd": 191, "spe": 149}}, "Magearna": {"name": "Magearna", "species": "Magearna", "speciesId": "magearna", "gender": "N", "shiny": false, "level": 77, "moves": ["fleurcannon", "calmmind", "shiftgear", "flashcannon"], "ability": "Soul-Heart", "evs": {"hp": 85, "atk": 0, "def": 85, "spa": 85, "spd": 85, "spe": 85}, "ivs": {"hp": 31, "atk": 0, "def": 31, "spa": 31, "spd": 31, "spe": 31}, "item": "Leftovers", "teraType": "Flying", "role": "Bulky Setup", "bvs": {"hp": 80, "atk": 95, "def": 115, "spa": 130, "spd": 115, "spe": 65}, "stats": {"hp": 250, "atk": 151, "def": 222, "spa": 245, "spd": 222, "spe": 145}}, "Poliwrath": {"name": "Poliwrath", "species": "Poliwrath", "speciesId": "poliwrath", "gender": "F", "shiny": false, "level": 88, "moves": ["knockoff", "raindance", "closecombat", "liquidation"], "ability": "Swift Swim", "evs": {"hp": 85, "atk": 85, "def": 85, "spa": 85, "spd": 85, "spe": 85}, "ivs": {"hp": 31, "atk": 31, "def": 31, "spa": 31, "spd": 31, "spe": 31}, "item": "Life Orb", "teraType": "Fighting", "role": "Setup Sweeper", "bvs": {"hp": 90, "atk": 95, "def": 95, "spa": 70, "spd": 90, "spe": 70}, "stats": {"hp": 302, "atk": 217, "def": 217, "spa": 173, "spd": 209, "spe": 173}}}]}