{"id": "gen9randombattle-2631404179", "format": "[Gen 9] Random Battle", "players": ["Drewisonline", "Izancinho"], "log": "|j|\u2606Drewisonline\n|j|\u2606Izancinho\n|t:|1781380573\n|gametype|singles\n|player|p1|Drewisonline|aaron|1559\n|player|p2|Izancinho|roughneck-gen4|1518\n|gen|9\n|tier|[Gen 9] Random Battle\n|rated|\n|rule|Species Clause: Limit one of each Pok\u00e9mon\n|rule|HP Percentage Mod: HP is shown in percentages\n|rule|Sleep Clause Mod: Limit one foe put to sleep\n|rule|Illusion Level Mod: Illusion disguises the Pok\u00e9mon's true level\n|\n|t:|1781380573\n|teamsize|p1|6\n|teamsize|p2|6\n|start\n|switch|p1a: Magnezone|Magnezone, L85|258/258\n|switch|p2a: Torkoal|Torkoal, L88, F|266/266\n|-weather|SunnyDay|[from] ability: Drought|[of] p2a: Torkoal\n|turn|1\n|inactive|Battle timer is ON: inactive players will automatically lose when time's up. (requested by Drewisonline)\n|inactive|Izancinho also wants the timer to be on.\n|\n|t:|1781380590\n|move|p1a: Magnezone|Volt Switch|p2a: Torkoal\n|-damage|p2a: Torkoal|160/266\n|\n|t:|1781380607\n|switch|p1a: Crawdaunt|Crawdaunt, L84, M|243/243|[from] Volt Switch\n|move|p2a: Torkoal|Rapid Spin|p1a: Crawdaunt\n|-damage|p1a: Crawdaunt|207/243\n|-boost|p2a: Torkoal|spe|1\n|\n|-weather|SunnyDay|[upkeep]\n|upkeep\n|turn|2\n|\n|t:|1781380620\n|-terastallize|p2a: Torkoal|Grass\n|move|p1a: Crawdaunt|Knock Off|p2a: Torkoal\n|-damage|p2a: Torkoal|10/266\n|-enditem|p2a: Torkoal|Heavy-Duty Boots|[from] move: Knock Off|[of] p1a: Crawdaunt\n|move|p2a: Torkoal|Solar Beam||[still]\n|-prepare|p2a: Torkoal|Solar Beam\n|-anim|p2a: Torkoal|Solar Beam|p1a: Crawdaunt\n|-supereffective|p1a: Crawdaunt\n|-damage|p1a: Crawdaunt|0 fnt\n|faint|p1a: Crawdaunt\n|\n|-weather|SunnyDay|[upkeep]\n|upkeep\n|inactive|Drewisonline has 120 seconds left.\n|\n|t:|1781380649\n|switch|p1a: Espathra|Espathra, L80, M|283/283\n|turn|3\n|\n|t:|1781380659\n|move|p1a: Espathra|Dazzling Gleam|p2a: Torkoal\n|-damage|p2a: Torkoal|0 fnt\n|faint|p2a: Torkoal\n|\n|-weather|SunnyDay|[upkeep]\n|-ability|p1a: Espathra|Speed Boost|boost\n|-boost|p1a: Espathra|spe|1\n|upkeep\n|\n|t:|1781380685\n|switch|p2a: Serperior|Serperior, L79, F|248/248\n|turn|4\n|\n|t:|1781380695\n|move|p1a: Espathra|Calm Mind|p1a: Espathra\n|-boost|p1a: Espathra|spa|1\n|-boost|p1a: Espathra|spd|1\n|move|p2a: Serperior|Leech Seed|p1a: Espathra\n|-start|p1a: Espathra|move: Leech Seed\n|\n|-weather|SunnyDay|[upkeep]\n|-damage|p1a: Espathra|248/283|[from] Leech Seed|[of] p2a: Serperior\n|-ability|p1a: Espathra|Speed Boost|boost\n|-boost|p1a: Espathra|spe|1\n|upkeep\n|turn|5\n|\n|t:|1781380710\n|move|p1a: Espathra|Stored Power|p2a: Serperior\n|-damage|p2a: Serperior|89/248\n|move|p2a: Serperior|Substitute|p2a: Serperior\n|-start|p2a: Serperior|Substitute\n|-damage|p2a: Serperior|27/248\n|\n|-weather|none\n|-heal|p1a: Espathra|265/283|[from] item: Leftovers\n|-heal|p2a: Serperior|42/248|[from] item: Leftovers\n|-damage|p1a: Espathra|230/283|[from] Leech Seed|[of] p2a: Serperior\n|-heal|p2a: Serperior|77/248|[silent]\n|-ability|p1a: Espathra|Speed Boost|boost\n|-boost|p1a: Espathra|spe|1\n|upkeep\n|turn|6\n|\n|t:|1781380725\n|switch|p1a: Magnezone|Magnezone, L85|258/258\n|move|p2a: Serperior|Leaf Storm|p1a: Magnezone\n|-resisted|p1a: Magnezone\n|-damage|p1a: Magnezone|210/258\n|-boost|p2a: Serperior|spa|2\n|\n|-heal|p2a: Serperior|92/248|[from] item: Leftovers\n|upkeep\n|turn|7\n|\n|t:|1781380736\n|move|p1a: Magnezone|Volt Switch|p2a: Serperior\n|-resisted|p2a: Serperior\n|-activate|p2a: Serperior|move: Substitute|[damage]\n|\n|t:|1781380743\n|switch|p1a: Scizor|Scizor, L79, M|240/240|[from] Volt Switch\n|move|p2a: Serperior|Leech Seed|p1a: Scizor\n|-start|p1a: Scizor|move: Leech Seed\n|\n|-heal|p2a: Serperior|107/248|[from] item: Leftovers\n|-damage|p1a: Scizor|210/240|[from] Leech Seed|[of] p2a: Serperior\n|-heal|p2a: Serperior|137/248|[silent]\n|upkeep\n|turn|8\n|\n|t:|1781380758\n|move|p2a: Serperior|Leaf Storm|p1a: Scizor\n|-resisted|p1a: Scizor\n|-damage|p1a: Scizor|154/240\n|-boost|p2a: Serperior|spa|2\n|move|p1a: Scizor|U-turn|p2a: Serperior\n|-supereffective|p2a: Serperior\n|-end|p2a: Serperior|Substitute\n|\n|t:|1781380765\n|switch|p1a: Magnezone|Magnezone, L85|210/258|[from] U-turn\n|\n|-heal|p2a: Serperior|152/248|[from] item: Leftovers\n|upkeep\n|turn|9\n|\n|t:|1781380772\n|move|p1a: Magnezone|Flash Cannon|p2a: Serperior\n|-damage|p2a: Serperior|31/248\n|move|p2a: Serperior|Substitute|p2a: Serperior\n|-fail|p2a: Serperior|move: Substitute|[weak]\n|\n|-heal|p2a: Serperior|46/248|[from] item: Leftovers\n|upkeep\n|turn|10\n|\n|t:|1781380780\n|move|p1a: Magnezone|Flash Cannon|p2a: Serperior\n|-damage|p2a: Serperior|0 fnt\n|faint|p2a: Serperior\n|\n|upkeep\n|\n|t:|1781380799\n|switch|p2a: Roaring Moon|Roaring Moon, L72|270/270\n|-enditem|p2a: Roaring Moon|Booster Energy\n|-activate|p2a: Roaring Moon|ability: Protosynthesis|[fromitem]\n|-start|p2a: Roaring Moon|protosynthesisatk\n|turn|11\n|\n|t:|1781380808\n|switch|p1a: Grimmsnarl|Grimmsnarl, L83, M|293/293\n|move|p2a: Roaring Moon|Dragon Dance|p2a: Roaring Moon\n|-boost|p2a: Roaring Moon|atk|1\n|-boost|p2a: Roaring Moon|spe|1\n|\n|upkeep\n|turn|12\n|\n|t:|1781380818\n|move|p1a: Grimmsnarl|Reflect|p1a: Grimmsnarl\n|-sidestart|p1: Drewisonline|Reflect\n|move|p2a: Roaring Moon|Iron Head|p1a: Grimmsnarl\n|-supereffective|p1a: Grimmsnarl\n|-damage|p1a: Grimmsnarl|167/293\n|\n|upkeep\n|turn|13\n|\n|t:|1781380825\n|move|p2a: Roaring Moon|Iron Head|p1a: Grimmsnarl\n|-supereffective|p1a: Grimmsnarl\n|-damage|p1a: Grimmsnarl|40/293\n|move|p1a: Grimmsnarl|Spirit Break|p2a: Roaring Moon\n|-supereffective|p2a: Roaring Moon\n|-damage|p2a: Roaring Moon|0 fnt\n|faint|p2a: Roaring Moon\n|-end|p2a: Roaring Moon|Protosynthesis|[silent]\n|\n|upkeep\n|\n|t:|1781380836\n|switch|p2a: Sylveon|Sylveon, L85, M|300/300\n|turn|14\n|\n|t:|1781380846\n|move|p1a: Grimmsnarl|Light Screen|p1a: Grimmsnarl\n|-sidestart|p1: Drewisonline|move: Light Screen\n|move|p2a: Sylveon|Calm Mind|p2a: Sylveon\n|-boost|p2a: Sylveon|spa|1\n|-boost|p2a: Sylveon|spd|1\n|\n|upkeep\n|turn|15\n|\n|t:|1781380852\n|move|p1a: Grimmsnarl|Thunder Wave|p2a: Sylveon\n|-status|p2a: Sylveon|par\n|move|p2a: Sylveon|Calm Mind|p2a: Sylveon\n|-boost|p2a: Sylveon|spa|1\n|-boost|p2a: Sylveon|spd|1\n|\n|upkeep\n|turn|16\n|\n|t:|1781380861\n|move|p1a: Grimmsnarl|Spirit Break|p2a: Sylveon\n|-damage|p2a: Sylveon|191/300 par\n|-unboost|p2a: Sylveon|spa|1\n|move|p2a: Sylveon|Calm Mind|p2a: Sylveon\n|-boost|p2a: Sylveon|spa|1\n|-boost|p2a: Sylveon|spd|1\n|\n|-heal|p2a: Sylveon|209/300 par|[from] item: Leftovers\n|upkeep\n|turn|17\n|\n|t:|1781380878\n|move|p2a: Sylveon|Protect|p2a: Sylveon\n|-singleturn|p2a: Sylveon|Protect\n|move|p1a: Grimmsnarl|Spirit Break|p2a: Sylveon\n|-activate|p2a: Sylveon|move: Protect\n|\n|-heal|p2a: Sylveon|227/300 par|[from] item: Leftovers\n|upkeep\n|turn|18\n|\n|t:|1781380888\n|move|p1a: Grimmsnarl|Spirit Break|p2a: Sylveon\n|-damage|p2a: Sylveon|110/300 par\n|-unboost|p2a: Sylveon|spa|1\n|move|p2a: Sylveon|Hyper Voice|p1a: Grimmsnarl\n|-supereffective|p1a: Grimmsnarl\n|-damage|p1a: Grimmsnarl|0 fnt\n|faint|p1a: Grimmsnarl\n|\n|-heal|p2a: Sylveon|128/300 par|[from] item: Leftovers\n|upkeep\n|\n|t:|1781380906\n|switch|p1a: Scizor|Scizor, L79, M|154/240\n|turn|19\n|\n|t:|1781380914\n|move|p1a: Scizor|Bullet Punch|p2a: Sylveon\n|-supereffective|p2a: Sylveon\n|-damage|p2a: Sylveon|0 fnt\n|faint|p2a: Sylveon\n|\n|-sideend|p1: Drewisonline|Reflect\n|upkeep\n|\n|t:|1781380928\n|switch|p2a: Brute Bonnet|Brute Bonnet, L80|309/309\n|turn|20\n|\n|t:|1781380947\n|switch|p1a: Magnezone|Magnezone, L85|210/258\n|move|p2a: Brute Bonnet|Spore|p1a: Magnezone\n|-status|p1a: Magnezone|slp|[from] move: Spore\n|\n|upkeep\n|turn|21\n|\n|t:|1781380958\n|switch|p1a: Scizor|Scizor, L79, M|154/240\n|move|p2a: Brute Bonnet|Crunch|p1a: Scizor\n|-damage|p1a: Scizor|63/240\n|\n|-sideend|p1: Drewisonline|move: Light Screen\n|upkeep\n|turn|22\n|\n|t:|1781380970\n|move|p2a: Brute Bonnet|Sucker Punch|p1a: Scizor\n|-damage|p1a: Scizor|0 fnt\n|faint|p1a: Scizor\n|\n|upkeep\n|\n|t:|1781380989\n|switch|p1a: Sylveon|Sylveon, L85, F|300/300\n|turn|23\n|\n|t:|1781380998\n|-end|p2a: Brute Bonnet|Protosynthesis|[silent]\n|switch|p2a: Grafaiai|Grafaiai, L86, M|249/249\n|move|p1a: Sylveon|Hyper Voice|p2a: Grafaiai\n|-resisted|p2a: Grafaiai\n|-damage|p2a: Grafaiai|180/249\n|\n|upkeep\n|turn|24\n|\n|t:|1781381007\n|switch|p1a: Magnezone|Magnezone, L85|210/258 slp\n|move|p2a: Grafaiai|Knock Off|p1a: Magnezone\n|-damage|p1a: Magnezone|152/258 slp\n|-enditem|p1a: Magnezone|Choice Scarf|[from] move: Knock Off|[of] p2a: Grafaiai\n|\n|upkeep\n|turn|25\n|\n|t:|1781381024\n|move|p2a: Grafaiai|Parting Shot|p1a: Magnezone\n|-unboost|p1a: Magnezone|atk|1\n|-unboost|p1a: Magnezone|spa|1\n|\n|t:|1781381027\n|switch|p2a: Brute Bonnet|Brute Bonnet, L80|309/309|[from] Parting Shot\n|cant|p1a: Magnezone|slp\n|\n|upkeep\n|turn|26\n|\n|t:|1781381037\n|-curestatus|p1a: Magnezone|slp|[msg]\n|move|p1a: Magnezone|Body Press|p2a: Brute Bonnet\n|-supereffective|p2a: Brute Bonnet\n|-damage|p2a: Brute Bonnet|175/309\n|move|p2a: Brute Bonnet|Seed Bomb|p1a: Magnezone\n|-resisted|p1a: Magnezone\n|-damage|p1a: Magnezone|114/258\n|\n|-heal|p2a: Brute Bonnet|194/309|[from] item: Leftovers\n|upkeep\n|turn|27\n|\n|t:|1781381048\n|move|p1a: Magnezone|Body Press|p2a: Brute Bonnet\n|-supereffective|p2a: Brute Bonnet\n|-damage|p2a: Brute Bonnet|74/309\n|move|p2a: Brute Bonnet|Crunch|p1a: Magnezone\n|-damage|p1a: Magnezone|39/258\n|\n|-heal|p2a: Brute Bonnet|93/309|[from] item: Leftovers\n|upkeep\n|turn|28\n|\n|t:|1781381059\n|move|p2a: Brute Bonnet|Sucker Punch|p1a: Magnezone\n|-damage|p1a: Magnezone|0 fnt\n|faint|p1a: Magnezone\n|\n|-heal|p2a: Brute Bonnet|112/309|[from] item: Leftovers\n|upkeep\n|\n|t:|1781381072\n|switch|p1a: Espathra|Espathra, L80, M|230/283\n|turn|29\n|\n|t:|1781381079\n|move|p2a: Brute Bonnet|Sucker Punch|p1a: Espathra\n|-supereffective|p1a: Espathra\n|-damage|p1a: Espathra|12/283\n|move|p1a: Espathra|Dazzling Gleam|p2a: Brute Bonnet\n|-supereffective|p2a: Brute Bonnet\n|-damage|p2a: Brute Bonnet|16/309\n|\n|-heal|p1a: Espathra|29/283|[from] item: Leftovers\n|-heal|p2a: Brute Bonnet|35/309|[from] item: Leftovers\n|-ability|p1a: Espathra|Speed Boost|boost\n|-boost|p1a: Espathra|spe|1\n|upkeep\n|turn|30\n|\n|t:|1781381093\n|move|p1a: Espathra|Protect|p1a: Espathra\n|-singleturn|p1a: Espathra|Protect\n|move|p2a: Brute Bonnet|Sucker Punch||[still]\n|-fail|p2a: Brute Bonnet\n|\n|-heal|p1a: Espathra|46/283|[from] item: Leftovers\n|-heal|p2a: Brute Bonnet|54/309|[from] item: Leftovers\n|-ability|p1a: Espathra|Speed Boost|boost\n|-boost|p1a: Espathra|spe|1\n|upkeep\n|turn|31\n|\n|t:|1781381118\n|move|p2a: Brute Bonnet|Sucker Punch||[still]\n|-fail|p2a: Brute Bonnet\n|move|p1a: Espathra|Calm Mind|p1a: Espathra\n|-boost|p1a: Espathra|spa|1\n|-boost|p1a: Espathra|spd|1\n|\n|-heal|p1a: Espathra|63/283|[from] item: Leftovers\n|-heal|p2a: Brute Bonnet|73/309|[from] item: Leftovers\n|-ability|p1a: Espathra|Speed Boost|boost\n|-boost|p1a: Espathra|spe|1\n|upkeep\n|turn|32\n|\n|t:|1781381128\n|move|p1a: Espathra|Protect|p1a: Espathra\n|-singleturn|p1a: Espathra|Protect\n|move|p2a: Brute Bonnet|Sucker Punch||[still]\n|-fail|p2a: Brute Bonnet\n|\n|-heal|p1a: Espathra|80/283|[from] item: Leftovers\n|-heal|p2a: Brute Bonnet|92/309|[from] item: Leftovers\n|-ability|p1a: Espathra|Speed Boost|boost\n|-boost|p1a: Espathra|spe|1\n|upkeep\n|turn|33\n|\n|t:|1781381145\n|move|p2a: Brute Bonnet|Sucker Punch||[still]\n|-fail|p2a: Brute Bonnet\n|move|p1a: Espathra|Calm Mind|p1a: Espathra\n|-boost|p1a: Espathra|spa|1\n|-boost|p1a: Espathra|spd|1\n|\n|-heal|p1a: Espathra|97/283|[from] item: Leftovers\n|-heal|p2a: Brute Bonnet|111/309|[from] item: Leftovers\n|-ability|p1a: Espathra|Speed Boost|boost\n|-boost|p1a: Espathra|spe|1\n|upkeep\n|turn|34\n|\n|t:|1781381156\n|move|p1a: Espathra|Protect|p1a: Espathra\n|-singleturn|p1a: Espathra|Protect\n|move|p2a: Brute Bonnet|Crunch|p1a: Espathra\n|-activate|p1a: Espathra|move: Protect\n|\n|-heal|p1a: Espathra|114/283|[from] item: Leftovers\n|-heal|p2a: Brute Bonnet|130/309|[from] item: Leftovers\n|-ability|p1a: Espathra|Speed Boost|boost\n|-boost|p1a: Espathra|spe|1\n|upkeep\n|turn|35\n|\n|t:|1781381166\n|-terastallize|p1a: Espathra|Fairy\n|move|p1a: Espathra|Dazzling Gleam|p2a: Brute Bonnet\n|-supereffective|p2a: Brute Bonnet\n|-damage|p2a: Brute Bonnet|0 fnt\n|faint|p2a: Brute Bonnet\n|-end|p2a: Brute Bonnet|Protosynthesis|[silent]\n|\n|-heal|p1a: Espathra|131/283|[from] item: Leftovers\n|upkeep\n|\n|t:|1781381175\n|switch|p2a: Grafaiai|Grafaiai, L86, M|180/249\n|turn|36\n|\n|t:|1781381185\n|move|p1a: Espathra|Stored Power|p2a: Grafaiai\n|-supereffective|p2a: Grafaiai\n|-damage|p2a: Grafaiai|0 fnt\n|faint|p2a: Grafaiai\n|\n|win|Drewisonline\n|raw|Drewisonline's rating: 1559 &rarr; <strong>1577</strong><br />(+18 for winning)\n|raw|Izancinho's rating: 1518 &rarr; <strong>1500</strong><br />(-18 for losing)\n", "inputlog": ">version a8376a258c1d4662feba110a92103f3664a72141\n>start {\"formatid\":\"gen9randombattle\",\"seed\":\"sodium,1e78484922263cab8409aec2c19694eb\",\"rated\":\"Rated battle\"}\n>player p1 {\"name\":\"Drewisonline\",\"avatar\":\"aaron\",\"rating\":1559,\"seed\":\"sodium,0f59853b479b409ea95b5aea066b9bb3\"}\n>player p2 {\"name\":\"Izancinho\",\"avatar\":\"roughneck-gen4\",\"rating\":1518,\"seed\":\"sodium,fe30a0c69eb92b923ac0c734a01603ac\"}\n>p1 move voltswitch\n>p2 move rapidspin\n>p1 switch 5\n>p1 move knockoff\n>p2 move solarbeam terastallize\n>p1 switch 6\n>p1 move dazzlinggleam\n>p2 move yawn\n>p2 switch 2\n>p1 move calmmind\n>p2 move leechseed\n>p1 move storedpower\n>p2 move substitute\n>p1 switch 5\n>p2 move leafstorm\n>p1 move voltswitch\n>p2 move leechseed\n>p1 switch 4\n>p1 move uturn\n>p2 move leafstorm\n>p1 switch 4\n>p1 move flashcannon\n>p2 move substitute\n>p1 move flashcannon\n>p2 move leafstorm\n>p2 switch 4\n>p1 switch 2\n>p2 move dragondance\n>p1 move reflect\n>p2 move ironhead\n>p1 move spiritbreak\n>p2 move ironhead\n>p2 switch 3\n>p1 move lightscreen\n>p2 move calmmind\n>p1 move thunderwave\n>p2 move calmmind\n>p1 move spiritbreak\n>p2 move calmmind\n>p1 move spiritbreak\n>p2 move protect\n>p1 move spiritbreak\n>p2 move hypervoice\n>p1 switch 4\n>p1 move bulletpunch\n>p2 move wish\n>p2 switch 5\n>p1 switch 2\n>p2 move spore\n>p1 switch 2\n>p2 move crunch\n>p1 move uturn\n>p2 move suckerpunch\n>p1 switch 3\n>p1 move hypervoice\n>p2 switch 6\n>p1 switch 2\n>p2 move knockoff\n>p1 move voltswitch\n>p2 move partingshot\n>p2 switch 6\n>p1 move bodypress\n>p2 move seedbomb\n>p1 move bodypress\n>p2 move crunch\n>p1 move bodypress\n>p2 move suckerpunch\n>p1 switch 5\n>p1 move dazzlinggleam\n>p2 move suckerpunch\n>p1 move protect\n>p2 move suckerpunch\n>p1 move calmmind\n>p2 move suckerpunch\n>p1 move protect\n>p2 move suckerpunch\n>p1 move calmmind\n>p2 move suckerpunch\n>p1 move protect\n>p2 move crunch\n>p1 move dazzlinggleam terastallize\n>p2 move crunch\n>p2 switch 6\n>p1 move storedpower\n>p2 move gunkshot", "uploadtime": 1781381197, "views": 12, "formatid": "gen9randombattle", "rating": 1500, "private": 0, "password": null, "player_dets": [{"name": "Drewisonline", "avatar": "aaron", "rating": 1559, "seed": "sodium,0f59853b479b409ea95b5aea066b9bb3"}, {"name": "Izancinho", "avatar": "roughneck-gen4", "rating": 1518, "seed": "sodium,fe30a0c69eb92b923ac0c734a01603ac"}], "teams_full": [{"Magnezone": {"name": "Magnezone", "species": "Magnezone", "speciesId": "magnezone", "gender": "N", "shiny": false, "level": 85, "moves": ["flashcannon", "thunderbolt", "bodypress", "voltswitch"], "ability": "Magnet Pull", "evs": {"hp": 85, "atk": 0, "def": 85, "spa": 85, "spd": 85, "spe": 85}, "ivs": {"hp": 31, "atk": 0, "def": 31, "spa": 31, "spd": 31, "spe": 31}, "item": "Choice Scarf", "teraType": "Electric", "role": "Fast Attacker", "bvs": {"hp": 70, "atk": 70, "def": 115, "spa": 130, "spd": 90, "spe": 60}, "stats": {"hp": 258, "atk": 124, "def": 244, "spa": 270, "spd": 202, "spe": 151}}, "Grimmsnarl": {"name": "Grimmsnarl", "species": "Grimmsnarl", "speciesId": "grimmsnarl", "gender": "M", "shiny": false, "level": 83, "moves": ["lightscreen", "thunderwave", "reflect", "spiritbreak"], "ability": "Prankster", "evs": {"hp": 85, "atk": 85, "def": 85, "spa": 85, "spd": 85, "spe": 85}, "ivs": {"hp": 31, "atk": 31, "def": 31, "spa": 31, "spd": 31, "spe": 31}, "item": "Light Clay", "teraType": "Poison", "role": "Bulky Support", "bvs": {"hp": 95, "atk": 120, "def": 65, "spa": 95, "spd": 75, "spe": 60}, "stats": {"hp": 293, "atk": 247, "def": 156, "spa": 205, "spd": 172, "spe": 147}}, "Sylveon": {"name": "Sylveon", "species": "Sylveon", "speciesId": "sylveon", "gender": "F", "shiny": false, "level": 85, "moves": ["hypervoice", "protect", "wish", "calmmind"], "ability": "Pixilate", "evs": {"hp": 85, "atk": 0, "def": 85, "spa": 85, "spd": 85, "spe": 85}, "ivs": {"hp": 31, "atk": 0, "def": 31, "spa": 31, "spd": 31, "spe": 31}, "item": "Leftovers", "teraType": "Steel", "role": "Bulky Setup", "bvs": {"hp": 95, "atk": 65, "def": 65, "spa": 110, "spd": 130, "spe": 60}, "stats": {"hp": 300, "atk": 115, "def": 159, "spa": 236, "spd": 270, "spe": 151}}, "Scizor": {"name": "Scizor", "species": "Scizor", "speciesId": "scizor", "gender": "M", "shiny": false, "level": 79, "moves": ["closecombat", "knockoff", "uturn", "bulletpunch"], "ability": "Technician", "evs": {"hp": 85, "atk": 85, "def": 85, "spa": 85, "spd": 85, "spe": 85}, "ivs": {"hp": 31, "atk": 31, "def": 31, "spa": 31, "spd": 31, "spe": 31}, "item": "Choice Band", "teraType": "Steel", "role": "Wallbreaker", "bvs": {"hp": 70, "atk": 130, "def": 100, "spa": 55, "spd": 80, "spe": 65}, "stats": {"hp": 240, "atk": 251, "def": 204, "spa": 132, "spd": 172, "spe": 148}}, "Crawdaunt": {"name": "Crawdaunt", "species": "Crawdaunt", "speciesId": "crawdaunt", "gender": "M", "shiny": false, "level": 84, "moves": ["closecombat", "crabhammer", "knockoff", "aquajet"], "ability": "Adaptability", "evs": {"hp": 85, "atk": 85, "def": 85, "spa": 85, "spd": 85, "spe": 85}, "ivs": {"hp": 31, "atk": 31, "def": 31, "spa": 31, "spd": 31, "spe": 31}, "item": "Choice Band", "teraType": "Fighting", "role": "Fast Attacker", "bvs": {"hp": 63, "atk": 120, "def": 85, "spa": 90, "spd": 55, "spe": 55}, "stats": {"hp": 243, "atk": 250, "def": 191, "spa": 199, "spd": 141, "spe": 141}}, "Espathra": {"name": "Espathra", "species": "Espathra", "speciesId": "espathra", "gender": "M", "shiny": false, "level": 80, "moves": ["protect", "dazzlinggleam", "calmmind", "storedpower"], "ability": "Speed Boost", "evs": {"hp": 85, "atk": 0, "def": 85, "spa": 85, "spd": 85, "spe": 85}, "ivs": {"hp": 31, "atk": 0, "def": 31, "spa": 31, "spd": 31, "spe": 31}, "item": "Leftovers", "teraType": "Fairy", "role": "Fast Bulky Setup", "bvs": {"hp": 95, "atk": 60, "def": 60, "spa": 101, "spd": 60, "spe": 105}, "stats": {"hp": 283, "atk": 101, "def": 142, "spa": 208, "spd": 142, "spe": 214}}}, {"Torkoal": {"name": "Torkoal", "species": "Torkoal", "speciesId": "torkoal", "gender": "F", "shiny": false, "level": 88, "moves": ["lavaplume", "solarbeam", "yawn", "rapidspin"], "ability": "Drought", "evs": {"hp": 85, "atk": 85, "def": 85, "spa": 85, "spd": 85, "spe": 85}, "ivs": {"hp": 31, "atk": 31, "def": 31, "spa": 31, "spd": 31, "spe": 31}, "item": "Heavy-Duty Boots", "teraType": "Grass", "role": "Bulky Support", "bvs": {"hp": 70, "atk": 85, "def": 140, "spa": 85, "spd": 70, "spe": 20}, "stats": {"hp": 266, "atk": 200, "def": 297, "spa": 200, "spd": 173, "spe": 85}}, "Serperior": {"name": "Serperior", "species": "Serperior", "speciesId": "serperior", "gender": "F", "shiny": false, "level": 79, "moves": ["leechseed", "terablast", "leafstorm", "substitute"], "ability": "Contrary", "evs": {"hp": 85, "atk": 85, "def": 85, "spa": 85, "spd": 85, "spe": 85}, "ivs": {"hp": 31, "atk": 31, "def": 31, "spa": 31, "spd": 31, "spe": 31}, "item": "Leftovers", "teraType": "Rock", "role": "Tera Blast user", "bvs": {"hp": 75, "atk": 75, "def": 95, "spa": 75, "spd": 95, "spe": 113}, "stats": {"hp": 248, "atk": 164, "def": 196, "spa": 164, "spd": 196, "spe": 224}}, "Sylveon": {"name": "Sylveon", "species": "Sylveon", "speciesId": "sylveon", "gender": "M", "shiny": false, "level": 85, "moves": ["wish", "hypervoice", "calmmind", "protect"], "ability": "Pixilate", "evs": {"hp": 85, "atk": 0, "def": 85, "spa": 85, "spd": 85, "spe": 85}, "ivs": {"hp": 31, "atk": 0, "def": 31, "spa": 31, "spd": 31, "spe": 31}, "item": "Leftovers", "teraType": "Steel", "role": "Bulky Setup", "bvs": {"hp": 95, "atk": 65, "def": 65, "spa": 110, "spd": 130, "spe": 60}, "stats": {"hp": 300, "atk": 115, "def": 159, "spa": 236, "spd": 270, "spe": 151}}, "Roaring Moon": {"name": "Roaring Moon", "species": "Roaring Moon", "speciesId": "roaringmoon", "gender": "N", "shiny": false, "level": 72, "moves": ["ironhead", "dragondance", "outrage", "knockoff"], "ability": "Protosynthesis", "evs": {"hp": 85, "atk": 85, "def": 85, "spa": 85, "spd": 85, "spe": 85}, "ivs": {"hp": 31, "atk": 31, "def": 31, "spa": 31, "spd": 31, "spe": 31}, "item": "Booster Energy", "teraType": "Steel", "role": "Fast Bulky Setup", "bvs": {"hp": 105, "atk": 139, "def": 71, "spa": 55, "spd": 101, "spe": 119}, "stats": {"hp": 270, "atk": 242, "def": 144, "spa": 121, "spd": 187, "spe": 213}}, "Brute Bonnet": {"name": "Brute Bonnet", "species": "Brute Bonnet", "speciesId": "brutebonnet", "gender": "N", "shiny": false, "level": 80, "moves": ["crunch", "suckerpunch", "spore", "seedbomb"], "ability": "Protosynthesis", "evs": {"hp": 85, "atk": 85, "def": 85, "spa": 85, "spd": 85, "spe": 85}, "ivs": {"hp": 31, "atk": 31, "def": 31, "spa": 31, "spd": 31, "spe": 31}, "item": "Leftovers", "teraType": "Dark", "role": "Bulky Support", "bvs": {"hp": 111, "atk": 127, "def": 99, "spa": 79, "spd": 99, "spe": 55}, "stats": {"hp": 309, "atk": 249, "def": 205, "spa": 173, "spd": 205, "spe": 134}}, "Grafaiai": {"name": "Grafaiai", "species": "Grafaiai", "speciesId": "grafaiai", "gender": "M", "shiny": false, "level": 86, "moves": ["gunkshot", "knockoff", "encore", "partingshot"], "ability": "Prankster", "evs": {"hp": 85, "atk": 85, "def": 85, "spa": 85, "spd": 85, "spe": 85}, "ivs": {"hp": 31, "atk": 31, "def": 31, "spa": 31, "spd": 31, "spe": 31}, "item": "Heavy-Duty Boots", "teraType": "Dark", "role": "Fast Support", "bvs": {"hp": 63, "atk": 95, "def": 65, "spa": 80, "spd": 72, "spe": 110}, "stats": {"hp": 249, "atk": 213, "def": 161, "spa": 187, "spd": 173, "spe": 238}}}]}