{"id": "gen9randombattle-2631703592", "format": "[Gen 9] Random Battle", "players": ["pzjd1", "dumbidiotgirl"], "log": "|j|\u2606pzjd1\n|j|\u2606dumbidiotgirl\n|t:|1781425058\n|gametype|singles\n|player|p1|pzjd1|swimmerf-gen4dp|1284\n|player|p2|dumbidiotgirl|wicke|1330\n|gen|9\n|tier|[Gen 9] Random Battle\n|rated|\n|rule|Species Clause: Limit one of each Pok\u00e9mon\n|rule|HP Percentage Mod: HP is shown in percentages\n|rule|Sleep Clause Mod: Limit one foe put to sleep\n|rule|Illusion Level Mod: Illusion disguises the Pok\u00e9mon's true level\n|\n|t:|1781425058\n|teamsize|p1|6\n|teamsize|p2|6\n|start\n|switch|p1a: Minior|Minior, L79|224/224\n|switch|p2a: Rayquaza|Rayquaza, L72|270/270\n|-ability|p2a: Rayquaza|Air Lock\n|-formechange|p1a: Minior|Minior-Meteor||[from] ability: Shields Down\n|turn|1\n|inactive|Battle timer is ON: inactive players will automatically lose when time's up. (requested by pzjd1)\n|\n|t:|1781425074\n|move|p2a: Rayquaza|Swords Dance|p2a: Rayquaza\n|-boost|p2a: Rayquaza|atk|2\n|move|p1a: Minior|Power Gem|p2a: Rayquaza\n|-supereffective|p2a: Rayquaza\n|-damage|p2a: Rayquaza|156/270\n|\n|upkeep\n|turn|2\n|\n|t:|1781425085\n|move|p2a: Rayquaza|Scale Shot|p1a: Minior\n|-crit|p1a: Minior\n|-damage|p1a: Minior|149/224\n|-damage|p1a: Minior|98/224\n|-damage|p1a: Minior|47/224\n|-damage|p1a: Minior|0 fnt\n|faint|p1a: Minior\n|-hitcount|p1: Minior|4\n|-unboost|p2a: Rayquaza|def|1\n|-boost|p2a: Rayquaza|spe|1\n|\n|upkeep\n|\n|t:|1781425108\n|switch|p1a: Mimikyu|Mimikyu, L79, F|216/216\n|turn|3\n|\n|t:|1781425125\n|-terastallize|p2a: Rayquaza|Flying\n|move|p1a: Mimikyu|Shadow Sneak|p2a: Rayquaza\n|-damage|p2a: Rayquaza|73/270\n|-damage|p1a: Mimikyu|195/216|[from] item: Life Orb\n|move|p2a: Rayquaza|Earthquake|p1a: Mimikyu\n|-activate|p1a: Mimikyu|ability: Disguise\n|-damage|p1a: Mimikyu|195/216\n|detailschange|p1a: Mimikyu|Mimikyu-Busted, L79, F\n|-damage|p1a: Mimikyu|168/216|[from] pokemon: Mimikyu-Busted\n|\n|upkeep\n|turn|4\n|\n|t:|1781425138\n|move|p1a: Mimikyu|Shadow Sneak|p2a: Rayquaza\n|-damage|p2a: Rayquaza|0 fnt\n|faint|p2a: Rayquaza\n|-damage|p1a: Mimikyu|147/216|[from] item: Life Orb\n|\n|upkeep\n|\n|t:|1781425142\n|switch|p2a: Slowbro|Slowbro, L85, M|300/300\n|turn|5\n|\n|t:|1781425152\n|move|p1a: Mimikyu|Shadow Sneak|p2a: Slowbro\n|-supereffective|p2a: Slowbro\n|-damage|p2a: Slowbro|227/300\n|-damage|p1a: Mimikyu|126/216|[from] item: Life Orb\n|move|p2a: Slowbro|Scald|p1a: Mimikyu\n|-damage|p1a: Mimikyu|48/216\n|\n|upkeep\n|turn|6\n|\n|t:|1781425161\n|move|p1a: Mimikyu|Play Rough|p2a: Slowbro|[miss]\n|-miss|p1a: Mimikyu|p2a: Slowbro\n|move|p2a: Slowbro|Scald|p1a: Mimikyu\n|-damage|p1a: Mimikyu|0 fnt\n|faint|p1a: Mimikyu\n|\n|upkeep\n|\n|t:|1781425176\n|switch|p1a: Qwilfish|Qwilfish-Hisui, L83, F|244/244\n|-ability|p1a: Qwilfish|Intimidate|boost\n|-unboost|p2a: Slowbro|atk|1\n|turn|7\n|\n|t:|1781425183\n|move|p1a: Qwilfish|Crunch|p2a: Slowbro\n|-supereffective|p2a: Slowbro\n|-damage|p2a: Slowbro|83/300\n|move|p2a: Slowbro|Scald|p1a: Qwilfish\n|-damage|p1a: Qwilfish|157/244\n|-status|p1a: Qwilfish|brn\n|\n|-damage|p1a: Qwilfish|142/244 brn|[from] brn\n|upkeep\n|turn|8\n|\n|t:|1781425195\n|switch|p2a: Galvantula|Galvantula, L82, F|249/249\n|move|p1a: Qwilfish|Spikes|p2a: Galvantula\n|-sidestart|p2: dumbidiotgirl|Spikes\n|\n|-damage|p1a: Qwilfish|127/244 brn|[from] brn\n|upkeep\n|turn|9\n|\n|t:|1781425206\n|switch|p1a: Swampert|Swampert, L83, M|302/302\n|move|p2a: Galvantula|Sticky Web|p1a: Swampert\n|-sidestart|p1: pzjd1|move: Sticky Web\n|\n|upkeep\n|turn|10\n|\n|t:|1781425216\n|move|p2a: Galvantula|Bug Buzz|p1a: Swampert\n|-damage|p1a: Swampert|211/302\n|-unboost|p1a: Swampert|spd|1\n|move|p1a: Swampert|Earthquake|p2a: Galvantula\n|-damage|p2a: Galvantula|95/249\n|\n|-heal|p1a: Swampert|229/302|[from] item: Leftovers\n|upkeep\n|turn|11\n|\n|t:|1781425226\n|move|p2a: Galvantula|Bug Buzz|p1a: Swampert\n|-damage|p1a: Swampert|88/302\n|move|p1a: Swampert|Stealth Rock|p2a: Galvantula\n|-sidestart|p2: dumbidiotgirl|move: Stealth Rock\n|\n|-heal|p1a: Swampert|106/302|[from] item: Leftovers\n|upkeep\n|turn|12\n|\n|t:|1781425233\n|move|p2a: Galvantula|Bug Buzz|p1a: Swampert\n|-damage|p1a: Swampert|0 fnt\n|faint|p1a: Swampert\n|\n|upkeep\n|\n|t:|1781425250\n|switch|p1a: Qwilfish|Qwilfish-Hisui, L83, F|127/244 brn\n|-activate|p1a: Qwilfish|move: Sticky Web\n|-unboost|p1a: Qwilfish|spe|1\n|-ability|p1a: Qwilfish|Intimidate|boost\n|-unboost|p2a: Galvantula|atk|1\n|turn|13\n|\n|t:|1781425259\n|move|p2a: Galvantula|Thunder|p1a: Qwilfish\n|-damage|p1a: Qwilfish|30/244 brn\n|move|p1a: Qwilfish|Gunk Shot|p2a: Galvantula|[miss]\n|-miss|p1a: Qwilfish|p2a: Galvantula\n|\n|-damage|p1a: Qwilfish|15/244 brn|[from] brn\n|upkeep\n|turn|14\n|\n|t:|1781425266\n|move|p2a: Galvantula|Bug Buzz|p1a: Qwilfish\n|-crit|p1a: Qwilfish\n|-damage|p1a: Qwilfish|0 fnt\n|faint|p1a: Qwilfish\n|\n|upkeep\n|\n|t:|1781425272\n|switch|p1a: Ludicolo|Ludicolo, L90, F|290/290\n|-activate|p1a: Ludicolo|move: Sticky Web\n|-unboost|p1a: Ludicolo|spe|1\n|turn|15\n|\n|t:|1781425279\n|-terastallize|p1a: Ludicolo|Steel\n|move|p2a: Galvantula|Bug Buzz|p1a: Ludicolo\n|-resisted|p1a: Ludicolo\n|-damage|p1a: Ludicolo|248/290\n|move|p1a: Ludicolo|Ice Beam|p2a: Galvantula\n|-damage|p2a: Galvantula|0 fnt\n|faint|p2a: Galvantula\n|-damage|p1a: Ludicolo|219/290|[from] item: Life Orb\n|\n|upkeep\n|\n|t:|1781425284\n|switch|p2a: Slowbro|Slowbro, L85, M|183/300\n|-damage|p2a: Slowbro|146/300|[from] Spikes\n|-damage|p2a: Slowbro|109/300|[from] Stealth Rock\n|turn|16\n|\n|t:|1781425308\n|move|p1a: Ludicolo|Giga Drain|p2a: Slowbro\n|-supereffective|p2a: Slowbro\n|-crit|p2a: Slowbro\n|-damage|p2a: Slowbro|0 fnt\n|-heal|p1a: Ludicolo|274/290|[from] drain|[of] p2a: Slowbro\n|faint|p2a: Slowbro\n|-damage|p1a: Ludicolo|245/290|[from] item: Life Orb\n|\n|upkeep\n|\n|t:|1781425321\n|switch|p2a: Furret|Furret, L94, F|312/312\n|-damage|p2a: Furret|273/312|[from] Spikes\n|-damage|p2a: Furret|234/312|[from] Stealth Rock\n|-item|p1a: Ludicolo|Life Orb|[from] ability: Frisk|[of] p2a: Furret\n|turn|17\n|\n|t:|1781425336\n|move|p2a: Furret|Knock Off|p1a: Ludicolo\n|-damage|p1a: Ludicolo|150/290\n|-enditem|p1a: Ludicolo|Life Orb|[from] move: Knock Off|[of] p2a: Furret\n|-damage|p2a: Furret|203/312|[from] item: Life Orb\n|move|p1a: Ludicolo|Giga Drain|p2a: Furret\n|-damage|p2a: Furret|103/312\n|-heal|p1a: Ludicolo|200/290|[from] drain|[of] p2a: Furret\n|\n|upkeep\n|turn|18\n|\n|t:|1781425345\n|move|p2a: Furret|Brick Break|p1a: Ludicolo\n|-supereffective|p1a: Ludicolo\n|-damage|p1a: Ludicolo|44/290\n|-damage|p2a: Furret|72/312|[from] item: Life Orb\n|move|p1a: Ludicolo|Giga Drain|p2a: Furret\n|-damage|p2a: Furret|0 fnt\n|-heal|p1a: Ludicolo|80/290|[from] drain|[of] p2a: Furret\n|faint|p2a: Furret\n|\n|upkeep\n|\n|t:|1781425349\n|switch|p2a: Kleavor|Kleavor, L78, M|237/237\n|turn|19\n|\n|t:|1781425359\n|move|p2a: Kleavor|Stone Axe|p1a: Ludicolo|[miss]\n|-miss|p2a: Kleavor|p1a: Ludicolo\n|move|p1a: Ludicolo|Ice Beam|p2a: Kleavor\n|-damage|p2a: Kleavor|150/237\n|\n|upkeep\n|turn|20\n|\n|t:|1781425368\n|move|p2a: Kleavor|Stone Axe|p1a: Ludicolo\n|-resisted|p1a: Ludicolo\n|-damage|p1a: Ludicolo|16/290\n|-sidestart|p1: pzjd1|move: Stealth Rock\n|move|p1a: Ludicolo|Hydro Pump|p2a: Kleavor|[miss]\n|-miss|p1a: Ludicolo|p2a: Kleavor\n|\n|upkeep\n|turn|21\n|\n|t:|1781425375\n|move|p2a: Kleavor|X-Scissor|p1a: Ludicolo\n|-resisted|p1a: Ludicolo\n|-damage|p1a: Ludicolo|0 fnt\n|faint|p1a: Ludicolo\n|\n|upkeep\n|\n|t:|1781425380\n|switch|p1a: Lilligant|Lilligant-Hisui, L79, F|240/240\n|-activate|p1a: Lilligant|move: Sticky Web\n|-unboost|p1a: Lilligant|spe|1\n|-damage|p1a: Lilligant|225/240|[from] Stealth Rock\n|turn|22\n|\n|t:|1781425392\n|move|p2a: Kleavor|X-Scissor|p1a: Lilligant\n|-damage|p1a: Lilligant|38/240\n|move|p1a: Lilligant|Sleep Powder|p2a: Kleavor\n|-status|p2a: Kleavor|slp|[from] move: Sleep Powder\n|\n|upkeep\n|turn|23\n|\n|t:|1781425398\n|switch|p2a: Mewtwo|Mewtwo, L72|272/272\n|-damage|p2a: Mewtwo|238/272|[from] Spikes\n|-damage|p2a: Mewtwo|204/272|[from] Stealth Rock\n|-ability|p2a: Mewtwo|Pressure\n|move|p1a: Lilligant|Victory Dance|p1a: Lilligant\n|-boost|p1a: Lilligant|atk|1\n|-boost|p1a: Lilligant|def|1\n|-boost|p1a: Lilligant|spe|1\n|\n|upkeep\n|turn|24\n|\n|t:|1781425411\n|move|p2a: Mewtwo|Psystrike|p1a: Lilligant\n|-supereffective|p1a: Lilligant\n|-damage|p1a: Lilligant|0 fnt\n|faint|p1a: Lilligant\n|-damage|p2a: Mewtwo|177/272|[from] item: Life Orb\n|\n|win|dumbidiotgirl\n|raw|pzjd1's rating: 1284 &rarr; <strong>1262</strong><br />(-22 for losing)\n|raw|dumbidiotgirl's rating: 1330 &rarr; <strong>1347</strong><br />(+17 for winning)\n", "inputlog": ">version a8376a258c1d4662feba110a92103f3664a72141\n>start {\"formatid\":\"gen9randombattle\",\"seed\":\"sodium,b44ddf9f1883103bc69b7b379181f484\",\"rated\":\"Rated battle\"}\n>player p1 {\"name\":\"pzjd1\",\"avatar\":\"swimmerf-gen4dp\",\"rating\":1284,\"seed\":\"sodium,2c558c3788a6b1bdd370fcc4eb7313c5\"}\n>player p2 {\"name\":\"dumbidiotgirl\",\"avatar\":\"wicke\",\"rating\":1330,\"seed\":\"sodium,9e7dd9f99f2b2578591c652015d8d54d\"}\n>p1 move powergem\n>p2 move swordsdance\n>p1 move powergem\n>p2 move scaleshot\n>p1 switch 5\n>p1 move shadowsneak\n>p2 move earthquake terastallize\n>p1 move shadowsneak\n>p2 move dragonascent\n>p2 switch 5\n>p1 move shadowsneak\n>p2 move scald\n>p1 move playrough\n>p2 move scald\n>p1 switch 3\n>p1 move crunch\n>p2 move scald\n>p1 move spikes\n>p2 switch 6\n>p1 switch 4\n>p2 move stickyweb\n>p1 move earthquake\n>p2 move bugbuzz\n>p1 move stealthrock\n>p2 move bugbuzz\n>p1 move earthquake\n>p2 move bugbuzz\n>p1 switch 4\n>p1 move gunkshot\n>p2 move thunder\n>p1 move crunch\n>p2 move bugbuzz\n>p1 switch 2\n>p1 move icebeam terastallize\n>p2 move bugbuzz\n>p2 switch 6\n>p1 move gigadrain\n>p2 move fireblast\n>p2 switch 3\n>p1 move gigadrain\n>p2 move knockoff\n>p1 move gigadrain\n>p2 move brickbreak\n>p2 switch 2\n>p1 move icebeam\n>p2 move stoneaxe\n>p1 move hydropump\n>p2 move stoneaxe\n>p1 move hydropump\n>p2 move xscissor\n>p1 switch 6\n>p1 move sleeppowder\n>p2 move xscissor\n>p1 move victorydance\n>p2 switch 4\n>p1 move leafblade\n>p2 move psystrike", "uploadtime": 1781425413, "views": 9, "formatid": "gen9randombattle", "rating": 1262, "private": 0, "password": null, "player_dets": [{"name": "pzjd1", "avatar": "swimmerf-gen4dp", "rating": 1284, "seed": "sodium,2c558c3788a6b1bdd370fcc4eb7313c5"}, {"name": "dumbidiotgirl", "avatar": "wicke", "rating": 1330, "seed": "sodium,9e7dd9f99f2b2578591c652015d8d54d"}], "teams_full": [{"Minior": {"name": "Minior", "species": "Minior", "speciesId": "minior", "gender": "N", "shiny": false, "level": 79, "moves": ["powergem", "earthquake", "acrobatics", "shellsmash"], "ability": "Shields Down", "evs": {"hp": 85, "atk": 85, "def": 85, "spa": 85, "spd": 85, "spe": 85}, "ivs": {"hp": 31, "atk": 31, "def": 31, "spa": 31, "spd": 31, "spe": 31}, "item": "White Herb", "teraType": "Flying", "role": "Setup Sweeper", "bvs": {"hp": 60, "atk": 100, "def": 60, "spa": 100, "spd": 60, "spe": 120}, "stats": {"hp": 224, "atk": 204, "def": 140, "spa": 204, "spd": 140, "spe": 235}, "types": ["Rock", "Flying"]}, "Ludicolo": {"name": "Ludicolo", "species": "Ludicolo", "speciesId": "ludicolo", "gender": "F", "shiny": false, "level": 90, "moves": ["hydropump", "raindance", "icebeam", "gigadrain"], "ability": "Swift Swim", "evs": {"hp": 85, "atk": 0, "def": 85, "spa": 85, "spd": 85, "spe": 85}, "ivs": {"hp": 31, "atk": 0, "def": 31, "spa": 31, "spd": 31, "spe": 31}, "item": "Life Orb", "teraType": "Steel", "role": "Setup Sweeper", "bvs": {"hp": 80, "atk": 70, "def": 70, "spa": 90, "spd": 100, "spe": 70}, "stats": {"hp": 290, "atk": 131, "def": 177, "spa": 213, "spd": 231, "spe": 177}, "types": ["Water", "Grass"]}, "Qwilfish": {"name": "Qwilfish", "species": "Qwilfish-Hisui", "speciesId": "qwilfishhisui", "gender": "F", "shiny": false, "level": 83, "moves": ["spikes", "gunkshot", "taunt", "crunch"], "ability": "Intimidate", "evs": {"hp": 85, "atk": 85, "def": 85, "spa": 85, "spd": 85, "spe": 85}, "ivs": {"hp": 31, "atk": 31, "def": 31, "spa": 31, "spd": 31, "spe": 31}, "item": "Eviolite", "teraType": "Flying", "role": "Bulky Support", "bvs": {"hp": 65, "atk": 95, "def": 85, "spa": 55, "spd": 55, "spe": 85}, "stats": {"hp": 244, "atk": 205, "def": 189, "spa": 139, "spd": 139, "spe": 189}, "types": ["Dark", "Poison"]}, "Swampert": {"name": "Swampert", "species": "Swampert", "speciesId": "swampert", "gender": "M", "shiny": false, "level": 83, "moves": ["icebeam", "knockoff", "stealthrock", "earthquake"], "ability": "Damp", "evs": {"hp": 85, "atk": 85, "def": 85, "spa": 85, "spd": 85, "spe": 85}, "ivs": {"hp": 31, "atk": 31, "def": 31, "spa": 31, "spd": 31, "spe": 31}, "item": "Leftovers", "teraType": "Steel", "role": "Bulky Support", "bvs": {"hp": 100, "atk": 110, "def": 90, "spa": 85, "spd": 90, "spe": 60}, "stats": {"hp": 302, "atk": 230, "def": 197, "spa": 189, "spd": 197, "spe": 147}, "types": ["Water", "Ground"]}, "Mimikyu": {"name": "Mimikyu", "species": "Mimikyu", "speciesId": "mimikyu", "gender": "F", "shiny": false, "level": 79, "moves": ["swordsdance", "playrough", "drainpunch", "shadowsneak"], "ability": "Disguise", "evs": {"hp": 85, "atk": 85, "def": 85, "spa": 85, "spd": 85, "spe": 85}, "ivs": {"hp": 31, "atk": 31, "def": 31, "spa": 31, "spd": 31, "spe": 31}, "item": "Life Orb", "teraType": "Fighting", "role": "Setup Sweeper", "bvs": {"hp": 55, "atk": 90, "def": 80, "spa": 50, "spd": 105, "spe": 96}, "stats": {"hp": 216, "atk": 188, "def": 172, "spa": 125, "spd": 211, "spe": 197}, "types": ["Ghost", "Fairy"]}, "Lilligant": {"name": "Lilligant", "species": "Lilligant-Hisui", "speciesId": "lilliganthisui", "gender": "F", "shiny": false, "level": 79, "moves": ["sleeppowder", "closecombat", "victorydance", "leafblade"], "ability": "Hustle", "evs": {"hp": 85, "atk": 85, "def": 85, "spa": 85, "spd": 85, "spe": 85}, "ivs": {"hp": 31, "atk": 31, "def": 31, "spa": 31, "spd": 31, "spe": 31}, "item": "Wide Lens", "teraType": "Steel", "role": "Setup Sweeper", "bvs": {"hp": 70, "atk": 105, "def": 75, "spa": 50, "spd": 75, "spe": 105}, "stats": {"hp": 240, "atk": 211, "def": 164, "spa": 125, "spd": 164, "spe": 211}, "types": ["Grass", "Fighting"]}}, {"Rayquaza": {"name": "Rayquaza", "species": "Rayquaza", "speciesId": "rayquaza", "gender": "N", "shiny": false, "level": 72, "moves": ["earthquake", "scaleshot", "swordsdance", "dragonascent"], "ability": "Air Lock", "evs": {"hp": 85, "atk": 85, "def": 85, "spa": 85, "spd": 85, "spe": 85}, "ivs": {"hp": 31, "atk": 31, "def": 31, "spa": 31, "spd": 31, "spe": 31}, "item": "Loaded Dice", "teraType": "Flying", "role": "Fast Bulky Setup", "bvs": {"hp": 105, "atk": 150, "def": 90, "spa": 150, "spd": 90, "spe": 95}, "stats": {"hp": 270, "atk": 258, "def": 172, "spa": 258, "spd": 172, "spe": 179}, "types": ["Dragon", "Flying"]}, "Kleavor": {"name": "Kleavor", "species": "Kleavor", "speciesId": "kleavor", "gender": "M", "shiny": false, "level": 78, "moves": ["xscissor", "defog", "uturn", "stoneaxe"], "ability": "Sharpness", "evs": {"hp": 85, "atk": 85, "def": 85, "spa": 85, "spd": 85, "spe": 85}, "ivs": {"hp": 31, "atk": 31, "def": 31, "spa": 31, "spd": 31, "spe": 31}, "item": "Heavy-Duty Boots", "teraType": "Bug", "role": "Bulky Attacker", "bvs": {"hp": 70, "atk": 135, "def": 95, "spa": 45, "spd": 70, "spe": 85}, "stats": {"hp": 237, "atk": 256, "def": 193, "spa": 115, "spd": 154, "spe": 178}, "types": ["Bug", "Rock"]}, "Furret": {"name": "Furret", "species": "Furret", "speciesId": "furret", "gender": "F", "shiny": false, "level": 94, "moves": ["knockoff", "doubleedge", "tidyup", "brickbreak"], "ability": "Frisk", "evs": {"hp": 85, "atk": 85, "def": 85, "spa": 85, "spd": 85, "spe": 85}, "ivs": {"hp": 31, "atk": 31, "def": 31, "spa": 31, "spd": 31, "spe": 31}, "item": "Life Orb", "teraType": "Ghost", "role": "Setup Sweeper", "bvs": {"hp": 85, "atk": 76, "def": 64, "spa": 45, "spd": 55, "spe": 90}, "stats": {"hp": 312, "atk": 196, "def": 174, "spa": 138, "spd": 157, "spe": 223}, "types": ["Normal"]}, "Mewtwo": {"name": "Mewtwo", "species": "Mewtwo", "speciesId": "mewtwo", "gender": "N", "shiny": false, "level": 72, "moves": ["recover", "psystrike", "nastyplot", "darkpulse"], "ability": "Pressure", "evs": {"hp": 85, "atk": 0, "def": 85, "spa": 85, "spd": 85, "spe": 85}, "ivs": {"hp": 31, "atk": 0, "def": 31, "spa": 31, "spd": 31, "spe": 31}, "item": "Life Orb", "teraType": "Dark", "role": "Setup Sweeper", "bvs": {"hp": 106, "atk": 110, "def": 90, "spa": 154, "spd": 90, "spe": 130}, "stats": {"hp": 272, "atk": 163, "def": 172, "spa": 264, "spd": 172, "spe": 229}, "types": ["Psychic"]}, "Slowbro": {"name": "Slowbro", "species": "Slowbro", "speciesId": "slowbro", "gender": "M", "shiny": false, "level": 85, "moves": ["fireblast", "scald", "psychicnoise", "bodypress"], "ability": "Regenerator", "evs": {"hp": 85, "atk": 0, "def": 85, "spa": 85, "spd": 85, "spe": 85}, "ivs": {"hp": 31, "atk": 0, "def": 31, "spa": 31, "spd": 31, "spe": 31}, "item": "Assault Vest", "teraType": "Fighting", "role": "AV Pivot", "bvs": {"hp": 95, "atk": 75, "def": 110, "spa": 100, "spd": 80, "spe": 30}, "stats": {"hp": 300, "atk": 132, "def": 236, "spa": 219, "spd": 185, "spe": 100}, "types": ["Water", "Psychic"]}, "Galvantula": {"name": "Galvantula", "species": "Galvantula", "speciesId": "galvantula", "gender": "F", "shiny": false, "level": 82, "moves": ["thunder", "stickyweb", "voltswitch", "bugbuzz"], "ability": "Compound Eyes", "evs": {"hp": 85, "atk": 0, "def": 85, "spa": 85, "spd": 85, "spe": 85}, "ivs": {"hp": 31, "atk": 0, "def": 31, "spa": 31, "spd": 31, "spe": 31}, "item": "Heavy-Duty Boots", "teraType": "Electric", "role": "Fast Support", "bvs": {"hp": 70, "atk": 77, "def": 60, "spa": 97, "spd": 60, "spe": 108}, "stats": {"hp": 249, "atk": 131, "def": 146, "spa": 206, "spd": 146, "spe": 224}, "types": ["Bug", "Electric"]}}]}