{"id": "gen9randombattle-2631434942", "format": "[Gen 9] Random Battle", "players": ["nocomment3", "twoblickys"], "log": "|j|\u2606nocomment3\n|j|\u2606twoblickys\n|t:|1781384273\n|gametype|singles\n|player|p1|nocomment3|2|2165\n|player|p2|twoblickys|2|2106\n|gen|9\n|tier|[Gen 9] Random Battle\n|rated|\n|rule|Species Clause: Limit one of each Pok\u00e9mon\n|rule|HP Percentage Mod: HP is shown in percentages\n|rule|Sleep Clause Mod: Limit one foe put to sleep\n|rule|Illusion Level Mod: Illusion disguises the Pok\u00e9mon's true level\n|\n|t:|1781384273\n|teamsize|p1|6\n|teamsize|p2|6\n|start\n|switch|p1a: Tinkaton|Tinkaton, L82, F|274/274\n|switch|p2a: Dialga|Dialga, L73|266/266\n|-ability|p1a: Tinkaton|Mold Breaker\n|-ability|p2a: Dialga|Pressure\n|turn|1\n|\n|t:|1781384289\n|switch|p1a: Poliwrath|Poliwrath, L88, F|302/302\n|move|p2a: Dialga|Thunder Wave|p1a: Poliwrath\n|-status|p1a: Poliwrath|par\n|\n|upkeep\n|turn|2\n|inactive|Battle timer is ON: inactive players will automatically lose when time's up. (requested by twoblickys)\n|\n|t:|1781384295\n|switch|p2a: Gallade|Gallade, L80, M|240/240\n|move|p1a: Poliwrath|Close Combat|p2a: Gallade\n|-resisted|p2a: Gallade\n|-damage|p2a: Gallade|124/240\n|-unboost|p1a: Poliwrath|def|1\n|-unboost|p1a: Poliwrath|spd|1\n|-damage|p1a: Poliwrath|272/302 par|[from] item: Life Orb\n|\n|upkeep\n|turn|3\n|\n|t:|1781384302\n|switch|p1a: Tinkaton|Tinkaton, L82, F|274/274\n|-ability|p1a: Tinkaton|Mold Breaker\n|move|p2a: Gallade|Sacred Sword|p1a: Tinkaton\n|-damage|p1a: Tinkaton|31/274\n|-damage|p2a: Gallade|100/240|[from] item: Life Orb\n|\n|-heal|p1a: Tinkaton|48/274|[from] item: Leftovers\n|upkeep\n|turn|4\n|\n|t:|1781384309\n|switch|p2a: Dialga|Dialga, L73|266/266\n|-ability|p2a: Dialga|Pressure\n|move|p1a: Tinkaton|Swords Dance|p1a: Tinkaton\n|-boost|p1a: Tinkaton|atk|2\n|\n|-heal|p1a: Tinkaton|65/274|[from] item: Leftovers\n|upkeep\n|turn|5\n|\n|t:|1781384316\n|move|p1a: Tinkaton|Play Rough|p2a: Dialga\n|-damage|p2a: Dialga|127/266\n|move|p2a: Dialga|Heavy Slam|p1a: Tinkaton\n|-damage|p1a: Tinkaton|0 fnt\n|faint|p1a: Tinkaton\n|\n|-heal|p2a: Dialga|143/266|[from] item: Leftovers\n|upkeep\n|\n|t:|1781384322\n|switch|p1a: Mesprit|Mesprit, L85|275/275\n|turn|6\n|\n|t:|1781384328\n|move|p1a: Mesprit|Trick|p2a: Dialga\n|-activate|p1a: Mesprit|move: Trick|[of] p2a: Dialga\n|-item|p2a: Dialga|Choice Scarf|[from] move: Trick\n|-item|p1a: Mesprit|Leftovers|[from] move: Trick\n|move|p2a: Dialga|Thunder Wave|p1a: Mesprit|[miss]\n|-miss|p2a: Dialga|p1a: Mesprit\n|\n|upkeep\n|turn|7\n|\n|t:|1781384334\n|switch|p2a: Gallade|Gallade, L80, M|100/240\n|switch|p1a: Poliwrath|Poliwrath, L88, F|272/302 par\n|\n|upkeep\n|turn|8\n|\n|t:|1781384339\n|switch|p1a: Mesprit|Mesprit, L85|275/275\n|move|p2a: Gallade|Night Slash|p1a: Mesprit\n|-supereffective|p1a: Mesprit\n|-damage|p1a: Mesprit|98/275\n|-damage|p2a: Gallade|76/240|[from] item: Life Orb\n|\n|-heal|p1a: Mesprit|115/275|[from] item: Leftovers\n|upkeep\n|turn|9\n|\n|t:|1781384344\n|switch|p2a: Dialga|Dialga, L73|143/266\n|-ability|p2a: Dialga|Pressure\n|move|p1a: Mesprit|Dazzling Gleam|p2a: Dialga\n|-damage|p2a: Dialga|72/266\n|\n|-heal|p1a: Mesprit|132/275|[from] item: Leftovers\n|upkeep\n|turn|10\n|\n|t:|1781384347\n|move|p2a: Dialga|Draco Meteor|p1a: Mesprit\n|-crit|p1a: Mesprit\n|-damage|p1a: Mesprit|0 fnt\n|-unboost|p2a: Dialga|spa|2\n|faint|p1a: Mesprit\n|\n|upkeep\n|\n|t:|1781384350\n|switch|p1a: Maushold|Maushold-Four, L76|238/238\n|turn|11\n|\n|t:|1781384356\n|switch|p2a: Quagsire|Quagsire, L84, M|297/297\n|move|p1a: Maushold|Tidy Up|p1a: Maushold\n|-boost|p1a: Maushold|atk|1\n|-boost|p1a: Maushold|spe|1\n|\n|upkeep\n|turn|12\n|\n|t:|1781384364\n|-terastallize|p1a: Maushold|Normal\n|move|p1a: Maushold|Population Bomb|p2a: Quagsire\n|-damage|p2a: Quagsire|269/297\n|-damage|p2a: Quagsire|239/297\n|-damage|p2a: Quagsire|207/297\n|-damage|p2a: Quagsire|177/297\n|-damage|p2a: Quagsire|145/297\n|-damage|p2a: Quagsire|117/297\n|-damage|p2a: Quagsire|87/297\n|-damage|p2a: Quagsire|59/297\n|-damage|p2a: Quagsire|31/297\n|-damage|p2a: Quagsire|0 fnt\n|faint|p2a: Quagsire\n|-hitcount|p2: Quagsire|10\n|\n|upkeep\n|inactive|twoblickys has 120 seconds left.\n|inactive|twoblickys has 90 seconds left.\n|\n|t:|1781384430\n|switch|p2a: Lucario|Lucario, L84, M|255/255\n|turn|13\n|\n|t:|1781384444\n|switch|p1a: Toxapex|Toxapex, L82, M|216/216\n|-terastallize|p2a: Lucario|Fighting\n|move|p2a: Lucario|Vacuum Wave|p1a: Toxapex\n|-resisted|p1a: Toxapex\n|-damage|p1a: Toxapex|186/216\n|-damage|p2a: Lucario|230/255|[from] item: Life Orb\n|\n|-heal|p1a: Toxapex|199/216|[from] item: Leftovers\n|upkeep\n|turn|14\n|inactive|twoblickys has 90 seconds left.\n|\n|t:|1781384460\n|switch|p2a: Phione|Phione, L91|293/293\n|move|p1a: Toxapex|Toxic Spikes|p2a: Phione\n|-sidestart|p2: twoblickys|move: Toxic Spikes\n|\n|-heal|p1a: Toxapex|212/216|[from] item: Leftovers\n|upkeep\n|turn|15\n|inactive|twoblickys has 90 seconds left.\n|\n|t:|1781384472\n|switch|p2a: Gallade|Gallade, L80, M|76/240\n|-status|p2a: Gallade|psn\n|switch|p1a: Poliwrath|Poliwrath, L88, F|272/302 par\n|\n|-damage|p2a: Gallade|46/240 psn|[from] psn\n|upkeep\n|turn|16\n|\n|t:|1781384499\n|switch|p1a: Toxapex|Toxapex, L82, M|216/216\n|move|p2a: Gallade|Psycho Cut|p1a: Toxapex\n|-supereffective|p1a: Toxapex\n|-damage|p1a: Toxapex|0 fnt\n|faint|p1a: Toxapex\n|-damage|p2a: Gallade|22/240 psn|[from] item: Life Orb\n|\n|-damage|p2a: Gallade|0 fnt|[from] psn\n|faint|p2a: Gallade\n|upkeep\n|\n|t:|1781384514\n|switch|p2a: Mewtwo|Mewtwo, L72|272/272\n|switch|p1a: Poliwrath|Poliwrath, L88, F|272/302 par\n|-status|p2a: Mewtwo|psn\n|-ability|p2a: Mewtwo|Pressure\n|turn|17\n|\n|t:|1781384518\n|move|p2a: Mewtwo|Psystrike|p1a: Poliwrath\n|-supereffective|p1a: Poliwrath\n|-damage|p1a: Poliwrath|7/302 par\n|-damage|p2a: Mewtwo|245/272 psn|[from] item: Life Orb\n|cant|p1a: Poliwrath|par\n|\n|-damage|p2a: Mewtwo|211/272 psn|[from] psn\n|upkeep\n|turn|18\n|\n|t:|1781384521\n|move|p2a: Mewtwo|Psystrike|p1a: Poliwrath\n|-supereffective|p1a: Poliwrath\n|-damage|p1a: Poliwrath|0 fnt\n|faint|p1a: Poliwrath\n|-damage|p2a: Mewtwo|184/272 psn|[from] item: Life Orb\n|\n|-damage|p2a: Mewtwo|150/272 psn|[from] psn\n|upkeep\n|\n|t:|1781384528\n|switch|p1a: Magearna|Magearna, L77|250/250\n|turn|19\n|\n|t:|1781384533\n|move|p2a: Mewtwo|Aura Sphere|p1a: Magearna\n|-damage|p1a: Magearna|177/250\n|-damage|p2a: Mewtwo|123/272 psn|[from] item: Life Orb\n|move|p1a: Magearna|Shift Gear|p1a: Magearna\n|-boost|p1a: Magearna|spe|2\n|-boost|p1a: Magearna|atk|1\n|\n|-damage|p2a: Mewtwo|89/272 psn|[from] psn\n|upkeep\n|turn|20\n|\n|t:|1781384545\n|move|p1a: Magearna|Shift Gear|p1a: Magearna\n|-boost|p1a: Magearna|spe|2\n|-boost|p1a: Magearna|atk|1\n|move|p2a: Mewtwo|Aura Sphere|p1a: Magearna\n|-damage|p1a: Magearna|107/250\n|-damage|p2a: Mewtwo|62/272 psn|[from] item: Life Orb\n|\n|-damage|p2a: Mewtwo|28/272 psn|[from] psn\n|upkeep\n|turn|21\n|\n|t:|1781384548\n|move|p1a: Magearna|Iron Head|p2a: Mewtwo\n|-damage|p2a: Mewtwo|0 fnt\n|faint|p2a: Mewtwo\n|-ability|p1a: Magearna|Soul-Heart|boost\n|-boost|p1a: Magearna|spa|1\n|\n|upkeep\n|\n|t:|1781384557\n|switch|p2a: Phione|Phione, L91|293/293\n|-status|p2a: Phione|psn\n|turn|22\n|\n|t:|1781384566\n|move|p1a: Magearna|Iron Head|p2a: Phione\n|-resisted|p2a: Phione\n|-damage|p2a: Phione|226/293 psn\n|move|p2a: Phione|Scald|p1a: Magearna\n|-damage|p1a: Magearna|29/250\n|\n|-heal|p2a: Phione|244/293 psn|[from] item: Leftovers\n|-damage|p2a: Phione|208/293 psn|[from] psn\n|upkeep\n|turn|23\n|\n|t:|1781384580\n|move|p1a: Magearna|Fleur Cannon|p2a: Phione\n|-damage|p2a: Phione|0 fnt\n|-unboost|p1a: Magearna|spa|2\n|faint|p2a: Phione\n|-ability|p1a: Magearna|Soul-Heart|boost\n|-boost|p1a: Magearna|spa|1\n|\n|upkeep\n|\n|t:|1781384586\n|switch|p2a: Lucario|Lucario, L84, M, tera:Fighting|230/255\n|-status|p2a: Lucario|psn\n|turn|24\n|\n|t:|1781384588\n|move|p2a: Lucario|Vacuum Wave|p1a: Magearna\n|-damage|p1a: Magearna|0 fnt\n|faint|p1a: Magearna\n|-damage|p2a: Lucario|205/255 psn|[from] item: Life Orb\n|\n|-damage|p2a: Lucario|174/255 psn|[from] psn\n|upkeep\n|\n|t:|1781384590\n|switch|p1a: Maushold|Maushold-Four, L76, tera:Normal|238/238\n|turn|25\n|\n|t:|1781384591\n|move|p2a: Lucario|Vacuum Wave|p1a: Maushold\n|-supereffective|p1a: Maushold\n|-damage|p1a: Maushold|40/238\n|-damage|p2a: Lucario|149/255 psn|[from] item: Life Orb\n|move|p1a: Maushold|Population Bomb|p2a: Lucario\n|-damage|p2a: Lucario|111/255 psn\n|-damage|p2a: Lucario|71/255 psn\n|-damage|p2a: Lucario|37/255 psn\n|-damage|p2a: Lucario|0 fnt\n|faint|p2a: Lucario\n|-hitcount|p2: Lucario|4\n|\n|upkeep\n|\n|t:|1781384593\n|switch|p2a: Dialga|Dialga, L73|72/266\n|-ability|p2a: Dialga|Pressure\n|turn|26\n|\n|t:|1781384599\n|move|p2a: Dialga|Heavy Slam|p1a: Maushold\n|-damage|p1a: Maushold|0 fnt\n|faint|p1a: Maushold\n|\n|win|twoblickys\n", "inputlog": ">version a8376a258c1d4662feba110a92103f3664a72141\n>start {\"formatid\":\"gen9randombattle\",\"seed\":\"sodium,2518bf8d2c0eb4adaad91cbccf31ab7b\",\"rated\":\"Rated battle\"}\n>player p1 {\"name\":\"nocomment3\",\"avatar\":\"2\",\"rating\":2165,\"seed\":\"sodium,14874142cd367147160637770aa812a6\"}\n>player p2 {\"name\":\"twoblickys\",\"avatar\":\"2\",\"rating\":2106,\"seed\":\"sodium,1d2f5c8ce2ef4ce3c9f956178f8ac902\"}\n>p1 switch 3\n>p2 move thunderwave\n>p1 move closecombat\n>p2 switch 2\n>p1 switch 3\n>p2 move sacredsword\n>p1 move swordsdance\n>p2 switch 2\n>p1 move playrough\n>p2 move heavyslam\n>p1 switch 5\n>p1 move trick\n>p2 move thunderwave\n>p1 switch 3\n>p2 switch 2\n>p1 switch 3\n>p2 move nightslash\n>p1 move dazzlinggleam\n>p2 switch 2\n>p1 move dazzlinggleam\n>p2 move dracometeor\n>p1 switch 6\n>p1 move tidyup\n>p2 switch 5\n>p1 move populationbomb terastallize\n>p2 move earthquake\n>p2 switch 4\n>p1 switch 4\n>p2 move vacuumwave terastallize\n>p1 move toxicspikes\n>p2 switch 6\n>p1 switch 3\n>p2 switch 2\n>p1 switch 3\n>p2 move psychocut\n>p1 switch 3\n>p2 switch 3\n>p1 move knockoff\n>p2 move psystrike\n>p1 move knockoff\n>p2 move psystrike\n>p1 switch 2\n>p1 move shiftgear\n>p2 move aurasphere\n>p1 move shiftgear\n>p2 move aurasphere\n>p1 move ironhead\n>p2 move aurasphere\n>p2 switch 2\n>p1 move ironhead\n>p2 move scald\n>p1 move fleurcannon\n>p2 move takeheart\n>p2 switch 6\n>p1 move ironhead\n>p2 move vacuumwave\n>p1 switch 4\n>p1 move populationbomb\n>p2 move vacuumwave\n>p2 switch 5\n>p1 move populationbomb\n>p2 move heavyslam", "uploadtime": 1781384274, "views": 12, "formatid": "gen9randombattle", "rating": null, "private": 0, "password": null, "player_dets": [{"name": "nocomment3", "avatar": "2", "rating": 2165, "seed": "sodium,14874142cd367147160637770aa812a6"}, {"name": "twoblickys", "avatar": "2", "rating": 2106, "seed": "sodium,1d2f5c8ce2ef4ce3c9f956178f8ac902"}], "teams_full": [{"Tinkaton": {"name": "Tinkaton", "species": "Tinkaton", "speciesId": "tinkaton", "gender": "F", "shiny": false, "level": 82, "moves": ["gigatonhammer", "playrough", "swordsdance", "protect"], "ability": "Mold Breaker", "evs": {"hp": 85, "atk": 85, "def": 85, "spa": 85, "spd": 85, "spe": 85}, "ivs": {"hp": 31, "atk": 31, "def": 31, "spa": 31, "spd": 31, "spe": 31}, "item": "Leftovers", "teraType": "Steel", "role": "Bulky Setup", "bvs": {"hp": 85, "atk": 75, "def": 77, "spa": 70, "spd": 105, "spe": 94}, "stats": {"hp": 274, "atk": 170, "def": 173, "spa": 162, "spd": 219, "spe": 201}, "types": ["Fairy", "Steel"]}, "Magearna": {"name": "Magearna", "species": "Magearna", "speciesId": "magearna", "gender": "N", "shiny": false, "level": 77, "moves": ["ironhead", "terablast", "fleurcannon", "shiftgear"], "ability": "Soul-Heart", "evs": {"hp": 85, "atk": 85, "def": 85, "spa": 85, "spd": 85, "spe": 85}, "ivs": {"hp": 31, "atk": 31, "def": 31, "spa": 31, "spd": 31, "spe": 31}, "item": "Weakness Policy", "teraType": "Ground", "role": "Tera Blast user", "bvs": {"hp": 80, "atk": 95, "def": 115, "spa": 130, "spd": 115, "spe": 65}, "stats": {"hp": 250, "atk": 191, "def": 222, "spa": 245, "spd": 222, "spe": 145}, "types": ["Steel", "Fairy"]}, "Poliwrath": {"name": "Poliwrath", "species": "Poliwrath", "speciesId": "poliwrath", "gender": "F", "shiny": false, "level": 88, "moves": ["liquidation", "closecombat", "knockoff", "raindance"], "ability": "Swift Swim", "evs": {"hp": 85, "atk": 85, "def": 85, "spa": 85, "spd": 85, "spe": 85}, "ivs": {"hp": 31, "atk": 31, "def": 31, "spa": 31, "spd": 31, "spe": 31}, "item": "Life Orb", "teraType": "Water", "role": "Setup Sweeper", "bvs": {"hp": 90, "atk": 95, "def": 95, "spa": 70, "spd": 90, "spe": 70}, "stats": {"hp": 302, "atk": 217, "def": 217, "spa": 173, "spd": 209, "spe": 173}, "types": ["Water", "Fighting"]}, "Toxapex": {"name": "Toxapex", "species": "Toxapex", "speciesId": "toxapex", "gender": "M", "shiny": false, "level": 82, "moves": ["recover", "toxicspikes", "haze", "liquidation"], "ability": "Regenerator", "evs": {"hp": 85, "atk": 85, "def": 85, "spa": 85, "spd": 85, "spe": 85}, "ivs": {"hp": 31, "atk": 31, "def": 31, "spa": 31, "spd": 31, "spe": 31}, "item": "Leftovers", "teraType": "Flying", "role": "Bulky Support", "bvs": {"hp": 50, "atk": 63, "def": 152, "spa": 53, "spd": 142, "spe": 35}, "stats": {"hp": 216, "atk": 150, "def": 296, "spa": 134, "spd": 280, "spe": 105}, "types": ["Poison", "Water"]}, "Mesprit": {"name": "Mesprit", "species": "Mesprit", "speciesId": "mesprit", "gender": "N", "shiny": false, "level": 85, "moves": ["psychic", "trick", "dazzlinggleam", "icebeam"], "ability": "Levitate", "evs": {"hp": 85, "atk": 0, "def": 85, "spa": 85, "spd": 85, "spe": 85}, "ivs": {"hp": 31, "atk": 0, "def": 31, "spa": 31, "spd": 31, "spe": 31}, "item": "Choice Scarf", "teraType": "Fairy", "role": "Fast Attacker", "bvs": {"hp": 80, "atk": 105, "def": 105, "spa": 105, "spd": 105, "spe": 80}, "stats": {"hp": 275, "atk": 183, "def": 227, "spa": 227, "spd": 227, "spe": 185}, "types": ["Psychic"]}, "Maushold": {"name": "Maushold", "species": "Maushold-Four", "speciesId": "maushold", "gender": "N", "shiny": false, "level": 76, "moves": ["bite", "encore", "populationbomb", "tidyup"], "ability": "Technician", "evs": {"hp": 85, "atk": 85, "def": 85, "spa": 85, "spd": 85, "spe": 85}, "ivs": {"hp": 31, "atk": 31, "def": 31, "spa": 31, "spd": 31, "spe": 31}, "item": "Wide Lens", "teraType": "Normal", "role": "Setup Sweeper", "bvs": {"hp": 74, "atk": 75, "def": 70, "spa": 65, "spd": 75, "spe": 111}, "stats": {"hp": 238, "atk": 158, "def": 150, "spa": 143, "spd": 158, "spe": 213}, "types": ["Normal"]}}, {"Dialga": {"name": "Dialga", "species": "Dialga", "speciesId": "dialga", "gender": "N", "shiny": false, "level": 73, "moves": ["stealthrock", "thunderwave", "heavyslam", "dracometeor"], "ability": "Pressure", "evs": {"hp": 85, "atk": 85, "def": 85, "spa": 85, "spd": 85, "spe": 85}, "ivs": {"hp": 31, "atk": 31, "def": 31, "spa": 31, "spd": 31, "spe": 31}, "item": "Leftovers", "teraType": "Steel", "role": "Bulky Attacker", "bvs": {"hp": 100, "atk": 120, "def": 120, "spa": 150, "spd": 100, "spe": 90}, "stats": {"hp": 266, "atk": 218, "def": 218, "spa": 261, "spd": 188, "spe": 174}, "types": ["Steel", "Dragon"]}, "Gallade": {"name": "Gallade", "species": "Gallade", "speciesId": "gallade", "gender": "M", "shiny": false, "level": 80, "moves": ["psychocut", "agility", "sacredsword", "nightslash"], "ability": "Sharpness", "evs": {"hp": 85, "atk": 85, "def": 85, "spa": 85, "spd": 85, "spe": 85}, "ivs": {"hp": 31, "atk": 31, "def": 31, "spa": 31, "spd": 31, "spe": 31}, "item": "Life Orb", "teraType": "Fighting", "role": "Setup Sweeper", "bvs": {"hp": 68, "atk": 125, "def": 65, "spa": 65, "spd": 115, "spe": 80}, "stats": {"hp": 240, "atk": 246, "def": 150, "spa": 150, "spd": 230, "spe": 174}, "types": ["Psychic", "Fighting"]}, "Mewtwo": {"name": "Mewtwo", "species": "Mewtwo", "speciesId": "mewtwo", "gender": "N", "shiny": false, "level": 72, "moves": ["nastyplot", "recover", "psystrike", "aurasphere"], "ability": "Pressure", "evs": {"hp": 85, "atk": 0, "def": 85, "spa": 85, "spd": 85, "spe": 85}, "ivs": {"hp": 31, "atk": 0, "def": 31, "spa": 31, "spd": 31, "spe": 31}, "item": "Life Orb", "teraType": "Fighting", "role": "Setup Sweeper", "bvs": {"hp": 106, "atk": 110, "def": 90, "spa": 154, "spd": 90, "spe": 130}, "stats": {"hp": 272, "atk": 163, "def": 172, "spa": 264, "spd": 172, "spe": 229}, "types": ["Psychic"]}, "Lucario": {"name": "Lucario", "species": "Lucario", "speciesId": "lucario", "gender": "M", "shiny": false, "level": 84, "moves": ["nastyplot", "flashcannon", "focusblast", "vacuumwave"], "ability": "Inner Focus", "evs": {"hp": 85, "atk": 0, "def": 85, "spa": 85, "spd": 85, "spe": 85}, "ivs": {"hp": 31, "atk": 0, "def": 31, "spa": 31, "spd": 31, "spe": 31}, "item": "Life Orb", "teraType": "Fighting", "role": "Setup Sweeper", "bvs": {"hp": 70, "atk": 110, "def": 70, "spa": 115, "spd": 70, "spe": 90}, "stats": {"hp": 255, "atk": 189, "def": 166, "spa": 241, "spd": 166, "spe": 199}, "types": ["Fighting", "Steel"]}, "Quagsire": {"name": "Quagsire", "species": "Quagsire", "speciesId": "quagsire", "gender": "M", "shiny": false, "level": 84, "moves": ["icebeam", "recover", "earthquake", "toxic"], "ability": "Unaware", "evs": {"hp": 85, "atk": 85, "def": 85, "spa": 85, "spd": 85, "spe": 85}, "ivs": {"hp": 31, "atk": 31, "def": 31, "spa": 31, "spd": 31, "spe": 31}, "item": "Leftovers", "teraType": "Fairy", "role": "Bulky Support", "bvs": {"hp": 95, "atk": 85, "def": 85, "spa": 65, "spd": 65, "spe": 35}, "stats": {"hp": 297, "atk": 191, "def": 191, "spa": 157, "spd": 157, "spe": 107}, "types": ["Water", "Ground"]}, "Phione": {"name": "Phione", "species": "Phione", "speciesId": "phione", "gender": "N", "shiny": false, "level": 91, "moves": ["grassknot", "scald", "icebeam", "takeheart"], "ability": "Hydration", "evs": {"hp": 85, "atk": 0, "def": 85, "spa": 85, "spd": 85, "spe": 85}, "ivs": {"hp": 31, "atk": 0, "def": 31, "spa": 31, "spd": 31, "spe": 31}, "item": "Leftovers", "teraType": "Grass", "role": "Bulky Attacker", "bvs": {"hp": 80, "atk": 80, "def": 80, "spa": 80, "spd": 80, "spe": 80}, "stats": {"hp": 293, "atk": 150, "def": 197, "spa": 197, "spd": 197, "spe": 197}, "types": ["Water"]}}]}