{"id": "gen9randombattle-2631893480", "format": "[Gen 9] Random Battle", "players": ["Turquoise143", "xcom-jenkins"], "log": "|j|\u2606Turquoise143\n|j|\u2606xcom-jenkins\n|t:|1781452847\n|gametype|singles\n|player|p1|Turquoise143|169|1450\n|player|p2|xcom-jenkins|265|1475\n|gen|9\n|tier|[Gen 9] Random Battle\n|rated|\n|rule|Species Clause: Limit one of each Pok\u00e9mon\n|rule|HP Percentage Mod: HP is shown in percentages\n|rule|Sleep Clause Mod: Limit one foe put to sleep\n|rule|Illusion Level Mod: Illusion disguises the Pok\u00e9mon's true level\n|\n|t:|1781452847\n|teamsize|p1|6\n|teamsize|p2|6\n|start\n|switch|p1a: Salazzle|Salazzle, L83, F|249/249\n|switch|p2a: Hydreigon|Hydreigon, L79, F|275/275\n|turn|1\n|inactive|Battle timer is ON: inactive players will automatically lose when time's up. (requested by Turquoise143)\n|\n|t:|1781452866\n|switch|p1a: Lokix|Lokix, L82, F|251/251\n|move|p2a: Hydreigon|Dark Pulse|p1a: Lokix\n|-resisted|p1a: Lokix\n|-crit|p1a: Lokix\n|-damage|p1a: Lokix|157/251\n|\n|upkeep\n|turn|2\n|inactive|xcom-jenkins has 120 seconds left.\n|\n|t:|1781452898\n|switch|p2a: Gurdurr|Gurdurr, L85, M|283/283\n|move|p1a: Lokix|First Impression|p2a: Gurdurr\n|-resisted|p2a: Gurdurr\n|-damage|p2a: Gurdurr|208/283\n|-damage|p1a: Lokix|132/251|[from] item: Life Orb\n|\n|upkeep\n|turn|3\n|\n|t:|1781452908\n|move|p1a: Lokix|Knock Off|p2a: Gurdurr\n|-resisted|p2a: Gurdurr\n|-damage|p2a: Gurdurr|125/283\n|-enditem|p2a: Gurdurr|Eviolite|[from] move: Knock Off|[of] p1a: Lokix\n|-damage|p1a: Lokix|107/251|[from] item: Life Orb\n|move|p2a: Gurdurr|Knock Off|p1a: Lokix\n|-resisted|p1a: Lokix\n|-damage|p1a: Lokix|62/251\n|-enditem|p1a: Lokix|Life Orb|[from] move: Knock Off|[of] p2a: Gurdurr\n|\n|upkeep\n|turn|4\n|\n|t:|1781452921\n|move|p1a: Lokix|Leech Life|p2a: Gurdurr\n|-resisted|p2a: Gurdurr\n|-damage|p2a: Gurdurr|47/283\n|-heal|p1a: Lokix|101/251|[from] drain|[of] p2a: Gurdurr\n|move|p2a: Gurdurr|Knock Off|p1a: Lokix\n|-resisted|p1a: Lokix\n|-damage|p1a: Lokix|71/251\n|\n|upkeep\n|turn|5\n|\n|t:|1781452929\n|move|p2a: Gurdurr|Mach Punch|p1a: Lokix\n|-damage|p1a: Lokix|20/251\n|move|p1a: Lokix|Leech Life|p2a: Gurdurr\n|-resisted|p2a: Gurdurr\n|-damage|p2a: Gurdurr|0 fnt\n|-heal|p1a: Lokix|44/251|[from] drain|[of] p2a: Gurdurr\n|faint|p2a: Gurdurr\n|\n|upkeep\n|\n|t:|1781452943\n|switch|p2a: Lucario|Lucario, L84, M|255/255\n|turn|6\n|\n|t:|1781452956\n|switch|p1a: Salazzle|Salazzle, L83, F|249/249\n|move|p2a: Lucario|Swords Dance|p2a: Lucario\n|-boost|p2a: Lucario|atk|2\n|\n|upkeep\n|turn|7\n|\n|t:|1781452966\n|-terastallize|p2a: Lucario|Normal\n|move|p2a: Lucario|Extreme Speed|p1a: Salazzle\n|-damage|p1a: Salazzle|0 fnt\n|faint|p1a: Salazzle\n|-damage|p2a: Lucario|230/255|[from] item: Life Orb\n|\n|upkeep\n|\n|t:|1781452990\n|switch|p1a: Regidrago|Regidrago, L77|435/435\n|turn|8\n|inactive|Turquoise143 has 120 seconds left.\n|\n|t:|1781453011\n|-terastallize|p1a: Regidrago|Dragon\n|move|p2a: Lucario|Close Combat|p1a: Regidrago\n|-damage|p1a: Regidrago|0 fnt\n|-unboost|p2a: Lucario|def|1\n|-unboost|p2a: Lucario|spd|1\n|faint|p1a: Regidrago\n|-damage|p2a: Lucario|205/255|[from] item: Life Orb\n|\n|upkeep\n|inactive|Turquoise143 has 120 seconds left.\n|\n|t:|1781453024\n|switch|p1a: Lokix|Lokix, L82, F|44/251\n|turn|9\n|inactive|Turquoise143 has 120 seconds left.\n|\n|t:|1781453030\n|move|p2a: Lucario|Extreme Speed|p1a: Lokix\n|-damage|p1a: Lokix|0 fnt\n|faint|p1a: Lokix\n|-damage|p2a: Lucario|180/255|[from] item: Life Orb\n|\n|upkeep\n|inactive|Turquoise143 has 120 seconds left.\n|\n|t:|1781453037\n|switch|p1a: Granbull|Granbull, L88, M|302/302\n|-ability|p1a: Granbull|Intimidate|boost\n|-unboost|p2a: Lucario|atk|1\n|turn|10\n|\n|t:|1781453045\n|move|p2a: Lucario|Meteor Mash|p1a: Granbull\n|-supereffective|p1a: Granbull\n|-damage|p1a: Granbull|0 fnt\n|faint|p1a: Granbull\n|-damage|p2a: Lucario|155/255|[from] item: Life Orb\n|\n|upkeep\n|-message|Turquoise143 forfeited.\n|\n|win|xcom-jenkins\n|raw|Turquoise143's rating: 1450 &rarr; <strong>1431</strong><br />(-19 for losing)\n|raw|xcom-jenkins's rating: 1475 &rarr; <strong>1494</strong><br />(+19 for winning)\n|l|\u2606Turquoise143\n|player|p1|\n", "inputlog": ">version a8376a258c1d4662feba110a92103f3664a72141\n>start {\"formatid\":\"gen9randombattle\",\"seed\":\"sodium,facbaa723f7e97b3d6c3a27734a03217\",\"rated\":\"Rated battle\"}\n>player p1 {\"name\":\"Turquoise143\",\"avatar\":\"169\",\"rating\":1450,\"seed\":\"sodium,3901e0886d61ae9ba869a49f68f73d92\"}\n>player p2 {\"name\":\"xcom-jenkins\",\"avatar\":\"265\",\"rating\":1475,\"seed\":\"sodium,d05f6756b65f0b9da8825cbbd81503c8\"}\n>p1 switch 4\n>p2 move darkpulse\n>p1 move firstimpression\n>p2 switch 3\n>p1 move knockoff\n>p2 move knockoff\n>p1 move leechlife\n>p2 move knockoff\n>p1 move leechlife\n>p2 move machpunch\n>p2 switch 2\n>p1 switch 4\n>p2 move swordsdance\n>p1 move fireblast\n>p2 move extremespeed terastallize\n>p1 switch 2\n>p1 move dracometeor terastallize\n>p2 move closecombat\n>p1 switch 4\n>p1 move firstimpression\n>p2 move extremespeed\n>p1 switch 6\n>p1 move playrough\n>p2 move meteormash\n>forcelose p1", "uploadtime": 1781453053, "views": 6, "formatid": "gen9randombattle", "rating": 1431, "private": 0, "password": null, "player_dets": [{"name": "Turquoise143", "avatar": "169", "rating": 1450, "seed": "sodium,3901e0886d61ae9ba869a49f68f73d92"}, {"name": "xcom-jenkins", "avatar": "265", "rating": 1475, "seed": "sodium,d05f6756b65f0b9da8825cbbd81503c8"}], "teams_full": [{"Salazzle": {"name": "Salazzle", "species": "Salazzle", "speciesId": "salazzle", "gender": "F", "shiny": false, "level": 83, "moves": ["nastyplot", "terablast", "sludgewave", "fireblast"], "ability": "Corrosion", "evs": {"hp": 85, "atk": 0, "def": 85, "spa": 85, "spd": 85, "spe": 85}, "ivs": {"hp": 31, "atk": 0, "def": 31, "spa": 31, "spd": 31, "spe": 31}, "item": "Heavy-Duty Boots", "teraType": "Grass", "role": "Tera Blast user", "bvs": {"hp": 68, "atk": 64, "def": 60, "spa": 111, "spd": 60, "spe": 117}, "stats": {"hp": 249, "atk": 111, "def": 147, "spa": 232, "spd": 147, "spe": 242}}, "Regidrago": {"name": "Regidrago", "species": "Regidrago", "speciesId": "regidrago", "gender": "N", "shiny": false, "level": 77, "moves": ["earthquake", "outrage", "dragondance", "dracometeor"], "ability": "Dragon's Maw", "evs": {"hp": 85, "atk": 85, "def": 85, "spa": 85, "spd": 85, "spe": 85}, "ivs": {"hp": 31, "atk": 31, "def": 31, "spa": 31, "spd": 31, "spe": 31}, "item": "Lum Berry", "teraType": "Dragon", "role": "Setup Sweeper", "bvs": {"hp": 200, "atk": 100, "def": 50, "spa": 100, "spd": 50, "spe": 80}, "stats": {"hp": 435, "atk": 199, "def": 122, "spa": 199, "spd": 122, "spe": 168}}, "Ursaring": {"name": "Ursaring", "species": "Ursaring", "speciesId": "ursaring", "gender": "F", "shiny": false, "level": 84, "moves": ["throatchop", "bodyslam", "sleeptalk", "rest"], "ability": "Guts", "evs": {"hp": 85, "atk": 85, "def": 85, "spa": 85, "spd": 85, "spe": 85}, "ivs": {"hp": 31, "atk": 31, "def": 31, "spa": 31, "spd": 31, "spe": 31}, "item": "Eviolite", "teraType": "Ghost", "role": "Bulky Attacker", "bvs": {"hp": 90, "atk": 130, "def": 75, "spa": 75, "spd": 75, "spe": 55}, "stats": {"hp": 288, "atk": 267, "def": 174, "spa": 174, "spd": 174, "spe": 141}}, "Lokix": {"name": "Lokix", "species": "Lokix", "speciesId": "lokix", "gender": "F", "shiny": false, "level": 82, "moves": ["suckerpunch", "leechlife", "knockoff", "firstimpression"], "ability": "Tinted Lens", "evs": {"hp": 85, "atk": 85, "def": 85, "spa": 85, "spd": 85, "spe": 85}, "ivs": {"hp": 31, "atk": 31, "def": 31, "spa": 31, "spd": 31, "spe": 31}, "item": "Life Orb", "teraType": "Bug", "role": "Wallbreaker", "bvs": {"hp": 71, "atk": 102, "def": 78, "spa": 52, "spd": 55, "spe": 92}, "stats": {"hp": 251, "atk": 214, "def": 175, "spa": 132, "spd": 137, "spe": 198}}, "Samurott": {"name": "Samurott", "species": "Samurott", "speciesId": "samurott", "gender": "M", "shiny": false, "level": 88, "moves": ["hydropump", "sacredsword", "megahorn", "flipturn"], "ability": "Torrent", "evs": {"hp": 85, "atk": 85, "def": 85, "spa": 85, "spd": 85, "spe": 85}, "ivs": {"hp": 31, "atk": 31, "def": 31, "spa": 31, "spd": 31, "spe": 31}, "item": "Assault Vest", "teraType": "Water", "role": "AV Pivot", "bvs": {"hp": 95, "atk": 100, "def": 85, "spa": 108, "spd": 70, "spe": 70}, "stats": {"hp": 310, "atk": 226, "def": 200, "spa": 240, "spd": 173, "spe": 173}}, "Granbull": {"name": "Granbull", "species": "Granbull", "speciesId": "granbull", "gender": "M", "shiny": false, "level": 88, "moves": ["playrough", "thunderwave", "earthquake", "roar"], "ability": "Intimidate", "evs": {"hp": 85, "atk": 85, "def": 85, "spa": 85, "spd": 85, "spe": 85}, "ivs": {"hp": 31, "atk": 31, "def": 31, "spa": 31, "spd": 31, "spe": 31}, "item": "Leftovers", "teraType": "Ground", "role": "Bulky Support", "bvs": {"hp": 90, "atk": 120, "def": 75, "spa": 60, "spd": 60, "spe": 45}, "stats": {"hp": 302, "atk": 261, "def": 182, "spa": 156, "spd": 156, "spe": 129}}}, {"Hydreigon": {"name": "Hydreigon", "species": "Hydreigon", "speciesId": "hydreigon", "gender": "F", "shiny": false, "level": 79, "moves": ["darkpulse", "flashcannon", "fireblast", "dracometeor"], "ability": "Levitate", "evs": {"hp": 85, "atk": 0, "def": 85, "spa": 85, "spd": 85, "spe": 85}, "ivs": {"hp": 31, "atk": 0, "def": 31, "spa": 31, "spd": 31, "spe": 31}, "item": "Choice Scarf", "teraType": "Dark", "role": "Fast Attacker", "bvs": {"hp": 92, "atk": 105, "def": 90, "spa": 125, "spd": 90, "spe": 98}, "stats": {"hp": 275, "atk": 170, "def": 188, "spa": 243, "spd": 188, "spe": 200}}, "Lucario": {"name": "Lucario", "species": "Lucario", "speciesId": "lucario", "gender": "M", "shiny": false, "level": 84, "moves": ["swordsdance", "meteormash", "extremespeed", "closecombat"], "ability": "Justified", "evs": {"hp": 85, "atk": 85, "def": 85, "spa": 85, "spd": 85, "spe": 85}, "ivs": {"hp": 31, "atk": 31, "def": 31, "spa": 31, "spd": 31, "spe": 31}, "item": "Life Orb", "teraType": "Normal", "role": "Fast Attacker", "bvs": {"hp": 70, "atk": 110, "def": 70, "spa": 115, "spd": 70, "spe": 90}, "stats": {"hp": 255, "atk": 233, "def": 166, "spa": 241, "spd": 166, "spe": 199}}, "Gurdurr": {"name": "Gurdurr", "species": "Gurdurr", "speciesId": "gurdurr", "gender": "M", "shiny": false, "level": 85, "moves": ["knockoff", "defog", "drainpunch", "machpunch"], "ability": "Guts", "evs": {"hp": 85, "atk": 85, "def": 85, "spa": 85, "spd": 85, "spe": 85}, "ivs": {"hp": 31, "atk": 31, "def": 31, "spa": 31, "spd": 31, "spe": 31}, "item": "Eviolite", "teraType": "Steel", "role": "Bulky Attacker", "bvs": {"hp": 85, "atk": 105, "def": 85, "spa": 40, "spd": 50, "spe": 40}, "stats": {"hp": 283, "atk": 227, "def": 193, "spa": 117, "spd": 134, "spe": 117}}, "Rampardos": {"name": "Rampardos", "species": "Rampardos", "speciesId": "rampardos", "gender": "M", "shiny": false, "level": 90, "moves": ["zenheadbutt", "earthquake", "rockslide", "firepunch"], "ability": "Sheer Force", "evs": {"hp": 85, "atk": 85, "def": 85, "spa": 85, "spd": 85, "spe": 85}, "ivs": {"hp": 31, "atk": 31, "def": 31, "spa": 31, "spd": 31, "spe": 31}, "item": "Life Orb", "teraType": "Rock", "role": "Wallbreaker", "bvs": {"hp": 97, "atk": 165, "def": 60, "spa": 65, "spd": 50, "spe": 58}, "stats": {"hp": 321, "atk": 348, "def": 159, "spa": 168, "spd": 141, "spe": 156}}, "Palkia": {"name": "Palkia", "species": "Palkia", "speciesId": "palkia", "gender": "N", "shiny": false, "level": 75, "moves": ["spacialrend", "hydropump", "fireblast", "dracometeor"], "ability": "Pressure", "evs": {"hp": 85, "atk": 0, "def": 85, "spa": 85, "spd": 85, "spe": 85}, "ivs": {"hp": 31, "atk": 0, "def": 31, "spa": 31, "spd": 31, "spe": 31}, "item": "Choice Scarf", "teraType": "Water", "role": "Fast Attacker", "bvs": {"hp": 90, "atk": 120, "def": 100, "spa": 150, "spd": 120, "spe": 100}, "stats": {"hp": 259, "atk": 185, "def": 194, "spa": 269, "spd": 224, "spe": 194}}, "Houndstone": {"name": "Houndstone", "species": "Houndstone", "speciesId": "houndstone", "gender": "M", "shiny": false, "level": 86, "moves": ["sleeptalk", "bodypress", "rest", "poltergeist"], "ability": "Fluffy", "evs": {"hp": 85, "atk": 85, "def": 85, "spa": 85, "spd": 85, "spe": 85}, "ivs": {"hp": 31, "atk": 31, "def": 31, "spa": 31, "spd": 31, "spe": 31}, "item": "Leftovers", "teraType": "Fighting", "role": "Bulky Support", "bvs": {"hp": 72, "atk": 101, "def": 100, "spa": 50, "spd": 97, "spe": 68}, "stats": {"hp": 264, "atk": 223, "def": 221, "spa": 135, "spd": 216, "spe": 166}}}]}