{"id": "gen9randombattle-2631381028", "format": "[Gen 9] Random Battle", "players": ["Arkaes", "fetchy123"], "log": "|j|\u2606Arkaes\n|j|\u2606fetchy123\n|t:|1781377910\n|gametype|singles\n|player|p1|Arkaes|hayley|1939\n|player|p2|fetchy123|caitlin|1944\n|gen|9\n|tier|[Gen 9] Random Battle\n|rated|\n|rule|Species Clause: Limit one of each Pok\u00e9mon\n|rule|HP Percentage Mod: HP is shown in percentages\n|rule|Sleep Clause Mod: Limit one foe put to sleep\n|rule|Illusion Level Mod: Illusion disguises the Pok\u00e9mon's true level\n|\n|t:|1781377910\n|teamsize|p1|6\n|teamsize|p2|6\n|start\n|switch|p1a: Moltres|Moltres-Galar, L79|271/271\n|switch|p2a: Eiscue|Eiscue, L88, M|274/274\n|turn|1\n|inactive|Battle timer is ON: inactive players will automatically lose when time's up. (requested by fetchy123)\n|inactive|fetchy123 has 120 seconds left.\n|\n|t:|1781377942\n|switch|p1a: Suicune|Suicune, L82|298/298\n|-ability|p1a: Suicune|Pressure\n|switch|p2a: Corviknight|Corviknight, L80, M|288/288\n|\n|upkeep\n|turn|2\n|\n|t:|1781377957\n|switch|p1a: Eelektross|Eelektross, L87, M|290/290\n|move|p2a: Corviknight|Brave Bird|p1a: Eelektross\n|-resisted|p1a: Eelektross\n|-crit|p1a: Eelektross\n|-damage|p1a: Eelektross|214/290\n|-damage|p2a: Corviknight|263/288|[from] Recoil\n|\n|-heal|p1a: Eelektross|232/290|[from] item: Leftovers\n|upkeep\n|turn|3\n|\n|t:|1781377978\n|switch|p2a: Ogerpon|Ogerpon, L80, F|259/259\n|move|p1a: Eelektross|Knock Off|p2a: Ogerpon\n|-damage|p2a: Ogerpon|171/259\n|-enditem|p2a: Ogerpon|Heavy-Duty Boots|[from] move: Knock Off|[of] p1a: Eelektross\n|\n|-heal|p1a: Eelektross|250/290|[from] item: Leftovers\n|upkeep\n|turn|4\n|\n|t:|1781377993\n|switch|p1a: Moltres|Moltres-Galar, L79|271/271\n|move|p2a: Ogerpon|Ivy Cudgel|p1a: Moltres\n|-resisted|p1a: Moltres\n|-damage|p1a: Moltres|208/271\n|\n|upkeep\n|turn|5\n|\n|t:|1781378004\n|move|p2a: Ogerpon|U-turn|p1a: Moltres\n|-damage|p1a: Moltres|156/271\n|\n|t:|1781378008\n|switch|p2a: Corviknight|Corviknight, L80, M|263/288|[from] U-turn\n|move|p1a: Moltres|Hurricane|p2a: Corviknight\n|-resisted|p2a: Corviknight\n|-damage|p2a: Corviknight|209/288\n|-start|p2a: Corviknight|confusion\n|\n|upkeep\n|turn|6\n|\n|t:|1781378014\n|move|p1a: Moltres|Fiery Wrath|p2a: Corviknight\n|-damage|p2a: Corviknight|116/288\n|-activate|p2a: Corviknight|confusion\n|-damage|p2a: Corviknight|93/288|[from] confusion\n|\n|upkeep\n|turn|7\n|inactive|fetchy123 has 120 seconds left.\n|\n|t:|1781378054\n|move|p1a: Moltres|Fiery Wrath|p2a: Corviknight\n|-damage|p2a: Corviknight|0 fnt\n|faint|p2a: Corviknight\n|\n|upkeep\n|\n|t:|1781378060\n|switch|p2a: Eiscue|Eiscue, L88, M|274/274\n|turn|8\n|\n|t:|1781378065\n|switch|p1a: Suicune|Suicune, L82|298/298\n|-ability|p1a: Suicune|Pressure\n|move|p2a: Eiscue|Ice Spinner|p1a: Suicune\n|-resisted|p1a: Suicune\n|-damage|p1a: Suicune|268/298\n|\n|-heal|p1a: Suicune|286/298|[from] item: Leftovers\n|upkeep\n|turn|9\n|\n|t:|1781378072\n|switch|p2a: Ogerpon|Ogerpon, L80, F|171/259\n|move|p1a: Suicune|Scald|p2a: Ogerpon\n|-resisted|p2a: Ogerpon\n|-damage|p2a: Ogerpon|131/259\n|-status|p2a: Ogerpon|brn\n|\n|-heal|p1a: Suicune|298/298|[from] item: Leftovers\n|-damage|p2a: Ogerpon|115/259 brn|[from] brn\n|upkeep\n|turn|10\n|\n|t:|1781378082\n|switch|p1a: Moltres|Moltres-Galar, L79|156/271\n|move|p2a: Ogerpon|Ivy Cudgel|p1a: Moltres\n|-resisted|p1a: Moltres\n|-damage|p1a: Moltres|126/271\n|-ability|p1a: Moltres|Berserk|boost\n|-boost|p1a: Moltres|spa|1\n|\n|-damage|p2a: Ogerpon|99/259 brn|[from] brn\n|upkeep\n|turn|11\n|\n|t:|1781378089\n|move|p2a: Ogerpon|U-turn|p1a: Moltres\n|-damage|p1a: Moltres|99/271\n|\n|t:|1781378091\n|switch|p2a: Eiscue|Eiscue, L88, M|274/274|[from] U-turn\n|move|p1a: Moltres|Fiery Wrath|p2a: Eiscue\n|-damage|p2a: Eiscue|162/274\n|\n|upkeep\n|turn|12\n|\n|t:|1781378094\n|move|p1a: Moltres|Fiery Wrath|p2a: Eiscue\n|-damage|p2a: Eiscue|36/274\n|-enditem|p2a: Eiscue|Sitrus Berry|[eat]\n|-heal|p2a: Eiscue|104/274|[from] item: Sitrus Berry\n|move|p2a: Eiscue|Ice Spinner|p1a: Moltres\n|-supereffective|p1a: Moltres\n|-damage|p1a: Moltres|0 fnt\n|faint|p1a: Moltres\n|\n|upkeep\n|\n|t:|1781378098\n|switch|p1a: Suicune|Suicune, L82|298/298\n|-ability|p1a: Suicune|Pressure\n|turn|13\n|\n|t:|1781378106\n|switch|p2a: Ogerpon|Ogerpon, L80, F|99/259 brn\n|move|p1a: Suicune|Scald|p2a: Ogerpon\n|-resisted|p2a: Ogerpon\n|-damage|p2a: Ogerpon|64/259 brn\n|\n|-damage|p2a: Ogerpon|48/259 brn|[from] brn\n|upkeep\n|turn|14\n|\n|t:|1781378118\n|switch|p1a: Klefki|Klefki, L84, F|233/233\n|move|p2a: Ogerpon|Ivy Cudgel|p1a: Klefki\n|-resisted|p1a: Klefki\n|-damage|p1a: Klefki|206/233\n|\n|-heal|p1a: Klefki|220/233|[from] item: Leftovers\n|-damage|p2a: Ogerpon|32/259 brn|[from] brn\n|upkeep\n|turn|15\n|\n|t:|1781378124\n|move|p1a: Klefki|Spikes|p2a: Ogerpon\n|-sidestart|p2: fetchy123|Spikes\n|move|p2a: Ogerpon|U-turn|p1a: Klefki\n|-resisted|p1a: Klefki\n|-damage|p1a: Klefki|214/233\n|\n|t:|1781378131\n|switch|p2a: Kommo-o|Kommo-o, L78, F|245/245|[from] U-turn\n|-damage|p2a: Kommo-o|215/245|[from] Spikes\n|\n|-heal|p1a: Klefki|228/233|[from] item: Leftovers\n|upkeep\n|turn|16\n|\n|t:|1781378141\n|move|p2a: Kommo-o|Swords Dance|p2a: Kommo-o\n|-boost|p2a: Kommo-o|atk|2\n|move|p1a: Klefki|Dazzling Gleam|p2a: Kommo-o\n|-supereffective|p2a: Kommo-o\n|-damage|p2a: Kommo-o|0 fnt\n|faint|p2a: Kommo-o\n|\n|-heal|p1a: Klefki|233/233|[from] item: Leftovers\n|upkeep\n|-message|fetchy123 forfeited.\n|\n|win|Arkaes\n", "inputlog": ">version a8376a258c1d4662feba110a92103f3664a72141\n>start {\"formatid\":\"gen9randombattle\",\"seed\":\"sodium,863bfc22cb7253f344f0fde53a2692da\",\"rated\":\"Rated battle\"}\n>player p1 {\"name\":\"Arkaes\",\"avatar\":\"hayley\",\"rating\":1939,\"seed\":\"sodium,211453ac27cfc15aaa659855410ef6e6\"}\n>player p2 {\"name\":\"fetchy123\",\"avatar\":\"caitlin\",\"rating\":1944,\"seed\":\"sodium,c1cd40ce746e13222e6b3a2980ba5298\"}\n>p1 switch 3\n>p2 switch 6\n>p1 switch 6\n>p2 move bravebird\n>p1 move knockoff\n>p2 switch 5\n>p1 switch 3\n>p2 move ivycudgel\n>p1 move hurricane\n>p2 move uturn\n>p2 switch 5\n>p1 move fierywrath\n>p2 move bodypress\n>p1 move fierywrath\n>p2 move roost\n>p2 switch 6\n>p1 switch 6\n>p2 move icespinner\n>p1 move scald\n>p2 switch 5\n>p1 switch 6\n>p2 move ivycudgel\n>p1 move fierywrath\n>p2 move uturn\n>p2 switch 5\n>p1 move fierywrath\n>p2 move icespinner\n>p1 switch 6\n>p1 move scald\n>p2 switch 5\n>p1 switch 5\n>p2 move ivycudgel\n>p1 move spikes\n>p2 move uturn\n>p2 switch 4\n>p1 move dazzlinggleam\n>p2 move swordsdance\n>forcelose p2", "uploadtime": 1781377912, "views": 8, "formatid": "gen9randombattle", "rating": null, "private": 0, "password": null, "player_dets": [{"name": "Arkaes", "avatar": "hayley", "rating": 1939, "seed": "sodium,211453ac27cfc15aaa659855410ef6e6"}, {"name": "fetchy123", "avatar": "caitlin", "rating": 1944, "seed": "sodium,c1cd40ce746e13222e6b3a2980ba5298"}], "teams_full": [{"Moltres": {"name": "Moltres", "species": "Moltres-Galar", "speciesId": "moltresgalar", "gender": "N", "shiny": false, "level": 79, "moves": ["nastyplot", "fierywrath", "agility", "hurricane"], "ability": "Berserk", "evs": {"hp": 81, "atk": 0, "def": 85, "spa": 85, "spd": 85, "spe": 85}, "ivs": {"hp": 31, "atk": 0, "def": 31, "spa": 31, "spd": 31, "spe": 31}, "item": "Weakness Policy", "teraType": "Steel", "role": "Bulky Setup", "bvs": {"hp": 90, "atk": 85, "def": 90, "spa": 100, "spd": 125, "spe": 90}, "stats": {"hp": 271, "atk": 139, "def": 188, "spa": 204, "spd": 243, "spe": 188}}, "Magcargo": {"name": "Magcargo", "species": "Magcargo", "speciesId": "magcargo", "gender": "M", "shiny": false, "level": 95, "moves": ["earthpower", "powergem", "shellsmash", "fireblast"], "ability": "Weak Armor", "evs": {"hp": 85, "atk": 0, "def": 85, "spa": 85, "spd": 85, "spe": 85}, "ivs": {"hp": 31, "atk": 0, "def": 31, "spa": 31, "spd": 31, "spe": 31}, "item": "Heavy-Duty Boots", "teraType": "Grass", "role": "Setup Sweeper", "bvs": {"hp": 60, "atk": 50, "def": 120, "spa": 90, "spd": 80, "spe": 30}, "stats": {"hp": 268, "atk": 100, "def": 282, "spa": 225, "spd": 206, "spe": 111}}, "Suicune": {"name": "Suicune", "species": "Suicune", "speciesId": "suicune", "gender": "N", "shiny": false, "level": 82, "moves": ["scald", "rest", "sleeptalk", "calmmind"], "ability": "Pressure", "evs": {"hp": 85, "atk": 0, "def": 85, "spa": 85, "spd": 85, "spe": 85}, "ivs": {"hp": 31, "atk": 0, "def": 31, "spa": 31, "spd": 31, "spe": 31}, "item": "Leftovers", "teraType": "Steel", "role": "Bulky Attacker", "bvs": {"hp": 100, "atk": 75, "def": 115, "spa": 90, "spd": 115, "spe": 85}, "stats": {"hp": 298, "atk": 127, "def": 236, "spa": 195, "spd": 236, "spe": 187}}, "Landorus": {"name": "Landorus", "species": "Landorus", "speciesId": "landorus", "gender": "M", "shiny": false, "level": 75, "moves": ["rockslide", "psychic", "stealthrock", "earthpower"], "ability": "Sheer Force", "evs": {"hp": 85, "atk": 85, "def": 85, "spa": 85, "spd": 85, "spe": 85}, "ivs": {"hp": 31, "atk": 31, "def": 31, "spa": 31, "spd": 31, "spe": 31}, "item": "Life Orb", "teraType": "Ground", "role": "Fast Attacker", "bvs": {"hp": 89, "atk": 125, "def": 90, "spa": 115, "spd": 80, "spe": 101}, "stats": {"hp": 257, "atk": 231, "def": 179, "spa": 216, "spd": 164, "spe": 195}}, "Klefki": {"name": "Klefki", "species": "Klefki", "speciesId": "klefki", "gender": "F", "shiny": false, "level": 84, "moves": ["foulplay", "dazzlinggleam", "thunderwave", "spikes"], "ability": "Prankster", "evs": {"hp": 85, "atk": 0, "def": 85, "spa": 85, "spd": 85, "spe": 85}, "ivs": {"hp": 31, "atk": 0, "def": 31, "spa": 31, "spd": 31, "spe": 31}, "item": "Leftovers", "teraType": "Flying", "role": "Bulky Attacker", "bvs": {"hp": 57, "atk": 80, "def": 91, "spa": 80, "spd": 87, "spe": 75}, "stats": {"hp": 233, "atk": 139, "def": 201, "spa": 183, "spd": 194, "spe": 174}}, "Eelektross": {"name": "Eelektross", "species": "Eelektross", "speciesId": "eelektross", "gender": "M", "shiny": false, "level": 87, "moves": ["knockoff", "coil", "drainpunch", "supercellslam"], "ability": "Levitate", "evs": {"hp": 85, "atk": 85, "def": 85, "spa": 85, "spd": 85, "spe": 85}, "ivs": {"hp": 31, "atk": 31, "def": 31, "spa": 31, "spd": 31, "spe": 31}, "item": "Leftovers", "teraType": "Fighting", "role": "Bulky Setup", "bvs": {"hp": 85, "atk": 115, "def": 80, "spa": 105, "spd": 80, "spe": 50}, "stats": {"hp": 290, "atk": 250, "def": 189, "spa": 232, "spd": 189, "spe": 137}}}, {"Eiscue": {"name": "Eiscue", "species": "Eiscue", "speciesId": "eiscue", "gender": "M", "shiny": false, "level": 88, "moves": ["bellydrum", "ironhead", "liquidation", "icespinner"], "ability": "Ice Face", "evs": {"hp": 81, "atk": 85, "def": 85, "spa": 85, "spd": 85, "spe": 85}, "ivs": {"hp": 31, "atk": 31, "def": 31, "spa": 31, "spd": 31, "spe": 31}, "item": "Sitrus Berry", "teraType": "Water", "role": "Setup Sweeper", "bvs": {"hp": 75, "atk": 80, "def": 110, "spa": 65, "spd": 90, "spe": 50}, "stats": {"hp": 274, "atk": 191, "def": 244, "spa": 165, "spd": 209, "spe": 138}}, "Palafin": {"name": "Palafin", "species": "Palafin", "speciesId": "palafin", "gender": "F", "shiny": false, "level": 77, "moves": ["wavecrash", "closecombat", "jetpunch", "flipturn"], "ability": "Zero to Hero", "evs": {"hp": 85, "atk": 85, "def": 85, "spa": 85, "spd": 85, "spe": 85}, "ivs": {"hp": 31, "atk": 31, "def": 31, "spa": 31, "spd": 31, "spe": 31}, "item": "Choice Band", "teraType": "Water", "role": "Wallbreaker", "bvs": {"hp": 100, "atk": 70, "def": 72, "spa": 53, "spd": 62, "spe": 100}, "stats": {"hp": 281, "atk": 152, "def": 155, "spa": 126, "spd": 140, "spe": 199}}, "Flapple": {"name": "Flapple", "species": "Flapple", "speciesId": "flapple", "gender": "F", "shiny": false, "level": 88, "moves": ["outrage", "dragondance", "gravapple", "suckerpunch"], "ability": "Hustle", "evs": {"hp": 85, "atk": 85, "def": 85, "spa": 85, "spd": 85, "spe": 85}, "ivs": {"hp": 31, "atk": 31, "def": 31, "spa": 31, "spd": 31, "spe": 31}, "item": "Wide Lens", "teraType": "Steel", "role": "Fast Attacker", "bvs": {"hp": 70, "atk": 110, "def": 80, "spa": 95, "spd": 60, "spe": 70}, "stats": {"hp": 266, "atk": 244, "def": 191, "spa": 217, "spd": 156, "spe": 173}}, "Kommo-o": {"name": "Kommo-o", "species": "Kommo-o", "speciesId": "kommoo", "gender": "F", "shiny": false, "level": 78, "moves": ["ironhead", "swordsdance", "closecombat", "scaleshot"], "ability": "Soundproof", "evs": {"hp": 85, "atk": 85, "def": 85, "spa": 85, "spd": 85, "spe": 85}, "ivs": {"hp": 31, "atk": 31, "def": 31, "spa": 31, "spd": 31, "spe": 31}, "item": "Loaded Dice", "teraType": "Steel", "role": "Setup Sweeper", "bvs": {"hp": 75, "atk": 110, "def": 125, "spa": 100, "spd": 105, "spe": 85}, "stats": {"hp": 245, "atk": 217, "def": 240, "spa": 201, "spd": 209, "spe": 178}}, "Ogerpon": {"name": "Ogerpon", "species": "Ogerpon", "speciesId": "ogerpon", "gender": "F", "shiny": false, "level": 80, "moves": ["ivycudgel", "encore", "uturn", "knockoff"], "ability": "Defiant", "evs": {"hp": 85, "atk": 85, "def": 85, "spa": 85, "spd": 85, "spe": 85}, "ivs": {"hp": 31, "atk": 31, "def": 31, "spa": 31, "spd": 31, "spe": 31}, "item": "Heavy-Duty Boots", "teraType": "Grass", "role": "Fast Support", "bvs": {"hp": 80, "atk": 120, "def": 84, "spa": 60, "spd": 96, "spe": 110}, "stats": {"hp": 259, "atk": 238, "def": 181, "spa": 142, "spd": 200, "spe": 222}}, "Corviknight": {"name": "Corviknight", "species": "Corviknight", "speciesId": "corviknight", "gender": "M", "shiny": false, "level": 80, "moves": ["roost", "defog", "bravebird", "bodypress"], "ability": "Mirror Armor", "evs": {"hp": 85, "atk": 85, "def": 85, "spa": 85, "spd": 85, "spe": 85}, "ivs": {"hp": 31, "atk": 31, "def": 31, "spa": 31, "spd": 31, "spe": 31}, "item": "Rocky Helmet", "teraType": "Dragon", "role": "Bulky Support", "bvs": {"hp": 98, "atk": 87, "def": 105, "spa": 53, "spd": 85, "spe": 67}, "stats": {"hp": 288, "atk": 185, "def": 214, "spa": 131, "spd": 182, "spe": 153}}}]}