{"id": "gen9randombattle-2631382690", "format": "[Gen 9] Random Battle", "players": ["spreadcrosser", "Dark Cheshire"], "log": "|j|\u2606spreadcrosser\n|j|\u2606Dark Cheshire\n|t:|1781378104\n|gametype|singles\n|player|p1|spreadcrosser|265|1347\n|player|p2|Dark Cheshire|cynthia-gen4|1336\n|gen|9\n|tier|[Gen 9] Random Battle\n|rated|\n|rule|Species Clause: Limit one of each Pok\u00e9mon\n|rule|HP Percentage Mod: HP is shown in percentages\n|rule|Sleep Clause Mod: Limit one foe put to sleep\n|rule|Illusion Level Mod: Illusion disguises the Pok\u00e9mon's true level\n|\n|t:|1781378104\n|teamsize|p1|6\n|teamsize|p2|6\n|start\n|switch|p1a: Goodra|Goodra, L85, M|292/292\n|switch|p2a: Flygon|Flygon, L82, M|265/265\n|turn|1\n|inactive|Battle timer is ON: inactive players will automatically lose when time's up. (requested by Dark Cheshire)\n|\n|t:|1781378108\n|move|p2a: Flygon|Outrage|p1a: Goodra\n|-supereffective|p1a: Goodra\n|-damage|p1a: Goodra|0 fnt\n|faint|p1a: Goodra\n|\n|upkeep\n|\n|t:|1781378128\n|switch|p1a: Manaphy|Manaphy, L78|284/284\n|turn|2\n|\n|t:|1781378131\n|move|p2a: Flygon|Outrage|p1a: Manaphy|[from] lockedmove\n|-damage|p1a: Manaphy|175/284\n|-start|p2a: Flygon|confusion|[fatigue]\n|move|p1a: Manaphy|Ice Beam|p2a: Flygon\n|-supereffective|p2a: Flygon\n|-damage|p2a: Flygon|29/265\n|\n|-heal|p1a: Manaphy|192/284|[from] item: Leftovers\n|upkeep\n|turn|3\n|\n|t:|1781378150\n|switch|p2a: Metagross|Metagross, L79|256/256\n|move|p1a: Manaphy|Tail Glow|p1a: Manaphy\n|-boost|p1a: Manaphy|spa|3\n|\n|-heal|p1a: Manaphy|209/284|[from] item: Leftovers\n|upkeep\n|turn|4\n|\n|t:|1781378155\n|-terastallize|p1a: Manaphy|Water\n|move|p1a: Manaphy|Surf|p2a: Metagross\n|-damage|p2a: Metagross|0 fnt\n|faint|p2a: Metagross\n|\n|-heal|p1a: Manaphy|226/284|[from] item: Leftovers\n|upkeep\n|\n|t:|1781378164\n|switch|p2a: Smeargle|Smeargle, L95, M|258/258\n|turn|5\n|\n|t:|1781378167\n|move|p1a: Manaphy|Surf|p2a: Smeargle\n|-enditem|p2a: Smeargle|Focus Sash\n|-damage|p2a: Smeargle|1/258\n|move|p2a: Smeargle|Spore|p1a: Manaphy\n|-status|p1a: Manaphy|slp|[from] move: Spore\n|\n|-heal|p1a: Manaphy|243/284 slp|[from] item: Leftovers\n|upkeep\n|turn|6\n|\n|t:|1781378173\n|cant|p1a: Manaphy|slp\n|move|p2a: Smeargle|Sticky Web|p1a: Manaphy\n|-sidestart|p1: spreadcrosser|move: Sticky Web\n|\n|-heal|p1a: Manaphy|260/284 slp|[from] item: Leftovers\n|upkeep\n|turn|7\n|\n|t:|1781378175\n|cant|p1a: Manaphy|slp\n|move|p2a: Smeargle|Whirlwind|p1a: Manaphy\n|drag|p1a: Dodrio|Dodrio, L85, F|241/241\n|\n|upkeep\n|turn|8\n|\n|t:|1781378179\n|move|p1a: Dodrio|Swords Dance|p1a: Dodrio\n|-boost|p1a: Dodrio|atk|2\n|move|p2a: Smeargle|Ceaseless Edge|p1a: Dodrio\n|-damage|p1a: Dodrio|214/241\n|-sidestart|p1: spreadcrosser|Spikes\n|\n|upkeep\n|turn|9\n|\n|t:|1781378184\n|move|p1a: Dodrio|Knock Off|p2a: Smeargle\n|-damage|p2a: Smeargle|0 fnt\n|faint|p2a: Smeargle\n|\n|upkeep\n|\n|t:|1781378192\n|switch|p2a: Flygon|Flygon, L82, M|29/265\n|turn|10\n|\n|t:|1781378195\n|move|p2a: Flygon|Stone Edge|p1a: Dodrio\n|-supereffective|p1a: Dodrio\n|-damage|p1a: Dodrio|50/241\n|move|p1a: Dodrio|Knock Off|p2a: Flygon\n|-damage|p2a: Flygon|0 fnt\n|-enditem|p2a: Flygon|Choice Scarf|[from] move: Knock Off|[of] p1a: Dodrio\n|faint|p2a: Flygon\n|\n|upkeep\n|\n|t:|1781378204\n|switch|p2a: Bisharp|Bisharp, L79, F|232/232\n|turn|11\n|\n|t:|1781378220\n|move|p1a: Dodrio|Drill Run|p2a: Bisharp\n|-supereffective|p2a: Bisharp\n|-damage|p2a: Bisharp|68/232\n|move|p2a: Bisharp|Stealth Rock|p1a: Dodrio\n|-sidestart|p1: spreadcrosser|move: Stealth Rock\n|\n|upkeep\n|turn|12\n|\n|t:|1781378223\n|move|p2a: Bisharp|Sucker Punch||[still]\n|-fail|p2a: Bisharp\n|move|p1a: Dodrio|Swords Dance|p1a: Dodrio\n|-boost|p1a: Dodrio|atk|2\n|\n|upkeep\n|turn|13\n|\n|t:|1781378226\n|move|p2a: Bisharp|Sucker Punch||[still]\n|-fail|p2a: Bisharp\n|move|p1a: Dodrio|Swords Dance|p1a: Dodrio\n|-boost|p1a: Dodrio|atk|2\n|\n|upkeep\n|turn|14\n|\n|t:|1781378227\n|move|p2a: Bisharp|Sucker Punch||[still]\n|-fail|p2a: Bisharp\n|move|p1a: Dodrio|Swords Dance|p1a: Dodrio\n|-boost|p1a: Dodrio|atk|0\n|\n|upkeep\n|turn|15\n|\n|t:|1781378230\n|move|p2a: Bisharp|Sucker Punch||[still]\n|-fail|p2a: Bisharp\n|move|p1a: Dodrio|Swords Dance|p1a: Dodrio\n|-boost|p1a: Dodrio|atk|0\n|\n|upkeep\n|turn|16\n|\n|t:|1781378232\n|move|p2a: Bisharp|Sucker Punch||[still]\n|-fail|p2a: Bisharp\n|move|p1a: Dodrio|Swords Dance|p1a: Dodrio\n|-boost|p1a: Dodrio|atk|0\n|\n|upkeep\n|turn|17\n|\n|t:|1781378234\n|move|p2a: Bisharp|Sucker Punch||[still]\n|-fail|p2a: Bisharp\n|move|p1a: Dodrio|Swords Dance|p1a: Dodrio\n|-boost|p1a: Dodrio|atk|0\n|\n|upkeep\n|turn|18\n|\n|t:|1781378235\n|move|p1a: Dodrio|Drill Run|p2a: Bisharp\n|-supereffective|p2a: Bisharp\n|-damage|p2a: Bisharp|0 fnt\n|faint|p2a: Bisharp\n|\n|upkeep\n|-message|Dark Cheshire forfeited.\n|\n|win|spreadcrosser\n|raw|spreadcrosser's rating: 1347 &rarr; <strong>1366</strong><br />(+19 for winning)\n|raw|Dark Cheshire's rating: 1336 &rarr; <strong>1317</strong><br />(-19 for losing)\n|l|\u2606Dark Cheshire\n|player|p2|\n", "inputlog": ">version a8376a258c1d4662feba110a92103f3664a72141\n>start {\"formatid\":\"gen9randombattle\",\"seed\":\"sodium,08465abcc6967ae562051fd40243db6a\",\"rated\":\"Rated battle\"}\n>player p1 {\"name\":\"spreadcrosser\",\"avatar\":\"265\",\"rating\":1347,\"seed\":\"sodium,786ed670516f8a1951e30cec8d5e80f5\"}\n>player p2 {\"name\":\"Dark Cheshire\",\"avatar\":\"cynthia-gen4\",\"rating\":1336,\"seed\":\"sodium,29073e1a914ff7170aaad776b2757873\"}\n>p1 move dracometeor\n>p2 move outrage\n>p1 switch 4\n>p1 move icebeam\n>p2 move outrage\n>p1 move tailglow\n>p2 switch 6\n>p1 move surf terastallize\n>p2 move agility\n>p2 switch 5\n>p1 move surf\n>p2 move spore\n>p1 move surf\n>p2 move stickyweb\n>p1 move surf\n>p2 move whirlwind\n>p1 move swordsdance\n>p2 move ceaselessedge\n>p1 move knockoff\n>p2 move whirlwind\n>p2 switch 6\n>p1 move knockoff\n>p2 move stoneedge\n>p2 switch 4\n>p1 move drillrun\n>p2 move stealthrock\n>p1 move swordsdance\n>p2 move suckerpunch\n>p1 move swordsdance\n>p2 move suckerpunch\n>p1 move swordsdance\n>p2 move suckerpunch\n>p1 move swordsdance\n>p2 move suckerpunch\n>p1 move swordsdance\n>p2 move suckerpunch\n>p1 move swordsdance\n>p2 move suckerpunch\n>p1 move drillrun\n>p2 move throatchop\n>forcelose p2", "uploadtime": 1781378245, "views": 9, "formatid": "gen9randombattle", "rating": 1317, "private": 0, "password": null, "player_dets": [{"name": "spreadcrosser", "avatar": "265", "rating": 1347, "seed": "sodium,786ed670516f8a1951e30cec8d5e80f5"}, {"name": "Dark Cheshire", "avatar": "cynthia-gen4", "rating": 1336, "seed": "sodium,29073e1a914ff7170aaad776b2757873"}], "teams_full": [{"Goodra": {"name": "Goodra", "species": "Goodra", "speciesId": "goodra", "gender": "M", "shiny": false, "level": 85, "moves": ["fireblast", "sludgebomb", "knockoff", "dracometeor"], "ability": "Sap Sipper", "evs": {"hp": 85, "atk": 85, "def": 85, "spa": 85, "spd": 85, "spe": 85}, "ivs": {"hp": 31, "atk": 31, "def": 31, "spa": 31, "spd": 31, "spe": 31}, "item": "Assault Vest", "teraType": "Poison", "role": "AV Pivot", "bvs": {"hp": 90, "atk": 100, "def": 70, "spa": 110, "spd": 150, "spe": 80}, "stats": {"hp": 292, "atk": 219, "def": 168, "spa": 236, "spd": 304, "spe": 185}}, "Falinks": {"name": "Falinks", "species": "Falinks", "speciesId": "falinks", "gender": "N", "shiny": false, "level": 84, "moves": ["closecombat", "ironhead", "knockoff", "noretreat"], "ability": "Defiant", "evs": {"hp": 85, "atk": 85, "def": 85, "spa": 85, "spd": 85, "spe": 85}, "ivs": {"hp": 31, "atk": 31, "def": 31, "spa": 31, "spd": 31, "spe": 31}, "item": "Life Orb", "teraType": "Dark", "role": "Setup Sweeper", "bvs": {"hp": 65, "atk": 100, "def": 100, "spa": 70, "spd": 60, "spe": 75}, "stats": {"hp": 246, "atk": 216, "def": 216, "spa": 166, "spd": 149, "spe": 174}}, "Glaceon": {"name": "Glaceon", "species": "Glaceon", "speciesId": "glaceon", "gender": "F", "shiny": false, "level": 94, "moves": ["mudshot", "wish", "freezedry", "protect"], "ability": "Ice Body", "evs": {"hp": 85, "atk": 0, "def": 85, "spa": 85, "spd": 85, "spe": 85}, "ivs": {"hp": 31, "atk": 0, "def": 31, "spa": 31, "spd": 31, "spe": 31}, "item": "Heavy-Duty Boots", "teraType": "Ground", "role": "Bulky Attacker", "bvs": {"hp": 65, "atk": 60, "def": 110, "spa": 130, "spd": 95, "spe": 65}, "stats": {"hp": 275, "atk": 117, "def": 260, "spa": 298, "spd": 232, "spe": 176}}, "Manaphy": {"name": "Manaphy", "species": "Manaphy", "speciesId": "manaphy", "gender": "N", "shiny": false, "level": 78, "moves": ["icebeam", "surf", "tailglow", "energyball"], "ability": "Hydration", "evs": {"hp": 85, "atk": 0, "def": 85, "spa": 85, "spd": 85, "spe": 85}, "ivs": {"hp": 31, "atk": 0, "def": 31, "spa": 31, "spd": 31, "spe": 31}, "item": "Leftovers", "teraType": "Water", "role": "Bulky Setup", "bvs": {"hp": 100, "atk": 100, "def": 100, "spa": 100, "spd": 100, "spe": 100}, "stats": {"hp": 284, "atk": 161, "def": 201, "spa": 201, "spd": 201, "spe": 201}}, "Dodrio": {"name": "Dodrio", "species": "Dodrio", "speciesId": "dodrio", "gender": "F", "shiny": false, "level": 85, "moves": ["knockoff", "drillrun", "bravebird", "swordsdance"], "ability": "Early Bird", "evs": {"hp": 85, "atk": 85, "def": 85, "spa": 85, "spd": 85, "spe": 85}, "ivs": {"hp": 31, "atk": 31, "def": 31, "spa": 31, "spd": 31, "spe": 31}, "item": "Heavy-Duty Boots", "teraType": "Ground", "role": "Setup Sweeper", "bvs": {"hp": 60, "atk": 110, "def": 70, "spa": 60, "spd": 60, "spe": 110}, "stats": {"hp": 241, "atk": 236, "def": 168, "spa": 151, "spd": 151, "spe": 236}}, "Leafeon": {"name": "Leafeon", "species": "Leafeon", "speciesId": "leafeon", "gender": "M", "shiny": false, "level": 88, "moves": ["leafblade", "synthesis", "knockoff", "swordsdance"], "ability": "Chlorophyll", "evs": {"hp": 85, "atk": 85, "def": 85, "spa": 85, "spd": 85, "spe": 85}, "ivs": {"hp": 31, "atk": 31, "def": 31, "spa": 31, "spd": 31, "spe": 31}, "item": "Life Orb", "teraType": "Dark", "role": "Setup Sweeper", "bvs": {"hp": 65, "atk": 110, "def": 130, "spa": 60, "spd": 65, "spe": 95}, "stats": {"hp": 258, "atk": 244, "def": 279, "spa": 156, "spd": 165, "spe": 217}}}, {"Flygon": {"name": "Flygon", "species": "Flygon", "speciesId": "flygon", "gender": "M", "shiny": false, "level": 82, "moves": ["uturn", "earthquake", "outrage", "stoneedge"], "ability": "Levitate", "evs": {"hp": 85, "atk": 85, "def": 85, "spa": 85, "spd": 85, "spe": 85}, "ivs": {"hp": 31, "atk": 31, "def": 31, "spa": 31, "spd": 31, "spe": 31}, "item": "Choice Scarf", "teraType": "Steel", "role": "Fast Attacker", "bvs": {"hp": 80, "atk": 100, "def": 80, "spa": 80, "spd": 80, "spe": 100}, "stats": {"hp": 265, "atk": 211, "def": 178, "spa": 178, "spd": 178, "spe": 211}}, "Urshifu": {"name": "Urshifu", "species": "Urshifu", "speciesId": "urshifu", "gender": "M", "shiny": false, "level": 74, "moves": ["wickedblow", "closecombat", "swordsdance", "poisonjab"], "ability": "Unseen Fist", "evs": {"hp": 85, "atk": 85, "def": 85, "spa": 85, "spd": 85, "spe": 85}, "ivs": {"hp": 31, "atk": 31, "def": 31, "spa": 31, "spd": 31, "spe": 31}, "item": "Life Orb", "teraType": "Fighting", "role": "Fast Attacker", "bvs": {"hp": 100, "atk": 130, "def": 100, "spa": 63, "spd": 60, "spe": 97}, "stats": {"hp": 270, "atk": 235, "def": 191, "spa": 136, "spd": 132, "spe": 187}}, "Mew": {"name": "Mew", "species": "Mew", "speciesId": "mew", "gender": "N", "shiny": false, "level": 82, "moves": ["knockoff", "uturn", "toxicspikes", "psychicnoise"], "ability": "Synchronize", "evs": {"hp": 85, "atk": 85, "def": 85, "spa": 85, "spd": 85, "spe": 85}, "ivs": {"hp": 31, "atk": 31, "def": 31, "spa": 31, "spd": 31, "spe": 31}, "item": "Leftovers", "teraType": "Dark", "role": "Bulky Support", "bvs": {"hp": 100, "atk": 100, "def": 100, "spa": 100, "spd": 100, "spe": 100}, "stats": {"hp": 298, "atk": 211, "def": 211, "spa": 211, "spd": 211, "spe": 211}}, "Bisharp": {"name": "Bisharp", "species": "Bisharp", "speciesId": "bisharp", "gender": "F", "shiny": false, "level": 79, "moves": ["suckerpunch", "stealthrock", "throatchop", "ironhead"], "ability": "Defiant", "evs": {"hp": 85, "atk": 85, "def": 85, "spa": 85, "spd": 85, "spe": 85}, "ivs": {"hp": 31, "atk": 31, "def": 31, "spa": 31, "spd": 31, "spe": 31}, "item": "Eviolite", "teraType": "Ghost", "role": "Bulky Attacker", "bvs": {"hp": 65, "atk": 125, "def": 100, "spa": 60, "spd": 70, "spe": 70}, "stats": {"hp": 232, "atk": 243, "def": 204, "spa": 140, "spd": 156, "spe": 156}}, "Smeargle": {"name": "Smeargle", "species": "Smeargle", "speciesId": "smeargle", "gender": "M", "shiny": false, "level": 95, "moves": ["spore", "ceaselessedge", "stickyweb", "whirlwind"], "ability": "Own Tempo", "evs": {"hp": 85, "atk": 85, "def": 85, "spa": 85, "spd": 85, "spe": 85}, "ivs": {"hp": 31, "atk": 31, "def": 31, "spa": 31, "spd": 31, "spe": 31}, "item": "Focus Sash", "teraType": "Ghost", "role": "Fast Support", "bvs": {"hp": 55, "atk": 20, "def": 35, "spa": 20, "spd": 45, "spe": 75}, "stats": {"hp": 258, "atk": 92, "def": 120, "spa": 92, "spd": 139, "spe": 196}}, "Metagross": {"name": "Metagross", "species": "Metagross", "speciesId": "metagross", "gender": "N", "shiny": false, "level": 79, "moves": ["earthquake", "heavyslam", "knockoff", "agility"], "ability": "Clear Body", "evs": {"hp": 85, "atk": 85, "def": 85, "spa": 85, "spd": 85, "spe": 85}, "ivs": {"hp": 31, "atk": 31, "def": 31, "spa": 31, "spd": 31, "spe": 31}, "item": "Weakness Policy", "teraType": "Ground", "role": "Bulky Setup", "bvs": {"hp": 80, "atk": 135, "def": 130, "spa": 95, "spd": 90, "spe": 70}, "stats": {"hp": 256, "atk": 259, "def": 251, "spa": 196, "spd": 188, "spe": 156}}}]}