{"id": "gen9randombattle-2631934430", "format": "[Gen 9] Random Battle", "players": ["Moisori", "Dr.Werxzty"], "log": "|j|\u2606Moisori\n|j|\u2606Dr.Werxzty\n|t:|1781457301\n|gametype|singles\n|player|p1|Moisori|hilbert|1388\n|player|p2|Dr.Werxzty|lance|1346\n|gen|9\n|tier|[Gen 9] Random Battle\n|rated|\n|rule|Species Clause: Limit one of each Pok\u00e9mon\n|rule|HP Percentage Mod: HP is shown in percentages\n|rule|Sleep Clause Mod: Limit one foe put to sleep\n|rule|Illusion Level Mod: Illusion disguises the Pok\u00e9mon's true level\n|\n|t:|1781457301\n|teamsize|p1|6\n|teamsize|p2|6\n|start\n|switch|p1a: Cloyster|Cloyster, L80, M|211/211\n|switch|p2a: Cinccino|Cinccino, L83, F|260/260\n|turn|1\n|\n|t:|1781457324\n|move|p2a: Cinccino|Bullet Seed|p1a: Cloyster\n|-supereffective|p1a: Cloyster\n|-damage|p1a: Cloyster|181/211\n|-supereffective|p1a: Cloyster\n|-damage|p1a: Cloyster|151/211\n|-supereffective|p1a: Cloyster\n|-damage|p1a: Cloyster|121/211\n|-supereffective|p1a: Cloyster\n|-damage|p1a: Cloyster|89/211\n|-supereffective|p1a: Cloyster\n|-damage|p1a: Cloyster|55/211\n|-hitcount|p1a: Cloyster|5\n|move|p1a: Cloyster|Icicle Spear|p2a: Cinccino\n|-damage|p2a: Cinccino|226/260\n|-damage|p2a: Cinccino|196/260\n|-damage|p2a: Cinccino|165/260\n|-damage|p2a: Cinccino|131/260\n|-damage|p2a: Cinccino|95/260\n|-hitcount|p2a: Cinccino|5\n|\n|upkeep\n|turn|2\n|\n|t:|1781457342\n|switch|p1a: Goodra|Goodra, L85, F|292/292\n|move|p2a: Cinccino|Bullet Seed|p1a: Goodra\n|-ability|p1a: Goodra|Sap Sipper|boost\n|-boost|p1a: Goodra|atk|1\n|\n|upkeep\n|turn|3\n|\n|t:|1781457352\n|move|p2a: Cinccino|Triple Axel|p1a: Goodra\n|-supereffective|p1a: Goodra\n|-damage|p1a: Goodra|246/292\n|-supereffective|p1a: Goodra\n|-damage|p1a: Goodra|154/292\n|-supereffective|p1a: Goodra\n|-damage|p1a: Goodra|4/292\n|-hitcount|p1a: Goodra|3\n|move|p1a: Goodra|Earthquake|p2a: Cinccino\n|-damage|p2a: Cinccino|0 fnt\n|faint|p2a: Cinccino\n|\n|upkeep\n|\n|t:|1781457369\n|switch|p2a: Iron Bundle|Iron Bundle, L78|215/215\n|turn|4\n|\n|t:|1781457376\n|move|p2a: Iron Bundle|Freeze-Dry|p1a: Goodra\n|-supereffective|p1a: Goodra\n|-damage|p1a: Goodra|0 fnt\n|faint|p1a: Goodra\n|\n|upkeep\n|\n|t:|1781457388\n|switch|p1a: Samurott|Samurott-Hisui, L77, M|265/265\n|turn|5\n|\n|t:|1781457397\n|move|p2a: Iron Bundle|Freeze-Dry|p1a: Samurott\n|-supereffective|p1a: Samurott\n|-damage|p1a: Samurott|61/265\n|move|p1a: Samurott|Ceaseless Edge|p2a: Iron Bundle\n|-damage|p2a: Iron Bundle|88/215\n|-sidestart|p2: Dr.Werxzty|Spikes\n|\n|upkeep\n|turn|6\n|\n|t:|1781457405\n|move|p2a: Iron Bundle|Freeze-Dry|p1a: Samurott\n|-supereffective|p1a: Samurott\n|-damage|p1a: Samurott|0 fnt\n|faint|p1a: Samurott\n|\n|upkeep\n|\n|t:|1781457412\n|switch|p1a: Typhlosion|Typhlosion, L84, F|267/267\n|turn|7\n|\n|t:|1781457418\n|move|p1a: Typhlosion|Eruption|p2a: Iron Bundle\n|-damage|p2a: Iron Bundle|0 fnt\n|faint|p2a: Iron Bundle\n|-end|p2a: Iron Bundle|Quark Drive|[silent]\n|\n|upkeep\n|\n|t:|1781457429\n|switch|p2a: Mudsdale|Mudsdale, L83, F|302/302\n|-damage|p2a: Mudsdale|265/302|[from] Spikes\n|turn|8\n|\n|t:|1781457439\n|move|p1a: Typhlosion|Eruption|p2a: Mudsdale\n|-damage|p2a: Mudsdale|73/302\n|-ability|p2a: Mudsdale|Stamina|boost\n|-boost|p2a: Mudsdale|def|1\n|move|p2a: Mudsdale|Stone Edge|p1a: Typhlosion\n|-supereffective|p1a: Typhlosion\n|-damage|p1a: Typhlosion|81/267\n|\n|-heal|p2a: Mudsdale|91/302|[from] item: Leftovers\n|upkeep\n|turn|9\n|\n|t:|1781457453\n|switch|p1a: Bellossom|Bellossom, L84, M|263/263\n|move|p2a: Mudsdale|Earthquake|p1a: Bellossom\n|-resisted|p1a: Bellossom\n|-damage|p1a: Bellossom|202/263\n|\n|-heal|p1a: Bellossom|218/263|[from] item: Leftovers\n|-heal|p2a: Mudsdale|109/302|[from] item: Leftovers\n|upkeep\n|turn|10\n|\n|t:|1781457463\n|move|p1a: Bellossom|Giga Drain|p2a: Mudsdale\n|-supereffective|p2a: Mudsdale\n|-damage|p2a: Mudsdale|0 fnt\n|-heal|p1a: Bellossom|263/263|[from] drain|[of] p2a: Mudsdale\n|faint|p2a: Mudsdale\n|\n|upkeep\n|\n|t:|1781457474\n|switch|p2a: Blaziken|Blaziken, L76, M|247/247\n|-damage|p2a: Blaziken|217/247|[from] Spikes\n|turn|11\n|\n|t:|1781457487\n|move|p2a: Blaziken|Swords Dance|p2a: Blaziken\n|-boost|p2a: Blaziken|atk|2\n|move|p1a: Bellossom|Quiver Dance|p1a: Bellossom\n|-boost|p1a: Bellossom|spa|1\n|-boost|p1a: Bellossom|spd|1\n|-boost|p1a: Bellossom|spe|1\n|\n|-ability|p2a: Blaziken|Speed Boost|boost\n|-boost|p2a: Blaziken|spe|1\n|upkeep\n|turn|12\n|\n|t:|1781457507\n|move|p2a: Blaziken|Flare Blitz|p1a: Bellossom\n|-supereffective|p1a: Bellossom\n|-damage|p1a: Bellossom|0 fnt\n|faint|p1a: Bellossom\n|-damage|p2a: Blaziken|130/247|[from] Recoil\n|-damage|p2a: Blaziken|106/247|[from] item: Life Orb\n|\n|-ability|p2a: Blaziken|Speed Boost|boost\n|-boost|p2a: Blaziken|spe|1\n|upkeep\n|\n|t:|1781457519\n|switch|p1a: Salazzle|Salazzle, L83, F|249/249\n|turn|13\n|\n|t:|1781457526\n|move|p2a: Blaziken|Stone Edge|p1a: Salazzle\n|-supereffective|p1a: Salazzle\n|-crit|p1a: Salazzle\n|-damage|p1a: Salazzle|0 fnt\n|faint|p1a: Salazzle\n|-damage|p2a: Blaziken|82/247|[from] item: Life Orb\n|\n|-ability|p2a: Blaziken|Speed Boost|boost\n|-boost|p2a: Blaziken|spe|1\n|upkeep\n|-message|Moisori forfeited.\n|\n|win|Dr.Werxzty\n|raw|Moisori's rating: 1388 &rarr; <strong>1366</strong><br />(-22 for losing)\n|raw|Dr.Werxzty's rating: 1346 &rarr; <strong>1368</strong><br />(+22 for winning)\n|l|\u2606Moisori\n|player|p1|\n", "inputlog": ">version a8376a258c1d4662feba110a92103f3664a72141\n>start {\"formatid\":\"gen9randombattle\",\"seed\":\"sodium,5e1545a29ebbc0be04e50c91f70171d5\",\"rated\":\"Rated battle\"}\n>player p1 {\"name\":\"Moisori\",\"avatar\":\"hilbert\",\"rating\":1388,\"seed\":\"sodium,4e8adc5db58772da54838f18fee75591\"}\n>player p2 {\"name\":\"Dr.Werxzty\",\"avatar\":\"lance\",\"rating\":1346,\"seed\":\"sodium,05101d56189decc8a800b02f0c4a78f1\"}\n>p1 move iciclespear\n>p2 move bulletseed\n>p1 switch 5\n>p2 move bulletseed\n>p1 move earthquake\n>p2 move tripleaxel\n>p2 switch 5\n>p1 move dracometeor\n>p2 move freezedry\n>p1 switch 6\n>p1 move ceaselessedge\n>p2 move freezedry\n>p1 move ceaselessedge\n>p2 move freezedry\n>p1 switch 2\n>p1 move eruption\n>p2 move hydropump\n>p2 switch 4\n>p1 move eruption\n>p2 move stoneedge\n>p1 switch 4\n>p2 move earthquake\n>p1 move gigadrain\n>p2 move heavyslam\n>p2 switch 3\n>p1 move quiverdance\n>p2 move swordsdance\n>p1 move strengthsap\n>p2 move flareblitz\n>p1 switch 3\n>p1 move flamethrower\n>p2 move stoneedge\n>forcelose p1", "uploadtime": 1781457916, "views": 6, "formatid": "gen9randombattle", "rating": 1366, "private": 0, "password": null, "player_dets": [{"name": "Moisori", "avatar": "hilbert", "rating": 1388, "seed": "sodium,4e8adc5db58772da54838f18fee75591"}, {"name": "Dr.Werxzty", "avatar": "lance", "rating": 1346, "seed": "sodium,05101d56189decc8a800b02f0c4a78f1"}], "teams_full": [{"Cloyster": {"name": "Cloyster", "species": "Cloyster", "speciesId": "cloyster", "gender": "M", "shiny": false, "level": 80, "moves": ["iciclespear", "drillrun", "shellsmash", "rockblast"], "ability": "Skill Link", "evs": {"hp": 85, "atk": 85, "def": 85, "spa": 85, "spd": 85, "spe": 85}, "ivs": {"hp": 31, "atk": 31, "def": 31, "spa": 31, "spd": 31, "spe": 31}, "item": "White Herb", "teraType": "Ground", "role": "Fast Attacker", "bvs": {"hp": 50, "atk": 95, "def": 180, "spa": 85, "spd": 45, "spe": 70}, "stats": {"hp": 211, "atk": 198, "def": 334, "spa": 182, "spd": 118, "spe": 158}, "types": ["Water", "Ice"]}, "Typhlosion": {"name": "Typhlosion", "species": "Typhlosion", "speciesId": "typhlosion", "gender": "F", "shiny": false, "level": 84, "moves": ["focusblast", "fireblast", "scorchingsands", "eruption"], "ability": "Blaze", "evs": {"hp": 81, "atk": 0, "def": 85, "spa": 85, "spd": 85, "spe": 85}, "ivs": {"hp": 31, "atk": 0, "def": 31, "spa": 31, "spd": 31, "spe": 31}, "item": "Choice Scarf", "teraType": "Fire", "role": "Fast Attacker", "bvs": {"hp": 78, "atk": 84, "def": 78, "spa": 109, "spd": 85, "spe": 100}, "stats": {"hp": 267, "atk": 146, "def": 179, "spa": 231, "spd": 191, "spe": 216}, "types": ["Fire"]}, "Salazzle": {"name": "Salazzle", "species": "Salazzle", "speciesId": "salazzle", "gender": "F", "shiny": false, "level": 83, "moves": ["substitute", "flamethrower", "toxic", "protect"], "ability": "Corrosion", "evs": {"hp": 85, "atk": 0, "def": 85, "spa": 85, "spd": 85, "spe": 85}, "ivs": {"hp": 31, "atk": 0, "def": 31, "spa": 31, "spd": 31, "spe": 31}, "item": "Leftovers", "teraType": "Flying", "role": "Fast Support", "bvs": {"hp": 68, "atk": 64, "def": 60, "spa": 111, "spd": 60, "spe": 117}, "stats": {"hp": 249, "atk": 111, "def": 147, "spa": 232, "spd": 147, "spe": 242}, "types": ["Poison", "Fire"]}, "Bellossom": {"name": "Bellossom", "species": "Bellossom", "speciesId": "bellossom", "gender": "M", "shiny": false, "level": 84, "moves": ["gigadrain", "quiverdance", "terablast", "strengthsap"], "ability": "Chlorophyll", "evs": {"hp": 85, "atk": 0, "def": 85, "spa": 85, "spd": 85, "spe": 85}, "ivs": {"hp": 31, "atk": 0, "def": 31, "spa": 31, "spd": 31, "spe": 31}, "item": "Leftovers", "teraType": "Rock", "role": "Tera Blast user", "bvs": {"hp": 75, "atk": 80, "def": 95, "spa": 90, "spd": 100, "spe": 50}, "stats": {"hp": 263, "atk": 139, "def": 208, "spa": 199, "spd": 216, "spe": 132}, "types": ["Grass"]}, "Goodra": {"name": "Goodra", "species": "Goodra", "speciesId": "goodra", "gender": "F", "shiny": false, "level": 85, "moves": ["sludgebomb", "powerwhip", "dracometeor", "earthquake"], "ability": "Sap Sipper", "evs": {"hp": 85, "atk": 85, "def": 85, "spa": 85, "spd": 85, "spe": 85}, "ivs": {"hp": 31, "atk": 31, "def": 31, "spa": 31, "spd": 31, "spe": 31}, "item": "Assault Vest", "teraType": "Grass", "role": "AV Pivot", "bvs": {"hp": 90, "atk": 100, "def": 70, "spa": 110, "spd": 150, "spe": 80}, "stats": {"hp": 292, "atk": 219, "def": 168, "spa": 236, "spd": 304, "spe": 185}, "types": ["Dragon"]}, "Samurott": {"name": "Samurott", "species": "Samurott-Hisui", "speciesId": "samurotthisui", "gender": "M", "shiny": false, "level": 77, "moves": ["suckerpunch", "flipturn", "ceaselessedge", "razorshell"], "ability": "Sharpness", "evs": {"hp": 85, "atk": 85, "def": 85, "spa": 85, "spd": 85, "spe": 85}, "ivs": {"hp": 31, "atk": 31, "def": 31, "spa": 31, "spd": 31, "spe": 31}, "item": "Choice Band", "teraType": "Water", "role": "Fast Attacker", "bvs": {"hp": 90, "atk": 108, "def": 80, "spa": 100, "spd": 65, "spe": 85}, "stats": {"hp": 265, "atk": 211, "def": 168, "spa": 199, "spd": 145, "spe": 175}, "types": ["Water", "Dark"]}}, {"Cinccino": {"name": "Cinccino", "species": "Cinccino", "speciesId": "cinccino", "gender": "F", "shiny": false, "level": 83, "moves": ["tailslap", "tidyup", "bulletseed", "tripleaxel"], "ability": "Technician", "evs": {"hp": 85, "atk": 85, "def": 85, "spa": 85, "spd": 85, "spe": 85}, "ivs": {"hp": 31, "atk": 31, "def": 31, "spa": 31, "spd": 31, "spe": 31}, "item": "Loaded Dice", "teraType": "Ice", "role": "Fast Attacker", "bvs": {"hp": 75, "atk": 95, "def": 60, "spa": 65, "spd": 60, "spe": 115}, "stats": {"hp": 260, "atk": 205, "def": 147, "spa": 156, "spd": 147, "spe": 239}, "types": ["Normal"]}, "Gumshoos": {"name": "Gumshoos", "species": "Gumshoos", "speciesId": "gumshoos", "gender": "F", "shiny": false, "level": 95, "moves": ["doubleedge", "earthquake", "uturn", "knockoff"], "ability": "Adaptability", "evs": {"hp": 85, "atk": 85, "def": 85, "spa": 85, "spd": 85, "spe": 85}, "ivs": {"hp": 31, "atk": 31, "def": 31, "spa": 31, "spd": 31, "spe": 31}, "item": "Choice Band", "teraType": "Ground", "role": "Fast Attacker", "bvs": {"hp": 88, "atk": 110, "def": 60, "spa": 55, "spd": 60, "spe": 45}, "stats": {"hp": 321, "atk": 263, "def": 168, "spa": 158, "spd": 168, "spe": 139}, "types": ["Normal"]}, "Blaziken": {"name": "Blaziken", "species": "Blaziken", "speciesId": "blaziken", "gender": "M", "shiny": false, "level": 76, "moves": ["swordsdance", "flareblitz", "closecombat", "stoneedge"], "ability": "Speed Boost", "evs": {"hp": 85, "atk": 85, "def": 85, "spa": 85, "spd": 85, "spe": 85}, "ivs": {"hp": 31, "atk": 31, "def": 31, "spa": 31, "spd": 31, "spe": 31}, "item": "Life Orb", "teraType": "Fighting", "role": "Setup Sweeper", "bvs": {"hp": 80, "atk": 120, "def": 70, "spa": 110, "spd": 70, "spe": 80}, "stats": {"hp": 247, "atk": 226, "def": 150, "spa": 211, "spd": 150, "spe": 166}, "types": ["Fire", "Fighting"]}, "Mudsdale": {"name": "Mudsdale", "species": "Mudsdale", "speciesId": "mudsdale", "gender": "F", "shiny": false, "level": 83, "moves": ["earthquake", "stoneedge", "heavyslam", "stealthrock"], "ability": "Stamina", "evs": {"hp": 85, "atk": 85, "def": 85, "spa": 85, "spd": 85, "spe": 85}, "ivs": {"hp": 31, "atk": 31, "def": 31, "spa": 31, "spd": 31, "spe": 31}, "item": "Leftovers", "teraType": "Steel", "role": "Bulky Attacker", "bvs": {"hp": 100, "atk": 125, "def": 100, "spa": 55, "spd": 85, "spe": 35}, "stats": {"hp": 302, "atk": 255, "def": 214, "spa": 139, "spd": 189, "spe": 106}, "types": ["Ground"]}, "Iron Bundle": {"name": "Iron Bundle", "species": "Iron Bundle", "speciesId": "ironbundle", "gender": "N", "shiny": false, "level": 78, "moves": ["freezedry", "hydropump", "icebeam", "encore"], "ability": "Quark Drive", "evs": {"hp": 85, "atk": 0, "def": 85, "spa": 85, "spd": 85, "spe": 85}, "ivs": {"hp": 31, "atk": 0, "def": 31, "spa": 31, "spd": 31, "spe": 31}, "item": "Heavy-Duty Boots", "teraType": "Ice", "role": "Fast Attacker", "bvs": {"hp": 56, "atk": 80, "def": 114, "spa": 124, "spd": 60, "spe": 136}, "stats": {"hp": 215, "atk": 129, "def": 223, "spa": 239, "spd": 139, "spe": 257}, "types": ["Ice", "Water"]}, "Sceptile": {"name": "Sceptile", "species": "Sceptile", "speciesId": "sceptile", "gender": "M", "shiny": false, "level": 87, "moves": ["substitute", "gigadrain", "focusblast", "leechseed"], "ability": "Overgrow", "evs": {"hp": 85, "atk": 0, "def": 85, "spa": 85, "spd": 85, "spe": 85}, "ivs": {"hp": 31, "atk": 0, "def": 31, "spa": 31, "spd": 31, "spe": 31}, "item": "Leftovers", "teraType": "Steel", "role": "Fast Support", "bvs": {"hp": 70, "atk": 85, "def": 65, "spa": 105, "spd": 85, "spe": 120}, "stats": {"hp": 264, "atk": 152, "def": 163, "spa": 232, "spd": 198, "spe": 259}, "types": ["Grass"]}}]}