{"id": "gen9randombattle-2631455528", "format": "[Gen 9] Random Battle", "players": ["Sekkari-", "YUNGCORV"], "log": "|j|\u2606Sekkari-\n|j|\u2606YUNGCORV\n|t:|1781386799\n|gametype|singles\n|player|p1|Sekkari-|170|2177\n|player|p2|YUNGCORV|2|2180\n|gen|9\n|tier|[Gen 9] Random Battle\n|rated|\n|rule|Species Clause: Limit one of each Pok\u00e9mon\n|rule|HP Percentage Mod: HP is shown in percentages\n|rule|Sleep Clause Mod: Limit one foe put to sleep\n|rule|Illusion Level Mod: Illusion disguises the Pok\u00e9mon's true level\n|\n|t:|1781386799\n|teamsize|p1|6\n|teamsize|p2|6\n|start\n|switch|p1a: Golduck|Golduck, L90, F|290/290\n|switch|p2a: Klawf|Klawf, L90, F|272/272\n|-ability|p1a: Golduck|Cloud Nine\n|turn|1\n|inactive|Battle timer is ON: inactive players will automatically lose when time's up. (requested by YUNGCORV)\n|\n|t:|1781386811\n|switch|p2a: Regice|Regice, L88|284/284\n|move|p1a: Golduck|Nasty Plot|p1a: Golduck\n|-boost|p1a: Golduck|spa|2\n|\n|upkeep\n|turn|2\n|\n|t:|1781386821\n|switch|p1a: Blissey|Blissey, L85, F|572/572\n|move|p2a: Regice|Thunder Wave|p1a: Blissey\n|-status|p1a: Blissey|par\n|\n|upkeep\n|turn|3\n|\n|t:|1781386838\n|switch|p2a: Torterra|Torterra, L78, M|276/276\n|-curestatus|p1a: Blissey|par|[from] ability: Natural Cure|[silent]\n|switch|p1a: Bronzong|Bronzong, L88|261/261\n|\n|upkeep\n|turn|4\n|\n|t:|1781386854\n|switch|p2a: Urshifu|Urshifu, L74, F|270/270\n|move|p1a: Bronzong|Iron Defense|p1a: Bronzong\n|-boost|p1a: Bronzong|def|2\n|\n|upkeep\n|turn|5\n|\n|t:|1781386861\n|move|p2a: Urshifu|Wicked Blow|p1a: Bronzong\n|-supereffective|p1a: Bronzong\n|-crit|p1a: Bronzong\n|-damage|p1a: Bronzong|3/261\n|move|p1a: Bronzong|Body Press|p2a: Urshifu\n|-supereffective|p2a: Urshifu\n|-damage|p2a: Urshifu|0 fnt\n|faint|p2a: Urshifu\n|\n|upkeep\n|\n|t:|1781386875\n|switch|p2a: Torterra|Torterra, L78, M|276/276\n|turn|6\n|\n|t:|1781386885\n|move|p2a: Torterra|Bullet Seed|p1a: Bronzong\n|-resisted|p1a: Bronzong\n|-damage|p1a: Bronzong|0 fnt\n|faint|p1a: Bronzong\n|-hitcount|p1: Bronzong|1\n|\n|upkeep\n|\n|t:|1781386897\n|switch|p1a: Infernape|Infernape, L82, F|259/259\n|turn|7\n|\n|t:|1781386910\n|switch|p2a: Grimmsnarl|Grimmsnarl, L83, M|293/293\n|move|p1a: Infernape|Flare Blitz|p2a: Grimmsnarl\n|-damage|p2a: Grimmsnarl|58/293\n|-damage|p1a: Infernape|181/259|[from] Recoil\n|\n|-heal|p2a: Grimmsnarl|76/293|[from] item: Leftovers\n|upkeep\n|turn|8\n|\n|t:|1781386928\n|move|p2a: Grimmsnarl|Parting Shot|p1a: Infernape\n|-unboost|p1a: Infernape|atk|1\n|-unboost|p1a: Infernape|spa|1\n|\n|t:|1781386931\n|switch|p2a: Klawf|Klawf, L90, F|272/272|[from] Parting Shot\n|move|p1a: Infernape|Flare Blitz|p2a: Klawf\n|-resisted|p2a: Klawf\n|-damage|p2a: Klawf|224/272\n|-damage|p1a: Infernape|165/259|[from] Recoil\n|\n|upkeep\n|turn|9\n|\n|t:|1781386948\n|switch|p1a: Golduck|Golduck, L90, F|290/290\n|-ability|p1a: Golduck|Cloud Nine\n|move|p2a: Klawf|Stone Edge|p1a: Golduck\n|-damage|p1a: Golduck|92/290\n|\n|-heal|p1a: Golduck|110/290|[from] item: Leftovers\n|upkeep\n|turn|10\n|\n|t:|1781386958\n|switch|p2a: Regice|Regice, L88|284/284\n|move|p1a: Golduck|Hydro Pump|p2a: Regice\n|-damage|p2a: Regice|215/284\n|\n|-heal|p1a: Golduck|128/290|[from] item: Leftovers\n|upkeep\n|turn|11\n|\n|t:|1781386967\n|switch|p1a: Infernape|Infernape, L82, F|165/259\n|move|p2a: Regice|Thunder Wave|p1a: Infernape\n|-status|p1a: Infernape|par\n|\n|upkeep\n|turn|12\n|\n|t:|1781386974\n|switch|p2a: Grimmsnarl|Grimmsnarl, L83, M|76/293\n|move|p1a: Infernape|Close Combat|p2a: Grimmsnarl\n|-damage|p2a: Grimmsnarl|0 fnt\n|-unboost|p1a: Infernape|def|1\n|-unboost|p1a: Infernape|spd|1\n|faint|p2a: Grimmsnarl\n|\n|upkeep\n|\n|t:|1781386993\n|switch|p2a: Hitmonlee|Hitmonlee, L85, M|223/223\n|turn|13\n|\n|t:|1781386999\n|switch|p1a: Golduck|Golduck, L90, F|128/290\n|-ability|p1a: Golduck|Cloud Nine\n|move|p2a: Hitmonlee|High Jump Kick|p1a: Golduck\n|-damage|p1a: Golduck|0 fnt\n|faint|p1a: Golduck\n|\n|upkeep\n|\n|t:|1781387001\n|switch|p1a: Chimecho|Chimecho, L93, M|290/290\n|turn|14\n|\n|t:|1781387016\n|move|p2a: Hitmonlee|High Jump Kick|p1a: Chimecho\n|-resisted|p1a: Chimecho\n|-damage|p1a: Chimecho|198/290\n|move|p1a: Chimecho|Calm Mind|p1a: Chimecho\n|-boost|p1a: Chimecho|spa|1\n|-boost|p1a: Chimecho|spd|1\n|\n|-heal|p1a: Chimecho|216/290|[from] item: Leftovers\n|upkeep\n|turn|15\n|\n|t:|1781387031\n|switch|p2a: Regice|Regice, L88|215/284\n|move|p1a: Chimecho|Psyshock|p2a: Regice\n|-damage|p2a: Regice|77/284\n|\n|-heal|p1a: Chimecho|234/290|[from] item: Leftovers\n|upkeep\n|turn|16\n|\n|t:|1781387039\n|move|p1a: Chimecho|Psyshock|p2a: Regice\n|-damage|p2a: Regice|0 fnt\n|faint|p2a: Regice\n|\n|-heal|p1a: Chimecho|252/290|[from] item: Leftovers\n|upkeep\n|\n|t:|1781387046\n|switch|p2a: Klawf|Klawf, L90, F|272/272\n|turn|17\n|\n|t:|1781387059\n|move|p2a: Klawf|Knock Off|p1a: Chimecho\n|-supereffective|p1a: Chimecho\n|-damage|p1a: Chimecho|0 fnt\n|-enditem|p1a: Chimecho|Leftovers|[from] move: Knock Off|[of] p2a: Klawf\n|faint|p1a: Chimecho\n|\n|upkeep\n|\n|t:|1781387063\n|switch|p1a: Infernape|Infernape, L82, F|165/259 par\n|turn|18\n|\n|t:|1781387071\n|move|p2a: Klawf|Knock Off|p1a: Infernape\n|-resisted|p1a: Infernape\n|-damage|p1a: Infernape|92/259 par\n|-enditem|p1a: Infernape|Choice Band|[from] move: Knock Off|[of] p2a: Klawf\n|move|p1a: Infernape|Close Combat|p2a: Klawf\n|-supereffective|p2a: Klawf\n|-damage|p2a: Klawf|80/272\n|-unboost|p1a: Infernape|def|1\n|-unboost|p1a: Infernape|spd|1\n|\n|upkeep\n|turn|19\n|\n|t:|1781387082\n|move|p2a: Klawf|Knock Off|p1a: Infernape\n|-resisted|p1a: Infernape\n|-damage|p1a: Infernape|20/259 par\n|cant|p1a: Infernape|par\n|\n|upkeep\n|turn|20\n|\n|t:|1781387088\n|move|p2a: Klawf|Knock Off|p1a: Infernape\n|-resisted|p1a: Infernape\n|-damage|p1a: Infernape|0 fnt\n|faint|p1a: Infernape\n|\n|upkeep\n|\n|t:|1781387093\n|switch|p1a: Minior|Minior-Yellow, L79|224/224\n|-formechange|p1a: Minior|Minior-Meteor||[from] ability: Shields Down\n|turn|21\n|\n|t:|1781387099\n|move|p2a: Klawf|Knock Off|p1a: Minior\n|-damage|p1a: Minior|114/224\n|-enditem|p1a: Minior|White Herb|[from] move: Knock Off|[of] p2a: Klawf\n|move|p1a: Minior|Shell Smash|p1a: Minior\n|-unboost|p1a: Minior|def|1\n|-unboost|p1a: Minior|spd|1\n|-boost|p1a: Minior|atk|2\n|-boost|p1a: Minior|spa|2\n|-boost|p1a: Minior|spe|2\n|\n|upkeep\n|turn|22\n|\n|t:|1781387114\n|move|p1a: Minior|Power Gem|p2a: Klawf\n|-damage|p2a: Klawf|0 fnt\n|faint|p2a: Klawf\n|\n|upkeep\n|\n|t:|1781387122\n|switch|p2a: Torterra|Torterra, L78, M|276/276\n|turn|23\n|\n|t:|1781387134\n|-terastallize|p1a: Minior|Steel\n|move|p1a: Minior|Acrobatics|p2a: Torterra\n|-supereffective|p2a: Torterra\n|-damage|p2a: Torterra|16/276\n|move|p2a: Torterra|Bullet Seed|p1a: Minior\n|-resisted|p1a: Minior\n|-damage|p1a: Minior|86/224\n|-resisted|p1a: Minior\n|-damage|p1a: Minior|61/224\n|-resisted|p1a: Minior\n|-damage|p1a: Minior|34/224\n|-resisted|p1a: Minior\n|-damage|p1a: Minior|6/224\n|-hitcount|p1a: Minior|4\n|\n|-formechange|p1a: Minior|Minior-Yellow||[from] ability: Shields Down\n|upkeep\n|turn|24\n|\n|t:|1781387159\n|move|p1a: Minior|Acrobatics|p2a: Torterra\n|-supereffective|p2a: Torterra\n|-damage|p2a: Torterra|0 fnt\n|faint|p2a: Torterra\n|\n|upkeep\n|\n|t:|1781387165\n|switch|p2a: Hitmonlee|Hitmonlee, L85, M|223/223\n|turn|25\n|\n|t:|1781387169\n|-terastallize|p2a: Hitmonlee|Fighting\n|move|p1a: Minior|Acrobatics|p2a: Hitmonlee\n|-supereffective|p2a: Hitmonlee\n|-damage|p2a: Hitmonlee|0 fnt\n|faint|p2a: Hitmonlee\n|\n|win|Sekkari-\n", "inputlog": ">version a8376a258c1d4662feba110a92103f3664a72141\n>start {\"formatid\":\"gen9randombattle\",\"seed\":\"sodium,b3e78a8170e028310fc8e3b91df8adf8\",\"rated\":\"Rated battle\"}\n>player p1 {\"name\":\"Sekkari-\",\"avatar\":\"170\",\"rating\":2177,\"seed\":\"sodium,2bc7cfae58f250fbebba9779c45ffc01\"}\n>player p2 {\"name\":\"YUNGCORV\",\"avatar\":\"2\",\"rating\":2180,\"seed\":\"sodium,b6659d4190d94fbd2cbeeebf16e4165e\"}\n>p1 move nastyplot\n>p2 switch 6\n>p1 switch 3\n>p2 move thunderwave\n>p1 switch 5\n>p2 switch 2\n>p1 move irondefense\n>p2 switch 4\n>p1 move bodypress\n>p2 move wickedblow\n>p2 switch 4\n>p1 move rest\n>p2 move bulletseed\n>p1 switch 4\n>p1 move flareblitz\n>p2 switch 5\n>p1 move flareblitz\n>p2 move partingshot\n>p2 switch 6\n>p1 switch 3\n>p2 move stoneedge\n>p1 move hydropump\n>p2 switch 2\n>p1 switch 3\n>p2 move thunderwave\n>p1 move closecombat\n>p2 switch 6\n>p2 switch 3\n>p1 switch 3\n>p2 move highjumpkick\n>p1 switch 6\n>p1 move calmmind\n>p2 move highjumpkick\n>p1 move psyshock\n>p2 switch 6\n>p1 move psyshock\n>p2 move thunderwave\n>p2 switch 2\n>p1 move calmmind\n>p2 move knockoff\n>p1 switch 3\n>p1 move closecombat\n>p2 move knockoff\n>p1 move closecombat\n>p2 move knockoff\n>p1 move flareblitz\n>p2 move knockoff\n>p1 switch 2\n>p1 move shellsmash\n>p2 move knockoff\n>p1 move powergem\n>p2 move knockoff\n>p2 switch 5\n>p1 move acrobatics terastallize\n>p2 move bulletseed\n>p1 move acrobatics\n>p2 move bulletseed\n>p2 switch 6\n>p1 move acrobatics\n>p2 move highjumpkick terastallize", "uploadtime": 1781386801, "views": 8, "formatid": "gen9randombattle", "rating": null, "private": 0, "password": null, "player_dets": [{"name": "Sekkari-", "avatar": "170", "rating": 2177, "seed": "sodium,2bc7cfae58f250fbebba9779c45ffc01"}, {"name": "YUNGCORV", "avatar": "2", "rating": 2180, "seed": "sodium,b6659d4190d94fbd2cbeeebf16e4165e"}], "teams_full": [{"Golduck": {"name": "Golduck", "species": "Golduck", "speciesId": "golduck", "gender": "F", "shiny": false, "level": 90, "moves": ["nastyplot", "icebeam", "grassknot", "hydropump"], "ability": "Cloud Nine", "evs": {"hp": 85, "atk": 0, "def": 85, "spa": 85, "spd": 85, "spe": 85}, "ivs": {"hp": 31, "atk": 0, "def": 31, "spa": 31, "spd": 31, "spe": 31}, "item": "Leftovers", "teraType": "Water", "role": "Bulky Setup", "bvs": {"hp": 80, "atk": 82, "def": 78, "spa": 95, "spd": 80, "spe": 85}, "stats": {"hp": 290, "atk": 152, "def": 192, "spa": 222, "spd": 195, "spe": 204}}, "Minior": {"name": "Minior", "species": "Minior-Yellow", "speciesId": "minior", "gender": "N", "shiny": false, "level": 79, "moves": ["acrobatics", "earthquake", "powergem", "shellsmash"], "ability": "Shields Down", "evs": {"hp": 85, "atk": 85, "def": 85, "spa": 85, "spd": 85, "spe": 85}, "ivs": {"hp": 31, "atk": 31, "def": 31, "spa": 31, "spd": 31, "spe": 31}, "item": "White Herb", "teraType": "Steel", "role": "Setup Sweeper", "bvs": {"hp": 60, "atk": 100, "def": 60, "spa": 100, "spd": 60, "spe": 120}, "stats": {"hp": 224, "atk": 204, "def": 140, "spa": 204, "spd": 140, "spe": 235}}, "Blissey": {"name": "Blissey", "species": "Blissey", "speciesId": "blissey", "gender": "F", "shiny": false, "level": 85, "moves": ["thunderwave", "seismictoss", "softboiled", "stealthrock"], "ability": "Natural Cure", "evs": {"hp": 85, "atk": 0, "def": 85, "spa": 85, "spd": 85, "spe": 85}, "ivs": {"hp": 31, "atk": 0, "def": 31, "spa": 31, "spd": 31, "spe": 31}, "item": "Leftovers", "teraType": "Poison", "role": "Bulky Support", "bvs": {"hp": 255, "atk": 10, "def": 10, "spa": 75, "spd": 135, "spe": 55}, "stats": {"hp": 572, "atk": 22, "def": 66, "spa": 176, "spd": 278, "spe": 142}}, "Infernape": {"name": "Infernape", "species": "Infernape", "speciesId": "infernape", "gender": "F", "shiny": false, "level": 82, "moves": ["knockoff", "stoneedge", "closecombat", "flareblitz"], "ability": "Blaze", "evs": {"hp": 85, "atk": 85, "def": 85, "spa": 85, "spd": 85, "spe": 85}, "ivs": {"hp": 31, "atk": 31, "def": 31, "spa": 31, "spd": 31, "spe": 31}, "item": "Choice Band", "teraType": "Dark", "role": "Fast Support", "bvs": {"hp": 76, "atk": 104, "def": 71, "spa": 104, "spd": 71, "spe": 108}, "stats": {"hp": 259, "atk": 218, "def": 164, "spa": 218, "spd": 164, "spe": 224}}, "Bronzong": {"name": "Bronzong", "species": "Bronzong", "speciesId": "bronzong", "gender": "N", "shiny": false, "level": 88, "moves": ["bodypress", "irondefense", "psychicnoise", "rest"], "ability": "Levitate", "evs": {"hp": 85, "atk": 0, "def": 85, "spa": 85, "spd": 85, "spe": 85}, "ivs": {"hp": 31, "atk": 0, "def": 31, "spa": 31, "spd": 31, "spe": 31}, "item": "Chesto Berry", "teraType": "Fighting", "role": "Bulky Setup", "bvs": {"hp": 67, "atk": 89, "def": 116, "spa": 79, "spd": 116, "spe": 33}, "stats": {"hp": 261, "atk": 161, "def": 254, "spa": 189, "spd": 254, "spe": 108}}, "Chimecho": {"name": "Chimecho", "species": "Chimecho", "speciesId": "chimecho", "gender": "M", "shiny": false, "level": 93, "moves": ["psyshock", "dazzlinggleam", "calmmind", "recover"], "ability": "Levitate", "evs": {"hp": 85, "atk": 0, "def": 85, "spa": 85, "spd": 85, "spe": 85}, "ivs": {"hp": 31, "atk": 0, "def": 31, "spa": 31, "spd": 31, "spe": 31}, "item": "Leftovers", "teraType": "Poison", "role": "Bulky Setup", "bvs": {"hp": 75, "atk": 50, "def": 80, "spa": 95, "spd": 90, "spe": 65}, "stats": {"hp": 290, "atk": 98, "def": 202, "spa": 230, "spd": 220, "spe": 174}}}, {"Klawf": {"name": "Klawf", "species": "Klawf", "speciesId": "klawf", "gender": "F", "shiny": false, "level": 90, "moves": ["crabhammer", "knockoff", "highhorsepower", "stoneedge"], "ability": "Regenerator", "evs": {"hp": 85, "atk": 85, "def": 85, "spa": 85, "spd": 85, "spe": 85}, "ivs": {"hp": 31, "atk": 31, "def": 31, "spa": 31, "spd": 31, "spe": 31}, "item": "Choice Band", "teraType": "Ground", "role": "Fast Attacker", "bvs": {"hp": 70, "atk": 100, "def": 115, "spa": 35, "spd": 55, "spe": 75}, "stats": {"hp": 272, "atk": 231, "def": 258, "spa": 114, "spd": 150, "spe": 186}}, "Torterra": {"name": "Torterra", "species": "Torterra", "speciesId": "torterra", "gender": "M", "shiny": false, "level": 78, "moves": ["headlongrush", "bulletseed", "rockblast", "shellsmash"], "ability": "Overgrow", "evs": {"hp": 85, "atk": 85, "def": 85, "spa": 85, "spd": 85, "spe": 85}, "ivs": {"hp": 31, "atk": 31, "def": 31, "spa": 31, "spd": 31, "spe": 31}, "item": "Loaded Dice", "teraType": "Rock", "role": "Setup Sweeper", "bvs": {"hp": 95, "atk": 109, "def": 105, "spa": 75, "spd": 85, "spe": 56}, "stats": {"hp": 276, "atk": 215, "def": 209, "spa": 162, "spd": 178, "spe": 132}}, "Hitmonlee": {"name": "Hitmonlee", "species": "Hitmonlee", "speciesId": "hitmonlee", "gender": "M", "shiny": false, "level": 85, "moves": ["highjumpkick", "knockoff", "poisonjab", "stoneedge"], "ability": "Reckless", "evs": {"hp": 81, "atk": 85, "def": 85, "spa": 85, "spd": 85, "spe": 85}, "ivs": {"hp": 31, "atk": 31, "def": 31, "spa": 31, "spd": 31, "spe": 31}, "item": "Choice Scarf", "teraType": "Fighting", "role": "Fast Attacker", "bvs": {"hp": 50, "atk": 120, "def": 53, "spa": 35, "spd": 110, "spe": 87}, "stats": {"hp": 223, "atk": 253, "def": 139, "spa": 108, "spd": 236, "spe": 197}}, "Urshifu": {"name": "Urshifu", "species": "Urshifu", "speciesId": "urshifu", "gender": "F", "shiny": false, "level": 74, "moves": ["wickedblow", "suckerpunch", "closecombat", "uturn"], "ability": "Unseen Fist", "evs": {"hp": 85, "atk": 85, "def": 85, "spa": 85, "spd": 85, "spe": 85}, "ivs": {"hp": 31, "atk": 31, "def": 31, "spa": 31, "spd": 31, "spe": 31}, "item": "Choice Band", "teraType": "Dark", "role": "Fast Attacker", "bvs": {"hp": 100, "atk": 130, "def": 100, "spa": 63, "spd": 60, "spe": 97}, "stats": {"hp": 270, "atk": 235, "def": 191, "spa": 136, "spd": 132, "spe": 187}}, "Grimmsnarl": {"name": "Grimmsnarl", "species": "Grimmsnarl", "speciesId": "grimmsnarl", "gender": "M", "shiny": false, "level": 83, "moves": ["spiritbreak", "suckerpunch", "partingshot", "taunt"], "ability": "Prankster", "evs": {"hp": 85, "atk": 85, "def": 85, "spa": 85, "spd": 85, "spe": 85}, "ivs": {"hp": 31, "atk": 31, "def": 31, "spa": 31, "spd": 31, "spe": 31}, "item": "Leftovers", "teraType": "Steel", "role": "Bulky Attacker", "bvs": {"hp": 95, "atk": 120, "def": 65, "spa": 95, "spd": 75, "spe": 60}, "stats": {"hp": 293, "atk": 247, "def": 156, "spa": 205, "spd": 172, "spe": 147}}, "Regice": {"name": "Regice", "species": "Regice", "speciesId": "regice", "gender": "N", "shiny": false, "level": 88, "moves": ["icebeam", "thunderwave", "bodypress", "thunderbolt"], "ability": "Clear Body", "evs": {"hp": 85, "atk": 0, "def": 85, "spa": 85, "spd": 85, "spe": 85}, "ivs": {"hp": 31, "atk": 0, "def": 31, "spa": 31, "spd": 31, "spe": 31}, "item": "Heavy-Duty Boots", "teraType": "Electric", "role": "Bulky Attacker", "bvs": {"hp": 80, "atk": 50, "def": 100, "spa": 100, "spd": 200, "spe": 50}, "stats": {"hp": 284, "atk": 93, "def": 226, "spa": 226, "spd": 402, "spe": 138}}}]}