{"id": "gen9randombattle-2631944356", "format": "[Gen 9] Random Battle", "players": ["Dusancetetuci", "Ethman917"], "log": "|j|\u2606Dusancetetuci\n|j|\u2606Ethman917\n|t:|1781458405\n|gametype|singles\n|player|p1|Dusancetetuci|wallace|1561\n|player|p2|Ethman917|101|1531\n|gen|9\n|tier|[Gen 9] Random Battle\n|rated|\n|rule|Species Clause: Limit one of each Pok\u00e9mon\n|rule|HP Percentage Mod: HP is shown in percentages\n|rule|Sleep Clause Mod: Limit one foe put to sleep\n|rule|Illusion Level Mod: Illusion disguises the Pok\u00e9mon's true level\n|\n|t:|1781458405\n|teamsize|p1|6\n|teamsize|p2|6\n|start\n|switch|p1a: Iron Treads|Iron Treads, L77|265/265\n|switch|p2a: Great Tusk|Great Tusk, L77|304/304\n|turn|1\n|inactive|Battle timer is ON: inactive players will automatically lose when time's up. (requested by Ethman917)\n|c|\u2606Dusancetetuci|Well now\n|\n|t:|1781458424\n|-end|p1a: Iron Treads|Quark Drive|[silent]\n|switch|p1a: Swanna|Swanna, L89, F|278/278\n|move|p2a: Great Tusk|Bulk Up|p2a: Great Tusk\n|-boost|p2a: Great Tusk|atk|1\n|-boost|p2a: Great Tusk|def|1\n|\n|upkeep\n|turn|2\n|\n|t:|1781458433\n|-end|p2a: Great Tusk|Protosynthesis|[silent]\n|switch|p2a: Luxray|Luxray, L88, F|284/284\n|-ability|p2a: Luxray|Intimidate|boost\n|-unboost|p1a: Swanna|atk|1\n|move|p1a: Swanna|Hydro Pump|p2a: Luxray|[miss]\n|-miss|p1a: Swanna|p2a: Luxray\n|\n|upkeep\n|turn|3\n|\n|t:|1781458446\n|switch|p1a: Iron Treads|Iron Treads, L77|265/265\n|move|p2a: Luxray|Volt Switch|p1a: Iron Treads\n|-immune|p1a: Iron Treads\n|\n|upkeep\n|turn|4\n|\n|t:|1781458452\n|switch|p2a: Virizion|Virizion, L82|283/283\n|move|p1a: Iron Treads|Stealth Rock|p2a: Virizion\n|-sidestart|p2: Ethman917|move: Stealth Rock\n|\n|upkeep\n|turn|5\n|\n|t:|1781458460\n|-end|p1a: Iron Treads|Quark Drive|[silent]\n|switch|p1a: Swanna|Swanna, L89, F|278/278\n|move|p2a: Virizion|Stone Edge|p1a: Swanna|[miss]\n|-miss|p2a: Virizion|p1a: Swanna\n|\n|upkeep\n|turn|6\n|\n|t:|1781458468\n|switch|p2a: Jirachi|Jirachi, L80|291/291\n|-damage|p2a: Jirachi|273/291|[from] Stealth Rock\n|move|p1a: Swanna|Brave Bird|p2a: Jirachi\n|-resisted|p2a: Jirachi\n|-damage|p2a: Jirachi|210/291\n|-damage|p1a: Swanna|257/278|[from] Recoil\n|\n|upkeep\n|turn|7\n|\n|t:|1781458487\n|move|p2a: Jirachi|Psychic|p1a: Swanna\n|-damage|p1a: Swanna|148/278\n|move|p1a: Swanna|Hydro Pump|p2a: Jirachi\n|-damage|p2a: Jirachi|102/291\n|\n|upkeep\n|turn|8\n|\n|t:|1781458514\n|switch|p2a: Luxray|Luxray, L88, F|284/284\n|-damage|p2a: Luxray|249/284|[from] Stealth Rock\n|-ability|p2a: Luxray|Intimidate|boost\n|-unboost|p1a: Swanna|atk|1\n|move|p1a: Swanna|Hydro Pump|p2a: Luxray\n|-damage|p2a: Luxray|159/284\n|\n|upkeep\n|turn|9\n|c|\u2606Dusancetetuci|That wasnt a Jirachi\n|inactive|Dusancetetuci has 120 seconds left.\n|c|\u2606Dusancetetuci|Wait no it was, but how did it outspeed\n|inactive|Dusancetetuci has 90 seconds left.\n|\n|t:|1781458562\n|switch|p1a: Iron Treads|Iron Treads, L77|265/265\n|move|p2a: Luxray|Volt Switch|p1a: Iron Treads\n|-immune|p1a: Iron Treads\n|\n|upkeep\n|turn|10\n|\n|t:|1781458570\n|switch|p2a: Great Tusk|Great Tusk, L77|304/304\n|-damage|p2a: Great Tusk|295/304|[from] Stealth Rock\n|move|p1a: Iron Treads|Rapid Spin|p2a: Great Tusk\n|-damage|p2a: Great Tusk|266/304\n|-boost|p1a: Iron Treads|spe|1\n|\n|-heal|p2a: Great Tusk|285/304|[from] item: Leftovers\n|upkeep\n|turn|11\n|\n|t:|1781458585\n|-end|p1a: Iron Treads|Quark Drive|[silent]\n|switch|p1a: Swanna|Swanna, L89, F|148/278\n|move|p2a: Great Tusk|Rapid Spin|p1a: Swanna\n|-damage|p1a: Swanna|105/278\n|-boost|p2a: Great Tusk|spe|1\n|-sideend|p2: Ethman917|Stealth Rock|[from] move: Rapid Spin|[of] p2a: Great Tusk\n|\n|-heal|p2a: Great Tusk|304/304|[from] item: Leftovers\n|upkeep\n|turn|12\n|\n|t:|1781458596\n|-end|p2a: Great Tusk|Protosynthesis|[silent]\n|switch|p2a: Luxray|Luxray, L88, F|159/284\n|-ability|p2a: Luxray|Intimidate|boost\n|-unboost|p1a: Swanna|atk|1\n|move|p1a: Swanna|Roost|p1a: Swanna\n|-heal|p1a: Swanna|244/278\n|-singleturn|p1a: Swanna|move: Roost\n|\n|upkeep\n|turn|13\n|\n|t:|1781458606\n|switch|p1a: Iron Treads|Iron Treads, L77|265/265\n|move|p2a: Luxray|Ice Fang|p1a: Iron Treads\n|-damage|p1a: Iron Treads|211/265\n|\n|-heal|p1a: Iron Treads|227/265|[from] item: Leftovers\n|upkeep\n|turn|14\n|\n|t:|1781458614\n|switch|p2a: Great Tusk|Great Tusk, L77|304/304\n|move|p1a: Iron Treads|Stealth Rock|p2a: Great Tusk\n|-sidestart|p2: Ethman917|move: Stealth Rock\n|\n|-heal|p1a: Iron Treads|243/265|[from] item: Leftovers\n|upkeep\n|turn|15\n|\n|t:|1781458621\n|-end|p1a: Iron Treads|Quark Drive|[silent]\n|switch|p1a: Swanna|Swanna, L89, F|244/278\n|move|p2a: Great Tusk|Rapid Spin|p1a: Swanna\n|-damage|p1a: Swanna|200/278\n|-boost|p2a: Great Tusk|spe|1\n|-sideend|p2: Ethman917|Stealth Rock|[from] move: Rapid Spin|[of] p2a: Great Tusk\n|\n|upkeep\n|turn|16\n|\n|t:|1781458631\n|-end|p2a: Great Tusk|Protosynthesis|[silent]\n|switch|p2a: Luxray|Luxray, L88, F|159/284\n|-ability|p2a: Luxray|Intimidate|boost\n|-unboost|p1a: Swanna|atk|1\n|move|p1a: Swanna|Hydro Pump|p2a: Luxray\n|-damage|p2a: Luxray|78/284\n|\n|upkeep\n|turn|17\n|\n|t:|1781458638\n|move|p1a: Swanna|Hydro Pump|p2a: Luxray\n|-damage|p2a: Luxray|0 fnt\n|faint|p2a: Luxray\n|\n|upkeep\n|\n|t:|1781458641\n|switch|p2a: Drednaw|Drednaw, L81, M|278/278\n|turn|18\n|\n|t:|1781458648\n|switch|p1a: Iron Treads|Iron Treads, L77|243/265\n|move|p2a: Drednaw|Shell Smash|p2a: Drednaw\n|-unboost|p2a: Drednaw|def|1\n|-unboost|p2a: Drednaw|spd|1\n|-boost|p2a: Drednaw|atk|2\n|-boost|p2a: Drednaw|spa|2\n|-boost|p2a: Drednaw|spe|2\n|-enditem|p2a: Drednaw|White Herb\n|-clearnegativeboost|p2a: Drednaw|[silent]\n|\n|-heal|p1a: Iron Treads|259/265|[from] item: Leftovers\n|upkeep\n|turn|19\n|\n|t:|1781458658\n|move|p2a: Drednaw|Liquidation|p1a: Iron Treads\n|-supereffective|p1a: Iron Treads\n|-damage|p1a: Iron Treads|0 fnt\n|faint|p1a: Iron Treads\n|-end|p1a: Iron Treads|Quark Drive|[silent]\n|\n|upkeep\n|\n|t:|1781458661\n|switch|p1a: Ariados|Ariados, L95, M|287/287\n|turn|20\n|\n|t:|1781458669\n|move|p2a: Drednaw|Stone Edge|p1a: Ariados\n|-supereffective|p1a: Ariados\n|-damage|p1a: Ariados|0 fnt\n|faint|p1a: Ariados\n|\n|upkeep\n|\n|t:|1781458679\n|switch|p1a: Zamazenta|Zamazenta-Crowned, L68|238/238\n|-ability|p1a: Zamazenta|Dauntless Shield|boost\n|-boost|p1a: Zamazenta|def|1\n|turn|21\n|\n|t:|1781458683\n|move|p2a: Drednaw|Earthquake|p1a: Zamazenta\n|-supereffective|p1a: Zamazenta\n|-damage|p1a: Zamazenta|70/238\n|move|p1a: Zamazenta|Iron Defense|p1a: Zamazenta\n|-boost|p1a: Zamazenta|def|2\n|\n|upkeep\n|turn|22\n|\n|t:|1781458693\n|-terastallize|p1a: Zamazenta|Ghost\n|move|p2a: Drednaw|Earthquake|p1a: Zamazenta\n|-damage|p1a: Zamazenta|19/238\n|move|p1a: Zamazenta|Body Press|p2a: Drednaw\n|-supereffective|p2a: Drednaw\n|-damage|p2a: Drednaw|0 fnt\n|faint|p2a: Drednaw\n|\n|upkeep\n|\n|t:|1781458699\n|switch|p2a: Jirachi|Jirachi, L80|102/291\n|turn|23\n|\n|t:|1781458706\n|move|p2a: Jirachi|Psychic|p1a: Zamazenta\n|-damage|p1a: Zamazenta|0 fnt\n|faint|p1a: Zamazenta\n|\n|upkeep\n|\n|t:|1781458717\n|switch|p1a: Swanna|Swanna, L89, F|200/278\n|turn|24\n|\n|t:|1781458721\n|move|p2a: Jirachi|Psychic|p1a: Swanna\n|-damage|p1a: Swanna|83/278\n|move|p1a: Swanna|Hydro Pump|p2a: Jirachi\n|-damage|p2a: Jirachi|0 fnt\n|faint|p2a: Jirachi\n|\n|upkeep\n|\n|t:|1781458728\n|switch|p2a: Arceus|Arceus-Fairy, L69|280/280\n|turn|25\n|\n|t:|1781458732\n|move|p1a: Swanna|Roost|p1a: Swanna\n|-heal|p1a: Swanna|222/278\n|-singleturn|p1a: Swanna|move: Roost\n|move|p2a: Arceus|Judgment|p1a: Swanna\n|-damage|p1a: Swanna|89/278\n|\n|upkeep\n|turn|26\n|\n|t:|1781458738\n|move|p1a: Swanna|Roost|p1a: Swanna\n|-heal|p1a: Swanna|228/278\n|-singleturn|p1a: Swanna|move: Roost\n|move|p2a: Arceus|Calm Mind|p2a: Arceus\n|-boost|p2a: Arceus|spa|1\n|-boost|p2a: Arceus|spd|1\n|\n|upkeep\n|turn|27\n|\n|t:|1781458750\n|move|p1a: Swanna|Flip Turn|p2a: Arceus\n|-damage|p2a: Arceus|220/280\n|\n|t:|1781458754\n|switch|p1a: Arbok|Arbok, L87, M|246/246|[from] Flip Turn\n|-ability|p1a: Arbok|Intimidate|boost\n|-unboost|p2a: Arceus|atk|1\n|move|p2a: Arceus|Recover|p2a: Arceus\n|-heal|p2a: Arceus|280/280\n|\n|upkeep\n|turn|28\n|\n|t:|1781458761\n|-terastallize|p2a: Arceus|Ground\n|move|p2a: Arceus|Earth Power|p1a: Arbok\n|-supereffective|p1a: Arbok\n|-damage|p1a: Arbok|22/246\n|move|p1a: Arbok|Coil|p1a: Arbok\n|-boost|p1a: Arbok|atk|1\n|-boost|p1a: Arbok|def|1\n|-boost|p1a: Arbok|accuracy|1\n|\n|-heal|p1a: Arbok|37/246|[from] item: Leftovers\n|upkeep\n|turn|29\n|\n|t:|1781458771\n|move|p1a: Arbok|Sucker Punch|p2a: Arceus\n|-damage|p2a: Arceus|204/280\n|move|p2a: Arceus|Earth Power|p1a: Arbok\n|-supereffective|p1a: Arbok\n|-damage|p1a: Arbok|0 fnt\n|faint|p1a: Arbok\n|\n|upkeep\n|\n|t:|1781458774\n|switch|p1a: Snorlax|Snorlax, L82, M|397/397\n|turn|30\n|\n|t:|1781458784\n|switch|p2a: Great Tusk|Great Tusk, L77|304/304\n|move|p1a: Snorlax|Body Slam|p2a: Great Tusk\n|-damage|p2a: Great Tusk|225/304\n|\n|-heal|p2a: Great Tusk|244/304|[from] item: Leftovers\n|upkeep\n|turn|31\n|\n|t:|1781458794\n|move|p2a: Great Tusk|Bulk Up|p2a: Great Tusk\n|-boost|p2a: Great Tusk|atk|1\n|-boost|p2a: Great Tusk|def|1\n|move|p1a: Snorlax|Body Slam|p2a: Great Tusk\n|-damage|p2a: Great Tusk|198/304\n|-status|p2a: Great Tusk|par\n|\n|-heal|p2a: Great Tusk|217/304 par|[from] item: Leftovers\n|upkeep\n|turn|32\n|\n|t:|1781458799\n|move|p1a: Snorlax|Curse|p1a: Snorlax\n|-unboost|p1a: Snorlax|spe|1\n|-boost|p1a: Snorlax|atk|1\n|-boost|p1a: Snorlax|def|1\n|move|p2a: Great Tusk|Rapid Spin|p1a: Snorlax\n|-damage|p1a: Snorlax|344/397\n|-boost|p2a: Great Tusk|spe|1\n|\n|-heal|p2a: Great Tusk|236/304 par|[from] item: Leftovers\n|-heal|p1a: Snorlax|368/397|[from] item: Leftovers\n|upkeep\n|turn|33\n|\n|t:|1781458805\n|cant|p2a: Great Tusk|par\n|move|p1a: Snorlax|Curse|p1a: Snorlax\n|-unboost|p1a: Snorlax|spe|1\n|-boost|p1a: Snorlax|atk|1\n|-boost|p1a: Snorlax|def|1\n|\n|-heal|p2a: Great Tusk|255/304 par|[from] item: Leftovers\n|-heal|p1a: Snorlax|392/397|[from] item: Leftovers\n|upkeep\n|turn|34\n|\n|t:|1781458808\n|move|p2a: Great Tusk|Close Combat|p1a: Snorlax\n|-supereffective|p1a: Snorlax\n|-damage|p1a: Snorlax|122/397\n|-unboost|p2a: Great Tusk|def|1\n|-unboost|p2a: Great Tusk|spd|1\n|move|p1a: Snorlax|Curse|p1a: Snorlax\n|-unboost|p1a: Snorlax|spe|1\n|-boost|p1a: Snorlax|atk|1\n|-boost|p1a: Snorlax|def|1\n|\n|-heal|p2a: Great Tusk|274/304 par|[from] item: Leftovers\n|-heal|p1a: Snorlax|146/397|[from] item: Leftovers\n|upkeep\n|turn|35\n|\n|t:|1781458814\n|move|p2a: Great Tusk|Close Combat|p1a: Snorlax\n|-supereffective|p1a: Snorlax\n|-damage|p1a: Snorlax|0 fnt\n|-unboost|p2a: Great Tusk|def|1\n|-unboost|p2a: Great Tusk|spd|1\n|faint|p1a: Snorlax\n|\n|-heal|p2a: Great Tusk|293/304 par|[from] item: Leftovers\n|upkeep\n|\n|t:|1781458816\n|switch|p1a: Swanna|Swanna, L89, F|228/278\n|turn|36\n|\n|t:|1781458820\n|move|p1a: Swanna|Brave Bird|p2a: Great Tusk\n|-supereffective|p2a: Great Tusk\n|-damage|p2a: Great Tusk|0 fnt\n|faint|p2a: Great Tusk\n|-end|p2a: Great Tusk|Protosynthesis|[silent]\n|-damage|p1a: Swanna|131/278|[from] Recoil\n|\n|upkeep\n|\n|t:|1781458822\n|switch|p2a: Virizion|Virizion, L82|283/283\n|turn|37\n|\n|t:|1781458825\n|move|p1a: Swanna|Brave Bird|p2a: Virizion\n|-supereffective|p2a: Virizion\n|-damage|p2a: Virizion|0 fnt\n|faint|p2a: Virizion\n|-damage|p1a: Swanna|38/278|[from] Recoil\n|\n|upkeep\n|\n|t:|1781458828\n|switch|p2a: Arceus|Arceus-Fairy, L69, tera:Ground|204/280\n|turn|38\n|c|\u2606Dusancetetuci|GG\n|\n|t:|1781458834\n|move|p1a: Swanna|Hydro Pump|p2a: Arceus\n|-supereffective|p2a: Arceus\n|-damage|p2a: Arceus|0 fnt\n|faint|p2a: Arceus\n|\n|win|Dusancetetuci\n|raw|Dusancetetuci's rating: 1561 &rarr; <strong>1579</strong><br />(+18 for winning)\n|raw|Ethman917's rating: 1531 &rarr; <strong>1513</strong><br />(-18 for losing)\n|l|\u2606Ethman917\n|player|p2|\n", "inputlog": ">version a8376a258c1d4662feba110a92103f3664a72141\n>start {\"formatid\":\"gen9randombattle\",\"seed\":\"sodium,76b04f747de84b4c610b9a4c6cc20ae0\",\"rated\":\"Rated battle\"}\n>player p1 {\"name\":\"Dusancetetuci\",\"avatar\":\"wallace\",\"rating\":1561,\"seed\":\"sodium,b076851291af973d192d9e70174d2e06\"}\n>player p2 {\"name\":\"Ethman917\",\"avatar\":\"101\",\"rating\":1531,\"seed\":\"sodium,33529981c75d80d2c0c3e484e6c59240\"}\n>chat \u2606Dusancetetuci|Well now\n>p1 switch 2\n>p2 move bulkup\n>p1 move hydropump\n>p2 switch 2\n>p1 switch 2\n>p2 move voltswitch\n>p1 move stealthrock\n>p2 switch 4\n>p1 switch 2\n>p2 move stoneedge\n>p1 move bravebird\n>p2 switch 5\n>p1 move hydropump\n>p2 move psychic\n>p1 move hydropump\n>p2 switch 4\n>chat \u2606Dusancetetuci|That wasnt a Jirachi\n>chat \u2606Dusancetetuci|Wait no it was, but how did it outspeed\n>p1 switch 2\n>p2 move voltswitch\n>p1 move rapidspin\n>p2 switch 2\n>p1 switch 2\n>p2 move rapidspin\n>p1 move roost\n>p2 switch 2\n>p1 switch 2\n>p2 move icefang\n>p1 move stealthrock\n>p2 switch 2\n>p1 switch 2\n>p2 move rapidspin\n>p1 move hydropump\n>p2 switch 2\n>p1 move hydropump\n>p2 move wildcharge\n>p2 switch 3\n>p1 switch 2\n>p2 move shellsmash\n>p1 move earthquake\n>p2 move liquidation\n>p1 switch 4\n>p1 move megahorn\n>p2 move stoneedge\n>p1 switch 3\n>p1 move irondefense\n>p2 move earthquake\n>p1 move bodypress terastallize\n>p2 move earthquake\n>p2 switch 4\n>p1 move bodypress\n>p2 move psychic\n>p1 switch 2\n>p1 move hydropump\n>p2 move psychic\n>p2 switch 6\n>p1 move roost\n>p2 move judgment\n>p1 move roost\n>p2 move calmmind\n>p1 move flipturn\n>p2 move recover\n>p1 switch 5\n>p1 move coil\n>p2 move earthpower terastallize\n>p1 move suckerpunch\n>p2 move earthpower\n>p1 switch 6\n>p1 move bodyslam\n>p2 switch 2\n>p1 move bodyslam\n>p2 move bulkup\n>p1 move curse\n>p2 move rapidspin\n>p1 move curse\n>p2 move closecombat\n>p1 move curse\n>p2 move closecombat\n>p1 move rest\n>p2 move closecombat\n>p1 switch 5\n>p1 move bravebird\n>p2 move closecombat\n>p2 switch 5\n>p1 move bravebird\n>p2 move stoneedge\n>p2 switch 2\n>chat \u2606Dusancetetuci|GG\n>p1 move hydropump\n>p2 move judgment", "uploadtime": 1781458840, "views": 4, "formatid": "gen9randombattle", "rating": 1513, "private": 0, "password": null, "player_dets": [{"name": "Dusancetetuci", "avatar": "wallace", "rating": 1561, "seed": "sodium,b076851291af973d192d9e70174d2e06"}, {"name": "Ethman917", "avatar": "101", "rating": 1531, "seed": "sodium,33529981c75d80d2c0c3e484e6c59240"}], "teams_full": [{"Iron Treads": {"name": "Iron Treads", "species": "Iron Treads", "speciesId": "irontreads", "gender": "N", "shiny": false, "level": 77, "moves": ["earthquake", "rapidspin", "stealthrock", "ironhead"], "ability": "Quark Drive", "evs": {"hp": 85, "atk": 85, "def": 85, "spa": 85, "spd": 85, "spe": 85}, "ivs": {"hp": 31, "atk": 31, "def": 31, "spa": 31, "spd": 31, "spe": 31}, "item": "Leftovers", "teraType": "Dragon", "role": "Bulky Support", "bvs": {"hp": 90, "atk": 112, "def": 120, "spa": 72, "spd": 70, "spe": 106}, "stats": {"hp": 265, "atk": 217, "def": 229, "spa": 155, "spd": 152, "spe": 208}}, "Swanna": {"name": "Swanna", "species": "Swanna", "speciesId": "swanna", "gender": "F", "shiny": false, "level": 89, "moves": ["bravebird", "hydropump", "roost", "flipturn"], "ability": "Hydration", "evs": {"hp": 85, "atk": 85, "def": 85, "spa": 85, "spd": 85, "spe": 85}, "ivs": {"hp": 31, "atk": 31, "def": 31, "spa": 31, "spd": 31, "spe": 31}, "item": "Heavy-Duty Boots", "teraType": "Ground", "role": "Bulky Support", "bvs": {"hp": 75, "atk": 87, "def": 63, "spa": 87, "spd": 63, "spe": 98}, "stats": {"hp": 278, "atk": 206, "def": 163, "spa": 206, "spd": 163, "spe": 225}}, "Zamazenta": {"name": "Zamazenta", "species": "Zamazenta", "speciesId": "zamazentacrowned", "gender": "N", "shiny": false, "level": 68, "moves": ["heavyslam", "stoneedge", "irondefense", "bodypress"], "ability": "Dauntless Shield", "evs": {"hp": 85, "atk": 85, "def": 85, "spa": 85, "spd": 85, "spe": 85}, "ivs": {"hp": 31, "atk": 31, "def": 31, "spa": 31, "spd": 31, "spe": 31}, "item": "Rusted Shield", "teraType": "Ghost", "role": "Bulky Setup", "bvs": {"hp": 92, "atk": 120, "def": 140, "spa": 80, "spd": 140, "spe": 128}, "stats": {"hp": 238, "atk": 203, "def": 230, "spa": 149, "spd": 230, "spe": 214}}, "Ariados": {"name": "Ariados", "species": "Ariados", "speciesId": "ariados", "gender": "M", "shiny": false, "level": 95, "moves": ["megahorn", "toxicspikes", "stickyweb", "poisonjab"], "ability": "Insomnia", "evs": {"hp": 85, "atk": 85, "def": 85, "spa": 85, "spd": 85, "spe": 85}, "ivs": {"hp": 31, "atk": 31, "def": 31, "spa": 31, "spd": 31, "spe": 31}, "item": "Heavy-Duty Boots", "teraType": "Ghost", "role": "Fast Support", "bvs": {"hp": 70, "atk": 90, "def": 70, "spa": 60, "spd": 70, "spe": 40}, "stats": {"hp": 287, "atk": 225, "def": 187, "spa": 168, "spd": 187, "spe": 130}}, "Arbok": {"name": "Arbok", "species": "Arbok", "speciesId": "arbok", "gender": "M", "shiny": false, "level": 87, "moves": ["suckerpunch", "earthquake", "coil", "gunkshot"], "ability": "Intimidate", "evs": {"hp": 85, "atk": 85, "def": 85, "spa": 85, "spd": 85, "spe": 85}, "ivs": {"hp": 31, "atk": 31, "def": 31, "spa": 31, "spd": 31, "spe": 31}, "item": "Leftovers", "teraType": "Dark", "role": "Bulky Attacker", "bvs": {"hp": 60, "atk": 95, "def": 69, "spa": 65, "spd": 79, "spe": 80}, "stats": {"hp": 246, "atk": 215, "def": 170, "spa": 163, "spd": 187, "spe": 189}}, "Snorlax": {"name": "Snorlax", "species": "Snorlax", "speciesId": "snorlax", "gender": "M", "shiny": false, "level": 82, "moves": ["curse", "sleeptalk", "bodyslam", "rest"], "ability": "Thick Fat", "evs": {"hp": 85, "atk": 85, "def": 85, "spa": 85, "spd": 85, "spe": 85}, "ivs": {"hp": 31, "atk": 31, "def": 31, "spa": 31, "spd": 31, "spe": 31}, "item": "Leftovers", "teraType": "Poison", "role": "Bulky Attacker", "bvs": {"hp": 160, "atk": 110, "def": 65, "spa": 65, "spd": 110, "spe": 30}, "stats": {"hp": 397, "atk": 228, "def": 154, "spa": 154, "spd": 228, "spe": 96}}}, {"Great Tusk": {"name": "Great Tusk", "species": "Great Tusk", "speciesId": "greattusk", "gender": "N", "shiny": false, "level": 77, "moves": ["bulkup", "closecombat", "earthquake", "rapidspin"], "ability": "Protosynthesis", "evs": {"hp": 85, "atk": 85, "def": 85, "spa": 85, "spd": 85, "spe": 85}, "ivs": {"hp": 31, "atk": 31, "def": 31, "spa": 31, "spd": 31, "spe": 31}, "item": "Leftovers", "teraType": "Steel", "role": "Bulky Setup", "bvs": {"hp": 115, "atk": 131, "def": 131, "spa": 53, "spd": 53, "spe": 87}, "stats": {"hp": 304, "atk": 246, "def": 246, "spa": 126, "spd": 126, "spe": 179}}, "Luxray": {"name": "Luxray", "species": "Luxray", "speciesId": "luxray", "gender": "F", "shiny": false, "level": 88, "moves": ["playrough", "icefang", "wildcharge", "voltswitch"], "ability": "Intimidate", "evs": {"hp": 85, "atk": 85, "def": 85, "spa": 85, "spd": 85, "spe": 85}, "ivs": {"hp": 31, "atk": 31, "def": 31, "spa": 31, "spd": 31, "spe": 31}, "item": "Assault Vest", "teraType": "Electric", "role": "AV Pivot", "bvs": {"hp": 80, "atk": 120, "def": 79, "spa": 95, "spd": 79, "spe": 70}, "stats": {"hp": 284, "atk": 261, "def": 189, "spa": 217, "spd": 189, "spe": 173}}, "Drednaw": {"name": "Drednaw", "species": "Drednaw", "speciesId": "drednaw", "gender": "M", "shiny": false, "level": 81, "moves": ["liquidation", "shellsmash", "stoneedge", "earthquake"], "ability": "Shell Armor", "evs": {"hp": 85, "atk": 85, "def": 85, "spa": 85, "spd": 85, "spe": 85}, "ivs": {"hp": 31, "atk": 31, "def": 31, "spa": 31, "spd": 31, "spe": 31}, "item": "White Herb", "teraType": "Water", "role": "Fast Bulky Setup", "bvs": {"hp": 90, "atk": 115, "def": 90, "spa": 48, "spd": 68, "spe": 74}, "stats": {"hp": 278, "atk": 233, "def": 192, "spa": 124, "spd": 157, "spe": 167}}, "Virizion": {"name": "Virizion", "species": "Virizion", "speciesId": "virizion", "gender": "N", "shiny": false, "level": 82, "moves": ["swordsdance", "leafblade", "stoneedge", "closecombat"], "ability": "Justified", "evs": {"hp": 85, "atk": 85, "def": 85, "spa": 85, "spd": 85, "spe": 85}, "ivs": {"hp": 31, "atk": 31, "def": 31, "spa": 31, "spd": 31, "spe": 31}, "item": "Life Orb", "teraType": "Rock", "role": "Setup Sweeper", "bvs": {"hp": 91, "atk": 90, "def": 72, "spa": 90, "spd": 129, "spe": 108}, "stats": {"hp": 283, "atk": 195, "def": 165, "spa": 195, "spd": 259, "spe": 224}}, "Jirachi": {"name": "Jirachi", "species": "Jirachi", "speciesId": "jirachi", "gender": "N", "shiny": false, "level": 80, "moves": ["healingwish", "uturn", "ironhead", "psychic"], "ability": "Serene Grace", "evs": {"hp": 85, "atk": 85, "def": 85, "spa": 85, "spd": 85, "spe": 85}, "ivs": {"hp": 31, "atk": 31, "def": 31, "spa": 31, "spd": 31, "spe": 31}, "item": "Choice Scarf", "teraType": "Water", "role": "Bulky Support", "bvs": {"hp": 100, "atk": 100, "def": 100, "spa": 100, "spd": 100, "spe": 100}, "stats": {"hp": 291, "atk": 206, "def": 206, "spa": 206, "spd": 206, "spe": 206}}, "Arceus": {"name": "Arceus", "species": "Arceus-Fairy", "speciesId": "arceusfairy", "gender": "N", "shiny": false, "level": 69, "moves": ["calmmind", "earthpower", "judgment", "recover"], "ability": "Multitype", "evs": {"hp": 85, "atk": 0, "def": 85, "spa": 85, "spd": 85, "spe": 85}, "ivs": {"hp": 31, "atk": 0, "def": 31, "spa": 31, "spd": 31, "spe": 31}, "item": "Pixie Plate", "teraType": "Ground", "role": "Bulky Setup", "bvs": {"hp": 120, "atk": 120, "def": 120, "spa": 120, "spd": 120, "spe": 120}, "stats": {"hp": 280, "atk": 170, "def": 206, "spa": 206, "spd": 206, "spe": 206}}}]}