{"id": "gen9randombattle-2631811848", "format": "[Gen 9] Random Battle", "players": ["BigBobobo", "megamon20xx"], "log": "|j|\u2606BigBobobo\n|j|\u2606megamon20xx\n|t:|1781443171\n|gametype|singles\n|player|p1|BigBobobo|101|1480\n|player|p2|megamon20xx|plasmagrunt-gen5bw|1450\n|gen|9\n|tier|[Gen 9] Random Battle\n|rated|\n|rule|Species Clause: Limit one of each Pok\u00e9mon\n|rule|HP Percentage Mod: HP is shown in percentages\n|rule|Sleep Clause Mod: Limit one foe put to sleep\n|rule|Illusion Level Mod: Illusion disguises the Pok\u00e9mon's true level\n|\n|t:|1781443171\n|teamsize|p1|6\n|teamsize|p2|6\n|start\n|switch|p1a: Copperajah|Copperajah, L86, F|350/350\n|switch|p2a: Rayquaza|Rayquaza, L72|270/270\n|-ability|p2a: Rayquaza|Air Lock\n|turn|1\n|inactive|Battle timer is ON: inactive players will automatically lose when time's up. (requested by BigBobobo)\n|\n|t:|1781443183\n|move|p2a: Rayquaza|Earthquake|p1a: Copperajah\n|-supereffective|p1a: Copperajah\n|-damage|p1a: Copperajah|110/350\n|move|p1a: Copperajah|Play Rough|p2a: Rayquaza|[miss]\n|-miss|p1a: Copperajah|p2a: Rayquaza\n|\n|upkeep\n|turn|2\n|\n|t:|1781443190\n|switch|p1a: Rayquaza|Rayquaza, L72|270/270\n|-ability|p1a: Rayquaza|Air Lock\n|move|p2a: Rayquaza|Earthquake|p1a: Rayquaza\n|-immune|p1a: Rayquaza\n|\n|upkeep\n|turn|3\n|\n|t:|1781443197\n|switch|p2a: Iron Bundle|Iron Bundle, L78|215/215\n|move|p1a: Rayquaza|Swords Dance|p1a: Rayquaza\n|-boost|p1a: Rayquaza|atk|2\n|\n|upkeep\n|turn|4\n|\n|t:|1781443203\n|-terastallize|p1a: Rayquaza|Steel\n|move|p2a: Iron Bundle|Encore|p1a: Rayquaza\n|-start|p1a: Rayquaza|Encore\n|move|p1a: Rayquaza|Swords Dance|p1a: Rayquaza\n|-boost|p1a: Rayquaza|atk|2\n|\n|upkeep\n|turn|5\n|\n|t:|1781443209\n|-end|p2a: Iron Bundle|Quark Drive|[silent]\n|switch|p2a: Hitmonlee|Hitmonlee, L85, M|224/224\n|switch|p1a: Copperajah|Copperajah, L86, F|110/350\n|\n|upkeep\n|turn|6\n|\n|t:|1781443219\n|move|p2a: Hitmonlee|Close Combat|p1a: Copperajah\n|-supereffective|p1a: Copperajah\n|-damage|p1a: Copperajah|0 fnt\n|-unboost|p2a: Hitmonlee|def|1\n|-unboost|p2a: Hitmonlee|spd|1\n|faint|p1a: Copperajah\n|-enditem|p2a: Hitmonlee|White Herb\n|-clearnegativeboost|p2a: Hitmonlee|[silent]\n|\n|upkeep\n|\n|t:|1781443223\n|switch|p1a: Kilowattrel|Kilowattrel, L83, M|252/252\n|turn|7\n|\n|t:|1781443231\n|-terastallize|p2a: Hitmonlee|Poison\n|move|p2a: Hitmonlee|Swords Dance|p2a: Hitmonlee\n|-boost|p2a: Hitmonlee|atk|2\n|move|p1a: Kilowattrel|Hurricane|p2a: Hitmonlee\n|-damage|p2a: Hitmonlee|118/224\n|\n|upkeep\n|turn|8\n|\n|t:|1781443235\n|move|p2a: Hitmonlee|Poison Jab|p1a: Kilowattrel\n|-damage|p1a: Kilowattrel|0 fnt\n|faint|p1a: Kilowattrel\n|\n|upkeep\n|\n|t:|1781443244\n|switch|p1a: Dialga|Dialga, L73|266/266\n|-ability|p1a: Dialga|Pressure\n|turn|9\n|-message|BigBobobo forfeited.\n|\n|win|megamon20xx\n", "inputlog": ">version a8376a258c1d4662feba110a92103f3664a72141\n>start {\"formatid\":\"gen9randombattle\",\"seed\":\"sodium,94b3cad89a5a70755db367f5980e96ee\",\"rated\":\"Rated battle\"}\n>player p1 {\"name\":\"BigBobobo\",\"avatar\":\"101\",\"rating\":1480,\"seed\":\"sodium,e92197211fb56456b2dd601a998520b9\"}\n>player p2 {\"name\":\"megamon20xx\",\"avatar\":\"plasmagrunt-gen5bw\",\"rating\":1450,\"seed\":\"sodium,895f6ddc4cce52b903e9cb848678e27c\"}\n>p1 move playrough\n>p2 move earthquake\n>p1 switch 3\n>p2 move earthquake\n>p1 move swordsdance\n>p2 switch 2\n>p1 move scaleshot terastallize\n>p2 move encore\n>p1 switch 3\n>p2 switch 3\n>p1 move playrough\n>p2 move closecombat\n>p1 switch 4\n>p1 move hurricane\n>p2 move swordsdance terastallize\n>p1 move discharge\n>p2 move poisonjab\n>p1 switch 2\n>forcelose p1", "uploadtime": 1781443174, "views": 8, "formatid": "gen9randombattle", "rating": null, "private": 0, "password": null}