{"id": "gen9randombattle-2631755525", "format": "[Gen 9] Random Battle", "players": ["Dizay976", "b3npaii"], "log": "|j|\u2606Dizay976\n|j|\u2606b3npaii\n|t:|1781434483\n|gametype|singles\n|player|p1|Dizay976|sabrina-masters|2299\n|player|p2|b3npaii|elesa|2175\n|gen|9\n|tier|[Gen 9] Random Battle\n|rated|\n|rule|Species Clause: Limit one of each Pok\u00e9mon\n|rule|HP Percentage Mod: HP is shown in percentages\n|rule|Sleep Clause Mod: Limit one foe put to sleep\n|rule|Illusion Level Mod: Illusion disguises the Pok\u00e9mon's true level\n|\n|t:|1781434483\n|teamsize|p1|6\n|teamsize|p2|6\n|start\n|switch|p1a: Espeon|Espeon, L84, F|246/246\n|switch|p2a: Magmortar|Magmortar, L88, F|275/275\n|turn|1\n|inactive|Battle timer is ON: inactive players will automatically lose when time's up. (requested by b3npaii)\n|\n|t:|1781434490\n|move|p1a: Espeon|Psyshock|p2a: Magmortar\n|-damage|p2a: Magmortar|95/275\n|move|p2a: Magmortar|Knock Off|p1a: Espeon\n|-supereffective|p1a: Espeon\n|-crit|p1a: Espeon\n|-damage|p1a: Espeon|0 fnt\n|-enditem|p1a: Espeon|Choice Specs|[from] move: Knock Off|[of] p2a: Magmortar\n|faint|p1a: Espeon\n|\n|upkeep\n|\n|t:|1781434506\n|switch|p1a: Pikachu|Pikachu-World, L93, M|216/216\n|turn|2\n|j| rufoush\n|\n|t:|1781434513\n|switch|p2a: Giratina|Giratina-Origin, L72|335/335\n|move|p1a: Pikachu|Surf|p2a: Giratina\n|-resisted|p2a: Giratina\n|-damage|p2a: Giratina|282/335\n|\n|upkeep\n|turn|3\n|l|\u2606Dizay976\n|inactive|Dizay976 disconnected and has a minute to reconnect!\n|player|p1|\n|j|\u2606Dizay976\n|inactive|Dizay976 reconnected and has 140 seconds left.\n|player|p1|Dizay976|sabrina-masters|\n|\n|t:|1781434538\n|move|p1a: Pikachu|Play Rough|p2a: Giratina|[miss]\n|-miss|p1a: Pikachu|p2a: Giratina\n|move|p2a: Giratina|Will-O-Wisp|p1a: Pikachu|[miss]\n|-miss|p2a: Giratina|p1a: Pikachu\n|\n|upkeep\n|turn|4\n|\n|t:|1781434547\n|move|p1a: Pikachu|Play Rough|p2a: Giratina\n|-supereffective|p2a: Giratina\n|-damage|p2a: Giratina|48/335\n|move|p2a: Giratina|Draco Meteor|p1a: Pikachu\n|-damage|p1a: Pikachu|11/216\n|-unboost|p2a: Giratina|spa|2\n|\n|upkeep\n|turn|5\n|\n|t:|1781434559\n|move|p2a: Giratina|Shadow Sneak|p1a: Pikachu\n|-damage|p1a: Pikachu|0 fnt\n|faint|p1a: Pikachu\n|\n|upkeep\n|\n|t:|1781434564\n|switch|p1a: Quaquaval|Quaquaval, L79, M|264/264\n|turn|6\n|\n|t:|1781434574\n|move|p1a: Quaquaval|Aqua Step|p2a: Giratina\n|-resisted|p2a: Giratina\n|-damage|p2a: Giratina|0 fnt\n|-boost|p1a: Quaquaval|spe|1\n|faint|p2a: Giratina\n|-ability|p1a: Quaquaval|Moxie|boost\n|-boost|p1a: Quaquaval|atk|1\n|\n|upkeep\n|\n|t:|1781434576\n|switch|p2a: Oranguru|Oranguru, L92, F|315/315\n|turn|7\n|\n|t:|1781434585\n|-terastallize|p1a: Quaquaval|Water\n|move|p1a: Quaquaval|Aqua Step|p2a: Oranguru\n|-damage|p2a: Oranguru|63/315\n|-boost|p1a: Quaquaval|spe|1\n|move|p2a: Oranguru|Psyshock|p1a: Quaquaval\n|-damage|p1a: Quaquaval|108/264\n|\n|upkeep\n|turn|8\n|\n|t:|1781434595\n|move|p1a: Quaquaval|Aqua Step|p2a: Oranguru\n|-damage|p2a: Oranguru|0 fnt\n|-boost|p1a: Quaquaval|spe|1\n|faint|p2a: Oranguru\n|-ability|p1a: Quaquaval|Moxie|boost\n|-boost|p1a: Quaquaval|atk|1\n|\n|upkeep\n|\n|t:|1781434604\n|switch|p2a: Perrserker|Perrserker, L89, F|269/269\n|turn|9\n|\n|t:|1781434608\n|move|p1a: Quaquaval|Aqua Step|p2a: Perrserker\n|-damage|p2a: Perrserker|0 fnt\n|-boost|p1a: Quaquaval|spe|1\n|faint|p2a: Perrserker\n|-ability|p1a: Quaquaval|Moxie|boost\n|-boost|p1a: Quaquaval|atk|1\n|\n|upkeep\n|-message|b3npaii forfeited.\n|\n|win|Dizay976\n", "inputlog": ">version a8376a258c1d4662feba110a92103f3664a72141\n>start {\"formatid\":\"gen9randombattle\",\"seed\":\"sodium,8355e44712cfed5e0078d8347690c2e2\",\"rated\":\"Rated battle\"}\n>player p1 {\"name\":\"Dizay976\",\"avatar\":\"sabrina-masters\",\"rating\":2299,\"seed\":\"sodium,49e0e61e1e56be58adcc46334cca1221\"}\n>player p2 {\"name\":\"b3npaii\",\"avatar\":\"elesa\",\"rating\":2175,\"seed\":\"sodium,139e3a7152fecb2a21e32372fa74f818\"}\n>p1 move psyshock\n>p2 move knockoff\n>p1 switch 3\n>p1 move surf\n>p2 switch 2\n>p1 move playrough\n>p2 move willowisp\n>p1 move playrough\n>p2 move dracometeor\n>p1 move playrough\n>p2 move shadowsneak\n>p1 switch 6\n>p1 move aquastep\n>p2 move willowisp\n>p2 switch 6\n>p1 move aquastep terastallize\n>p2 move psyshock\n>p1 move aquastep\n>p2 move psyshock\n>p2 switch 5\n>p1 move aquastep\n>p2 move closecombat\n>forcelose p2", "uploadtime": 1781434484, "views": 5, "formatid": "gen9randombattle", "rating": null, "private": 0, "password": null, "player_dets": [{"name": "Dizay976", "avatar": "sabrina-masters", "rating": 2299, "seed": "sodium,49e0e61e1e56be58adcc46334cca1221"}, {"name": "b3npaii", "avatar": "elesa", "rating": 2175, "seed": "sodium,139e3a7152fecb2a21e32372fa74f818"}], "teams_full": [{"Espeon": {"name": "Espeon", "species": "Espeon", "speciesId": "espeon", "gender": "F", "shiny": false, "level": 84, "moves": ["psyshock", "trick", "alluringvoice", "shadowball"], "ability": "Magic Bounce", "evs": {"hp": 85, "atk": 0, "def": 85, "spa": 85, "spd": 85, "spe": 85}, "ivs": {"hp": 31, "atk": 0, "def": 31, "spa": 31, "spd": 31, "spe": 31}, "item": "Choice Specs", "teraType": "Psychic", "role": "Fast Attacker", "bvs": {"hp": 65, "atk": 65, "def": 60, "spa": 130, "spd": 95, "spe": 110}, "stats": {"hp": 246, "atk": 114, "def": 149, "spa": 267, "spd": 208, "spe": 233}, "types": ["Psychic"]}, "Flygon": {"name": "Flygon", "species": "Flygon", "speciesId": "flygon", "gender": "M", "shiny": false, "level": 82, "moves": ["outrage", "earthquake", "uturn", "stoneedge"], "ability": "Levitate", "evs": {"hp": 85, "atk": 85, "def": 85, "spa": 85, "spd": 85, "spe": 85}, "ivs": {"hp": 31, "atk": 31, "def": 31, "spa": 31, "spd": 31, "spe": 31}, "item": "Choice Scarf", "teraType": "Steel", "role": "Fast Attacker", "bvs": {"hp": 80, "atk": 100, "def": 80, "spa": 80, "spd": 80, "spe": 100}, "stats": {"hp": 265, "atk": 211, "def": 178, "spa": 178, "spd": 178, "spe": 211}, "types": ["Ground", "Dragon"]}, "Pikachu": {"name": "Pikachu", "species": "Pikachu-World", "speciesId": "pikachu", "gender": "M", "shiny": false, "level": 93, "moves": ["playrough", "surf", "fakeout", "volttackle"], "ability": "Lightning Rod", "evs": {"hp": 85, "atk": 85, "def": 85, "spa": 85, "spd": 85, "spe": 85}, "ivs": {"hp": 31, "atk": 31, "def": 31, "spa": 31, "spd": 31, "spe": 31}, "item": "Light Ball", "teraType": "Water", "role": "Fast Attacker", "bvs": {"hp": 35, "atk": 55, "def": 40, "spa": 50, "spd": 50, "spe": 90}, "stats": {"hp": 216, "atk": 155, "def": 127, "spa": 146, "spd": 146, "spe": 220}, "types": ["Electric"]}, "Deoxys": {"name": "Deoxys", "species": "Deoxys-Speed", "speciesId": "deoxysspeed", "gender": "N", "shiny": false, "level": 82, "moves": ["nastyplot", "psychoboost", "darkpulse", "focusblast"], "ability": "Pressure", "evs": {"hp": 85, "atk": 0, "def": 85, "spa": 85, "spd": 85, "spe": 85}, "ivs": {"hp": 31, "atk": 0, "def": 31, "spa": 31, "spd": 31, "spe": 31}, "item": "Life Orb", "teraType": "Fighting", "role": "Setup Sweeper", "bvs": {"hp": 50, "atk": 95, "def": 90, "spa": 95, "spd": 90, "spe": 180}, "stats": {"hp": 216, "atk": 160, "def": 195, "spa": 203, "spd": 195, "spe": 342}, "types": ["Psychic"]}, "Oricorio": {"name": "Oricorio", "species": "Oricorio-Sensu", "speciesId": "oricoriosensu", "gender": "F", "shiny": false, "level": 85, "moves": ["quiverdance", "revelationdance", "roost", "hurricane"], "ability": "Dancer", "evs": {"hp": 85, "atk": 0, "def": 85, "spa": 85, "spd": 85, "spe": 85}, "ivs": {"hp": 31, "atk": 0, "def": 31, "spa": 31, "spd": 31, "spe": 31}, "item": "Heavy-Duty Boots", "teraType": "Fighting", "role": "Setup Sweeper", "bvs": {"hp": 75, "atk": 70, "def": 70, "spa": 98, "spd": 70, "spe": 93}, "stats": {"hp": 266, "atk": 124, "def": 168, "spa": 215, "spd": 168, "spe": 207}, "types": ["Ghost", "Flying"]}, "Quaquaval": {"name": "Quaquaval", "species": "Quaquaval", "speciesId": "quaquaval", "gender": "M", "shiny": false, "level": 79, "moves": ["knockoff", "uturn", "closecombat", "aquastep"], "ability": "Moxie", "evs": {"hp": 85, "atk": 85, "def": 85, "spa": 85, "spd": 85, "spe": 85}, "ivs": {"hp": 31, "atk": 31, "def": 31, "spa": 31, "spd": 31, "spe": 31}, "item": "Choice Band", "teraType": "Water", "role": "Wallbreaker", "bvs": {"hp": 85, "atk": 120, "def": 80, "spa": 85, "spd": 75, "spe": 85}, "stats": {"hp": 264, "atk": 235, "def": 172, "spa": 180, "spd": 164, "spe": 180}, "types": ["Water", "Fighting"]}}, {"Magmortar": {"name": "Magmortar", "species": "Magmortar", "speciesId": "magmortar", "gender": "F", "shiny": false, "level": 88, "moves": ["knockoff", "willowisp", "fireblast", "thunderbolt"], "ability": "Flame Body", "evs": {"hp": 85, "atk": 85, "def": 85, "spa": 85, "spd": 85, "spe": 85}, "ivs": {"hp": 31, "atk": 31, "def": 31, "spa": 31, "spd": 31, "spe": 31}, "item": "Heavy-Duty Boots", "teraType": "Electric", "role": "Fast Attacker", "bvs": {"hp": 75, "atk": 95, "def": 67, "spa": 125, "spd": 95, "spe": 83}, "stats": {"hp": 275, "atk": 217, "def": 168, "spa": 270, "spd": 217, "spe": 196}, "types": ["Fire"]}, "Giratina": {"name": "Giratina", "species": "Giratina-Origin", "speciesId": "giratinaorigin", "gender": "N", "shiny": false, "level": 72, "moves": ["poltergeist", "dracometeor", "shadowsneak", "willowisp"], "ability": "Levitate", "evs": {"hp": 85, "atk": 85, "def": 85, "spa": 85, "spd": 85, "spe": 85}, "ivs": {"hp": 31, "atk": 31, "def": 31, "spa": 31, "spd": 31, "spe": 31}, "item": "Griseous Core", "teraType": "Dragon", "role": "Fast Attacker", "bvs": {"hp": 150, "atk": 120, "def": 100, "spa": 120, "spd": 100, "spe": 90}, "stats": {"hp": 335, "atk": 215, "def": 186, "spa": 215, "spd": 186, "spe": 172}, "types": ["Ghost", "Dragon"]}, "Florges": {"name": "Florges", "species": "Florges-Orange", "speciesId": "florges", "gender": "F", "shiny": false, "level": 85, "moves": ["synthesis", "moonblast", "terablast", "calmmind"], "ability": "Flower Veil", "evs": {"hp": 85, "atk": 0, "def": 85, "spa": 85, "spd": 85, "spe": 85}, "ivs": {"hp": 31, "atk": 0, "def": 31, "spa": 31, "spd": 31, "spe": 31}, "item": "Leftovers", "teraType": "Ground", "role": "Tera Blast user", "bvs": {"hp": 78, "atk": 65, "def": 68, "spa": 112, "spd": 154, "spe": 75}, "stats": {"hp": 271, "atk": 115, "def": 164, "spa": 239, "spd": 311, "spe": 176}, "types": ["Fairy"]}, "Golurk": {"name": "Golurk", "species": "Golurk", "speciesId": "golurk", "gender": "N", "shiny": false, "level": 87, "moves": ["poltergeist", "dynamicpunch", "stealthrock", "earthquake"], "ability": "No Guard", "evs": {"hp": 85, "atk": 85, "def": 85, "spa": 85, "spd": 85, "spe": 85}, "ivs": {"hp": 31, "atk": 31, "def": 31, "spa": 31, "spd": 31, "spe": 31}, "item": "Life Orb", "teraType": "Ghost", "role": "Wallbreaker", "bvs": {"hp": 89, "atk": 124, "def": 80, "spa": 55, "spd": 80, "spe": 55}, "stats": {"hp": 297, "atk": 266, "def": 189, "spa": 145, "spd": 189, "spe": 145}, "types": ["Ground", "Ghost"]}, "Perrserker": {"name": "Perrserker", "species": "Perrserker", "speciesId": "perrserker", "gender": "F", "shiny": false, "level": 89, "moves": ["ironhead", "uturn", "closecombat", "knockoff"], "ability": "Tough Claws", "evs": {"hp": 85, "atk": 85, "def": 85, "spa": 85, "spd": 85, "spe": 85}, "ivs": {"hp": 31, "atk": 31, "def": 31, "spa": 31, "spd": 31, "spe": 31}, "item": "Choice Band", "teraType": "Fighting", "role": "Fast Attacker", "bvs": {"hp": 70, "atk": 110, "def": 100, "spa": 50, "spd": 60, "spe": 50}, "stats": {"hp": 269, "atk": 247, "def": 229, "spa": 140, "spd": 158, "spe": 140}, "types": ["Steel"]}, "Oranguru": {"name": "Oranguru", "species": "Oranguru", "speciesId": "oranguru", "gender": "F", "shiny": false, "level": 92, "moves": ["hypervoice", "thunderbolt", "focusblast", "psyshock"], "ability": "Inner Focus", "evs": {"hp": 85, "atk": 0, "def": 85, "spa": 85, "spd": 85, "spe": 85}, "ivs": {"hp": 31, "atk": 0, "def": 31, "spa": 31, "spd": 31, "spe": 31}, "item": "Choice Specs", "teraType": "Psychic", "role": "Wallbreaker", "bvs": {"hp": 90, "atk": 60, "def": 80, "spa": 90, "spd": 110, "spe": 60}, "stats": {"hp": 315, "atk": 115, "def": 200, "spa": 218, "spd": 255, "spe": 163}, "types": ["Normal", "Psychic"]}}]}