{"id": "gen9randombattle-2631899873", "format": "[Gen 9] Random Battle", "players": ["Segahay", "LuxemBougie"], "log": "|j|\u2606Segahay\n|j|\u203dLuxemBougie\n|t:|1781453534\n|gametype|singles\n|player|p1|Segahay|2|1908\n|player|p2|LuxemBougie|cynthia|1925\n|gen|9\n|tier|[Gen 9] Random Battle\n|rated|\n|rule|Species Clause: Limit one of each Pok\u00e9mon\n|rule|HP Percentage Mod: HP is shown in percentages\n|rule|Sleep Clause Mod: Limit one foe put to sleep\n|rule|Illusion Level Mod: Illusion disguises the Pok\u00e9mon's true level\n|\n|t:|1781453534\n|teamsize|p1|6\n|teamsize|p2|6\n|start\n|switch|p1a: Entei|Entei, L78|307/307\n|switch|p2a: Ludicolo|Ludicolo, L90, F|290/290\n|turn|1\n|inactive|Battle timer is ON: inactive players will automatically lose when time's up. (requested by Segahay)\n|\n|t:|1781453546\n|move|p1a: Entei|Sacred Fire|p2a: Ludicolo\n|-damage|p2a: Ludicolo|109/290\n|move|p2a: Ludicolo|Hydro Pump|p1a: Entei\n|-supereffective|p1a: Entei\n|-damage|p1a: Entei|0 fnt\n|faint|p1a: Entei\n|\n|upkeep\n|\n|t:|1781453552\n|switch|p1a: Lurantis|Lurantis, L87, M|264/264\n|turn|2\n|\n|t:|1781453572\n|switch|p2a: Magmortar|Magmortar, L88, F|275/275\n|move|p1a: Lurantis|Leaf Storm|p2a: Magmortar\n|-resisted|p2a: Magmortar\n|-damage|p2a: Magmortar|213/275\n|-boost|p1a: Lurantis|spa|2\n|\n|upkeep\n|turn|3\n|\n|t:|1781453580\n|switch|p1a: Whiscash|Whiscash, L88, F|337/337\n|move|p2a: Magmortar|Fire Blast|p1a: Whiscash\n|-resisted|p1a: Whiscash\n|-damage|p1a: Whiscash|202/337\n|\n|-heal|p1a: Whiscash|223/337|[from] item: Leftovers\n|upkeep\n|turn|4\n|\n|t:|1781453586\n|switch|p2a: Ludicolo|Ludicolo, L90, F|109/290\n|move|p1a: Whiscash|Stealth Rock|p2a: Ludicolo\n|-sidestart|p2: LuxemBougie|move: Stealth Rock\n|\n|-heal|p1a: Whiscash|244/337|[from] item: Leftovers\n|upkeep\n|turn|5\n|\n|t:|1781453591\n|switch|p1a: Lurantis|Lurantis, L87, M|264/264\n|move|p2a: Ludicolo|Ice Beam|p1a: Lurantis\n|-supereffective|p1a: Lurantis\n|-damage|p1a: Lurantis|128/264\n|\n|upkeep\n|turn|6\n|\n|t:|1781453597\n|switch|p1a: Alcremie|Alcremie-Matcha-Cream, L90, F|263/263\n|move|p2a: Ludicolo|Ice Beam|p1a: Alcremie\n|-damage|p1a: Alcremie|188/263\n|\n|-heal|p1a: Alcremie|204/263|[from] item: Leftovers\n|upkeep\n|turn|7\n|\n|t:|1781453611\n|switch|p2a: Revavroom|Revavroom, L79, M|256/256\n|-damage|p2a: Revavroom|240/256|[from] Stealth Rock\n|move|p1a: Alcremie|Calm Mind|p1a: Alcremie\n|-boost|p1a: Alcremie|spa|1\n|-boost|p1a: Alcremie|spd|1\n|\n|-heal|p1a: Alcremie|220/263|[from] item: Leftovers\n|upkeep\n|turn|8\n|\n|t:|1781453616\n|move|p2a: Revavroom|Iron Head|p1a: Alcremie\n|-supereffective|p1a: Alcremie\n|-damage|p1a: Alcremie|0 fnt\n|faint|p1a: Alcremie\n|-damage|p2a: Revavroom|215/256|[from] item: Life Orb\n|\n|upkeep\n|\n|t:|1781453626\n|switch|p1a: Whiscash|Whiscash, L88, F|244/337\n|turn|9\n|\n|t:|1781453634\n|switch|p2a: Articuno|Articuno, L86|295/295\n|-ability|p2a: Articuno|Pressure\n|move|p1a: Whiscash|Earthquake|p2a: Articuno\n|-immune|p2a: Articuno\n|\n|-heal|p1a: Whiscash|265/337|[from] item: Leftovers\n|upkeep\n|turn|10\n|\n|t:|1781453640\n|move|p2a: Articuno|Substitute|p2a: Articuno\n|-start|p2a: Articuno|Substitute\n|-damage|p2a: Articuno|222/295\n|move|p1a: Whiscash|Spikes|p2a: Articuno\n|-sidestart|p2: LuxemBougie|Spikes\n|\n|-heal|p1a: Whiscash|286/337|[from] item: Leftovers\n|upkeep\n|turn|11\n|\n|t:|1781453646\n|move|p2a: Articuno|Freeze-Dry|p1a: Whiscash\n|-supereffective|p1a: Whiscash\n|-damage|p1a: Whiscash|0 fnt\n|faint|p1a: Whiscash\n|\n|upkeep\n|\n|t:|1781453654\n|switch|p1a: Beartic|Beartic, L91, M|321/321\n|turn|12\n|\n|t:|1781453658\n|move|p2a: Articuno|Brave Bird|p1a: Beartic\n|-damage|p1a: Beartic|200/321\n|-damage|p2a: Articuno|182/295|[from] Recoil\n|move|p1a: Beartic|Snowscape|p1a: Beartic\n|-weather|Snowscape\n|\n|-weather|Snowscape|[upkeep]\n|upkeep\n|turn|13\n|\n|t:|1781453668\n|move|p1a: Beartic|Icicle Crash|p2a: Articuno\n|-end|p2a: Articuno|Substitute\n|move|p2a: Articuno|Roost|p2a: Articuno\n|-heal|p2a: Articuno|295/295\n|-singleturn|p2a: Articuno|move: Roost\n|\n|-weather|Snowscape|[upkeep]\n|upkeep\n|turn|14\n|\n|t:|1781453676\n|switch|p2a: Ludicolo|Ludicolo, L90, F|109/290\n|-damage|p2a: Ludicolo|73/290|[from] Stealth Rock\n|-damage|p2a: Ludicolo|37/290|[from] Spikes\n|move|p1a: Beartic|Icicle Crash|p2a: Ludicolo\n|-damage|p2a: Ludicolo|0 fnt\n|faint|p2a: Ludicolo\n|\n|-weather|Snowscape|[upkeep]\n|upkeep\n|\n|t:|1781453682\n|switch|p2a: Magmortar|Magmortar, L88, F|213/275\n|-damage|p2a: Magmortar|145/275|[from] Stealth Rock\n|-damage|p2a: Magmortar|111/275|[from] Spikes\n|turn|15\n|\n|t:|1781453685\n|move|p1a: Beartic|Earthquake|p2a: Magmortar\n|-supereffective|p2a: Magmortar\n|-damage|p2a: Magmortar|0 fnt\n|faint|p2a: Magmortar\n|\n|-weather|Snowscape|[upkeep]\n|upkeep\n|\n|t:|1781453692\n|switch|p2a: Articuno|Articuno, L86|295/295\n|-ability|p2a: Articuno|Pressure\n|turn|16\n|\n|t:|1781453697\n|move|p1a: Beartic|Icicle Crash|p2a: Articuno|[miss]\n|-miss|p1a: Beartic|p2a: Articuno\n|move|p2a: Articuno|Brave Bird|p1a: Beartic\n|-damage|p1a: Beartic|121/321\n|-damage|p2a: Articuno|269/295|[from] Recoil\n|\n|-weather|none\n|upkeep\n|turn|17\n|\n|t:|1781453700\n|switch|p1a: Kilowattrel|Kilowattrel, L83, M|252/252\n|move|p2a: Articuno|Brave Bird|p1a: Kilowattrel\n|-resisted|p1a: Kilowattrel\n|-damage|p1a: Kilowattrel|165/252\n|-damage|p2a: Articuno|240/295|[from] Recoil\n|\n|upkeep\n|turn|18\n|\n|t:|1781453718\n|-terastallize|p2a: Articuno|Ground\n|move|p1a: Kilowattrel|Thunderbolt|p2a: Articuno\n|-immune|p2a: Articuno\n|move|p2a: Articuno|Freeze-Dry|p1a: Kilowattrel\n|-supereffective|p1a: Kilowattrel\n|-crit|p1a: Kilowattrel\n|-damage|p1a: Kilowattrel|0 fnt\n|faint|p1a: Kilowattrel\n|\n|upkeep\n|\n|t:|1781453728\n|switch|p1a: Beartic|Beartic, L91, M|121/321\n|turn|19\n|\n|t:|1781453731\n|move|p2a: Articuno|Brave Bird|p1a: Beartic\n|-damage|p1a: Beartic|0 fnt\n|faint|p1a: Beartic\n|-damage|p2a: Articuno|200/295|[from] Recoil\n|\n|upkeep\n|\n|t:|1781453734\n|switch|p1a: Lurantis|Lurantis, L87, M|128/264\n|turn|20\n|\n|t:|1781453737\n|move|p2a: Articuno|Brave Bird|p1a: Lurantis\n|-supereffective|p1a: Lurantis\n|-damage|p1a: Lurantis|0 fnt\n|faint|p1a: Lurantis\n|-damage|p2a: Articuno|158/295|[from] Recoil\n|\n|win|LuxemBougie\n", "inputlog": ">version a8376a258c1d4662feba110a92103f3664a72141\n>start {\"formatid\":\"gen9randombattle\",\"seed\":\"sodium,54453b5556e65fa7f02689f7fdae9615\",\"rated\":\"Rated battle\"}\n>player p1 {\"name\":\"Segahay\",\"avatar\":\"2\",\"rating\":1908,\"seed\":\"sodium,dee664b44dbab390f62be31ef559ac55\"}\n>player p2 {\"name\":\"LuxemBougie\",\"avatar\":\"cynthia\",\"rating\":1925,\"seed\":\"sodium,db43305a0ba7bdb4a3dfe952047553fe\"}\n>p1 move sacredfire\n>p2 move hydropump\n>p1 switch 4\n>p1 move leafstorm\n>p2 switch 2\n>p1 switch 3\n>p2 move fireblast\n>p1 move stealthrock\n>p2 switch 2\n>p1 switch 3\n>p2 move icebeam\n>p1 switch 6\n>p2 move icebeam\n>p1 move calmmind\n>p2 switch 6\n>p1 move alluringvoice\n>p2 move ironhead\n>p1 switch 3\n>p1 move earthquake\n>p2 switch 5\n>p1 move spikes\n>p2 move substitute\n>p1 move hydropump\n>p2 move freezedry\n>p1 switch 2\n>p1 move snowscape\n>p2 move bravebird\n>p1 move iciclecrash\n>p2 move roost\n>p1 move iciclecrash\n>p2 switch 6\n>p2 switch 2\n>p1 move earthquake\n>p2 move fireblast\n>p2 switch 6\n>p1 move iciclecrash\n>p2 move bravebird\n>p1 switch 5\n>p2 move bravebird\n>p1 move thunderbolt\n>p2 move freezedry terastallize\n>p1 switch 5\n>p1 move snowscape\n>p2 move bravebird\n>p1 switch 6\n>p1 move leafstorm\n>p2 move bravebird", "uploadtime": 1781453537, "views": 6, "formatid": "gen9randombattle", "rating": null, "private": 0, "password": null, "player_dets": [{"name": "Segahay", "avatar": "2", "rating": 1908, "seed": "sodium,dee664b44dbab390f62be31ef559ac55"}, {"name": "LuxemBougie", "avatar": "cynthia", "rating": 1925, "seed": "sodium,db43305a0ba7bdb4a3dfe952047553fe"}], "teams_full": [{"Entei": {"name": "Entei", "species": "Entei", "speciesId": "entei", "gender": "N", "shiny": false, "level": 78, "moves": ["stoneedge", "flareblitz", "extremespeed", "sacredfire"], "ability": "Inner Focus", "evs": {"hp": 85, "atk": 85, "def": 85, "spa": 85, "spd": 85, "spe": 85}, "ivs": {"hp": 31, "atk": 31, "def": 31, "spa": 31, "spd": 31, "spe": 31}, "item": "Choice Band", "teraType": "Normal", "role": "Fast Attacker", "bvs": {"hp": 115, "atk": 115, "def": 85, "spa": 90, "spd": 75, "spe": 100}, "stats": {"hp": 307, "atk": 224, "def": 178, "spa": 185, "spd": 162, "spe": 201}}, "Beartic": {"name": "Beartic", "species": "Beartic", "speciesId": "beartic", "gender": "M", "shiny": false, "level": 91, "moves": ["iciclecrash", "earthquake", "snowscape", "swordsdance"], "ability": "Slush Rush", "evs": {"hp": 85, "atk": 85, "def": 85, "spa": 85, "spd": 85, "spe": 85}, "ivs": {"hp": 31, "atk": 31, "def": 31, "spa": 31, "spd": 31, "spe": 31}, "item": "Heavy-Duty Boots", "teraType": "Ground", "role": "Wallbreaker", "bvs": {"hp": 95, "atk": 130, "def": 80, "spa": 70, "spd": 80, "spe": 50}, "stats": {"hp": 321, "atk": 288, "def": 197, "spa": 179, "spd": 197, "spe": 143}}, "Whiscash": {"name": "Whiscash", "species": "Whiscash", "speciesId": "whiscash", "gender": "F", "shiny": false, "level": 88, "moves": ["stealthrock", "spikes", "earthquake", "hydropump"], "ability": "Oblivious", "evs": {"hp": 85, "atk": 85, "def": 85, "spa": 85, "spd": 85, "spe": 85}, "ivs": {"hp": 31, "atk": 31, "def": 31, "spa": 31, "spd": 31, "spe": 31}, "item": "Leftovers", "teraType": "Ghost", "role": "Bulky Support", "bvs": {"hp": 110, "atk": 78, "def": 73, "spa": 76, "spd": 71, "spe": 60}, "stats": {"hp": 337, "atk": 188, "def": 179, "spa": 184, "spd": 175, "spe": 156}}, "Lurantis": {"name": "Lurantis", "species": "Lurantis", "speciesId": "lurantis", "gender": "M", "shiny": false, "level": 87, "moves": ["knockoff", "superpower", "leafstorm", "leechlife"], "ability": "Contrary", "evs": {"hp": 85, "atk": 85, "def": 85, "spa": 85, "spd": 85, "spe": 85}, "ivs": {"hp": 31, "atk": 31, "def": 31, "spa": 31, "spd": 31, "spe": 31}, "item": "Assault Vest", "teraType": "Fighting", "role": "AV Pivot", "bvs": {"hp": 70, "atk": 105, "def": 90, "spa": 80, "spd": 90, "spe": 45}, "stats": {"hp": 264, "atk": 232, "def": 206, "spa": 189, "spd": 206, "spe": 128}}, "Kilowattrel": {"name": "Kilowattrel", "species": "Kilowattrel", "speciesId": "kilowattrel", "gender": "M", "shiny": false, "level": 83, "moves": ["roost", "hurricane", "uturn", "thunderbolt"], "ability": "Volt Absorb", "evs": {"hp": 85, "atk": 85, "def": 85, "spa": 85, "spd": 85, "spe": 85}, "ivs": {"hp": 31, "atk": 31, "def": 31, "spa": 31, "spd": 31, "spe": 31}, "item": "Heavy-Duty Boots", "teraType": "Steel", "role": "Bulky Attacker", "bvs": {"hp": 70, "atk": 70, "def": 60, "spa": 105, "spd": 60, "spe": 125}, "stats": {"hp": 252, "atk": 164, "def": 147, "spa": 222, "spd": 147, "spe": 255}}, "Alcremie": {"name": "Alcremie", "species": "Alcremie-Matcha-Cream", "speciesId": "alcremie", "gender": "F", "shiny": false, "level": 90, "moves": ["alluringvoice", "recover", "psyshock", "calmmind"], "ability": "Aroma Veil", "evs": {"hp": 85, "atk": 0, "def": 85, "spa": 85, "spd": 85, "spe": 85}, "ivs": {"hp": 31, "atk": 0, "def": 31, "spa": 31, "spd": 31, "spe": 31}, "item": "Leftovers", "teraType": "Steel", "role": "Bulky Setup", "bvs": {"hp": 65, "atk": 60, "def": 75, "spa": 110, "spd": 121, "spe": 64}, "stats": {"hp": 263, "atk": 113, "def": 186, "spa": 249, "spd": 269, "spe": 167}}}, {"Ludicolo": {"name": "Ludicolo", "species": "Ludicolo", "speciesId": "ludicolo", "gender": "F", "shiny": false, "level": 90, "moves": ["gigadrain", "hydropump", "icebeam", "leafstorm"], "ability": "Swift Swim", "evs": {"hp": 85, "atk": 0, "def": 85, "spa": 85, "spd": 85, "spe": 85}, "ivs": {"hp": 31, "atk": 0, "def": 31, "spa": 31, "spd": 31, "spe": 31}, "item": "Choice Specs", "teraType": "Water", "role": "Fast Attacker", "bvs": {"hp": 80, "atk": 70, "def": 70, "spa": 90, "spd": 100, "spe": 70}, "stats": {"hp": 290, "atk": 131, "def": 177, "spa": 213, "spd": 231, "spe": 177}}, "Magmortar": {"name": "Magmortar", "species": "Magmortar", "speciesId": "magmortar", "gender": "F", "shiny": false, "level": 88, "moves": ["focusblast", "fireblast", "thunderbolt", "scorchingsands"], "ability": "Flame Body", "evs": {"hp": 85, "atk": 0, "def": 85, "spa": 85, "spd": 85, "spe": 85}, "ivs": {"hp": 31, "atk": 0, "def": 31, "spa": 31, "spd": 31, "spe": 31}, "item": "Choice Specs", "teraType": "Fighting", "role": "Wallbreaker", "bvs": {"hp": 75, "atk": 95, "def": 67, "spa": 125, "spd": 95, "spe": 83}, "stats": {"hp": 275, "atk": 172, "def": 168, "spa": 270, "spd": 217, "spe": 196}}, "Dipplin": {"name": "Dipplin", "species": "Dipplin", "speciesId": "dipplin", "gender": "M", "shiny": false, "level": 88, "moves": ["recover", "dragonpulse", "gigadrain", "suckerpunch"], "ability": "Sticky Hold", "evs": {"hp": 85, "atk": 85, "def": 85, "spa": 85, "spd": 85, "spe": 85}, "ivs": {"hp": 31, "atk": 31, "def": 31, "spa": 31, "spd": 31, "spe": 31}, "item": "Eviolite", "teraType": "Steel", "role": "Bulky Attacker", "bvs": {"hp": 80, "atk": 80, "def": 110, "spa": 95, "spd": 80, "spe": 40}, "stats": {"hp": 284, "atk": 191, "def": 244, "spa": 217, "spd": 191, "spe": 121}}, "Walking Wake": {"name": "Walking Wake", "species": "Walking Wake", "speciesId": "walkingwake", "gender": "N", "shiny": false, "level": 79, "moves": ["flamethrower", "dracometeor", "sunnyday", "hydrosteam"], "ability": "Protosynthesis", "evs": {"hp": 85, "atk": 0, "def": 85, "spa": 85, "spd": 85, "spe": 85}, "ivs": {"hp": 31, "atk": 0, "def": 31, "spa": 31, "spd": 31, "spe": 31}, "item": "Life Orb", "teraType": "Fire", "role": "Fast Attacker", "bvs": {"hp": 99, "atk": 83, "def": 91, "spa": 125, "spd": 83, "spe": 109}, "stats": {"hp": 286, "atk": 136, "def": 189, "spa": 243, "spd": 177, "spe": 218}}, "Articuno": {"name": "Articuno", "species": "Articuno", "speciesId": "articuno", "gender": "N", "shiny": false, "level": 86, "moves": ["roost", "bravebird", "freezedry", "substitute"], "ability": "Pressure", "evs": {"hp": 85, "atk": 85, "def": 85, "spa": 85, "spd": 85, "spe": 85}, "ivs": {"hp": 31, "atk": 31, "def": 31, "spa": 31, "spd": 31, "spe": 31}, "item": "Heavy-Duty Boots", "teraType": "Ground", "role": "Bulky Support", "bvs": {"hp": 90, "atk": 85, "def": 100, "spa": 95, "spd": 125, "spe": 85}, "stats": {"hp": 295, "atk": 195, "def": 221, "spa": 213, "spd": 264, "spe": 195}}, "Revavroom": {"name": "Revavroom", "species": "Revavroom", "speciesId": "revavroom", "gender": "M", "shiny": false, "level": 79, "moves": ["ironhead", "gunkshot", "shiftgear", "highhorsepower"], "ability": "Filter", "evs": {"hp": 85, "atk": 85, "def": 85, "spa": 85, "spd": 85, "spe": 85}, "ivs": {"hp": 31, "atk": 31, "def": 31, "spa": 31, "spd": 31, "spe": 31}, "item": "Life Orb", "teraType": "Ground", "role": "Fast Attacker", "bvs": {"hp": 80, "atk": 119, "def": 90, "spa": 54, "spd": 67, "spe": 90}, "stats": {"hp": 256, "atk": 234, "def": 188, "spa": 131, "spd": 151, "spe": 188}}}]}