{"id": "gen9randombattle-2631999963", "format": "[Gen 9] Random Battle", "players": ["Geljolt67", "zail95"], "log": "|j|\u2606Geljolt67\n|j|\u2606zail95\n|t:|1781464481\n|gametype|singles\n|player|p1|Geljolt67|dawn|1190\n|player|p2|zail95|170|1216\n|gen|9\n|tier|[Gen 9] Random Battle\n|rated|\n|rule|Species Clause: Limit one of each Pok\u00e9mon\n|rule|HP Percentage Mod: HP is shown in percentages\n|rule|Sleep Clause Mod: Limit one foe put to sleep\n|rule|Illusion Level Mod: Illusion disguises the Pok\u00e9mon's true level\n|\n|t:|1781464481\n|teamsize|p1|6\n|teamsize|p2|6\n|start\n|switch|p1a: Gallade|Gallade, L80, M|240/240\n|switch|p2a: Cobalion|Cobalion, L80|277/277\n|turn|1\n|c|\u2606Geljolt67|glhf\n|\n|t:|1781464495\n|-terastallize|p2a: Cobalion|Water\n|move|p2a: Cobalion|Thunder Wave|p1a: Gallade\n|-status|p1a: Gallade|par\n|move|p1a: Gallade|Agility|p1a: Gallade\n|-boost|p1a: Gallade|spe|2\n|\n|upkeep\n|turn|2\n|\n|t:|1781464503\n|move|p2a: Cobalion|Iron Defense|p2a: Cobalion\n|-boost|p2a: Cobalion|def|2\n|move|p1a: Gallade|Agility|p1a: Gallade\n|-boost|p1a: Gallade|spe|2\n|\n|upkeep\n|turn|3\n|\n|t:|1781464509\n|move|p1a: Gallade|Psycho Cut|p2a: Cobalion\n|-damage|p2a: Cobalion|209/277\n|-damage|p1a: Gallade|216/240 par|[from] item: Life Orb\n|move|p2a: Cobalion|Iron Defense|p2a: Cobalion\n|-boost|p2a: Cobalion|def|2\n|\n|-heal|p2a: Cobalion|226/277|[from] item: Leftovers\n|upkeep\n|turn|4\n|\n|t:|1781464513\n|move|p1a: Gallade|Psycho Cut|p2a: Cobalion\n|-damage|p2a: Cobalion|182/277\n|-damage|p1a: Gallade|192/240 par|[from] item: Life Orb\n|move|p2a: Cobalion|Iron Defense|p2a: Cobalion\n|-boost|p2a: Cobalion|def|2\n|\n|-heal|p2a: Cobalion|199/277|[from] item: Leftovers\n|upkeep\n|turn|5\n|\n|t:|1781464516\n|cant|p1a: Gallade|par\n|move|p2a: Cobalion|Body Press|p1a: Gallade\n|-resisted|p1a: Gallade\n|-damage|p1a: Gallade|0 fnt\n|faint|p1a: Gallade\n|\n|-heal|p2a: Cobalion|216/277|[from] item: Leftovers\n|upkeep\n|\n|t:|1781464523\n|switch|p1a: Seviper|Seviper, L93, F|287/287\n|turn|6\n|\n|t:|1781464531\n|move|p2a: Cobalion|Body Press|p1a: Seviper\n|-resisted|p1a: Seviper\n|-damage|p1a: Seviper|65/287\n|move|p1a: Seviper|Gunk Shot|p2a: Cobalion\n|-crit|p2a: Cobalion\n|-damage|p2a: Cobalion|0 fnt\n|faint|p2a: Cobalion\n|-damage|p1a: Seviper|37/287|[from] item: Life Orb\n|\n|upkeep\n|\n|t:|1781464542\n|switch|p2a: Oricorio|Oricorio-Pa'u, L87, F|272/272\n|turn|7\n|\n|t:|1781464545\n|move|p2a: Oricorio|Revelation Dance|p1a: Seviper\n|-supereffective|p1a: Seviper\n|-damage|p1a: Seviper|0 fnt\n|faint|p1a: Seviper\n|\n|upkeep\n|\n|t:|1781464549\n|switch|p1a: Hydreigon|Hydreigon, L79, M|275/275\n|turn|8\n|\n|t:|1781464563\n|switch|p2a: Milotic|Milotic, L83, F|293/293\n|move|p1a: Hydreigon|Nasty Plot|p1a: Hydreigon\n|-boost|p1a: Hydreigon|spa|2\n|\n|upkeep\n|turn|9\n|\n|t:|1781464568\n|move|p1a: Hydreigon|Dark Pulse|p2a: Milotic\n|-damage|p2a: Milotic|118/293\n|-damage|p1a: Hydreigon|248/275|[from] item: Life Orb\n|cant|p2a: Milotic|flinch\n|\n|-heal|p2a: Milotic|136/293|[from] item: Leftovers\n|upkeep\n|turn|10\n|inactive|Battle timer is ON: inactive players will automatically lose when time's up. (requested by zail95)\n|\n|t:|1781464576\n|move|p1a: Hydreigon|Dark Pulse|p2a: Milotic\n|-damage|p2a: Milotic|0 fnt\n|faint|p2a: Milotic\n|-damage|p1a: Hydreigon|221/275|[from] item: Life Orb\n|\n|upkeep\n|\n|t:|1781464579\n|switch|p2a: Sableye|Sableye, L88, M|231/231\n|turn|11\n|\n|t:|1781464583\n|move|p2a: Sableye|Thunder Wave|p1a: Hydreigon\n|-hint|Since gen 7, Dark is immune to Prankster moves.\n|-immune|p1a: Hydreigon\n|move|p1a: Hydreigon|Dark Pulse|p2a: Sableye\n|-damage|p2a: Sableye|0 fnt\n|faint|p2a: Sableye\n|-damage|p1a: Hydreigon|194/275|[from] item: Life Orb\n|\n|upkeep\n|\n|t:|1781464588\n|switch|p2a: Spidops|Spidops, L96, M|271/271\n|turn|12\n|\n|t:|1781464593\n|move|p1a: Hydreigon|Dark Pulse|p2a: Spidops\n|-damage|p2a: Spidops|47/271\n|-damage|p1a: Hydreigon|167/275|[from] item: Life Orb\n|move|p2a: Spidops|Circle Throw|p1a: Hydreigon|[miss]\n|-miss|p2a: Spidops|p1a: Hydreigon\n|\n|upkeep\n|turn|13\n|\n|t:|1781464600\n|move|p1a: Hydreigon|Dark Pulse|p2a: Spidops\n|-damage|p2a: Spidops|0 fnt\n|faint|p2a: Spidops\n|-damage|p1a: Hydreigon|140/275|[from] item: Life Orb\n|\n|upkeep\n|\n|t:|1781464602\n|switch|p2a: Oricorio|Oricorio-Pa'u, L87, F|272/272\n|turn|14\n|\n|t:|1781464609\n|move|p2a: Oricorio|Hurricane|p1a: Hydreigon|[miss]\n|-miss|p2a: Oricorio|p1a: Hydreigon\n|move|p1a: Hydreigon|Dark Pulse|p2a: Oricorio\n|-supereffective|p2a: Oricorio\n|-damage|p2a: Oricorio|0 fnt\n|faint|p2a: Oricorio\n|-damage|p1a: Hydreigon|113/275|[from] item: Life Orb\n|\n|upkeep\n|\n|t:|1781464611\n|switch|p2a: Torkoal|Torkoal, L88, F|266/266\n|-weather|SunnyDay|[from] ability: Drought|[of] p2a: Torkoal\n|turn|15\n|\n|t:|1781464619\n|-terastallize|p1a: Hydreigon|Dragon\n|move|p1a: Hydreigon|Draco Meteor|p2a: Torkoal\n|-damage|p2a: Torkoal|0 fnt\n|-unboost|p1a: Hydreigon|spa|2\n|faint|p2a: Torkoal\n|-damage|p1a: Hydreigon|86/275|[from] item: Life Orb\n|\n|win|Geljolt67\n|raw|Geljolt67's rating: 1190 &rarr; <strong>1217</strong><br />(+27 for winning)\n|raw|zail95's rating: 1216 &rarr; <strong>1189</strong><br />(-27 for losing)\n|l|\u2606zail95\n|player|p2|\n|c|\u2606Geljolt67|gg\n", "inputlog": ">version a8376a258c1d4662feba110a92103f3664a72141\n>start {\"formatid\":\"gen9randombattle\",\"seed\":\"sodium,92f80512c4296fa9a486e7d68e5a55b8\",\"rated\":\"Rated battle\"}\n>player p1 {\"name\":\"Geljolt67\",\"avatar\":\"dawn\",\"rating\":1190,\"seed\":\"sodium,85fec6a946cff55525ae8a8bb92fc8f0\"}\n>player p2 {\"name\":\"zail95\",\"avatar\":\"170\",\"rating\":1216,\"seed\":\"sodium,8b9f68f0e04130d84c7f88bb82f2ed5e\"}\n>chat \u2606Geljolt67|glhf\n>p1 move agility\n>p2 move thunderwave terastallize\n>p1 move agility\n>p2 move irondefense\n>p1 move psychocut\n>p2 move irondefense\n>p1 move psychocut\n>p2 move irondefense\n>p1 move psychocut\n>p2 move bodypress\n>p1 switch 3\n>p1 move gunkshot\n>p2 move bodypress\n>p2 switch 2\n>p1 move glare\n>p2 move revelationdance\n>p1 switch 2\n>p1 move nastyplot\n>p2 switch 5\n>p1 move darkpulse\n>p2 move icebeam\n>p1 move darkpulse\n>p2 move icebeam\n>p2 switch 6\n>p1 move darkpulse\n>p2 move thunderwave\n>p2 switch 4\n>p1 move darkpulse\n>p2 move circlethrow\n>p1 move darkpulse\n>p2 move circlethrow\n>p2 switch 5\n>p1 move darkpulse\n>p2 move hurricane\n>p2 switch 3\n>p1 move dracometeor terastallize\n>p2 move rapidspin", "uploadtime": 1781464634, "views": 10, "formatid": "gen9randombattle", "rating": 1189, "private": 0, "password": null, "player_dets": [{"name": "Geljolt67", "avatar": "dawn", "rating": 1190, "seed": "sodium,85fec6a946cff55525ae8a8bb92fc8f0"}, {"name": "zail95", "avatar": "170", "rating": 1216, "seed": "sodium,8b9f68f0e04130d84c7f88bb82f2ed5e"}], "teams_full": [{"Gallade": {"name": "Gallade", "species": "Gallade", "speciesId": "gallade", "gender": "M", "shiny": false, "level": 80, "moves": ["psychocut", "agility", "nightslash", "sacredsword"], "ability": "Sharpness", "evs": {"hp": 85, "atk": 85, "def": 85, "spa": 85, "spd": 85, "spe": 85}, "ivs": {"hp": 31, "atk": 31, "def": 31, "spa": 31, "spd": 31, "spe": 31}, "item": "Life Orb", "teraType": "Fighting", "role": "Setup Sweeper", "bvs": {"hp": 68, "atk": 125, "def": 65, "spa": 65, "spd": 115, "spe": 80}, "stats": {"hp": 240, "atk": 246, "def": 150, "spa": 150, "spd": 230, "spe": 174}, "types": ["Psychic", "Fighting"]}, "Hydreigon": {"name": "Hydreigon", "species": "Hydreigon", "speciesId": "hydreigon", "gender": "M", "shiny": false, "level": 79, "moves": ["nastyplot", "darkpulse", "flashcannon", "dracometeor"], "ability": "Levitate", "evs": {"hp": 85, "atk": 0, "def": 85, "spa": 85, "spd": 85, "spe": 85}, "ivs": {"hp": 31, "atk": 0, "def": 31, "spa": 31, "spd": 31, "spe": 31}, "item": "Life Orb", "teraType": "Dragon", "role": "Fast Attacker", "bvs": {"hp": 92, "atk": 105, "def": 90, "spa": 125, "spd": 90, "spe": 98}, "stats": {"hp": 275, "atk": 170, "def": 188, "spa": 243, "spd": 188, "spe": 200}, "types": ["Dark", "Dragon"]}, "Seviper": {"name": "Seviper", "species": "Seviper", "speciesId": "seviper", "gender": "F", "shiny": false, "level": 93, "moves": ["gunkshot", "earthquake", "glare", "flamethrower"], "ability": "Infiltrator", "evs": {"hp": 85, "atk": 85, "def": 85, "spa": 85, "spd": 85, "spe": 85}, "ivs": {"hp": 31, "atk": 31, "def": 31, "spa": 31, "spd": 31, "spe": 31}, "item": "Life Orb", "teraType": "Fire", "role": "Fast Attacker", "bvs": {"hp": 73, "atk": 100, "def": 60, "spa": 100, "spd": 60, "spe": 65}, "stats": {"hp": 287, "atk": 239, "def": 164, "spa": 239, "spd": 164, "spe": 174}, "types": ["Poison"]}, "Blaziken": {"name": "Blaziken", "species": "Blaziken", "speciesId": "blaziken", "gender": "F", "shiny": false, "level": 76, "moves": ["closecombat", "swordsdance", "knockoff", "flareblitz"], "ability": "Speed Boost", "evs": {"hp": 85, "atk": 85, "def": 85, "spa": 85, "spd": 85, "spe": 85}, "ivs": {"hp": 31, "atk": 31, "def": 31, "spa": 31, "spd": 31, "spe": 31}, "item": "Life Orb", "teraType": "Dark", "role": "Setup Sweeper", "bvs": {"hp": 80, "atk": 120, "def": 70, "spa": 110, "spd": 70, "spe": 80}, "stats": {"hp": 247, "atk": 226, "def": 150, "spa": 211, "spd": 150, "spe": 166}, "types": ["Fire", "Fighting"]}, "Revavroom": {"name": "Revavroom", "species": "Revavroom", "speciesId": "revavroom", "gender": "M", "shiny": false, "level": 79, "moves": ["highhorsepower", "gunkshot", "shiftgear", "ironhead"], "ability": "Filter", "evs": {"hp": 85, "atk": 85, "def": 85, "spa": 85, "spd": 85, "spe": 85}, "ivs": {"hp": 31, "atk": 31, "def": 31, "spa": 31, "spd": 31, "spe": 31}, "item": "Life Orb", "teraType": "Ground", "role": "Fast Attacker", "bvs": {"hp": 80, "atk": 119, "def": 90, "spa": 54, "spd": 67, "spe": 90}, "stats": {"hp": 256, "atk": 234, "def": 188, "spa": 131, "spd": 151, "spe": 188}, "types": ["Steel", "Poison"]}, "Regice": {"name": "Regice", "species": "Regice", "speciesId": "regice", "gender": "N", "shiny": false, "level": 88, "moves": ["thunderbolt", "icebeam", "thunderwave", "bodypress"], "ability": "Clear Body", "evs": {"hp": 85, "atk": 0, "def": 85, "spa": 85, "spd": 85, "spe": 85}, "ivs": {"hp": 31, "atk": 0, "def": 31, "spa": 31, "spd": 31, "spe": 31}, "item": "Heavy-Duty Boots", "teraType": "Electric", "role": "Bulky Attacker", "bvs": {"hp": 80, "atk": 50, "def": 100, "spa": 100, "spd": 200, "spe": 50}, "stats": {"hp": 284, "atk": 93, "def": 226, "spa": 226, "spd": 402, "spe": 138}, "types": ["Ice"]}}, {"Cobalion": {"name": "Cobalion", "species": "Cobalion", "speciesId": "cobalion", "gender": "N", "shiny": false, "level": 80, "moves": ["irondefense", "bodypress", "thunderwave", "ironhead"], "ability": "Justified", "evs": {"hp": 85, "atk": 85, "def": 85, "spa": 85, "spd": 85, "spe": 85}, "ivs": {"hp": 31, "atk": 31, "def": 31, "spa": 31, "spd": 31, "spe": 31}, "item": "Leftovers", "teraType": "Water", "role": "Bulky Support", "bvs": {"hp": 91, "atk": 90, "def": 129, "spa": 90, "spd": 72, "spe": 108}, "stats": {"hp": 277, "atk": 190, "def": 253, "spa": 190, "spd": 161, "spe": 219}, "types": ["Steel", "Fighting"]}, "Oricorio": {"name": "Oricorio", "species": "Oricorio-Pa'u", "speciesId": "oricoriopau", "gender": "F", "shiny": false, "level": 87, "moves": ["quiverdance", "roost", "revelationdance", "hurricane"], "ability": "Dancer", "evs": {"hp": 85, "atk": 0, "def": 85, "spa": 85, "spd": 85, "spe": 85}, "ivs": {"hp": 31, "atk": 0, "def": 31, "spa": 31, "spd": 31, "spe": 31}, "item": "Heavy-Duty Boots", "teraType": "Ground", "role": "Setup Sweeper", "bvs": {"hp": 75, "atk": 70, "def": 70, "spa": 98, "spd": 70, "spe": 93}, "stats": {"hp": 272, "atk": 126, "def": 172, "spa": 220, "spd": 172, "spe": 212}, "types": ["Psychic", "Flying"]}, "Torkoal": {"name": "Torkoal", "species": "Torkoal", "speciesId": "torkoal", "gender": "F", "shiny": false, "level": 88, "moves": ["lavaplume", "solarbeam", "rapidspin", "stealthrock"], "ability": "Drought", "evs": {"hp": 85, "atk": 85, "def": 85, "spa": 85, "spd": 85, "spe": 85}, "ivs": {"hp": 31, "atk": 31, "def": 31, "spa": 31, "spd": 31, "spe": 31}, "item": "Heavy-Duty Boots", "teraType": "Grass", "role": "Wallbreaker", "bvs": {"hp": 70, "atk": 85, "def": 140, "spa": 85, "spd": 70, "spe": 20}, "stats": {"hp": 266, "atk": 200, "def": 297, "spa": 200, "spd": 173, "spe": 85}, "types": ["Fire"]}, "Spidops": {"name": "Spidops", "species": "Spidops", "speciesId": "spidops", "gender": "M", "shiny": false, "level": 96, "moves": ["circlethrow", "stickyweb", "spikes", "toxicspikes"], "ability": "Stakeout", "evs": {"hp": 85, "atk": 85, "def": 85, "spa": 85, "spd": 85, "spe": 85}, "ivs": {"hp": 31, "atk": 31, "def": 31, "spa": 31, "spd": 31, "spe": 31}, "item": "Heavy-Duty Boots", "teraType": "Ghost", "role": "Bulky Support", "bvs": {"hp": 60, "atk": 79, "def": 92, "spa": 52, "spd": 86, "spe": 35}, "stats": {"hp": 271, "atk": 206, "def": 231, "spa": 154, "spd": 220, "spe": 122}, "types": ["Bug"]}, "Milotic": {"name": "Milotic", "species": "Milotic", "speciesId": "milotic", "gender": "F", "shiny": false, "level": 83, "moves": ["scald", "recover", "haze", "icebeam"], "ability": "Competitive", "evs": {"hp": 85, "atk": 0, "def": 85, "spa": 85, "spd": 85, "spe": 85}, "ivs": {"hp": 31, "atk": 0, "def": 31, "spa": 31, "spd": 31, "spe": 31}, "item": "Leftovers", "teraType": "Steel", "role": "Bulky Attacker", "bvs": {"hp": 95, "atk": 60, "def": 79, "spa": 100, "spd": 125, "spe": 81}, "stats": {"hp": 293, "atk": 104, "def": 179, "spa": 214, "spd": 255, "spe": 182}, "types": ["Water"]}, "Sableye": {"name": "Sableye", "species": "Sableye", "speciesId": "sableye", "gender": "M", "shiny": false, "level": 88, "moves": ["recover", "knockoff", "encore", "thunderwave"], "ability": "Prankster", "evs": {"hp": 85, "atk": 85, "def": 85, "spa": 85, "spd": 85, "spe": 85}, "ivs": {"hp": 31, "atk": 31, "def": 31, "spa": 31, "spd": 31, "spe": 31}, "item": "Leftovers", "teraType": "Steel", "role": "Bulky Support", "bvs": {"hp": 50, "atk": 75, "def": 75, "spa": 65, "spd": 65, "spe": 50}, "stats": {"hp": 231, "atk": 182, "def": 182, "spa": 165, "spd": 165, "spe": 138}, "types": ["Dark", "Ghost"]}}]}