{"id": "gen9randombattle-2631824415", "format": "[Gen 9] Random Battle", "players": ["Garrchampion", "luisgutierreezz"], "log": "|j|\u2606Garrchampion\n|j|\u2606luisgutierreezz\n|t:|1781444834\n|gametype|singles\n|player|p1|Garrchampion|cynthia|1397\n|player|p2|luisgutierreezz|102|1427\n|gen|9\n|tier|[Gen 9] Random Battle\n|rated|\n|rule|Species Clause: Limit one of each Pok\u00e9mon\n|rule|HP Percentage Mod: HP is shown in percentages\n|rule|Sleep Clause Mod: Limit one foe put to sleep\n|rule|Illusion Level Mod: Illusion disguises the Pok\u00e9mon's true level\n|\n|t:|1781444834\n|teamsize|p1|6\n|teamsize|p2|6\n|start\n|switch|p1a: Sandslash|Sandslash-Alola, L88, M|275/275\n|switch|p2a: Ninetales|Ninetales-Alola, L78, F|242/242\n|-weather|Snowscape|[from] ability: Snow Warning|[of] p2a: Ninetales\n|turn|1\n|inactive|Battle timer is ON: inactive players will automatically lose when time's up. (requested by luisgutierreezz)\n|\n|t:|1781444859\n|-terastallize|p2a: Ninetales|Steel\n|move|p1a: Sandslash|Swords Dance|p1a: Sandslash\n|-boost|p1a: Sandslash|atk|2\n|move|p2a: Ninetales|Aurora Veil|p2a: Ninetales\n|-sidestart|p2: luisgutierreezz|move: Aurora Veil\n|\n|-weather|Snowscape|[upkeep]\n|upkeep\n|turn|2\n|\n|t:|1781444870\n|switch|p2a: Coalossal|Coalossal, L89, F|341/341\n|move|p1a: Sandslash|Earthquake|p2a: Coalossal\n|-supereffective|p2a: Coalossal\n|-damage|p2a: Coalossal|13/341\n|-damage|p1a: Sandslash|248/275|[from] item: Life Orb\n|\n|-weather|Snowscape|[upkeep]\n|upkeep\n|turn|3\n|\n|t:|1781444887\n|move|p1a: Sandslash|Ice Shard|p2a: Coalossal\n|-resisted|p2a: Coalossal\n|-crit|p2a: Coalossal\n|-damage|p2a: Coalossal|0 fnt\n|faint|p2a: Coalossal\n|-damage|p1a: Sandslash|221/275|[from] item: Life Orb\n|\n|-weather|Snowscape|[upkeep]\n|upkeep\n|\n|t:|1781444895\n|switch|p2a: Beartic|Beartic, L91, F|321/321\n|turn|4\n|\n|t:|1781444913\n|move|p1a: Sandslash|Swords Dance|p1a: Sandslash\n|-boost|p1a: Sandslash|atk|2\n|move|p2a: Beartic|Close Combat|p1a: Sandslash\n|-supereffective|p1a: Sandslash\n|-damage|p1a: Sandslash|0 fnt\n|-unboost|p2a: Beartic|def|1\n|-unboost|p2a: Beartic|spd|1\n|faint|p1a: Sandslash\n|\n|-weather|Snowscape|[upkeep]\n|upkeep\n|inactive|Garrchampion has 120 seconds left.\n|\n|t:|1781444939\n|switch|p1a: Espathra|Espathra, L80, F|283/283\n|turn|5\n|\n|t:|1781444947\n|move|p2a: Beartic|Icicle Crash|p1a: Espathra\n|-damage|p1a: Espathra|94/283\n|move|p1a: Espathra|Lumina Crash|p2a: Beartic\n|-damage|p2a: Beartic|237/321\n|-unboost|p2a: Beartic|spd|2\n|\n|-weather|none\n|-ability|p1a: Espathra|Speed Boost|boost\n|-boost|p1a: Espathra|spe|1\n|upkeep\n|turn|6\n|\n|t:|1781444958\n|switch|p2a: Greninja|Greninja, L80, M|246/246\n|move|p1a: Espathra|Lumina Crash|p2a: Greninja\n|-immune|p2a: Greninja\n|\n|-ability|p1a: Espathra|Speed Boost|boost\n|-boost|p1a: Espathra|spe|1\n|upkeep\n|turn|7\n|\n|t:|1781444971\n|switch|p1a: Alomomola|Alomomola, L87, F|429/429\n|move|p2a: Greninja|Dark Pulse|p1a: Alomomola\n|-damage|p1a: Alomomola|280/429\n|-damage|p2a: Greninja|222/246|[from] item: Life Orb\n|\n|-heal|p1a: Alomomola|306/429|[from] item: Leftovers\n|upkeep\n|turn|8\n|\n|t:|1781444983\n|switch|p2a: Whimsicott|Whimsicott, L84, M|238/238\n|move|p1a: Alomomola|Protect||[still]\n|-fail|p1a: Alomomola\n|\n|-heal|p1a: Alomomola|332/429|[from] item: Leftovers\n|-sideend|p2: luisgutierreezz|move: Aurora Veil\n|upkeep\n|turn|9\n|\n|t:|1781444997\n|move|p2a: Whimsicott|Encore|p1a: Alomomola\n|-start|p1a: Alomomola|Encore\n|move|p1a: Alomomola|Protect||[still]\n|-fail|p1a: Alomomola\n|\n|-heal|p1a: Alomomola|358/429|[from] item: Leftovers\n|upkeep\n|turn|10\n|\n|t:|1781445007\n|switch|p1a: Espathra|Espathra, L80, F|94/283\n|move|p2a: Whimsicott|Leech Seed|p1a: Espathra\n|-start|p1a: Espathra|move: Leech Seed\n|\n|-damage|p1a: Espathra|59/283|[from] Leech Seed|[of] p2a: Whimsicott\n|upkeep\n|turn|11\n|\n|t:|1781445023\n|move|p2a: Whimsicott|Moonblast|p1a: Espathra\n|-damage|p1a: Espathra|0 fnt\n|faint|p1a: Espathra\n|\n|upkeep\n|\n|t:|1781445039\n|switch|p1a: Pawmot|Pawmot, L80, F|243/243\n|turn|12\n|\n|t:|1781445046\n|move|p2a: Whimsicott|Leech Seed|p1a: Pawmot|[miss]\n|-miss|p2a: Whimsicott|p1a: Pawmot\n|move|p1a: Pawmot|Nuzzle|p2a: Whimsicott\n|-resisted|p2a: Whimsicott\n|-crit|p2a: Whimsicott\n|-damage|p2a: Whimsicott|219/238\n|-status|p2a: Whimsicott|par\n|\n|-heal|p2a: Whimsicott|233/238 par|[from] item: Leftovers\n|upkeep\n|turn|13\n|inactive|Garrchampion has 120 seconds left.\n|\n|t:|1781445074\n|switch|p1a: Alomomola|Alomomola, L87, F|429/429\n|move|p2a: Whimsicott|Moonblast|p1a: Alomomola\n|-damage|p1a: Alomomola|305/429\n|\n|-heal|p1a: Alomomola|331/429|[from] item: Leftovers\n|-heal|p2a: Whimsicott|238/238 par|[from] item: Leftovers\n|upkeep\n|turn|14\n|inactive|Garrchampion has 120 seconds left.\n|\n|t:|1781445084\n|cant|p2a: Whimsicott|par\n|move|p1a: Alomomola|Scald|p2a: Whimsicott\n|-resisted|p2a: Whimsicott\n|-damage|p2a: Whimsicott|211/238 par\n|\n|-heal|p1a: Alomomola|357/429|[from] item: Leftovers\n|-heal|p2a: Whimsicott|225/238 par|[from] item: Leftovers\n|upkeep\n|turn|15\n|inactive|Garrchampion has 120 seconds left.\n|\n|t:|1781445098\n|switch|p1a: Greninja|Greninja, L80, M|246/246\n|move|p2a: Whimsicott|Leech Seed|p1a: Greninja\n|-hint|Since gen 7, Dark is immune to Prankster moves.\n|-immune|p1a: Greninja\n|\n|-heal|p2a: Whimsicott|238/238 par|[from] item: Leftovers\n|upkeep\n|turn|16\n|inactive|Garrchampion has 120 seconds left.\n|\n|t:|1781445114\n|move|p1a: Greninja|U-turn|p2a: Whimsicott\n|-start|p1a: Greninja|typechange|Bug|[from] ability: Protean\n|-damage|p2a: Whimsicott|169/238 par\n|\n|t:|1781445119\n|switch|p1a: Alomomola|Alomomola, L87, F|429/429|[from] U-turn\n|move|p2a: Whimsicott|Moonblast|p1a: Alomomola\n|-damage|p1a: Alomomola|309/429\n|\n|-heal|p1a: Alomomola|335/429|[from] item: Leftovers\n|-heal|p2a: Whimsicott|183/238 par|[from] item: Leftovers\n|upkeep\n|turn|17\n|inactive|luisgutierreezz has 120 seconds left.\n|\n|t:|1781445157\n|move|p2a: Whimsicott|Leech Seed|p1a: Alomomola\n|-start|p1a: Alomomola|move: Leech Seed\n|move|p1a: Alomomola|Flip Turn|p2a: Whimsicott\n|-resisted|p2a: Whimsicott\n|-damage|p2a: Whimsicott|155/238 par\n|\n|t:|1781445165\n|switch|p1a: Greninja|Greninja, L80, M|246/246|[from] Flip Turn\n|\n|-heal|p2a: Whimsicott|169/238 par|[from] item: Leftovers\n|upkeep\n|turn|18\n|\n|t:|1781445175\n|switch|p2a: Donphan|Donphan, L84, F|288/288\n|move|p1a: Greninja|Ice Beam|p2a: Donphan\n|-start|p1a: Greninja|typechange|Ice|[from] ability: Protean\n|-supereffective|p2a: Donphan\n|-ability|p2a: Donphan|Sturdy\n|-damage|p2a: Donphan|1/288\n|\n|-heal|p2a: Donphan|19/288|[from] item: Leftovers\n|upkeep\n|turn|19\n|inactive|Garrchampion has 120 seconds left.\n|inactive|luisgutierreezz has 120 seconds left.\n|\n|t:|1781445200\n|switch|p1a: Alomomola|Alomomola, L87, F|429/429\n|switch|p2a: Ninetales|Ninetales-Alola, L78, F, tera:Steel|242/242\n|-weather|Snowscape|[from] ability: Snow Warning|[of] p2a: Ninetales\n|\n|-weather|Snowscape|[upkeep]\n|upkeep\n|turn|20\n|inactive|luisgutierreezz has 120 seconds left.\n|\n|t:|1781445212\n|move|p2a: Ninetales|Aurora Veil|p2a: Ninetales\n|-sidestart|p2: luisgutierreezz|move: Aurora Veil\n|move|p1a: Alomomola|Flip Turn|p2a: Ninetales\n|-damage|p2a: Ninetales|206/242\n|\n|t:|1781445217\n|switch|p1a: Lycanroc|Lycanroc-Midnight, L89, M|296/296|[from] Flip Turn\n|\n|-weather|Snowscape|[upkeep]\n|upkeep\n|turn|21\n|inactive|luisgutierreezz has 120 seconds left.\n|\n|t:|1781445242\n|switch|p2a: Whimsicott|Whimsicott, L84, M|169/238 par\n|move|p1a: Lycanroc|Swords Dance|p1a: Lycanroc\n|-boost|p1a: Lycanroc|atk|2\n|\n|-weather|Snowscape|[upkeep]\n|-heal|p2a: Whimsicott|183/238 par|[from] item: Leftovers\n|upkeep\n|turn|22\n|\n|t:|1781445251\n|move|p2a: Whimsicott|Encore|p1a: Lycanroc\n|-start|p1a: Lycanroc|Encore\n|move|p1a: Lycanroc|Swords Dance|p1a: Lycanroc\n|-boost|p1a: Lycanroc|atk|2\n|\n|-weather|Snowscape|[upkeep]\n|-heal|p2a: Whimsicott|197/238 par|[from] item: Leftovers\n|upkeep\n|turn|23\n|\n|t:|1781445264\n|switch|p1a: Alomomola|Alomomola, L87, F|429/429\n|move|p2a: Whimsicott|Moonblast|p1a: Alomomola\n|-damage|p1a: Alomomola|299/429\n|-unboost|p1a: Alomomola|spa|1\n|\n|-weather|none\n|-heal|p1a: Alomomola|325/429|[from] item: Leftovers\n|-heal|p2a: Whimsicott|211/238 par|[from] item: Leftovers\n|upkeep\n|turn|24\n|\n|t:|1781445276\n|switch|p2a: Ninetales|Ninetales-Alola, L78, F, tera:Steel|206/242\n|-weather|Snowscape|[from] ability: Snow Warning|[of] p2a: Ninetales\n|move|p1a: Alomomola|Flip Turn|p2a: Ninetales\n|-damage|p2a: Ninetales|172/242\n|\n|t:|1781445284\n|switch|p1a: Pawmot|Pawmot, L80, F|243/243|[from] Flip Turn\n|\n|-weather|Snowscape|[upkeep]\n|upkeep\n|turn|25\n|\n|t:|1781445296\n|move|p2a: Ninetales|Moonblast|p1a: Pawmot\n|-supereffective|p1a: Pawmot\n|-damage|p1a: Pawmot|45/243\n|-unboost|p1a: Pawmot|spa|1\n|move|p1a: Pawmot|Revival Blessing|p1a: Pawmot\n|-enditem|p1a: Pawmot|Leppa Berry|[eat]\n|-activate|p1a: Pawmot|item: Leppa Berry|Revival Blessing|[consumed]\n|\n|t:|1781445305\n|-heal|p1: Sandslash|137/275|[from] move: Revival Blessing\n|\n|-weather|Snowscape|[upkeep]\n|upkeep\n|turn|26\n|inactive|Garrchampion has 120 seconds left.\n|\n|t:|1781445325\n|switch|p1a: Alomomola|Alomomola, L87, F|429/429\n|move|p2a: Ninetales|Moonblast|p1a: Alomomola\n|-damage|p1a: Alomomola|315/429\n|\n|-weather|Snowscape|[upkeep]\n|-heal|p1a: Alomomola|341/429|[from] item: Leftovers\n|upkeep\n|turn|27\n|\n|t:|1781445340\n|move|p2a: Ninetales|Freeze-Dry|p1a: Alomomola\n|-supereffective|p1a: Alomomola\n|-damage|p1a: Alomomola|171/429\n|move|p1a: Alomomola|Wish|p1a: Alomomola\n|\n|-weather|Snowscape|[upkeep]\n|-heal|p1a: Alomomola|197/429|[from] item: Leftovers\n|-sideend|p2: luisgutierreezz|move: Aurora Veil\n|upkeep\n|turn|28\n|inactive|Garrchampion has 120 seconds left.\n|\n|t:|1781445356\n|switch|p1a: Sandslash|Sandslash-Alola, L88, M|137/275\n|move|p2a: Ninetales|Aurora Veil|p2a: Ninetales\n|-sidestart|p2: luisgutierreezz|move: Aurora Veil\n|\n|-weather|none\n|-heal|p1a: Sandslash|275/275|[from] move: Wish|[wisher] Alomomola\n|upkeep\n|turn|29\n|inactive|Garrchampion has 120 seconds left.\n|\n|t:|1781445366\n|switch|p2a: Whimsicott|Whimsicott, L84, M|211/238 par\n|move|p1a: Sandslash|Swords Dance|p1a: Sandslash\n|-boost|p1a: Sandslash|atk|2\n|\n|-heal|p2a: Whimsicott|225/238 par|[from] item: Leftovers\n|upkeep\n|turn|30\n|\n|t:|1781445375\n|cant|p2a: Whimsicott|par\n|move|p1a: Sandslash|Triple Axel|p2a: Whimsicott|[miss]\n|-miss|p1a: Sandslash|p2a: Whimsicott\n|\n|-heal|p2a: Whimsicott|238/238 par|[from] item: Leftovers\n|upkeep\n|turn|31\n|\n|t:|1781445391\n|move|p2a: Whimsicott|Leech Seed|p1a: Sandslash\n|-start|p1a: Sandslash|move: Leech Seed\n|move|p1a: Sandslash|Triple Axel|p2a: Whimsicott\n|-supereffective|p2a: Whimsicott\n|-damage|p2a: Whimsicott|172/238 par\n|-supereffective|p2a: Whimsicott\n|-damage|p2a: Whimsicott|43/238 par\n|-supereffective|p2a: Whimsicott\n|-damage|p2a: Whimsicott|0 fnt\n|faint|p2a: Whimsicott\n|-hitcount|p2: Whimsicott|3\n|-damage|p1a: Sandslash|248/275|[from] item: Life Orb\n|\n|upkeep\n|inactive|luisgutierreezz has 120 seconds left.\n|\n|t:|1781445413\n|switch|p2a: Greninja|Greninja, L80, M|222/246\n|turn|32\n|inactive|luisgutierreezz has 120 seconds left.\n|\n|t:|1781445427\n|switch|p1a: Alomomola|Alomomola, L87, F|340/429\n|move|p2a: Greninja|Dark Pulse|p1a: Alomomola\n|-damage|p1a: Alomomola|184/429\n|-damage|p2a: Greninja|198/246|[from] item: Life Orb\n|\n|-heal|p1a: Alomomola|210/429|[from] item: Leftovers\n|upkeep\n|turn|33\n|\n|t:|1781445436\n|move|p1a: Alomomola|Protect|p1a: Alomomola\n|-singleturn|p1a: Alomomola|Protect\n|move|p2a: Greninja|Dark Pulse|p1a: Alomomola\n|-activate|p1a: Alomomola|move: Protect\n|\n|-heal|p1a: Alomomola|236/429|[from] item: Leftovers\n|upkeep\n|turn|34\n|\n|t:|1781445446\n|move|p2a: Greninja|Hydro Pump|p1a: Alomomola\n|-resisted|p1a: Alomomola\n|-damage|p1a: Alomomola|131/429\n|-damage|p2a: Greninja|174/246|[from] item: Life Orb\n|move|p1a: Alomomola|Flip Turn|p2a: Greninja\n|-resisted|p2a: Greninja\n|-damage|p2a: Greninja|156/246\n|\n|t:|1781445455\n|switch|p1a: Greninja|Greninja, L80, M|246/246|[from] Flip Turn\n|\n|upkeep\n|turn|35\n|inactive|luisgutierreezz has 120 seconds left.\n|\n|t:|1781445479\n|move|p1a: Greninja|U-turn|p2a: Greninja\n|-start|p1a: Greninja|typechange|Bug|[from] ability: Protean\n|-supereffective|p2a: Greninja\n|-damage|p2a: Greninja|65/246\n|\n|t:|1781445485\n|switch|p1a: Alomomola|Alomomola, L87, F|274/429|[from] U-turn\n|move|p2a: Greninja|Gunk Shot|p1a: Alomomola\n|-damage|p1a: Alomomola|171/429\n|-damage|p2a: Greninja|41/246|[from] item: Life Orb\n|\n|-heal|p1a: Alomomola|197/429|[from] item: Leftovers\n|-sideend|p2: luisgutierreezz|move: Aurora Veil\n|upkeep\n|turn|36\n|\n|t:|1781445500\n|move|p2a: Greninja|Dark Pulse|p1a: Alomomola\n|-damage|p1a: Alomomola|41/429\n|-damage|p2a: Greninja|17/246|[from] item: Life Orb\n|cant|p1a: Alomomola|flinch\n|\n|-heal|p1a: Alomomola|67/429|[from] item: Leftovers\n|upkeep\n|turn|37\n|\n|t:|1781445510\n|move|p1a: Alomomola|Protect|p1a: Alomomola\n|-singleturn|p1a: Alomomola|Protect\n|move|p2a: Greninja|Dark Pulse|p1a: Alomomola\n|-activate|p1a: Alomomola|move: Protect\n|\n|-heal|p1a: Alomomola|93/429|[from] item: Leftovers\n|upkeep\n|turn|38\n|\n|t:|1781445522\n|switch|p1a: Pawmot|Pawmot, L80, F|45/243\n|move|p2a: Greninja|Dark Pulse|p1a: Pawmot\n|-resisted|p1a: Pawmot\n|-damage|p1a: Pawmot|0 fnt\n|faint|p1a: Pawmot\n|-ability|p2a: Greninja|Battle Bond|boost\n|-boost|p2a: Greninja|atk|1\n|-boost|p2a: Greninja|spa|1\n|-boost|p2a: Greninja|spe|1\n|-activate|p2a: Greninja|ability: Battle Bond\n|-damage|p2a: Greninja|0 fnt|[from] item: Life Orb\n|faint|p2a: Greninja\n|\n|upkeep\n|l|\u2606Garrchampion\n|inactive|Garrchampion disconnected and has a minute to reconnect!\n|player|p1|\n|inactive|Garrchampion has 30 seconds to reconnect!\n|inactive|Garrchampion has 20 seconds to reconnect!\n|inactive|Garrchampion has 15 seconds to reconnect!\n|inactive|Garrchampion has 10 seconds to reconnect!\n|inactive|Garrchampion has 5 seconds to reconnect!\n|-message|Garrchampion lost due to inactivity.\n|\n|win|luisgutierreezz\n|raw|Garrchampion's rating: 1397 &rarr; <strong>1379</strong><br />(-18 for losing)\n|raw|luisgutierreezz's rating: 1427 &rarr; <strong>1445</strong><br />(+18 for winning)\n|j|\u2606Garrchampion\n|player|p1|Garrchampion|cynthia|\n|l|\u2606Garrchampion\n|player|p1|\n", "inputlog": ">version a8376a258c1d4662feba110a92103f3664a72141\n>start {\"formatid\":\"gen9randombattle\",\"seed\":\"sodium,e5e6007cee1b7c49a17fd261682a7f97\",\"rated\":\"Rated battle\"}\n>player p1 {\"name\":\"Garrchampion\",\"avatar\":\"cynthia\",\"rating\":1397,\"seed\":\"sodium,322872f24f8721f7eead71c15c0113c2\"}\n>player p2 {\"name\":\"luisgutierreezz\",\"avatar\":\"102\",\"rating\":1427,\"seed\":\"sodium,8acadb0e4423b15d7d21c65b8132e938\"}\n>p1 move swordsdance\n>p2 move auroraveil terastallize\n>p1 move earthquake\n>p2 switch 4\n>p1 move iceshard\n>p2 move overheat\n>p2 switch 3\n>p1 move swordsdance\n>p2 move closecombat\n>p1 switch 6\n>p1 move luminacrash\n>p2 move iciclecrash\n>p1 move luminacrash\n>p2 switch 6\n>p1 switch 3\n>p2 move darkpulse\n>p1 move protect\n>p2 switch 2\n>p1 move flipturn\n>p2 move encore\n>p1 switch 3\n>p2 move leechseed\n>p1 move uturn\n>p2 move moonblast\n>p1 switch 2\n>p1 move nuzzle\n>p2 move leechseed\n>p1 switch 3\n>p2 move moonblast\n>p1 move scald\n>p2 move leechseed\n>p1 switch 4\n>p2 move leechseed\n>p1 move uturn\n>p2 move moonblast\n>p1 switch 4\n>p1 move flipturn\n>p2 move leechseed\n>p1 switch 4\n>p1 move icebeam\n>p2 switch 5\n>p1 switch 4\n>p2 switch 4\n>p1 move flipturn\n>p2 move auroraveil\n>p1 switch 5\n>p1 move swordsdance\n>p2 switch 5\n>p1 move stoneedge\n>p2 move encore\n>p1 switch 5\n>p2 move moonblast\n>p1 move flipturn\n>p2 switch 5\n>p1 switch 3\n>p1 move revivalblessing\n>p2 move moonblast\n>p1 switch 6\n>p1 switch 3\n>p2 move moonblast\n>p1 move wish\n>p2 move freezedry\n>p1 switch 6\n>p2 move auroraveil\n>p1 move swordsdance\n>p2 switch 5\n>p1 move tripleaxel\n>p2 move encore\n>p1 move tripleaxel\n>p2 move leechseed\n>p2 switch 2\n>p1 switch 6\n>p2 move darkpulse\n>p1 move protect\n>p2 move darkpulse\n>p1 move flipturn\n>p2 move hydropump\n>p1 switch 4\n>p1 move uturn\n>p2 move gunkshot\n>p1 switch 4\n>p1 move scald\n>p2 move darkpulse\n>p1 move protect\n>p2 move darkpulse\n>p1 switch 3\n>p2 move darkpulse\n>forcelose p1", "uploadtime": 1781445615, "views": 11, "formatid": "gen9randombattle", "rating": 1379, "private": 0, "password": null, "player_dets": [{"name": "Garrchampion", "avatar": "cynthia", "rating": 1397, "seed": "sodium,322872f24f8721f7eead71c15c0113c2"}, {"name": "luisgutierreezz", "avatar": "102", "rating": 1427, "seed": "sodium,8acadb0e4423b15d7d21c65b8132e938"}], "teams_full": [{"Sandslash": {"name": "Sandslash", "species": "Sandslash-Alola", "speciesId": "sandslashalola", "gender": "M", "shiny": false, "level": 88, "moves": ["swordsdance", "iceshard", "earthquake", "tripleaxel"], "ability": "Slush Rush", "evs": {"hp": 85, "atk": 85, "def": 85, "spa": 85, "spd": 85, "spe": 85}, "ivs": {"hp": 31, "atk": 31, "def": 31, "spa": 31, "spd": 31, "spe": 31}, "item": "Life Orb", "teraType": "Ground", "role": "Setup Sweeper", "bvs": {"hp": 75, "atk": 100, "def": 120, "spa": 25, "spd": 65, "spe": 65}, "stats": {"hp": 275, "atk": 226, "def": 261, "spa": 94, "spd": 165, "spe": 165}, "types": ["Ice", "Steel"]}, "Pawmot": {"name": "Pawmot", "species": "Pawmot", "speciesId": "pawmot", "gender": "F", "shiny": false, "level": 80, "moves": ["doubleshock", "nuzzle", "revivalblessing", "closecombat"], "ability": "Volt Absorb", "evs": {"hp": 85, "atk": 85, "def": 85, "spa": 85, "spd": 85, "spe": 85}, "ivs": {"hp": 31, "atk": 31, "def": 31, "spa": 31, "spd": 31, "spe": 31}, "item": "Leppa Berry", "teraType": "Electric", "role": "Fast Attacker", "bvs": {"hp": 70, "atk": 115, "def": 70, "spa": 70, "spd": 60, "spe": 105}, "stats": {"hp": 243, "atk": 230, "def": 158, "spa": 158, "spd": 142, "spe": 214}, "types": ["Electric", "Fighting"]}, "Alomomola": {"name": "Alomomola", "species": "Alomomola", "speciesId": "alomomola", "gender": "F", "shiny": false, "level": 87, "moves": ["protect", "wish", "scald", "flipturn"], "ability": "Regenerator", "evs": {"hp": 85, "atk": 85, "def": 85, "spa": 85, "spd": 85, "spe": 85}, "ivs": {"hp": 31, "atk": 31, "def": 31, "spa": 31, "spd": 31, "spe": 31}, "item": "Leftovers", "teraType": "Poison", "role": "Bulky Support", "bvs": {"hp": 165, "atk": 75, "def": 80, "spa": 40, "spd": 45, "spe": 65}, "stats": {"hp": 429, "atk": 180, "def": 189, "spa": 119, "spd": 128, "spe": 163}, "types": ["Water"]}, "Greninja": {"name": "Greninja", "species": "Greninja", "speciesId": "greninja", "gender": "M", "shiny": false, "level": 80, "moves": ["hydropump", "uturn", "darkpulse", "icebeam"], "ability": "Protean", "evs": {"hp": 85, "atk": 85, "def": 85, "spa": 85, "spd": 85, "spe": 85}, "ivs": {"hp": 31, "atk": 31, "def": 31, "spa": 31, "spd": 31, "spe": 31}, "item": "Choice Specs", "teraType": "Dark", "role": "Fast Attacker", "bvs": {"hp": 72, "atk": 95, "def": 67, "spa": 103, "spd": 71, "spe": 122}, "stats": {"hp": 246, "atk": 198, "def": 153, "spa": 211, "spd": 160, "spe": 241}, "types": ["Water", "Dark"]}, "Lycanroc": {"name": "Lycanroc", "species": "Lycanroc-Midnight", "speciesId": "lycanrocmidnight", "gender": "M", "shiny": false, "level": 89, "moves": ["stoneedge", "swordsdance", "closecombat", "suckerpunch"], "ability": "No Guard", "evs": {"hp": 85, "atk": 85, "def": 85, "spa": 85, "spd": 85, "spe": 85}, "ivs": {"hp": 31, "atk": 31, "def": 31, "spa": 31, "spd": 31, "spe": 31}, "item": "Life Orb", "teraType": "Fighting", "role": "Fast Attacker", "bvs": {"hp": 85, "atk": 115, "def": 75, "spa": 55, "spd": 75, "spe": 82}, "stats": {"hp": 296, "atk": 255, "def": 184, "spa": 149, "spd": 184, "spe": 197}, "types": ["Rock"]}, "Espathra": {"name": "Espathra", "species": "Espathra", "speciesId": "espathra", "gender": "F", "shiny": false, "level": 80, "moves": ["uturn", "shadowball", "dazzlinggleam", "luminacrash"], "ability": "Speed Boost", "evs": {"hp": 85, "atk": 85, "def": 85, "spa": 85, "spd": 85, "spe": 85}, "ivs": {"hp": 31, "atk": 31, "def": 31, "spa": 31, "spd": 31, "spe": 31}, "item": "Choice Specs", "teraType": "Fairy", "role": "Wallbreaker", "bvs": {"hp": 95, "atk": 60, "def": 60, "spa": 101, "spd": 60, "spe": 105}, "stats": {"hp": 283, "atk": 142, "def": 142, "spa": 208, "spd": 142, "spe": 214}, "types": ["Psychic"]}}, {"Ninetales": {"name": "Ninetales", "species": "Ninetales-Alola", "speciesId": "ninetalesalola", "gender": "F", "shiny": false, "level": 78, "moves": ["freezedry", "auroraveil", "blizzard", "moonblast"], "ability": "Snow Warning", "evs": {"hp": 85, "atk": 0, "def": 85, "spa": 85, "spd": 85, "spe": 85}, "ivs": {"hp": 31, "atk": 0, "def": 31, "spa": 31, "spd": 31, "spe": 31}, "item": "Light Clay", "teraType": "Steel", "role": "Fast Attacker", "bvs": {"hp": 73, "atk": 67, "def": 75, "spa": 81, "spd": 100, "spe": 109}, "stats": {"hp": 242, "atk": 109, "def": 162, "spa": 171, "spd": 201, "spe": 215}, "types": ["Ice", "Fairy"]}, "Whimsicott": {"name": "Whimsicott", "species": "Whimsicott", "speciesId": "whimsicott", "gender": "M", "shiny": false, "level": 84, "moves": ["encore", "leechseed", "substitute", "moonblast"], "ability": "Prankster", "evs": {"hp": 85, "atk": 0, "def": 85, "spa": 85, "spd": 85, "spe": 85}, "ivs": {"hp": 31, "atk": 0, "def": 31, "spa": 31, "spd": 31, "spe": 31}, "item": "Leftovers", "teraType": "Poison", "role": "Bulky Support", "bvs": {"hp": 60, "atk": 67, "def": 85, "spa": 77, "spd": 75, "spe": 116}, "stats": {"hp": 238, "atk": 117, "def": 191, "spa": 178, "spd": 174, "spe": 243}, "types": ["Grass", "Fairy"]}, "Beartic": {"name": "Beartic", "species": "Beartic", "speciesId": "beartic", "gender": "F", "shiny": false, "level": 91, "moves": ["earthquake", "closecombat", "iciclecrash", "swordsdance"], "ability": "Slush Rush", "evs": {"hp": 85, "atk": 85, "def": 85, "spa": 85, "spd": 85, "spe": 85}, "ivs": {"hp": 31, "atk": 31, "def": 31, "spa": 31, "spd": 31, "spe": 31}, "item": "Heavy-Duty Boots", "teraType": "Ground", "role": "Wallbreaker", "bvs": {"hp": 95, "atk": 130, "def": 80, "spa": 70, "spd": 80, "spe": 50}, "stats": {"hp": 321, "atk": 288, "def": 197, "spa": 179, "spd": 197, "spe": 143}, "types": ["Ice"]}, "Coalossal": {"name": "Coalossal", "species": "Coalossal", "speciesId": "coalossal", "gender": "F", "shiny": false, "level": 89, "moves": ["overheat", "stoneedge", "willowisp", "rapidspin"], "ability": "Flame Body", "evs": {"hp": 85, "atk": 85, "def": 85, "spa": 85, "spd": 85, "spe": 85}, "ivs": {"hp": 31, "atk": 31, "def": 31, "spa": 31, "spd": 31, "spe": 31}, "item": "Heavy-Duty Boots", "teraType": "Ghost", "role": "Bulky Support", "bvs": {"hp": 110, "atk": 80, "def": 120, "spa": 80, "spd": 90, "spe": 30}, "stats": {"hp": 341, "atk": 193, "def": 264, "spa": 193, "spd": 211, "spe": 104}, "types": ["Rock", "Fire"]}, "Donphan": {"name": "Donphan", "species": "Donphan", "speciesId": "donphan", "gender": "F", "shiny": false, "level": 84, "moves": ["iceshard", "stealthrock", "earthquake", "knockoff"], "ability": "Sturdy", "evs": {"hp": 85, "atk": 85, "def": 85, "spa": 85, "spd": 85, "spe": 85}, "ivs": {"hp": 31, "atk": 31, "def": 31, "spa": 31, "spd": 31, "spe": 31}, "item": "Leftovers", "teraType": "Dragon", "role": "Bulky Support", "bvs": {"hp": 90, "atk": 120, "def": 120, "spa": 60, "spd": 60, "spe": 50}, "stats": {"hp": 288, "atk": 250, "def": 250, "spa": 149, "spd": 149, "spe": 132}, "types": ["Ground"]}, "Greninja": {"name": "Greninja", "species": "Greninja-Bond", "speciesId": "greninjabond", "gender": "M", "shiny": false, "level": 80, "moves": ["gunkshot", "icebeam", "hydropump", "darkpulse"], "ability": "Battle Bond", "evs": {"hp": 85, "atk": 85, "def": 85, "spa": 85, "spd": 85, "spe": 85}, "ivs": {"hp": 31, "atk": 31, "def": 31, "spa": 31, "spd": 31, "spe": 31}, "item": "Life Orb", "teraType": "Water", "role": "Fast Attacker", "bvs": {"hp": 72, "atk": 95, "def": 67, "spa": 103, "spd": 71, "spe": 122}, "stats": {"hp": 246, "atk": 198, "def": 153, "spa": 211, "spd": 160, "spe": 241}, "types": ["Water", "Dark"]}}]}