{"id": "gen9randombattle-2631809345", "format": "[Gen 9] Random Battle", "players": ["kormorano", "Starfacto"], "log": "|j|\u2606kormorano\n|j|\u2606Starfacto\n|t:|1781442827\n|gametype|singles\n|player|p1|kormorano|102|2068\n|player|p2|Starfacto|boarder|2049\n|gen|9\n|tier|[Gen 9] Random Battle\n|rated|\n|rule|Species Clause: Limit one of each Pok\u00e9mon\n|rule|HP Percentage Mod: HP is shown in percentages\n|rule|Sleep Clause Mod: Limit one foe put to sleep\n|rule|Illusion Level Mod: Illusion disguises the Pok\u00e9mon's true level\n|\n|t:|1781442827\n|teamsize|p1|6\n|teamsize|p2|6\n|start\n|switch|p1a: Wigglytuff|Wigglytuff, L96, M|424/424\n|switch|p2a: Azelf|Azelf, L82|257/257\n|turn|1\n|inactive|Battle timer is ON: inactive players will automatically lose when time's up. (requested by kormorano)\n|\n|t:|1781442837\n|move|p2a: Azelf|U-turn|p1a: Wigglytuff\n|-resisted|p1a: Wigglytuff\n|-damage|p1a: Wigglytuff|385/424\n|\n|t:|1781442841\n|switch|p2a: Granbull|Granbull, L88, F|302/302|[from] U-turn\n|-ability|p2a: Granbull|Intimidate|boost\n|-unboost|p1a: Wigglytuff|atk|1\n|-ability|p1a: Wigglytuff|Competitive|boost\n|-boost|p1a: Wigglytuff|spa|2\n|move|p1a: Wigglytuff|Thunder Wave|p2a: Granbull|[miss]\n|-miss|p1a: Wigglytuff|p2a: Granbull\n|\n|-heal|p1a: Wigglytuff|411/424|[from] item: Leftovers\n|upkeep\n|turn|2\n|\n|t:|1781442848\n|move|p1a: Wigglytuff|Protect|p1a: Wigglytuff\n|-singleturn|p1a: Wigglytuff|Protect\n|move|p2a: Granbull|Thunder Wave|p1a: Wigglytuff\n|-activate|p1a: Wigglytuff|move: Protect\n|\n|-heal|p1a: Wigglytuff|424/424|[from] item: Leftovers\n|upkeep\n|turn|3\n|\n|t:|1781442853\n|move|p1a: Wigglytuff|Alluring Voice|p2a: Granbull\n|-damage|p2a: Granbull|73/302\n|move|p2a: Granbull|Thunder Wave|p1a: Wigglytuff\n|-status|p1a: Wigglytuff|par\n|\n|-heal|p2a: Granbull|91/302|[from] item: Leftovers\n|upkeep\n|turn|4\n|\n|t:|1781442858\n|move|p2a: Granbull|Play Rough|p1a: Wigglytuff\n|-damage|p1a: Wigglytuff|262/424 par\n|-unboost|p1a: Wigglytuff|atk|1\n|-ability|p1a: Wigglytuff|Competitive|boost\n|-boost|p1a: Wigglytuff|spa|2\n|move|p1a: Wigglytuff|Alluring Voice|p2a: Granbull\n|-damage|p2a: Granbull|0 fnt\n|faint|p2a: Granbull\n|\n|-heal|p1a: Wigglytuff|288/424 par|[from] item: Leftovers\n|upkeep\n|\n|t:|1781442872\n|switch|p2a: Bisharp|Bisharp, L79, F|232/232\n|turn|5\n|\n|t:|1781442883\n|move|p2a: Bisharp|Iron Head|p1a: Wigglytuff\n|-supereffective|p1a: Wigglytuff\n|-damage|p1a: Wigglytuff|28/424 par\n|cant|p1a: Wigglytuff|par\n|\n|-heal|p1a: Wigglytuff|54/424 par|[from] item: Leftovers\n|upkeep\n|turn|6\n|\n|t:|1781442888\n|move|p2a: Bisharp|Iron Head|p1a: Wigglytuff\n|-supereffective|p1a: Wigglytuff\n|-damage|p1a: Wigglytuff|0 fnt\n|faint|p1a: Wigglytuff\n|\n|upkeep\n|\n|t:|1781442895\n|switch|p1a: Ludicolo|Ludicolo, L90, F|290/290\n|turn|7\n|\n|t:|1781442910\n|move|p1a: Ludicolo|Hydro Pump|p2a: Bisharp\n|-damage|p2a: Bisharp|75/232\n|move|p2a: Bisharp|Stealth Rock|p1a: Ludicolo\n|-sidestart|p1: kormorano|move: Stealth Rock\n|\n|upkeep\n|turn|8\n|\n|t:|1781442916\n|switch|p2a: Serperior|Serperior, L79, F|248/248\n|move|p1a: Ludicolo|Hydro Pump|p2a: Serperior\n|-resisted|p2a: Serperior\n|-damage|p2a: Serperior|149/248\n|\n|-heal|p2a: Serperior|164/248|[from] item: Leftovers\n|upkeep\n|turn|9\n|\n|t:|1781442923\n|switch|p1a: Appletun|Appletun, L92, M|352/352\n|-damage|p1a: Appletun|308/352|[from] Stealth Rock\n|move|p2a: Serperior|Leaf Storm|p1a: Appletun\n|-resisted|p1a: Appletun\n|-damage|p1a: Appletun|286/352\n|-boost|p2a: Serperior|spa|2\n|\n|-heal|p2a: Serperior|179/248|[from] item: Leftovers\n|-heal|p1a: Appletun|308/352|[from] item: Leftovers\n|upkeep\n|turn|10\n|\n|t:|1781442931\n|switch|p2a: Bisharp|Bisharp, L79, F|75/232\n|move|p1a: Appletun|Dragon Pulse|p2a: Bisharp\n|-resisted|p2a: Bisharp\n|-damage|p2a: Bisharp|28/232\n|\n|-heal|p1a: Appletun|330/352|[from] item: Leftovers\n|upkeep\n|turn|11\n|\n|t:|1781442936\n|move|p2a: Bisharp|Iron Head|p1a: Appletun\n|-damage|p1a: Appletun|240/352\n|move|p1a: Appletun|Dragon Pulse|p2a: Bisharp\n|-resisted|p2a: Bisharp\n|-damage|p2a: Bisharp|0 fnt\n|faint|p2a: Bisharp\n|\n|-heal|p1a: Appletun|262/352|[from] item: Leftovers\n|upkeep\n|\n|t:|1781442940\n|switch|p2a: Azelf|Azelf, L82|257/257\n|turn|12\n|\n|t:|1781442944\n|switch|p1a: Ludicolo|Ludicolo, L90, F|290/290\n|-damage|p1a: Ludicolo|254/290|[from] Stealth Rock\n|move|p2a: Azelf|Dazzling Gleam|p1a: Ludicolo\n|-damage|p1a: Ludicolo|171/290\n|\n|upkeep\n|turn|13\n|\n|t:|1781442951\n|move|p2a: Azelf|Dazzling Gleam|p1a: Ludicolo\n|-damage|p1a: Ludicolo|87/290\n|move|p1a: Ludicolo|Leaf Storm|p2a: Azelf\n|-damage|p2a: Azelf|0 fnt\n|-unboost|p1a: Ludicolo|spa|2\n|faint|p2a: Azelf\n|\n|upkeep\n|\n|t:|1781442958\n|switch|p2a: Serperior|Serperior, L79, F|179/248\n|turn|14\n|\n|t:|1781442967\n|switch|p1a: Drifblim|Drifblim, L86, M|398/398\n|move|p2a: Serperior|Leaf Storm|p1a: Drifblim\n|-resisted|p1a: Drifblim\n|-damage|p1a: Drifblim|329/398\n|-boost|p2a: Serperior|spa|2\n|\n|-heal|p2a: Serperior|194/248|[from] item: Leftovers\n|upkeep\n|turn|15\n|\n|t:|1781442993\n|-terastallize|p2a: Serperior|Rock\n|move|p2a: Serperior|Tera Blast|p1a: Drifblim|[anim] Tera Blast Rock\n|-supereffective|p1a: Drifblim\n|-damage|p1a: Drifblim|0 fnt\n|faint|p1a: Drifblim\n|\n|-heal|p2a: Serperior|209/248|[from] item: Leftovers\n|upkeep\n|\n|t:|1781443008\n|switch|p1a: Slaking|Slaking, L84, M|389/389\n|-damage|p1a: Slaking|341/389|[from] Stealth Rock\n|turn|16\n|\n|t:|1781443011\n|move|p2a: Serperior|Substitute|p2a: Serperior\n|-start|p2a: Serperior|Substitute\n|-damage|p2a: Serperior|147/248\n|move|p1a: Slaking|Earthquake|p2a: Serperior\n|-supereffective|p2a: Serperior\n|-end|p2a: Serperior|Substitute\n|\n|-heal|p2a: Serperior|162/248|[from] item: Leftovers\n|upkeep\n|turn|17\n|\n|t:|1781443017\n|switch|p1a: Ludicolo|Ludicolo, L90, F|87/290\n|-damage|p1a: Ludicolo|51/290|[from] Stealth Rock\n|move|p2a: Serperior|Leaf Storm|p1a: Ludicolo\n|-damage|p1a: Ludicolo|0 fnt\n|-boost|p2a: Serperior|spa|2\n|faint|p1a: Ludicolo\n|\n|-heal|p2a: Serperior|177/248|[from] item: Leftovers\n|upkeep\n|\n|t:|1781443022\n|switch|p1a: Appletun|Appletun, L92, M|262/352\n|-damage|p1a: Appletun|218/352|[from] Stealth Rock\n|turn|18\n|\n|t:|1781443027\n|move|p2a: Serperior|Tera Blast|p1a: Appletun|[anim] Tera Blast Rock\n|-damage|p1a: Appletun|50/352\n|move|p1a: Appletun|Apple Acid|p2a: Serperior\n|-supereffective|p2a: Serperior\n|-damage|p2a: Serperior|0 fnt\n|faint|p2a: Serperior\n|\n|-heal|p1a: Appletun|72/352|[from] item: Leftovers\n|upkeep\n|\n|t:|1781443033\n|switch|p2a: Swampert|Swampert, L83, M|302/302\n|turn|19\n|\n|t:|1781443041\n|switch|p1a: Slaking|Slaking, L84, M|341/389\n|-damage|p1a: Slaking|293/389|[from] Stealth Rock\n|move|p2a: Swampert|Knock Off|p1a: Slaking\n|-damage|p1a: Slaking|225/389\n|-enditem|p1a: Slaking|Choice Band|[from] move: Knock Off|[of] p2a: Swampert\n|\n|upkeep\n|turn|20\n|\n|t:|1781443050\n|move|p1a: Slaking|Double-Edge|p2a: Swampert\n|-damage|p2a: Swampert|100/302\n|-damage|p1a: Slaking|158/389|[from] Recoil\n|move|p2a: Swampert|Earthquake|p1a: Slaking\n|-damage|p1a: Slaking|59/389\n|\n|-heal|p2a: Swampert|118/302|[from] item: Leftovers\n|upkeep\n|turn|21\n|\n|t:|1781443059\n|cant|p1a: Slaking|ability: Truant\n|move|p2a: Swampert|Knock Off|p1a: Slaking\n|-damage|p1a: Slaking|15/389\n|\n|-heal|p2a: Swampert|136/302|[from] item: Leftovers\n|upkeep\n|turn|22\n|\n|t:|1781443062\n|move|p1a: Slaking|Double-Edge|p2a: Swampert\n|-damage|p2a: Swampert|0 fnt\n|faint|p2a: Swampert\n|-damage|p1a: Slaking|0 fnt|[from] Recoil\n|faint|p1a: Slaking\n|\n|upkeep\n|\n|t:|1781443065\n|switch|p1a: Probopass|Probopass, L91, M|257/257\n|switch|p2a: Thundurus|Thundurus, L80, M|258/258\n|-damage|p1a: Probopass|241/257|[from] Stealth Rock\n|turn|23\n|\n|t:|1781443077\n|-terastallize|p1a: Probopass|Fighting\n|move|p2a: Thundurus|Nasty Plot|p2a: Thundurus\n|-boost|p2a: Thundurus|spa|2\n|move|p1a: Probopass|Power Gem|p2a: Thundurus\n|-supereffective|p2a: Thundurus\n|-damage|p2a: Thundurus|84/258\n|\n|-heal|p1a: Probopass|257/257|[from] item: Leftovers\n|upkeep\n|turn|24\n|\n|t:|1781443083\n|move|p2a: Thundurus|Thunderbolt|p1a: Probopass\n|-damage|p1a: Probopass|116/257\n|move|p1a: Probopass|Power Gem|p2a: Thundurus\n|-supereffective|p2a: Thundurus\n|-damage|p2a: Thundurus|0 fnt\n|faint|p2a: Thundurus\n|\n|win|kormorano\n", "inputlog": ">version a8376a258c1d4662feba110a92103f3664a72141\n>start {\"formatid\":\"gen9randombattle\",\"seed\":\"sodium,2d03e33750518978bb925ff147eb7aaf\",\"rated\":\"Rated battle\"}\n>player p1 {\"name\":\"kormorano\",\"avatar\":\"102\",\"rating\":2068,\"seed\":\"sodium,e82be41e452da002ffab2fbb9ad5487d\"}\n>player p2 {\"name\":\"Starfacto\",\"avatar\":\"boarder\",\"rating\":2049,\"seed\":\"sodium,1b937048a027116ee6ca73b21d14082f\"}\n>p1 move thunderwave\n>p2 move uturn\n>p2 switch 3\n>p1 move protect\n>p2 move thunderwave\n>p1 move alluringvoice\n>p2 move thunderwave\n>p1 move alluringvoice\n>p2 move playrough\n>p2 switch 2\n>p1 move alluringvoice\n>p2 move ironhead\n>p1 move alluringvoice\n>p2 move ironhead\n>p1 switch 3\n>p1 move hydropump\n>p2 move stealthrock\n>p1 move hydropump\n>p2 switch 6\n>p1 switch 2\n>p2 move leafstorm\n>p1 move dragonpulse\n>p2 switch 6\n>p1 move dragonpulse\n>p2 move ironhead\n>p2 switch 3\n>p1 switch 2\n>p2 move dazzlinggleam\n>p1 move leafstorm\n>p2 move dazzlinggleam\n>p2 switch 6\n>p1 switch 6\n>p2 move leafstorm\n>p1 move airslash\n>p2 move terablast terastallize\n>p1 switch 4\n>p1 move earthquake\n>p2 move substitute\n>p1 switch 6\n>p2 move leafstorm\n>p1 switch 2\n>p1 move appleacid\n>p2 move terablast\n>p2 switch 5\n>p1 switch 6\n>p2 move knockoff\n>p1 move doubleedge\n>p2 move earthquake\n>p1 move doubleedge\n>p2 move knockoff\n>p1 move doubleedge\n>p2 move earthquake\n>p1 switch 5\n>p2 switch 4\n>p1 move powergem terastallize\n>p2 move nastyplot\n>p1 move powergem\n>p2 move thunderbolt", "uploadtime": 1781442829, "views": 4, "formatid": "gen9randombattle", "rating": null, "private": 0, "password": null, "player_dets": [{"name": "kormorano", "avatar": "102", "rating": 2068, "seed": "sodium,e82be41e452da002ffab2fbb9ad5487d"}, {"name": "Starfacto", "avatar": "boarder", "rating": 2049, "seed": "sodium,1b937048a027116ee6ca73b21d14082f"}], "teams_full": [{"Wigglytuff": {"name": "Wigglytuff", "species": "Wigglytuff", "speciesId": "wigglytuff", "gender": "M", "shiny": false, "level": 96, "moves": ["wish", "alluringvoice", "protect", "thunderwave"], "ability": "Competitive", "evs": {"hp": 85, "atk": 0, "def": 85, "spa": 85, "spd": 85, "spe": 85}, "ivs": {"hp": 31, "atk": 0, "def": 31, "spa": 31, "spd": 31, "spe": 31}, "item": "Leftovers", "teraType": "Steel", "role": "Bulky Support", "bvs": {"hp": 140, "atk": 70, "def": 45, "spa": 85, "spd": 50, "spe": 45}, "stats": {"hp": 424, "atk": 139, "def": 141, "spa": 218, "spd": 150, "spe": 141}}, "Appletun": {"name": "Appletun", "species": "Appletun", "speciesId": "appletun", "gender": "M", "shiny": false, "level": 92, "moves": ["recover", "dragonpulse", "appleacid", "leechseed"], "ability": "Thick Fat", "evs": {"hp": 85, "atk": 0, "def": 85, "spa": 85, "spd": 85, "spe": 85}, "ivs": {"hp": 31, "atk": 0, "def": 31, "spa": 31, "spd": 31, "spe": 31}, "item": "Leftovers", "teraType": "Steel", "role": "Bulky Attacker", "bvs": {"hp": 110, "atk": 85, "def": 80, "spa": 100, "spd": 80, "spe": 30}, "stats": {"hp": 352, "atk": 161, "def": 200, "spa": 236, "spd": 200, "spe": 108}}, "Ludicolo": {"name": "Ludicolo", "species": "Ludicolo", "speciesId": "ludicolo", "gender": "F", "shiny": false, "level": 90, "moves": ["icebeam", "gigadrain", "hydropump", "leafstorm"], "ability": "Swift Swim", "evs": {"hp": 85, "atk": 0, "def": 85, "spa": 85, "spd": 85, "spe": 85}, "ivs": {"hp": 31, "atk": 0, "def": 31, "spa": 31, "spd": 31, "spe": 31}, "item": "Choice Specs", "teraType": "Water", "role": "Fast Attacker", "bvs": {"hp": 80, "atk": 70, "def": 70, "spa": 90, "spd": 100, "spe": 70}, "stats": {"hp": 290, "atk": 131, "def": 177, "spa": 213, "spd": 231, "spe": 177}}, "Slaking": {"name": "Slaking", "species": "Slaking", "speciesId": "slaking", "gender": "M", "shiny": false, "level": 84, "moves": ["earthquake", "gigaimpact", "knockoff", "doubleedge"], "ability": "Truant", "evs": {"hp": 85, "atk": 85, "def": 85, "spa": 85, "spd": 85, "spe": 85}, "ivs": {"hp": 31, "atk": 31, "def": 31, "spa": 31, "spd": 31, "spe": 31}, "item": "Choice Band", "teraType": "Ground", "role": "Wallbreaker", "bvs": {"hp": 150, "atk": 160, "def": 100, "spa": 95, "spd": 65, "spe": 100}, "stats": {"hp": 389, "atk": 317, "def": 216, "spa": 208, "spd": 157, "spe": 216}}, "Probopass": {"name": "Probopass", "species": "Probopass", "speciesId": "probopass", "gender": "M", "shiny": false, "level": 91, "moves": ["powergem", "flashcannon", "bodypress", "irondefense"], "ability": "Magnet Pull", "evs": {"hp": 85, "atk": 0, "def": 85, "spa": 85, "spd": 85, "spe": 85}, "ivs": {"hp": 31, "atk": 0, "def": 31, "spa": 31, "spd": 31, "spe": 31}, "item": "Leftovers", "teraType": "Fighting", "role": "Bulky Setup", "bvs": {"hp": 60, "atk": 55, "def": 145, "spa": 75, "spd": 150, "spe": 40}, "stats": {"hp": 257, "atk": 105, "def": 316, "spa": 188, "spd": 325, "spe": 125}}, "Drifblim": {"name": "Drifblim", "species": "Drifblim", "speciesId": "drifblim", "gender": "M", "shiny": false, "level": 86, "moves": ["strengthsap", "defog", "airslash", "shadowball"], "ability": "Aftermath", "evs": {"hp": 85, "atk": 0, "def": 85, "spa": 85, "spd": 85, "spe": 85}, "ivs": {"hp": 31, "atk": 0, "def": 31, "spa": 31, "spd": 31, "spe": 31}, "item": "Heavy-Duty Boots", "teraType": "Dark", "role": "Bulky Attacker", "bvs": {"hp": 150, "atk": 80, "def": 44, "spa": 90, "spd": 54, "spe": 80}, "stats": {"hp": 398, "atk": 142, "def": 125, "spa": 204, "spd": 142, "spe": 187}}}, {"Azelf": {"name": "Azelf", "species": "Azelf", "speciesId": "azelf", "gender": "N", "shiny": false, "level": 82, "moves": ["dazzlinggleam", "fireblast", "psyshock", "uturn"], "ability": "Levitate", "evs": {"hp": 85, "atk": 85, "def": 85, "spa": 85, "spd": 85, "spe": 85}, "ivs": {"hp": 31, "atk": 31, "def": 31, "spa": 31, "spd": 31, "spe": 31}, "item": "Choice Specs", "teraType": "Fairy", "role": "Fast Attacker", "bvs": {"hp": 75, "atk": 125, "def": 70, "spa": 125, "spd": 70, "spe": 115}, "stats": {"hp": 257, "atk": 252, "def": 162, "spa": 252, "spd": 162, "spe": 236}}, "Bisharp": {"name": "Bisharp", "species": "Bisharp", "speciesId": "bisharp", "gender": "F", "shiny": false, "level": 79, "moves": ["ironhead", "suckerpunch", "stealthrock", "throatchop"], "ability": "Defiant", "evs": {"hp": 85, "atk": 85, "def": 85, "spa": 85, "spd": 85, "spe": 85}, "ivs": {"hp": 31, "atk": 31, "def": 31, "spa": 31, "spd": 31, "spe": 31}, "item": "Eviolite", "teraType": "Ghost", "role": "Bulky Attacker", "bvs": {"hp": 65, "atk": 125, "def": 100, "spa": 60, "spd": 70, "spe": 70}, "stats": {"hp": 232, "atk": 243, "def": 204, "spa": 140, "spd": 156, "spe": 156}}, "Granbull": {"name": "Granbull", "species": "Granbull", "speciesId": "granbull", "gender": "F", "shiny": false, "level": 88, "moves": ["roar", "earthquake", "playrough", "thunderwave"], "ability": "Intimidate", "evs": {"hp": 85, "atk": 85, "def": 85, "spa": 85, "spd": 85, "spe": 85}, "ivs": {"hp": 31, "atk": 31, "def": 31, "spa": 31, "spd": 31, "spe": 31}, "item": "Leftovers", "teraType": "Ground", "role": "Bulky Support", "bvs": {"hp": 90, "atk": 120, "def": 75, "spa": 60, "spd": 60, "spe": 45}, "stats": {"hp": 302, "atk": 261, "def": 182, "spa": 156, "spd": 156, "spe": 129}}, "Thundurus": {"name": "Thundurus", "species": "Thundurus", "speciesId": "thundurus", "gender": "M", "shiny": false, "level": 80, "moves": ["taunt", "grassknot", "nastyplot", "thunderbolt"], "ability": "Prankster", "evs": {"hp": 85, "atk": 0, "def": 85, "spa": 85, "spd": 85, "spe": 85}, "ivs": {"hp": 31, "atk": 0, "def": 31, "spa": 31, "spd": 31, "spe": 31}, "item": "Heavy-Duty Boots", "teraType": "Grass", "role": "Fast Attacker", "bvs": {"hp": 79, "atk": 115, "def": 70, "spa": 125, "spd": 80, "spe": 111}, "stats": {"hp": 258, "atk": 189, "def": 158, "spa": 246, "spd": 174, "spe": 224}}, "Swampert": {"name": "Swampert", "species": "Swampert", "speciesId": "swampert", "gender": "M", "shiny": false, "level": 83, "moves": ["flipturn", "knockoff", "earthquake", "yawn"], "ability": "Torrent", "evs": {"hp": 85, "atk": 85, "def": 85, "spa": 85, "spd": 85, "spe": 85}, "ivs": {"hp": 31, "atk": 31, "def": 31, "spa": 31, "spd": 31, "spe": 31}, "item": "Leftovers", "teraType": "Steel", "role": "Bulky Support", "bvs": {"hp": 100, "atk": 110, "def": 90, "spa": 85, "spd": 90, "spe": 60}, "stats": {"hp": 302, "atk": 230, "def": 197, "spa": 189, "spd": 197, "spe": 147}}, "Serperior": {"name": "Serperior", "species": "Serperior", "speciesId": "serperior", "gender": "F", "shiny": false, "level": 79, "moves": ["terablast", "leafstorm", "substitute", "leechseed"], "ability": "Contrary", "evs": {"hp": 85, "atk": 85, "def": 85, "spa": 85, "spd": 85, "spe": 85}, "ivs": {"hp": 31, "atk": 31, "def": 31, "spa": 31, "spd": 31, "spe": 31}, "item": "Leftovers", "teraType": "Rock", "role": "Tera Blast user", "bvs": {"hp": 75, "atk": 75, "def": 95, "spa": 75, "spd": 95, "spe": 113}, "stats": {"hp": 248, "atk": 164, "def": 196, "spa": 164, "spd": 196, "spe": 224}}}]}