{"id": "gen9randombattle-2631827917", "format": "[Gen 9] Random Battle", "players": ["kheladi7", "BlazingSalamanders"], "log": "|j|\u2606kheladi7\n|j|\u2606BlazingSalamanders\n|t:|1781445275\n|gametype|singles\n|player|p1|kheladi7|102|2026\n|player|p2|BlazingSalamanders|ash-alola|2008\n|gen|9\n|tier|[Gen 9] Random Battle\n|rated|\n|rule|Species Clause: Limit one of each Pok\u00e9mon\n|rule|HP Percentage Mod: HP is shown in percentages\n|rule|Sleep Clause Mod: Limit one foe put to sleep\n|rule|Illusion Level Mod: Illusion disguises the Pok\u00e9mon's true level\n|\n|t:|1781445275\n|teamsize|p1|6\n|teamsize|p2|6\n|start\n|switch|p1a: Decidueye|Decidueye, L88, F|281/281\n|switch|p2a: Tropius|Tropius, L91, F|328/328\n|turn|1\n|inactive|Battle timer is ON: inactive players will automatically lose when time's up. (requested by BlazingSalamanders)\n|\n|t:|1781445294\n|switch|p2a: Chesnaught|Chesnaught, L84, M|285/285\n|move|p1a: Decidueye|Swords Dance|p1a: Decidueye\n|-boost|p1a: Decidueye|atk|2\n|\n|upkeep\n|turn|2\n|\n|t:|1781445306\n|move|p1a: Decidueye|Poltergeist|p2a: Chesnaught\n|-activate|p2a: Chesnaught|move: Poltergeist|Leftovers\n|-damage|p2a: Chesnaught|0 fnt\n|faint|p2a: Chesnaught\n|-damage|p1a: Decidueye|253/281|[from] item: Life Orb\n|\n|upkeep\n|\n|t:|1781445316\n|switch|p2a: Mienshao|Mienshao, L83, M|243/243\n|turn|3\n|\n|t:|1781445338\n|move|p1a: Decidueye|Shadow Sneak|p2a: Mienshao\n|-damage|p2a: Mienshao|60/243\n|-damage|p1a: Decidueye|225/281|[from] item: Life Orb\n|move|p2a: Mienshao|Knock Off|p1a: Decidueye\n|-supereffective|p1a: Decidueye\n|-damage|p1a: Decidueye|0 fnt\n|-enditem|p1a: Decidueye|Life Orb|[from] move: Knock Off|[of] p2a: Mienshao\n|faint|p1a: Decidueye\n|\n|upkeep\n|\n|t:|1781445347\n|switch|p1a: Blaziken|Blaziken, L76, M|247/247\n|turn|4\n|\n|t:|1781445361\n|switch|p2a: Crawdaunt|Crawdaunt, L84, F|243/243\n|move|p1a: Blaziken|Swords Dance|p1a: Blaziken\n|-boost|p1a: Blaziken|atk|2\n|\n|-ability|p1a: Blaziken|Speed Boost|boost\n|-boost|p1a: Blaziken|spe|1\n|upkeep\n|turn|5\n|\n|t:|1781445379\n|switch|p2a: Mienshao|Mienshao, L83, M|60/243\n|move|p1a: Blaziken|Close Combat|p2a: Mienshao\n|-damage|p2a: Mienshao|0 fnt\n|-unboost|p1a: Blaziken|def|1\n|-unboost|p1a: Blaziken|spd|1\n|faint|p2a: Mienshao\n|-damage|p1a: Blaziken|223/247|[from] item: Life Orb\n|\n|-ability|p1a: Blaziken|Speed Boost|boost\n|-boost|p1a: Blaziken|spe|1\n|upkeep\n|\n|t:|1781445382\n|switch|p2a: Crawdaunt|Crawdaunt, L84, F|243/243\n|turn|6\n|\n|t:|1781445392\n|switch|p1a: Cacturne|Cacturne, L92, M|278/278\n|-terastallize|p2a: Crawdaunt|Water\n|move|p2a: Crawdaunt|Aqua Jet|p1a: Cacturne\n|-immune|p1a: Cacturne|[from] ability: Water Absorb\n|\n|upkeep\n|turn|7\n|\n|t:|1781445400\n|switch|p2a: Archaludon|Archaludon, L78, F|268/268\n|move|p1a: Cacturne|Swords Dance|p1a: Cacturne\n|-boost|p1a: Cacturne|atk|2\n|\n|upkeep\n|turn|8\n|\n|t:|1781445406\n|move|p2a: Archaludon|Thunder Wave|p1a: Cacturne\n|-status|p1a: Cacturne|par\n|move|p1a: Cacturne|Knock Off|p2a: Archaludon\n|-damage|p2a: Archaludon|0 fnt\n|-enditem|p2a: Archaludon|Leftovers|[from] move: Knock Off|[of] p1a: Cacturne\n|faint|p2a: Archaludon\n|-damage|p1a: Cacturne|251/278 par|[from] item: Life Orb\n|\n|upkeep\n|\n|t:|1781445411\n|switch|p2a: Gengar|Gengar, L81, F|230/230\n|turn|9\n|\n|t:|1781445418\n|move|p1a: Cacturne|Sucker Punch||[still]\n|-fail|p1a: Cacturne\n|move|p2a: Gengar|Encore|p1a: Cacturne\n|-start|p1a: Cacturne|Encore\n|\n|upkeep\n|turn|10\n|\n|t:|1781445426\n|switch|p2a: Tropius|Tropius, L91, F|328/328\n|move|p1a: Cacturne|Sucker Punch||[still]\n|-fail|p1a: Cacturne\n|\n|upkeep\n|turn|11\n|\n|t:|1781445431\n|switch|p1a: Blaziken|Blaziken, L76, M|223/247\n|move|p2a: Tropius|Substitute|p2a: Tropius\n|-start|p2a: Tropius|Substitute\n|-damage|p2a: Tropius|246/328\n|\n|upkeep\n|turn|12\n|\n|t:|1781445440\n|move|p1a: Blaziken|Flare Blitz|p2a: Tropius\n|-supereffective|p2a: Tropius\n|-end|p2a: Tropius|Substitute\n|-damage|p1a: Blaziken|196/247|[from] Recoil|[of] p2a: Tropius\n|-damage|p1a: Blaziken|172/247|[from] item: Life Orb\n|move|p2a: Tropius|Air Slash|p1a: Blaziken\n|-supereffective|p1a: Blaziken\n|-damage|p1a: Blaziken|0 fnt\n|faint|p1a: Blaziken\n|\n|upkeep\n|\n|t:|1781445453\n|switch|p1a: Landorus|Landorus-Therian, L76, M|260/260\n|-ability|p1a: Landorus|Intimidate|boost\n|-unboost|p2a: Tropius|atk|1\n|turn|13\n|\n|t:|1781445466\n|switch|p2a: Gengar|Gengar, L81, F|230/230\n|move|p1a: Landorus|Taunt|p2a: Gengar\n|-start|p2a: Gengar|move: Taunt\n|\n|upkeep\n|turn|14\n|\n|t:|1781445478\n|switch|p2a: Tropius|Tropius, L91, F|246/328\n|move|p1a: Landorus|Earthquake|p2a: Tropius\n|-immune|p2a: Tropius\n|\n|upkeep\n|turn|15\n|\n|t:|1781445484\n|move|p1a: Landorus|Stone Edge|p2a: Tropius|[miss]\n|-miss|p1a: Landorus|p2a: Tropius\n|move|p2a: Tropius|Air Slash|p1a: Landorus\n|-damage|p1a: Landorus|169/260\n|\n|-heal|p1a: Landorus|185/260|[from] item: Leftovers\n|upkeep\n|turn|16\n|\n|t:|1781445491\n|move|p1a: Landorus|Taunt|p2a: Tropius\n|-start|p2a: Tropius|move: Taunt\n|cant|p2a: Tropius|move: Taunt|Leech Seed\n|\n|-heal|p1a: Landorus|201/260|[from] item: Leftovers\n|upkeep\n|turn|17\n|\n|t:|1781445496\n|move|p1a: Landorus|Stone Edge|p2a: Tropius\n|-supereffective|p2a: Tropius\n|-damage|p2a: Tropius|84/328\n|-enditem|p2a: Tropius|Sitrus Berry|[eat]\n|-heal|p2a: Tropius|166/328|[from] item: Sitrus Berry\n|move|p2a: Tropius|Air Slash|p1a: Landorus\n|-damage|p1a: Landorus|117/260\n|\n|-heal|p1a: Landorus|133/260|[from] item: Leftovers\n|-item|p2a: Tropius|Sitrus Berry|[from] ability: Harvest\n|upkeep\n|turn|18\n|\n|t:|1781445506\n|move|p1a: Landorus|Stone Edge|p2a: Tropius\n|-supereffective|p2a: Tropius\n|-damage|p2a: Tropius|10/328\n|-enditem|p2a: Tropius|Sitrus Berry|[eat]\n|-heal|p2a: Tropius|92/328|[from] item: Sitrus Berry\n|move|p2a: Tropius|Air Slash|p1a: Landorus\n|-damage|p1a: Landorus|46/260\n|\n|-heal|p1a: Landorus|62/260|[from] item: Leftovers\n|-end|p2a: Tropius|move: Taunt\n|upkeep\n|turn|19\n|\n|t:|1781445517\n|switch|p2a: Gengar|Gengar, L81, F|230/230\n|move|p1a: Landorus|Stone Edge|p2a: Gengar\n|-damage|p2a: Gengar|120/230\n|-start|p1a: Landorus|Disable|Stone Edge|[from] ability: Cursed Body|[of] p2a: Gengar\n|\n|-heal|p1a: Landorus|78/260|[from] item: Leftovers\n|upkeep\n|turn|20\n|\n|t:|1781445528\n|switch|p1a: Cacturne|Cacturne, L92, M|251/278 par\n|move|p2a: Gengar|Sludge Wave|p1a: Cacturne\n|-supereffective|p1a: Cacturne\n|-damage|p1a: Cacturne|0 fnt\n|faint|p1a: Cacturne\n|-damage|p2a: Gengar|97/230|[from] item: Life Orb\n|\n|upkeep\n|\n|t:|1781445540\n|switch|p1a: Scizor|Scizor, L79, M|240/240\n|turn|21\n|\n|t:|1781445546\n|move|p2a: Gengar|Will-O-Wisp|p1a: Scizor\n|-status|p1a: Scizor|brn\n|move|p1a: Scizor|U-turn|p2a: Gengar\n|-resisted|p2a: Gengar\n|-damage|p2a: Gengar|77/230\n|-start|p1a: Scizor|Disable|U-turn|[from] ability: Cursed Body|[of] p2a: Gengar\n|\n|t:|1781445553\n|switch|p1a: Landorus|Landorus-Therian, L76, M|78/260|[from] U-turn\n|-ability|p1a: Landorus|Intimidate|boost\n|-unboost|p2a: Gengar|atk|1\n|\n|-heal|p1a: Landorus|94/260|[from] item: Leftovers\n|upkeep\n|turn|22\n|\n|t:|1781445561\n|switch|p1a: Scizor|Scizor, L79, M|240/240 brn\n|move|p2a: Gengar|Shadow Ball|p1a: Scizor\n|-damage|p1a: Scizor|84/240 brn\n|-damage|p2a: Gengar|54/230|[from] item: Life Orb\n|\n|-damage|p1a: Scizor|69/240 brn|[from] brn\n|upkeep\n|turn|23\n|\n|t:|1781445584\n|switch|p2a: Crawdaunt|Crawdaunt, L84, F, tera:Water|243/243\n|move|p1a: Scizor|Bullet Punch|p2a: Crawdaunt\n|-resisted|p2a: Crawdaunt\n|-damage|p2a: Crawdaunt|215/243\n|\n|-damage|p1a: Scizor|54/240 brn|[from] brn\n|upkeep\n|turn|24\n|\n|t:|1781445591\n|move|p1a: Scizor|Bullet Punch|p2a: Crawdaunt\n|-resisted|p2a: Crawdaunt\n|-damage|p2a: Crawdaunt|188/243\n|move|p2a: Crawdaunt|Dragon Dance|p2a: Crawdaunt\n|-boost|p2a: Crawdaunt|atk|1\n|-boost|p2a: Crawdaunt|spe|1\n|\n|-damage|p1a: Scizor|39/240 brn|[from] brn\n|upkeep\n|turn|25\n|\n|t:|1781445601\n|switch|p1a: Landorus|Landorus-Therian, L76, M|94/260\n|-ability|p1a: Landorus|Intimidate|boost\n|-unboost|p2a: Crawdaunt|atk|1\n|move|p2a: Crawdaunt|Dragon Dance|p2a: Crawdaunt\n|-boost|p2a: Crawdaunt|atk|1\n|-boost|p2a: Crawdaunt|spe|1\n|\n|-heal|p1a: Landorus|110/260|[from] item: Leftovers\n|upkeep\n|turn|26\n|\n|t:|1781445613\n|switch|p1a: Scizor|Scizor, L79, M|39/240 brn\n|move|p2a: Crawdaunt|Dragon Dance|p2a: Crawdaunt\n|-boost|p2a: Crawdaunt|atk|1\n|-boost|p2a: Crawdaunt|spe|1\n|\n|-damage|p1a: Scizor|24/240 brn|[from] brn\n|upkeep\n|turn|27\n|-message|kheladi7 forfeited.\n|\n|win|BlazingSalamanders\n|raw|kheladi7's rating: 2026 &rarr; <strong>2005</strong><br />(-21 for losing)\n|raw|BlazingSalamanders's rating: 2008 &rarr; <strong>2029</strong><br />(+21 for winning)\n|l|\u2606kheladi7\n|player|p1|\n", "inputlog": ">version a8376a258c1d4662feba110a92103f3664a72141\n>start {\"formatid\":\"gen9randombattle\",\"seed\":\"sodium,fbc5ffd4cd8ba6f77f8a6ded1f609ffb\",\"rated\":\"Rated battle\"}\n>player p1 {\"name\":\"kheladi7\",\"avatar\":\"102\",\"rating\":2026,\"seed\":\"sodium,cc7d9c928e8debb4863147bcf41129b0\"}\n>player p2 {\"name\":\"BlazingSalamanders\",\"avatar\":\"ash-alola\",\"rating\":2008,\"seed\":\"sodium,be255dd97e85a88ece1c50e1837f78c7\"}\n>p1 move swordsdance\n>p2 switch 6\n>p1 move poltergeist\n>p2 move irondefense\n>p2 switch 2\n>p1 move shadowsneak\n>p2 move knockoff\n>p1 switch 5\n>p1 move swordsdance\n>p2 switch 3\n>p1 move closecombat\n>p2 switch 3\n>p2 switch 3\n>p1 switch 4\n>p2 move aquajet terastallize\n>p1 move swordsdance\n>p2 switch 4\n>p1 move knockoff\n>p2 move thunderwave\n>p2 switch 5\n>p1 move suckerpunch\n>p2 move encore\n>p1 move suckerpunch\n>p2 switch 6\n>p1 switch 4\n>p2 move substitute\n>p1 move flareblitz\n>p2 move airslash\n>p1 switch 3\n>p1 move taunt\n>p2 switch 6\n>p1 move earthquake\n>p2 switch 6\n>p1 move stoneedge\n>p2 move airslash\n>p1 move taunt\n>p2 move leechseed\n>p1 move stoneedge\n>p2 move airslash\n>p1 move stoneedge\n>p2 move airslash\n>p1 move stoneedge\n>p2 switch 6\n>p1 switch 4\n>p2 move sludgewave\n>p1 switch 6\n>p1 move uturn\n>p2 move willowisp\n>p1 switch 4\n>p1 switch 4\n>p2 move shadowball\n>p1 move bulletpunch\n>p2 switch 4\n>p1 move bulletpunch\n>p2 move dragondance\n>p1 switch 4\n>p2 move dragondance\n>p1 switch 4\n>p2 move dragondance\n>forcelose p1", "uploadtime": 1781445276, "views": 8, "formatid": "gen9randombattle", "rating": 2005, "private": 0, "password": null, "player_dets": [{"name": "kheladi7", "avatar": "102", "rating": 2026, "seed": "sodium,cc7d9c928e8debb4863147bcf41129b0"}, {"name": "BlazingSalamanders", "avatar": "ash-alola", "rating": 2008, "seed": "sodium,be255dd97e85a88ece1c50e1837f78c7"}], "teams_full": [{"Decidueye": {"name": "Decidueye", "species": "Decidueye", "speciesId": "decidueye", "gender": "F", "shiny": false, "level": 88, "moves": ["poltergeist", "swordsdance", "leafblade", "shadowsneak"], "ability": "Overgrow", "evs": {"hp": 85, "atk": 85, "def": 85, "spa": 85, "spd": 85, "spe": 85}, "ivs": {"hp": 31, "atk": 31, "def": 31, "spa": 31, "spd": 31, "spe": 31}, "item": "Life Orb", "teraType": "Ghost", "role": "Setup Sweeper", "bvs": {"hp": 78, "atk": 107, "def": 75, "spa": 100, "spd": 100, "spe": 70}, "stats": {"hp": 281, "atk": 239, "def": 182, "spa": 226, "spd": 226, "spe": 173}}, "Arceus": {"name": "Arceus", "species": "Arceus-Psychic", "speciesId": "arceuspsychic", "gender": "N", "shiny": false, "level": 69, "moves": ["storedpower", "bodypress", "recover", "cosmicpower"], "ability": "Multitype", "evs": {"hp": 85, "atk": 0, "def": 85, "spa": 85, "spd": 85, "spe": 85}, "ivs": {"hp": 31, "atk": 0, "def": 31, "spa": 31, "spd": 31, "spe": 31}, "item": "Mind Plate", "teraType": "Steel", "role": "Bulky Setup", "bvs": {"hp": 120, "atk": 120, "def": 120, "spa": 120, "spd": 120, "spe": 120}, "stats": {"hp": 280, "atk": 170, "def": 206, "spa": 206, "spd": 206, "spe": 206}}, "Landorus": {"name": "Landorus", "species": "Landorus-Therian", "speciesId": "landorustherian", "gender": "M", "shiny": false, "level": 76, "moves": ["taunt", "earthquake", "uturn", "stoneedge"], "ability": "Intimidate", "evs": {"hp": 85, "atk": 85, "def": 85, "spa": 85, "spd": 85, "spe": 85}, "ivs": {"hp": 31, "atk": 31, "def": 31, "spa": 31, "spd": 31, "spe": 31}, "item": "Leftovers", "teraType": "Ground", "role": "Bulky Support", "bvs": {"hp": 89, "atk": 145, "def": 90, "spa": 105, "spd": 80, "spe": 91}, "stats": {"hp": 260, "atk": 264, "def": 181, "spa": 204, "spd": 166, "spe": 182}}, "Cacturne": {"name": "Cacturne", "species": "Cacturne", "speciesId": "cacturne", "gender": "M", "shiny": false, "level": 92, "moves": ["suckerpunch", "swordsdance", "knockoff", "seedbomb"], "ability": "Water Absorb", "evs": {"hp": 85, "atk": 85, "def": 85, "spa": 85, "spd": 85, "spe": 85}, "ivs": {"hp": 31, "atk": 31, "def": 31, "spa": 31, "spd": 31, "spe": 31}, "item": "Life Orb", "teraType": "Dark", "role": "Setup Sweeper", "bvs": {"hp": 70, "atk": 115, "def": 60, "spa": 115, "spd": 60, "spe": 55}, "stats": {"hp": 278, "atk": 264, "def": 163, "spa": 264, "spd": 163, "spe": 154}}, "Blaziken": {"name": "Blaziken", "species": "Blaziken", "speciesId": "blaziken", "gender": "M", "shiny": false, "level": 76, "moves": ["closecombat", "flareblitz", "swordsdance", "knockoff"], "ability": "Speed Boost", "evs": {"hp": 85, "atk": 85, "def": 85, "spa": 85, "spd": 85, "spe": 85}, "ivs": {"hp": 31, "atk": 31, "def": 31, "spa": 31, "spd": 31, "spe": 31}, "item": "Life Orb", "teraType": "Dark", "role": "Setup Sweeper", "bvs": {"hp": 80, "atk": 120, "def": 70, "spa": 110, "spd": 70, "spe": 80}, "stats": {"hp": 247, "atk": 226, "def": 150, "spa": 211, "spd": 150, "spe": 166}}, "Scizor": {"name": "Scizor", "species": "Scizor", "speciesId": "scizor", "gender": "M", "shiny": false, "level": 79, "moves": ["knockoff", "bulletpunch", "closecombat", "uturn"], "ability": "Technician", "evs": {"hp": 85, "atk": 85, "def": 85, "spa": 85, "spd": 85, "spe": 85}, "ivs": {"hp": 31, "atk": 31, "def": 31, "spa": 31, "spd": 31, "spe": 31}, "item": "Choice Band", "teraType": "Steel", "role": "Wallbreaker", "bvs": {"hp": 70, "atk": 130, "def": 100, "spa": 55, "spd": 80, "spe": 65}, "stats": {"hp": 240, "atk": 251, "def": 204, "spa": 132, "spd": 172, "spe": 148}}}, {"Tropius": {"name": "Tropius", "species": "Tropius", "speciesId": "tropius", "gender": "F", "shiny": false, "level": 91, "moves": ["airslash", "protect", "substitute", "leechseed"], "ability": "Harvest", "evs": {"hp": 85, "atk": 0, "def": 85, "spa": 85, "spd": 85, "spe": 85}, "ivs": {"hp": 31, "atk": 0, "def": 31, "spa": 31, "spd": 31, "spe": 31}, "item": "Sitrus Berry", "teraType": "Steel", "role": "Bulky Support", "bvs": {"hp": 99, "atk": 68, "def": 83, "spa": 72, "spd": 87, "spe": 51}, "stats": {"hp": 328, "atk": 128, "def": 203, "spa": 183, "spd": 210, "spe": 145}}, "Mienshao": {"name": "Mienshao", "species": "Mienshao", "speciesId": "mienshao", "gender": "M", "shiny": false, "level": 83, "moves": ["poisonjab", "knockoff", "highjumpkick", "stoneedge"], "ability": "Reckless", "evs": {"hp": 81, "atk": 85, "def": 85, "spa": 85, "spd": 85, "spe": 85}, "ivs": {"hp": 31, "atk": 31, "def": 31, "spa": 31, "spd": 31, "spe": 31}, "item": "Choice Band", "teraType": "Fighting", "role": "Wallbreaker", "bvs": {"hp": 65, "atk": 125, "def": 60, "spa": 95, "spd": 60, "spe": 105}, "stats": {"hp": 243, "atk": 255, "def": 147, "spa": 205, "spd": 147, "spe": 222}}, "Crawdaunt": {"name": "Crawdaunt", "species": "Crawdaunt", "speciesId": "crawdaunt", "gender": "F", "shiny": false, "level": 84, "moves": ["dragondance", "knockoff", "aquajet", "crabhammer"], "ability": "Adaptability", "evs": {"hp": 85, "atk": 85, "def": 85, "spa": 85, "spd": 85, "spe": 85}, "ivs": {"hp": 31, "atk": 31, "def": 31, "spa": 31, "spd": 31, "spe": 31}, "item": "Life Orb", "teraType": "Water", "role": "Setup Sweeper", "bvs": {"hp": 63, "atk": 120, "def": 85, "spa": 90, "spd": 55, "spe": 55}, "stats": {"hp": 243, "atk": 250, "def": 191, "spa": 199, "spd": 141, "spe": 141}}, "Archaludon": {"name": "Archaludon", "species": "Archaludon", "speciesId": "archaludon", "gender": "F", "shiny": false, "level": 78, "moves": ["thunderwave", "flashcannon", "bodypress", "dracometeor"], "ability": "Stamina", "evs": {"hp": 85, "atk": 0, "def": 85, "spa": 85, "spd": 85, "spe": 85}, "ivs": {"hp": 31, "atk": 0, "def": 31, "spa": 31, "spd": 31, "spe": 31}, "item": "Leftovers", "teraType": "Fighting", "role": "Bulky Attacker", "bvs": {"hp": 90, "atk": 105, "def": 130, "spa": 125, "spd": 65, "spe": 85}, "stats": {"hp": 268, "atk": 168, "def": 248, "spa": 240, "spd": 146, "spe": 178}}, "Gengar": {"name": "Gengar", "species": "Gengar", "speciesId": "gengar", "gender": "F", "shiny": false, "level": 81, "moves": ["willowisp", "shadowball", "encore", "sludgewave"], "ability": "Cursed Body", "evs": {"hp": 85, "atk": 0, "def": 85, "spa": 85, "spd": 85, "spe": 85}, "ivs": {"hp": 31, "atk": 0, "def": 31, "spa": 31, "spd": 31, "spe": 31}, "item": "Life Orb", "teraType": "Dark", "role": "Fast Attacker", "bvs": {"hp": 60, "atk": 65, "def": 60, "spa": 130, "spd": 75, "spe": 110}, "stats": {"hp": 230, "atk": 110, "def": 144, "spa": 257, "spd": 168, "spe": 225}}, "Chesnaught": {"name": "Chesnaught", "species": "Chesnaught", "speciesId": "chesnaught", "gender": "M", "shiny": false, "level": 84, "moves": ["synthesis", "bodypress", "irondefense", "trailblaze"], "ability": "Bulletproof", "evs": {"hp": 85, "atk": 85, "def": 85, "spa": 85, "spd": 85, "spe": 85}, "ivs": {"hp": 31, "atk": 31, "def": 31, "spa": 31, "spd": 31, "spe": 31}, "item": "Leftovers", "teraType": "Steel", "role": "Fast Bulky Setup", "bvs": {"hp": 88, "atk": 107, "def": 122, "spa": 74, "spd": 75, "spe": 64}, "stats": {"hp": 285, "atk": 228, "def": 253, "spa": 173, "spd": 174, "spe": 156}}}]}