{"id": "gen9randombattle-2631794115", "format": "[Gen 9] Random Battle", "players": ["tukkirekka", "ricv"], "log": "|j|\u2606tukkirekka\n|j|\u2606ricv\n|t:|1781440636\n|gametype|singles\n|player|p1|tukkirekka|drayden|1947\n|player|p2|ricv|red|2032\n|gen|9\n|tier|[Gen 9] Random Battle\n|rated|\n|rule|Species Clause: Limit one of each Pok\u00e9mon\n|rule|HP Percentage Mod: HP is shown in percentages\n|rule|Sleep Clause Mod: Limit one foe put to sleep\n|rule|Illusion Level Mod: Illusion disguises the Pok\u00e9mon's true level\n|\n|t:|1781440636\n|teamsize|p1|6\n|teamsize|p2|6\n|start\n|switch|p1a: Giratina|Giratina-Origin, L72|335/335\n|switch|p2a: Emboar|Emboar, L84, M|322/322\n|turn|1\n|inactive|Battle timer is ON: inactive players will automatically lose when time's up. (requested by tukkirekka)\n|\n|t:|1781440664\n|switch|p2a: Mamoswine|Mamoswine, L81, F|311/311\n|move|p1a: Giratina|Poltergeist|p2a: Mamoswine\n|-activate|p2a: Mamoswine|move: Poltergeist|Life Orb\n|-damage|p2a: Mamoswine|166/311\n|\n|upkeep\n|turn|2\n|inactive|tukkirekka has 120 seconds left.\n|\n|t:|1781440708\n|move|p2a: Mamoswine|Stealth Rock|p1a: Giratina\n|-sidestart|p1: tukkirekka|move: Stealth Rock\n|move|p1a: Giratina|Draco Meteor|p2a: Mamoswine\n|-damage|p2a: Mamoswine|0 fnt\n|-unboost|p1a: Giratina|spa|2\n|faint|p2a: Mamoswine\n|\n|upkeep\n|\n|t:|1781440728\n|switch|p2a: Tentacruel|Tentacruel, L84, M|272/272\n|turn|3\n|inactive|tukkirekka has 120 seconds left.\n|\n|t:|1781440735\n|move|p2a: Tentacruel|Toxic|p1a: Giratina\n|-status|p1a: Giratina|tox\n|move|p1a: Giratina|Poltergeist|p2a: Tentacruel\n|-activate|p2a: Tentacruel|move: Poltergeist|Leftovers\n|-damage|p2a: Tentacruel|110/272\n|\n|-heal|p2a: Tentacruel|127/272|[from] item: Leftovers\n|-damage|p1a: Giratina|315/335 tox|[from] psn\n|upkeep\n|turn|4\n|\n|t:|1781440742\n|switch|p2a: Dipplin|Dipplin, L88, M|284/284\n|move|p1a: Giratina|Poltergeist|p2a: Dipplin\n|-activate|p2a: Dipplin|move: Poltergeist|Eviolite\n|-damage|p2a: Dipplin|215/284\n|\n|-damage|p1a: Giratina|275/335 tox|[from] psn\n|upkeep\n|turn|5\n|\n|t:|1781440749\n|move|p2a: Dipplin|Dragon Pulse|p1a: Giratina\n|-supereffective|p1a: Giratina\n|-damage|p1a: Giratina|71/335 tox\n|move|p1a: Giratina|Dragon Tail|p2a: Dipplin\n|-supereffective|p2a: Dipplin\n|-damage|p2a: Dipplin|137/284\n|drag|p2a: Ampharos|Ampharos, L88, M|302/302\n|\n|-damage|p1a: Giratina|11/335 tox|[from] psn\n|upkeep\n|turn|6\n|\n|t:|1781440761\n|switch|p2a: Dipplin|Dipplin, L88, M|137/284\n|move|p1a: Giratina|Poltergeist|p2a: Dipplin\n|-activate|p2a: Dipplin|move: Poltergeist|Eviolite\n|-damage|p2a: Dipplin|67/284\n|\n|-damage|p1a: Giratina|0 fnt|[from] psn\n|faint|p1a: Giratina\n|upkeep\n|inactive|tukkirekka has 120 seconds left.\n|inactive|tukkirekka has 90 seconds left.\n|inactive|tukkirekka has 60 seconds left.\n|\n|t:|1781440863\n|switch|p1a: Tyranitar|Tyranitar, L78, M|284/284\n|-damage|p1a: Tyranitar|249/284|[from] Stealth Rock\n|-weather|Sandstorm|[from] ability: Sand Stream|[of] p1a: Tyranitar\n|turn|7\n|\n|t:|1781440869\n|move|p1a: Tyranitar|Dragon Dance|p1a: Tyranitar\n|-boost|p1a: Tyranitar|atk|1\n|-boost|p1a: Tyranitar|spe|1\n|move|p2a: Dipplin|Recover|p2a: Dipplin\n|-heal|p2a: Dipplin|209/284\n|\n|-weather|Sandstorm|[upkeep]\n|-damage|p2a: Dipplin|192/284|[from] Sandstorm\n|upkeep\n|turn|8\n|\n|t:|1781440872\n|move|p1a: Tyranitar|Dragon Dance|p1a: Tyranitar\n|-boost|p1a: Tyranitar|atk|1\n|-boost|p1a: Tyranitar|spe|1\n|move|p2a: Dipplin|Giga Drain|p1a: Tyranitar\n|-supereffective|p1a: Tyranitar\n|-damage|p1a: Tyranitar|133/284\n|-heal|p2a: Dipplin|250/284|[from] drain|[of] p1a: Tyranitar\n|-enditem|p1a: Tyranitar|Weakness Policy\n|-boost|p1a: Tyranitar|atk|2|[from] item: Weakness Policy\n|-boost|p1a: Tyranitar|spa|2|[from] item: Weakness Policy\n|\n|-weather|Sandstorm|[upkeep]\n|-damage|p2a: Dipplin|233/284|[from] Sandstorm\n|upkeep\n|turn|9\n|\n|t:|1781440881\n|-terastallize|p1a: Tyranitar|Ghost\n|move|p1a: Tyranitar|Knock Off|p2a: Dipplin\n|-damage|p2a: Dipplin|35/284\n|-activate|p2a: Dipplin|ability: Sticky Hold\n|move|p2a: Dipplin|Giga Drain|p1a: Tyranitar\n|-damage|p1a: Tyranitar|48/284\n|-heal|p2a: Dipplin|78/284|[from] drain|[of] p1a: Tyranitar\n|\n|-weather|Sandstorm|[upkeep]\n|-damage|p1a: Tyranitar|31/284|[from] Sandstorm\n|-damage|p2a: Dipplin|61/284|[from] Sandstorm\n|upkeep\n|turn|10\n|\n|t:|1781440885\n|move|p2a: Dipplin|Sucker Punch|p1a: Tyranitar\n|-supereffective|p1a: Tyranitar\n|-damage|p1a: Tyranitar|0 fnt\n|faint|p1a: Tyranitar\n|\n|-weather|Sandstorm|[upkeep]\n|-damage|p2a: Dipplin|44/284|[from] Sandstorm\n|upkeep\n|\n|t:|1781440893\n|switch|p1a: Basculegion|Basculegion-F, L83, F|335/335\n|-damage|p1a: Basculegion|294/335|[from] Stealth Rock\n|turn|11\n|\n|t:|1781440908\n|move|p2a: Dipplin|Sucker Punch|p1a: Basculegion\n|-supereffective|p1a: Basculegion\n|-damage|p1a: Basculegion|176/335\n|move|p1a: Basculegion|Shadow Ball|p2a: Dipplin\n|-damage|p2a: Dipplin|0 fnt\n|faint|p2a: Dipplin\n|\n|-weather|none\n|upkeep\n|\n|t:|1781440913\n|switch|p2a: Ampharos|Ampharos, L88, M|302/302\n|turn|12\n|\n|t:|1781440918\n|move|p1a: Basculegion|Flip Turn|p2a: Ampharos\n|-damage|p2a: Ampharos|222/302\n|\n|t:|1781440921\n|switch|p1a: Reuniclus|Reuniclus, L88, F|337/337|[from] Flip Turn\n|move|p2a: Ampharos|Discharge|p1a: Reuniclus\n|-damage|p1a: Reuniclus|237/337\n|-status|p1a: Reuniclus|par\n|\n|upkeep\n|turn|13\n|\n|t:|1781440927\n|move|p1a: Reuniclus|Psychic|p2a: Ampharos\n|-damage|p2a: Ampharos|117/302\n|move|p2a: Ampharos|Dragon Tail|p1a: Reuniclus\n|-damage|p1a: Reuniclus|196/337 par\n|drag|p1a: Kyogre|Kyogre, L71|259/259\n|-damage|p1a: Kyogre|227/259|[from] Stealth Rock\n|-weather|RainDance|[from] ability: Drizzle|[of] p1a: Kyogre\n|\n|-weather|RainDance|[upkeep]\n|upkeep\n|turn|14\n|\n|t:|1781440933\n|move|p1a: Kyogre|Water Spout|p2a: Ampharos\n|-damage|p2a: Ampharos|0 fnt\n|faint|p2a: Ampharos\n|\n|-weather|RainDance|[upkeep]\n|upkeep\n|\n|t:|1781440947\n|switch|p2a: Bruxish|Bruxish, L85, M|254/254\n|turn|15\n|inactive|tukkirekka has 120 seconds left.\n|\n|t:|1781440973\n|move|p1a: Kyogre|Water Spout|p2a: Bruxish\n|-resisted|p2a: Bruxish\n|-damage|p2a: Bruxish|119/254\n|move|p2a: Bruxish|Crunch|p1a: Kyogre\n|-damage|p1a: Kyogre|56/259\n|\n|-weather|RainDance|[upkeep]\n|upkeep\n|turn|16\n|\n|t:|1781440978\n|switch|p1a: Reuniclus|Reuniclus, L88, F|196/337 par\n|move|p2a: Bruxish|Crunch|p1a: Reuniclus\n|-supereffective|p1a: Reuniclus\n|-damage|p1a: Reuniclus|0 fnt\n|faint|p1a: Reuniclus\n|\n|-weather|RainDance|[upkeep]\n|upkeep\n|\n|t:|1781440982\n|switch|p1a: Eiscue|Eiscue, L88, F|274/274\n|-damage|p1a: Eiscue|206/274|[from] Stealth Rock\n|turn|17\n|inactive|tukkirekka has 120 seconds left.\n|\n|t:|1781440997\n|switch|p2a: Tentacruel|Tentacruel, L84, M|127/272\n|switch|p1a: Kyogre|Kyogre, L71|56/259\n|-damage|p1a: Kyogre|24/259|[from] Stealth Rock\n|\n|-weather|none\n|-heal|p2a: Tentacruel|144/272|[from] item: Leftovers\n|upkeep\n|turn|18\n|\n|t:|1781441003\n|move|p1a: Kyogre|Thunder|p2a: Tentacruel|[miss]\n|-miss|p1a: Kyogre|p2a: Tentacruel\n|move|p2a: Tentacruel|Sludge Bomb|p1a: Kyogre\n|-damage|p1a: Kyogre|0 fnt\n|faint|p1a: Kyogre\n|\n|-heal|p2a: Tentacruel|161/272|[from] item: Leftovers\n|upkeep\n|-message|tukkirekka forfeited.\n|\n|win|ricv\n", "inputlog": ">version a8376a258c1d4662feba110a92103f3664a72141\n>start {\"formatid\":\"gen9randombattle\",\"seed\":\"sodium,84f5e63a1761d466377106888eb2e4e6\",\"rated\":\"Rated battle\"}\n>player p1 {\"name\":\"tukkirekka\",\"avatar\":\"drayden\",\"rating\":1947,\"seed\":\"sodium,1fd5044dd3afe73c3d198511f7d35937\"}\n>player p2 {\"name\":\"ricv\",\"avatar\":\"red\",\"rating\":2032,\"seed\":\"sodium,5a3fce833c7043bc36ca76edad398c6b\"}\n>p1 move poltergeist\n>p2 switch 3\n>p1 move dracometeor\n>p2 move stealthrock\n>p2 switch 2\n>p1 move poltergeist\n>p2 move toxic\n>p1 move poltergeist\n>p2 switch 4\n>p1 move dragontail\n>p2 move dragonpulse\n>p1 move poltergeist\n>p2 switch 5\n>p1 switch 4\n>p1 move dragondance\n>p2 move recover\n>p1 move dragondance\n>p2 move gigadrain\n>p1 move knockoff terastallize\n>p2 move gigadrain\n>p1 move knockoff\n>p2 move suckerpunch\n>p1 switch 2\n>p1 move shadowball\n>p2 move suckerpunch\n>p2 switch 5\n>p1 move flipturn\n>p2 move discharge\n>p1 switch 3\n>p1 move psychic\n>p2 move dragontail\n>p1 move waterspout\n>p2 move discharge\n>p2 switch 6\n>p1 move waterspout\n>p2 move crunch\n>p1 switch 5\n>p2 move crunch\n>p1 switch 6\n>p1 switch 5\n>p2 switch 4\n>p1 move thunder\n>p2 move sludgebomb\n>forcelose p1", "uploadtime": 1781440637, "views": 5, "formatid": "gen9randombattle", "rating": null, "private": 0, "password": null, "player_dets": [{"name": "tukkirekka", "avatar": "drayden", "rating": 1947, "seed": "sodium,1fd5044dd3afe73c3d198511f7d35937"}, {"name": "ricv", "avatar": "red", "rating": 2032, "seed": "sodium,5a3fce833c7043bc36ca76edad398c6b"}], "teams_full": [{"Giratina": {"name": "Giratina", "species": "Giratina-Origin", "speciesId": "giratinaorigin", "gender": "N", "shiny": false, "level": 72, "moves": ["poltergeist", "shadowsneak", "dracometeor", "dragontail"], "ability": "Levitate", "evs": {"hp": 85, "atk": 85, "def": 85, "spa": 85, "spd": 85, "spe": 85}, "ivs": {"hp": 31, "atk": 31, "def": 31, "spa": 31, "spd": 31, "spe": 31}, "item": "Griseous Core", "teraType": "Dragon", "role": "Fast Attacker", "bvs": {"hp": 150, "atk": 120, "def": 100, "spa": 120, "spd": 100, "spe": 90}, "stats": {"hp": 335, "atk": 215, "def": 186, "spa": 215, "spd": 186, "spe": 172}}, "Basculegion": {"name": "Basculegion", "species": "Basculegion-F", "speciesId": "basculegionf", "gender": "F", "shiny": false, "level": 83, "moves": ["flipturn", "shadowball", "wavecrash", "hydropump"], "ability": "Adaptability", "evs": {"hp": 85, "atk": 85, "def": 85, "spa": 85, "spd": 85, "spe": 85}, "ivs": {"hp": 31, "atk": 31, "def": 31, "spa": 31, "spd": 31, "spe": 31}, "item": "Assault Vest", "teraType": "Water", "role": "AV Pivot", "bvs": {"hp": 120, "atk": 92, "def": 65, "spa": 100, "spd": 75, "spe": 78}, "stats": {"hp": 335, "atk": 200, "def": 156, "spa": 214, "spd": 172, "spe": 177}}, "Reuniclus": {"name": "Reuniclus", "species": "Reuniclus", "speciesId": "reuniclus", "gender": "F", "shiny": false, "level": 88, "moves": ["recover", "calmmind", "focusblast", "psychic"], "ability": "Magic Guard", "evs": {"hp": 85, "atk": 0, "def": 85, "spa": 85, "spd": 85, "spe": 85}, "ivs": {"hp": 31, "atk": 0, "def": 31, "spa": 31, "spd": 31, "spe": 31}, "item": "Life Orb", "teraType": "Steel", "role": "Bulky Setup", "bvs": {"hp": 110, "atk": 65, "def": 75, "spa": 125, "spd": 85, "spe": 30}, "stats": {"hp": 337, "atk": 119, "def": 182, "spa": 270, "spd": 200, "spe": 103}}, "Tyranitar": {"name": "Tyranitar", "species": "Tyranitar", "speciesId": "tyranitar", "gender": "M", "shiny": false, "level": 78, "moves": ["earthquake", "stoneedge", "knockoff", "dragondance"], "ability": "Sand Stream", "evs": {"hp": 85, "atk": 85, "def": 85, "spa": 85, "spd": 85, "spe": 85}, "ivs": {"hp": 31, "atk": 31, "def": 31, "spa": 31, "spd": 31, "spe": 31}, "item": "Weakness Policy", "teraType": "Ghost", "role": "Bulky Setup", "bvs": {"hp": 100, "atk": 134, "def": 110, "spa": 95, "spd": 100, "spe": 61}, "stats": {"hp": 284, "atk": 254, "def": 217, "spa": 193, "spd": 201, "spe": 140}}, "Kyogre": {"name": "Kyogre", "species": "Kyogre", "speciesId": "kyogre", "gender": "N", "shiny": false, "level": 71, "moves": ["waterspout", "icebeam", "originpulse", "thunder"], "ability": "Drizzle", "evs": {"hp": 85, "atk": 0, "def": 85, "spa": 85, "spd": 85, "spe": 85}, "ivs": {"hp": 31, "atk": 0, "def": 31, "spa": 31, "spd": 31, "spe": 31}, "item": "Choice Scarf", "teraType": "Water", "role": "Fast Attacker", "bvs": {"hp": 100, "atk": 100, "def": 90, "spa": 150, "spd": 140, "spe": 90}, "stats": {"hp": 259, "atk": 147, "def": 169, "spa": 254, "spd": 240, "spe": 169}}, "Eiscue": {"name": "Eiscue", "species": "Eiscue", "speciesId": "eiscue", "gender": "F", "shiny": false, "level": 88, "moves": ["ironhead", "bellydrum", "icespinner", "liquidation"], "ability": "Ice Face", "evs": {"hp": 81, "atk": 85, "def": 85, "spa": 85, "spd": 85, "spe": 85}, "ivs": {"hp": 31, "atk": 31, "def": 31, "spa": 31, "spd": 31, "spe": 31}, "item": "Sitrus Berry", "teraType": "Water", "role": "Setup Sweeper", "bvs": {"hp": 75, "atk": 80, "def": 110, "spa": 65, "spd": 90, "spe": 50}, "stats": {"hp": 274, "atk": 191, "def": 244, "spa": 165, "spd": 209, "spe": 138}}}, {"Emboar": {"name": "Emboar", "species": "Emboar", "speciesId": "emboar", "gender": "M", "shiny": false, "level": 84, "moves": ["wildcharge", "scald", "closecombat", "flareblitz"], "ability": "Reckless", "evs": {"hp": 85, "atk": 85, "def": 85, "spa": 85, "spd": 85, "spe": 85}, "ivs": {"hp": 31, "atk": 31, "def": 31, "spa": 31, "spd": 31, "spe": 31}, "item": "Assault Vest", "teraType": "Water", "role": "AV Pivot", "bvs": {"hp": 110, "atk": 123, "def": 65, "spa": 100, "spd": 65, "spe": 65}, "stats": {"hp": 322, "atk": 255, "def": 157, "spa": 216, "spd": 157, "spe": 157}}, "Tentacruel": {"name": "Tentacruel", "species": "Tentacruel", "speciesId": "tentacruel", "gender": "M", "shiny": false, "level": 84, "moves": ["sludgebomb", "surf", "toxic", "rapidspin"], "ability": "Liquid Ooze", "evs": {"hp": 85, "atk": 85, "def": 85, "spa": 85, "spd": 85, "spe": 85}, "ivs": {"hp": 31, "atk": 31, "def": 31, "spa": 31, "spd": 31, "spe": 31}, "item": "Leftovers", "teraType": "Grass", "role": "Bulky Support", "bvs": {"hp": 80, "atk": 70, "def": 65, "spa": 80, "spd": 120, "spe": 100}, "stats": {"hp": 272, "atk": 166, "def": 157, "spa": 183, "spd": 250, "spe": 216}}, "Mamoswine": {"name": "Mamoswine", "species": "Mamoswine", "speciesId": "mamoswine", "gender": "F", "shiny": false, "level": 81, "moves": ["stealthrock", "iciclecrash", "earthquake", "iceshard"], "ability": "Thick Fat", "evs": {"hp": 85, "atk": 85, "def": 85, "spa": 85, "spd": 85, "spe": 85}, "ivs": {"hp": 31, "atk": 31, "def": 31, "spa": 31, "spd": 31, "spe": 31}, "item": "Life Orb", "teraType": "Ground", "role": "Wallbreaker", "bvs": {"hp": 110, "atk": 130, "def": 80, "spa": 70, "spd": 60, "spe": 80}, "stats": {"hp": 311, "atk": 257, "def": 176, "spa": 160, "spd": 144, "spe": 176}}, "Dipplin": {"name": "Dipplin", "species": "Dipplin", "speciesId": "dipplin", "gender": "M", "shiny": false, "level": 88, "moves": ["suckerpunch", "recover", "dragonpulse", "gigadrain"], "ability": "Sticky Hold", "evs": {"hp": 85, "atk": 85, "def": 85, "spa": 85, "spd": 85, "spe": 85}, "ivs": {"hp": 31, "atk": 31, "def": 31, "spa": 31, "spd": 31, "spe": 31}, "item": "Eviolite", "teraType": "Steel", "role": "Bulky Attacker", "bvs": {"hp": 80, "atk": 80, "def": 110, "spa": 95, "spd": 80, "spe": 40}, "stats": {"hp": 284, "atk": 191, "def": 244, "spa": 217, "spd": 191, "spe": 121}}, "Ampharos": {"name": "Ampharos", "species": "Ampharos", "speciesId": "ampharos", "gender": "M", "shiny": false, "level": 88, "moves": ["dazzlinggleam", "dragontail", "voltswitch", "discharge"], "ability": "Static", "evs": {"hp": 85, "atk": 85, "def": 85, "spa": 85, "spd": 85, "spe": 85}, "ivs": {"hp": 31, "atk": 31, "def": 31, "spa": 31, "spd": 31, "spe": 31}, "item": "Assault Vest", "teraType": "Fairy", "role": "AV Pivot", "bvs": {"hp": 90, "atk": 75, "def": 85, "spa": 115, "spd": 90, "spe": 55}, "stats": {"hp": 302, "atk": 182, "def": 200, "spa": 253, "spd": 209, "spe": 147}}, "Bruxish": {"name": "Bruxish", "species": "Bruxish", "speciesId": "bruxish", "gender": "M", "shiny": false, "level": 85, "moves": ["psychicfangs", "flipturn", "crunch", "wavecrash"], "ability": "Strong Jaw", "evs": {"hp": 85, "atk": 85, "def": 85, "spa": 85, "spd": 85, "spe": 85}, "ivs": {"hp": 31, "atk": 31, "def": 31, "spa": 31, "spd": 31, "spe": 31}, "item": "Choice Band", "teraType": "Dark", "role": "Fast Attacker", "bvs": {"hp": 68, "atk": 105, "def": 70, "spa": 70, "spd": 70, "spe": 92}, "stats": {"hp": 254, "atk": 227, "def": 168, "spa": 168, "spd": 168, "spe": 205}}}]}