{"id": "gen9randombattle-2631987771", "format": "[Gen 9] Random Battle", "players": ["tuanminh17", "ZeeBloo"], "log": "|j|\u2606tuanminh17\n|j|\u2606ZeeBloo\n|t:|1781463131\n|gametype|singles\n|player|p1|tuanminh17|brycenman|1145\n|player|p2|ZeeBloo|265|1172\n|gen|9\n|tier|[Gen 9] Random Battle\n|rated|\n|rule|Species Clause: Limit one of each Pok\u00e9mon\n|rule|HP Percentage Mod: HP is shown in percentages\n|rule|Sleep Clause Mod: Limit one foe put to sleep\n|rule|Illusion Level Mod: Illusion disguises the Pok\u00e9mon's true level\n|\n|t:|1781463131\n|teamsize|p1|6\n|teamsize|p2|6\n|start\n|switch|p1a: Hypno|Hypno, L95, F|315/315\n|switch|p2a: Dewgong|Dewgong, L94, F|322/322\n|turn|1\n|inactive|Battle timer is ON: inactive players will automatically lose when time's up. (requested by ZeeBloo)\n|\n|t:|1781463152\n|move|p2a: Dewgong|Knock Off|p1a: Hypno\n|-supereffective|p1a: Hypno\n|-damage|p1a: Hypno|183/315\n|-enditem|p1a: Hypno|Leftovers|[from] move: Knock Off|[of] p2a: Dewgong\n|move|p1a: Hypno|Focus Blast|p2a: Dewgong\n|-supereffective|p2a: Dewgong\n|-damage|p2a: Dewgong|226/322\n|\n|upkeep\n|turn|2\n|\n|t:|1781463167\n|move|p1a: Hypno|Protect|p1a: Hypno\n|-singleturn|p1a: Hypno|Protect\n|move|p2a: Dewgong|Flip Turn|p1a: Hypno\n|-activate|p1a: Hypno|move: Protect\n|\n|upkeep\n|turn|3\n|inactive|tuanminh17 has 120 seconds left.\n|\n|t:|1781463198\n|switch|p1a: Emboar|Emboar, L84, F|322/322\n|move|p2a: Dewgong|Flip Turn|p1a: Emboar\n|-supereffective|p1a: Emboar\n|-crit|p1a: Emboar\n|-damage|p1a: Emboar|86/322\n|\n|t:|1781463214\n|switch|p2a: Drifblim|Drifblim, L86, M|398/398|[from] Flip Turn\n|\n|upkeep\n|turn|4\n|inactive|tuanminh17 has 120 seconds left.\n|\n|t:|1781463227\n|move|p1a: Emboar|Head Smash|p2a: Drifblim\n|-supereffective|p2a: Drifblim\n|-damage|p2a: Drifblim|0 fnt\n|-damage|p1a: Emboar|6/322|[from] ability: Aftermath|[of] p2a: Drifblim\n|faint|p2a: Drifblim\n|-damage|p1a: Emboar|0 fnt|[from] Recoil\n|faint|p1a: Emboar\n|\n|upkeep\n|inactive|tuanminh17 has 120 seconds left.\n|\n|t:|1781463239\n|switch|p2a: Dewgong|Dewgong, L94, F|226/322\n|switch|p1a: Whiscash|Whiscash, L88, F|337/337\n|turn|5\n|inactive|tuanminh17 has 120 seconds left.\n|\n|t:|1781463247\n|move|p2a: Dewgong|Knock Off|p1a: Whiscash\n|-damage|p1a: Whiscash|259/337\n|-enditem|p1a: Whiscash|Life Orb|[from] move: Knock Off|[of] p2a: Dewgong\n|move|p1a: Whiscash|Stone Edge|p2a: Dewgong\n|-supereffective|p2a: Dewgong\n|-crit|p2a: Dewgong\n|-damage|p2a: Dewgong|40/322\n|\n|upkeep\n|turn|6\n|\n|t:|1781463256\n|move|p2a: Dewgong|Surf|p1a: Whiscash\n|-damage|p1a: Whiscash|160/337\n|move|p1a: Whiscash|Dragon Dance|p1a: Whiscash\n|-boost|p1a: Whiscash|atk|1\n|-boost|p1a: Whiscash|spe|1\n|\n|upkeep\n|turn|7\n|\n|t:|1781463266\n|move|p1a: Whiscash|Stone Edge|p2a: Dewgong\n|-supereffective|p2a: Dewgong\n|-crit|p2a: Dewgong\n|-damage|p2a: Dewgong|0 fnt\n|faint|p2a: Dewgong\n|\n|upkeep\n|\n|t:|1781463274\n|switch|p2a: Jolteon|Jolteon, L84, M|246/246\n|turn|8\n|\n|t:|1781463281\n|-terastallize|p2a: Jolteon|Fairy\n|move|p2a: Jolteon|Alluring Voice|p1a: Whiscash\n|-damage|p1a: Whiscash|0 fnt\n|faint|p1a: Whiscash\n|\n|upkeep\n|inactive|tuanminh17 has 120 seconds left.\n|\n|t:|1781463317\n|switch|p1a: Salamence|Salamence, L77, F|273/273\n|turn|9\n|\n|t:|1781463336\n|move|p2a: Jolteon|Alluring Voice|p1a: Salamence\n|-supereffective|p1a: Salamence\n|-damage|p1a: Salamence|0 fnt\n|faint|p1a: Salamence\n|\n|upkeep\n|\n|t:|1781463342\n|switch|p1a: Cetitan|Cetitan, L82, M|413/413\n|turn|10\n|inactive|ZeeBloo has 120 seconds left.\n|inactive|ZeeBloo has 90 seconds left.\n|inactive|ZeeBloo has 60 seconds left.\n|inactive|ZeeBloo has 30 seconds left.\n|n|!tuanminh17|tuanminh17\n|inactive|ZeeBloo has 20 seconds left.\n|inactive|ZeeBloo has 15 seconds left.\n|inactive|ZeeBloo has 10 seconds left.\n|inactive|ZeeBloo has 5 seconds left.\n|-message|ZeeBloo lost due to inactivity.\n|\n|win|tuanminh17\n", "inputlog": ">version a8376a258c1d4662feba110a92103f3664a72141\n>start {\"formatid\":\"gen9randombattle\",\"seed\":\"sodium,80da356317a60d53890fb39fdf6b81a9\",\"rated\":\"Rated battle\"}\n>player p1 {\"name\":\"tuanminh17\",\"avatar\":\"brycenman\",\"rating\":1145,\"seed\":\"sodium,35891583fe2cc4577ea14aa9fa65b923\"}\n>player p2 {\"name\":\"ZeeBloo\",\"avatar\":\"265\",\"rating\":1172,\"seed\":\"sodium,1e0e088888e76cea429f753b8121990a\"}\n>p1 move focusblast\n>p2 move knockoff\n>p1 move protect\n>p2 move flipturn\n>p1 switch 6\n>p2 move flipturn\n>p2 switch 4\n>p1 move headsmash\n>p2 move airslash\n>p1 switch 4\n>p2 switch 4\n>p1 move stoneedge\n>p2 move knockoff\n>p1 move dragondance\n>p2 move surf\n>p1 move stoneedge\n>p2 move surf\n>p2 switch 6\n>p1 move earthquake\n>p2 move alluringvoice terastallize\n>p1 switch 3\n>p1 move dualwingbeat\n>p2 move alluringvoice\n>p1 switch 5\n>chat \u2606tuanminh17|fuck you\n>forcelose p2", "uploadtime": 1781463463, "views": 4, "formatid": "gen9randombattle", "rating": null, "private": 0, "password": null}