{"id": "gen9randombattle-2631614729", "format": "[Gen 9] Random Battle", "players": ["Kyzoi", "Dyzastre"], "log": "|j|\u2606Kyzoi\n|j|\u2606Dyzastre\n|t:|1781409141\n|gametype|singles\n|player|p1|Kyzoi|wallace|\n|player|p2|Dyzastre|2|\n|gen|9\n|tier|[Gen 9] Random Battle\n|rule|Species Clause: Limit one of each Pok\u00e9mon\n|rule|HP Percentage Mod: HP is shown in percentages\n|rule|Sleep Clause Mod: Limit one foe put to sleep\n|rule|Illusion Level Mod: Illusion disguises the Pok\u00e9mon's true level\n|\n|t:|1781409141\n|teamsize|p1|6\n|teamsize|p2|6\n|start\n|switch|p1a: Snorlax|Snorlax, L82, F|397/397\n|switch|p2a: Carbink|Carbink, L90|236/236\n|turn|1\n|\n|t:|1781409163\n|switch|p1a: Lilligant|Lilligant, L86, F|261/261\n|move|p2a: Carbink|Body Press|p1a: Lilligant\n|-damage|p1a: Lilligant|159/261\n|\n|upkeep\n|turn|2\n|\n|t:|1781409178\n|move|p1a: Lilligant|Quiver Dance|p1a: Lilligant\n|-boost|p1a: Lilligant|spa|1\n|-boost|p1a: Lilligant|spd|1\n|-boost|p1a: Lilligant|spe|1\n|move|p2a: Carbink|Iron Defense|p2a: Carbink\n|-boost|p2a: Carbink|def|2\n|\n|upkeep\n|turn|3\n|\n|t:|1781409200\n|switch|p2a: Wyrdeer|Wyrdeer, L87, F|321/321\n|-ability|p2a: Wyrdeer|Intimidate|boost\n|-fail|p1a: Lilligant|unboost|Attack|[from] ability: Own Tempo|[of] p1a: Lilligant\n|move|p1a: Lilligant|Petal Dance|p2a: Wyrdeer\n|-damage|p2a: Wyrdeer|95/321\n|-damage|p1a: Lilligant|133/261|[from] item: Life Orb\n|\n|upkeep\n|turn|4\n|\n|t:|1781409233\n|move|p1a: Lilligant|Petal Dance|p2a: Wyrdeer|[from] lockedmove\n|-damage|p2a: Wyrdeer|0 fnt\n|faint|p2a: Wyrdeer\n|-damage|p1a: Lilligant|107/261|[from] item: Life Orb\n|\n|upkeep\n|\n|t:|1781409241\n|switch|p2a: Armarouge|Armarouge, L80, F|267/267\n|turn|5\n|\n|t:|1781409262\n|move|p1a: Lilligant|Petal Dance|p2a: Armarouge|[from] lockedmove\n|-resisted|p2a: Armarouge\n|-damage|p2a: Armarouge|119/267\n|-damage|p1a: Lilligant|81/261|[from] item: Life Orb\n|move|p2a: Armarouge|Psyshock|p1a: Lilligant\n|-damage|p1a: Lilligant|0 fnt\n|faint|p1a: Lilligant\n|\n|upkeep\n|\n|t:|1781409289\n|switch|p1a: Snorlax|Snorlax, L82, F|397/397\n|turn|6\n|\n|t:|1781409297\n|move|p2a: Armarouge|Armor Cannon|p1a: Snorlax\n|-damage|p1a: Snorlax|331/397\n|-unboost|p2a: Armarouge|def|1\n|-unboost|p2a: Armarouge|spd|1\n|move|p1a: Snorlax|Body Slam|p2a: Armarouge\n|-damage|p2a: Armarouge|0 fnt\n|faint|p2a: Armarouge\n|\n|-heal|p1a: Snorlax|355/397|[from] item: Leftovers\n|upkeep\n|\n|t:|1781409310\n|switch|p2a: Lokix|Lokix, L82, M|251/251\n|turn|7\n|\n|t:|1781409316\n|move|p2a: Lokix|First Impression|p1a: Snorlax\n|-damage|p1a: Snorlax|213/397\n|move|p1a: Snorlax|Curse|p1a: Snorlax\n|-unboost|p1a: Snorlax|spe|1\n|-boost|p1a: Snorlax|atk|1\n|-boost|p1a: Snorlax|def|1\n|\n|-heal|p1a: Snorlax|237/397|[from] item: Leftovers\n|upkeep\n|turn|8\n|\n|t:|1781409332\n|move|p2a: Lokix|Knock Off|p1a: Snorlax\n|-damage|p1a: Snorlax|149/397\n|-enditem|p1a: Snorlax|Leftovers|[from] move: Knock Off|[of] p2a: Lokix\n|move|p1a: Snorlax|Body Slam|p2a: Lokix\n|-damage|p2a: Lokix|88/251\n|\n|upkeep\n|turn|9\n|\n|t:|1781409352\n|move|p2a: Lokix|U-turn|p1a: Snorlax\n|-damage|p1a: Snorlax|80/397\n|\n|t:|1781409356\n|switch|p2a: Carbink|Carbink, L90|236/236|[from] U-turn\n|move|p1a: Snorlax|Body Slam|p2a: Carbink\n|-resisted|p2a: Carbink\n|-damage|p2a: Carbink|189/236\n|\n|upkeep\n|turn|10\n|\n|t:|1781409368\n|move|p2a: Carbink|Moonblast|p1a: Snorlax\n|-damage|p1a: Snorlax|13/397\n|-unboost|p1a: Snorlax|spa|1\n|move|p1a: Snorlax|Rest|p1a: Snorlax\n|-status|p1a: Snorlax|slp|[from] move: Rest\n|-heal|p1a: Snorlax|397/397 slp|[silent]\n|\n|upkeep\n|turn|11\n|\n|t:|1781409377\n|move|p2a: Carbink|Body Press|p1a: Snorlax\n|-supereffective|p1a: Snorlax\n|-damage|p1a: Snorlax|245/397 slp\n|cant|p1a: Snorlax|slp\n|move|p1a: Snorlax|Sleep Talk|p1a: Snorlax\n|move|p1a: Snorlax|Curse|p1a: Snorlax|[from] move: Sleep Talk\n|-unboost|p1a: Snorlax|spe|1\n|-boost|p1a: Snorlax|atk|1\n|-boost|p1a: Snorlax|def|1\n|\n|upkeep\n|turn|12\n|\n|t:|1781409388\n|move|p2a: Carbink|Body Press|p1a: Snorlax\n|-supereffective|p1a: Snorlax\n|-damage|p1a: Snorlax|115/397 slp\n|cant|p1a: Snorlax|slp\n|move|p1a: Snorlax|Sleep Talk|p1a: Snorlax\n|move|p1a: Snorlax|Curse|p1a: Snorlax|[from] move: Sleep Talk\n|-unboost|p1a: Snorlax|spe|1\n|-boost|p1a: Snorlax|atk|1\n|-boost|p1a: Snorlax|def|1\n|\n|upkeep\n|turn|13\n|\n|t:|1781409404\n|-terastallize|p1a: Snorlax|Fairy\n|move|p2a: Carbink|Moonblast|p1a: Snorlax\n|-damage|p1a: Snorlax|51/397 slp\n|-unboost|p1a: Snorlax|spa|1\n|-curestatus|p1a: Snorlax|slp|[msg]\n|move|p1a: Snorlax|Rest|p1a: Snorlax\n|-status|p1a: Snorlax|slp|[from] move: Rest\n|-heal|p1a: Snorlax|397/397 slp|[silent]\n|\n|upkeep\n|turn|14\n|\n|t:|1781409420\n|move|p2a: Carbink|Body Press|p1a: Snorlax\n|-resisted|p1a: Snorlax\n|-damage|p1a: Snorlax|374/397 slp\n|cant|p1a: Snorlax|slp\n|move|p1a: Snorlax|Sleep Talk|p1a: Snorlax\n|move|p1a: Snorlax|Rest||[from] move: Sleep Talk|[still]\n|-fail|p1a: Snorlax\n|\n|upkeep\n|turn|15\n|l|\u2606Dyzastre\n|player|p2|\n|j|\u2606Dyzastre\n|player|p2|Dyzastre|2|\n|\n|t:|1781409475\n|switch|p2a: Virizion|Virizion, L82|283/283\n|cant|p1a: Snorlax|slp\n|move|p1a: Snorlax|Sleep Talk|p1a: Snorlax\n|move|p1a: Snorlax|Rest||[from] move: Sleep Talk|[still]\n|-fail|p1a: Snorlax\n|\n|upkeep\n|turn|16\n|\n|t:|1781409489\n|move|p2a: Virizion|Stone Edge|p1a: Snorlax\n|-damage|p1a: Snorlax|330/397 slp\n|-damage|p2a: Virizion|255/283|[from] item: Life Orb\n|-curestatus|p1a: Snorlax|slp|[msg]\n|move|p1a: Snorlax|Body Slam|p2a: Virizion\n|-damage|p2a: Virizion|0 fnt\n|faint|p2a: Virizion\n|\n|upkeep\n|\n|t:|1781409501\n|switch|p2a: Lokix|Lokix, L82, M|88/251\n|turn|17\n|\n|t:|1781409506\n|move|p2a: Lokix|Sucker Punch|p1a: Snorlax\n|-resisted|p1a: Snorlax\n|-damage|p1a: Snorlax|292/397\n|move|p1a: Snorlax|Body Slam|p2a: Lokix\n|-damage|p2a: Lokix|0 fnt\n|faint|p2a: Lokix\n|\n|upkeep\n|l|\u2606Dyzastre\n|player|p2|\n|j|\u2606Dyzastre\n|player|p2|Dyzastre|2|\n|l|\u2606Dyzastre\n|player|p2|\n|j|\u2606Dyzastre\n|player|p2|Dyzastre|2|\n|\n|t:|1781409534\n|switch|p2a: Kyurem|Kyurem, L77|319/319\n|-ability|p2a: Kyurem|Pressure\n|turn|18\n|\n|t:|1781409544\n|move|p2a: Kyurem|Icicle Spear|p1a: Snorlax\n|-damage|p1a: Snorlax|283/397\n|-damage|p1a: Snorlax|276/397\n|-damage|p1a: Snorlax|267/397\n|-damage|p1a: Snorlax|258/397\n|-hitcount|p1a: Snorlax|4\n|move|p1a: Snorlax|Body Slam|p2a: Kyurem\n|-damage|p2a: Kyurem|63/319\n|-status|p2a: Kyurem|par\n|\n|upkeep\n|turn|19\n|l|\u2606Dyzastre\n|player|p2|\n|j|\u2606Dyzastre\n|player|p2|Dyzastre|2|\n|\n|t:|1781409570\n|cant|p2a: Kyurem|par\n|move|p1a: Snorlax|Body Slam|p2a: Kyurem\n|-damage|p2a: Kyurem|0 fnt\n|faint|p2a: Kyurem\n|\n|upkeep\n|\n|t:|1781409577\n|switch|p2a: Carbink|Carbink, L90|189/236\n|turn|20\n|\n|t:|1781409581\n|move|p2a: Carbink|Iron Defense|p2a: Carbink\n|-boost|p2a: Carbink|def|2\n|move|p1a: Snorlax|Body Slam|p2a: Carbink\n|-resisted|p2a: Carbink\n|-damage|p2a: Carbink|153/236\n|\n|upkeep\n|turn|21\n|l|\u2606Dyzastre\n|player|p2|\n|j|\u2606Dyzastre\n|player|p2|Dyzastre|2|\n|\n|t:|1781409593\n|-terastallize|p2a: Carbink|Fighting\n|move|p2a: Carbink|Iron Defense|p2a: Carbink\n|-boost|p2a: Carbink|def|2\n|move|p1a: Snorlax|Body Slam|p2a: Carbink\n|-damage|p2a: Carbink|102/236\n|-status|p2a: Carbink|par\n|\n|upkeep\n|turn|22\n|\n|t:|1781409617\n|cant|p2a: Carbink|par\n|move|p1a: Snorlax|Body Slam|p2a: Carbink\n|-damage|p2a: Carbink|57/236 par\n|\n|upkeep\n|turn|23\n|\n|t:|1781409623\n|cant|p2a: Carbink|par\n|move|p1a: Snorlax|Body Slam|p2a: Carbink\n|-damage|p2a: Carbink|8/236 par\n|\n|upkeep\n|turn|24\n|\n|t:|1781409631\n|move|p2a: Carbink|Rest|p2a: Carbink\n|-status|p2a: Carbink|slp|[from] move: Rest\n|-heal|p2a: Carbink|236/236 slp|[silent]\n|-enditem|p2a: Carbink|Chesto Berry|[eat]\n|-curestatus|p2a: Carbink|slp|[msg]\n|move|p1a: Snorlax|Body Slam|p2a: Carbink\n|-damage|p2a: Carbink|190/236\n|-status|p2a: Carbink|par\n|\n|upkeep\n|turn|25\n|\n|t:|1781409641\n|move|p2a: Carbink|Body Press|p1a: Snorlax\n|-resisted|p1a: Snorlax\n|-damage|p1a: Snorlax|150/397\n|move|p1a: Snorlax|Body Slam|p2a: Carbink\n|-damage|p2a: Carbink|144/236 par\n|\n|upkeep\n|turn|26\n|\n|t:|1781409650\n|move|p2a: Carbink|Body Press|p1a: Snorlax\n|-resisted|p1a: Snorlax\n|-damage|p1a: Snorlax|51/397\n|move|p1a: Snorlax|Body Slam|p2a: Carbink\n|-damage|p2a: Carbink|96/236 par\n|\n|upkeep\n|turn|27\n|\n|t:|1781409657\n|move|p2a: Carbink|Body Press|p1a: Snorlax\n|-resisted|p1a: Snorlax\n|-damage|p1a: Snorlax|0 fnt\n|faint|p1a: Snorlax\n|\n|upkeep\n|\n|t:|1781409662\n|switch|p1a: Noctowl|Noctowl, L95, M|344/344\n|turn|28\n|\n|t:|1781409668\n|move|p1a: Noctowl|Hurricane|p2a: Carbink\n|-supereffective|p2a: Carbink\n|-damage|p2a: Carbink|0 fnt\n|faint|p2a: Carbink\n|\n|win|Kyzoi\n", "inputlog": ">version a8376a258c1d4662feba110a92103f3664a72141\n>start {\"formatid\":\"gen9randombattle\",\"seed\":\"sodium,ce1cc480fb37d7b17d4c93548a72470c\"}\n>player p1 {\"name\":\"Kyzoi\",\"avatar\":\"wallace\",\"rating\":0,\"seed\":\"sodium,74e7b3f15d08064f659830ba41c50b8b\"}\n>player p2 {\"name\":\"Dyzastre\",\"avatar\":\"2\",\"rating\":0,\"seed\":\"sodium,7baae1839ce0c05a7996c60d6bcb4e41\"}\n>p1 switch 6\n>p2 move bodypress\n>p1 move quiverdance\n>p2 move irondefense\n>p1 move petaldance\n>p2 switch 4\n>p1 move petaldance\n>p2 move megahorn\n>p2 switch 5\n>p1 move petaldance\n>p2 move psyshock\n>p1 switch 6\n>p1 move bodyslam\n>p2 move armorcannon\n>p2 switch 6\n>p1 move curse\n>p2 move firstimpression\n>p1 move bodyslam\n>p2 move knockoff\n>p1 move bodyslam\n>p2 move uturn\n>p2 switch 4\n>p1 move rest\n>p2 move moonblast\n>p1 move sleeptalk\n>p2 move bodypress\n>p1 move sleeptalk\n>p2 move bodypress\n>p1 move rest terastallize\n>p2 move moonblast\n>p1 move sleeptalk\n>p2 move bodypress\n>p1 move sleeptalk\n>p2 switch 2\n>p1 move bodyslam\n>p2 move stoneedge\n>p2 switch 4\n>p1 move bodyslam\n>p2 move suckerpunch\n>p2 switch 3\n>p1 move bodyslam\n>p2 move iciclespear\n>p1 move bodyslam\n>p2 move iciclespear\n>p2 switch 2\n>p1 move bodyslam\n>p2 move irondefense\n>p1 move bodyslam\n>p2 move irondefense terastallize\n>p1 move bodyslam\n>p2 move rest\n>p1 move bodyslam\n>p2 move rest\n>p1 move bodyslam\n>p2 move rest\n>p1 move bodyslam\n>p2 move bodypress\n>p1 move bodyslam\n>p2 move bodypress\n>p1 move bodyslam\n>p2 move bodypress\n>p1 switch 2\n>p1 move hurricane\n>p2 move rest", "uploadtime": 1781409674, "views": 8, "formatid": "gen9randombattle", "rating": null, "private": 0, "password": null, "player_dets": [{"name": "Kyzoi", "avatar": "wallace", "rating": 0, "seed": "sodium,74e7b3f15d08064f659830ba41c50b8b"}, {"name": "Dyzastre", "avatar": "2", "rating": 0, "seed": "sodium,7baae1839ce0c05a7996c60d6bcb4e41"}], "teams_full": [{"Snorlax": {"name": "Snorlax", "species": "Snorlax", "speciesId": "snorlax", "gender": "F", "shiny": false, "level": 82, "moves": ["sleeptalk", "curse", "rest", "bodyslam"], "ability": "Thick Fat", "evs": {"hp": 85, "atk": 85, "def": 85, "spa": 85, "spd": 85, "spe": 85}, "ivs": {"hp": 31, "atk": 31, "def": 31, "spa": 31, "spd": 31, "spe": 31}, "item": "Leftovers", "teraType": "Fairy", "role": "Bulky Attacker", "bvs": {"hp": 160, "atk": 110, "def": 65, "spa": 65, "spd": 110, "spe": 30}, "stats": {"hp": 397, "atk": 228, "def": 154, "spa": 154, "spd": 228, "spe": 96}}, "Noctowl": {"name": "Noctowl", "species": "Noctowl", "speciesId": "noctowl", "gender": "M", "shiny": false, "level": 95, "moves": ["roost", "hypervoice", "defog", "hurricane"], "ability": "Tinted Lens", "evs": {"hp": 85, "atk": 0, "def": 85, "spa": 85, "spd": 85, "spe": 85}, "ivs": {"hp": 31, "atk": 0, "def": 31, "spa": 31, "spd": 31, "spe": 31}, "item": "Heavy-Duty Boots", "teraType": "Normal", "role": "Bulky Attacker", "bvs": {"hp": 100, "atk": 50, "def": 50, "spa": 86, "spd": 96, "spe": 70}, "stats": {"hp": 344, "atk": 100, "def": 149, "spa": 217, "spd": 236, "spe": 187}}, "Blaziken": {"name": "Blaziken", "species": "Blaziken", "speciesId": "blaziken", "gender": "F", "shiny": false, "level": 76, "moves": ["flareblitz", "closecombat", "swordsdance", "protect"], "ability": "Speed Boost", "evs": {"hp": 85, "atk": 85, "def": 85, "spa": 85, "spd": 85, "spe": 85}, "ivs": {"hp": 31, "atk": 31, "def": 31, "spa": 31, "spd": 31, "spe": 31}, "item": "Life Orb", "teraType": "Fighting", "role": "Setup Sweeper", "bvs": {"hp": 80, "atk": 120, "def": 70, "spa": 110, "spd": 70, "spe": 80}, "stats": {"hp": 247, "atk": 226, "def": 150, "spa": 211, "spd": 150, "spe": 166}}, "Slither Wing": {"name": "Slither Wing", "species": "Slither Wing", "speciesId": "slitherwing", "gender": "N", "shiny": false, "level": 81, "moves": ["uturn", "willowisp", "closecombat", "morningsun"], "ability": "Protosynthesis", "evs": {"hp": 85, "atk": 85, "def": 85, "spa": 85, "spd": 85, "spe": 85}, "ivs": {"hp": 31, "atk": 31, "def": 31, "spa": 31, "spd": 31, "spe": 31}, "item": "Heavy-Duty Boots", "teraType": "Steel", "role": "Fast Support", "bvs": {"hp": 85, "atk": 135, "def": 79, "spa": 85, "spd": 105, "spe": 81}, "stats": {"hp": 270, "atk": 265, "def": 175, "spa": 184, "spd": 217, "spe": 178}}, "Torkoal": {"name": "Torkoal", "species": "Torkoal", "speciesId": "torkoal", "gender": "M", "shiny": false, "level": 88, "moves": ["yawn", "stealthrock", "lavaplume", "solarbeam"], "ability": "Drought", "evs": {"hp": 85, "atk": 0, "def": 85, "spa": 85, "spd": 85, "spe": 85}, "ivs": {"hp": 31, "atk": 0, "def": 31, "spa": 31, "spd": 31, "spe": 31}, "item": "Heavy-Duty Boots", "teraType": "Grass", "role": "Bulky Support", "bvs": {"hp": 70, "atk": 85, "def": 140, "spa": 85, "spd": 70, "spe": 20}, "stats": {"hp": 266, "atk": 154, "def": 297, "spa": 200, "spd": 173, "spe": 85}}, "Lilligant": {"name": "Lilligant", "species": "Lilligant", "speciesId": "lilligant", "gender": "F", "shiny": false, "level": 86, "moves": ["alluringvoice", "petaldance", "quiverdance", "sleeppowder"], "ability": "Own Tempo", "evs": {"hp": 85, "atk": 0, "def": 85, "spa": 85, "spd": 85, "spe": 85}, "ivs": {"hp": 31, "atk": 0, "def": 31, "spa": 31, "spd": 31, "spe": 31}, "item": "Life Orb", "teraType": "Grass", "role": "Setup Sweeper", "bvs": {"hp": 70, "atk": 60, "def": 75, "spa": 110, "spd": 75, "spe": 90}, "stats": {"hp": 261, "atk": 108, "def": 178, "spa": 238, "spd": 178, "spe": 204}}}, {"Carbink": {"name": "Carbink", "species": "Carbink", "speciesId": "carbink", "gender": "N", "shiny": false, "level": 90, "moves": ["rest", "bodypress", "moonblast", "irondefense"], "ability": "Sturdy", "evs": {"hp": 85, "atk": 0, "def": 85, "spa": 85, "spd": 85, "spe": 85}, "ivs": {"hp": 31, "atk": 0, "def": 31, "spa": 31, "spd": 31, "spe": 31}, "item": "Chesto Berry", "teraType": "Fighting", "role": "Fast Bulky Setup", "bvs": {"hp": 50, "atk": 50, "def": 150, "spa": 50, "spd": 150, "spe": 50}, "stats": {"hp": 236, "atk": 95, "def": 321, "spa": 141, "spd": 321, "spe": 141}}, "Virizion": {"name": "Virizion", "species": "Virizion", "speciesId": "virizion", "gender": "N", "shiny": false, "level": 82, "moves": ["swordsdance", "stoneedge", "closecombat", "leafblade"], "ability": "Justified", "evs": {"hp": 85, "atk": 85, "def": 85, "spa": 85, "spd": 85, "spe": 85}, "ivs": {"hp": 31, "atk": 31, "def": 31, "spa": 31, "spd": 31, "spe": 31}, "item": "Life Orb", "teraType": "Rock", "role": "Setup Sweeper", "bvs": {"hp": 91, "atk": 90, "def": 72, "spa": 90, "spd": 129, "spe": 108}, "stats": {"hp": 283, "atk": 195, "def": 165, "spa": 195, "spd": 259, "spe": 224}}, "Kyurem": {"name": "Kyurem", "species": "Kyurem", "speciesId": "kyurem", "gender": "N", "shiny": false, "level": 77, "moves": ["dragondance", "iciclespear", "scaleshot", "terablast"], "ability": "Pressure", "evs": {"hp": 85, "atk": 85, "def": 85, "spa": 85, "spd": 85, "spe": 85}, "ivs": {"hp": 31, "atk": 31, "def": 31, "spa": 31, "spd": 31, "spe": 31}, "item": "Loaded Dice", "teraType": "Ground", "role": "Tera Blast user", "bvs": {"hp": 125, "atk": 130, "def": 90, "spa": 130, "spd": 90, "spe": 95}, "stats": {"hp": 319, "atk": 245, "def": 183, "spa": 245, "spd": 183, "spe": 191}}, "Wyrdeer": {"name": "Wyrdeer", "species": "Wyrdeer", "speciesId": "wyrdeer", "gender": "F", "shiny": false, "level": 87, "moves": ["earthquake", "megahorn", "psychicnoise", "bodyslam"], "ability": "Intimidate", "evs": {"hp": 85, "atk": 85, "def": 85, "spa": 85, "spd": 85, "spe": 85}, "ivs": {"hp": 31, "atk": 31, "def": 31, "spa": 31, "spd": 31, "spe": 31}, "item": "Assault Vest", "teraType": "Ground", "role": "Bulky Attacker", "bvs": {"hp": 103, "atk": 105, "def": 72, "spa": 105, "spd": 75, "spe": 65}, "stats": {"hp": 321, "atk": 232, "def": 175, "spa": 232, "spd": 180, "spe": 163}}, "Armarouge": {"name": "Armarouge", "species": "Armarouge", "speciesId": "armarouge", "gender": "F", "shiny": false, "level": 80, "moves": ["meteorbeam", "psyshock", "armorcannon", "energyball"], "ability": "Weak Armor", "evs": {"hp": 85, "atk": 0, "def": 85, "spa": 85, "spd": 85, "spe": 85}, "ivs": {"hp": 31, "atk": 0, "def": 31, "spa": 31, "spd": 31, "spe": 31}, "item": "Power Herb", "teraType": "Grass", "role": "Setup Sweeper", "bvs": {"hp": 85, "atk": 60, "def": 100, "spa": 125, "spd": 80, "spe": 75}, "stats": {"hp": 267, "atk": 101, "def": 206, "spa": 246, "spd": 174, "spe": 166}}, "Lokix": {"name": "Lokix", "species": "Lokix", "speciesId": "lokix", "gender": "M", "shiny": false, "level": 82, "moves": ["uturn", "suckerpunch", "knockoff", "firstimpression"], "ability": "Tinted Lens", "evs": {"hp": 85, "atk": 85, "def": 85, "spa": 85, "spd": 85, "spe": 85}, "ivs": {"hp": 31, "atk": 31, "def": 31, "spa": 31, "spd": 31, "spe": 31}, "item": "Silver Powder", "teraType": "Bug", "role": "Fast Attacker", "bvs": {"hp": 71, "atk": 102, "def": 78, "spa": 52, "spd": 55, "spe": 92}, "stats": {"hp": 251, "atk": 214, "def": 175, "spa": 132, "spd": 137, "spe": 198}}}]}