{"id": "gen9randombattle-2631482965", "format": "[Gen 9] Random Battle", "players": ["Estrace", "Undertaker67"], "log": "|j|\u2606Estrace\n|j|\u2606Undertaker67\n|t:|1781390627\n|gametype|singles\n|player|p1|Estrace|clair|1956\n|player|p2|Undertaker67|n|2051\n|gen|9\n|tier|[Gen 9] Random Battle\n|rated|\n|rule|Species Clause: Limit one of each Pok\u00e9mon\n|rule|HP Percentage Mod: HP is shown in percentages\n|rule|Sleep Clause Mod: Limit one foe put to sleep\n|rule|Illusion Level Mod: Illusion disguises the Pok\u00e9mon's true level\n|\n|t:|1781390627\n|teamsize|p1|6\n|teamsize|p2|6\n|start\n|switch|p1a: Morpeko|Morpeko, L88, F|245/245\n|switch|p2a: Blissey|Blissey, L85, F|572/572\n|turn|1\n|inactive|Battle timer is ON: inactive players will automatically lose when time's up. (requested by Estrace)\n|inactive|Undertaker67 has 120 seconds left.\n|\n|t:|1781390693\n|switch|p2a: Rotom|Rotom-Frost, L87|229/229\n|move|p1a: Morpeko|Aura Wheel|p2a: Rotom\n|-resisted|p2a: Rotom\n|-damage|p2a: Rotom|178/229\n|-boost|p1a: Morpeko|spe|1\n|\n|-formechange|p1a: Morpeko|Morpeko-Hangry||[from] ability: Hunger Switch\n|upkeep\n|turn|2\n|\n|t:|1781390707\n|move|p1a: Morpeko|Aura Wheel|p2a: Rotom\n|-damage|p2a: Rotom|73/229\n|-boost|p1a: Morpeko|spe|1\n|move|p2a: Rotom|Will-O-Wisp|p1a: Morpeko\n|-status|p1a: Morpeko|brn\n|\n|-damage|p1a: Morpeko|230/245 brn|[from] brn\n|-formechange|p1a: Morpeko|Morpeko||[from] ability: Hunger Switch\n|upkeep\n|turn|3\n|inactive|Undertaker67 has 120 seconds left.\n|\n|t:|1781390749\n|switch|p2a: Ribombee|Ribombee, L83, F|235/235\n|move|p1a: Morpeko|Aura Wheel|p2a: Ribombee\n|-damage|p2a: Ribombee|151/235\n|-boost|p1a: Morpeko|spe|1\n|\n|-damage|p1a: Morpeko|215/245 brn|[from] brn\n|-formechange|p1a: Morpeko|Morpeko-Hangry||[from] ability: Hunger Switch\n|upkeep\n|turn|4\n|\n|t:|1781390764\n|move|p1a: Morpeko|Parting Shot|p2a: Ribombee\n|-unboost|p2a: Ribombee|atk|1\n|-unboost|p2a: Ribombee|spa|1\n|\n|t:|1781390783\n|switch|p1a: Slowbro|Slowbro-Galar, L87, F|307/307|[from] Parting Shot\n|move|p2a: Ribombee|Moonblast|p1a: Slowbro\n|-resisted|p1a: Slowbro\n|-damage|p1a: Slowbro|269/307\n|\n|upkeep\n|turn|5\n|inactive|Undertaker67 has 120 seconds left.\n|inactive|Estrace has 120 seconds left.\n|inactive|Undertaker67 has 90 seconds left.\n|\n|t:|1781390844\n|switch|p2a: Iron Moth|Iron Moth, L78|253/253\n|switch|p1a: Vespiquen|Vespiquen, L99, F|299/299\n|-ability|p1a: Vespiquen|Pressure\n|\n|upkeep\n|turn|6\n|inactive|Estrace has 120 seconds left.\n|\n|t:|1781390876\n|switch|p1a: Morpeko|Morpeko, L88, F|215/245 brn\n|move|p2a: Iron Moth|Fiery Dance|p1a: Morpeko\n|-damage|p1a: Morpeko|17/245 brn\n|\n|-damage|p1a: Morpeko|2/245 brn|[from] brn\n|-formechange|p1a: Morpeko|Morpeko-Hangry||[from] ability: Hunger Switch\n|upkeep\n|turn|7\n|\n|t:|1781390890\n|-end|p2a: Iron Moth|Quark Drive|[silent]\n|switch|p2a: Rotom|Rotom-Frost, L87|73/229\n|move|p1a: Morpeko|Parting Shot|p2a: Rotom\n|-unboost|p2a: Rotom|atk|1\n|-unboost|p2a: Rotom|spa|1\n|inactive|Estrace has 90 seconds left.\n|inactive|Estrace has 60 seconds left.\n|inactive|Estrace has 30 seconds left.\n|inactive|Estrace has 20 seconds left.\n|inactive|Estrace has 15 seconds left.\n|inactive|Estrace has 10 seconds left.\n|\n|t:|1781390980\n|switch|p1a: Raikou|Raikou, L81|278/278|[from] Parting Shot\n|-ability|p1a: Raikou|Pressure\n|\n|upkeep\n|turn|8\n|inactive|Estrace has 20 seconds left this turn.\n|\n|t:|1781391007\n|switch|p2a: Blissey|Blissey, L85, F|572/572\n|move|p1a: Raikou|Scald|p2a: Blissey\n|-damage|p2a: Blissey|508/572\n|\n|-heal|p2a: Blissey|543/572|[from] item: Leftovers\n|upkeep\n|turn|9\n|inactive|Estrace has 30 seconds left this turn.\n|\n|t:|1781391017\n|switch|p1a: Leafeon|Leafeon, L88, M|258/258\n|move|p2a: Blissey|Thunder Wave|p1a: Leafeon\n|-status|p1a: Leafeon|par\n|\n|-heal|p2a: Blissey|572/572|[from] item: Leftovers\n|upkeep\n|turn|10\n|inactive|Undertaker67 has 60 seconds left.\n|\n|t:|1781391036\n|switch|p2a: Brute Bonnet|Brute Bonnet, L80|309/309\n|move|p1a: Leafeon|Knock Off|p2a: Brute Bonnet\n|-resisted|p2a: Brute Bonnet\n|-crit|p2a: Brute Bonnet\n|-damage|p2a: Brute Bonnet|235/309\n|-enditem|p2a: Brute Bonnet|Leftovers|[from] move: Knock Off|[of] p1a: Leafeon\n|-damage|p1a: Leafeon|233/258 par|[from] item: Life Orb\n|\n|upkeep\n|turn|11\n|\n|t:|1781391050\n|switch|p1a: Vespiquen|Vespiquen, L99, F|299/299\n|-ability|p1a: Vespiquen|Pressure\n|move|p2a: Brute Bonnet|Crunch|p1a: Vespiquen\n|-damage|p1a: Vespiquen|230/299\n|-unboost|p1a: Vespiquen|def|1\n|\n|upkeep\n|turn|12\n|\n|t:|1781391058\n|-end|p2a: Brute Bonnet|Protosynthesis|[silent]\n|switch|p2a: Iron Moth|Iron Moth, L78|253/253\n|move|p1a: Vespiquen|U-turn|p2a: Iron Moth\n|-resisted|p2a: Iron Moth\n|-damage|p2a: Iron Moth|220/253\n|\n|t:|1781391067\n|switch|p1a: Raikou|Raikou, L81|278/278|[from] U-turn\n|-ability|p1a: Raikou|Pressure\n|\n|upkeep\n|turn|13\n|\n|t:|1781391075\n|-end|p2a: Iron Moth|Quark Drive|[silent]\n|switch|p2a: Blissey|Blissey, L85, F|572/572\n|move|p1a: Raikou|Volt Switch|p2a: Blissey\n|-damage|p2a: Blissey|490/572\n|\n|t:|1781391085\n|switch|p1a: Leafeon|Leafeon, L88, M|233/258 par|[from] Volt Switch\n|\n|-heal|p2a: Blissey|525/572|[from] item: Leftovers\n|upkeep\n|turn|14\n|inactive|Undertaker67 has 90 seconds left.\n|\n|t:|1781391111\n|switch|p2a: Brute Bonnet|Brute Bonnet, L80|235/309\n|move|p1a: Leafeon|Knock Off|p2a: Brute Bonnet\n|-resisted|p2a: Brute Bonnet\n|-damage|p2a: Brute Bonnet|199/309\n|-damage|p1a: Leafeon|208/258 par|[from] item: Life Orb\n|\n|upkeep\n|turn|15\n|inactive|Estrace has 60 seconds left.\n|\n|t:|1781391121\n|switch|p1a: Morpeko|Morpeko, L88, F|2/245 brn\n|move|p2a: Brute Bonnet|Spore||[still]\n|-fail|p2a: Brute Bonnet\n|\n|-damage|p1a: Morpeko|0 fnt|[from] brn\n|faint|p1a: Morpeko\n|upkeep\n|\n|t:|1781391124\n|switch|p1a: Vespiquen|Vespiquen, L99, F|230/299\n|-ability|p1a: Vespiquen|Pressure\n|turn|16\n|\n|t:|1781391128\n|-end|p2a: Brute Bonnet|Protosynthesis|[silent]\n|switch|p2a: Iron Moth|Iron Moth, L78|220/253\n|move|p1a: Vespiquen|U-turn|p2a: Iron Moth\n|-resisted|p2a: Iron Moth\n|-damage|p2a: Iron Moth|191/253\n|\n|t:|1781391133\n|switch|p1a: Raikou|Raikou, L81|278/278|[from] U-turn\n|-ability|p1a: Raikou|Pressure\n|\n|upkeep\n|turn|17\n|inactive|Undertaker67 has 90 seconds left.\n|\n|t:|1781391154\n|move|p1a: Raikou|Volt Switch|p2a: Iron Moth\n|-damage|p2a: Iron Moth|77/253\n|\n|t:|1781391159\n|switch|p1a: Slowbro|Slowbro-Galar, L87, F|307/307|[from] Volt Switch\n|move|p2a: Iron Moth|Fiery Dance|p1a: Slowbro\n|-damage|p1a: Slowbro|138/307\n|\n|upkeep\n|turn|18\n|inactive|Estrace has 90 seconds left.\n|\n|t:|1781391170\n|move|p2a: Iron Moth|Fiery Dance|p1a: Slowbro\n|-damage|p1a: Slowbro|0 fnt\n|faint|p1a: Slowbro\n|\n|upkeep\n|\n|t:|1781391174\n|switch|p1a: Necrozma|Necrozma-Dawn-Wings, L76|272/272\n|turn|19\n|\n|t:|1781391191\n|move|p2a: Iron Moth|Fiery Dance|p1a: Necrozma\n|-damage|p1a: Necrozma|149/272\n|-boost|p2a: Iron Moth|spa|1\n|move|p1a: Necrozma|Calm Mind|p1a: Necrozma\n|-boost|p1a: Necrozma|spa|1\n|-boost|p1a: Necrozma|spd|1\n|\n|-heal|p1a: Necrozma|166/272|[from] item: Leftovers\n|upkeep\n|turn|20\n|inactive|Estrace has 90 seconds left.\n|\n|t:|1781391212\n|move|p2a: Iron Moth|Fiery Dance|p1a: Necrozma\n|-damage|p1a: Necrozma|39/272\n|move|p1a: Necrozma|Photon Geyser|p2a: Iron Moth\n|-supereffective|p2a: Iron Moth\n|-damage|p2a: Iron Moth|0 fnt\n|faint|p2a: Iron Moth\n|-end|p2a: Iron Moth|Quark Drive|[silent]\n|\n|-heal|p1a: Necrozma|56/272|[from] item: Leftovers\n|upkeep\n|inactive|Undertaker67 has 90 seconds left.\n|c|\u2606Estrace|4 special attackers into blissey ugh i cry\n|-message|Estrace forfeited.\n|\n|win|Undertaker67\n", "inputlog": ">version a8376a258c1d4662feba110a92103f3664a72141\n>start {\"formatid\":\"gen9randombattle\",\"seed\":\"sodium,c919cefa5e21f6e4d2382632d9b588ed\",\"rated\":\"Rated battle\"}\n>player p1 {\"name\":\"Estrace\",\"avatar\":\"clair\",\"rating\":1956,\"seed\":\"sodium,4f80cc9255119a9a6bee5d992491c062\"}\n>player p2 {\"name\":\"Undertaker67\",\"avatar\":\"n\",\"rating\":2051,\"seed\":\"sodium,737a3f48b005725e180ca390eb29c8e1\"}\n>p1 move aurawheel\n>p2 switch 2\n>p1 move aurawheel\n>p2 move willowisp\n>p1 move aurawheel\n>p2 switch 4\n>p1 move partingshot\n>p2 move moonblast\n>p1 switch 2\n>p1 switch 4\n>p2 switch 5\n>p1 switch 2\n>p2 move fierydance\n>p1 move partingshot\n>p2 switch 4\n>p1 switch 3\n>p1 move scald\n>p2 switch 2\n>p1 switch 5\n>p2 move thunderwave\n>p1 move knockoff\n>p2 switch 3\n>p1 switch 2\n>p2 move crunch\n>p1 move uturn\n>p2 switch 4\n>p1 switch 5\n>p1 move voltswitch\n>p2 switch 3\n>p1 switch 2\n>p1 move knockoff\n>p2 switch 4\n>p1 switch 3\n>p2 move spore\n>p1 switch 5\n>p1 move uturn\n>p2 switch 3\n>p1 switch 2\n>p1 move voltswitch\n>p2 move fierydance\n>p1 switch 4\n>p1 move trickroom\n>p2 move fierydance\n>p1 switch 6\n>p1 move calmmind\n>p2 move fierydance\n>p1 move photongeyser\n>p2 move fierydance\n>chat \u2606Estrace|4 special attackers into blissey ugh i cry\n>forcelose p1", "uploadtime": 1781390629, "views": 5, "formatid": "gen9randombattle", "rating": null, "private": 0, "password": null, "player_dets": [{"name": "Estrace", "avatar": "clair", "rating": 1956, "seed": "sodium,4f80cc9255119a9a6bee5d992491c062"}, {"name": "Undertaker67", "avatar": "n", "rating": 2051, "seed": "sodium,737a3f48b005725e180ca390eb29c8e1"}], "teams_full": [{"Morpeko": {"name": "Morpeko", "species": "Morpeko", "speciesId": "morpeko", "gender": "F", "shiny": false, "level": 88, "moves": ["partingshot", "protect", "rapidspin", "aurawheel"], "ability": "Hunger Switch", "evs": {"hp": 85, "atk": 85, "def": 85, "spa": 85, "spd": 85, "spe": 85}, "ivs": {"hp": 31, "atk": 31, "def": 31, "spa": 31, "spd": 31, "spe": 31}, "item": "Heavy-Duty Boots", "teraType": "Electric", "role": "Fast Support", "bvs": {"hp": 58, "atk": 95, "def": 58, "spa": 70, "spd": 58, "spe": 97}, "stats": {"hp": 245, "atk": 217, "def": 152, "spa": 173, "spd": 152, "spe": 221}}, "Slowbro": {"name": "Slowbro", "species": "Slowbro-Galar", "speciesId": "slowbrogalar", "gender": "F", "shiny": false, "level": 87, "moves": ["shellsidearm", "trickroom", "psychic", "fireblast"], "ability": "Regenerator", "evs": {"hp": 85, "atk": 85, "def": 85, "spa": 85, "spd": 85, "spe": 0}, "ivs": {"hp": 31, "atk": 31, "def": 31, "spa": 31, "spd": 31, "spe": 0}, "item": "Life Orb", "teraType": "Poison", "role": "Wallbreaker", "bvs": {"hp": 95, "atk": 100, "def": 95, "spa": 100, "spd": 70, "spe": 30}, "stats": {"hp": 307, "atk": 224, "def": 215, "spa": 224, "spd": 172, "spe": 57}}, "Raikou": {"name": "Raikou", "species": "Raikou", "speciesId": "raikou", "gender": "N", "shiny": false, "level": 81, "moves": ["thunderbolt", "scald", "shadowball", "voltswitch"], "ability": "Pressure", "evs": {"hp": 85, "atk": 0, "def": 85, "spa": 85, "spd": 85, "spe": 85}, "ivs": {"hp": 31, "atk": 0, "def": 31, "spa": 31, "spd": 31, "spe": 31}, "item": "Choice Specs", "teraType": "Water", "role": "Bulky Attacker", "bvs": {"hp": 90, "atk": 85, "def": 75, "spa": 115, "spd": 100, "spe": 115}, "stats": {"hp": 278, "atk": 142, "def": 168, "spa": 233, "spd": 209, "spe": 233}}, "Vespiquen": {"name": "Vespiquen", "species": "Vespiquen", "speciesId": "vespiquen", "gender": "F", "shiny": false, "level": 99, "moves": ["uturn", "toxicspikes", "hurricane", "roost"], "ability": "Pressure", "evs": {"hp": 85, "atk": 85, "def": 85, "spa": 85, "spd": 85, "spe": 85}, "ivs": {"hp": 31, "atk": 31, "def": 31, "spa": 31, "spd": 31, "spe": 31}, "item": "Heavy-Duty Boots", "teraType": "Steel", "role": "Bulky Support", "bvs": {"hp": 70, "atk": 80, "def": 102, "spa": 80, "spd": 102, "spe": 40}, "stats": {"hp": 299, "atk": 214, "def": 258, "spa": 214, "spd": 258, "spe": 135}}, "Leafeon": {"name": "Leafeon", "species": "Leafeon", "speciesId": "leafeon", "gender": "M", "shiny": false, "level": 88, "moves": ["swordsdance", "knockoff", "synthesis", "leafblade"], "ability": "Chlorophyll", "evs": {"hp": 85, "atk": 85, "def": 85, "spa": 85, "spd": 85, "spe": 85}, "ivs": {"hp": 31, "atk": 31, "def": 31, "spa": 31, "spd": 31, "spe": 31}, "item": "Life Orb", "teraType": "Dark", "role": "Setup Sweeper", "bvs": {"hp": 65, "atk": 110, "def": 130, "spa": 60, "spd": 65, "spe": 95}, "stats": {"hp": 258, "atk": 244, "def": 279, "spa": 156, "spd": 165, "spe": 217}}, "Necrozma": {"name": "Necrozma", "species": "Necrozma-Dawn-Wings", "speciesId": "necrozmadawnwings", "gender": "N", "shiny": false, "level": 76, "moves": ["photongeyser", "moonlight", "moongeistbeam", "calmmind"], "ability": "Prism Armor", "evs": {"hp": 85, "atk": 0, "def": 85, "spa": 85, "spd": 85, "spe": 85}, "ivs": {"hp": 31, "atk": 0, "def": 31, "spa": 31, "spd": 31, "spe": 31}, "item": "Leftovers", "teraType": "Fairy", "role": "Bulky Setup", "bvs": {"hp": 97, "atk": 113, "def": 109, "spa": 157, "spd": 127, "spe": 77}, "stats": {"hp": 272, "atk": 176, "def": 210, "spa": 283, "spd": 237, "spe": 161}}}, {"Blissey": {"name": "Blissey", "species": "Blissey", "speciesId": "blissey", "gender": "F", "shiny": false, "level": 85, "moves": ["thunderwave", "healbell", "seismictoss", "softboiled"], "ability": "Natural Cure", "evs": {"hp": 85, "atk": 0, "def": 85, "spa": 85, "spd": 85, "spe": 85}, "ivs": {"hp": 31, "atk": 0, "def": 31, "spa": 31, "spd": 31, "spe": 31}, "item": "Leftovers", "teraType": "Poison", "role": "Bulky Support", "bvs": {"hp": 255, "atk": 10, "def": 10, "spa": 75, "spd": 135, "spe": 55}, "stats": {"hp": 572, "atk": 22, "def": 66, "spa": 176, "spd": 278, "spe": 142}}, "Rotom": {"name": "Rotom", "species": "Rotom-Frost", "speciesId": "rotomfrost", "gender": "N", "shiny": false, "level": 87, "moves": ["blizzard", "thunderbolt", "willowisp", "voltswitch"], "ability": "Levitate", "evs": {"hp": 85, "atk": 0, "def": 85, "spa": 85, "spd": 85, "spe": 85}, "ivs": {"hp": 31, "atk": 0, "def": 31, "spa": 31, "spd": 31, "spe": 31}, "item": "Heavy-Duty Boots", "teraType": "Electric", "role": "Fast Attacker", "bvs": {"hp": 50, "atk": 65, "def": 107, "spa": 105, "spd": 107, "spe": 86}, "stats": {"hp": 229, "atk": 118, "def": 236, "spa": 232, "spd": 236, "spe": 199}}, "Brute Bonnet": {"name": "Brute Bonnet", "species": "Brute Bonnet", "speciesId": "brutebonnet", "gender": "N", "shiny": false, "level": 80, "moves": ["crunch", "suckerpunch", "spore", "seedbomb"], "ability": "Protosynthesis", "evs": {"hp": 85, "atk": 85, "def": 85, "spa": 85, "spd": 85, "spe": 85}, "ivs": {"hp": 31, "atk": 31, "def": 31, "spa": 31, "spd": 31, "spe": 31}, "item": "Leftovers", "teraType": "Poison", "role": "Bulky Support", "bvs": {"hp": 111, "atk": 127, "def": 99, "spa": 79, "spd": 99, "spe": 55}, "stats": {"hp": 309, "atk": 249, "def": 205, "spa": 173, "spd": 205, "spe": 134}}, "Ribombee": {"name": "Ribombee", "species": "Ribombee", "speciesId": "ribombee", "gender": "F", "shiny": false, "level": 83, "moves": ["moonblast", "terablast", "quiverdance", "bugbuzz"], "ability": "Shield Dust", "evs": {"hp": 85, "atk": 0, "def": 85, "spa": 85, "spd": 85, "spe": 85}, "ivs": {"hp": 31, "atk": 0, "def": 31, "spa": 31, "spd": 31, "spe": 31}, "item": "Heavy-Duty Boots", "teraType": "Ground", "role": "Tera Blast user", "bvs": {"hp": 60, "atk": 55, "def": 60, "spa": 95, "spd": 70, "spe": 124}, "stats": {"hp": 235, "atk": 96, "def": 147, "spa": 205, "spd": 164, "spe": 254}}, "Iron Moth": {"name": "Iron Moth", "species": "Iron Moth", "speciesId": "ironmoth", "gender": "N", "shiny": false, "level": 78, "moves": ["sludgewave", "energyball", "fierydance", "uturn"], "ability": "Quark Drive", "evs": {"hp": 85, "atk": 85, "def": 85, "spa": 85, "spd": 85, "spe": 85}, "ivs": {"hp": 31, "atk": 31, "def": 31, "spa": 31, "spd": 31, "spe": 31}, "item": "Choice Specs", "teraType": "Grass", "role": "Fast Attacker", "bvs": {"hp": 80, "atk": 70, "def": 60, "spa": 140, "spd": 110, "spe": 110}, "stats": {"hp": 253, "atk": 154, "def": 139, "spa": 263, "spd": 217, "spe": 217}}, "Barraskewda": {"name": "Barraskewda", "species": "Barraskewda", "speciesId": "barraskewda", "gender": "M", "shiny": false, "level": 81, "moves": ["throatchop", "closecombat", "flipturn", "waterfall"], "ability": "Swift Swim", "evs": {"hp": 85, "atk": 85, "def": 85, "spa": 85, "spd": 85, "spe": 85}, "ivs": {"hp": 31, "atk": 31, "def": 31, "spa": 31, "spd": 31, "spe": 31}, "item": "Choice Band", "teraType": "Water", "role": "Wallbreaker", "bvs": {"hp": 61, "atk": 123, "def": 60, "spa": 60, "spd": 50, "spe": 136}, "stats": {"hp": 231, "atk": 246, "def": 144, "spa": 144, "spd": 128, "spe": 267}}}]}