{"id": "gen9randombattle-2631959499", "format": "[Gen 9] Random Battle", "players": ["fingerfonger", "spencomatic"], "log": "|j|\u2606fingerfonger\n|j|\u2606spencomatic\n|t:|1781460046\n|gametype|singles\n|player|p1|fingerfonger|clerkf|2073\n|player|p2|spencomatic|170|2136\n|gen|9\n|tier|[Gen 9] Random Battle\n|rated|\n|rule|Species Clause: Limit one of each Pok\u00e9mon\n|rule|HP Percentage Mod: HP is shown in percentages\n|rule|Sleep Clause Mod: Limit one foe put to sleep\n|rule|Illusion Level Mod: Illusion disguises the Pok\u00e9mon's true level\n|\n|t:|1781460046\n|teamsize|p1|6\n|teamsize|p2|6\n|start\n|switch|p1a: Staraptor|Staraptor, L79, M|263/263\n|switch|p2a: Squawkabilly|Squawkabilly-Yellow, L89, F|291/291\n|turn|1\n|inactive|Battle timer is ON: inactive players will automatically lose when time's up. (requested by spencomatic)\n|l|\u2606spencomatic\n|inactive|spencomatic disconnected and has a minute to reconnect!\n|player|p2|\n|inactive|spencomatic has 30 seconds to reconnect!\n|inactive|spencomatic has 20 seconds to reconnect!\n|inactive|spencomatic has 15 seconds to reconnect!\n|inactive|spencomatic has 10 seconds to reconnect!\n|inactive|spencomatic has 5 seconds to reconnect!\n|-message|spencomatic lost due to inactivity.\n|\n|win|fingerfonger\n", "inputlog": ">version a8376a258c1d4662feba110a92103f3664a72141\n>start {\"formatid\":\"gen9randombattle\",\"seed\":\"sodium,ec2c256af057b2048fb49234d032ce4b\",\"rated\":\"Rated battle\"}\n>player p1 {\"name\":\"fingerfonger\",\"avatar\":\"clerkf\",\"rating\":2073,\"seed\":\"sodium,71e5ccbc055f7c8d57a75cf649e81986\"}\n>player p2 {\"name\":\"spencomatic\",\"avatar\":\"170\",\"rating\":2136,\"seed\":\"sodium,735d0cb3fccf354b134389de0007d7e9\"}\n>forcelose p2", "uploadtime": 1781460048, "views": 5, "formatid": "gen9randombattle", "rating": null, "private": 0, "password": null}