{"id": "gen9randombattle-2631810720", "format": "[Gen 9] Random Battle", "players": ["Kirbo6464", "Greedy Rapooh"], "log": "|j|\u2606Kirbo6464\n|j|\u2606Greedy Rapooh\n|t:|1781443019\n|gametype|singles\n|player|p1|Kirbo6464|n|2119\n|player|p2|Greedy Rapooh|acerola-masters|2097\n|gen|9\n|tier|[Gen 9] Random Battle\n|rated|\n|rule|Species Clause: Limit one of each Pok\u00e9mon\n|rule|HP Percentage Mod: HP is shown in percentages\n|rule|Sleep Clause Mod: Limit one foe put to sleep\n|rule|Illusion Level Mod: Illusion disguises the Pok\u00e9mon's true level\n|\n|t:|1781443019\n|teamsize|p1|6\n|teamsize|p2|6\n|start\n|switch|p1a: Kommo-o|Kommo-o, L78, M|245/245\n|switch|p2a: Scizor|Scizor, L79, F|240/240\n|turn|1\n|inactive|Battle timer is ON: inactive players will automatically lose when time's up. (requested by Kirbo6464)\n|\n|t:|1781443038\n|switch|p2a: Grumpig|Grumpig, L92, M|297/297\n|move|p1a: Kommo-o|Clangorous Soul|p1a: Kommo-o\n|-boost|p1a: Kommo-o|atk|1\n|-boost|p1a: Kommo-o|def|1\n|-boost|p1a: Kommo-o|spa|1\n|-boost|p1a: Kommo-o|spd|1\n|-boost|p1a: Kommo-o|spe|1\n|-damage|p1a: Kommo-o|165/245\n|-enditem|p1a: Kommo-o|Throat Spray\n|-boost|p1a: Kommo-o|spa|1|[from] item: Throat Spray\n|\n|upkeep\n|turn|2\n|\n|t:|1781443049\n|move|p1a: Kommo-o|Clanging Scales|p2a: Grumpig\n|-damage|p2a: Grumpig|123/297\n|-unboost|p1a: Kommo-o|def|1\n|move|p2a: Grumpig|Psychic|p1a: Kommo-o\n|-supereffective|p1a: Kommo-o\n|-damage|p1a: Kommo-o|27/245\n|\n|-heal|p2a: Grumpig|141/297|[from] item: Leftovers\n|upkeep\n|turn|3\n|\n|t:|1781443055\n|move|p1a: Kommo-o|Clanging Scales|p2a: Grumpig\n|-damage|p2a: Grumpig|0 fnt\n|faint|p2a: Grumpig\n|-unboost|p1a: Kommo-o|def|1\n|\n|upkeep\n|\n|t:|1781443058\n|switch|p2a: Scizor|Scizor, L79, F|240/240\n|turn|4\n|\n|t:|1781443062\n|move|p2a: Scizor|Bullet Punch|p1a: Kommo-o\n|-damage|p1a: Kommo-o|0 fnt\n|faint|p1a: Kommo-o\n|\n|upkeep\n|l|\u2606Kirbo6464\n|inactive|Kirbo6464 disconnected and has a minute to reconnect!\n|player|p1|\n|j|\u2606Kirbo6464\n|inactive|Kirbo6464 reconnected and has 115 seconds left.\n|player|p1|Kirbo6464|n|\n|\n|t:|1781443102\n|switch|p1a: Pikachu|Pikachu-Kalos, L93, F|216/216\n|turn|5\n|\n|t:|1781443105\n|switch|p2a: Rhydon|Rhydon, L85, M|317/317\n|move|p1a: Pikachu|Knock Off|p2a: Rhydon\n|-damage|p2a: Rhydon|256/317\n|-enditem|p2a: Rhydon|Eviolite|[from] move: Knock Off|[of] p1a: Pikachu\n|\n|upkeep\n|turn|6\n|\n|t:|1781443108\n|switch|p2a: Victreebel|Victreebel, L90, M|290/290\n|move|p1a: Pikachu|Surf|p2a: Victreebel\n|-resisted|p2a: Victreebel\n|-damage|p2a: Victreebel|235/290\n|\n|upkeep\n|turn|7\n|\n|t:|1781443128\n|move|p1a: Pikachu|Knock Off|p2a: Victreebel\n|-damage|p2a: Victreebel|111/290\n|-enditem|p2a: Victreebel|Life Orb|[from] move: Knock Off|[of] p1a: Pikachu\n|move|p2a: Victreebel|Power Whip|p1a: Pikachu\n|-damage|p1a: Pikachu|0 fnt\n|faint|p1a: Pikachu\n|\n|upkeep\n|\n|t:|1781443134\n|switch|p1a: Smeargle|Smeargle, L95, F|258/258\n|turn|8\n|\n|t:|1781443139\n|move|p1a: Smeargle|Sticky Web|p2a: Victreebel\n|-sidestart|p2: Greedy Rapooh|move: Sticky Web\n|move|p2a: Victreebel|Strength Sap|p1a: Smeargle\n|-unboost|p1a: Smeargle|atk|1\n|-heal|p2a: Victreebel|203/290\n|\n|upkeep\n|turn|9\n|l|\u2606Kirbo6464\n|inactive|Kirbo6464 disconnected and has a minute to reconnect!\n|player|p1|\n|j|\u2606Kirbo6464\n|inactive|Kirbo6464 reconnected and has 120 seconds left.\n|player|p1|Kirbo6464|n|\n|\n|t:|1781443174\n|move|p1a: Smeargle|Ceaseless Edge|p2a: Victreebel\n|-damage|p2a: Victreebel|186/290\n|-sidestart|p2: Greedy Rapooh|Spikes\n|move|p2a: Victreebel|Sludge Wave|p1a: Smeargle\n|-damage|p1a: Smeargle|77/258\n|-status|p1a: Smeargle|psn\n|\n|-damage|p1a: Smeargle|45/258 psn|[from] psn\n|upkeep\n|turn|10\n|\n|t:|1781443186\n|move|p1a: Smeargle|Ceaseless Edge|p2a: Victreebel\n|-damage|p2a: Victreebel|168/290\n|-sidestart|p2: Greedy Rapooh|Spikes\n|move|p2a: Victreebel|Strength Sap|p1a: Smeargle\n|-unboost|p1a: Smeargle|atk|1\n|-heal|p2a: Victreebel|229/290\n|\n|-damage|p1a: Smeargle|13/258 psn|[from] psn\n|upkeep\n|turn|11\n|\n|t:|1781443193\n|move|p1a: Smeargle|Ceaseless Edge|p2a: Victreebel\n|-damage|p2a: Victreebel|215/290\n|-sidestart|p2: Greedy Rapooh|Spikes\n|move|p2a: Victreebel|Strength Sap|p1a: Smeargle\n|-unboost|p1a: Smeargle|atk|1\n|-heal|p2a: Victreebel|261/290\n|\n|-damage|p1a: Smeargle|0 fnt|[from] psn\n|faint|p1a: Smeargle\n|upkeep\n|\n|t:|1781443209\n|switch|p1a: Baxcalibur|Baxcalibur, L75, F|295/295\n|turn|12\n|\n|t:|1781443216\n|move|p2a: Victreebel|Sludge Wave|p1a: Baxcalibur\n|-damage|p1a: Baxcalibur|148/295\n|move|p1a: Baxcalibur|Scale Shot|p2a: Victreebel\n|-damage|p2a: Victreebel|224/290\n|-damage|p2a: Victreebel|191/290\n|-damage|p2a: Victreebel|157/290\n|-damage|p2a: Victreebel|120/290\n|-hitcount|p2a: Victreebel|4\n|-unboost|p1a: Baxcalibur|def|1\n|-boost|p1a: Baxcalibur|spe|1\n|\n|upkeep\n|turn|13\n|\n|t:|1781443220\n|move|p1a: Baxcalibur|Icicle Spear|p2a: Victreebel\n|-supereffective|p2a: Victreebel\n|-damage|p2a: Victreebel|52/290\n|-supereffective|p2a: Victreebel\n|-damage|p2a: Victreebel|0 fnt\n|faint|p2a: Victreebel\n|-hitcount|p2: Victreebel|2\n|\n|upkeep\n|\n|t:|1781443222\n|switch|p2a: Scizor|Scizor, L79, F|240/240\n|-activate|p2a: Scizor|move: Sticky Web\n|-unboost|p2a: Scizor|spe|1\n|-damage|p2a: Scizor|180/240|[from] Spikes\n|turn|14\n|\n|t:|1781443228\n|switch|p1a: Lurantis|Lurantis, L87, F|264/264\n|move|p2a: Scizor|Bullet Punch|p1a: Lurantis\n|-damage|p1a: Lurantis|162/264\n|\n|-heal|p1a: Lurantis|178/264|[from] item: Leftovers\n|upkeep\n|turn|15\n|\n|t:|1781443253\n|switch|p2a: Noivern|Noivern, L82, M|274/274\n|move|p1a: Lurantis|Superpower|p2a: Noivern\n|-resisted|p2a: Noivern\n|-damage|p2a: Noivern|220/274\n|-boost|p1a: Lurantis|atk|1\n|-boost|p1a: Lurantis|def|1\n|\n|-heal|p1a: Lurantis|194/264|[from] item: Leftovers\n|upkeep\n|turn|16\n|l|\u2606Kirbo6464\n|inactive|Kirbo6464 disconnected and has a minute to reconnect!\n|player|p1|\n|j|\u2606Kirbo6464\n|inactive|Kirbo6464 reconnected and has 130 seconds left.\n|player|p1|Kirbo6464|n|\n|\n|t:|1781443281\n|move|p2a: Noivern|Hurricane|p1a: Lurantis\n|-supereffective|p1a: Lurantis\n|-damage|p1a: Lurantis|0 fnt\n|faint|p1a: Lurantis\n|\n|upkeep\n|\n|t:|1781443285\n|switch|p1a: Sunflora|Sunflora, F|312/312\n|turn|17\n|\n|t:|1781443297\n|-terastallize|p1a: Sunflora|Fire\n|move|p2a: Noivern|Hurricane|p1a: Sunflora\n|-damage|p1a: Sunflora|176/312\n|move|p1a: Sunflora|Sunny Day|p1a: Sunflora\n|-weather|SunnyDay\n|\n|-weather|SunnyDay|[upkeep]\n|upkeep\n|turn|18\n|\n|t:|1781443301\n|move|p2a: Noivern|Hurricane|p1a: Sunflora\n|-damage|p1a: Sunflora|32/312\n|move|p1a: Sunflora|Weather Ball|p2a: Noivern\n|-resisted|p2a: Noivern\n|-damage|p2a: Noivern|35/274\n|-damage|p1a: Sunflora|1/312|[from] item: Life Orb\n|\n|-weather|SunnyDay|[upkeep]\n|upkeep\n|turn|19\n|\n|t:|1781443308\n|switch|p2a: Rhydon|Rhydon, L85, M|256/317\n|-activate|p2a: Rhydon|move: Sticky Web\n|-unboost|p2a: Rhydon|spe|1\n|-damage|p2a: Rhydon|177/317|[from] Spikes\n|move|p1a: Sunflora|Weather Ball|p2a: Rhydon\n|-resisted|p2a: Rhydon\n|-damage|p2a: Rhydon|0 fnt\n|faint|p2a: Rhydon\n|-damage|p1a: Sunflora|0 fnt|[from] item: Life Orb\n|faint|p1a: Sunflora\n|\n|-weather|SunnyDay|[upkeep]\n|upkeep\n|\n|t:|1781443311\n|switch|p1a: Baxcalibur|Baxcalibur, L75, F|148/295\n|switch|p2a: Scizor|Scizor, L79, F|180/240\n|-activate|p2a: Scizor|move: Sticky Web\n|-unboost|p2a: Scizor|spe|1\n|-damage|p2a: Scizor|120/240|[from] Spikes\n|turn|20\n|\n|t:|1781443317\n|-terastallize|p2a: Scizor|Steel\n|move|p2a: Scizor|Bullet Punch|p1a: Baxcalibur\n|-supereffective|p1a: Baxcalibur\n|-damage|p1a: Baxcalibur|0 fnt\n|faint|p1a: Baxcalibur\n|\n|win|Greedy Rapooh\n", "inputlog": ">version a8376a258c1d4662feba110a92103f3664a72141\n>start {\"formatid\":\"gen9randombattle\",\"seed\":\"sodium,7d027858f9be7746c8ad930891f8b16e\",\"rated\":\"Rated battle\"}\n>player p1 {\"name\":\"Kirbo6464\",\"avatar\":\"n\",\"rating\":2119,\"seed\":\"sodium,1ca227bb620955c899923a5032417595\"}\n>player p2 {\"name\":\"Greedy Rapooh\",\"avatar\":\"acerola-masters\",\"rating\":2097,\"seed\":\"sodium,d6b18a3bf0e5ffec8dafd9f6b7b5555e\"}\n>p1 move clangoroussoul\n>p2 switch 5\n>p1 move clangingscales\n>p2 move psychic\n>p1 move clangingscales\n>p2 move psychic\n>p2 switch 5\n>p1 move drainpunch\n>p2 move bulletpunch\n>p1 switch 6\n>p1 move knockoff\n>p2 switch 3\n>p1 move surf\n>p2 switch 2\n>p1 move knockoff\n>p2 move powerwhip\n>p1 switch 3\n>p1 move stickyweb\n>p2 move strengthsap\n>p1 move ceaselessedge\n>p2 move sludgewave\n>p1 move ceaselessedge\n>p2 move strengthsap\n>p1 move ceaselessedge\n>p2 move strengthsap\n>p1 switch 2\n>p1 move scaleshot\n>p2 move sludgewave\n>p1 move iciclespear\n>p2 move sludgewave\n>p2 switch 3\n>p1 switch 4\n>p2 move bulletpunch\n>p1 move superpower\n>p2 switch 4\n>p1 move knockoff\n>p2 move hurricane\n>p1 switch 5\n>p1 move sunnyday terastallize\n>p2 move hurricane\n>p1 move weatherball\n>p2 move hurricane\n>p1 move weatherball\n>p2 switch 2\n>p1 switch 4\n>p2 switch 4\n>p1 move swordsdance\n>p2 move bulletpunch terastallize", "uploadtime": 1781443021, "views": 5, "formatid": "gen9randombattle", "rating": null, "private": 0, "password": null, "player_dets": [{"name": "Kirbo6464", "avatar": "n", "rating": 2119, "seed": "sodium,1ca227bb620955c899923a5032417595"}, {"name": "Greedy Rapooh", "avatar": "acerola-masters", "rating": 2097, "seed": "sodium,d6b18a3bf0e5ffec8dafd9f6b7b5555e"}], "teams_full": [{"Kommo-o": {"name": "Kommo-o", "species": "Kommo-o", "speciesId": "kommoo", "gender": "M", "shiny": false, "level": 78, "moves": ["drainpunch", "boomburst", "clangoroussoul", "clangingscales"], "ability": "Soundproof", "evs": {"hp": 85, "atk": 85, "def": 85, "spa": 85, "spd": 85, "spe": 85}, "ivs": {"hp": 31, "atk": 31, "def": 31, "spa": 31, "spd": 31, "spe": 31}, "item": "Throat Spray", "teraType": "Normal", "role": "Fast Bulky Setup", "bvs": {"hp": 75, "atk": 110, "def": 125, "spa": 100, "spd": 105, "spe": 85}, "stats": {"hp": 245, "atk": 217, "def": 240, "spa": 201, "spd": 209, "spe": 178}, "types": ["Dragon", "Fighting"]}, "Baxcalibur": {"name": "Baxcalibur", "species": "Baxcalibur", "speciesId": "baxcalibur", "gender": "F", "shiny": false, "level": 75, "moves": ["swordsdance", "scaleshot", "earthquake", "iciclespear"], "ability": "Thermal Exchange", "evs": {"hp": 81, "atk": 85, "def": 85, "spa": 85, "spd": 85, "spe": 85}, "ivs": {"hp": 31, "atk": 31, "def": 31, "spa": 31, "spd": 31, "spe": 31}, "item": "Loaded Dice", "teraType": "Ground", "role": "Bulky Setup", "bvs": {"hp": 115, "atk": 145, "def": 92, "spa": 75, "spd": 86, "spe": 87}, "stats": {"hp": 295, "atk": 261, "def": 182, "spa": 156, "spd": 173, "spe": 174}, "types": ["Dragon", "Ice"]}, "Smeargle": {"name": "Smeargle", "species": "Smeargle", "speciesId": "smeargle", "gender": "F", "shiny": false, "level": 95, "moves": ["spore", "stickyweb", "whirlwind", "ceaselessedge"], "ability": "Own Tempo", "evs": {"hp": 85, "atk": 85, "def": 85, "spa": 85, "spd": 85, "spe": 85}, "ivs": {"hp": 31, "atk": 31, "def": 31, "spa": 31, "spd": 31, "spe": 31}, "item": "Focus Sash", "teraType": "Ghost", "role": "Fast Support", "bvs": {"hp": 55, "atk": 20, "def": 35, "spa": 20, "spd": 45, "spe": 75}, "stats": {"hp": 258, "atk": 92, "def": 120, "spa": 92, "spd": 139, "spe": 196}, "types": ["Normal"]}, "Lurantis": {"name": "Lurantis", "species": "Lurantis", "speciesId": "lurantis", "gender": "F", "shiny": false, "level": 87, "moves": ["knockoff", "synthesis", "leafstorm", "superpower"], "ability": "Contrary", "evs": {"hp": 85, "atk": 85, "def": 85, "spa": 85, "spd": 85, "spe": 85}, "ivs": {"hp": 31, "atk": 31, "def": 31, "spa": 31, "spd": 31, "spe": 31}, "item": "Leftovers", "teraType": "Fighting", "role": "Bulky Attacker", "bvs": {"hp": 70, "atk": 105, "def": 90, "spa": 80, "spd": 90, "spe": 45}, "stats": {"hp": 264, "atk": 232, "def": 206, "spa": 189, "spd": 206, "spe": 128}, "types": ["Grass"]}, "Sunflora": {"name": "Sunflora", "species": "Sunflora", "speciesId": "sunflora", "gender": "F", "shiny": false, "level": 100, "moves": ["solarbeam", "weatherball", "sunnyday", "earthpower"], "ability": "Chlorophyll", "evs": {"hp": 85, "atk": 0, "def": 85, "spa": 85, "spd": 85, "spe": 85}, "ivs": {"hp": 31, "atk": 0, "def": 31, "spa": 31, "spd": 31, "spe": 31}, "item": "Life Orb", "teraType": "Fire", "role": "Setup Sweeper", "bvs": {"hp": 75, "atk": 75, "def": 55, "spa": 105, "spd": 85, "spe": 30}, "stats": {"hp": 312, "atk": 155, "def": 167, "spa": 267, "spd": 227, "spe": 117}, "types": ["Grass"]}, "Pikachu": {"name": "Pikachu", "species": "Pikachu-Kalos", "speciesId": "pikachu", "gender": "F", "shiny": false, "level": 93, "moves": ["knockoff", "volttackle", "playrough", "surf"], "ability": "Lightning Rod", "evs": {"hp": 85, "atk": 85, "def": 85, "spa": 85, "spd": 85, "spe": 85}, "ivs": {"hp": 31, "atk": 31, "def": 31, "spa": 31, "spd": 31, "spe": 31}, "item": "Light Ball", "teraType": "Water", "role": "Fast Attacker", "bvs": {"hp": 35, "atk": 55, "def": 40, "spa": 50, "spd": 50, "spe": 90}, "stats": {"hp": 216, "atk": 155, "def": 127, "spa": 146, "spd": 146, "spe": 220}, "types": ["Electric"]}}, {"Scizor": {"name": "Scizor", "species": "Scizor", "speciesId": "scizor", "gender": "F", "shiny": false, "level": 79, "moves": ["bulletpunch", "uturn", "knockoff", "closecombat"], "ability": "Technician", "evs": {"hp": 85, "atk": 85, "def": 85, "spa": 85, "spd": 85, "spe": 85}, "ivs": {"hp": 31, "atk": 31, "def": 31, "spa": 31, "spd": 31, "spe": 31}, "item": "Choice Band", "teraType": "Steel", "role": "Wallbreaker", "bvs": {"hp": 70, "atk": 130, "def": 100, "spa": 55, "spd": 80, "spe": 65}, "stats": {"hp": 240, "atk": 251, "def": 204, "spa": 132, "spd": 172, "spe": 148}, "types": ["Bug", "Steel"]}, "Victreebel": {"name": "Victreebel", "species": "Victreebel", "speciesId": "victreebel", "gender": "M", "shiny": false, "level": 90, "moves": ["sludgewave", "knockoff", "strengthsap", "powerwhip"], "ability": "Chlorophyll", "evs": {"hp": 85, "atk": 85, "def": 85, "spa": 85, "spd": 85, "spe": 85}, "ivs": {"hp": 31, "atk": 31, "def": 31, "spa": 31, "spd": 31, "spe": 31}, "item": "Life Orb", "teraType": "Steel", "role": "Wallbreaker", "bvs": {"hp": 80, "atk": 105, "def": 65, "spa": 100, "spd": 70, "spe": 70}, "stats": {"hp": 290, "atk": 240, "def": 168, "spa": 231, "spd": 177, "spe": 177}, "types": ["Grass", "Poison"]}, "Rhydon": {"name": "Rhydon", "species": "Rhydon", "speciesId": "rhydon", "gender": "M", "shiny": false, "level": 85, "moves": ["earthquake", "stoneedge", "megahorn", "swordsdance"], "ability": "Lightning Rod", "evs": {"hp": 85, "atk": 85, "def": 85, "spa": 85, "spd": 85, "spe": 85}, "ivs": {"hp": 31, "atk": 31, "def": 31, "spa": 31, "spd": 31, "spe": 31}, "item": "Eviolite", "teraType": "Fairy", "role": "Bulky Attacker", "bvs": {"hp": 105, "atk": 130, "def": 120, "spa": 45, "spd": 45, "spe": 40}, "stats": {"hp": 317, "atk": 270, "def": 253, "spa": 125, "spd": 125, "spe": 117}, "types": ["Ground", "Rock"]}, "Noivern": {"name": "Noivern", "species": "Noivern", "speciesId": "noivern", "gender": "M", "shiny": false, "level": 82, "moves": ["hurricane", "dracometeor", "boomburst", "flamethrower"], "ability": "Infiltrator", "evs": {"hp": 85, "atk": 0, "def": 85, "spa": 85, "spd": 85, "spe": 85}, "ivs": {"hp": 31, "atk": 0, "def": 31, "spa": 31, "spd": 31, "spe": 31}, "item": "Choice Specs", "teraType": "Normal", "role": "Fast Attacker", "bvs": {"hp": 85, "atk": 70, "def": 80, "spa": 97, "spd": 80, "spe": 123}, "stats": {"hp": 274, "atk": 119, "def": 178, "spa": 206, "spd": 178, "spe": 249}, "types": ["Flying", "Dragon"]}, "Grumpig": {"name": "Grumpig", "species": "Grumpig", "speciesId": "grumpig", "gender": "M", "shiny": false, "level": 92, "moves": ["shadowball", "dazzlinggleam", "psychic", "nastyplot"], "ability": "Thick Fat", "evs": {"hp": 85, "atk": 0, "def": 85, "spa": 85, "spd": 85, "spe": 85}, "ivs": {"hp": 31, "atk": 0, "def": 31, "spa": 31, "spd": 31, "spe": 31}, "item": "Leftovers", "teraType": "Fairy", "role": "Bulky Setup", "bvs": {"hp": 80, "atk": 45, "def": 65, "spa": 90, "spd": 110, "spe": 80}, "stats": {"hp": 297, "atk": 87, "def": 172, "spa": 218, "spd": 255, "spe": 200}, "types": ["Psychic"]}, "Avalugg": {"name": "Avalugg", "species": "Avalugg", "speciesId": "avalugg", "gender": "M", "shiny": false, "level": 88, "moves": ["recover", "avalanche", "rapidspin", "bodypress"], "ability": "Sturdy", "evs": {"hp": 85, "atk": 85, "def": 85, "spa": 85, "spd": 85, "spe": 85}, "ivs": {"hp": 31, "atk": 31, "def": 31, "spa": 31, "spd": 31, "spe": 31}, "item": "Heavy-Duty Boots", "teraType": "Fighting", "role": "Bulky Support", "bvs": {"hp": 95, "atk": 117, "def": 184, "spa": 44, "spd": 46, "spe": 28}, "stats": {"hp": 310, "atk": 256, "def": 374, "spa": 128, "spd": 131, "spe": 100}, "types": ["Ice"]}}]}