{"id": "gen9randombattle-2632010961", "format": "[Gen 9] Random Battle", "players": ["LuxemBougie", "mouss"], "log": "|j|\u203dLuxemBougie\n|j|\u2606mouss\n|t:|1781465683\n|gametype|singles\n|player|p1|LuxemBougie|cynthia|1906\n|player|p2|mouss|marshal|1904\n|gen|9\n|tier|[Gen 9] Random Battle\n|rated|\n|rule|Species Clause: Limit one of each Pok\u00e9mon\n|rule|HP Percentage Mod: HP is shown in percentages\n|rule|Sleep Clause Mod: Limit one foe put to sleep\n|rule|Illusion Level Mod: Illusion disguises the Pok\u00e9mon's true level\n|\n|t:|1781465683\n|teamsize|p1|6\n|teamsize|p2|6\n|start\n|switch|p1a: Noivern|Noivern, L82, F|274/274\n|switch|p2a: Trevenant|Trevenant, L89, M|296/296\n|turn|1\n|\n|t:|1781465696\n|switch|p2a: Pachirisu|Pachirisu, L96, M|271/271\n|move|p1a: Noivern|Hurricane|p2a: Pachirisu\n|-resisted|p2a: Pachirisu\n|-damage|p2a: Pachirisu|205/271\n|-start|p2a: Pachirisu|confusion\n|\n|upkeep\n|turn|2\n|\n|t:|1781465703\n|switch|p1a: Komala|Komala, L88, M|258/258\n|-ability|p1a: Komala|Comatose\n|-activate|p2a: Pachirisu|confusion\n|move|p2a: Pachirisu|U-turn|p1a: Komala\n|-damage|p1a: Komala|216/258\n|\n|t:|1781465717\n|switch|p2a: Virizion|Virizion, L82|283/283|[from] U-turn\n|\n|upkeep\n|turn|3\n|\n|t:|1781465737\n|switch|p1a: Noivern|Noivern, L82, F|274/274\n|move|p2a: Virizion|Stone Edge|p1a: Noivern\n|-supereffective|p1a: Noivern\n|-damage|p1a: Noivern|95/274\n|-damage|p2a: Virizion|255/283|[from] item: Life Orb\n|\n|upkeep\n|turn|4\n|\n|t:|1781465745\n|switch|p2a: Pachirisu|Pachirisu, L96, M|205/271\n|move|p1a: Noivern|U-turn|p2a: Pachirisu\n|-damage|p2a: Pachirisu|165/271\n|\n|t:|1781465747\n|switch|p1a: Komala|Komala, L88, M|216/258|[from] U-turn\n|-ability|p1a: Komala|Comatose\n|\n|upkeep\n|turn|5\n|\n|t:|1781465755\n|move|p2a: Pachirisu|Super Fang|p1a: Komala\n|-damage|p1a: Komala|108/258\n|move|p1a: Komala|Body Slam|p2a: Pachirisu\n|-damage|p2a: Pachirisu|47/271\n|\n|upkeep\n|turn|6\n|\n|t:|1781465765\n|move|p2a: Pachirisu|U-turn|p1a: Komala\n|-damage|p1a: Komala|65/258\n|\n|t:|1781465768\n|switch|p2a: Trevenant|Trevenant, L89, M|296/296|[from] U-turn\n|move|p1a: Komala|Knock Off|p2a: Trevenant\n|-supereffective|p2a: Trevenant\n|-damage|p2a: Trevenant|128/296\n|-enditem|p2a: Trevenant|Sitrus Berry|[from] move: Knock Off|[of] p1a: Komala\n|\n|upkeep\n|turn|7\n|\n|t:|1781465776\n|move|p1a: Komala|Knock Off|p2a: Trevenant\n|-supereffective|p2a: Trevenant\n|-damage|p2a: Trevenant|0 fnt\n|faint|p2a: Trevenant\n|\n|upkeep\n|\n|t:|1781465786\n|switch|p2a: Pachirisu|Pachirisu, L96, M|47/271\n|turn|8\n|\n|t:|1781465790\n|move|p2a: Pachirisu|Discharge|p1a: Komala\n|-damage|p1a: Komala|23/258\n|move|p1a: Komala|Rapid Spin|p2a: Pachirisu\n|-damage|p2a: Pachirisu|0 fnt\n|-boost|p1a: Komala|spe|1\n|faint|p2a: Pachirisu\n|\n|upkeep\n|\n|t:|1781465802\n|switch|p2a: Umbreon|Umbreon, L84, M|297/297\n|turn|9\n|\n|t:|1781465805\n|move|p1a: Komala|Body Slam|p2a: Umbreon\n|-damage|p2a: Umbreon|197/297\n|move|p2a: Umbreon|Foul Play|p1a: Komala\n|-damage|p1a: Komala|0 fnt\n|faint|p1a: Komala\n|\n|-heal|p2a: Umbreon|215/297|[from] item: Leftovers\n|upkeep\n|\n|t:|1781465839\n|switch|p1a: Palkia|Palkia, L75|259/259\n|-ability|p1a: Palkia|Pressure\n|turn|10\n|\n|t:|1781465845\n|move|p2a: Umbreon|Protect|p2a: Umbreon\n|-singleturn|p2a: Umbreon|Protect\n|move|p1a: Palkia|Thunder Wave|p2a: Umbreon\n|-activate|p2a: Umbreon|move: Protect\n|\n|-heal|p2a: Umbreon|233/297|[from] item: Leftovers\n|upkeep\n|turn|11\n|\n|t:|1781465856\n|move|p1a: Palkia|Thunder Wave|p2a: Umbreon\n|-status|p2a: Umbreon|par\n|-activate|p2a: Umbreon|ability: Synchronize\n|-status|p1a: Palkia|par\n|move|p2a: Umbreon|Foul Play|p1a: Palkia\n|-damage|p1a: Palkia|168/259 par\n|\n|-heal|p2a: Umbreon|251/297 par|[from] item: Leftovers\n|upkeep\n|turn|12\n|\n|t:|1781465864\n|cant|p1a: Palkia|par\n|move|p2a: Umbreon|Foul Play|p1a: Palkia\n|-damage|p1a: Palkia|86/259 par\n|\n|-heal|p2a: Umbreon|269/297 par|[from] item: Leftovers\n|upkeep\n|turn|13\n|\n|t:|1781465867\n|move|p1a: Palkia|Spacial Rend|p2a: Umbreon\n|-damage|p2a: Umbreon|163/297 par\n|move|p2a: Umbreon|Foul Play|p1a: Palkia\n|-crit|p1a: Palkia\n|-damage|p1a: Palkia|0 fnt\n|faint|p1a: Palkia\n|\n|-heal|p2a: Umbreon|181/297 par|[from] item: Leftovers\n|upkeep\n|\n|t:|1781465870\n|switch|p1a: Sylveon|Sylveon, L85, M|300/300\n|turn|14\n|\n|t:|1781465873\n|move|p1a: Sylveon|Hyper Voice|p2a: Umbreon\n|-supereffective|p2a: Umbreon\n|-damage|p2a: Umbreon|0 fnt\n|faint|p2a: Umbreon\n|\n|upkeep\n|\n|t:|1781465887\n|switch|p2a: Iron Boulder|Iron Boulder, L77|265/265\n|turn|15\n|\n|t:|1781465898\n|switch|p1a: Noivern|Noivern, L82, F|95/274\n|move|p2a: Iron Boulder|Mighty Cleave|p1a: Noivern\n|-supereffective|p1a: Noivern\n|-damage|p1a: Noivern|0 fnt\n|faint|p1a: Noivern\n|-damage|p2a: Iron Boulder|239/265|[from] item: Life Orb\n|\n|upkeep\n|\n|t:|1781465909\n|switch|p1a: Bombirdier|Bombirdier, L85, F|258/258\n|turn|16\n|\n|t:|1781465920\n|-terastallize|p1a: Bombirdier|Rock\n|move|p2a: Iron Boulder|Mighty Cleave|p1a: Bombirdier\n|-damage|p1a: Bombirdier|116/258\n|-damage|p2a: Iron Boulder|213/265|[from] item: Life Orb\n|move|p1a: Bombirdier|Knock Off|p2a: Iron Boulder\n|-supereffective|p2a: Iron Boulder\n|-damage|p2a: Iron Boulder|0 fnt\n|-enditem|p2a: Iron Boulder|Life Orb|[from] move: Knock Off|[of] p1a: Bombirdier\n|faint|p2a: Iron Boulder\n|-end|p2a: Iron Boulder|Quark Drive|[silent]\n|\n|upkeep\n|\n|t:|1781465929\n|switch|p2a: Virizion|Virizion, L82|255/283\n|turn|17\n|\n|t:|1781465935\n|move|p2a: Virizion|Leaf Blade|p1a: Bombirdier\n|-supereffective|p1a: Bombirdier\n|-damage|p1a: Bombirdier|0 fnt\n|faint|p1a: Bombirdier\n|-damage|p2a: Virizion|227/283|[from] item: Life Orb\n|\n|upkeep\n|\n|t:|1781465938\n|switch|p1a: Pyroar|Pyroar, L88, F|295/295\n|-ability|p1a: Pyroar|Unnerve\n|turn|18\n|\n|t:|1781465944\n|move|p1a: Pyroar|Fire Blast|p2a: Virizion\n|-supereffective|p2a: Virizion\n|-damage|p2a: Virizion|27/283\n|move|p2a: Virizion|Close Combat|p1a: Pyroar\n|-supereffective|p1a: Pyroar\n|-damage|p1a: Pyroar|0 fnt\n|-unboost|p2a: Virizion|def|1\n|-unboost|p2a: Virizion|spd|1\n|faint|p1a: Pyroar\n|-damage|p2a: Virizion|0 fnt|[from] item: Life Orb\n|faint|p2a: Virizion\n|\n|upkeep\n|\n|t:|1781465950\n|switch|p1a: Sylveon|Sylveon, L85, M|300/300\n|switch|p2a: Blastoise|Blastoise, L80, M|258/258\n|turn|19\n|\n|t:|1781465954\n|move|p2a: Blastoise|Shell Smash|p2a: Blastoise\n|-unboost|p2a: Blastoise|def|1\n|-unboost|p2a: Blastoise|spd|1\n|-boost|p2a: Blastoise|atk|2\n|-boost|p2a: Blastoise|spa|2\n|-boost|p2a: Blastoise|spe|2\n|-enditem|p2a: Blastoise|White Herb\n|-clearnegativeboost|p2a: Blastoise|[silent]\n|move|p1a: Sylveon|Hyper Voice|p2a: Blastoise\n|-damage|p2a: Blastoise|137/258\n|\n|upkeep\n|turn|20\n|\n|t:|1781465963\n|move|p2a: Blastoise|Earthquake|p1a: Sylveon\n|-crit|p1a: Sylveon\n|-damage|p1a: Sylveon|87/300\n|move|p1a: Sylveon|Hyper Voice|p2a: Blastoise\n|-crit|p2a: Blastoise\n|-damage|p2a: Blastoise|0 fnt\n|faint|p2a: Blastoise\n|\n|win|LuxemBougie\n", "inputlog": ">version a8376a258c1d4662feba110a92103f3664a72141\n>start {\"formatid\":\"gen9randombattle\",\"seed\":\"sodium,57131ae77b49f5320f86686ecd6b29ae\",\"rated\":\"Rated battle\"}\n>player p1 {\"name\":\"LuxemBougie\",\"avatar\":\"cynthia\",\"rating\":1906,\"seed\":\"sodium,5db79f4a5304aee8a60d35b0f3efd83c\"}\n>player p2 {\"name\":\"mouss\",\"avatar\":\"marshal\",\"rating\":1904,\"seed\":\"sodium,10226b391cd7a8d01926f2d9905d42a2\"}\n>p1 move hurricane\n>p2 switch 5\n>p1 switch 3\n>p2 move uturn\n>p2 switch 6\n>p1 switch 3\n>p2 move stoneedge\n>p1 move uturn\n>p2 switch 6\n>p1 switch 3\n>p1 move bodyslam\n>p2 move superfang\n>p1 move knockoff\n>p2 move uturn\n>p2 switch 5\n>p1 move knockoff\n>p2 move drainpunch\n>p2 switch 5\n>p1 move rapidspin\n>p2 move discharge\n>p2 switch 3\n>p1 move bodyslam\n>p2 move foulplay\n>p1 switch 6\n>p1 move thunderwave\n>p2 move protect\n>p1 move thunderwave\n>p2 move foulplay\n>p1 move spacialrend\n>p2 move foulplay\n>p1 move spacialrend\n>p2 move foulplay\n>p1 switch 4\n>p1 move hypervoice\n>p2 move toxic\n>p2 switch 2\n>p1 switch 3\n>p2 move mightycleave\n>p1 switch 2\n>p1 move knockoff terastallize\n>p2 move mightycleave\n>p2 switch 6\n>p1 move knockoff\n>p2 move leafblade\n>p1 switch 5\n>p1 move fireblast\n>p2 move closecombat\n>p1 switch 3\n>p2 switch 4\n>p1 move hypervoice\n>p2 move shellsmash\n>p1 move hypervoice\n>p2 move earthquake", "uploadtime": 1781465685, "views": 8, "formatid": "gen9randombattle", "rating": null, "private": 0, "password": null, "player_dets": [{"name": "LuxemBougie", "avatar": "cynthia", "rating": 1906, "seed": "sodium,5db79f4a5304aee8a60d35b0f3efd83c"}, {"name": "mouss", "avatar": "marshal", "rating": 1904, "seed": "sodium,10226b391cd7a8d01926f2d9905d42a2"}], "teams_full": [{"Noivern": {"name": "Noivern", "species": "Noivern", "speciesId": "noivern", "gender": "F", "shiny": false, "level": 82, "moves": ["boomburst", "dracometeor", "uturn", "hurricane"], "ability": "Infiltrator", "evs": {"hp": 85, "atk": 85, "def": 85, "spa": 85, "spd": 85, "spe": 85}, "ivs": {"hp": 31, "atk": 31, "def": 31, "spa": 31, "spd": 31, "spe": 31}, "item": "Choice Specs", "teraType": "Normal", "role": "Fast Attacker", "bvs": {"hp": 85, "atk": 70, "def": 80, "spa": 97, "spd": 80, "spe": 123}, "stats": {"hp": 274, "atk": 162, "def": 178, "spa": 206, "spd": 178, "spe": 249}, "types": ["Flying", "Dragon"]}, "Bombirdier": {"name": "Bombirdier", "species": "Bombirdier", "speciesId": "bombirdier", "gender": "F", "shiny": false, "level": 85, "moves": ["suckerpunch", "stoneedge", "bravebird", "knockoff"], "ability": "Rocky Payload", "evs": {"hp": 85, "atk": 85, "def": 85, "spa": 85, "spd": 85, "spe": 85}, "ivs": {"hp": 31, "atk": 31, "def": 31, "spa": 31, "spd": 31, "spe": 31}, "item": "Choice Band", "teraType": "Rock", "role": "Fast Attacker", "bvs": {"hp": 70, "atk": 103, "def": 85, "spa": 60, "spd": 85, "spe": 82}, "stats": {"hp": 258, "atk": 224, "def": 193, "spa": 151, "spd": 193, "spe": 188}, "types": ["Flying", "Dark"]}, "Komala": {"name": "Komala", "species": "Komala", "speciesId": "komala", "gender": "M", "shiny": false, "level": 88, "moves": ["rapidspin", "earthquake", "knockoff", "bodyslam"], "ability": "Comatose", "evs": {"hp": 85, "atk": 85, "def": 85, "spa": 85, "spd": 85, "spe": 85}, "ivs": {"hp": 31, "atk": 31, "def": 31, "spa": 31, "spd": 31, "spe": 31}, "item": "Assault Vest", "teraType": "Ghost", "role": "Bulky Support", "bvs": {"hp": 65, "atk": 115, "def": 65, "spa": 75, "spd": 95, "spe": 65}, "stats": {"hp": 258, "atk": 253, "def": 165, "spa": 182, "spd": 217, "spe": 165}, "types": ["Normal"]}, "Sylveon": {"name": "Sylveon", "species": "Sylveon", "speciesId": "sylveon", "gender": "M", "shiny": false, "level": 85, "moves": ["wish", "protect", "hypervoice", "calmmind"], "ability": "Pixilate", "evs": {"hp": 85, "atk": 0, "def": 85, "spa": 85, "spd": 85, "spe": 85}, "ivs": {"hp": 31, "atk": 0, "def": 31, "spa": 31, "spd": 31, "spe": 31}, "item": "Leftovers", "teraType": "Steel", "role": "Bulky Setup", "bvs": {"hp": 95, "atk": 65, "def": 65, "spa": 110, "spd": 130, "spe": 60}, "stats": {"hp": 300, "atk": 115, "def": 159, "spa": 236, "spd": 270, "spe": 151}, "types": ["Fairy"]}, "Pyroar": {"name": "Pyroar", "species": "Pyroar", "speciesId": "pyroar", "gender": "F", "shiny": false, "level": 88, "moves": ["workup", "fireblast", "darkpulse", "hypervoice"], "ability": "Unnerve", "evs": {"hp": 85, "atk": 0, "def": 85, "spa": 85, "spd": 85, "spe": 85}, "ivs": {"hp": 31, "atk": 0, "def": 31, "spa": 31, "spd": 31, "spe": 31}, "item": "Heavy-Duty Boots", "teraType": "Fire", "role": "Fast Attacker", "bvs": {"hp": 86, "atk": 68, "def": 72, "spa": 109, "spd": 66, "spe": 106}, "stats": {"hp": 295, "atk": 124, "def": 177, "spa": 242, "spd": 166, "spe": 237}, "types": ["Fire", "Normal"]}, "Palkia": {"name": "Palkia", "species": "Palkia", "speciesId": "palkia", "gender": "N", "shiny": false, "level": 75, "moves": ["thunderwave", "fireblast", "hydropump", "spacialrend"], "ability": "Pressure", "evs": {"hp": 85, "atk": 0, "def": 85, "spa": 85, "spd": 85, "spe": 85}, "ivs": {"hp": 31, "atk": 0, "def": 31, "spa": 31, "spd": 31, "spe": 31}, "item": "Lustrous Orb", "teraType": "Dragon", "role": "Bulky Attacker", "bvs": {"hp": 90, "atk": 120, "def": 100, "spa": 150, "spd": 120, "spe": 100}, "stats": {"hp": 259, "atk": 185, "def": 194, "spa": 269, "spd": 224, "spe": 194}, "types": ["Water", "Dragon"]}}, {"Trevenant": {"name": "Trevenant", "species": "Trevenant", "speciesId": "trevenant", "gender": "M", "shiny": false, "level": 89, "moves": ["poltergeist", "toxic", "drainpunch", "protect"], "ability": "Harvest", "evs": {"hp": 85, "atk": 85, "def": 85, "spa": 85, "spd": 85, "spe": 85}, "ivs": {"hp": 31, "atk": 31, "def": 31, "spa": 31, "spd": 31, "spe": 31}, "item": "Sitrus Berry", "teraType": "Dark", "role": "Bulky Support", "bvs": {"hp": 85, "atk": 110, "def": 76, "spa": 65, "spd": 82, "spe": 56}, "stats": {"hp": 296, "atk": 247, "def": 186, "spa": 166, "spd": 197, "spe": 150}, "types": ["Ghost", "Grass"]}, "Iron Boulder": {"name": "Iron Boulder", "species": "Iron Boulder", "speciesId": "ironboulder", "gender": "N", "shiny": false, "level": 77, "moves": ["swordsdance", "closecombat", "mightycleave", "zenheadbutt"], "ability": "Quark Drive", "evs": {"hp": 85, "atk": 85, "def": 85, "spa": 85, "spd": 85, "spe": 85}, "ivs": {"hp": 31, "atk": 31, "def": 31, "spa": 31, "spd": 31, "spe": 31}, "item": "Life Orb", "teraType": "Fighting", "role": "Setup Sweeper", "bvs": {"hp": 90, "atk": 120, "def": 80, "spa": 68, "spd": 108, "spe": 124}, "stats": {"hp": 265, "atk": 229, "def": 168, "spa": 149, "spd": 211, "spe": 236}, "types": ["Rock", "Psychic"]}, "Umbreon": {"name": "Umbreon", "species": "Umbreon", "speciesId": "umbreon", "gender": "M", "shiny": false, "level": 84, "moves": ["toxic", "protect", "wish", "foulplay"], "ability": "Synchronize", "evs": {"hp": 85, "atk": 0, "def": 85, "spa": 85, "spd": 85, "spe": 85}, "ivs": {"hp": 31, "atk": 0, "def": 31, "spa": 31, "spd": 31, "spe": 31}, "item": "Leftovers", "teraType": "Poison", "role": "Bulky Support", "bvs": {"hp": 95, "atk": 65, "def": 110, "spa": 60, "spd": 130, "spe": 65}, "stats": {"hp": 297, "atk": 114, "def": 233, "spa": 149, "spd": 267, "spe": 157}, "types": ["Dark"]}, "Blastoise": {"name": "Blastoise", "species": "Blastoise", "speciesId": "blastoise", "gender": "M", "shiny": false, "level": 80, "moves": ["hydropump", "icebeam", "shellsmash", "earthquake"], "ability": "Torrent", "evs": {"hp": 85, "atk": 85, "def": 85, "spa": 85, "spd": 85, "spe": 85}, "ivs": {"hp": 31, "atk": 31, "def": 31, "spa": 31, "spd": 31, "spe": 31}, "item": "White Herb", "teraType": "Water", "role": "Setup Sweeper", "bvs": {"hp": 79, "atk": 83, "def": 100, "spa": 85, "spd": 105, "spe": 78}, "stats": {"hp": 258, "atk": 179, "def": 206, "spa": 182, "spd": 214, "spe": 171}, "types": ["Water"]}, "Pachirisu": {"name": "Pachirisu", "species": "Pachirisu", "speciesId": "pachirisu", "gender": "M", "shiny": false, "level": 96, "moves": ["discharge", "uturn", "superfang", "encore"], "ability": "Volt Absorb", "evs": {"hp": 85, "atk": 85, "def": 85, "spa": 85, "spd": 85, "spe": 85}, "ivs": {"hp": 31, "atk": 31, "def": 31, "spa": 31, "spd": 31, "spe": 31}, "item": "Heavy-Duty Boots", "teraType": "Flying", "role": "Fast Support", "bvs": {"hp": 60, "atk": 45, "def": 70, "spa": 45, "spd": 90, "spe": 95}, "stats": {"hp": 271, "atk": 141, "def": 189, "spa": 141, "spd": 227, "spe": 237}, "types": ["Electric"]}, "Virizion": {"name": "Virizion", "species": "Virizion", "speciesId": "virizion", "gender": "N", "shiny": false, "level": 82, "moves": ["closecombat", "stoneedge", "leafblade", "swordsdance"], "ability": "Justified", "evs": {"hp": 85, "atk": 85, "def": 85, "spa": 85, "spd": 85, "spe": 85}, "ivs": {"hp": 31, "atk": 31, "def": 31, "spa": 31, "spd": 31, "spe": 31}, "item": "Life Orb", "teraType": "Rock", "role": "Setup Sweeper", "bvs": {"hp": 91, "atk": 90, "def": 72, "spa": 90, "spd": 129, "spe": 108}, "stats": {"hp": 283, "atk": 195, "def": 165, "spa": 195, "spd": 259, "spe": 224}, "types": ["Grass", "Fighting"]}}]}