{"id": "gen9randombattle-2631979295", "format": "[Gen 9] Random Battle", "players": ["good call", "crctvh"], "log": "|j|\u2606good call\n|j|\u2606crctvh\n|t:|1781462207\n|gametype|singles\n|player|p1|good call|1|1900\n|player|p2|crctvh|102|1959\n|gen|9\n|tier|[Gen 9] Random Battle\n|rated|\n|rule|Species Clause: Limit one of each Pok\u00e9mon\n|rule|HP Percentage Mod: HP is shown in percentages\n|rule|Sleep Clause Mod: Limit one foe put to sleep\n|rule|Illusion Level Mod: Illusion disguises the Pok\u00e9mon's true level\n|\n|t:|1781462207\n|teamsize|p1|6\n|teamsize|p2|6\n|start\n|switch|p1a: Houndstone|Houndstone, L86, M|264/264\n|switch|p2a: Infernape|Infernape, L82, F|259/259\n|turn|1\n|inactive|Battle timer is ON: inactive players will automatically lose when time's up. (requested by crctvh)\n|\n|t:|1781462219\n|switch|p1a: Incineroar|Incineroar, L82, F|290/290\n|-ability|p1a: Incineroar|Intimidate|boost\n|-unboost|p2a: Infernape|atk|1\n|move|p2a: Infernape|Flare Blitz|p1a: Incineroar\n|-resisted|p1a: Incineroar\n|-damage|p1a: Incineroar|245/290\n|-damage|p2a: Infernape|244/259|[from] Recoil\n|\n|upkeep\n|turn|2\n|\n|t:|1781462239\n|switch|p2a: Persian|Persian-Alola, L86, M|252/252\n|move|p1a: Incineroar|Knock Off|p2a: Persian\n|-resisted|p2a: Persian\n|-damage|p2a: Persian|217/252\n|-enditem|p2a: Persian|Life Orb|[from] move: Knock Off|[of] p1a: Incineroar\n|\n|upkeep\n|turn|3\n|\n|t:|1781462252\n|move|p2a: Persian|Thunderbolt|p1a: Incineroar\n|-damage|p1a: Incineroar|189/290\n|move|p1a: Incineroar|Close Combat|p2a: Persian\n|-supereffective|p2a: Persian\n|-damage|p2a: Persian|99/252\n|-unboost|p1a: Incineroar|def|1\n|-unboost|p1a: Incineroar|spd|1\n|\n|upkeep\n|turn|4\n|\n|t:|1781462269\n|switch|p2a: Veluza|Veluza, L85, F|292/292\n|move|p1a: Incineroar|Close Combat|p2a: Veluza\n|-resisted|p2a: Veluza\n|-damage|p2a: Veluza|244/292\n|-unboost|p1a: Incineroar|def|1\n|-unboost|p1a: Incineroar|spd|1\n|\n|upkeep\n|turn|5\n|\n|t:|1781462278\n|switch|p1a: Dondozo|Dondozo, L78, M|362/362\n|move|p2a: Veluza|Flip Turn|p1a: Dondozo\n|-resisted|p1a: Dondozo\n|-crit|p1a: Dondozo\n|-damage|p1a: Dondozo|317/362\n|\n|t:|1781462290\n|switch|p2a: Meowscarada|Meowscarada, L78, F|247/247|[from] Flip Turn\n|\n|-heal|p1a: Dondozo|339/362|[from] item: Leftovers\n|upkeep\n|turn|6\n|\n|t:|1781462298\n|switch|p1a: Incineroar|Incineroar, L82, F|189/290\n|-ability|p1a: Incineroar|Intimidate|boost\n|-unboost|p2a: Meowscarada|atk|1\n|move|p2a: Meowscarada|Toxic Spikes|p1a: Incineroar\n|-start|p2a: Meowscarada|typechange|Poison|[from] ability: Protean\n|-sidestart|p1: good call|move: Toxic Spikes\n|\n|upkeep\n|turn|7\n|\n|t:|1781462307\n|switch|p2a: Persian|Persian-Alola, L86, M|99/252\n|move|p1a: Incineroar|Knock Off|p2a: Persian\n|-resisted|p2a: Persian\n|-damage|p2a: Persian|75/252\n|\n|upkeep\n|turn|8\n|\n|t:|1781462324\n|move|p2a: Persian|Thunderbolt|p1a: Incineroar\n|-damage|p1a: Incineroar|136/290\n|move|p1a: Incineroar|Close Combat|p2a: Persian\n|-supereffective|p2a: Persian\n|-damage|p2a: Persian|0 fnt\n|-unboost|p1a: Incineroar|def|1\n|-unboost|p1a: Incineroar|spd|1\n|faint|p2a: Persian\n|\n|upkeep\n|\n|t:|1781462329\n|switch|p2a: Veluza|Veluza, L85, F|244/292\n|turn|9\n|\n|t:|1781462339\n|switch|p1a: Dondozo|Dondozo, L78, M|339/362\n|-status|p1a: Dondozo|psn\n|move|p2a: Veluza|Flip Turn|p1a: Dondozo\n|-resisted|p1a: Dondozo\n|-damage|p1a: Dondozo|307/362 psn\n|\n|t:|1781462354\n|switch|p2a: Meowscarada|Meowscarada, L78, F|247/247|[from] Flip Turn\n|\n|-heal|p1a: Dondozo|329/362 psn|[from] item: Leftovers\n|-damage|p1a: Dondozo|284/362 psn|[from] psn\n|upkeep\n|turn|10\n|\n|t:|1781462359\n|switch|p1a: Incineroar|Incineroar, L82, F|136/290\n|-ability|p1a: Incineroar|Intimidate|boost\n|-unboost|p2a: Meowscarada|atk|1\n|move|p2a: Meowscarada|Toxic Spikes|p1a: Incineroar\n|-start|p2a: Meowscarada|typechange|Poison|[from] ability: Protean\n|-sidestart|p1: good call|move: Toxic Spikes\n|\n|upkeep\n|turn|11\n|\n|t:|1781462371\n|move|p2a: Meowscarada|Knock Off|p1a: Incineroar\n|-resisted|p1a: Incineroar\n|-damage|p1a: Incineroar|105/290\n|-enditem|p1a: Incineroar|Heavy-Duty Boots|[from] move: Knock Off|[of] p2a: Meowscarada\n|-damage|p2a: Meowscarada|223/247|[from] item: Life Orb\n|move|p1a: Incineroar|Parting Shot|p2a: Meowscarada\n|-unboost|p2a: Meowscarada|atk|1\n|-unboost|p2a: Meowscarada|spa|1\n|\n|t:|1781462378\n|switch|p1a: Dondozo|Dondozo, L78, M|284/362 psn|[from] Parting Shot\n|\n|-heal|p1a: Dondozo|306/362 psn|[from] item: Leftovers\n|-damage|p1a: Dondozo|261/362 psn|[from] psn\n|upkeep\n|turn|12\n|\n|t:|1781462384\n|move|p2a: Meowscarada|Flower Trick|p1a: Dondozo\n|-supereffective|p1a: Dondozo\n|-crit|p1a: Dondozo\n|-damage|p1a: Dondozo|100/362 psn\n|-damage|p2a: Meowscarada|199/247|[from] item: Life Orb\n|move|p1a: Dondozo|Curse|p1a: Dondozo\n|-unboost|p1a: Dondozo|spe|1\n|-boost|p1a: Dondozo|atk|1\n|-boost|p1a: Dondozo|def|1\n|\n|-heal|p1a: Dondozo|122/362 psn|[from] item: Leftovers\n|-damage|p1a: Dondozo|77/362 psn|[from] psn\n|upkeep\n|turn|13\n|\n|t:|1781462391\n|-terastallize|p1a: Dondozo|Fairy\n|move|p2a: Meowscarada|Flower Trick|p1a: Dondozo\n|-crit|p1a: Dondozo\n|-damage|p1a: Dondozo|0 fnt\n|faint|p1a: Dondozo\n|-damage|p2a: Meowscarada|175/247|[from] item: Life Orb\n|\n|upkeep\n|-message|good call forfeited.\n|\n|win|crctvh\n", "inputlog": ">version a8376a258c1d4662feba110a92103f3664a72141\n>start {\"formatid\":\"gen9randombattle\",\"seed\":\"sodium,aa371b0291250f359a44a6cc8c7843c2\",\"rated\":\"Rated battle\"}\n>player p1 {\"name\":\"good call\",\"avatar\":\"1\",\"rating\":1900,\"seed\":\"sodium,40a2427b958c77936b15006586520084\"}\n>player p2 {\"name\":\"crctvh\",\"avatar\":\"102\",\"rating\":1959,\"seed\":\"sodium,5065c1215f8750af5c0112555d895c74\"}\n>p1 switch 6\n>p2 move flareblitz\n>p1 move knockoff\n>p2 switch 2\n>p1 move closecombat\n>p2 move thunderbolt\n>p1 move closecombat\n>p2 switch 6\n>p1 switch 4\n>p2 move flipturn\n>p2 switch 3\n>p1 switch 4\n>p2 move toxicspikes\n>p1 move knockoff\n>p2 switch 6\n>p1 move closecombat\n>p2 move thunderbolt\n>p2 switch 3\n>p1 switch 4\n>p2 move flipturn\n>p2 switch 6\n>p1 switch 4\n>p2 move toxicspikes\n>p1 move partingshot\n>p2 move knockoff\n>p1 switch 4\n>p1 move curse\n>p2 move flowertrick\n>p1 move rest terastallize\n>p2 move flowertrick\n>forcelose p1", "uploadtime": 1781462211, "views": 5, "formatid": "gen9randombattle", "rating": null, "private": 0, "password": null, "player_dets": [{"name": "good call", "avatar": "1", "rating": 1900, "seed": "sodium,40a2427b958c77936b15006586520084"}, {"name": "crctvh", "avatar": "102", "rating": 1959, "seed": "sodium,5065c1215f8750af5c0112555d895c74"}], "teams_full": [{"Houndstone": {"name": "Houndstone", "species": "Houndstone", "speciesId": "houndstone", "gender": "M", "shiny": false, "level": 86, "moves": ["rest", "sleeptalk", "poltergeist", "bodypress"], "ability": "Fluffy", "evs": {"hp": 85, "atk": 85, "def": 85, "spa": 85, "spd": 85, "spe": 85}, "ivs": {"hp": 31, "atk": 31, "def": 31, "spa": 31, "spd": 31, "spe": 31}, "item": "Leftovers", "teraType": "Fighting", "role": "Bulky Support", "bvs": {"hp": 72, "atk": 101, "def": 100, "spa": 50, "spd": 97, "spe": 68}, "stats": {"hp": 264, "atk": 223, "def": 221, "spa": 135, "spd": 216, "spe": 166}}, "Kommo-o": {"name": "Kommo-o", "species": "Kommo-o", "speciesId": "kommoo", "gender": "M", "shiny": false, "level": 78, "moves": ["boomburst", "clangingscales", "drainpunch", "clangoroussoul"], "ability": "Soundproof", "evs": {"hp": 85, "atk": 85, "def": 85, "spa": 85, "spd": 85, "spe": 85}, "ivs": {"hp": 31, "atk": 31, "def": 31, "spa": 31, "spd": 31, "spe": 31}, "item": "Throat Spray", "teraType": "Normal", "role": "Fast Bulky Setup", "bvs": {"hp": 75, "atk": 110, "def": 125, "spa": 100, "spd": 105, "spe": 85}, "stats": {"hp": 245, "atk": 217, "def": 240, "spa": 201, "spd": 209, "spe": 178}}, "Plusle": {"name": "Plusle", "species": "Plusle", "speciesId": "plusle", "gender": "M", "shiny": false, "level": 95, "moves": ["grassknot", "alluringvoice", "thunderbolt", "nastyplot"], "ability": "Lightning Rod", "evs": {"hp": 85, "atk": 0, "def": 85, "spa": 85, "spd": 85, "spe": 85}, "ivs": {"hp": 31, "atk": 0, "def": 31, "spa": 31, "spd": 31, "spe": 31}, "item": "Life Orb", "teraType": "Electric", "role": "Setup Sweeper", "bvs": {"hp": 60, "atk": 50, "def": 40, "spa": 85, "spd": 75, "spe": 95}, "stats": {"hp": 268, "atk": 100, "def": 130, "spa": 215, "spd": 196, "spe": 234}}, "Dondozo": {"name": "Dondozo", "species": "Dondozo", "speciesId": "dondozo", "gender": "M", "shiny": false, "level": 78, "moves": ["curse", "rest", "wavecrash", "sleeptalk"], "ability": "Unaware", "evs": {"hp": 85, "atk": 85, "def": 85, "spa": 85, "spd": 85, "spe": 85}, "ivs": {"hp": 31, "atk": 31, "def": 31, "spa": 31, "spd": 31, "spe": 31}, "item": "Leftovers", "teraType": "Fairy", "role": "Bulky Setup", "bvs": {"hp": 150, "atk": 100, "def": 115, "spa": 65, "spd": 65, "spe": 35}, "stats": {"hp": 362, "atk": 201, "def": 224, "spa": 146, "spd": 146, "spe": 100}}, "Blastoise": {"name": "Blastoise", "species": "Blastoise", "speciesId": "blastoise", "gender": "F", "shiny": false, "level": 80, "moves": ["icebeam", "shellsmash", "hydropump", "terablast"], "ability": "Torrent", "evs": {"hp": 85, "atk": 0, "def": 85, "spa": 85, "spd": 85, "spe": 85}, "ivs": {"hp": 31, "atk": 0, "def": 31, "spa": 31, "spd": 31, "spe": 31}, "item": "White Herb", "teraType": "Grass", "role": "Tera Blast user", "bvs": {"hp": 79, "atk": 83, "def": 100, "spa": 85, "spd": 105, "spe": 78}, "stats": {"hp": 258, "atk": 137, "def": 206, "spa": 182, "spd": 214, "spe": 171}}, "Incineroar": {"name": "Incineroar", "species": "Incineroar", "speciesId": "incineroar", "gender": "F", "shiny": false, "level": 82, "moves": ["partingshot", "flareblitz", "knockoff", "closecombat"], "ability": "Intimidate", "evs": {"hp": 85, "atk": 85, "def": 85, "spa": 85, "spd": 85, "spe": 85}, "ivs": {"hp": 31, "atk": 31, "def": 31, "spa": 31, "spd": 31, "spe": 31}, "item": "Heavy-Duty Boots", "teraType": "Fighting", "role": "Fast Attacker", "bvs": {"hp": 95, "atk": 115, "def": 90, "spa": 80, "spd": 90, "spe": 60}, "stats": {"hp": 290, "atk": 236, "def": 195, "spa": 178, "spd": 195, "spe": 146}}}, {"Infernape": {"name": "Infernape", "species": "Infernape", "speciesId": "infernape", "gender": "F", "shiny": false, "level": 82, "moves": ["gunkshot", "flareblitz", "stoneedge", "closecombat"], "ability": "Blaze", "evs": {"hp": 85, "atk": 85, "def": 85, "spa": 85, "spd": 85, "spe": 85}, "ivs": {"hp": 31, "atk": 31, "def": 31, "spa": 31, "spd": 31, "spe": 31}, "item": "Choice Scarf", "teraType": "Fighting", "role": "Fast Support", "bvs": {"hp": 76, "atk": 104, "def": 71, "spa": 104, "spd": 71, "spe": 108}, "stats": {"hp": 259, "atk": 218, "def": 164, "spa": 218, "spd": 164, "spe": 224}}, "Persian": {"name": "Persian", "species": "Persian-Alola", "speciesId": "persianalola", "gender": "M", "shiny": false, "level": 86, "moves": ["darkpulse", "thunderbolt", "nastyplot", "terablast"], "ability": "Fur Coat", "evs": {"hp": 85, "atk": 0, "def": 85, "spa": 85, "spd": 85, "spe": 85}, "ivs": {"hp": 31, "atk": 0, "def": 31, "spa": 31, "spd": 31, "spe": 31}, "item": "Life Orb", "teraType": "Fairy", "role": "Tera Blast user", "bvs": {"hp": 65, "atk": 60, "def": 60, "spa": 75, "spd": 65, "spe": 115}, "stats": {"hp": 252, "atk": 108, "def": 152, "spa": 178, "spd": 161, "spe": 247}}, "Meowscarada": {"name": "Meowscarada", "species": "Meowscarada", "speciesId": "meowscarada", "gender": "F", "shiny": false, "level": 78, "moves": ["knockoff", "toxicspikes", "tripleaxel", "flowertrick"], "ability": "Protean", "evs": {"hp": 85, "atk": 85, "def": 85, "spa": 85, "spd": 85, "spe": 85}, "ivs": {"hp": 31, "atk": 31, "def": 31, "spa": 31, "spd": 31, "spe": 31}, "item": "Life Orb", "teraType": "Dark", "role": "Fast Support", "bvs": {"hp": 76, "atk": 110, "def": 70, "spa": 81, "spd": 70, "spe": 123}, "stats": {"hp": 247, "atk": 217, "def": 154, "spa": 171, "spd": 154, "spe": 237}}, "Regigigas": {"name": "Regigigas", "species": "Regigigas", "speciesId": "regigigas", "gender": "N", "shiny": false, "level": 84, "moves": ["knockoff", "bodyslam", "sleeptalk", "rest"], "ability": "Slow Start", "evs": {"hp": 85, "atk": 85, "def": 85, "spa": 85, "spd": 85, "spe": 85}, "ivs": {"hp": 31, "atk": 31, "def": 31, "spa": 31, "spd": 31, "spe": 31}, "item": "Leftovers", "teraType": "Ghost", "role": "Bulky Support", "bvs": {"hp": 110, "atk": 160, "def": 110, "spa": 80, "spd": 110, "spe": 100}, "stats": {"hp": 322, "atk": 317, "def": 233, "spa": 183, "spd": 233, "spe": 216}}, "Rayquaza": {"name": "Rayquaza", "species": "Rayquaza", "speciesId": "rayquaza", "gender": "N", "shiny": false, "level": 72, "moves": ["dragondance", "dragonascent", "outrage", "earthquake"], "ability": "Air Lock", "evs": {"hp": 85, "atk": 85, "def": 85, "spa": 85, "spd": 85, "spe": 85}, "ivs": {"hp": 31, "atk": 31, "def": 31, "spa": 31, "spd": 31, "spe": 31}, "item": "Heavy-Duty Boots", "teraType": "Flying", "role": "Setup Sweeper", "bvs": {"hp": 105, "atk": 150, "def": 90, "spa": 150, "spd": 90, "spe": 95}, "stats": {"hp": 270, "atk": 258, "def": 172, "spa": 258, "spd": 172, "spe": 179}}, "Veluza": {"name": "Veluza", "species": "Veluza", "speciesId": "veluza", "gender": "F", "shiny": false, "level": 85, "moves": ["psychocut", "aquacutter", "flipturn", "nightslash"], "ability": "Sharpness", "evs": {"hp": 85, "atk": 85, "def": 85, "spa": 85, "spd": 85, "spe": 85}, "ivs": {"hp": 31, "atk": 31, "def": 31, "spa": 31, "spd": 31, "spe": 31}, "item": "Choice Scarf", "teraType": "Dark", "role": "Fast Attacker", "bvs": {"hp": 90, "atk": 102, "def": 73, "spa": 78, "spd": 65, "spe": 70}, "stats": {"hp": 292, "atk": 222, "def": 173, "spa": 181, "spd": 159, "spe": 168}}}]}