{"id": "gen9randombattle-2631456701", "format": "[Gen 9] Random Battle", "players": ["Pokeoke", "grafitigreifer"], "log": "|j|\u2606Pokeoke\n|j|\u2606grafitigreifer\n|t:|1781386945\n|gametype|singles\n|player|p1|Pokeoke|101|2061\n|player|p2|grafitigreifer|hanbei-conquest|2023\n|gen|9\n|tier|[Gen 9] Random Battle\n|rated|\n|rule|Species Clause: Limit one of each Pok\u00e9mon\n|rule|HP Percentage Mod: HP is shown in percentages\n|rule|Sleep Clause Mod: Limit one foe put to sleep\n|rule|Illusion Level Mod: Illusion disguises the Pok\u00e9mon's true level\n|\n|t:|1781386945\n|teamsize|p1|6\n|teamsize|p2|6\n|start\n|switch|p1a: Arceus|Arceus-Fire, L72|291/291\n|switch|p2a: Ursaring|Ursaring, L84, F|288/288\n|turn|1\n|\n|t:|1781386954\n|switch|p1a: Misdreavus|Misdreavus, L90, F|254/254\n|move|p2a: Ursaring|Earthquake|p1a: Misdreavus\n|-immune|p1a: Misdreavus|[from] ability: Levitate\n|\n|upkeep\n|turn|2\n|\n|t:|1781386958\n|switch|p2a: Heatran|Heatran, L79, F|273/273\n|-item|p2a: Heatran|Air Balloon\n|move|p1a: Misdreavus|Calm Mind|p1a: Misdreavus\n|-boost|p1a: Misdreavus|spa|1\n|-boost|p1a: Misdreavus|spd|1\n|\n|upkeep\n|turn|3\n|\n|t:|1781386963\n|move|p1a: Misdreavus|Shadow Ball|p2a: Heatran\n|-damage|p2a: Heatran|153/273\n|-enditem|p2a: Heatran|Air Balloon\n|move|p2a: Heatran|Stealth Rock|p1a: Misdreavus\n|-sidestart|p1: Pokeoke|move: Stealth Rock\n|\n|upkeep\n|turn|4\n|\n|t:|1781386974\n|move|p1a: Misdreavus|Shadow Ball|p2a: Heatran\n|-damage|p2a: Heatran|41/273\n|move|p2a: Heatran|Magma Storm|p1a: Misdreavus|[miss]\n|-miss|p2a: Heatran|p1a: Misdreavus\n|\n|upkeep\n|turn|5\n|\n|t:|1781386977\n|move|p1a: Misdreavus|Shadow Ball|p2a: Heatran\n|-crit|p2a: Heatran\n|-damage|p2a: Heatran|0 fnt\n|faint|p2a: Heatran\n|\n|upkeep\n|\n|t:|1781386991\n|switch|p2a: Deoxys|Deoxys-Defense, L84|221/221\n|-ability|p2a: Deoxys|Pressure\n|turn|6\n|\n|t:|1781387000\n|switch|p1a: Mudsdale|Mudsdale, L83, M|302/302\n|-damage|p1a: Mudsdale|284/302|[from] Stealth Rock\n|move|p2a: Deoxys|Knock Off|p1a: Mudsdale\n|-damage|p1a: Mudsdale|235/302\n|-ability|p1a: Mudsdale|Stamina|boost\n|-boost|p1a: Mudsdale|def|1\n|-enditem|p1a: Mudsdale|Leftovers|[from] move: Knock Off|[of] p2a: Deoxys\n|\n|upkeep\n|turn|7\n|\n|t:|1781387006\n|switch|p2a: Spidops|Spidops, L96, F|271/271\n|move|p1a: Mudsdale|Stealth Rock|p2a: Spidops\n|-sidestart|p2: grafitigreifer|move: Stealth Rock\n|\n|upkeep\n|turn|8\n|\n|t:|1781387011\n|move|p2a: Spidops|Sticky Web|p1a: Mudsdale\n|-sidestart|p1: Pokeoke|move: Sticky Web\n|move|p1a: Mudsdale|Roar|p2a: Spidops\n|drag|p2a: Clawitzer|Clawitzer, L87, M|265/265\n|-damage|p2a: Clawitzer|232/265|[from] Stealth Rock\n|\n|upkeep\n|turn|9\n|\n|t:|1781387021\n|move|p2a: Clawitzer|Water Pulse|p1a: Mudsdale\n|-supereffective|p1a: Mudsdale\n|-damage|p1a: Mudsdale|0 fnt\n|faint|p1a: Mudsdale\n|\n|upkeep\n|\n|t:|1781387024\n|switch|p1a: Palkia|Palkia, L75|259/259\n|-damage|p1a: Palkia|227/259|[from] Stealth Rock\n|-activate|p1a: Palkia|move: Sticky Web\n|-unboost|p1a: Palkia|spe|1\n|-ability|p1a: Palkia|Pressure\n|turn|10\n|\n|t:|1781387037\n|switch|p2a: Spidops|Spidops, L96, F|271/271\n|move|p1a: Palkia|Spacial Rend|p2a: Spidops\n|-damage|p2a: Spidops|99/271\n|\n|upkeep\n|turn|11\n|\n|t:|1781387043\n|move|p1a: Palkia|Spacial Rend|p2a: Spidops\n|-damage|p2a: Spidops|0 fnt\n|faint|p2a: Spidops\n|\n|upkeep\n|\n|t:|1781387049\n|switch|p2a: Grumpig|Grumpig, L92, M|297/297\n|-damage|p2a: Grumpig|260/297|[from] Stealth Rock\n|turn|12\n|\n|t:|1781387059\n|move|p2a: Grumpig|Nasty Plot|p2a: Grumpig\n|-boost|p2a: Grumpig|spa|2\n|move|p1a: Palkia|Spacial Rend|p2a: Grumpig|[miss]\n|-miss|p1a: Palkia|p2a: Grumpig\n|\n|-heal|p2a: Grumpig|278/297|[from] item: Leftovers\n|upkeep\n|turn|13\n|\n|t:|1781387064\n|move|p2a: Grumpig|Psyshock|p1a: Palkia\n|-damage|p1a: Palkia|40/259\n|move|p1a: Palkia|Spacial Rend|p2a: Grumpig\n|-damage|p2a: Grumpig|131/297\n|\n|-heal|p2a: Grumpig|149/297|[from] item: Leftovers\n|upkeep\n|turn|14\n|\n|t:|1781387071\n|move|p2a: Grumpig|Psyshock|p1a: Palkia\n|-damage|p1a: Palkia|0 fnt\n|faint|p1a: Palkia\n|\n|-heal|p2a: Grumpig|167/297|[from] item: Leftovers\n|upkeep\n|\n|t:|1781387077\n|switch|p1a: Vivillon|Vivillon-Jungle, L83, F|268/268\n|turn|15\n|\n|t:|1781387080\n|move|p2a: Grumpig|Psyshock|p1a: Vivillon\n|-damage|p1a: Vivillon|0 fnt\n|faint|p1a: Vivillon\n|\n|-heal|p2a: Grumpig|185/297|[from] item: Leftovers\n|upkeep\n|\n|t:|1781387107\n|switch|p1a: Arbok|Arbok, L87, M|246/246\n|-damage|p1a: Arbok|216/246|[from] Stealth Rock\n|-activate|p1a: Arbok|move: Sticky Web\n|-unboost|p1a: Arbok|spe|1\n|-ability|p1a: Arbok|Intimidate|boost\n|-unboost|p2a: Grumpig|atk|1\n|turn|16\n|\n|t:|1781387124\n|move|p2a: Grumpig|Psyshock|p1a: Arbok\n|-supereffective|p1a: Arbok\n|-damage|p1a: Arbok|0 fnt\n|faint|p1a: Arbok\n|\n|-heal|p2a: Grumpig|203/297|[from] item: Leftovers\n|upkeep\n|-message|Pokeoke forfeited.\n|\n|win|grafitigreifer\n", "inputlog": ">version a8376a258c1d4662feba110a92103f3664a72141\n>start {\"formatid\":\"gen9randombattle\",\"seed\":\"sodium,57149bc964aec1d981941a778edcac60\",\"rated\":\"Rated battle\"}\n>player p1 {\"name\":\"Pokeoke\",\"avatar\":\"101\",\"rating\":2061,\"seed\":\"sodium,4bae3abb1850fba0fd824b35a5b6949d\"}\n>player p2 {\"name\":\"grafitigreifer\",\"avatar\":\"hanbei-conquest\",\"rating\":2023,\"seed\":\"sodium,f493a8fcd868800aa9b35f96c3a1d736\"}\n>p1 switch 5\n>p2 move earthquake\n>p1 move calmmind\n>p2 switch 4\n>p1 move shadowball\n>p2 move stealthrock\n>p1 move shadowball\n>p2 move magmastorm\n>p1 move shadowball\n>p2 move heavyslam\n>p2 switch 6\n>p1 switch 6\n>p2 move knockoff\n>p1 move stealthrock\n>p2 switch 3\n>p1 move roar\n>p2 move stickyweb\n>p1 move earthquake\n>p2 move waterpulse\n>p1 switch 4\n>p1 move spacialrend\n>p2 switch 2\n>p1 move spacialrend\n>p2 move toxicspikes\n>p2 switch 5\n>p1 move spacialrend\n>p2 move nastyplot\n>p1 move spacialrend\n>p2 move psyshock\n>p1 move spacialrend\n>p2 move psyshock\n>p1 switch 3\n>p1 move sleeppowder\n>p2 move psyshock\n>p1 switch 2\n>p1 move gunkshot\n>p2 move psyshock\n>forcelose p1", "uploadtime": 1781386948, "views": 6, "formatid": "gen9randombattle", "rating": null, "private": 0, "password": null}