{"id": "gen9randombattle-2631906564", "format": "[Gen 9] Random Battle", "players": ["srandomg", "flaviodssts"], "log": "|j|\u2606srandomg\n|j|\u2606flaviodssts\n|t:|1781454259\n|gametype|singles\n|player|p1|srandomg|burglar|1994\n|player|p2|flaviodssts|burglar|1974\n|gen|9\n|tier|[Gen 9] Random Battle\n|rated|\n|rule|Species Clause: Limit one of each Pok\u00e9mon\n|rule|HP Percentage Mod: HP is shown in percentages\n|rule|Sleep Clause Mod: Limit one foe put to sleep\n|rule|Illusion Level Mod: Illusion disguises the Pok\u00e9mon's true level\n|\n|t:|1781454259\n|teamsize|p1|6\n|teamsize|p2|6\n|start\n|switch|p1a: Meowscarada|Meowscarada, L78, F|247/247\n|switch|p2a: Lumineon|Lumineon, L93, M|279/279\n|turn|1\n|inactive|Battle timer is ON: inactive players will automatically lose when time's up. (requested by flaviodssts)\n|\n|t:|1781454273\n|switch|p2a: Flapple|Flapple, L88, F|266/266\n|move|p1a: Meowscarada|Knock Off|p2a: Flapple\n|-start|p1a: Meowscarada|typechange|Dark|[from] ability: Protean\n|-damage|p2a: Flapple|170/266\n|-enditem|p2a: Flapple|Wide Lens|[from] move: Knock Off|[of] p1a: Meowscarada\n|\n|upkeep\n|turn|2\n|\n|t:|1781454301\n|move|p1a: Meowscarada|Triple Axel|p2a: Flapple|[miss]\n|-miss|p1a: Meowscarada|p2a: Flapple\n|move|p2a: Flapple|Dragon Dance|p2a: Flapple\n|-boost|p2a: Flapple|atk|1\n|-boost|p2a: Flapple|spe|1\n|\n|upkeep\n|turn|3\n|\n|t:|1781454308\n|switch|p1a: Gogoat|Gogoat, L88, M|360/360\n|move|p2a: Flapple|Grav Apple|p1a: Gogoat\n|-ability|p1a: Gogoat|Sap Sipper|boost\n|-boost|p1a: Gogoat|atk|1\n|\n|upkeep\n|turn|4\n|\n|t:|1781454320\n|move|p2a: Flapple|Outrage|p1a: Gogoat\n|-damage|p1a: Gogoat|0 fnt\n|faint|p1a: Gogoat\n|\n|upkeep\n|\n|t:|1781454322\n|switch|p1a: Meowscarada|Meowscarada, L78, F|247/247\n|turn|5\n|\n|t:|1781454323\n|move|p2a: Flapple|Outrage|p1a: Meowscarada|[from] lockedmove\n|-enditem|p1a: Meowscarada|Focus Sash\n|-damage|p1a: Meowscarada|1/247\n|-start|p2a: Flapple|confusion|[fatigue]\n|move|p1a: Meowscarada|Triple Axel|p2a: Flapple\n|-start|p1a: Meowscarada|typechange|Ice|[from] ability: Protean\n|-supereffective|p2a: Flapple\n|-damage|p2a: Flapple|86/266\n|-supereffective|p2a: Flapple\n|-damage|p2a: Flapple|0 fnt\n|faint|p2a: Flapple\n|-hitcount|p2: Flapple|2\n|\n|upkeep\n|\n|t:|1781454339\n|switch|p2a: Spiritomb|Spiritomb, L89, M|234/234\n|turn|6\n|\n|t:|1781454350\n|switch|p1a: Infernape|Infernape, L82, M|259/259\n|move|p2a: Spiritomb|Sucker Punch||[still]\n|-fail|p2a: Spiritomb\n|\n|upkeep\n|turn|7\n|\n|t:|1781454354\n|move|p1a: Infernape|Knock Off|p2a: Spiritomb\n|-damage|p2a: Spiritomb|164/234\n|-enditem|p2a: Spiritomb|Leftovers|[from] move: Knock Off|[of] p1a: Infernape\n|-damage|p1a: Infernape|234/259|[from] item: Life Orb\n|move|p2a: Spiritomb|Poltergeist|p1a: Infernape\n|-activate|p1a: Infernape|move: Poltergeist|Life Orb\n|-damage|p1a: Infernape|87/259\n|\n|upkeep\n|turn|8\n|\n|t:|1781454364\n|move|p1a: Infernape|Overheat|p2a: Spiritomb\n|-damage|p2a: Spiritomb|28/234\n|-unboost|p1a: Infernape|spa|2\n|-damage|p1a: Infernape|62/259|[from] item: Life Orb\n|move|p2a: Spiritomb|Poltergeist|p1a: Infernape\n|-activate|p1a: Infernape|move: Poltergeist|Life Orb\n|-damage|p1a: Infernape|0 fnt\n|faint|p1a: Infernape\n|\n|upkeep\n|\n|t:|1781454370\n|switch|p1a: Beartic|Beartic, L91, F|321/321\n|turn|9\n|\n|t:|1781454382\n|switch|p2a: Empoleon|Empoleon, L84, F|278/278\n|move|p1a: Beartic|Snowscape|p1a: Beartic\n|-weather|Snowscape\n|\n|-weather|Snowscape|[upkeep]\n|upkeep\n|turn|10\n|\n|t:|1781454393\n|move|p1a: Beartic|Close Combat|p2a: Empoleon\n|-supereffective|p2a: Empoleon\n|-damage|p2a: Empoleon|46/278\n|-unboost|p1a: Beartic|def|1\n|-unboost|p1a: Beartic|spd|1\n|move|p2a: Empoleon|Surf|p1a: Beartic\n|-damage|p1a: Beartic|156/321\n|\n|-weather|Snowscape|[upkeep]\n|-heal|p2a: Empoleon|63/278|[from] item: Leftovers\n|upkeep\n|turn|11\n|\n|t:|1781454402\n|switch|p2a: Spiritomb|Spiritomb, L89, M|28/234\n|move|p1a: Beartic|Close Combat|p2a: Spiritomb\n|-immune|p2a: Spiritomb\n|\n|-weather|Snowscape|[upkeep]\n|upkeep\n|turn|12\n|\n|t:|1781454406\n|move|p2a: Spiritomb|Sucker Punch|p1a: Beartic\n|-damage|p1a: Beartic|81/321\n|move|p1a: Beartic|Icicle Crash|p2a: Spiritomb\n|-damage|p2a: Spiritomb|0 fnt\n|faint|p2a: Spiritomb\n|\n|-weather|Snowscape|[upkeep]\n|upkeep\n|\n|t:|1781454427\n|switch|p2a: Empoleon|Empoleon, L84, F|63/278\n|turn|13\n|\n|t:|1781454431\n|move|p1a: Beartic|Close Combat|p2a: Empoleon\n|-supereffective|p2a: Empoleon\n|-damage|p2a: Empoleon|0 fnt\n|-unboost|p1a: Beartic|def|1\n|-unboost|p1a: Beartic|spd|1\n|faint|p2a: Empoleon\n|\n|-weather|none\n|upkeep\n|\n|t:|1781454442\n|switch|p2a: Cinccino|Cinccino, L83, M|260/260\n|turn|14\n|\n|t:|1781454449\n|move|p2a: Cinccino|Bullet Seed|p1a: Beartic\n|-damage|p1a: Beartic|34/321\n|-damage|p1a: Beartic|0 fnt\n|faint|p1a: Beartic\n|-hitcount|p1: Beartic|2\n|\n|upkeep\n|\n|t:|1781454454\n|switch|p1a: Electivire|Electivire, L84, M|263/263\n|turn|15\n|\n|t:|1781454460\n|move|p2a: Cinccino|Tail Slap|p1a: Electivire\n|-damage|p1a: Electivire|220/263\n|-damage|p1a: Electivire|171/263\n|-damage|p1a: Electivire|120/263\n|-damage|p1a: Electivire|75/263\n|-hitcount|p1a: Electivire|4\n|move|p1a: Electivire|Supercell Slam|p2a: Cinccino\n|-damage|p2a: Cinccino|21/260\n|-damage|p1a: Electivire|49/263|[from] item: Life Orb\n|\n|upkeep\n|turn|16\n|\n|t:|1781454469\n|move|p2a: Cinccino|Bullet Seed|p1a: Electivire\n|-damage|p1a: Electivire|19/263\n|-damage|p1a: Electivire|0 fnt\n|faint|p1a: Electivire\n|-hitcount|p1: Electivire|2\n|\n|upkeep\n|\n|t:|1781454471\n|switch|p1a: Greninja|Greninja, L80, M|246/246\n|turn|17\n|\n|t:|1781454482\n|switch|p2a: Lumineon|Lumineon, L93, M|279/279\n|move|p1a: Greninja|Dark Pulse|p2a: Lumineon\n|-damage|p2a: Lumineon|172/279\n|-damage|p1a: Greninja|222/246|[from] item: Life Orb\n|\n|upkeep\n|turn|18\n|\n|t:|1781454488\n|move|p1a: Greninja|Dark Pulse|p2a: Lumineon\n|-damage|p2a: Lumineon|77/279\n|-damage|p1a: Greninja|198/246|[from] item: Life Orb\n|move|p2a: Lumineon|U-turn|p1a: Greninja\n|-supereffective|p1a: Greninja\n|-damage|p1a: Greninja|66/246\n|\n|t:|1781454493\n|switch|p2a: Serperior|Serperior, L79, F|248/248|[from] U-turn\n|\n|upkeep\n|turn|19\n|\n|t:|1781454500\n|-terastallize|p1a: Greninja|Poison\n|move|p1a: Greninja|Gunk Shot|p2a: Serperior\n|-supereffective|p2a: Serperior\n|-damage|p2a: Serperior|0 fnt\n|faint|p2a: Serperior\n|-ability|p1a: Greninja|Battle Bond|boost\n|-boost|p1a: Greninja|atk|1\n|-boost|p1a: Greninja|spa|1\n|-boost|p1a: Greninja|spe|1\n|-activate|p1a: Greninja|ability: Battle Bond\n|-damage|p1a: Greninja|42/246|[from] item: Life Orb\n|\n|upkeep\n|\n|t:|1781454510\n|switch|p2a: Lumineon|Lumineon, L93, M|77/279\n|turn|20\n|\n|t:|1781454514\n|move|p1a: Greninja|Dark Pulse|p2a: Lumineon\n|-damage|p2a: Lumineon|0 fnt\n|faint|p2a: Lumineon\n|-damage|p1a: Greninja|18/246|[from] item: Life Orb\n|\n|upkeep\n|\n|t:|1781454516\n|switch|p2a: Cinccino|Cinccino, L83, M|21/260\n|turn|21\n|\n|t:|1781454517\n|move|p1a: Greninja|Dark Pulse|p2a: Cinccino\n|-damage|p2a: Cinccino|0 fnt\n|faint|p2a: Cinccino\n|-damage|p1a: Greninja|0 fnt|[from] item: Life Orb\n|faint|p1a: Greninja\n|\n|win|srandomg\n", "inputlog": ">version a8376a258c1d4662feba110a92103f3664a72141\n>start {\"formatid\":\"gen9randombattle\",\"seed\":\"sodium,151d5c56aa411b4f60bea38501ab8f06\",\"rated\":\"Rated battle\"}\n>player p1 {\"name\":\"srandomg\",\"avatar\":\"burglar\",\"rating\":1994,\"seed\":\"sodium,e76e47284a875fa2413323339bd8af0a\"}\n>player p2 {\"name\":\"flaviodssts\",\"avatar\":\"burglar\",\"rating\":1974,\"seed\":\"sodium,226b9c0ddc2407e4ed54820530b639a6\"}\n>p1 move knockoff\n>p2 switch 3\n>p1 move tripleaxel\n>p2 move dragondance\n>p1 switch 4\n>p2 move gravapple\n>p1 move rockslide\n>p2 move outrage\n>p1 switch 4\n>p1 move tripleaxel\n>p2 move outrage\n>p2 switch 6\n>p1 switch 5\n>p2 move suckerpunch\n>p1 move knockoff\n>p2 move poltergeist\n>p1 move overheat\n>p2 move poltergeist\n>p1 switch 6\n>p1 move snowscape\n>p2 switch 2\n>p1 move closecombat\n>p2 move surf\n>p1 move closecombat\n>p2 switch 2\n>p1 move iciclecrash\n>p2 move suckerpunch\n>p2 switch 2\n>p1 move closecombat\n>p2 move surf\n>p2 switch 5\n>p1 move closecombat\n>p2 move bulletseed\n>p1 switch 2\n>p1 move supercellslam\n>p2 move tailslap\n>p1 move earthquake\n>p2 move bulletseed\n>p1 switch 3\n>p1 move darkpulse\n>p2 switch 3\n>p1 move darkpulse\n>p2 move uturn\n>p2 switch 4\n>p1 move gunkshot terastallize\n>p2 move leafstorm\n>p2 switch 4\n>p1 move darkpulse\n>p2 move icebeam\n>p2 switch 3\n>p1 move darkpulse\n>p2 move bulletseed", "uploadtime": 1781454262, "views": 4, "formatid": "gen9randombattle", "rating": null, "private": 0, "password": null, "player_dets": [{"name": "srandomg", "avatar": "burglar", "rating": 1994, "seed": "sodium,e76e47284a875fa2413323339bd8af0a"}, {"name": "flaviodssts", "avatar": "burglar", "rating": 1974, "seed": "sodium,226b9c0ddc2407e4ed54820530b639a6"}], "teams_full": [{"Meowscarada": {"name": "Meowscarada", "species": "Meowscarada", "speciesId": "meowscarada", "gender": "F", "shiny": false, "level": 78, "moves": ["tripleaxel", "flowertrick", "knockoff", "toxicspikes"], "ability": "Protean", "evs": {"hp": 85, "atk": 85, "def": 85, "spa": 85, "spd": 85, "spe": 85}, "ivs": {"hp": 31, "atk": 31, "def": 31, "spa": 31, "spd": 31, "spe": 31}, "item": "Focus Sash", "teraType": "Dark", "role": "Fast Support", "bvs": {"hp": 76, "atk": 110, "def": 70, "spa": 81, "spd": 70, "spe": 123}, "stats": {"hp": 247, "atk": 217, "def": 154, "spa": 171, "spd": 154, "spe": 237}}, "Electivire": {"name": "Electivire", "species": "Electivire", "speciesId": "electivire", "gender": "M", "shiny": false, "level": 84, "moves": ["earthquake", "bulkup", "supercellslam", "icepunch"], "ability": "Motor Drive", "evs": {"hp": 85, "atk": 85, "def": 85, "spa": 85, "spd": 85, "spe": 85}, "ivs": {"hp": 31, "atk": 31, "def": 31, "spa": 31, "spd": 31, "spe": 31}, "item": "Life Orb", "teraType": "Flying", "role": "Setup Sweeper", "bvs": {"hp": 75, "atk": 123, "def": 67, "spa": 95, "spd": 85, "spe": 95}, "stats": {"hp": 263, "atk": 255, "def": 161, "spa": 208, "spd": 191, "spe": 208}}, "Greninja": {"name": "Greninja", "species": "Greninja-Bond", "speciesId": "greninjabond", "gender": "M", "shiny": false, "level": 80, "moves": ["icebeam", "gunkshot", "hydropump", "darkpulse"], "ability": "Battle Bond", "evs": {"hp": 85, "atk": 85, "def": 85, "spa": 85, "spd": 85, "spe": 85}, "ivs": {"hp": 31, "atk": 31, "def": 31, "spa": 31, "spd": 31, "spe": 31}, "item": "Life Orb", "teraType": "Poison", "role": "Fast Attacker", "bvs": {"hp": 72, "atk": 95, "def": 67, "spa": 103, "spd": 71, "spe": 122}, "stats": {"hp": 246, "atk": 198, "def": 153, "spa": 211, "spd": 160, "spe": 241}}, "Gogoat": {"name": "Gogoat", "species": "Gogoat", "speciesId": "gogoat", "gender": "M", "shiny": false, "level": 88, "moves": ["bulkup", "milkdrink", "rockslide", "hornleech"], "ability": "Sap Sipper", "evs": {"hp": 85, "atk": 85, "def": 85, "spa": 85, "spd": 85, "spe": 85}, "ivs": {"hp": 31, "atk": 31, "def": 31, "spa": 31, "spd": 31, "spe": 31}, "item": "Leftovers", "teraType": "Water", "role": "Bulky Setup", "bvs": {"hp": 123, "atk": 100, "def": 62, "spa": 97, "spd": 81, "spe": 68}, "stats": {"hp": 360, "atk": 226, "def": 159, "spa": 221, "spd": 193, "spe": 170}}, "Infernape": {"name": "Infernape", "species": "Infernape", "speciesId": "infernape", "gender": "M", "shiny": false, "level": 82, "moves": ["knockoff", "stoneedge", "overheat", "closecombat"], "ability": "Blaze", "evs": {"hp": 85, "atk": 85, "def": 85, "spa": 85, "spd": 85, "spe": 85}, "ivs": {"hp": 31, "atk": 31, "def": 31, "spa": 31, "spd": 31, "spe": 31}, "item": "Life Orb", "teraType": "Dark", "role": "Fast Attacker", "bvs": {"hp": 76, "atk": 104, "def": 71, "spa": 104, "spd": 71, "spe": 108}, "stats": {"hp": 259, "atk": 218, "def": 164, "spa": 218, "spd": 164, "spe": 224}}, "Beartic": {"name": "Beartic", "species": "Beartic", "speciesId": "beartic", "gender": "F", "shiny": false, "level": 91, "moves": ["snowscape", "swordsdance", "iciclecrash", "closecombat"], "ability": "Slush Rush", "evs": {"hp": 85, "atk": 85, "def": 85, "spa": 85, "spd": 85, "spe": 85}, "ivs": {"hp": 31, "atk": 31, "def": 31, "spa": 31, "spd": 31, "spe": 31}, "item": "Heavy-Duty Boots", "teraType": "Fighting", "role": "Wallbreaker", "bvs": {"hp": 95, "atk": 130, "def": 80, "spa": 70, "spd": 80, "spe": 50}, "stats": {"hp": 321, "atk": 288, "def": 197, "spa": 179, "spd": 197, "spe": 143}}}, {"Lumineon": {"name": "Lumineon", "species": "Lumineon", "speciesId": "lumineon", "gender": "M", "shiny": false, "level": 93, "moves": ["encore", "hydropump", "icebeam", "uturn"], "ability": "Storm Drain", "evs": {"hp": 85, "atk": 85, "def": 85, "spa": 85, "spd": 85, "spe": 85}, "ivs": {"hp": 31, "atk": 31, "def": 31, "spa": 31, "spd": 31, "spe": 31}, "item": "Heavy-Duty Boots", "teraType": "Ground", "role": "Fast Support", "bvs": {"hp": 69, "atk": 69, "def": 76, "spa": 69, "spd": 86, "spe": 91}, "stats": {"hp": 279, "atk": 181, "def": 194, "spa": 181, "spd": 213, "spe": 222}}, "Empoleon": {"name": "Empoleon", "species": "Empoleon", "speciesId": "empoleon", "gender": "F", "shiny": false, "level": 84, "moves": ["icebeam", "roost", "roar", "surf"], "ability": "Competitive", "evs": {"hp": 85, "atk": 0, "def": 85, "spa": 85, "spd": 85, "spe": 85}, "ivs": {"hp": 31, "atk": 0, "def": 31, "spa": 31, "spd": 31, "spe": 31}, "item": "Leftovers", "teraType": "Flying", "role": "Bulky Support", "bvs": {"hp": 84, "atk": 86, "def": 88, "spa": 111, "spd": 101, "spe": 60}, "stats": {"hp": 278, "atk": 149, "def": 196, "spa": 235, "spd": 218, "spe": 149}}, "Flapple": {"name": "Flapple", "species": "Flapple", "speciesId": "flapple", "gender": "F", "shiny": false, "level": 88, "moves": ["suckerpunch", "outrage", "dragondance", "gravapple"], "ability": "Hustle", "evs": {"hp": 85, "atk": 85, "def": 85, "spa": 85, "spd": 85, "spe": 85}, "ivs": {"hp": 31, "atk": 31, "def": 31, "spa": 31, "spd": 31, "spe": 31}, "item": "Wide Lens", "teraType": "Steel", "role": "Fast Attacker", "bvs": {"hp": 70, "atk": 110, "def": 80, "spa": 95, "spd": 60, "spe": 70}, "stats": {"hp": 266, "atk": 244, "def": 191, "spa": 217, "spd": 156, "spe": 173}}, "Serperior": {"name": "Serperior", "species": "Serperior", "speciesId": "serperior", "gender": "F", "shiny": false, "level": 79, "moves": ["leechseed", "terablast", "leafstorm", "substitute"], "ability": "Contrary", "evs": {"hp": 85, "atk": 85, "def": 85, "spa": 85, "spd": 85, "spe": 85}, "ivs": {"hp": 31, "atk": 31, "def": 31, "spa": 31, "spd": 31, "spe": 31}, "item": "Leftovers", "teraType": "Rock", "role": "Tera Blast user", "bvs": {"hp": 75, "atk": 75, "def": 95, "spa": 75, "spd": 95, "spe": 113}, "stats": {"hp": 248, "atk": 164, "def": 196, "spa": 164, "spd": 196, "spe": 224}}, "Cinccino": {"name": "Cinccino", "species": "Cinccino", "speciesId": "cinccino", "gender": "M", "shiny": false, "level": 83, "moves": ["tailslap", "tripleaxel", "bulletseed", "tidyup"], "ability": "Technician", "evs": {"hp": 85, "atk": 85, "def": 85, "spa": 85, "spd": 85, "spe": 85}, "ivs": {"hp": 31, "atk": 31, "def": 31, "spa": 31, "spd": 31, "spe": 31}, "item": "Loaded Dice", "teraType": "Grass", "role": "Fast Attacker", "bvs": {"hp": 75, "atk": 95, "def": 60, "spa": 65, "spd": 60, "spe": 115}, "stats": {"hp": 260, "atk": 205, "def": 147, "spa": 156, "spd": 147, "spe": 239}}, "Spiritomb": {"name": "Spiritomb", "species": "Spiritomb", "speciesId": "spiritomb", "gender": "M", "shiny": false, "level": 89, "moves": ["foulplay", "suckerpunch", "poltergeist", "willowisp"], "ability": "Infiltrator", "evs": {"hp": 85, "atk": 85, "def": 85, "spa": 85, "spd": 85, "spe": 85}, "ivs": {"hp": 31, "atk": 31, "def": 31, "spa": 31, "spd": 31, "spe": 31}, "item": "Leftovers", "teraType": "Poison", "role": "Bulky Support", "bvs": {"hp": 50, "atk": 92, "def": 108, "spa": 92, "spd": 108, "spe": 35}, "stats": {"hp": 234, "atk": 215, "def": 243, "spa": 215, "spd": 243, "spe": 113}}}]}