{"id": "gen9randombattle-2631420366", "format": "[Gen 9] Random Battle", "players": ["Petilil37", "MasterSlash001"], "log": "|j|\u203dPetilil37\n|j|\u2606MasterSlash001\n|t:|1781382499\n|gametype|singles\n|player|p1|Petilil37|2|1976\n|player|p2|MasterSlash001|volkner|2049\n|gen|9\n|tier|[Gen 9] Random Battle\n|rated|\n|rule|Species Clause: Limit one of each Pok\u00e9mon\n|rule|HP Percentage Mod: HP is shown in percentages\n|rule|Sleep Clause Mod: Limit one foe put to sleep\n|rule|Illusion Level Mod: Illusion disguises the Pok\u00e9mon's true level\n|\n|t:|1781382499\n|teamsize|p1|6\n|teamsize|p2|6\n|start\n|switch|p1a: Infernape|Infernape, L82, M|259/259\n|switch|p2a: Electivire|Electivire, L84, F|263/263\n|turn|1\n|inactive|Battle timer is ON: inactive players will automatically lose when time's up. (requested by MasterSlash001)\n|\n|t:|1781382508\n|switch|p1a: Deoxys|Deoxys-Defense, L84|221/221\n|-ability|p1a: Deoxys|Pressure\n|move|p2a: Electivire|Earthquake|p1a: Deoxys\n|-damage|p1a: Deoxys|156/221\n|-damage|p2a: Electivire|237/263|[from] item: Life Orb\n|\n|-heal|p1a: Deoxys|169/221|[from] item: Leftovers\n|upkeep\n|turn|2\n|\n|t:|1781382519\n|switch|p2a: Mabosstiff|Mabosstiff, L86, F|278/278\n|move|p1a: Deoxys|Recover|p1a: Deoxys\n|-heal|p1a: Deoxys|221/221\n|\n|upkeep\n|turn|3\n|\n|t:|1781382525\n|-terastallize|p1a: Deoxys|Dark\n|move|p1a: Deoxys|Stealth Rock|p2a: Mabosstiff\n|-sidestart|p2: MasterSlash001|move: Stealth Rock\n|move|p2a: Mabosstiff|Crunch|p1a: Deoxys\n|-resisted|p1a: Deoxys\n|-damage|p1a: Deoxys|169/221\n|\n|-heal|p1a: Deoxys|182/221|[from] item: Leftovers\n|upkeep\n|turn|4\n|\n|t:|1781382536\n|switch|p2a: Komala|Komala, L88, M|258/258\n|-damage|p2a: Komala|226/258|[from] Stealth Rock\n|-ability|p2a: Komala|Comatose\n|move|p1a: Deoxys|Teleport|p1a: Deoxys\n|\n|t:|1781382538\n|switch|p1a: Infernape|Infernape, L82, M|259/259|[from] Teleport\n|\n|upkeep\n|turn|5\n|\n|t:|1781382544\n|-terastallize|p2a: Komala|Ghost\n|move|p1a: Infernape|Knock Off|p2a: Komala\n|-supereffective|p2a: Komala\n|-damage|p2a: Komala|13/258\n|-enditem|p2a: Komala|Assault Vest|[from] move: Knock Off|[of] p1a: Infernape\n|-damage|p1a: Infernape|234/259|[from] item: Life Orb\n|move|p2a: Komala|Rapid Spin|p1a: Infernape\n|-damage|p1a: Infernape|155/259\n|-boost|p2a: Komala|spe|1\n|-sideend|p2: MasterSlash001|Stealth Rock|[from] move: Rapid Spin|[of] p2a: Komala\n|\n|upkeep\n|turn|6\n|\n|t:|1781382558\n|switch|p1a: Bruxish|Bruxish, L85, M|254/254\n|move|p2a: Komala|Body Slam|p1a: Bruxish\n|-damage|p1a: Bruxish|110/254\n|-status|p1a: Bruxish|par\n|\n|upkeep\n|turn|7\n|\n|t:|1781382565\n|move|p2a: Komala|Knock Off|p1a: Bruxish\n|-supereffective|p1a: Bruxish\n|-damage|p1a: Bruxish|0 fnt\n|-enditem|p1a: Bruxish|Choice Scarf|[from] move: Knock Off|[of] p2a: Komala\n|faint|p1a: Bruxish\n|\n|upkeep\n|\n|t:|1781382568\n|switch|p1a: Regieleki|Regieleki, L79|256/256\n|turn|8\n|\n|t:|1781382573\n|switch|p1a: Deoxys|Deoxys-Defense, L84, tera:Dark|182/221\n|-ability|p1a: Deoxys|Pressure\n|switch|p2a: Electivire|Electivire, L84, F|237/263\n|\n|-heal|p1a: Deoxys|195/221|[from] item: Leftovers\n|upkeep\n|turn|9\n|\n|t:|1781382583\n|switch|p2a: Yanmega|Yanmega, L82, M|275/275\n|move|p1a: Deoxys|Stealth Rock|p2a: Yanmega\n|-sidestart|p2: MasterSlash001|move: Stealth Rock\n|\n|-heal|p1a: Deoxys|208/221|[from] item: Leftovers\n|upkeep\n|turn|10\n|\n|t:|1781382590\n|switch|p1a: Regieleki|Regieleki, L79|256/256\n|move|p2a: Yanmega|U-turn|p1a: Regieleki\n|-damage|p1a: Regieleki|160/256\n|\n|t:|1781382598\n|switch|p2a: Banette|Banette, L93, F|270/270|[from] U-turn\n|-damage|p2a: Banette|237/270|[from] Stealth Rock\n|\n|upkeep\n|turn|11\n|\n|t:|1781382609\n|move|p1a: Regieleki|Volt Switch|p2a: Banette\n|-damage|p2a: Banette|122/270\n|\n|t:|1781382611\n|switch|p1a: Deoxys|Deoxys-Defense, L84, tera:Dark|208/221|[from] Volt Switch\n|-ability|p1a: Deoxys|Pressure\n|move|p2a: Banette|Gunk Shot|p1a: Deoxys\n|-crit|p1a: Deoxys\n|-damage|p1a: Deoxys|64/221\n|-damage|p2a: Banette|95/270|[from] item: Life Orb\n|\n|-heal|p1a: Deoxys|77/221|[from] item: Leftovers\n|upkeep\n|turn|12\n|\n|t:|1781382621\n|move|p1a: Deoxys|Recover|p1a: Deoxys\n|-heal|p1a: Deoxys|188/221\n|move|p2a: Banette|Thunder Wave|p1a: Deoxys\n|-status|p1a: Deoxys|par\n|\n|-heal|p1a: Deoxys|201/221 par|[from] item: Leftovers\n|upkeep\n|turn|13\n|\n|t:|1781382628\n|move|p2a: Banette|Gunk Shot|p1a: Deoxys\n|-damage|p1a: Deoxys|113/221 par\n|-damage|p2a: Banette|68/270|[from] item: Life Orb\n|move|p1a: Deoxys|Psychic Noise|p2a: Banette\n|-damage|p2a: Banette|1/270\n|-start|p2a: Banette|move: Heal Block\n|\n|-heal|p1a: Deoxys|126/221 par|[from] item: Leftovers\n|upkeep\n|turn|14\n|\n|t:|1781382637\n|move|p2a: Banette|Gunk Shot|p1a: Deoxys\n|-damage|p1a: Deoxys|27/221 par\n|-damage|p2a: Banette|0 fnt|[from] item: Life Orb\n|faint|p2a: Banette\n|move|p1a: Deoxys|Recover|p1a: Deoxys\n|-heal|p1a: Deoxys|138/221 par\n|\n|-heal|p1a: Deoxys|151/221 par|[from] item: Leftovers\n|upkeep\n|\n|t:|1781382651\n|switch|p2a: Yanmega|Yanmega, L82, M|275/275\n|-damage|p2a: Yanmega|138/275|[from] Stealth Rock\n|turn|15\n|\n|t:|1781382657\n|switch|p1a: Infernape|Infernape, L82, M|155/259\n|move|p2a: Yanmega|Bug Buzz|p1a: Infernape\n|-resisted|p1a: Infernape\n|-damage|p1a: Infernape|63/259\n|\n|upkeep\n|turn|16\n|-message|MasterSlash001 forfeited.\n|\n|win|Petilil37\n", "inputlog": ">version a8376a258c1d4662feba110a92103f3664a72141\n>start {\"formatid\":\"gen9randombattle\",\"seed\":\"sodium,68104467521e005960d714531331a7ce\",\"rated\":\"Rated battle\"}\n>player p1 {\"name\":\"Petilil37\",\"avatar\":\"2\",\"rating\":1976,\"seed\":\"sodium,d1d72cb12fc0745a6bfeff0f10d9f001\"}\n>player p2 {\"name\":\"MasterSlash001\",\"avatar\":\"volkner\",\"rating\":2049,\"seed\":\"sodium,47105e38974103aec17db4ebc68e3e41\"}\n>p1 switch 3\n>p2 move earthquake\n>p1 move recover\n>p2 switch 6\n>p1 move stealthrock terastallize\n>p2 move crunch\n>p1 move teleport\n>p2 switch 2\n>p1 switch 3\n>p1 move knockoff\n>p2 move rapidspin terastallize\n>p1 switch 2\n>p2 move bodyslam\n>p1 move flipturn\n>p2 move knockoff\n>p1 switch 6\n>p1 switch 3\n>p2 switch 6\n>p1 move stealthrock\n>p2 switch 4\n>p1 switch 3\n>p2 move uturn\n>p2 switch 3\n>p1 move voltswitch\n>p2 move gunkshot\n>p1 switch 3\n>p1 move recover\n>p2 move thunderwave\n>p1 move psychicnoise\n>p2 move gunkshot\n>p1 move recover\n>p2 move gunkshot\n>p2 switch 3\n>p1 switch 2\n>p2 move bugbuzz\n>forcelose p2", "uploadtime": 1781382501, "views": 8, "formatid": "gen9randombattle", "rating": null, "private": 0, "password": null, "player_dets": [{"name": "Petilil37", "avatar": "2", "rating": 1976, "seed": "sodium,d1d72cb12fc0745a6bfeff0f10d9f001"}, {"name": "MasterSlash001", "avatar": "volkner", "rating": 2049, "seed": "sodium,47105e38974103aec17db4ebc68e3e41"}], "teams_full": [{"Infernape": {"name": "Infernape", "species": "Infernape", "speciesId": "infernape", "gender": "M", "shiny": false, "level": 82, "moves": ["swordsdance", "flareblitz", "knockoff", "closecombat"], "ability": "Blaze", "evs": {"hp": 85, "atk": 85, "def": 85, "spa": 85, "spd": 85, "spe": 85}, "ivs": {"hp": 31, "atk": 31, "def": 31, "spa": 31, "spd": 31, "spe": 31}, "item": "Life Orb", "teraType": "Fighting", "role": "Fast Support", "bvs": {"hp": 76, "atk": 104, "def": 71, "spa": 104, "spd": 71, "spe": 108}, "stats": {"hp": 259, "atk": 218, "def": 164, "spa": 218, "spd": 164, "spe": 224}, "types": ["Fire", "Fighting"]}, "Bruxish": {"name": "Bruxish", "species": "Bruxish", "speciesId": "bruxish", "gender": "M", "shiny": false, "level": 85, "moves": ["crunch", "flipturn", "psychicfangs", "wavecrash"], "ability": "Strong Jaw", "evs": {"hp": 85, "atk": 85, "def": 85, "spa": 85, "spd": 85, "spe": 85}, "ivs": {"hp": 31, "atk": 31, "def": 31, "spa": 31, "spd": 31, "spe": 31}, "item": "Choice Scarf", "teraType": "Psychic", "role": "Fast Attacker", "bvs": {"hp": 68, "atk": 105, "def": 70, "spa": 70, "spd": 70, "spe": 92}, "stats": {"hp": 254, "atk": 227, "def": 168, "spa": 168, "spd": 168, "spe": 205}, "types": ["Water", "Psychic"]}, "Deoxys": {"name": "Deoxys", "species": "Deoxys-Defense", "speciesId": "deoxysdefense", "gender": "N", "shiny": false, "level": 84, "moves": ["teleport", "psychicnoise", "recover", "stealthrock"], "ability": "Pressure", "evs": {"hp": 85, "atk": 0, "def": 85, "spa": 85, "spd": 85, "spe": 85}, "ivs": {"hp": 31, "atk": 0, "def": 31, "spa": 31, "spd": 31, "spe": 31}, "item": "Leftovers", "teraType": "Dark", "role": "Bulky Support", "bvs": {"hp": 50, "atk": 70, "def": 160, "spa": 70, "spd": 160, "spe": 90}, "stats": {"hp": 221, "atk": 122, "def": 317, "spa": 166, "spd": 317, "spe": 199}, "types": ["Psychic"]}, "Sunflora": {"name": "Sunflora", "species": "Sunflora", "speciesId": "sunflora", "gender": "F", "shiny": false, "level": 100, "moves": ["weatherball", "earthpower", "sunnyday", "solarbeam"], "ability": "Chlorophyll", "evs": {"hp": 85, "atk": 0, "def": 85, "spa": 85, "spd": 85, "spe": 85}, "ivs": {"hp": 31, "atk": 0, "def": 31, "spa": 31, "spd": 31, "spe": 31}, "item": "Life Orb", "teraType": "Fire", "role": "Setup Sweeper", "bvs": {"hp": 75, "atk": 75, "def": 55, "spa": 105, "spd": 85, "spe": 30}, "stats": {"hp": 312, "atk": 155, "def": 167, "spa": 267, "spd": 227, "spe": 117}, "types": ["Grass"]}, "Zebstrika": {"name": "Zebstrika", "species": "Zebstrika", "speciesId": "zebstrika", "gender": "M", "shiny": false, "level": 87, "moves": ["overheat", "supercellslam", "voltswitch", "highhorsepower"], "ability": "Sap Sipper", "evs": {"hp": 85, "atk": 85, "def": 85, "spa": 85, "spd": 85, "spe": 85}, "ivs": {"hp": 31, "atk": 31, "def": 31, "spa": 31, "spd": 31, "spe": 31}, "item": "Life Orb", "teraType": "Ground", "role": "Fast Attacker", "bvs": {"hp": 75, "atk": 100, "def": 63, "spa": 80, "spd": 63, "spe": 116}, "stats": {"hp": 272, "atk": 224, "def": 159, "spa": 189, "spd": 159, "spe": 252}, "types": ["Electric"]}, "Regieleki": {"name": "Regieleki", "species": "Regieleki", "speciesId": "regieleki", "gender": "N", "shiny": false, "level": 79, "moves": ["terablast", "rapidspin", "thunderbolt", "voltswitch"], "ability": "Transistor", "evs": {"hp": 85, "atk": 85, "def": 85, "spa": 85, "spd": 85, "spe": 85}, "ivs": {"hp": 31, "atk": 31, "def": 31, "spa": 31, "spd": 31, "spe": 31}, "item": "Magnet", "teraType": "Ice", "role": "Tera Blast user", "bvs": {"hp": 80, "atk": 100, "def": 50, "spa": 100, "spd": 50, "spe": 200}, "stats": {"hp": 256, "atk": 204, "def": 125, "spa": 204, "spd": 125, "spe": 362}, "types": ["Electric"]}}, {"Electivire": {"name": "Electivire", "species": "Electivire", "speciesId": "electivire", "gender": "F", "shiny": false, "level": 84, "moves": ["earthquake", "bulkup", "supercellslam", "icepunch"], "ability": "Motor Drive", "evs": {"hp": 85, "atk": 85, "def": 85, "spa": 85, "spd": 85, "spe": 85}, "ivs": {"hp": 31, "atk": 31, "def": 31, "spa": 31, "spd": 31, "spe": 31}, "item": "Life Orb", "teraType": "Ground", "role": "Setup Sweeper", "bvs": {"hp": 75, "atk": 123, "def": 67, "spa": 95, "spd": 85, "spe": 95}, "stats": {"hp": 263, "atk": 255, "def": 161, "spa": 208, "spd": 191, "spe": 208}, "types": ["Electric"]}, "Komala": {"name": "Komala", "species": "Komala", "speciesId": "komala", "gender": "M", "shiny": false, "level": 88, "moves": ["bodyslam", "uturn", "knockoff", "rapidspin"], "ability": "Comatose", "evs": {"hp": 85, "atk": 85, "def": 85, "spa": 85, "spd": 85, "spe": 85}, "ivs": {"hp": 31, "atk": 31, "def": 31, "spa": 31, "spd": 31, "spe": 31}, "item": "Assault Vest", "teraType": "Ghost", "role": "Bulky Support", "bvs": {"hp": 65, "atk": 115, "def": 65, "spa": 75, "spd": 95, "spe": 65}, "stats": {"hp": 258, "atk": 253, "def": 165, "spa": 182, "spd": 217, "spe": 165}, "types": ["Normal"]}, "Banette": {"name": "Banette", "species": "Banette", "speciesId": "banette", "gender": "F", "shiny": false, "level": 93, "moves": ["poltergeist", "thunderwave", "gunkshot", "shadowsneak"], "ability": "Cursed Body", "evs": {"hp": 85, "atk": 85, "def": 85, "spa": 85, "spd": 85, "spe": 85}, "ivs": {"hp": 31, "atk": 31, "def": 31, "spa": 31, "spd": 31, "spe": 31}, "item": "Life Orb", "teraType": "Poison", "role": "Wallbreaker", "bvs": {"hp": 64, "atk": 115, "def": 65, "spa": 83, "spd": 63, "spe": 65}, "stats": {"hp": 270, "atk": 267, "def": 174, "spa": 207, "spd": 170, "spe": 174}, "types": ["Ghost"]}, "Yanmega": {"name": "Yanmega", "species": "Yanmega", "speciesId": "yanmega", "gender": "M", "shiny": false, "level": 82, "moves": ["bugbuzz", "gigadrain", "uturn", "airslash"], "ability": "Tinted Lens", "evs": {"hp": 85, "atk": 85, "def": 85, "spa": 85, "spd": 85, "spe": 85}, "ivs": {"hp": 31, "atk": 31, "def": 31, "spa": 31, "spd": 31, "spe": 31}, "item": "Choice Specs", "teraType": "Bug", "role": "Wallbreaker", "bvs": {"hp": 86, "atk": 76, "def": 86, "spa": 116, "spd": 56, "spe": 95}, "stats": {"hp": 275, "atk": 172, "def": 188, "spa": 237, "spd": 139, "spe": 203}, "types": ["Bug", "Flying"]}, "Iron Jugulis": {"name": "Iron Jugulis", "species": "Iron Jugulis", "speciesId": "ironjugulis", "gender": "N", "shiny": false, "level": 77, "moves": ["hurricane", "earthpower", "darkpulse", "uturn"], "ability": "Quark Drive", "evs": {"hp": 85, "atk": 85, "def": 85, "spa": 85, "spd": 85, "spe": 85}, "ivs": {"hp": 31, "atk": 31, "def": 31, "spa": 31, "spd": 31, "spe": 31}, "item": "Choice Specs", "teraType": "Ground", "role": "Wallbreaker", "bvs": {"hp": 94, "atk": 80, "def": 86, "spa": 122, "spd": 80, "spe": 108}, "stats": {"hp": 271, "atk": 168, "def": 177, "spa": 232, "spd": 168, "spe": 211}, "types": ["Dark", "Flying"]}, "Mabosstiff": {"name": "Mabosstiff", "species": "Mabosstiff", "speciesId": "mabosstiff", "gender": "F", "shiny": false, "level": 86, "moves": ["crunch", "playrough", "psychicfangs", "wildcharge"], "ability": "Stakeout", "evs": {"hp": 85, "atk": 85, "def": 85, "spa": 85, "spd": 85, "spe": 85}, "ivs": {"hp": 31, "atk": 31, "def": 31, "spa": 31, "spd": 31, "spe": 31}, "item": "Choice Band", "teraType": "Dark", "role": "Bulky Attacker", "bvs": {"hp": 80, "atk": 120, "def": 90, "spa": 60, "spd": 70, "spe": 85}, "stats": {"hp": 278, "atk": 256, "def": 204, "spa": 152, "spd": 170, "spe": 195}, "types": ["Dark"]}}]}