{"id": "gen9randombattle-2631862040", "format": "[Gen 9] Random Battle", "players": ["chichi732", "moritzvb"], "log": "|j|\u2606chichi732\n|j|\u2606moritzvb\n|t:|1781449357\n|gametype|singles\n|player|p1|chichi732|169|2109\n|player|p2|moritzvb|roark|2067\n|gen|9\n|tier|[Gen 9] Random Battle\n|rated|\n|rule|Species Clause: Limit one of each Pok\u00e9mon\n|rule|HP Percentage Mod: HP is shown in percentages\n|rule|Sleep Clause Mod: Limit one foe put to sleep\n|rule|Illusion Level Mod: Illusion disguises the Pok\u00e9mon's true level\n|\n|t:|1781449357\n|teamsize|p1|6\n|teamsize|p2|6\n|start\n|switch|p1a: Vivillon|Vivillon-Savanna, L83, F|268/268\n|switch|p2a: Lumineon|Lumineon, L93, M|279/279\n|turn|1\n|\n|t:|1781449380\n|move|p2a: Lumineon|Ice Beam|p1a: Vivillon\n|-supereffective|p1a: Vivillon\n|-damage|p1a: Vivillon|42/268\n|-damage|p2a: Lumineon|252/279|[from] item: Life Orb\n|move|p1a: Vivillon|Quiver Dance|p1a: Vivillon\n|-boost|p1a: Vivillon|spa|1\n|-boost|p1a: Vivillon|spd|1\n|-boost|p1a: Vivillon|spe|1\n|\n|upkeep\n|turn|2\n|\n|t:|1781449398\n|move|p1a: Vivillon|Sleep Powder|p2a: Lumineon\n|-status|p2a: Lumineon|slp|[from] move: Sleep Powder\n|cant|p2a: Lumineon|slp\n|\n|upkeep\n|turn|3\n|\n|t:|1781449411\n|switch|p2a: Articuno|Articuno, L86|295/295\n|-ability|p2a: Articuno|Pressure\n|move|p1a: Vivillon|Hurricane|p2a: Articuno\n|-damage|p2a: Articuno|175/295\n|\n|upkeep\n|turn|4\n|\n|t:|1781449417\n|move|p1a: Vivillon|Hurricane|p2a: Articuno\n|-damage|p2a: Articuno|52/295\n|-start|p2a: Articuno|confusion\n|-activate|p2a: Articuno|confusion\n|move|p2a: Articuno|Freeze-Dry|p1a: Vivillon\n|-supereffective|p1a: Vivillon\n|-damage|p1a: Vivillon|0 fnt\n|faint|p1a: Vivillon\n|\n|upkeep\n|\n|t:|1781449426\n|switch|p1a: Eternatus|Eternatus, L69|308/308\n|-ability|p1a: Eternatus|Pressure\n|turn|5\n|\n|t:|1781449443\n|move|p1a: Eternatus|Meteor Beam||[still]\n|-prepare|p1a: Eternatus|Meteor Beam\n|-boost|p1a: Eternatus|spa|1\n|-enditem|p1a: Eternatus|Power Herb\n|-anim|p1a: Eternatus|Meteor Beam|p2a: Articuno\n|-supereffective|p2a: Articuno\n|-damage|p2a: Articuno|0 fnt\n|faint|p2a: Articuno\n|\n|upkeep\n|\n|t:|1781449459\n|switch|p2a: Samurott|Samurott-Hisui, L77, M|265/265\n|turn|6\n|\n|t:|1781449471\n|move|p2a: Samurott|Ceaseless Edge|p1a: Eternatus\n|-damage|p1a: Eternatus|202/308\n|-sidestart|p1: chichi732|Spikes\n|move|p1a: Eternatus|Dynamax Cannon|p2a: Samurott\n|-crit|p2a: Samurott\n|-damage|p2a: Samurott|0 fnt\n|faint|p2a: Samurott\n|\n|upkeep\n|\n|t:|1781449475\n|switch|p2a: Great Tusk|Great Tusk, L77|304/304\n|turn|7\n|\n|t:|1781449483\n|move|p1a: Eternatus|Dynamax Cannon|p2a: Great Tusk\n|-damage|p2a: Great Tusk|72/304\n|move|p2a: Great Tusk|Rapid Spin|p1a: Eternatus\n|-damage|p1a: Eternatus|159/308\n|-boost|p2a: Great Tusk|spe|1\n|\n|-heal|p2a: Great Tusk|91/304|[from] item: Leftovers\n|upkeep\n|turn|8\n|\n|t:|1781449494\n|move|p2a: Great Tusk|Earthquake|p1a: Eternatus\n|-supereffective|p1a: Eternatus\n|-damage|p1a: Eternatus|0 fnt\n|faint|p1a: Eternatus\n|\n|-heal|p2a: Great Tusk|110/304|[from] item: Leftovers\n|upkeep\n|\n|t:|1781449496\n|switch|p1a: Virizion|Virizion, L82|283/283\n|-damage|p1a: Virizion|248/283|[from] Spikes\n|turn|9\n|inactive|Battle timer is ON: inactive players will automatically lose when time's up. (requested by chichi732)\n|\n|t:|1781449516\n|-terastallize|p2a: Great Tusk|Steel\n|move|p2a: Great Tusk|Bulk Up|p2a: Great Tusk\n|-boost|p2a: Great Tusk|atk|1\n|-boost|p2a: Great Tusk|def|1\n|move|p1a: Virizion|Leaf Blade|p2a: Great Tusk\n|-resisted|p2a: Great Tusk\n|-damage|p2a: Great Tusk|80/304\n|-damage|p1a: Virizion|220/283|[from] item: Life Orb\n|\n|-heal|p2a: Great Tusk|99/304|[from] item: Leftovers\n|upkeep\n|turn|10\n|\n|t:|1781449529\n|move|p2a: Great Tusk|Close Combat|p1a: Virizion\n|-crit|p1a: Virizion\n|-damage|p1a: Virizion|0 fnt\n|-unboost|p2a: Great Tusk|def|1\n|-unboost|p2a: Great Tusk|spd|1\n|faint|p1a: Virizion\n|\n|-heal|p2a: Great Tusk|118/304|[from] item: Leftovers\n|upkeep\n|\n|t:|1781449534\n|switch|p1a: Oranguru|Oranguru, L92, M|315/315\n|-damage|p1a: Oranguru|276/315|[from] Spikes\n|turn|11\n|\n|t:|1781449540\n|move|p2a: Great Tusk|Earthquake|p1a: Oranguru\n|-damage|p1a: Oranguru|120/315\n|move|p1a: Oranguru|Hyper Voice|p2a: Great Tusk\n|-resisted|p2a: Great Tusk\n|-damage|p2a: Great Tusk|0 fnt\n|faint|p2a: Great Tusk\n|-end|p2a: Great Tusk|Protosynthesis|[silent]\n|\n|upkeep\n|\n|t:|1781449549\n|switch|p2a: Iron Valiant|Iron Valiant, L78|244/244\n|turn|12\n|\n|t:|1781449568\n|move|p2a: Iron Valiant|Knock Off|p1a: Oranguru\n|-supereffective|p1a: Oranguru\n|-damage|p1a: Oranguru|0 fnt\n|-enditem|p1a: Oranguru|Choice Specs|[from] move: Knock Off|[of] p2a: Iron Valiant\n|faint|p1a: Oranguru\n|-damage|p2a: Iron Valiant|220/244|[from] item: Life Orb\n|\n|upkeep\n|\n|t:|1781449582\n|switch|p1a: Rotom|Rotom-Frost, L87|229/229\n|turn|13\n|\n|t:|1781449591\n|-end|p2a: Iron Valiant|Quark Drive|[silent]\n|switch|p2a: Lumineon|Lumineon, L93, M|252/279 slp\n|-terastallize|p1a: Rotom|Electric\n|move|p1a: Rotom|Thunderbolt|p2a: Lumineon\n|-supereffective|p2a: Lumineon\n|-damage|p2a: Lumineon|0 fnt\n|faint|p2a: Lumineon\n|\n|upkeep\n|\n|t:|1781449596\n|switch|p2a: Glaceon|Glaceon, L94, M|275/275\n|turn|14\n|\n|t:|1781449603\n|switch|p1a: Walking Wake|Walking Wake, L79|286/286\n|-damage|p1a: Walking Wake|251/286|[from] Spikes\n|move|p2a: Glaceon|Calm Mind|p2a: Glaceon\n|-boost|p2a: Glaceon|spa|1\n|-boost|p2a: Glaceon|spd|1\n|\n|upkeep\n|turn|15\n|\n|t:|1781449608\n|move|p1a: Walking Wake|Flamethrower|p2a: Glaceon\n|-supereffective|p2a: Glaceon\n|-crit|p2a: Glaceon\n|-damage|p2a: Glaceon|57/275\n|-damage|p1a: Walking Wake|223/286|[from] item: Life Orb\n|move|p2a: Glaceon|Freeze-Dry|p1a: Walking Wake\n|-supereffective|p1a: Walking Wake\n|-damage|p1a: Walking Wake|0 fnt\n|faint|p1a: Walking Wake\n|-end|p1a: Walking Wake|Protosynthesis|[silent]\n|\n|upkeep\n|\n|t:|1781449611\n|switch|p1a: Rotom|Rotom-Frost, L87, tera:Electric|229/229\n|turn|16\n|\n|t:|1781449614\n|move|p2a: Glaceon|Protect|p2a: Glaceon\n|-singleturn|p2a: Glaceon|Protect\n|move|p1a: Rotom|Thunderbolt|p2a: Glaceon\n|-activate|p2a: Glaceon|move: Protect\n|\n|upkeep\n|turn|17\n|\n|t:|1781449620\n|move|p1a: Rotom|Thunderbolt|p2a: Glaceon\n|-damage|p2a: Glaceon|0 fnt\n|faint|p2a: Glaceon\n|\n|upkeep\n|\n|t:|1781449622\n|switch|p2a: Iron Valiant|Iron Valiant, L78|220/244\n|turn|18\n|\n|t:|1781449634\n|move|p2a: Iron Valiant|Moonblast|p1a: Rotom\n|-damage|p1a: Rotom|120/229\n|-damage|p2a: Iron Valiant|196/244|[from] item: Life Orb\n|move|p1a: Rotom|Thunderbolt|p2a: Iron Valiant\n|-damage|p2a: Iron Valiant|0 fnt\n|faint|p2a: Iron Valiant\n|-end|p2a: Iron Valiant|Quark Drive|[silent]\n|\n|win|chichi732\n", "inputlog": ">version a8376a258c1d4662feba110a92103f3664a72141\n>start {\"formatid\":\"gen9randombattle\",\"seed\":\"sodium,ababa5d6b736b3e8442033b9d249d086\",\"rated\":\"Rated battle\"}\n>player p1 {\"name\":\"chichi732\",\"avatar\":\"169\",\"rating\":2109,\"seed\":\"sodium,c93e0eec3de43567c8c14e87e812c7ed\"}\n>player p2 {\"name\":\"moritzvb\",\"avatar\":\"roark\",\"rating\":2067,\"seed\":\"sodium,26c3c39dc8d65a21b5aa7cbae622927f\"}\n>p1 move quiverdance\n>p2 move icebeam\n>p1 move sleeppowder\n>p2 move icebeam\n>p1 move hurricane\n>p2 switch 4\n>p1 move hurricane\n>p2 move freezedry\n>p1 switch 4\n>p1 move meteorbeam\n>p2 move freezedry\n>p2 switch 5\n>p1 move dynamaxcannon\n>p2 move ceaselessedge\n>p2 switch 3\n>p1 move dynamaxcannon\n>p2 move rapidspin\n>p1 move dynamaxcannon\n>p2 move earthquake\n>p1 switch 6\n>p1 move leafblade\n>p2 move bulkup terastallize\n>p1 move closecombat\n>p2 move closecombat\n>p1 switch 5\n>p1 move hypervoice\n>p2 move earthquake\n>p2 switch 6\n>p1 move hypervoice\n>p2 move knockoff\n>p1 switch 2\n>p1 move thunderbolt terastallize\n>p2 switch 4\n>p2 switch 2\n>p1 switch 3\n>p2 move calmmind\n>p1 move flamethrower\n>p2 move freezedry\n>p1 switch 3\n>p1 move thunderbolt\n>p2 move protect\n>p1 move thunderbolt\n>p2 move freezedry\n>p2 switch 4\n>p1 move thunderbolt\n>p2 move moonblast", "uploadtime": 1781449358, "views": 5, "formatid": "gen9randombattle", "rating": null, "private": 0, "password": null, "player_dets": [{"name": "chichi732", "avatar": "169", "rating": 2109, "seed": "sodium,c93e0eec3de43567c8c14e87e812c7ed"}, {"name": "moritzvb", "avatar": "roark", "rating": 2067, "seed": "sodium,26c3c39dc8d65a21b5aa7cbae622927f"}], "teams_full": [{"Vivillon": {"name": "Vivillon", "species": "Vivillon-Savanna", "speciesId": "vivillon", "gender": "F", "shiny": false, "level": 83, "moves": ["hurricane", "bugbuzz", "quiverdance", "sleeppowder"], "ability": "Compound Eyes", "evs": {"hp": 85, "atk": 0, "def": 85, "spa": 85, "spd": 85, "spe": 85}, "ivs": {"hp": 31, "atk": 0, "def": 31, "spa": 31, "spd": 31, "spe": 31}, "item": "Heavy-Duty Boots", "teraType": "Steel", "role": "Fast Bulky Setup", "bvs": {"hp": 80, "atk": 52, "def": 50, "spa": 90, "spd": 50, "spe": 89}, "stats": {"hp": 268, "atk": 91, "def": 131, "spa": 197, "spd": 131, "spe": 195}, "types": ["Bug", "Flying"]}, "Rotom": {"name": "Rotom", "species": "Rotom-Frost", "speciesId": "rotomfrost", "gender": "N", "shiny": false, "level": 87, "moves": ["thunderbolt", "nastyplot", "willowisp", "blizzard"], "ability": "Levitate", "evs": {"hp": 85, "atk": 0, "def": 85, "spa": 85, "spd": 85, "spe": 85}, "ivs": {"hp": 31, "atk": 0, "def": 31, "spa": 31, "spd": 31, "spe": 31}, "item": "Heavy-Duty Boots", "teraType": "Electric", "role": "Fast Attacker", "bvs": {"hp": 50, "atk": 65, "def": 107, "spa": 105, "spd": 107, "spe": 86}, "stats": {"hp": 229, "atk": 118, "def": 236, "spa": 232, "spd": 236, "spe": 199}, "types": ["Electric", "Ice"]}, "Walking Wake": {"name": "Walking Wake", "species": "Walking Wake", "speciesId": "walkingwake", "gender": "N", "shiny": false, "level": 79, "moves": ["sunnyday", "dracometeor", "hydrosteam", "flamethrower"], "ability": "Protosynthesis", "evs": {"hp": 85, "atk": 0, "def": 85, "spa": 85, "spd": 85, "spe": 85}, "ivs": {"hp": 31, "atk": 0, "def": 31, "spa": 31, "spd": 31, "spe": 31}, "item": "Life Orb", "teraType": "Fire", "role": "Fast Attacker", "bvs": {"hp": 99, "atk": 83, "def": 91, "spa": 125, "spd": 83, "spe": 109}, "stats": {"hp": 286, "atk": 136, "def": 189, "spa": 243, "spd": 177, "spe": 218}, "types": ["Water", "Dragon"]}, "Eternatus": {"name": "Eternatus", "species": "Eternatus", "speciesId": "eternatus", "gender": "N", "shiny": false, "level": 69, "moves": ["sludgebomb", "meteorbeam", "fireblast", "dynamaxcannon"], "ability": "Pressure", "evs": {"hp": 85, "atk": 0, "def": 85, "spa": 85, "spd": 85, "spe": 85}, "ivs": {"hp": 31, "atk": 0, "def": 31, "spa": 31, "spd": 31, "spe": 31}, "item": "Power Herb", "teraType": "Poison", "role": "Setup Sweeper", "bvs": {"hp": 140, "atk": 85, "def": 95, "spa": 145, "spd": 95, "spe": 130}, "stats": {"hp": 308, "atk": 122, "def": 171, "spa": 240, "spd": 171, "spe": 220}, "types": ["Poison", "Dragon"]}, "Oranguru": {"name": "Oranguru", "species": "Oranguru", "speciesId": "oranguru", "gender": "M", "shiny": false, "level": 92, "moves": ["trick", "hypervoice", "psyshock", "focusblast"], "ability": "Inner Focus", "evs": {"hp": 85, "atk": 0, "def": 85, "spa": 85, "spd": 85, "spe": 85}, "ivs": {"hp": 31, "atk": 0, "def": 31, "spa": 31, "spd": 31, "spe": 31}, "item": "Choice Specs", "teraType": "Fighting", "role": "Wallbreaker", "bvs": {"hp": 90, "atk": 60, "def": 80, "spa": 90, "spd": 110, "spe": 60}, "stats": {"hp": 315, "atk": 115, "def": 200, "spa": 218, "spd": 255, "spe": 163}, "types": ["Normal", "Psychic"]}, "Virizion": {"name": "Virizion", "species": "Virizion", "speciesId": "virizion", "gender": "N", "shiny": false, "level": 82, "moves": ["swordsdance", "stoneedge", "closecombat", "leafblade"], "ability": "Justified", "evs": {"hp": 85, "atk": 85, "def": 85, "spa": 85, "spd": 85, "spe": 85}, "ivs": {"hp": 31, "atk": 31, "def": 31, "spa": 31, "spd": 31, "spe": 31}, "item": "Life Orb", "teraType": "Rock", "role": "Setup Sweeper", "bvs": {"hp": 91, "atk": 90, "def": 72, "spa": 90, "spd": 129, "spe": 108}, "stats": {"hp": 283, "atk": 195, "def": 165, "spa": 195, "spd": 259, "spe": 224}, "types": ["Grass", "Fighting"]}}, {"Lumineon": {"name": "Lumineon", "species": "Lumineon", "speciesId": "lumineon", "gender": "M", "shiny": false, "level": 93, "moves": ["hydropump", "alluringvoice", "icebeam", "encore"], "ability": "Storm Drain", "evs": {"hp": 85, "atk": 0, "def": 85, "spa": 85, "spd": 85, "spe": 85}, "ivs": {"hp": 31, "atk": 0, "def": 31, "spa": 31, "spd": 31, "spe": 31}, "item": "Life Orb", "teraType": "Water", "role": "Fast Attacker", "bvs": {"hp": 69, "atk": 69, "def": 76, "spa": 69, "spd": 86, "spe": 91}, "stats": {"hp": 279, "atk": 133, "def": 194, "spa": 181, "spd": 213, "spe": 222}, "types": ["Water"]}, "Glaceon": {"name": "Glaceon", "species": "Glaceon", "speciesId": "glaceon", "gender": "M", "shiny": false, "level": 94, "moves": ["calmmind", "wish", "freezedry", "protect"], "ability": "Ice Body", "evs": {"hp": 85, "atk": 0, "def": 85, "spa": 85, "spd": 85, "spe": 85}, "ivs": {"hp": 31, "atk": 0, "def": 31, "spa": 31, "spd": 31, "spe": 31}, "item": "Heavy-Duty Boots", "teraType": "Water", "role": "Bulky Setup", "bvs": {"hp": 65, "atk": 60, "def": 110, "spa": 130, "spd": 95, "spe": 65}, "stats": {"hp": 275, "atk": 117, "def": 260, "spa": 298, "spd": 232, "spe": 176}, "types": ["Ice"]}, "Great Tusk": {"name": "Great Tusk", "species": "Great Tusk", "speciesId": "greattusk", "gender": "N", "shiny": false, "level": 77, "moves": ["earthquake", "bulkup", "closecombat", "rapidspin"], "ability": "Protosynthesis", "evs": {"hp": 85, "atk": 85, "def": 85, "spa": 85, "spd": 85, "spe": 85}, "ivs": {"hp": 31, "atk": 31, "def": 31, "spa": 31, "spd": 31, "spe": 31}, "item": "Leftovers", "teraType": "Steel", "role": "Bulky Setup", "bvs": {"hp": 115, "atk": 131, "def": 131, "spa": 53, "spd": 53, "spe": 87}, "stats": {"hp": 304, "atk": 246, "def": 246, "spa": 126, "spd": 126, "spe": 179}, "types": ["Ground", "Fighting"]}, "Articuno": {"name": "Articuno", "species": "Articuno", "speciesId": "articuno", "gender": "N", "shiny": false, "level": 86, "moves": ["bravebird", "roost", "uturn", "freezedry"], "ability": "Pressure", "evs": {"hp": 85, "atk": 85, "def": 85, "spa": 85, "spd": 85, "spe": 85}, "ivs": {"hp": 31, "atk": 31, "def": 31, "spa": 31, "spd": 31, "spe": 31}, "item": "Heavy-Duty Boots", "teraType": "Steel", "role": "Bulky Support", "bvs": {"hp": 90, "atk": 85, "def": 100, "spa": 95, "spd": 125, "spe": 85}, "stats": {"hp": 295, "atk": 195, "def": 221, "spa": 213, "spd": 264, "spe": 195}, "types": ["Ice", "Flying"]}, "Samurott": {"name": "Samurott", "species": "Samurott-Hisui", "speciesId": "samurotthisui", "gender": "M", "shiny": false, "level": 77, "moves": ["ceaselessedge", "sacredsword", "flipturn", "razorshell"], "ability": "Sharpness", "evs": {"hp": 85, "atk": 85, "def": 85, "spa": 85, "spd": 85, "spe": 85}, "ivs": {"hp": 31, "atk": 31, "def": 31, "spa": 31, "spd": 31, "spe": 31}, "item": "Choice Scarf", "teraType": "Water", "role": "Fast Attacker", "bvs": {"hp": 90, "atk": 108, "def": 80, "spa": 100, "spd": 65, "spe": 85}, "stats": {"hp": 265, "atk": 211, "def": 168, "spa": 199, "spd": 145, "spe": 175}, "types": ["Water", "Dark"]}, "Iron Valiant": {"name": "Iron Valiant", "species": "Iron Valiant", "speciesId": "ironvaliant", "gender": "N", "shiny": false, "level": 78, "moves": ["moonblast", "closecombat", "knockoff", "encore"], "ability": "Quark Drive", "evs": {"hp": 85, "atk": 85, "def": 85, "spa": 85, "spd": 85, "spe": 85}, "ivs": {"hp": 31, "atk": 31, "def": 31, "spa": 31, "spd": 31, "spe": 31}, "item": "Life Orb", "teraType": "Steel", "role": "Wallbreaker", "bvs": {"hp": 74, "atk": 130, "def": 90, "spa": 120, "spd": 60, "spe": 116}, "stats": {"hp": 244, "atk": 248, "def": 185, "spa": 232, "spd": 139, "spe": 226}, "types": ["Fairy", "Fighting"]}}]}