{"id": "gen9randombattle-2631932421", "format": "[Gen 9] Random Battle", "players": ["Pitt2022", "Saaskin"], "log": "|j|\u2606Pitt2022\n|j|\u2606Saaskin\n|t:|1781457072\n|gametype|singles\n|player|p1|Pitt2022|gentleman-gen4|1927\n|player|p2|Saaskin|169|1979\n|gen|9\n|tier|[Gen 9] Random Battle\n|rated|\n|rule|Species Clause: Limit one of each Pok\u00e9mon\n|rule|HP Percentage Mod: HP is shown in percentages\n|rule|Sleep Clause Mod: Limit one foe put to sleep\n|rule|Illusion Level Mod: Illusion disguises the Pok\u00e9mon's true level\n|\n|t:|1781457072\n|teamsize|p1|6\n|teamsize|p2|6\n|start\n|switch|p1a: Flareon|Flareon, L90, F|263/263\n|switch|p2a: Dialga|Dialga, L73|266/266\n|-ability|p2a: Dialga|Pressure\n|turn|1\n|inactive|Battle timer is ON: inactive players will automatically lose when time's up. (requested by Saaskin)\n|\n|t:|1781457091\n|move|p2a: Dialga|Draco Meteor|p1a: Flareon\n|-damage|p1a: Flareon|136/263\n|-unboost|p2a: Dialga|spa|2\n|move|p1a: Flareon|Will-O-Wisp|p2a: Dialga\n|-status|p2a: Dialga|brn\n|\n|-damage|p2a: Dialga|250/266 brn|[from] brn\n|-status|p1a: Flareon|tox|[from] item: Toxic Orb\n|upkeep\n|turn|2\n|\n|t:|1781457121\n|switch|p2a: Armarouge|Armarouge, L80, M|267/267\n|move|p1a: Flareon|Facade|p2a: Armarouge\n|-damage|p2a: Armarouge|65/267\n|-ability|p2a: Armarouge|Weak Armor|boost\n|-unboost|p2a: Armarouge|def|1\n|-boost|p2a: Armarouge|spe|2\n|\n|-damage|p1a: Flareon|120/263 tox|[from] psn\n|upkeep\n|turn|3\n|inactive|Pitt2022 has 120 seconds left.\n|\n|t:|1781457141\n|switch|p1a: Eelektross|Eelektross, L87, M|290/290\n|move|p2a: Armarouge|Meteor Beam||[still]\n|-prepare|p2a: Armarouge|Meteor Beam\n|-boost|p2a: Armarouge|spa|1\n|-enditem|p2a: Armarouge|Power Herb\n|-anim|p2a: Armarouge|Meteor Beam|p1a: Eelektross\n|-damage|p1a: Eelektross|199/290\n|\n|upkeep\n|turn|4\n|inactive|Pitt2022 has 120 seconds left.\n|\n|t:|1781457154\n|move|p2a: Armarouge|Armor Cannon|p1a: Eelektross\n|-damage|p1a: Eelektross|48/290\n|-unboost|p2a: Armarouge|def|1\n|-unboost|p2a: Armarouge|spd|1\n|move|p1a: Eelektross|Dragon Tail|p2a: Armarouge\n|-damage|p2a: Armarouge|0 fnt\n|faint|p2a: Armarouge\n|\n|upkeep\n|inactive|Saaskin has 120 seconds left.\n|\n|t:|1781457183\n|switch|p2a: Dialga|Dialga, L73|250/266 brn\n|-ability|p2a: Dialga|Pressure\n|turn|5\n|\n|t:|1781457192\n|move|p2a: Dialga|Fire Blast|p1a: Eelektross\n|-damage|p1a: Eelektross|0 fnt\n|faint|p1a: Eelektross\n|\n|-heal|p2a: Dialga|266/266 brn|[from] item: Leftovers\n|-damage|p2a: Dialga|250/266 brn|[from] brn\n|upkeep\n|\n|t:|1781457200\n|switch|p1a: Grimmsnarl|Grimmsnarl, L83, M|293/293\n|turn|6\n|\n|t:|1781457205\n|move|p1a: Grimmsnarl|Light Screen|p1a: Grimmsnarl\n|-sidestart|p1: Pitt2022|move: Light Screen\n|move|p2a: Dialga|Thunder Wave|p1a: Grimmsnarl\n|-status|p1a: Grimmsnarl|par\n|\n|-heal|p2a: Dialga|266/266 brn|[from] item: Leftovers\n|-damage|p2a: Dialga|250/266 brn|[from] brn\n|upkeep\n|turn|7\n|\n|t:|1781457213\n|move|p2a: Dialga|Heavy Slam|p1a: Grimmsnarl\n|-supereffective|p1a: Grimmsnarl\n|-damage|p1a: Grimmsnarl|145/293 par\n|cant|p1a: Grimmsnarl|par\n|\n|-heal|p2a: Dialga|266/266 brn|[from] item: Leftovers\n|-damage|p2a: Dialga|250/266 brn|[from] brn\n|upkeep\n|turn|8\n|\n|t:|1781457221\n|move|p1a: Grimmsnarl|Reflect|p1a: Grimmsnarl\n|-sidestart|p1: Pitt2022|Reflect\n|move|p2a: Dialga|Heavy Slam|p1a: Grimmsnarl\n|-supereffective|p1a: Grimmsnarl\n|-damage|p1a: Grimmsnarl|73/293 par\n|\n|-heal|p2a: Dialga|266/266 brn|[from] item: Leftovers\n|-damage|p2a: Dialga|250/266 brn|[from] brn\n|upkeep\n|turn|9\n|\n|t:|1781457229\n|move|p1a: Grimmsnarl|Parting Shot|p2a: Dialga\n|-unboost|p2a: Dialga|atk|1\n|-unboost|p2a: Dialga|spa|1\n|\n|t:|1781457249\n|switch|p1a: Dewgong|Dewgong, L94, F|322/322|[from] Parting Shot\n|move|p2a: Dialga|Thunder Wave|p1a: Dewgong\n|-status|p1a: Dewgong|par\n|\n|-heal|p2a: Dialga|266/266 brn|[from] item: Leftovers\n|-damage|p2a: Dialga|250/266 brn|[from] brn\n|upkeep\n|turn|10\n|\n|t:|1781457271\n|switch|p2a: Vespiquen|Vespiquen, L99, F|299/299\n|-ability|p2a: Vespiquen|Pressure\n|move|p1a: Dewgong|Triple Axel|p2a: Vespiquen\n|-supereffective|p2a: Vespiquen\n|-damage|p2a: Vespiquen|263/299\n|-supereffective|p2a: Vespiquen\n|-damage|p2a: Vespiquen|195/299\n|-supereffective|p2a: Vespiquen\n|-damage|p2a: Vespiquen|105/299\n|-hitcount|p2a: Vespiquen|3\n|\n|upkeep\n|turn|11\n|\n|t:|1781457282\n|move|p2a: Vespiquen|Spikes|p1a: Dewgong\n|-sidestart|p1: Pitt2022|Spikes\n|cant|p1a: Dewgong|par\n|\n|upkeep\n|turn|12\n|\n|t:|1781457286\n|move|p2a: Vespiquen|Roost|p2a: Vespiquen\n|-heal|p2a: Vespiquen|255/299\n|-singleturn|p2a: Vespiquen|move: Roost\n|move|p1a: Dewgong|Triple Axel|p2a: Vespiquen\n|-damage|p2a: Vespiquen|237/299\n|-hitcount|p2a: Vespiquen|1\n|\n|upkeep\n|turn|13\n|\n|t:|1781457294\n|move|p2a: Vespiquen|Spikes|p1a: Dewgong\n|-sidestart|p1: Pitt2022|Spikes\n|cant|p1a: Dewgong|par\n|\n|-sideend|p1: Pitt2022|move: Light Screen\n|upkeep\n|turn|14\n|\n|t:|1781457299\n|move|p2a: Vespiquen|Spikes|p1a: Dewgong\n|-sidestart|p1: Pitt2022|Spikes\n|move|p1a: Dewgong|Encore|p2a: Vespiquen\n|-start|p2a: Vespiquen|Encore\n|\n|upkeep\n|turn|15\n|\n|t:|1781457303\n|switch|p2a: Dialga|Dialga, L73|250/266 brn\n|-ability|p2a: Dialga|Pressure\n|cant|p1a: Dewgong|par\n|\n|-heal|p2a: Dialga|266/266 brn|[from] item: Leftovers\n|-damage|p2a: Dialga|250/266 brn|[from] brn\n|-sideend|p1: Pitt2022|Reflect\n|upkeep\n|turn|16\n|\n|t:|1781457314\n|switch|p2a: Vespiquen|Vespiquen, L99, F|237/299\n|-ability|p2a: Vespiquen|Pressure\n|cant|p1a: Dewgong|par\n|\n|upkeep\n|turn|17\n|\n|t:|1781457321\n|move|p2a: Vespiquen|Toxic Spikes|p1a: Dewgong\n|-sidestart|p1: Pitt2022|move: Toxic Spikes\n|move|p1a: Dewgong|Triple Axel|p2a: Vespiquen\n|-supereffective|p2a: Vespiquen\n|-damage|p2a: Vespiquen|205/299\n|-supereffective|p2a: Vespiquen\n|-damage|p2a: Vespiquen|137/299\n|-supereffective|p2a: Vespiquen\n|-damage|p2a: Vespiquen|45/299\n|-hitcount|p2a: Vespiquen|3\n|\n|upkeep\n|turn|18\n|\n|t:|1781457332\n|move|p2a: Vespiquen|Roost|p2a: Vespiquen\n|-heal|p2a: Vespiquen|195/299\n|-singleturn|p2a: Vespiquen|move: Roost\n|cant|p1a: Dewgong|par\n|\n|upkeep\n|turn|19\n|\n|t:|1781457344\n|move|p2a: Vespiquen|Roost|p2a: Vespiquen\n|-heal|p2a: Vespiquen|299/299\n|-singleturn|p2a: Vespiquen|move: Roost\n|move|p1a: Dewgong|Encore|p2a: Vespiquen\n|-start|p2a: Vespiquen|Encore\n|\n|upkeep\n|turn|20\n|\n|t:|1781457354\n|switch|p2a: Dialga|Dialga, L73|250/266 brn\n|-ability|p2a: Dialga|Pressure\n|move|p1a: Dewgong|Flip Turn|p2a: Dialga\n|-resisted|p2a: Dialga\n|-damage|p2a: Dialga|222/266 brn\n|-message|Pitt2022 forfeited.\n|\n|win|Saaskin\n|raw|Pitt2022's rating: 1927 &rarr; <strong>1910</strong><br />(-17 for losing)\n|raw|Saaskin's rating: 1979 &rarr; <strong>1996</strong><br />(+17 for winning)\n|l|\u2606Pitt2022\n|player|p1|\n", "inputlog": ">version a8376a258c1d4662feba110a92103f3664a72141\n>start {\"formatid\":\"gen9randombattle\",\"seed\":\"sodium,eb6376d1f2a9562a082a5c0ed9d1c3cc\",\"rated\":\"Rated battle\"}\n>player p1 {\"name\":\"Pitt2022\",\"avatar\":\"gentleman-gen4\",\"rating\":1927,\"seed\":\"sodium,4846f295c1ab863655483bad057feb57\"}\n>player p2 {\"name\":\"Saaskin\",\"avatar\":\"169\",\"rating\":1979,\"seed\":\"sodium,240ac1af2cbb32c0f716ca7ece3d382c\"}\n>p1 move willowisp\n>p2 move dracometeor\n>p1 move facade\n>p2 switch 4\n>p1 switch 4\n>p2 move meteorbeam\n>p1 move dragontail\n>p2 move armorcannon\n>p2 switch 4\n>p1 move uturn\n>p2 move fireblast\n>p1 switch 6\n>p1 move lightscreen\n>p2 move thunderwave\n>p1 move spiritbreak\n>p2 move heavyslam\n>p1 move reflect\n>p2 move heavyslam\n>p1 move partingshot\n>p2 move thunderwave\n>p1 switch 5\n>p1 move tripleaxel\n>p2 switch 2\n>p1 move tripleaxel\n>p2 move spikes\n>p1 move tripleaxel\n>p2 move roost\n>p1 move encore\n>p2 move spikes\n>p1 move encore\n>p2 move spikes\n>p1 move tripleaxel\n>p2 switch 2\n>p1 move tripleaxel\n>p2 switch 2\n>p1 move tripleaxel\n>p2 move toxicspikes\n>p1 move encore\n>p2 move roost\n>p1 move encore\n>p2 move roost\n>p1 move flipturn\n>p2 switch 2\n>forcelose p1", "uploadtime": 1781457074, "views": 7, "formatid": "gen9randombattle", "rating": 1910, "private": 0, "password": null, "player_dets": [{"name": "Pitt2022", "avatar": "gentleman-gen4", "rating": 1927, "seed": "sodium,4846f295c1ab863655483bad057feb57"}, {"name": "Saaskin", "avatar": "169", "rating": 1979, "seed": "sodium,240ac1af2cbb32c0f716ca7ece3d382c"}], "teams_full": [{"Flareon": {"name": "Flareon", "species": "Flareon", "speciesId": "flareon", "gender": "F", "shiny": false, "level": 90, "moves": ["flareblitz", "trailblaze", "facade", "willowisp"], "ability": "Guts", "evs": {"hp": 85, "atk": 85, "def": 85, "spa": 85, "spd": 85, "spe": 85}, "ivs": {"hp": 31, "atk": 31, "def": 31, "spa": 31, "spd": 31, "spe": 31}, "item": "Toxic Orb", "teraType": "Normal", "role": "Setup Sweeper", "bvs": {"hp": 65, "atk": 130, "def": 60, "spa": 95, "spd": 110, "spe": 65}, "stats": {"hp": 263, "atk": 285, "def": 159, "spa": 222, "spd": 249, "spe": 168}}, "Skarmory": {"name": "Skarmory", "species": "Skarmory", "speciesId": "skarmory", "gender": "F", "shiny": false, "level": 80, "moves": ["roost", "stealthrock", "bravebird", "bodypress"], "ability": "Sturdy", "evs": {"hp": 85, "atk": 85, "def": 85, "spa": 85, "spd": 85, "spe": 85}, "ivs": {"hp": 31, "atk": 31, "def": 31, "spa": 31, "spd": 31, "spe": 31}, "item": "Rocky Helmet", "teraType": "Dragon", "role": "Bulky Attacker", "bvs": {"hp": 65, "atk": 80, "def": 140, "spa": 40, "spd": 70, "spe": 70}, "stats": {"hp": 235, "atk": 174, "def": 270, "spa": 110, "spd": 158, "spe": 158}}, "Squawkabilly": {"name": "Squawkabilly", "species": "Squawkabilly-Yellow", "speciesId": "squawkabillyyellow", "gender": "M", "shiny": false, "level": 89, "moves": ["bravebird", "foulplay", "doubleedge", "quickattack"], "ability": "Hustle", "evs": {"hp": 85, "atk": 85, "def": 85, "spa": 85, "spd": 85, "spe": 85}, "ivs": {"hp": 31, "atk": 31, "def": 31, "spa": 31, "spd": 31, "spe": 31}, "item": "Choice Band", "teraType": "Normal", "role": "Wallbreaker", "bvs": {"hp": 82, "atk": 96, "def": 51, "spa": 45, "spd": 51, "spe": 92}, "stats": {"hp": 291, "atk": 222, "def": 142, "spa": 131, "spd": 142, "spe": 215}}, "Eelektross": {"name": "Eelektross", "species": "Eelektross", "speciesId": "eelektross", "gender": "M", "shiny": false, "level": 87, "moves": ["flamethrower", "uturn", "discharge", "dragontail"], "ability": "Levitate", "evs": {"hp": 85, "atk": 85, "def": 85, "spa": 85, "spd": 85, "spe": 85}, "ivs": {"hp": 31, "atk": 31, "def": 31, "spa": 31, "spd": 31, "spe": 31}, "item": "Assault Vest", "teraType": "Steel", "role": "AV Pivot", "bvs": {"hp": 85, "atk": 115, "def": 80, "spa": 105, "spd": 80, "spe": 50}, "stats": {"hp": 290, "atk": 250, "def": 189, "spa": 232, "spd": 189, "spe": 137}}, "Dewgong": {"name": "Dewgong", "species": "Dewgong", "speciesId": "dewgong", "gender": "F", "shiny": false, "level": 94, "moves": ["encore", "tripleaxel", "flipturn", "surf"], "ability": "Thick Fat", "evs": {"hp": 85, "atk": 85, "def": 85, "spa": 85, "spd": 85, "spe": 85}, "ivs": {"hp": 31, "atk": 31, "def": 31, "spa": 31, "spd": 31, "spe": 31}, "item": "Heavy-Duty Boots", "teraType": "Grass", "role": "Bulky Attacker", "bvs": {"hp": 90, "atk": 70, "def": 80, "spa": 70, "spd": 95, "spe": 70}, "stats": {"hp": 322, "atk": 185, "def": 204, "spa": 185, "spd": 232, "spe": 185}}, "Grimmsnarl": {"name": "Grimmsnarl", "species": "Grimmsnarl", "speciesId": "grimmsnarl", "gender": "M", "shiny": false, "level": 83, "moves": ["partingshot", "lightscreen", "reflect", "spiritbreak"], "ability": "Prankster", "evs": {"hp": 85, "atk": 85, "def": 85, "spa": 85, "spd": 85, "spe": 85}, "ivs": {"hp": 31, "atk": 31, "def": 31, "spa": 31, "spd": 31, "spe": 31}, "item": "Light Clay", "teraType": "Steel", "role": "Bulky Support", "bvs": {"hp": 95, "atk": 120, "def": 65, "spa": 95, "spd": 75, "spe": 60}, "stats": {"hp": 293, "atk": 247, "def": 156, "spa": 205, "spd": 172, "spe": 147}}}, {"Dialga": {"name": "Dialga", "species": "Dialga", "speciesId": "dialga", "gender": "N", "shiny": false, "level": 73, "moves": ["thunderwave", "fireblast", "heavyslam", "dracometeor"], "ability": "Pressure", "evs": {"hp": 85, "atk": 85, "def": 85, "spa": 85, "spd": 85, "spe": 85}, "ivs": {"hp": 31, "atk": 31, "def": 31, "spa": 31, "spd": 31, "spe": 31}, "item": "Leftovers", "teraType": "Steel", "role": "Bulky Attacker", "bvs": {"hp": 100, "atk": 120, "def": 120, "spa": 150, "spd": 100, "spe": 90}, "stats": {"hp": 266, "atk": 218, "def": 218, "spa": 261, "spd": 188, "spe": 174}}, "Vespiquen": {"name": "Vespiquen", "species": "Vespiquen", "speciesId": "vespiquen", "gender": "F", "shiny": false, "level": 99, "moves": ["hurricane", "toxicspikes", "roost", "spikes"], "ability": "Pressure", "evs": {"hp": 85, "atk": 0, "def": 85, "spa": 85, "spd": 85, "spe": 85}, "ivs": {"hp": 31, "atk": 0, "def": 31, "spa": 31, "spd": 31, "spe": 31}, "item": "Heavy-Duty Boots", "teraType": "Steel", "role": "Bulky Support", "bvs": {"hp": 70, "atk": 80, "def": 102, "spa": 80, "spd": 102, "spe": 40}, "stats": {"hp": 299, "atk": 163, "def": 258, "spa": 214, "spd": 258, "spe": 135}}, "Blastoise": {"name": "Blastoise", "species": "Blastoise", "speciesId": "blastoise", "gender": "M", "shiny": false, "level": 80, "moves": ["icebeam", "shellsmash", "hydropump", "terablast"], "ability": "Torrent", "evs": {"hp": 85, "atk": 0, "def": 85, "spa": 85, "spd": 85, "spe": 85}, "ivs": {"hp": 31, "atk": 0, "def": 31, "spa": 31, "spd": 31, "spe": 31}, "item": "White Herb", "teraType": "Grass", "role": "Tera Blast user", "bvs": {"hp": 79, "atk": 83, "def": 100, "spa": 85, "spd": 105, "spe": 78}, "stats": {"hp": 258, "atk": 137, "def": 206, "spa": 182, "spd": 214, "spe": 171}}, "Armarouge": {"name": "Armarouge", "species": "Armarouge", "speciesId": "armarouge", "gender": "M", "shiny": false, "level": 80, "moves": ["meteorbeam", "energyball", "psyshock", "armorcannon"], "ability": "Weak Armor", "evs": {"hp": 85, "atk": 0, "def": 85, "spa": 85, "spd": 85, "spe": 85}, "ivs": {"hp": 31, "atk": 0, "def": 31, "spa": 31, "spd": 31, "spe": 31}, "item": "Power Herb", "teraType": "Grass", "role": "Setup Sweeper", "bvs": {"hp": 85, "atk": 60, "def": 100, "spa": 125, "spd": 80, "spe": 75}, "stats": {"hp": 267, "atk": 101, "def": 206, "spa": 246, "spd": 174, "spe": 166}}, "Regice": {"name": "Regice", "species": "Regice", "speciesId": "regice", "gender": "N", "shiny": false, "level": 88, "moves": ["thunderbolt", "sleeptalk", "rest", "icebeam"], "ability": "Clear Body", "evs": {"hp": 85, "atk": 0, "def": 85, "spa": 85, "spd": 85, "spe": 85}, "ivs": {"hp": 31, "atk": 0, "def": 31, "spa": 31, "spd": 31, "spe": 31}, "item": "Heavy-Duty Boots", "teraType": "Electric", "role": "Bulky Attacker", "bvs": {"hp": 80, "atk": 50, "def": 100, "spa": 100, "spd": 200, "spe": 50}, "stats": {"hp": 284, "atk": 93, "def": 226, "spa": 226, "spd": 402, "spe": 138}}, "Meganium": {"name": "Meganium", "species": "Meganium", "speciesId": "meganium", "gender": "F", "shiny": false, "level": 90, "moves": ["leechseed", "synthesis", "knockoff", "energyball"], "ability": "Overgrow", "evs": {"hp": 85, "atk": 85, "def": 85, "spa": 85, "spd": 85, "spe": 85}, "ivs": {"hp": 31, "atk": 31, "def": 31, "spa": 31, "spd": 31, "spe": 31}, "item": "Leftovers", "teraType": "Steel", "role": "Bulky Attacker", "bvs": {"hp": 80, "atk": 82, "def": 100, "spa": 83, "spd": 100, "spe": 80}, "stats": {"hp": 290, "atk": 199, "def": 231, "spa": 201, "spd": 231, "spe": 195}}}]}