{"id": "gen9randombattle-2631922449", "format": "[Gen 9] Random Battle", "players": ["Saaskin", "DEVILICEMIN"], "log": "|j|\u2606Saaskin\n|j|\u2606DEVILICEMIN\n|t:|1781455967\n|gametype|singles\n|player|p1|Saaskin|169|1997\n|player|p2|DEVILICEMIN|265|2031\n|gen|9\n|tier|[Gen 9] Random Battle\n|rated|\n|rule|Species Clause: Limit one of each Pok\u00e9mon\n|rule|HP Percentage Mod: HP is shown in percentages\n|rule|Sleep Clause Mod: Limit one foe put to sleep\n|rule|Illusion Level Mod: Illusion disguises the Pok\u00e9mon's true level\n|\n|t:|1781455967\n|teamsize|p1|6\n|teamsize|p2|6\n|start\n|switch|p1a: Magmortar|Magmortar, L88, F|275/275\n|switch|p2a: Hydreigon|Hydreigon, L79, F|275/275\n|turn|1\n|inactive|Battle timer is ON: inactive players will automatically lose when time's up. (requested by Saaskin)\n|\n|t:|1781455996\n|move|p2a: Hydreigon|Nasty Plot|p2a: Hydreigon\n|-boost|p2a: Hydreigon|spa|2\n|move|p1a: Magmortar|Focus Blast|p2a: Hydreigon\n|-supereffective|p2a: Hydreigon\n|-damage|p2a: Hydreigon|0 fnt\n|faint|p2a: Hydreigon\n|\n|upkeep\n|\n|t:|1781456007\n|switch|p2a: Misdreavus|Misdreavus, L90, M|254/254\n|turn|2\n|\n|t:|1781456032\n|switch|p1a: Samurott|Samurott-Hisui, L77, F|265/265\n|move|p2a: Misdreavus|Calm Mind|p2a: Misdreavus\n|-boost|p2a: Misdreavus|spa|1\n|-boost|p2a: Misdreavus|spd|1\n|\n|upkeep\n|turn|3\n|\n|t:|1781456035\n|switch|p1a: Gouging Fire|Gouging Fire, L74|277/277\n|move|p2a: Misdreavus|Will-O-Wisp|p1a: Gouging Fire\n|-immune|p1a: Gouging Fire\n|\n|upkeep\n|turn|4\n|\n|t:|1781456039\n|move|p2a: Misdreavus|Calm Mind|p2a: Misdreavus\n|-boost|p2a: Misdreavus|spa|1\n|-boost|p2a: Misdreavus|spd|1\n|move|p1a: Gouging Fire|Dragon Dance|p1a: Gouging Fire\n|-boost|p1a: Gouging Fire|atk|1\n|-boost|p1a: Gouging Fire|spe|1\n|\n|upkeep\n|turn|5\n|\n|t:|1781456048\n|move|p1a: Gouging Fire|Dragon Dance|p1a: Gouging Fire\n|-boost|p1a: Gouging Fire|atk|1\n|-boost|p1a: Gouging Fire|spe|1\n|move|p2a: Misdreavus|Draining Kiss|p1a: Gouging Fire\n|-damage|p1a: Gouging Fire|197/277\n|\n|upkeep\n|turn|6\n|\n|t:|1781456051\n|move|p1a: Gouging Fire|Heat Crash|p2a: Misdreavus\n|-damage|p2a: Misdreavus|65/254\n|move|p2a: Misdreavus|Shadow Ball|p1a: Gouging Fire\n|-damage|p1a: Gouging Fire|0 fnt\n|faint|p1a: Gouging Fire\n|-end|p1a: Gouging Fire|Protosynthesis|[silent]\n|\n|upkeep\n|\n|t:|1781456062\n|switch|p1a: Samurott|Samurott-Hisui, L77, F|265/265\n|turn|7\n|\n|t:|1781456066\n|-terastallize|p2a: Misdreavus|Fairy\n|move|p2a: Misdreavus|Draining Kiss|p1a: Samurott\n|-supereffective|p1a: Samurott\n|-damage|p1a: Samurott|0 fnt\n|-heal|p2a: Misdreavus|254/254|[from] drain|[of] p1a: Samurott\n|faint|p1a: Samurott\n|\n|upkeep\n|-message|Saaskin forfeited.\n|\n|win|DEVILICEMIN\n", "inputlog": ">version a8376a258c1d4662feba110a92103f3664a72141\n>start {\"formatid\":\"gen9randombattle\",\"seed\":\"sodium,1593c9c8435a8fd62db07be8bddfd764\",\"rated\":\"Rated battle\"}\n>player p1 {\"name\":\"Saaskin\",\"avatar\":\"169\",\"rating\":1997,\"seed\":\"sodium,6462287d59dbcad69bb694ad9146304b\"}\n>player p2 {\"name\":\"DEVILICEMIN\",\"avatar\":\"265\",\"rating\":2031,\"seed\":\"sodium,b0c132c49d2feebe5e19fb6b3396ab57\"}\n>p1 move focusblast\n>p2 move nastyplot\n>p2 switch 2\n>p1 switch 6\n>p2 move calmmind\n>p1 switch 5\n>p2 move willowisp\n>p1 move dragondance\n>p2 move calmmind\n>p1 move dragondance\n>p2 move drainingkiss\n>p1 move heatcrash\n>p2 move shadowball\n>p1 switch 5\n>p1 move ceaselessedge\n>p2 move drainingkiss terastallize\n>forcelose p1", "uploadtime": 1781455969, "views": 9, "formatid": "gen9randombattle", "rating": null, "private": 0, "password": null}