{"id": "gen9randombattle-2631914989", "format": "[Gen 9] Random Battle", "players": ["Knayrus", "cansermaro8"], "log": "|j|\u2606Knayrus\n|j|\u2606cansermaro8\n|t:|1781455157\n|gametype|singles\n|player|p1|Knayrus|drayden|2155\n|player|p2|cansermaro8|266|2195\n|gen|9\n|tier|[Gen 9] Random Battle\n|rated|\n|rule|Species Clause: Limit one of each Pok\u00e9mon\n|rule|HP Percentage Mod: HP is shown in percentages\n|rule|Sleep Clause Mod: Limit one foe put to sleep\n|rule|Illusion Level Mod: Illusion disguises the Pok\u00e9mon's true level\n|\n|t:|1781455157\n|teamsize|p1|6\n|teamsize|p2|6\n|start\n|switch|p1a: Dugtrio|Dugtrio-Alola, L84, M|196/196\n|switch|p2a: Raging Bolt|Raging Bolt, L78|323/323\n|turn|1\n|inactive|Battle timer is ON: inactive players will automatically lose when time's up. (requested by Knayrus)\n|\n|t:|1781455166\n|-end|p2a: Raging Bolt|Protosynthesis|[silent]\n|switch|p2a: Gurdurr|Gurdurr, L85, M|283/283\n|move|p1a: Dugtrio|Stealth Rock|p2a: Gurdurr\n|-sidestart|p2: cansermaro8|move: Stealth Rock\n|\n|upkeep\n|turn|2\n|\n|t:|1781455178\n|switch|p1a: Pachirisu|Pachirisu, L96, F|271/271\n|move|p2a: Gurdurr|Knock Off|p1a: Pachirisu\n|-damage|p1a: Pachirisu|194/271\n|-enditem|p1a: Pachirisu|Heavy-Duty Boots|[from] move: Knock Off|[of] p2a: Gurdurr\n|\n|upkeep\n|turn|3\n|\n|t:|1781455188\n|move|p1a: Pachirisu|Encore|p2a: Gurdurr\n|-start|p2a: Gurdurr|Encore\n|move|p2a: Gurdurr|Knock Off|p1a: Pachirisu\n|-damage|p1a: Pachirisu|137/271\n|\n|upkeep\n|turn|4\n|inactive|cansermaro8 has 120 seconds left.\n|\n|t:|1781455232\n|move|p1a: Pachirisu|Super Fang|p2a: Gurdurr\n|-damage|p2a: Gurdurr|142/283\n|move|p2a: Gurdurr|Knock Off|p1a: Pachirisu\n|-damage|p1a: Pachirisu|79/271\n|\n|upkeep\n|turn|5\n|\n|t:|1781455245\n|move|p1a: Pachirisu|Discharge|p2a: Gurdurr\n|-damage|p2a: Gurdurr|84/283\n|move|p2a: Gurdurr|Knock Off|p1a: Pachirisu\n|-damage|p1a: Pachirisu|26/271\n|\n|-end|p2a: Gurdurr|Encore\n|upkeep\n|turn|6\n|inactive|cansermaro8 has 120 seconds left.\n|\n|t:|1781455252\n|switch|p1a: Deoxys|Deoxys-Defense, L84|221/221\n|-ability|p1a: Deoxys|Pressure\n|move|p2a: Gurdurr|Mach Punch|p1a: Deoxys\n|-resisted|p1a: Deoxys\n|-damage|p1a: Deoxys|206/221\n|\n|-heal|p1a: Deoxys|219/221|[from] item: Leftovers\n|upkeep\n|turn|7\n|\n|t:|1781455261\n|switch|p2a: Iron Jugulis|Iron Jugulis, L77|271/271\n|-damage|p2a: Iron Jugulis|204/271|[from] Stealth Rock\n|move|p1a: Deoxys|Night Shade|p2a: Iron Jugulis\n|-damage|p2a: Iron Jugulis|120/271\n|\n|-heal|p1a: Deoxys|221/221|[from] item: Leftovers\n|upkeep\n|turn|8\n|\n|t:|1781455272\n|switch|p1a: Luxray|Luxray, L88, M|284/284\n|-ability|p1a: Luxray|Intimidate|boost\n|-unboost|p2a: Iron Jugulis|atk|1\n|move|p2a: Iron Jugulis|Dark Pulse|p1a: Luxray\n|-damage|p1a: Luxray|202/284\n|\n|upkeep\n|turn|9\n|\n|t:|1781455281\n|move|p2a: Iron Jugulis|Dark Pulse|p1a: Luxray\n|-crit|p1a: Luxray\n|-damage|p1a: Luxray|76/284\n|move|p1a: Luxray|Ice Fang|p2a: Iron Jugulis\n|-supereffective|p2a: Iron Jugulis\n|-damage|p2a: Iron Jugulis|0 fnt\n|faint|p2a: Iron Jugulis\n|-end|p2a: Iron Jugulis|Quark Drive|[silent]\n|\n|upkeep\n|\n|t:|1781455290\n|switch|p2a: Ludicolo|Ludicolo, L90, M|290/290\n|-damage|p2a: Ludicolo|254/290|[from] Stealth Rock\n|turn|10\n|\n|t:|1781455299\n|move|p2a: Ludicolo|Giga Drain|p1a: Luxray\n|-damage|p1a: Luxray|0 fnt\n|-heal|p2a: Ludicolo|290/290|[from] drain|[of] p1a: Luxray\n|faint|p1a: Luxray\n|\n|upkeep\n|\n|t:|1781455306\n|switch|p1a: Pachirisu|Pachirisu, L96, F|26/271\n|turn|11\n|\n|t:|1781455311\n|switch|p2a: Gurdurr|Gurdurr, L85, M|84/283\n|-damage|p2a: Gurdurr|67/283|[from] Stealth Rock\n|move|p1a: Pachirisu|Super Fang|p2a: Gurdurr\n|-damage|p2a: Gurdurr|34/283\n|\n|upkeep\n|turn|12\n|\n|t:|1781455319\n|move|p2a: Gurdurr|Mach Punch|p1a: Pachirisu\n|-damage|p1a: Pachirisu|0 fnt\n|faint|p1a: Pachirisu\n|\n|upkeep\n|\n|t:|1781455322\n|switch|p1a: Deoxys|Deoxys-Defense, L84|221/221\n|-ability|p1a: Deoxys|Pressure\n|turn|13\n|\n|t:|1781455325\n|move|p1a: Deoxys|Night Shade|p2a: Gurdurr\n|-damage|p2a: Gurdurr|0 fnt\n|faint|p2a: Gurdurr\n|\n|upkeep\n|\n|t:|1781455329\n|switch|p2a: Arceus|Arceus-Bug, L73|295/295\n|-damage|p2a: Arceus|222/295|[from] Stealth Rock\n|turn|14\n|\n|t:|1781455334\n|switch|p1a: Dugtrio|Dugtrio-Alola, L84, M|196/196\n|move|p2a: Arceus|Fire Blast|p1a: Dugtrio\n|-supereffective|p1a: Dugtrio\n|-damage|p1a: Dugtrio|22/196\n|\n|upkeep\n|turn|15\n|\n|t:|1781455345\n|switch|p2a: Ludicolo|Ludicolo, L90, M|290/290\n|-damage|p2a: Ludicolo|254/290|[from] Stealth Rock\n|move|p1a: Dugtrio|Earthquake|p2a: Ludicolo\n|-resisted|p2a: Ludicolo\n|-damage|p2a: Ludicolo|173/290\n|-damage|p1a: Dugtrio|3/196|[from] item: Life Orb\n|\n|upkeep\n|turn|16\n|\n|t:|1781455352\n|move|p1a: Dugtrio|Stone Edge|p2a: Ludicolo\n|-damage|p2a: Ludicolo|74/290\n|-damage|p1a: Dugtrio|0 fnt|[from] item: Life Orb\n|faint|p1a: Dugtrio\n|move|p2a: Ludicolo|Giga Drain|p1: Dugtrio|[notarget]\n|-fail|p2a: Ludicolo\n|\n|upkeep\n|\n|t:|1781455364\n|switch|p1a: Deoxys|Deoxys-Defense, L84|221/221\n|-ability|p1a: Deoxys|Pressure\n|turn|17\n|\n|t:|1781455368\n|move|p1a: Deoxys|Night Shade|p2a: Ludicolo\n|-damage|p2a: Ludicolo|0 fnt\n|faint|p2a: Ludicolo\n|\n|upkeep\n|\n|t:|1781455373\n|switch|p2a: Arceus|Arceus-Bug, L73|222/295\n|-damage|p2a: Arceus|149/295|[from] Stealth Rock\n|turn|18\n|\n|t:|1781455380\n|move|p2a: Arceus|Recover|p2a: Arceus\n|-heal|p2a: Arceus|295/295\n|move|p1a: Deoxys|Cosmic Power|p1a: Deoxys\n|-boost|p1a: Deoxys|def|1\n|-boost|p1a: Deoxys|spd|1\n|\n|upkeep\n|turn|19\n|\n|t:|1781455384\n|move|p2a: Arceus|Calm Mind|p2a: Arceus\n|-boost|p2a: Arceus|spa|1\n|-boost|p2a: Arceus|spd|1\n|move|p1a: Deoxys|Cosmic Power|p1a: Deoxys\n|-boost|p1a: Deoxys|def|1\n|-boost|p1a: Deoxys|spd|1\n|\n|upkeep\n|turn|20\n|\n|t:|1781455386\n|move|p2a: Arceus|Calm Mind|p2a: Arceus\n|-boost|p2a: Arceus|spa|1\n|-boost|p2a: Arceus|spd|1\n|move|p1a: Deoxys|Cosmic Power|p1a: Deoxys\n|-boost|p1a: Deoxys|def|1\n|-boost|p1a: Deoxys|spd|1\n|\n|upkeep\n|turn|21\n|\n|t:|1781455389\n|move|p2a: Arceus|Calm Mind|p2a: Arceus\n|-boost|p2a: Arceus|spa|1\n|-boost|p2a: Arceus|spd|1\n|move|p1a: Deoxys|Cosmic Power|p1a: Deoxys\n|-boost|p1a: Deoxys|def|1\n|-boost|p1a: Deoxys|spd|1\n|\n|upkeep\n|turn|22\n|\n|t:|1781455391\n|move|p2a: Arceus|Calm Mind|p2a: Arceus\n|-boost|p2a: Arceus|spa|1\n|-boost|p2a: Arceus|spd|1\n|move|p1a: Deoxys|Cosmic Power|p1a: Deoxys\n|-boost|p1a: Deoxys|def|1\n|-boost|p1a: Deoxys|spd|1\n|\n|upkeep\n|turn|23\n|\n|t:|1781455393\n|move|p2a: Arceus|Calm Mind|p2a: Arceus\n|-boost|p2a: Arceus|spa|1\n|-boost|p2a: Arceus|spd|1\n|move|p1a: Deoxys|Cosmic Power|p1a: Deoxys\n|-boost|p1a: Deoxys|def|1\n|-boost|p1a: Deoxys|spd|1\n|\n|upkeep\n|turn|24\n|\n|t:|1781455396\n|move|p2a: Arceus|Calm Mind|p2a: Arceus\n|-boost|p2a: Arceus|spa|1\n|-boost|p2a: Arceus|spd|1\n|move|p1a: Deoxys|Night Shade|p2a: Arceus\n|-damage|p2a: Arceus|211/295\n|\n|upkeep\n|turn|25\n|\n|t:|1781455403\n|-terastallize|p1a: Deoxys|Steel\n|move|p2a: Arceus|Judgment|p1a: Deoxys\n|-resisted|p1a: Deoxys\n|-damage|p1a: Deoxys|182/221\n|move|p1a: Deoxys|Stored Power|p2a: Arceus\n|-crit|p2a: Arceus\n|-damage|p2a: Arceus|0 fnt\n|faint|p2a: Arceus\n|\n|-heal|p1a: Deoxys|195/221|[from] item: Leftovers\n|upkeep\n|-message|cansermaro8 forfeited.\n|\n|win|Knayrus\n", "inputlog": ">version a8376a258c1d4662feba110a92103f3664a72141\n>start {\"formatid\":\"gen9randombattle\",\"seed\":\"sodium,ac0cf93562412f69295bfd4fd1f21d0d\",\"rated\":\"Rated battle\"}\n>player p1 {\"name\":\"Knayrus\",\"avatar\":\"drayden\",\"rating\":2155,\"seed\":\"sodium,2a5e8ca6dc7ebfe9dfda58f53090cd4c\"}\n>player p2 {\"name\":\"cansermaro8\",\"avatar\":\"266\",\"rating\":2195,\"seed\":\"sodium,d3534c984184280565b3368110db6250\"}\n>p1 move stealthrock\n>p2 switch 4\n>p1 switch 5\n>p2 move knockoff\n>p1 move encore\n>p2 move drainpunch\n>p1 move superfang\n>p2 move knockoff\n>p1 move discharge\n>p2 move knockoff\n>p1 switch 6\n>p2 move machpunch\n>p1 move nightshade\n>p2 switch 2\n>p1 switch 3\n>p2 move darkpulse\n>p1 move icefang\n>p2 move darkpulse\n>p2 switch 5\n>p1 move voltswitch\n>p2 move gigadrain\n>p1 switch 6\n>p1 move superfang\n>p2 switch 2\n>p1 move discharge\n>p2 move machpunch\n>p1 switch 3\n>p1 move nightshade\n>p2 move knockoff\n>p2 switch 6\n>p1 switch 5\n>p2 move fireblast\n>p1 move earthquake\n>p2 switch 2\n>p1 move stoneedge\n>p2 move gigadrain\n>p1 switch 5\n>p1 move nightshade\n>p2 move gigadrain\n>p2 switch 2\n>p1 move cosmicpower\n>p2 move recover\n>p1 move cosmicpower\n>p2 move calmmind\n>p1 move cosmicpower\n>p2 move calmmind\n>p1 move cosmicpower\n>p2 move calmmind\n>p1 move cosmicpower\n>p2 move calmmind\n>p1 move cosmicpower\n>p2 move calmmind\n>p1 move nightshade\n>p2 move calmmind\n>p1 move storedpower terastallize\n>p2 move judgment\n>forcelose p2", "uploadtime": 1781455159, "views": 4, "formatid": "gen9randombattle", "rating": null, "private": 0, "password": null, "player_dets": [{"name": "Knayrus", "avatar": "drayden", "rating": 2155, "seed": "sodium,2a5e8ca6dc7ebfe9dfda58f53090cd4c"}, {"name": "cansermaro8", "avatar": "266", "rating": 2195, "seed": "sodium,d3534c984184280565b3368110db6250"}], "teams_full": [{"Dugtrio": {"name": "Dugtrio", "species": "Dugtrio-Alola", "speciesId": "dugtrioalola", "gender": "M", "shiny": false, "level": 84, "moves": ["earthquake", "stoneedge", "stealthrock", "ironhead"], "ability": "Tangling Hair", "evs": {"hp": 85, "atk": 85, "def": 85, "spa": 85, "spd": 85, "spe": 85}, "ivs": {"hp": 31, "atk": 31, "def": 31, "spa": 31, "spd": 31, "spe": 31}, "item": "Life Orb", "teraType": "Steel", "role": "Fast Attacker", "bvs": {"hp": 35, "atk": 100, "def": 60, "spa": 50, "spd": 70, "spe": 110}, "stats": {"hp": 196, "atk": 216, "def": 149, "spa": 132, "spd": 166, "spe": 233}, "types": ["Ground", "Steel"]}, "Krookodile": {"name": "Krookodile", "species": "Krookodile", "speciesId": "krookodile", "gender": "F", "shiny": false, "level": 79, "moves": ["knockoff", "earthquake", "stoneedge", "gunkshot"], "ability": "Intimidate", "evs": {"hp": 85, "atk": 85, "def": 85, "spa": 85, "spd": 85, "spe": 85}, "ivs": {"hp": 31, "atk": 31, "def": 31, "spa": 31, "spd": 31, "spe": 31}, "item": "Choice Band", "teraType": "Ground", "role": "Fast Attacker", "bvs": {"hp": 95, "atk": 117, "def": 80, "spa": 65, "spd": 70, "spe": 92}, "stats": {"hp": 280, "atk": 230, "def": 172, "spa": 148, "spd": 156, "spe": 191}, "types": ["Ground", "Dark"]}, "Luxray": {"name": "Luxray", "species": "Luxray", "speciesId": "luxray", "gender": "M", "shiny": false, "level": 88, "moves": ["voltswitch", "icefang", "wildcharge", "playrough"], "ability": "Intimidate", "evs": {"hp": 85, "atk": 85, "def": 85, "spa": 85, "spd": 85, "spe": 85}, "ivs": {"hp": 31, "atk": 31, "def": 31, "spa": 31, "spd": 31, "spe": 31}, "item": "Assault Vest", "teraType": "Electric", "role": "AV Pivot", "bvs": {"hp": 80, "atk": 120, "def": 79, "spa": 95, "spd": 79, "spe": 70}, "stats": {"hp": 284, "atk": 261, "def": 189, "spa": 217, "spd": 189, "spe": 173}, "types": ["Electric"]}, "Iron Jugulis": {"name": "Iron Jugulis", "species": "Iron Jugulis", "speciesId": "ironjugulis", "gender": "N", "shiny": false, "level": 77, "moves": ["hurricane", "meteorbeam", "darkpulse", "earthpower"], "ability": "Quark Drive", "evs": {"hp": 85, "atk": 0, "def": 85, "spa": 85, "spd": 85, "spe": 85}, "ivs": {"hp": 31, "atk": 0, "def": 31, "spa": 31, "spd": 31, "spe": 31}, "item": "Power Herb", "teraType": "Dark", "role": "Setup Sweeper", "bvs": {"hp": 94, "atk": 80, "def": 86, "spa": 122, "spd": 80, "spe": 108}, "stats": {"hp": 271, "atk": 128, "def": 177, "spa": 232, "spd": 168, "spe": 211}, "types": ["Dark", "Flying"]}, "Pachirisu": {"name": "Pachirisu", "species": "Pachirisu", "speciesId": "pachirisu", "gender": "F", "shiny": false, "level": 96, "moves": ["encore", "superfang", "uturn", "discharge"], "ability": "Volt Absorb", "evs": {"hp": 85, "atk": 85, "def": 85, "spa": 85, "spd": 85, "spe": 85}, "ivs": {"hp": 31, "atk": 31, "def": 31, "spa": 31, "spd": 31, "spe": 31}, "item": "Heavy-Duty Boots", "teraType": "Flying", "role": "Fast Support", "bvs": {"hp": 60, "atk": 45, "def": 70, "spa": 45, "spd": 90, "spe": 95}, "stats": {"hp": 271, "atk": 141, "def": 189, "spa": 141, "spd": 227, "spe": 237}, "types": ["Electric"]}, "Deoxys": {"name": "Deoxys", "species": "Deoxys-Defense", "speciesId": "deoxysdefense", "gender": "N", "shiny": false, "level": 84, "moves": ["cosmicpower", "nightshade", "recover", "storedpower"], "ability": "Pressure", "evs": {"hp": 85, "atk": 0, "def": 85, "spa": 85, "spd": 85, "spe": 85}, "ivs": {"hp": 31, "atk": 0, "def": 31, "spa": 31, "spd": 31, "spe": 31}, "item": "Leftovers", "teraType": "Steel", "role": "Bulky Setup", "bvs": {"hp": 50, "atk": 70, "def": 160, "spa": 70, "spd": 160, "spe": 90}, "stats": {"hp": 221, "atk": 122, "def": 317, "spa": 166, "spd": 317, "spe": 199}, "types": ["Psychic"]}}, {"Raging Bolt": {"name": "Raging Bolt", "species": "Raging Bolt", "speciesId": "ragingbolt", "gender": "N", "shiny": false, "level": 78, "moves": ["thunderclap", "thunderbolt", "dracometeor", "calmmind"], "ability": "Protosynthesis", "evs": {"hp": 85, "atk": 0, "def": 85, "spa": 85, "spd": 85, "spe": 85}, "ivs": {"hp": 31, "atk": 0, "def": 31, "spa": 31, "spd": 31, "spe": 31}, "item": "Leftovers", "teraType": "Electric", "role": "Bulky Setup", "bvs": {"hp": 125, "atk": 73, "def": 91, "spa": 137, "spd": 89, "spe": 75}, "stats": {"hp": 323, "atk": 118, "def": 187, "spa": 259, "spd": 184, "spe": 162}, "types": ["Electric", "Dragon"]}, "Iron Jugulis": {"name": "Iron Jugulis", "species": "Iron Jugulis", "speciesId": "ironjugulis", "gender": "N", "shiny": false, "level": 77, "moves": ["darkpulse", "uturn", "earthpower", "hurricane"], "ability": "Quark Drive", "evs": {"hp": 85, "atk": 85, "def": 85, "spa": 85, "spd": 85, "spe": 85}, "ivs": {"hp": 31, "atk": 31, "def": 31, "spa": 31, "spd": 31, "spe": 31}, "item": "Choice Specs", "teraType": "Flying", "role": "Wallbreaker", "bvs": {"hp": 94, "atk": 80, "def": 86, "spa": 122, "spd": 80, "spe": 108}, "stats": {"hp": 271, "atk": 168, "def": 177, "spa": 232, "spd": 168, "spe": 211}, "types": ["Dark", "Flying"]}, "Blastoise": {"name": "Blastoise", "species": "Blastoise", "speciesId": "blastoise", "gender": "M", "shiny": false, "level": 80, "moves": ["icebeam", "terablast", "hydropump", "shellsmash"], "ability": "Torrent", "evs": {"hp": 85, "atk": 0, "def": 85, "spa": 85, "spd": 85, "spe": 85}, "ivs": {"hp": 31, "atk": 0, "def": 31, "spa": 31, "spd": 31, "spe": 31}, "item": "White Herb", "teraType": "Electric", "role": "Tera Blast user", "bvs": {"hp": 79, "atk": 83, "def": 100, "spa": 85, "spd": 105, "spe": 78}, "stats": {"hp": 258, "atk": 137, "def": 206, "spa": 182, "spd": 214, "spe": 171}, "types": ["Water"]}, "Gurdurr": {"name": "Gurdurr", "species": "Gurdurr", "speciesId": "gurdurr", "gender": "M", "shiny": false, "level": 85, "moves": ["drainpunch", "knockoff", "machpunch", "bulkup"], "ability": "Guts", "evs": {"hp": 85, "atk": 85, "def": 85, "spa": 85, "spd": 85, "spe": 85}, "ivs": {"hp": 31, "atk": 31, "def": 31, "spa": 31, "spd": 31, "spe": 31}, "item": "Eviolite", "teraType": "Steel", "role": "Bulky Attacker", "bvs": {"hp": 85, "atk": 105, "def": 85, "spa": 40, "spd": 50, "spe": 40}, "stats": {"hp": 283, "atk": 227, "def": 193, "spa": 117, "spd": 134, "spe": 117}, "types": ["Fighting"]}, "Ludicolo": {"name": "Ludicolo", "species": "Ludicolo", "speciesId": "ludicolo", "gender": "M", "shiny": false, "level": 90, "moves": ["gigadrain", "hydropump", "leafstorm", "icebeam"], "ability": "Swift Swim", "evs": {"hp": 85, "atk": 0, "def": 85, "spa": 85, "spd": 85, "spe": 85}, "ivs": {"hp": 31, "atk": 0, "def": 31, "spa": 31, "spd": 31, "spe": 31}, "item": "Choice Specs", "teraType": "Grass", "role": "Fast Attacker", "bvs": {"hp": 80, "atk": 70, "def": 70, "spa": 90, "spd": 100, "spe": 70}, "stats": {"hp": 290, "atk": 131, "def": 177, "spa": 213, "spd": 231, "spe": 177}, "types": ["Water", "Grass"]}, "Arceus": {"name": "Arceus", "species": "Arceus-Bug", "speciesId": "arceusbug", "gender": "N", "shiny": false, "level": 73, "moves": ["recover", "judgment", "fireblast", "calmmind"], "ability": "Multitype", "evs": {"hp": 81, "atk": 0, "def": 85, "spa": 85, "spd": 85, "spe": 85}, "ivs": {"hp": 31, "atk": 0, "def": 31, "spa": 31, "spd": 31, "spe": 31}, "item": "Insect Plate", "teraType": "Fire", "role": "Bulky Setup", "bvs": {"hp": 120, "atk": 120, "def": 120, "spa": 120, "spd": 120, "spe": 120}, "stats": {"hp": 295, "atk": 180, "def": 218, "spa": 218, "spd": 218, "spe": 218}, "types": ["Bug"]}}]}