{"id": "gen9randombattle-2631924175", "format": "[Gen 9] Random Battle", "players": ["Alexander Babits", "YUNGCORV"], "log": "|j|\u203dAlexander Babits\n|j|\u2606YUNGCORV\n|t:|1781456152\n|gametype|singles\n|player|p1|Alexander Babits|2|2079\n|player|p2|YUNGCORV|1|2130\n|gen|9\n|tier|[Gen 9] Random Battle\n|rated|\n|rule|Species Clause: Limit one of each Pok\u00e9mon\n|rule|HP Percentage Mod: HP is shown in percentages\n|rule|Sleep Clause Mod: Limit one foe put to sleep\n|rule|Illusion Level Mod: Illusion disguises the Pok\u00e9mon's true level\n|\n|t:|1781456152\n|teamsize|p1|6\n|teamsize|p2|6\n|start\n|switch|p1a: Palafin|Palafin, L77, F|281/281\n|switch|p2a: Piloswine|Piloswine, L85, F|309/309\n|turn|1\n|inactive|Battle timer is ON: inactive players will automatically lose when time's up. (requested by YUNGCORV)\n|\n|t:|1781456181\n|detailschange|p1a: Palafin|Palafin-Hero, L77, F\n|switch|p1a: Espeon|Espeon, L84, M|246/246\n|move|p2a: Piloswine|Stealth Rock|p1a: Espeon\n|move|p1a: Espeon|Stealth Rock|p2a: Piloswine|[from] ability: Magic Bounce\n|-sidestart|p2: YUNGCORV|move: Stealth Rock\n|\n|upkeep\n|turn|2\n|\n|t:|1781456209\n|switch|p1a: Palafin|Palafin-Hero, L77, F|281/281\n|-activate|p1a: Palafin|ability: Zero to Hero\n|switch|p2a: Iron Treads|Iron Treads, L77|265/265\n|-damage|p2a: Iron Treads|257/265|[from] Stealth Rock\n|\n|upkeep\n|turn|3\n|\n|t:|1781456229\n|move|p2a: Iron Treads|Volt Switch|p1a: Palafin\n|-supereffective|p1a: Palafin\n|-damage|p1a: Palafin|203/281\n|\n|t:|1781456232\n|-end|p2a: Iron Treads|Quark Drive|[silent]\n|switch|p2a: Rayquaza|Rayquaza, L72|270/270|[from] Volt Switch\n|-ability|p2a: Rayquaza|Air Lock\n|move|p1a: Palafin|Bulk Up|p1a: Palafin\n|-boost|p1a: Palafin|atk|1\n|-boost|p1a: Palafin|def|1\n|\n|-heal|p1a: Palafin|220/281|[from] item: Leftovers\n|upkeep\n|turn|4\n|\n|t:|1781456248\n|-terastallize|p2a: Rayquaza|Steel\n|move|p1a: Palafin|Ice Punch|p2a: Rayquaza\n|-resisted|p2a: Rayquaza\n|-damage|p2a: Rayquaza|211/270\n|move|p2a: Rayquaza|Dragon Dance|p2a: Rayquaza\n|-boost|p2a: Rayquaza|atk|1\n|-boost|p2a: Rayquaza|spe|1\n|\n|-heal|p1a: Palafin|237/281|[from] item: Leftovers\n|upkeep\n|turn|5\n|\n|t:|1781456258\n|move|p2a: Rayquaza|Outrage|p1a: Palafin\n|-damage|p1a: Palafin|113/281\n|move|p1a: Palafin|Drain Punch|p2a: Rayquaza\n|-supereffective|p2a: Rayquaza\n|-damage|p2a: Rayquaza|0 fnt\n|-heal|p1a: Palafin|219/281|[from] drain|[of] p2a: Rayquaza\n|faint|p2a: Rayquaza\n|\n|-heal|p1a: Palafin|236/281|[from] item: Leftovers\n|upkeep\n|l|\u2606YUNGCORV\n|inactive|YUNGCORV disconnected and has a minute to reconnect!\n|player|p2|\n|inactive|YUNGCORV has 30 seconds to reconnect!\n|inactive|YUNGCORV has 20 seconds to reconnect!\n|inactive|YUNGCORV has 15 seconds to reconnect!\n|inactive|YUNGCORV has 10 seconds to reconnect!\n|inactive|YUNGCORV has 5 seconds to reconnect!\n|-message|YUNGCORV lost due to inactivity.\n|\n|win|Alexander Babits\n", "inputlog": ">version a8376a258c1d4662feba110a92103f3664a72141\n>start {\"formatid\":\"gen9randombattle\",\"seed\":\"sodium,ca9ef6c66089fdf4bb5d45f5025b3a11\",\"rated\":\"Rated battle\"}\n>player p1 {\"name\":\"Alexander Babits\",\"avatar\":\"2\",\"rating\":2079,\"seed\":\"sodium,6858ada7b07ba39ad2cc4192ded5d410\"}\n>player p2 {\"name\":\"YUNGCORV\",\"avatar\":\"1\",\"rating\":2130,\"seed\":\"sodium,6f51b7f09ff0cafe3a99d95b360b9ff8\"}\n>p1 switch 6\n>p2 move stealthrock\n>p1 switch 6\n>p2 switch 3\n>p1 move bulkup\n>p2 move voltswitch\n>p2 switch 5\n>p1 move icepunch\n>p2 move dragondance terastallize\n>p1 move drainpunch\n>p2 move outrage\n>forcelose p2", "uploadtime": 1781456154, "views": 6, "formatid": "gen9randombattle", "rating": null, "private": 0, "password": null, "player_dets": [{"name": "Alexander Babits", "avatar": "2", "rating": 2079, "seed": "sodium,6858ada7b07ba39ad2cc4192ded5d410"}, {"name": "YUNGCORV", "avatar": "1", "rating": 2130, "seed": "sodium,6f51b7f09ff0cafe3a99d95b360b9ff8"}], "teams_full": [{"Palafin": {"name": "Palafin", "species": "Palafin", "speciesId": "palafin", "gender": "F", "shiny": false, "level": 77, "moves": ["icepunch", "jetpunch", "drainpunch", "bulkup"], "ability": "Zero to Hero", "evs": {"hp": 85, "atk": 85, "def": 85, "spa": 85, "spd": 85, "spe": 85}, "ivs": {"hp": 31, "atk": 31, "def": 31, "spa": 31, "spd": 31, "spe": 31}, "item": "Leftovers", "teraType": "Steel", "role": "Bulky Setup", "bvs": {"hp": 100, "atk": 70, "def": 72, "spa": 53, "spd": 62, "spe": 100}, "stats": {"hp": 281, "atk": 152, "def": 155, "spa": 126, "spd": 140, "spe": 199}}, "Toxicroak": {"name": "Toxicroak", "species": "Toxicroak", "speciesId": "toxicroak", "gender": "M", "shiny": false, "level": 84, "moves": ["knockoff", "closecombat", "gunkshot", "earthquake"], "ability": "Dry Skin", "evs": {"hp": 85, "atk": 85, "def": 85, "spa": 85, "spd": 85, "spe": 85}, "ivs": {"hp": 31, "atk": 31, "def": 31, "spa": 31, "spd": 31, "spe": 31}, "item": "Choice Scarf", "teraType": "Dark", "role": "Fast Attacker", "bvs": {"hp": 83, "atk": 106, "def": 65, "spa": 86, "spd": 65, "spe": 85}, "stats": {"hp": 277, "atk": 226, "def": 157, "spa": 193, "spd": 157, "spe": 191}}, "Raging Bolt": {"name": "Raging Bolt", "species": "Raging Bolt", "speciesId": "ragingbolt", "gender": "N", "shiny": false, "level": 78, "moves": ["calmmind", "dragonpulse", "thunderbolt", "thunderclap"], "ability": "Protosynthesis", "evs": {"hp": 85, "atk": 0, "def": 85, "spa": 85, "spd": 85, "spe": 85}, "ivs": {"hp": 31, "atk": 0, "def": 31, "spa": 31, "spd": 31, "spe": 31}, "item": "Booster Energy", "teraType": "Electric", "role": "Fast Bulky Setup", "bvs": {"hp": 125, "atk": 73, "def": 91, "spa": 137, "spd": 89, "spe": 75}, "stats": {"hp": 323, "atk": 118, "def": 187, "spa": 259, "spd": 184, "spe": 162}}, "Hydrapple": {"name": "Hydrapple", "species": "Hydrapple", "speciesId": "hydrapple", "gender": "M", "shiny": false, "level": 83, "moves": ["ficklebeam", "earthpower", "dracometeor", "leafstorm"], "ability": "Regenerator", "evs": {"hp": 85, "atk": 0, "def": 85, "spa": 85, "spd": 85, "spe": 85}, "ivs": {"hp": 31, "atk": 0, "def": 31, "spa": 31, "spd": 31, "spe": 31}, "item": "Choice Specs", "teraType": "Dragon", "role": "Wallbreaker", "bvs": {"hp": 106, "atk": 80, "def": 110, "spa": 120, "spd": 80, "spe": 44}, "stats": {"hp": 312, "atk": 137, "def": 230, "spa": 247, "spd": 180, "spe": 121}}, "Inteleon": {"name": "Inteleon", "species": "Inteleon", "speciesId": "inteleon", "gender": "M", "shiny": false, "level": 81, "moves": ["uturn", "icebeam", "hydropump", "scald"], "ability": "Torrent", "evs": {"hp": 85, "atk": 85, "def": 85, "spa": 85, "spd": 85, "spe": 85}, "ivs": {"hp": 31, "atk": 31, "def": 31, "spa": 31, "spd": 31, "spe": 31}, "item": "Choice Specs", "teraType": "Water", "role": "Wallbreaker", "bvs": {"hp": 70, "atk": 85, "def": 65, "spa": 125, "spd": 65, "spe": 120}, "stats": {"hp": 246, "atk": 184, "def": 152, "spa": 249, "spd": 152, "spe": 241}}, "Espeon": {"name": "Espeon", "species": "Espeon", "speciesId": "espeon", "gender": "M", "shiny": false, "level": 84, "moves": ["alluringvoice", "shadowball", "trick", "psychic"], "ability": "Magic Bounce", "evs": {"hp": 85, "atk": 0, "def": 85, "spa": 85, "spd": 85, "spe": 85}, "ivs": {"hp": 31, "atk": 0, "def": 31, "spa": 31, "spd": 31, "spe": 31}, "item": "Choice Specs", "teraType": "Psychic", "role": "Fast Attacker", "bvs": {"hp": 65, "atk": 65, "def": 60, "spa": 130, "spd": 95, "spe": 110}, "stats": {"hp": 246, "atk": 114, "def": 149, "spa": 267, "spd": 208, "spe": 233}}}, {"Piloswine": {"name": "Piloswine", "species": "Piloswine", "speciesId": "piloswine", "gender": "F", "shiny": false, "level": 85, "moves": ["stealthrock", "earthquake", "roar", "iciclecrash"], "ability": "Thick Fat", "evs": {"hp": 85, "atk": 85, "def": 85, "spa": 85, "spd": 85, "spe": 85}, "ivs": {"hp": 31, "atk": 31, "def": 31, "spa": 31, "spd": 31, "spe": 31}, "item": "Eviolite", "teraType": "Dragon", "role": "Bulky Support", "bvs": {"hp": 100, "atk": 100, "def": 80, "spa": 60, "spd": 60, "spe": 50}, "stats": {"hp": 309, "atk": 219, "def": 185, "spa": 151, "spd": 151, "spe": 134}}, "Thundurus": {"name": "Thundurus", "species": "Thundurus", "speciesId": "thundurus", "gender": "M", "shiny": false, "level": 80, "moves": ["taunt", "sludgewave", "thunderbolt", "uturn"], "ability": "Prankster", "evs": {"hp": 85, "atk": 85, "def": 85, "spa": 85, "spd": 85, "spe": 85}, "ivs": {"hp": 31, "atk": 31, "def": 31, "spa": 31, "spd": 31, "spe": 31}, "item": "Heavy-Duty Boots", "teraType": "Steel", "role": "Fast Attacker", "bvs": {"hp": 79, "atk": 115, "def": 70, "spa": 125, "spd": 80, "spe": 111}, "stats": {"hp": 258, "atk": 230, "def": 158, "spa": 246, "spd": 174, "spe": 224}}, "Iron Treads": {"name": "Iron Treads", "species": "Iron Treads", "speciesId": "irontreads", "gender": "N", "shiny": false, "level": 77, "moves": ["rapidspin", "ironhead", "earthquake", "voltswitch"], "ability": "Quark Drive", "evs": {"hp": 85, "atk": 85, "def": 85, "spa": 85, "spd": 85, "spe": 85}, "ivs": {"hp": 31, "atk": 31, "def": 31, "spa": 31, "spd": 31, "spe": 31}, "item": "Assault Vest", "teraType": "Dragon", "role": "Bulky Support", "bvs": {"hp": 90, "atk": 112, "def": 120, "spa": 72, "spd": 70, "spe": 106}, "stats": {"hp": 265, "atk": 217, "def": 229, "spa": 155, "spd": 152, "spe": 208}}, "Beartic": {"name": "Beartic", "species": "Beartic", "speciesId": "beartic", "gender": "M", "shiny": false, "level": 91, "moves": ["iciclecrash", "snowscape", "swordsdance", "closecombat"], "ability": "Slush Rush", "evs": {"hp": 85, "atk": 85, "def": 85, "spa": 85, "spd": 85, "spe": 85}, "ivs": {"hp": 31, "atk": 31, "def": 31, "spa": 31, "spd": 31, "spe": 31}, "item": "Heavy-Duty Boots", "teraType": "Fighting", "role": "Wallbreaker", "bvs": {"hp": 95, "atk": 130, "def": 80, "spa": 70, "spd": 80, "spe": 50}, "stats": {"hp": 321, "atk": 288, "def": 197, "spa": 179, "spd": 197, "spe": 143}}, "Rayquaza": {"name": "Rayquaza", "species": "Rayquaza", "speciesId": "rayquaza", "gender": "N", "shiny": false, "level": 72, "moves": ["dragondance", "outrage", "dragonascent", "earthquake"], "ability": "Air Lock", "evs": {"hp": 85, "atk": 85, "def": 85, "spa": 85, "spd": 85, "spe": 85}, "ivs": {"hp": 31, "atk": 31, "def": 31, "spa": 31, "spd": 31, "spe": 31}, "item": "Heavy-Duty Boots", "teraType": "Steel", "role": "Setup Sweeper", "bvs": {"hp": 105, "atk": 150, "def": 90, "spa": 150, "spd": 90, "spe": 95}, "stats": {"hp": 270, "atk": 258, "def": 172, "spa": 258, "spd": 172, "spe": 179}}, "Gardevoir": {"name": "Gardevoir", "species": "Gardevoir", "speciesId": "gardevoir", "gender": "F", "shiny": false, "level": 83, "moves": ["focusblast", "psyshock", "trick", "moonblast"], "ability": "Trace", "evs": {"hp": 85, "atk": 0, "def": 85, "spa": 85, "spd": 85, "spe": 85}, "ivs": {"hp": 31, "atk": 0, "def": 31, "spa": 31, "spd": 31, "spe": 31}, "item": "Choice Scarf", "teraType": "Fighting", "role": "Fast Attacker", "bvs": {"hp": 68, "atk": 65, "def": 65, "spa": 125, "spd": 115, "spe": 80}, "stats": {"hp": 249, "atk": 112, "def": 156, "spa": 255, "spd": 239, "spe": 180}}}]}