{"id": "gen9randombattle-2631644671", "format": "[Gen 9] Random Battle", "players": ["nutbustas", "JhuniorCq"], "log": "|j|\u203dnutbustas\n|j|\u2606JhuniorCq\n|t:|1781413952\n|gametype|singles\n|player|p1|nutbustas|plumeria|1969\n|player|p2|JhuniorCq|169|1998\n|gen|9\n|tier|[Gen 9] Random Battle\n|rated|\n|rule|Species Clause: Limit one of each Pok\u00e9mon\n|rule|HP Percentage Mod: HP is shown in percentages\n|rule|Sleep Clause Mod: Limit one foe put to sleep\n|rule|Illusion Level Mod: Illusion disguises the Pok\u00e9mon's true level\n|\n|t:|1781413952\n|teamsize|p1|6\n|teamsize|p2|6\n|start\n|switch|p1a: Terapagos|Terapagos, L77, M|265/265\n|switch|p2a: Glalie|Glalie, L96, M|309/309\n|-activate|p1a: Terapagos|ability: Tera Shift\n|detailschange|p1a: Terapagos|Terapagos-Terastal, L77, M\n|-heal|p1a: Terapagos|273/273|[silent]\n|turn|1\n|\n|t:|1781413967\n|move|p2a: Glalie|Taunt|p1a: Terapagos\n|-start|p1a: Terapagos|move: Taunt\n|cant|p1a: Terapagos|move: Taunt|Calm Mind\n|\n|upkeep\n|turn|2\n|\n|t:|1781413972\n|switch|p2a: Virizion|Virizion, L82|283/283\n|move|p1a: Terapagos|Tera Starstorm|p2a: Virizion\n|-damage|p2a: Virizion|198/283\n|\n|upkeep\n|turn|3\n|\n|t:|1781413976\n|move|p2a: Virizion|Swords Dance|p2a: Virizion\n|-boost|p2a: Virizion|atk|2\n|move|p1a: Terapagos|Tera Starstorm|p2a: Virizion\n|-damage|p2a: Virizion|114/283\n|\n|-end|p1a: Terapagos|move: Taunt\n|upkeep\n|turn|4\n|\n|t:|1781413979\n|move|p2a: Virizion|Leaf Blade|p1a: Terapagos\n|-activate|p1a: Terapagos|ability: Tera Shell\n|-resisted|p1a: Terapagos\n|-damage|p1a: Terapagos|176/273\n|-damage|p2a: Virizion|86/283|[from] item: Life Orb\n|move|p1a: Terapagos|Tera Starstorm|p2a: Virizion\n|-damage|p2a: Virizion|4/283\n|\n|upkeep\n|turn|5\n|\n|t:|1781413986\n|switch|p1a: Ribombee|Ribombee, L83, F|235/235\n|move|p2a: Virizion|Close Combat|p1a: Ribombee\n|-resisted|p1a: Ribombee\n|-damage|p1a: Ribombee|138/235\n|-unboost|p2a: Virizion|def|1\n|-unboost|p2a: Virizion|spd|1\n|-damage|p2a: Virizion|0 fnt|[from] item: Life Orb\n|faint|p2a: Virizion\n|\n|upkeep\n|\n|t:|1781413994\n|switch|p2a: Froslass|Froslass, L87, F|263/263\n|turn|6\n|\n|t:|1781413998\n|move|p1a: Ribombee|Sticky Web|p2a: Froslass\n|-sidestart|p2: JhuniorCq|move: Sticky Web\n|move|p2a: Froslass|Triple Axel|p1a: Ribombee\n|-damage|p1a: Ribombee|108/235\n|-damage|p1a: Ribombee|51/235\n|-damage|p1a: Ribombee|0 fnt\n|faint|p1a: Ribombee\n|-hitcount|p1: Ribombee|3\n|\n|upkeep\n|\n|t:|1781414011\n|switch|p1a: Passimian|Passimian, L83, F|302/302\n|turn|7\n|\n|t:|1781414017\n|switch|p2a: Mandibuzz|Mandibuzz, L85, F|326/326\n|move|p1a: Passimian|Knock Off|p2a: Mandibuzz\n|-resisted|p2a: Mandibuzz\n|-damage|p2a: Mandibuzz|290/326\n|-enditem|p2a: Mandibuzz|Heavy-Duty Boots|[from] move: Knock Off|[of] p1a: Passimian\n|\n|upkeep\n|turn|8\n|\n|t:|1781414045\n|switch|p1a: Rotom|Rotom-Fan, L86|226/226\n|move|p2a: Mandibuzz|Defog|p1a: Rotom\n|-unboost|p1a: Rotom|evasion|1\n|-sideend|p2: JhuniorCq|Sticky Web|[from] move: Defog|[of] p2a: Mandibuzz\n|\n|upkeep\n|turn|9\n|\n|t:|1781414053\n|switch|p2a: Glalie|Glalie, L96, M|309/309\n|move|p1a: Rotom|Thunder Wave|p2a: Glalie\n|-status|p2a: Glalie|par\n|\n|upkeep\n|turn|10\n|\n|t:|1781414056\n|move|p1a: Rotom|Volt Switch|p2a: Glalie\n|-damage|p2a: Glalie|234/309 par\n|\n|t:|1781414059\n|switch|p1a: Passimian|Passimian, L83, F|302/302|[from] Volt Switch\n|move|p2a: Glalie|Freeze-Dry|p1a: Passimian\n|-damage|p1a: Passimian|199/302\n|\n|-heal|p1a: Passimian|217/302|[from] item: Leftovers\n|upkeep\n|turn|11\n|\n|t:|1781414064\n|move|p1a: Passimian|Bulk Up|p1a: Passimian\n|-boost|p1a: Passimian|atk|1\n|-boost|p1a: Passimian|def|1\n|move|p2a: Glalie|Freeze-Dry|p1a: Passimian\n|-damage|p1a: Passimian|100/302\n|\n|-heal|p1a: Passimian|118/302|[from] item: Leftovers\n|upkeep\n|turn|12\n|\n|t:|1781414066\n|move|p1a: Passimian|Drain Punch|p2a: Glalie\n|-supereffective|p2a: Glalie\n|-damage|p2a: Glalie|0 fnt\n|-heal|p1a: Passimian|235/302|[from] drain|[of] p2a: Glalie\n|faint|p2a: Glalie\n|\n|-heal|p1a: Passimian|253/302|[from] item: Leftovers\n|upkeep\n|\n|t:|1781414070\n|switch|p2a: Inteleon|Inteleon, L81, M|246/246\n|turn|13\n|\n|t:|1781414074\n|switch|p1a: Tatsugiri|Tatsugiri, L87, M|260/260\n|move|p2a: Inteleon|Hydro Pump|p1a: Tatsugiri\n|-ability|p1a: Tatsugiri|Storm Drain|boost\n|-boost|p1a: Tatsugiri|spa|1\n|\n|upkeep\n|turn|14\n|\n|t:|1781414080\n|switch|p2a: Froslass|Froslass, L87, F|263/263\n|move|p1a: Tatsugiri|Surf|p2a: Froslass\n|-damage|p2a: Froslass|50/263\n|-start|p1a: Tatsugiri|Disable|Surf|[from] ability: Cursed Body|[of] p2a: Froslass\n|\n|upkeep\n|turn|15\n|\n|t:|1781414090\n|switch|p1a: Passimian|Passimian, L83, F|253/302\n|move|p2a: Froslass|Destiny Bond|p2a: Froslass\n|-singlemove|p2a: Froslass|Destiny Bond\n|\n|-heal|p1a: Passimian|271/302|[from] item: Leftovers\n|upkeep\n|turn|16\n|\n|t:|1781414098\n|move|p2a: Froslass|Triple Axel|p1a: Passimian\n|-damage|p1a: Passimian|250/302\n|-damage|p1a: Passimian|213/302\n|-damage|p1a: Passimian|156/302\n|-hitcount|p1a: Passimian|3\n|move|p1a: Passimian|Bulk Up|p1a: Passimian\n|-boost|p1a: Passimian|atk|1\n|-boost|p1a: Passimian|def|1\n|\n|-heal|p1a: Passimian|174/302|[from] item: Leftovers\n|upkeep\n|turn|17\n|\n|t:|1781414102\n|move|p2a: Froslass|Destiny Bond|p2a: Froslass\n|-singlemove|p2a: Froslass|Destiny Bond\n|move|p1a: Passimian|Bulk Up|p1a: Passimian\n|-boost|p1a: Passimian|atk|1\n|-boost|p1a: Passimian|def|1\n|\n|-heal|p1a: Passimian|192/302|[from] item: Leftovers\n|upkeep\n|turn|18\n|\n|t:|1781414107\n|move|p2a: Froslass|Triple Axel|p1a: Passimian\n|-damage|p1a: Passimian|182/302\n|-damage|p1a: Passimian|161/302\n|-damage|p1a: Passimian|134/302\n|-hitcount|p1a: Passimian|3\n|move|p1a: Passimian|Knock Off|p2a: Froslass\n|-supereffective|p2a: Froslass\n|-crit|p2a: Froslass\n|-damage|p2a: Froslass|0 fnt\n|-enditem|p2a: Froslass|Wide Lens|[from] move: Knock Off|[of] p1a: Passimian\n|faint|p2a: Froslass\n|\n|-heal|p1a: Passimian|152/302|[from] item: Leftovers\n|upkeep\n|\n|t:|1781414115\n|switch|p2a: Inteleon|Inteleon, L81, M|246/246\n|turn|19\n|\n|t:|1781414117\n|move|p2a: Inteleon|Ice Beam|p1a: Passimian\n|-damage|p1a: Passimian|6/302\n|move|p1a: Passimian|Drain Punch|p2a: Inteleon\n|-damage|p2a: Inteleon|15/246\n|-heal|p1a: Passimian|122/302|[from] drain|[of] p2a: Inteleon\n|\n|-heal|p1a: Passimian|140/302|[from] item: Leftovers\n|upkeep\n|turn|20\n|\n|t:|1781414121\n|move|p2a: Inteleon|Ice Beam|p1a: Passimian\n|-damage|p1a: Passimian|0 fnt\n|faint|p1a: Passimian\n|\n|upkeep\n|\n|t:|1781414126\n|switch|p1a: Terapagos|Terapagos-Terastal, L77, M|176/273\n|turn|21\n|\n|t:|1781414131\n|switch|p2a: Bastiodon|Bastiodon, L89, F|252/252\n|move|p1a: Terapagos|Tera Starstorm|p2a: Bastiodon\n|-resisted|p2a: Bastiodon\n|-damage|p2a: Bastiodon|233/252\n|\n|upkeep\n|turn|22\n|\n|t:|1781414142\n|switch|p2a: Mandibuzz|Mandibuzz, L85, F|290/326\n|move|p1a: Terapagos|Earth Power|p2a: Mandibuzz\n|-immune|p2a: Mandibuzz\n|\n|upkeep\n|turn|23\n|\n|t:|1781414147\n|move|p2a: Mandibuzz|Foul Play|p1a: Terapagos\n|-damage|p1a: Terapagos|103/273\n|move|p1a: Terapagos|Calm Mind|p1a: Terapagos\n|-boost|p1a: Terapagos|spa|1\n|-boost|p1a: Terapagos|spd|1\n|\n|upkeep\n|turn|24\n|\n|t:|1781414153\n|move|p2a: Mandibuzz|Brave Bird|p1a: Terapagos\n|-crit|p1a: Terapagos\n|-damage|p1a: Terapagos|0 fnt\n|faint|p1a: Terapagos\n|-damage|p2a: Mandibuzz|256/326|[from] Recoil\n|\n|upkeep\n|\n|t:|1781414156\n|switch|p1a: Rotom|Rotom-Fan, L86|226/226\n|turn|25\n|\n|t:|1781414160\n|-terastallize|p2a: Mandibuzz|Steel\n|move|p1a: Rotom|Thunderbolt|p2a: Mandibuzz\n|-crit|p2a: Mandibuzz\n|-damage|p2a: Mandibuzz|97/326\n|move|p2a: Mandibuzz|Foul Play|p1a: Rotom\n|-damage|p1a: Rotom|172/226\n|\n|upkeep\n|turn|26\n|\n|t:|1781414164\n|move|p1a: Rotom|Thunderbolt|p2a: Mandibuzz\n|-damage|p2a: Mandibuzz|0 fnt\n|faint|p2a: Mandibuzz\n|\n|upkeep\n|\n|t:|1781414169\n|switch|p2a: Inteleon|Inteleon, L81, M|15/246\n|turn|27\n|\n|t:|1781414172\n|move|p2a: Inteleon|Ice Beam|p1a: Rotom\n|-supereffective|p1a: Rotom\n|-damage|p1a: Rotom|0 fnt\n|faint|p1a: Rotom\n|\n|upkeep\n|\n|t:|1781414176\n|switch|p1a: Tatsugiri|Tatsugiri, L87, M|260/260\n|turn|28\n|\n|t:|1781414180\n|move|p2a: Inteleon|Ice Beam|p1a: Tatsugiri\n|-damage|p1a: Tatsugiri|154/260\n|move|p1a: Tatsugiri|Surf|p2a: Inteleon\n|-resisted|p2a: Inteleon\n|-damage|p2a: Inteleon|0 fnt\n|faint|p2a: Inteleon\n|\n|upkeep\n|\n|t:|1781414183\n|switch|p2a: Bastiodon|Bastiodon, L89, F|233/252\n|turn|29\n|\n|t:|1781414185\n|move|p1a: Tatsugiri|Surf|p2a: Bastiodon\n|-supereffective|p2a: Bastiodon\n|-damage|p2a: Bastiodon|63/252\n|move|p2a: Bastiodon|Body Press|p1a: Tatsugiri\n|-damage|p1a: Tatsugiri|18/260\n|\n|upkeep\n|turn|30\n|\n|t:|1781414188\n|move|p1a: Tatsugiri|Surf|p2a: Bastiodon\n|-supereffective|p2a: Bastiodon\n|-damage|p2a: Bastiodon|0 fnt\n|faint|p2a: Bastiodon\n|\n|win|nutbustas\n", "inputlog": ">version a8376a258c1d4662feba110a92103f3664a72141\n>start {\"formatid\":\"gen9randombattle\",\"seed\":\"sodium,7556ccd066e78d7683c6ee30ae93231b\",\"rated\":\"Rated battle\"}\n>player p1 {\"name\":\"nutbustas\",\"avatar\":\"plumeria\",\"rating\":1969,\"seed\":\"sodium,50c9f39373071ffe547a9d5f0bee026a\"}\n>player p2 {\"name\":\"JhuniorCq\",\"avatar\":\"169\",\"rating\":1998,\"seed\":\"sodium,8fd0920b8e13b81ea295b82242f3ad0c\"}\n>p1 move calmmind\n>p2 move taunt\n>p1 move terastarstorm\n>p2 switch 4\n>p1 move terastarstorm\n>p2 move swordsdance\n>p1 move terastarstorm\n>p2 move leafblade\n>p1 switch 3\n>p2 move closecombat\n>p2 switch 3\n>p1 move stickyweb\n>p2 move tripleaxel\n>p1 switch 6\n>p1 move knockoff\n>p2 switch 5\n>p1 switch 5\n>p2 move defog\n>p1 move thunderwave\n>p2 switch 4\n>p1 move voltswitch\n>p2 move freezedry\n>p1 switch 5\n>p1 move bulkup\n>p2 move freezedry\n>p1 move drainpunch\n>p2 move freezedry\n>p2 switch 2\n>p1 switch 2\n>p2 move hydropump\n>p1 move surf\n>p2 switch 5\n>p1 switch 2\n>p2 move destinybond\n>p1 move bulkup\n>p2 move tripleaxel\n>p1 move bulkup\n>p2 move destinybond\n>p1 move knockoff\n>p2 move tripleaxel\n>p2 switch 5\n>p1 move drainpunch\n>p2 move icebeam\n>p1 move drainpunch\n>p2 move icebeam\n>p1 switch 3\n>p1 move terastarstorm\n>p2 switch 6\n>p1 move earthpower\n>p2 switch 4\n>p1 move calmmind\n>p2 move foulplay\n>p1 move rest\n>p2 move bravebird\n>p1 switch 5\n>p1 move thunderbolt\n>p2 move foulplay terastallize\n>p1 move thunderbolt\n>p2 move roost\n>p2 switch 6\n>p1 move thunderbolt\n>p2 move icebeam\n>p1 switch 2\n>p1 move surf\n>p2 move icebeam\n>p2 switch 4\n>p1 move surf\n>p2 move bodypress\n>p1 move surf\n>p2 move rest", "uploadtime": 1781413953, "views": 6, "formatid": "gen9randombattle", "rating": null, "private": 0, "password": null, "player_dets": [{"name": "nutbustas", "avatar": "plumeria", "rating": 1969, "seed": "sodium,50c9f39373071ffe547a9d5f0bee026a"}, {"name": "JhuniorCq", "avatar": "169", "rating": 1998, "seed": "sodium,8fd0920b8e13b81ea295b82242f3ad0c"}], "teams_full": [{"Terapagos": {"name": "Terapagos", "species": "Terapagos", "speciesId": "terapagos", "gender": "M", "shiny": false, "level": 77, "moves": ["terastarstorm", "earthpower", "rest", "calmmind"], "ability": "Tera Shift", "evs": {"hp": 85, "atk": 0, "def": 85, "spa": 85, "spd": 85, "spe": 85}, "ivs": {"hp": 31, "atk": 0, "def": 31, "spa": 31, "spd": 31, "spe": 31}, "item": "Chesto Berry", "teraType": "Stellar", "role": "Fast Bulky Setup", "bvs": {"hp": 90, "atk": 65, "def": 85, "spa": 65, "spd": 85, "spe": 60}, "stats": {"hp": 265, "atk": 105, "def": 175, "spa": 145, "spd": 175, "spe": 137}}, "Tatsugiri": {"name": "Tatsugiri", "species": "Tatsugiri", "speciesId": "tatsugiri", "gender": "M", "shiny": false, "level": 87, "moves": ["nastyplot", "surf", "rapidspin", "dracometeor"], "ability": "Storm Drain", "evs": {"hp": 85, "atk": 85, "def": 85, "spa": 85, "spd": 85, "spe": 85}, "ivs": {"hp": 31, "atk": 31, "def": 31, "spa": 31, "spd": 31, "spe": 31}, "item": "Heavy-Duty Boots", "teraType": "Steel", "role": "Fast Support", "bvs": {"hp": 68, "atk": 50, "def": 60, "spa": 120, "spd": 95, "spe": 82}, "stats": {"hp": 260, "atk": 137, "def": 154, "spa": 259, "spd": 215, "spe": 192}}, "Ribombee": {"name": "Ribombee", "species": "Ribombee", "speciesId": "ribombee", "gender": "F", "shiny": false, "level": 83, "moves": ["stunspore", "bugbuzz", "stickyweb", "moonblast"], "ability": "Shield Dust", "evs": {"hp": 85, "atk": 0, "def": 85, "spa": 85, "spd": 85, "spe": 85}, "ivs": {"hp": 31, "atk": 0, "def": 31, "spa": 31, "spd": 31, "spe": 31}, "item": "Heavy-Duty Boots", "teraType": "Ghost", "role": "Fast Support", "bvs": {"hp": 60, "atk": 55, "def": 60, "spa": 95, "spd": 70, "spe": 124}, "stats": {"hp": 235, "atk": 96, "def": 147, "spa": 205, "spd": 164, "spe": 254}}, "Slaking": {"name": "Slaking", "species": "Slaking", "speciesId": "slaking", "gender": "M", "shiny": false, "level": 84, "moves": ["gigaimpact", "knockoff", "doubleedge", "earthquake"], "ability": "Truant", "evs": {"hp": 85, "atk": 85, "def": 85, "spa": 85, "spd": 85, "spe": 85}, "ivs": {"hp": 31, "atk": 31, "def": 31, "spa": 31, "spd": 31, "spe": 31}, "item": "Choice Band", "teraType": "Ghost", "role": "Wallbreaker", "bvs": {"hp": 150, "atk": 160, "def": 100, "spa": 95, "spd": 65, "spe": 100}, "stats": {"hp": 389, "atk": 317, "def": 216, "spa": 208, "spd": 157, "spe": 216}}, "Rotom": {"name": "Rotom", "species": "Rotom-Fan", "speciesId": "rotomfan", "gender": "N", "shiny": false, "level": 86, "moves": ["voltswitch", "thunderbolt", "thunderwave", "airslash"], "ability": "Levitate", "evs": {"hp": 85, "atk": 0, "def": 85, "spa": 85, "spd": 85, "spe": 85}, "ivs": {"hp": 31, "atk": 0, "def": 31, "spa": 31, "spd": 31, "spe": 31}, "item": "Heavy-Duty Boots", "teraType": "Steel", "role": "Bulky Attacker", "bvs": {"hp": 50, "atk": 65, "def": 107, "spa": 105, "spd": 107, "spe": 86}, "stats": {"hp": 226, "atk": 116, "def": 233, "spa": 230, "spd": 233, "spe": 197}}, "Passimian": {"name": "Passimian", "species": "Passimian", "speciesId": "passimian", "gender": "F", "shiny": false, "level": 83, "moves": ["drainpunch", "knockoff", "bulkup", "gunkshot"], "ability": "Defiant", "evs": {"hp": 85, "atk": 85, "def": 85, "spa": 85, "spd": 85, "spe": 85}, "ivs": {"hp": 31, "atk": 31, "def": 31, "spa": 31, "spd": 31, "spe": 31}, "item": "Leftovers", "teraType": "Dark", "role": "Bulky Setup", "bvs": {"hp": 100, "atk": 120, "def": 90, "spa": 40, "spd": 60, "spe": 80}, "stats": {"hp": 302, "atk": 247, "def": 197, "spa": 114, "spd": 147, "spe": 180}}}, {"Glalie": {"name": "Glalie", "species": "Glalie", "speciesId": "glalie", "gender": "M", "shiny": false, "level": 96, "moves": ["spikes", "earthquake", "freezedry", "taunt"], "ability": "Inner Focus", "evs": {"hp": 85, "atk": 85, "def": 85, "spa": 85, "spd": 85, "spe": 85}, "ivs": {"hp": 31, "atk": 31, "def": 31, "spa": 31, "spd": 31, "spe": 31}, "item": "Heavy-Duty Boots", "teraType": "Ground", "role": "Fast Support", "bvs": {"hp": 80, "atk": 80, "def": 80, "spa": 80, "spd": 80, "spe": 80}, "stats": {"hp": 309, "atk": 208, "def": 208, "spa": 208, "spd": 208, "spe": 208}}, "Inteleon": {"name": "Inteleon", "species": "Inteleon", "speciesId": "inteleon", "gender": "M", "shiny": false, "level": 81, "moves": ["scald", "uturn", "hydropump", "icebeam"], "ability": "Torrent", "evs": {"hp": 85, "atk": 85, "def": 85, "spa": 85, "spd": 85, "spe": 85}, "ivs": {"hp": 31, "atk": 31, "def": 31, "spa": 31, "spd": 31, "spe": 31}, "item": "Choice Specs", "teraType": "Water", "role": "Wallbreaker", "bvs": {"hp": 70, "atk": 85, "def": 65, "spa": 125, "spd": 65, "spe": 120}, "stats": {"hp": 246, "atk": 184, "def": 152, "spa": 249, "spd": 152, "spe": 241}}, "Froslass": {"name": "Froslass", "species": "Froslass", "speciesId": "froslass", "gender": "F", "shiny": false, "level": 87, "moves": ["spikes", "tripleaxel", "destinybond", "poltergeist"], "ability": "Cursed Body", "evs": {"hp": 81, "atk": 85, "def": 85, "spa": 85, "spd": 85, "spe": 85}, "ivs": {"hp": 31, "atk": 31, "def": 31, "spa": 31, "spd": 31, "spe": 31}, "item": "Wide Lens", "teraType": "Ghost", "role": "Fast Support", "bvs": {"hp": 70, "atk": 80, "def": 70, "spa": 80, "spd": 70, "spe": 110}, "stats": {"hp": 263, "atk": 189, "def": 172, "spa": 189, "spd": 172, "spe": 241}}, "Virizion": {"name": "Virizion", "species": "Virizion", "speciesId": "virizion", "gender": "N", "shiny": false, "level": 82, "moves": ["closecombat", "swordsdance", "stoneedge", "leafblade"], "ability": "Justified", "evs": {"hp": 85, "atk": 85, "def": 85, "spa": 85, "spd": 85, "spe": 85}, "ivs": {"hp": 31, "atk": 31, "def": 31, "spa": 31, "spd": 31, "spe": 31}, "item": "Life Orb", "teraType": "Rock", "role": "Setup Sweeper", "bvs": {"hp": 91, "atk": 90, "def": 72, "spa": 90, "spd": 129, "spe": 108}, "stats": {"hp": 283, "atk": 195, "def": 165, "spa": 195, "spd": 259, "spe": 224}}, "Mandibuzz": {"name": "Mandibuzz", "species": "Mandibuzz", "speciesId": "mandibuzz", "gender": "F", "shiny": false, "level": 85, "moves": ["foulplay", "roost", "bravebird", "defog"], "ability": "Overcoat", "evs": {"hp": 85, "atk": 85, "def": 85, "spa": 85, "spd": 85, "spe": 85}, "ivs": {"hp": 31, "atk": 31, "def": 31, "spa": 31, "spd": 31, "spe": 31}, "item": "Heavy-Duty Boots", "teraType": "Steel", "role": "Bulky Attacker", "bvs": {"hp": 110, "atk": 65, "def": 105, "spa": 55, "spd": 95, "spe": 80}, "stats": {"hp": 326, "atk": 159, "def": 227, "spa": 142, "spd": 210, "spe": 185}}, "Bastiodon": {"name": "Bastiodon", "species": "Bastiodon", "speciesId": "bastiodon", "gender": "F", "shiny": false, "level": 89, "moves": ["rest", "foulplay", "bodypress", "irondefense"], "ability": "Soundproof", "evs": {"hp": 85, "atk": 0, "def": 85, "spa": 85, "spd": 85, "spe": 85}, "ivs": {"hp": 31, "atk": 0, "def": 31, "spa": 31, "spd": 31, "spe": 31}, "item": "Chesto Berry", "teraType": "Fighting", "role": "Bulky Setup", "bvs": {"hp": 60, "atk": 52, "def": 168, "spa": 47, "spd": 138, "spe": 30}, "stats": {"hp": 252, "atk": 97, "def": 350, "spa": 134, "spd": 296, "spe": 104}}}]}