{"id": "gen9randombattle-2631441513", "format": "[Gen 9] Random Battle", "players": ["3kzzzzzzzz", "nooks n grannies"], "log": "|j|\u26063kzzzzzzzz\n|j|\u2606nooks n grannies\n|t:|1781385079\n|gametype|singles\n|player|p1|3kzzzzzzzz|janitor|2254\n|player|p2|nooks n grannies|madame|2260\n|gen|9\n|tier|[Gen 9] Random Battle\n|rated|\n|rule|Species Clause: Limit one of each Pok\u00e9mon\n|rule|HP Percentage Mod: HP is shown in percentages\n|rule|Sleep Clause Mod: Limit one foe put to sleep\n|rule|Illusion Level Mod: Illusion disguises the Pok\u00e9mon's true level\n|\n|t:|1781385079\n|teamsize|p1|6\n|teamsize|p2|6\n|start\n|switch|p1a: Lumineon|Lumineon, L93, F|279/279\n|switch|p2a: Sandslash|Sandslash-Alola, L88, M|275/275\n|turn|1\n|inactive|Battle timer is ON: inactive players will automatically lose when time's up. (requested by nooks n grannies)\n|\n|t:|1781385104\n|switch|p2a: Lanturn|Lanturn, L89, M|367/367\n|move|p1a: Lumineon|Hydro Pump|p2a: Lanturn\n|-resisted|p2a: Lanturn\n|-damage|p2a: Lanturn|290/367\n|-damage|p1a: Lumineon|252/279|[from] item: Life Orb\n|\n|-heal|p2a: Lanturn|312/367|[from] item: Leftovers\n|upkeep\n|turn|2\n|\n|t:|1781385115\n|switch|p1a: Plusle|Plusle, L95, F|268/268\n|move|p2a: Lanturn|Thunder Wave|p1a: Plusle\n|-ability|p1a: Plusle|Lightning Rod|boost\n|-boost|p1a: Plusle|spa|1\n|\n|-heal|p2a: Lanturn|334/367|[from] item: Leftovers\n|upkeep\n|turn|3\n|\n|t:|1781385120\n|move|p1a: Plusle|Nasty Plot|p1a: Plusle\n|-boost|p1a: Plusle|spa|2\n|move|p2a: Lanturn|Scald|p1a: Plusle\n|-damage|p1a: Plusle|195/268\n|\n|-heal|p2a: Lanturn|356/367|[from] item: Leftovers\n|upkeep\n|turn|4\n|\n|t:|1781385127\n|move|p1a: Plusle|Alluring Voice|p2a: Lanturn\n|-damage|p2a: Lanturn|151/367\n|-damage|p1a: Plusle|169/268|[from] item: Life Orb\n|move|p2a: Lanturn|Scald|p1a: Plusle\n|-damage|p1a: Plusle|93/268\n|\n|-heal|p2a: Lanturn|173/367|[from] item: Leftovers\n|upkeep\n|turn|5\n|\n|t:|1781385137\n|switch|p2a: Sandslash|Sandslash-Alola, L88, M|275/275\n|move|p1a: Plusle|Grass Knot|p2a: Sandslash\n|-resisted|p2a: Sandslash\n|-damage|p2a: Sandslash|141/275\n|-damage|p1a: Plusle|67/268|[from] item: Life Orb\n|\n|-heal|p2a: Sandslash|158/275|[from] item: Leftovers\n|upkeep\n|turn|6\n|\n|t:|1781385149\n|move|p1a: Plusle|Thunderbolt|p2a: Sandslash\n|-damage|p2a: Sandslash|0 fnt\n|faint|p2a: Sandslash\n|-damage|p1a: Plusle|41/268|[from] item: Life Orb\n|\n|upkeep\n|\n|t:|1781385156\n|switch|p2a: Hitmontop|Hitmontop, L88, M|231/231\n|turn|7\n|\n|t:|1781385163\n|switch|p2a: Lanturn|Lanturn, L89, M|173/367\n|move|p1a: Plusle|Alluring Voice|p2a: Lanturn\n|-damage|p2a: Lanturn|0 fnt\n|faint|p2a: Lanturn\n|-damage|p1a: Plusle|15/268|[from] item: Life Orb\n|\n|upkeep\n|\n|t:|1781385177\n|switch|p2a: Hitmontop|Hitmontop, L88, M|231/231\n|turn|8\n|\n|t:|1781385182\n|move|p1a: Plusle|Alluring Voice|p2a: Hitmontop\n|-supereffective|p2a: Hitmontop\n|-damage|p2a: Hitmontop|0 fnt\n|faint|p2a: Hitmontop\n|-damage|p1a: Plusle|0 fnt|[from] item: Life Orb\n|faint|p1a: Plusle\n|\n|upkeep\n|j| Kyoshi3\n|\n|t:|1781385210\n|switch|p1a: Pyroar|Pyroar, L88, F|295/295\n|switch|p2a: Gengar|Gengar, L81, M|230/230\n|-ability|p1a: Pyroar|Unnerve\n|turn|9\n|\n|t:|1781385217\n|move|p1a: Pyroar|Dark Pulse|p2a: Gengar\n|-supereffective|p2a: Gengar\n|-damage|p2a: Gengar|76/230\n|move|p2a: Gengar|Focus Blast|p1a: Pyroar\n|-supereffective|p1a: Pyroar\n|-damage|p1a: Pyroar|0 fnt\n|faint|p1a: Pyroar\n|-damage|p2a: Gengar|53/230|[from] item: Life Orb\n|\n|upkeep\n|\n|t:|1781385230\n|switch|p1a: Kingambit|Kingambit, L74, F|270/270\n|-activate|p1a: Kingambit|ability: Supreme Overlord\n|-start|p1a: Kingambit|fallen2|[silent]\n|turn|10\n|\n|t:|1781385238\n|move|p1a: Kingambit|Sucker Punch||[still]\n|-fail|p1a: Kingambit\n|move|p2a: Gengar|Toxic Spikes|p1a: Kingambit\n|-sidestart|p1: 3kzzzzzzzz|move: Toxic Spikes\n|\n|upkeep\n|turn|11\n|\n|t:|1781385254\n|move|p1a: Kingambit|Sucker Punch||[still]\n|-fail|p1a: Kingambit\n|move|p2a: Gengar|Toxic Spikes|p1a: Kingambit\n|-sidestart|p1: 3kzzzzzzzz|move: Toxic Spikes\n|\n|upkeep\n|turn|12\n|\n|t:|1781385259\n|switch|p2a: Lilligant|Lilligant, L86, F|261/261\n|move|p1a: Kingambit|Sucker Punch||[still]\n|-fail|p1a: Kingambit\n|\n|upkeep\n|turn|13\n|\n|t:|1781385263\n|move|p2a: Lilligant|Sleep Powder|p1a: Kingambit\n|-status|p1a: Kingambit|slp|[from] move: Sleep Powder\n|cant|p1a: Kingambit|slp\n|\n|upkeep\n|turn|14\n|\n|t:|1781385269\n|-end|p1a: Kingambit|fallen2|[silent]\n|switch|p1a: Umbreon|Umbreon, L84, F|297/297\n|-status|p1a: Umbreon|tox\n|move|p2a: Lilligant|Quiver Dance|p2a: Lilligant\n|-boost|p2a: Lilligant|spa|1\n|-boost|p2a: Lilligant|spd|1\n|-boost|p2a: Lilligant|spe|1\n|\n|-damage|p1a: Umbreon|279/297 tox|[from] psn\n|upkeep\n|turn|15\n|\n|t:|1781385282\n|-terastallize|p2a: Lilligant|Fairy\n|move|p2a: Lilligant|Alluring Voice|p1a: Umbreon\n|-supereffective|p1a: Umbreon\n|-damage|p1a: Umbreon|19/297 tox\n|-damage|p2a: Lilligant|235/261|[from] item: Life Orb\n|move|p1a: Umbreon|Toxic|p2a: Lilligant\n|-status|p2a: Lilligant|tox\n|\n|-heal|p1a: Umbreon|37/297 tox|[from] item: Leftovers\n|-damage|p2a: Lilligant|219/261 tox|[from] psn\n|-damage|p1a: Umbreon|1/297 tox|[from] psn\n|upkeep\n|turn|16\n|\n|t:|1781385295\n|move|p2a: Lilligant|Alluring Voice|p1a: Umbreon\n|-supereffective|p1a: Umbreon\n|-damage|p1a: Umbreon|0 fnt\n|faint|p1a: Umbreon\n|-damage|p2a: Lilligant|193/261 tox|[from] item: Life Orb\n|\n|-damage|p2a: Lilligant|161/261 tox|[from] psn\n|upkeep\n|\n|t:|1781385298\n|switch|p1a: Wigglytuff|Wigglytuff, L96, F|424/424\n|-status|p1a: Wigglytuff|tox\n|turn|17\n|\n|t:|1781385309\n|move|p2a: Lilligant|Quiver Dance|p2a: Lilligant\n|-boost|p2a: Lilligant|spa|1\n|-boost|p2a: Lilligant|spd|1\n|-boost|p2a: Lilligant|spe|1\n|move|p1a: Wigglytuff|Wish|p1a: Wigglytuff\n|\n|-damage|p2a: Lilligant|113/261 tox|[from] psn\n|-damage|p1a: Wigglytuff|398/424 tox|[from] psn\n|upkeep\n|turn|18\n|\n|t:|1781385317\n|move|p1a: Wigglytuff|Protect|p1a: Wigglytuff\n|-singleturn|p1a: Wigglytuff|Protect\n|move|p2a: Lilligant|Petal Dance|p1a: Wigglytuff\n|-activate|p1a: Wigglytuff|move: Protect\n|\n|-heal|p1a: Wigglytuff|424/424 tox|[from] move: Wish|[wisher] Wigglytuff\n|-damage|p2a: Lilligant|49/261 tox|[from] psn\n|-damage|p1a: Wigglytuff|372/424 tox|[from] psn\n|upkeep\n|turn|19\n|\n|t:|1781385324\n|move|p1a: Wigglytuff|Protect|p1a: Wigglytuff\n|-singleturn|p1a: Wigglytuff|Protect\n|move|p2a: Lilligant|Alluring Voice|p1a: Wigglytuff\n|-activate|p1a: Wigglytuff|move: Protect\n|\n|-heal|p1a: Wigglytuff|398/424 tox|[from] item: Leftovers\n|-damage|p2a: Lilligant|0 fnt|[from] psn\n|faint|p2a: Lilligant\n|-damage|p1a: Wigglytuff|320/424 tox|[from] psn\n|upkeep\n|\n|t:|1781385335\n|switch|p2a: Arceus|Arceus-Ground, L70|284/284\n|turn|20\n|\n|t:|1781385343\n|move|p2a: Arceus|Calm Mind|p2a: Arceus\n|-boost|p2a: Arceus|spa|1\n|-boost|p2a: Arceus|spd|1\n|move|p1a: Wigglytuff|Alluring Voice|p2a: Arceus\n|-damage|p2a: Arceus|218/284\n|-start|p2a: Arceus|confusion\n|\n|-heal|p1a: Wigglytuff|346/424 tox|[from] item: Leftovers\n|-damage|p1a: Wigglytuff|242/424 tox|[from] psn\n|upkeep\n|turn|21\n|\n|t:|1781385347\n|-activate|p2a: Arceus|confusion\n|-damage|p2a: Arceus|199/284|[from] confusion\n|move|p1a: Wigglytuff|Wish|p1a: Wigglytuff\n|\n|-heal|p1a: Wigglytuff|268/424 tox|[from] item: Leftovers\n|-damage|p1a: Wigglytuff|138/424 tox|[from] psn\n|upkeep\n|turn|22\n|\n|t:|1781385355\n|switch|p1a: Lumineon|Lumineon, L93, F|252/279\n|-status|p1a: Lumineon|tox\n|-activate|p2a: Arceus|confusion\n|move|p2a: Arceus|Calm Mind|p2a: Arceus\n|-boost|p2a: Arceus|spa|1\n|-boost|p2a: Arceus|spd|1\n|\n|-heal|p1a: Lumineon|279/279 tox|[from] move: Wish|[wisher] Wigglytuff\n|-damage|p1a: Lumineon|262/279 tox|[from] psn\n|upkeep\n|turn|23\n|\n|t:|1781385362\n|move|p1a: Lumineon|Encore|p2a: Arceus\n|-start|p2a: Arceus|Encore\n|-end|p2a: Arceus|confusion\n|move|p2a: Arceus|Calm Mind|p2a: Arceus\n|-boost|p2a: Arceus|spa|1\n|-boost|p2a: Arceus|spd|1\n|\n|-damage|p1a: Lumineon|228/279 tox|[from] psn\n|upkeep\n|turn|24\n|\n|t:|1781385368\n|move|p1a: Lumineon|Hydro Pump|p2a: Arceus\n|-supereffective|p2a: Arceus\n|-crit|p2a: Arceus\n|-damage|p2a: Arceus|0 fnt\n|faint|p2a: Arceus\n|-damage|p1a: Lumineon|201/279 tox|[from] item: Life Orb\n|\n|-damage|p1a: Lumineon|150/279 tox|[from] psn\n|upkeep\n|\n|t:|1781385374\n|switch|p2a: Gengar|Gengar, L81, M|53/230\n|turn|25\n|\n|t:|1781385380\n|move|p2a: Gengar|Sludge Wave|p1a: Lumineon\n|-damage|p1a: Lumineon|0 fnt\n|faint|p1a: Lumineon\n|-damage|p2a: Gengar|30/230|[from] item: Life Orb\n|\n|upkeep\n|\n|t:|1781385388\n|switch|p1a: Wigglytuff|Wigglytuff, L96, F|138/424 tox\n|turn|26\n|\n|t:|1781385402\n|-terastallize|p1a: Wigglytuff|Poison\n|move|p2a: Gengar|Shadow Ball|p1a: Wigglytuff\n|-damage|p1a: Wigglytuff|0 fnt\n|faint|p1a: Wigglytuff\n|-damage|p2a: Gengar|7/230|[from] item: Life Orb\n|\n|upkeep\n|\n|t:|1781385404\n|switch|p1a: Kingambit|Kingambit, L74, F|270/270 slp\n|-activate|p1a: Kingambit|ability: Supreme Overlord\n|-start|p1a: Kingambit|fallen5|[silent]\n|turn|27\n|\n|t:|1781385412\n|-curestatus|p1a: Kingambit|slp|[msg]\n|move|p1a: Kingambit|Sucker Punch|p2a: Gengar\n|-supereffective|p2a: Gengar\n|-damage|p2a: Gengar|0 fnt\n|-start|p1a: Kingambit|Disable|Sucker Punch|[from] ability: Cursed Body|[of] p2a: Gengar\n|faint|p2a: Gengar\n|\n|win|3kzzzzzzzz\n|raw|3kzzzzzzzz's rating: 2254 &rarr; <strong>2274</strong><br />(+20 for winning)\n|raw|nooks n grannies's rating: 2260 &rarr; <strong>2240</strong><br />(-20 for losing)\n", "inputlog": ">version a8376a258c1d4662feba110a92103f3664a72141\n>start {\"formatid\":\"gen9randombattle\",\"seed\":\"sodium,c49ae153bb148f3de4639b177e1a1ad4\",\"rated\":\"Rated battle\"}\n>player p1 {\"name\":\"3kzzzzzzzz\",\"avatar\":\"janitor\",\"rating\":2254,\"seed\":\"sodium,d08316ab1ee239e8a3ec7b4458f999dd\"}\n>player p2 {\"name\":\"nooks n grannies\",\"avatar\":\"madame\",\"rating\":2260,\"seed\":\"sodium,a51330fd13b7771f8b61d87465033c36\"}\n>p1 move hydropump\n>p2 switch 2\n>p1 switch 2\n>p2 move thunderwave\n>p1 move nastyplot\n>p2 move scald\n>p1 move alluringvoice\n>p2 move scald\n>p1 move grassknot\n>p2 switch 2\n>p1 move thunderbolt\n>p2 move earthquake\n>p2 switch 3\n>p1 move alluringvoice\n>p2 switch 2\n>p2 switch 2\n>p1 move alluringvoice\n>p2 move bulkup\n>p1 switch 4\n>p2 switch 4\n>p1 move darkpulse\n>p2 move focusblast\n>p1 switch 3\n>p1 move suckerpunch\n>p2 move toxicspikes\n>p1 move suckerpunch\n>p2 move toxicspikes\n>p1 move suckerpunch\n>p2 switch 6\n>p1 move swordsdance\n>p2 move sleeppowder\n>p1 switch 6\n>p2 move quiverdance\n>p1 move toxic\n>p2 move alluringvoice terastallize\n>p1 move wish\n>p2 move alluringvoice\n>p1 switch 5\n>p1 move wish\n>p2 move quiverdance\n>p1 move protect\n>p2 move petaldance\n>p1 move protect\n>p2 move alluringvoice\n>p2 switch 5\n>p1 move alluringvoice\n>p2 move calmmind\n>p1 move wish\n>p2 move calmmind\n>p1 switch 2\n>p2 move calmmind\n>p1 move encore\n>p2 move recover\n>p1 move hydropump\n>p2 move calmmind\n>p2 switch 6\n>p1 move icebeam\n>p2 move sludgewave\n>p1 switch 2\n>p1 move knockoff terastallize\n>p2 move shadowball\n>p1 switch 6\n>p1 move suckerpunch\n>p2 move focusblast", "uploadtime": 1781385080, "views": 10, "formatid": "gen9randombattle", "rating": 2240, "private": 0, "password": null, "player_dets": [{"name": "3kzzzzzzzz", "avatar": "janitor", "rating": 2254, "seed": "sodium,d08316ab1ee239e8a3ec7b4458f999dd"}, {"name": "nooks n grannies", "avatar": "madame", "rating": 2260, "seed": "sodium,a51330fd13b7771f8b61d87465033c36"}], "teams_full": [{"Lumineon": {"name": "Lumineon", "species": "Lumineon", "speciesId": "lumineon", "gender": "F", "shiny": false, "level": 93, "moves": ["alluringvoice", "hydropump", "icebeam", "encore"], "ability": "Storm Drain", "evs": {"hp": 85, "atk": 0, "def": 85, "spa": 85, "spd": 85, "spe": 85}, "ivs": {"hp": 31, "atk": 0, "def": 31, "spa": 31, "spd": 31, "spe": 31}, "item": "Life Orb", "teraType": "Water", "role": "Fast Attacker", "bvs": {"hp": 69, "atk": 69, "def": 76, "spa": 69, "spd": 86, "spe": 91}, "stats": {"hp": 279, "atk": 133, "def": 194, "spa": 181, "spd": 213, "spe": 222}, "types": ["Water"]}, "Plusle": {"name": "Plusle", "species": "Plusle", "speciesId": "plusle", "gender": "F", "shiny": false, "level": 95, "moves": ["thunderbolt", "grassknot", "alluringvoice", "nastyplot"], "ability": "Lightning Rod", "evs": {"hp": 85, "atk": 0, "def": 85, "spa": 85, "spd": 85, "spe": 85}, "ivs": {"hp": 31, "atk": 0, "def": 31, "spa": 31, "spd": 31, "spe": 31}, "item": "Life Orb", "teraType": "Grass", "role": "Setup Sweeper", "bvs": {"hp": 60, "atk": 50, "def": 40, "spa": 85, "spd": 75, "spe": 95}, "stats": {"hp": 268, "atk": 100, "def": 130, "spa": 215, "spd": 196, "spe": 234}, "types": ["Electric"]}, "Kingambit": {"name": "Kingambit", "species": "Kingambit", "speciesId": "kingambit", "gender": "F", "shiny": false, "level": 74, "moves": ["suckerpunch", "kowtowcleave", "swordsdance", "ironhead"], "ability": "Supreme Overlord", "evs": {"hp": 85, "atk": 85, "def": 85, "spa": 85, "spd": 85, "spe": 85}, "ivs": {"hp": 31, "atk": 31, "def": 31, "spa": 31, "spd": 31, "spe": 31}, "item": "Leftovers", "teraType": "Dark", "role": "Bulky Attacker", "bvs": {"hp": 100, "atk": 135, "def": 120, "spa": 60, "spd": 85, "spe": 50}, "stats": {"hp": 270, "atk": 243, "def": 221, "spa": 132, "spd": 169, "spe": 117}, "types": ["Dark", "Steel"]}, "Pyroar": {"name": "Pyroar", "species": "Pyroar", "speciesId": "pyroar", "gender": "F", "shiny": false, "level": 88, "moves": ["willowisp", "fireblast", "darkpulse", "hypervoice"], "ability": "Unnerve", "evs": {"hp": 85, "atk": 0, "def": 85, "spa": 85, "spd": 85, "spe": 85}, "ivs": {"hp": 31, "atk": 0, "def": 31, "spa": 31, "spd": 31, "spe": 31}, "item": "Heavy-Duty Boots", "teraType": "Fire", "role": "Fast Attacker", "bvs": {"hp": 86, "atk": 68, "def": 72, "spa": 109, "spd": 66, "spe": 106}, "stats": {"hp": 295, "atk": 124, "def": 177, "spa": 242, "spd": 166, "spe": 237}, "types": ["Fire", "Normal"]}, "Wigglytuff": {"name": "Wigglytuff", "species": "Wigglytuff", "speciesId": "wigglytuff", "gender": "F", "shiny": false, "level": 96, "moves": ["wish", "protect", "knockoff", "alluringvoice"], "ability": "Competitive", "evs": {"hp": 85, "atk": 85, "def": 85, "spa": 85, "spd": 85, "spe": 85}, "ivs": {"hp": 31, "atk": 31, "def": 31, "spa": 31, "spd": 31, "spe": 31}, "item": "Leftovers", "teraType": "Poison", "role": "Bulky Support", "bvs": {"hp": 140, "atk": 70, "def": 45, "spa": 85, "spd": 50, "spe": 45}, "stats": {"hp": 424, "atk": 189, "def": 141, "spa": 218, "spd": 150, "spe": 141}, "types": ["Normal", "Fairy"]}, "Umbreon": {"name": "Umbreon", "species": "Umbreon", "speciesId": "umbreon", "gender": "F", "shiny": false, "level": 84, "moves": ["foulplay", "wish", "protect", "toxic"], "ability": "Synchronize", "evs": {"hp": 85, "atk": 0, "def": 85, "spa": 85, "spd": 85, "spe": 85}, "ivs": {"hp": 31, "atk": 0, "def": 31, "spa": 31, "spd": 31, "spe": 31}, "item": "Leftovers", "teraType": "Poison", "role": "Bulky Support", "bvs": {"hp": 95, "atk": 65, "def": 110, "spa": 60, "spd": 130, "spe": 65}, "stats": {"hp": 297, "atk": 114, "def": 233, "spa": 149, "spd": 267, "spe": 157}, "types": ["Dark"]}}, {"Sandslash": {"name": "Sandslash", "species": "Sandslash-Alola", "speciesId": "sandslashalola", "gender": "M", "shiny": false, "level": 88, "moves": ["earthquake", "rapidspin", "swordsdance", "tripleaxel"], "ability": "Slush Rush", "evs": {"hp": 85, "atk": 85, "def": 85, "spa": 85, "spd": 85, "spe": 85}, "ivs": {"hp": 31, "atk": 31, "def": 31, "spa": 31, "spd": 31, "spe": 31}, "item": "Leftovers", "teraType": "Ground", "role": "Setup Sweeper", "bvs": {"hp": 75, "atk": 100, "def": 120, "spa": 25, "spd": 65, "spe": 65}, "stats": {"hp": 275, "atk": 226, "def": 261, "spa": 94, "spd": 165, "spe": 165}, "types": ["Ice", "Steel"]}, "Lanturn": {"name": "Lanturn", "species": "Lanturn", "speciesId": "lanturn", "gender": "M", "shiny": false, "level": 89, "moves": ["icebeam", "scald", "thunderbolt", "thunderwave"], "ability": "Volt Absorb", "evs": {"hp": 85, "atk": 0, "def": 85, "spa": 85, "spd": 85, "spe": 85}, "ivs": {"hp": 31, "atk": 0, "def": 31, "spa": 31, "spd": 31, "spe": 31}, "item": "Leftovers", "teraType": "Flying", "role": "Bulky Attacker", "bvs": {"hp": 125, "atk": 58, "def": 58, "spa": 76, "spd": 76, "spe": 67}, "stats": {"hp": 367, "atk": 108, "def": 154, "spa": 186, "spd": 186, "spe": 170}, "types": ["Water", "Electric"]}, "Hitmontop": {"name": "Hitmontop", "species": "Hitmontop", "speciesId": "hitmontop", "gender": "M", "shiny": false, "level": 88, "moves": ["bulkup", "rapidspin", "closecombat", "tripleaxel"], "ability": "Technician", "evs": {"hp": 85, "atk": 85, "def": 85, "spa": 85, "spd": 85, "spe": 85}, "ivs": {"hp": 31, "atk": 31, "def": 31, "spa": 31, "spd": 31, "spe": 31}, "item": "Leftovers", "teraType": "Ice", "role": "Bulky Setup", "bvs": {"hp": 50, "atk": 95, "def": 95, "spa": 35, "spd": 110, "spe": 70}, "stats": {"hp": 231, "atk": 217, "def": 217, "spa": 112, "spd": 244, "spe": 173}, "types": ["Fighting"]}, "Gengar": {"name": "Gengar", "species": "Gengar", "speciesId": "gengar", "gender": "M", "shiny": false, "level": 81, "moves": ["toxicspikes", "shadowball", "sludgewave", "focusblast"], "ability": "Cursed Body", "evs": {"hp": 85, "atk": 0, "def": 85, "spa": 85, "spd": 85, "spe": 85}, "ivs": {"hp": 31, "atk": 0, "def": 31, "spa": 31, "spd": 31, "spe": 31}, "item": "Life Orb", "teraType": "Fighting", "role": "Fast Attacker", "bvs": {"hp": 60, "atk": 65, "def": 60, "spa": 130, "spd": 75, "spe": 110}, "stats": {"hp": 230, "atk": 110, "def": 144, "spa": 257, "spd": 168, "spe": 225}, "types": ["Ghost", "Poison"]}, "Arceus": {"name": "Arceus", "species": "Arceus-Ground", "speciesId": "arceusground", "gender": "N", "shiny": false, "level": 70, "moves": ["calmmind", "recover", "judgment", "fireblast"], "ability": "Multitype", "evs": {"hp": 85, "atk": 0, "def": 85, "spa": 85, "spd": 85, "spe": 85}, "ivs": {"hp": 31, "atk": 0, "def": 31, "spa": 31, "spd": 31, "spe": 31}, "item": "Earth Plate", "teraType": "Ground", "role": "Bulky Setup", "bvs": {"hp": 120, "atk": 120, "def": 120, "spa": 120, "spd": 120, "spe": 120}, "stats": {"hp": 284, "atk": 173, "def": 209, "spa": 209, "spd": 209, "spe": 209}, "types": ["Ground"]}, "Lilligant": {"name": "Lilligant", "species": "Lilligant", "speciesId": "lilligant", "gender": "F", "shiny": false, "level": 86, "moves": ["sleeppowder", "alluringvoice", "quiverdance", "petaldance"], "ability": "Own Tempo", "evs": {"hp": 85, "atk": 0, "def": 85, "spa": 85, "spd": 85, "spe": 85}, "ivs": {"hp": 31, "atk": 0, "def": 31, "spa": 31, "spd": 31, "spe": 31}, "item": "Life Orb", "teraType": "Fairy", "role": "Setup Sweeper", "bvs": {"hp": 70, "atk": 60, "def": 75, "spa": 110, "spd": 75, "spe": 90}, "stats": {"hp": 261, "atk": 108, "def": 178, "spa": 238, "spd": 178, "spe": 204}, "types": ["Grass"]}}]}