{"id": "gen9randombattle-2631938957", "format": "[Gen 9] Random Battle", "players": ["Glinteighty", "swmj7"], "log": "|j|\u2606Glinteighty\n|j|\u2606swmj7\n|t:|1781457801\n|gametype|singles\n|player|p1|Glinteighty|101|1959\n|player|p2|swmj7|265|1923\n|gen|9\n|tier|[Gen 9] Random Battle\n|rated|\n|rule|Species Clause: Limit one of each Pok\u00e9mon\n|rule|HP Percentage Mod: HP is shown in percentages\n|rule|Sleep Clause Mod: Limit one foe put to sleep\n|rule|Illusion Level Mod: Illusion disguises the Pok\u00e9mon's true level\n|\n|t:|1781457801\n|teamsize|p1|6\n|teamsize|p2|6\n|start\n|switch|p1a: Volcarona|Volcarona, L77, M|257/257\n|switch|p2a: Palossand|Palossand, L89, M|296/296\n|turn|1\n|\n|t:|1781457821\n|switch|p1a: Araquanid|Araquanid, L82, M|246/246\n|switch|p2a: Chansey|Chansey, L85, F|564/564\n|\n|upkeep\n|turn|2\n|\n|t:|1781457830\n|switch|p2a: Conkeldurr|Conkeldurr, L80, F|299/299\n|move|p1a: Araquanid|Sticky Web|p2a: Conkeldurr\n|-sidestart|p2: swmj7|move: Sticky Web\n|\n|-status|p2a: Conkeldurr|brn|[from] item: Flame Orb\n|upkeep\n|turn|3\n|\n|t:|1781457843\n|switch|p1a: Hypno|Hypno, L95, M|315/315\n|move|p2a: Conkeldurr|Knock Off|p1a: Hypno\n|-supereffective|p1a: Hypno\n|-damage|p1a: Hypno|59/315\n|-enditem|p1a: Hypno|Leftovers|[from] move: Knock Off|[of] p2a: Conkeldurr\n|\n|-damage|p2a: Conkeldurr|281/299 brn|[from] brn\n|upkeep\n|turn|4\n|\n|t:|1781457849\n|switch|p2a: Scrafty|Scrafty, L83, M|244/244\n|-activate|p2a: Scrafty|move: Sticky Web\n|-unboost|p2a: Scrafty|spe|1\n|-ability|p2a: Scrafty|Intimidate|boost\n|-unboost|p1a: Hypno|atk|1\n|move|p1a: Hypno|Protect||[still]\n|-fail|p1a: Hypno\n|\n|upkeep\n|turn|5\n|\n|t:|1781457858\n|move|p1a: Hypno|Focus Blast|p2a: Scrafty\n|-supereffective|p2a: Scrafty\n|-damage|p2a: Scrafty|94/244\n|move|p2a: Scrafty|Dragon Dance|p2a: Scrafty\n|-boost|p2a: Scrafty|atk|1\n|-boost|p2a: Scrafty|spe|1\n|\n|-heal|p2a: Scrafty|109/244|[from] item: Leftovers\n|upkeep\n|turn|6\n|\n|t:|1781457862\n|move|p1a: Hypno|Focus Blast|p2a: Scrafty|[miss]\n|-miss|p1a: Hypno|p2a: Scrafty\n|move|p2a: Scrafty|Dragon Dance|p2a: Scrafty\n|-boost|p2a: Scrafty|atk|1\n|-boost|p2a: Scrafty|spe|1\n|\n|-heal|p2a: Scrafty|124/244|[from] item: Leftovers\n|upkeep\n|turn|7\n|\n|t:|1781457868\n|move|p2a: Scrafty|Knock Off|p1a: Hypno\n|-supereffective|p1a: Hypno\n|-damage|p1a: Hypno|0 fnt\n|faint|p1a: Hypno\n|\n|-heal|p2a: Scrafty|139/244|[from] item: Leftovers\n|upkeep\n|\n|t:|1781457875\n|switch|p1a: Great Tusk|Great Tusk, L77|304/304\n|-enditem|p1a: Great Tusk|Booster Energy\n|-activate|p1a: Great Tusk|ability: Protosynthesis|[fromitem]\n|-start|p1a: Great Tusk|protosynthesisatk\n|turn|8\n|\n|t:|1781457879\n|move|p2a: Scrafty|Drain Punch|p1a: Great Tusk\n|-damage|p1a: Great Tusk|195/304\n|-heal|p2a: Scrafty|194/244|[from] drain|[of] p1a: Great Tusk\n|move|p1a: Great Tusk|Close Combat|p2a: Scrafty\n|-supereffective|p2a: Scrafty\n|-damage|p2a: Scrafty|0 fnt\n|-unboost|p1a: Great Tusk|def|1\n|-unboost|p1a: Great Tusk|spd|1\n|faint|p2a: Scrafty\n|\n|upkeep\n|\n|t:|1781457887\n|switch|p2a: Palossand|Palossand, L89, M|296/296\n|-activate|p2a: Palossand|move: Sticky Web\n|-unboost|p2a: Palossand|spe|1\n|turn|9\n|\n|t:|1781457897\n|move|p1a: Great Tusk|Earthquake|p2a: Palossand\n|-damage|p2a: Palossand|172/296\n|move|p2a: Palossand|Sludge Bomb|p1a: Great Tusk\n|-resisted|p1a: Great Tusk\n|-damage|p1a: Great Tusk|116/304\n|\n|-heal|p2a: Palossand|190/296|[from] item: Leftovers\n|upkeep\n|turn|10\n|\n|t:|1781457903\n|move|p1a: Great Tusk|Bulk Up|p1a: Great Tusk\n|-boost|p1a: Great Tusk|atk|1\n|-boost|p1a: Great Tusk|def|1\n|move|p2a: Palossand|Shore Up|p2a: Palossand\n|-heal|p2a: Palossand|296/296\n|\n|upkeep\n|turn|11\n|\n|t:|1781457908\n|move|p1a: Great Tusk|Earthquake|p2a: Palossand\n|-damage|p2a: Palossand|134/296\n|move|p2a: Palossand|Shadow Ball|p1a: Great Tusk\n|-damage|p1a: Great Tusk|0 fnt\n|faint|p1a: Great Tusk\n|-end|p1a: Great Tusk|Protosynthesis|[silent]\n|\n|-heal|p2a: Palossand|152/296|[from] item: Leftovers\n|upkeep\n|\n|t:|1781457925\n|switch|p1a: Araquanid|Araquanid, L82, M|246/246\n|turn|12\n|\n|t:|1781457936\n|move|p1a: Araquanid|Liquidation|p2a: Palossand\n|-supereffective|p2a: Palossand\n|-damage|p2a: Palossand|0 fnt\n|faint|p2a: Palossand\n|\n|upkeep\n|\n|t:|1781457938\n|switch|p2a: Conkeldurr|Conkeldurr, L80, F|281/299 brn\n|-activate|p2a: Conkeldurr|move: Sticky Web\n|-unboost|p2a: Conkeldurr|spe|1\n|turn|13\n|\n|t:|1781457942\n|move|p1a: Araquanid|Liquidation|p2a: Conkeldurr\n|-damage|p2a: Conkeldurr|151/299 brn\n|move|p2a: Conkeldurr|Facade|p1a: Araquanid\n|-damage|p1a: Araquanid|52/246\n|\n|-damage|p2a: Conkeldurr|133/299 brn|[from] brn\n|upkeep\n|turn|14\n|\n|t:|1781457948\n|move|p1a: Araquanid|Liquidation|p2a: Conkeldurr\n|-damage|p2a: Conkeldurr|0 fnt\n|faint|p2a: Conkeldurr\n|\n|upkeep\n|\n|t:|1781457953\n|switch|p2a: Floatzel|Floatzel, L86, F|286/286\n|-activate|p2a: Floatzel|move: Sticky Web\n|-unboost|p2a: Floatzel|spe|1\n|turn|15\n|\n|t:|1781457958\n|move|p2a: Floatzel|Wave Crash|p1a: Araquanid\n|-resisted|p1a: Araquanid\n|-damage|p1a: Araquanid|0 fnt\n|faint|p1a: Araquanid\n|-damage|p2a: Floatzel|269/286|[from] Recoil\n|\n|-heal|p2a: Floatzel|286/286|[from] item: Leftovers\n|upkeep\n|\n|t:|1781457961\n|switch|p1a: Cyclizar|Cyclizar, L83, M|252/252\n|turn|16\n|\n|t:|1781457967\n|move|p1a: Cyclizar|Draco Meteor|p2a: Floatzel\n|-damage|p2a: Floatzel|99/286\n|-unboost|p1a: Cyclizar|spa|2\n|move|p2a: Floatzel|Ice Spinner|p1a: Cyclizar\n|-supereffective|p1a: Cyclizar\n|-damage|p1a: Cyclizar|100/252\n|\n|-heal|p2a: Floatzel|116/286|[from] item: Leftovers\n|upkeep\n|turn|17\n|\n|t:|1781457972\n|move|p1a: Cyclizar|Knock Off|p2a: Floatzel\n|-damage|p2a: Floatzel|21/286\n|-enditem|p2a: Floatzel|Leftovers|[from] move: Knock Off|[of] p1a: Cyclizar\n|move|p2a: Floatzel|Wave Crash|p1a: Cyclizar\n|-resisted|p1a: Cyclizar\n|-damage|p1a: Cyclizar|15/252\n|-damage|p2a: Floatzel|0 fnt|[from] Recoil\n|faint|p2a: Floatzel\n|\n|upkeep\n|\n|t:|1781457977\n|switch|p2a: Reuniclus|Reuniclus, L88, M|337/337\n|-activate|p2a: Reuniclus|move: Sticky Web\n|-unboost|p2a: Reuniclus|spe|1\n|turn|18\n|\n|t:|1781457980\n|move|p1a: Cyclizar|Taunt|p2a: Reuniclus\n|-start|p2a: Reuniclus|move: Taunt\n|move|p2a: Reuniclus|Psyshock|p1a: Cyclizar\n|-damage|p1a: Cyclizar|0 fnt\n|faint|p1a: Cyclizar\n|\n|upkeep\n|\n|t:|1781457984\n|switch|p1a: Gothitelle|Gothitelle, L90, F|272/272\n|turn|19\n|\n|t:|1781457987\n|move|p1a: Gothitelle|Dark Pulse|p2a: Reuniclus\n|-supereffective|p2a: Reuniclus\n|-damage|p2a: Reuniclus|215/337\n|move|p2a: Reuniclus|Focus Blast|p1a: Gothitelle|[miss]\n|-miss|p2a: Reuniclus|p1a: Gothitelle\n|\n|upkeep\n|turn|20\n|\n|t:|1781457993\n|move|p1a: Gothitelle|Dark Pulse|p2a: Reuniclus\n|-supereffective|p2a: Reuniclus\n|-damage|p2a: Reuniclus|87/337\n|move|p2a: Reuniclus|Psyshock|p1a: Gothitelle\n|-resisted|p1a: Gothitelle\n|-damage|p1a: Gothitelle|210/272\n|\n|-heal|p1a: Gothitelle|227/272|[from] item: Leftovers\n|-end|p2a: Reuniclus|move: Taunt\n|upkeep\n|turn|21\n|\n|t:|1781457996\n|move|p1a: Gothitelle|Dark Pulse|p2a: Reuniclus\n|-supereffective|p2a: Reuniclus\n|-damage|p2a: Reuniclus|0 fnt\n|faint|p2a: Reuniclus\n|\n|-heal|p1a: Gothitelle|244/272|[from] item: Leftovers\n|upkeep\n|\n|t:|1781457997\n|switch|p2a: Chansey|Chansey, L85, F|564/564\n|-activate|p2a: Chansey|move: Sticky Web\n|-unboost|p2a: Chansey|spe|1\n|turn|22\n|\n|t:|1781458010\n|move|p1a: Gothitelle|Calm Mind|p1a: Gothitelle\n|-boost|p1a: Gothitelle|spa|1\n|-boost|p1a: Gothitelle|spd|1\n|move|p2a: Chansey|Thunder Wave|p1a: Gothitelle\n|-status|p1a: Gothitelle|par\n|\n|-heal|p1a: Gothitelle|261/272 par|[from] item: Leftovers\n|upkeep\n|turn|23\n|\n|t:|1781458045\n|move|p2a: Chansey|Seismic Toss|p1a: Gothitelle\n|-damage|p1a: Gothitelle|176/272 par\n|cant|p1a: Gothitelle|par\n|\n|-heal|p1a: Gothitelle|193/272 par|[from] item: Leftovers\n|upkeep\n|turn|24\n|\n|t:|1781458050\n|move|p2a: Chansey|Seismic Toss|p1a: Gothitelle\n|-damage|p1a: Gothitelle|108/272 par\n|move|p1a: Gothitelle|Psychic Noise|p2a: Chansey\n|-damage|p2a: Chansey|483/564\n|-start|p2a: Chansey|move: Heal Block\n|\n|-heal|p1a: Gothitelle|125/272 par|[from] item: Leftovers\n|upkeep\n|turn|25\n|\n|t:|1781458054\n|move|p2a: Chansey|Seismic Toss|p1a: Gothitelle\n|-damage|p1a: Gothitelle|40/272 par\n|move|p1a: Gothitelle|Thunderbolt|p2a: Chansey\n|-damage|p2a: Chansey|418/564\n|\n|-heal|p1a: Gothitelle|57/272 par|[from] item: Leftovers\n|-end|p2a: Chansey|move: Heal Block\n|upkeep\n|turn|26\n|\n|t:|1781458061\n|move|p2a: Chansey|Seismic Toss|p1a: Gothitelle\n|-damage|p1a: Gothitelle|0 fnt\n|faint|p1a: Gothitelle\n|\n|upkeep\n|\n|t:|1781458062\n|switch|p1a: Volcarona|Volcarona, L77, M|257/257\n|turn|27\n|\n|t:|1781458074\n|move|p1a: Volcarona|Quiver Dance|p1a: Volcarona\n|-boost|p1a: Volcarona|spa|1\n|-boost|p1a: Volcarona|spd|1\n|-boost|p1a: Volcarona|spe|1\n|move|p2a: Chansey|Thunder Wave|p1a: Volcarona\n|-status|p1a: Volcarona|par\n|\n|upkeep\n|turn|28\n|\n|t:|1781458115\n|move|p1a: Volcarona|Quiver Dance|p1a: Volcarona\n|-boost|p1a: Volcarona|spa|1\n|-boost|p1a: Volcarona|spd|1\n|-boost|p1a: Volcarona|spe|1\n|move|p2a: Chansey|Seismic Toss|p1a: Volcarona\n|-damage|p1a: Volcarona|172/257 par\n|\n|upkeep\n|turn|29\n|\n|t:|1781458119\n|move|p1a: Volcarona|Quiver Dance|p1a: Volcarona\n|-boost|p1a: Volcarona|spa|1\n|-boost|p1a: Volcarona|spd|1\n|-boost|p1a: Volcarona|spe|1\n|move|p2a: Chansey|Seismic Toss|p1a: Volcarona\n|-damage|p1a: Volcarona|87/257 par\n|\n|upkeep\n|turn|30\n|\n|t:|1781458123\n|cant|p1a: Volcarona|par\n|move|p2a: Chansey|Seismic Toss|p1a: Volcarona\n|-damage|p1a: Volcarona|2/257 par\n|\n|upkeep\n|turn|31\n|\n|t:|1781458125\n|move|p1a: Volcarona|Giga Drain|p2a: Chansey\n|-damage|p2a: Chansey|337/564\n|-heal|p1a: Volcarona|43/257 par|[from] drain|[of] p2a: Chansey\n|move|p2a: Chansey|Seismic Toss|p1a: Volcarona\n|-damage|p1a: Volcarona|0 fnt\n|faint|p1a: Volcarona\n|\n|win|swmj7\n", "inputlog": ">version a8376a258c1d4662feba110a92103f3664a72141\n>start {\"formatid\":\"gen9randombattle\",\"seed\":\"sodium,083f2a338c21f966b715c24a2ad9e110\",\"rated\":\"Rated battle\"}\n>player p1 {\"name\":\"Glinteighty\",\"avatar\":\"101\",\"rating\":1959,\"seed\":\"sodium,2e06ce87c26792cc5bfc88d85d653ba3\"}\n>player p2 {\"name\":\"swmj7\",\"avatar\":\"265\",\"rating\":1923,\"seed\":\"sodium,2d6582fd1392f2f5a5b189ab3c82e104\"}\n>p1 switch 6\n>p2 switch 5\n>p1 move stickyweb\n>p2 switch 3\n>p1 switch 2\n>p2 move knockoff\n>p1 move protect\n>p2 switch 2\n>p1 move focusblast\n>p2 move dragondance\n>p1 move focusblast\n>p2 move dragondance\n>p1 move focusblast\n>p2 move knockoff\n>p1 switch 3\n>p1 move closecombat\n>p2 move drainpunch\n>p2 switch 5\n>p1 move earthquake\n>p2 move sludgebomb\n>p1 move bulkup\n>p2 move shoreup\n>p1 move earthquake\n>p2 move shadowball\n>p1 switch 2\n>p1 move liquidation\n>p2 move sludgebomb\n>p2 switch 2\n>p1 move liquidation\n>p2 move facade\n>p1 move liquidation\n>p2 move facade\n>p2 switch 4\n>p1 move leechlife\n>p2 move wavecrash\n>p1 switch 4\n>p1 move dracometeor\n>p2 move icespinner\n>p1 move knockoff\n>p2 move wavecrash\n>p2 switch 6\n>p1 move taunt\n>p2 move psyshock\n>p1 switch 5\n>p1 move darkpulse\n>p2 move focusblast\n>p1 move darkpulse\n>p2 move psyshock\n>p1 move darkpulse\n>p2 move recover\n>p2 switch 3\n>p1 move calmmind\n>p2 move thunderwave\n>p1 move psychicnoise\n>p2 move seismictoss\n>p1 move psychicnoise\n>p2 move seismictoss\n>p1 move thunderbolt\n>p2 move seismictoss\n>p1 move psychicnoise\n>p2 move seismictoss\n>p1 switch 6\n>p1 move quiverdance\n>p2 move thunderwave\n>p1 move quiverdance\n>p2 move seismictoss\n>p1 move quiverdance\n>p2 move seismictoss\n>p1 move gigadrain\n>p2 move seismictoss\n>p1 move gigadrain\n>p2 move seismictoss", "uploadtime": 1781457803, "views": 4, "formatid": "gen9randombattle", "rating": null, "private": 0, "password": null, "player_dets": [{"name": "Glinteighty", "avatar": "101", "rating": 1959, "seed": "sodium,2e06ce87c26792cc5bfc88d85d653ba3"}, {"name": "swmj7", "avatar": "265", "rating": 1923, "seed": "sodium,2d6582fd1392f2f5a5b189ab3c82e104"}], "teams_full": [{"Volcarona": {"name": "Volcarona", "species": "Volcarona", "speciesId": "volcarona", "gender": "M", "shiny": false, "level": 77, "moves": ["quiverdance", "fireblast", "bugbuzz", "gigadrain"], "ability": "Swarm", "evs": {"hp": 85, "atk": 0, "def": 85, "spa": 85, "spd": 85, "spe": 85}, "ivs": {"hp": 31, "atk": 0, "def": 31, "spa": 31, "spd": 31, "spe": 31}, "item": "Heavy-Duty Boots", "teraType": "Fire", "role": "Fast Bulky Setup", "bvs": {"hp": 85, "atk": 60, "def": 65, "spa": 135, "spd": 105, "spe": 100}, "stats": {"hp": 257, "atk": 97, "def": 145, "spa": 252, "spd": 206, "spe": 199}}, "Hypno": {"name": "Hypno", "species": "Hypno", "speciesId": "hypno", "gender": "M", "shiny": false, "level": 95, "moves": ["protect", "psychicnoise", "toxic", "focusblast"], "ability": "Insomnia", "evs": {"hp": 85, "atk": 0, "def": 85, "spa": 85, "spd": 85, "spe": 85}, "ivs": {"hp": 31, "atk": 0, "def": 31, "spa": 31, "spd": 31, "spe": 31}, "item": "Leftovers", "teraType": "Steel", "role": "Bulky Attacker", "bvs": {"hp": 85, "atk": 73, "def": 70, "spa": 73, "spd": 115, "spe": 67}, "stats": {"hp": 315, "atk": 143, "def": 187, "spa": 193, "spd": 272, "spe": 181}}, "Great Tusk": {"name": "Great Tusk", "species": "Great Tusk", "speciesId": "greattusk", "gender": "N", "shiny": false, "level": 77, "moves": ["earthquake", "rapidspin", "closecombat", "bulkup"], "ability": "Protosynthesis", "evs": {"hp": 85, "atk": 85, "def": 85, "spa": 85, "spd": 85, "spe": 85}, "ivs": {"hp": 31, "atk": 31, "def": 31, "spa": 31, "spd": 31, "spe": 31}, "item": "Booster Energy", "teraType": "Steel", "role": "Fast Bulky Setup", "bvs": {"hp": 115, "atk": 131, "def": 131, "spa": 53, "spd": 53, "spe": 87}, "stats": {"hp": 304, "atk": 246, "def": 246, "spa": 126, "spd": 126, "spe": 179}}, "Cyclizar": {"name": "Cyclizar", "species": "Cyclizar", "speciesId": "cyclizar", "gender": "M", "shiny": false, "level": 83, "moves": ["taunt", "shedtail", "dracometeor", "knockoff"], "ability": "Regenerator", "evs": {"hp": 85, "atk": 85, "def": 85, "spa": 85, "spd": 85, "spe": 85}, "ivs": {"hp": 31, "atk": 31, "def": 31, "spa": 31, "spd": 31, "spe": 31}, "item": "Heavy-Duty Boots", "teraType": "Dragon", "role": "Fast Support", "bvs": {"hp": 70, "atk": 95, "def": 65, "spa": 85, "spd": 65, "spe": 121}, "stats": {"hp": 252, "atk": 205, "def": 156, "spa": 189, "spd": 156, "spe": 249}}, "Gothitelle": {"name": "Gothitelle", "species": "Gothitelle", "speciesId": "gothitelle", "gender": "F", "shiny": false, "level": 90, "moves": ["thunderbolt", "calmmind", "psychicnoise", "darkpulse"], "ability": "Shadow Tag", "evs": {"hp": 85, "atk": 0, "def": 85, "spa": 85, "spd": 85, "spe": 85}, "ivs": {"hp": 31, "atk": 0, "def": 31, "spa": 31, "spd": 31, "spe": 31}, "item": "Leftovers", "teraType": "Ground", "role": "Bulky Setup", "bvs": {"hp": 70, "atk": 55, "def": 95, "spa": 95, "spd": 110, "spe": 65}, "stats": {"hp": 272, "atk": 104, "def": 222, "spa": 222, "spd": 249, "spe": 168}}, "Araquanid": {"name": "Araquanid", "species": "Araquanid", "speciesId": "araquanid", "gender": "M", "shiny": false, "level": 82, "moves": ["leechlife", "stickyweb", "mirrorcoat", "liquidation"], "ability": "Water Bubble", "evs": {"hp": 85, "atk": 85, "def": 85, "spa": 85, "spd": 85, "spe": 85}, "ivs": {"hp": 31, "atk": 31, "def": 31, "spa": 31, "spd": 31, "spe": 31}, "item": "Heavy-Duty Boots", "teraType": "Water", "role": "Bulky Attacker", "bvs": {"hp": 68, "atk": 70, "def": 92, "spa": 50, "spd": 132, "spe": 42}, "stats": {"hp": 246, "atk": 162, "def": 198, "spa": 129, "spd": 264, "spe": 116}}}, {"Palossand": {"name": "Palossand", "species": "Palossand", "speciesId": "palossand", "gender": "M", "shiny": false, "level": 89, "moves": ["earthpower", "shoreup", "sludgebomb", "shadowball"], "ability": "Water Compaction", "evs": {"hp": 85, "atk": 0, "def": 85, "spa": 85, "spd": 85, "spe": 85}, "ivs": {"hp": 31, "atk": 0, "def": 31, "spa": 31, "spd": 31, "spe": 31}, "item": "Leftovers", "teraType": "Poison", "role": "Bulky Support", "bvs": {"hp": 85, "atk": 75, "def": 110, "spa": 100, "spd": 75, "spe": 35}, "stats": {"hp": 296, "atk": 138, "def": 247, "spa": 229, "spd": 184, "spe": 113}}, "Scrafty": {"name": "Scrafty", "species": "Scrafty", "speciesId": "scrafty", "gender": "M", "shiny": false, "level": 83, "moves": ["knockoff", "dragondance", "poisonjab", "drainpunch"], "ability": "Intimidate", "evs": {"hp": 85, "atk": 85, "def": 85, "spa": 85, "spd": 85, "spe": 85}, "ivs": {"hp": 31, "atk": 31, "def": 31, "spa": 31, "spd": 31, "spe": 31}, "item": "Leftovers", "teraType": "Poison", "role": "Bulky Attacker", "bvs": {"hp": 65, "atk": 90, "def": 115, "spa": 45, "spd": 115, "spe": 58}, "stats": {"hp": 244, "atk": 197, "def": 239, "spa": 122, "spd": 239, "spe": 144}}, "Conkeldurr": {"name": "Conkeldurr", "species": "Conkeldurr", "speciesId": "conkeldurr", "gender": "F", "shiny": false, "level": 80, "moves": ["knockoff", "machpunch", "closecombat", "facade"], "ability": "Guts", "evs": {"hp": 85, "atk": 85, "def": 85, "spa": 85, "spd": 85, "spe": 85}, "ivs": {"hp": 31, "atk": 31, "def": 31, "spa": 31, "spd": 31, "spe": 31}, "item": "Flame Orb", "teraType": "Normal", "role": "Wallbreaker", "bvs": {"hp": 105, "atk": 140, "def": 95, "spa": 55, "spd": 65, "spe": 45}, "stats": {"hp": 299, "atk": 270, "def": 198, "spa": 134, "spd": 150, "spe": 118}}, "Floatzel": {"name": "Floatzel", "species": "Floatzel", "speciesId": "floatzel", "gender": "F", "shiny": false, "level": 86, "moves": ["icespinner", "taunt", "bulkup", "wavecrash"], "ability": "Water Veil", "evs": {"hp": 85, "atk": 85, "def": 85, "spa": 85, "spd": 85, "spe": 85}, "ivs": {"hp": 31, "atk": 31, "def": 31, "spa": 31, "spd": 31, "spe": 31}, "item": "Leftovers", "teraType": "Water", "role": "Bulky Setup", "bvs": {"hp": 85, "atk": 105, "def": 55, "spa": 85, "spd": 50, "spe": 115}, "stats": {"hp": 286, "atk": 230, "def": 144, "spa": 195, "spd": 135, "spe": 247}}, "Chansey": {"name": "Chansey", "species": "Chansey", "speciesId": "chansey", "gender": "F", "shiny": false, "level": 85, "moves": ["thunderwave", "softboiled", "healbell", "seismictoss"], "ability": "Natural Cure", "evs": {"hp": 85, "atk": 0, "def": 85, "spa": 85, "spd": 85, "spe": 85}, "ivs": {"hp": 31, "atk": 0, "def": 31, "spa": 31, "spd": 31, "spe": 31}, "item": "Eviolite", "teraType": "Ghost", "role": "Bulky Support", "bvs": {"hp": 250, "atk": 5, "def": 5, "spa": 35, "spd": 105, "spe": 50}, "stats": {"hp": 564, "atk": 13, "def": 57, "spa": 108, "spd": 227, "spe": 134}}, "Reuniclus": {"name": "Reuniclus", "species": "Reuniclus", "speciesId": "reuniclus", "gender": "M", "shiny": false, "level": 88, "moves": ["recover", "calmmind", "psyshock", "focusblast"], "ability": "Magic Guard", "evs": {"hp": 85, "atk": 0, "def": 85, "spa": 85, "spd": 85, "spe": 85}, "ivs": {"hp": 31, "atk": 0, "def": 31, "spa": 31, "spd": 31, "spe": 31}, "item": "Life Orb", "teraType": "Steel", "role": "Bulky Setup", "bvs": {"hp": 110, "atk": 65, "def": 75, "spa": 125, "spd": 85, "spe": 30}, "stats": {"hp": 337, "atk": 119, "def": 182, "spa": 270, "spd": 200, "spe": 103}}}]}