{"id": "gen9randombattle-2631853830", "format": "[Gen 9] Random Battle", "players": ["maik2020", "LegacySaturn56"], "log": "|j|\u2606maik2020\n|j|\u2606LegacySaturn56\n|t:|1781448401\n|gametype|singles\n|player|p1|maik2020|169|1902\n|player|p2|LegacySaturn56|265|1929\n|gen|9\n|tier|[Gen 9] Random Battle\n|rated|\n|rule|Species Clause: Limit one of each Pok\u00e9mon\n|rule|HP Percentage Mod: HP is shown in percentages\n|rule|Sleep Clause Mod: Limit one foe put to sleep\n|rule|Illusion Level Mod: Illusion disguises the Pok\u00e9mon's true level\n|\n|t:|1781448401\n|teamsize|p1|6\n|teamsize|p2|6\n|start\n|switch|p1a: Lapras|Lapras, L87, F|367/367\n|switch|p2a: Regigigas|Regigigas, L84|322/322\n|-start|p2a: Regigigas|ability: Slow Start\n|turn|1\n|inactive|Battle timer is ON: inactive players will automatically lose when time's up. (requested by maik2020)\n|\n|t:|1781448433\n|move|p1a: Lapras|Hydro Pump|p2a: Regigigas|[miss]\n|-miss|p1a: Lapras|p2a: Regigigas\n|move|p2a: Regigigas|Body Slam|p1a: Lapras\n|-damage|p1a: Lapras|297/367\n|\n|upkeep\n|turn|2\n|\n|t:|1781448443\n|move|p1a: Lapras|Hydro Pump|p2a: Regigigas\n|-damage|p2a: Regigigas|175/322\n|move|p2a: Regigigas|Body Slam|p1a: Lapras\n|-damage|p1a: Lapras|224/367\n|\n|-heal|p2a: Regigigas|195/322|[from] item: Leftovers\n|upkeep\n|turn|3\n|\n|t:|1781448451\n|move|p1a: Lapras|Hydro Pump|p2a: Regigigas\n|-damage|p2a: Regigigas|65/322\n|move|p2a: Regigigas|Body Slam|p1a: Lapras\n|-damage|p1a: Lapras|157/367\n|-status|p1a: Lapras|par\n|\n|-heal|p2a: Regigigas|85/322|[from] item: Leftovers\n|upkeep\n|turn|4\n|\n|t:|1781448461\n|move|p2a: Regigigas|Rest|p2a: Regigigas\n|-status|p2a: Regigigas|slp|[from] move: Rest\n|-heal|p2a: Regigigas|322/322 slp|[silent]\n|move|p1a: Lapras|Hydro Pump|p2a: Regigigas\n|-damage|p2a: Regigigas|190/322 slp\n|\n|-heal|p2a: Regigigas|210/322 slp|[from] item: Leftovers\n|upkeep\n|turn|5\n|\n|t:|1781448467\n|switch|p1a: Koraidon|Koraidon, L64|235/235\n|-weather|SunnyDay|[from] ability: Orichalcum Pulse|[of] p1a: Koraidon\n|-activate|p1a: Koraidon|Orichalcum Pulse|[source]\n|cant|p2a: Regigigas|slp\n|move|p2a: Regigigas|Sleep Talk|p2a: Regigigas\n|move|p2a: Regigigas|Rest||[from] move: Sleep Talk|[still]\n|-fail|p2a: Regigigas\n|\n|-weather|SunnyDay|[upkeep]\n|-heal|p2a: Regigigas|230/322 slp|[from] item: Leftovers\n|-end|p2a: Regigigas|Slow Start\n|upkeep\n|turn|6\n|\n|t:|1781448487\n|cant|p2a: Regigigas|slp\n|move|p2a: Regigigas|Sleep Talk|p2a: Regigigas\n|move|p2a: Regigigas|Knock Off|p1a: Koraidon|[from] move: Sleep Talk\n|-resisted|p1a: Koraidon\n|-damage|p1a: Koraidon|177/235\n|-enditem|p1a: Koraidon|Choice Band|[from] move: Knock Off|[of] p2a: Regigigas\n|move|p1a: Koraidon|Close Combat|p2a: Regigigas\n|-supereffective|p2a: Regigigas\n|-crit|p2a: Regigigas\n|-damage|p2a: Regigigas|0 fnt\n|-unboost|p1a: Koraidon|def|1\n|-unboost|p1a: Koraidon|spd|1\n|faint|p2a: Regigigas\n|-end|p2a: Regigigas|Slow Start|[silent]\n|\n|-weather|SunnyDay|[upkeep]\n|upkeep\n|\n|t:|1781448497\n|switch|p2a: Eternatus|Eternatus, L69|308/308\n|-ability|p2a: Eternatus|Pressure\n|turn|7\n|\n|t:|1781448516\n|switch|p1a: Lapras|Lapras, L87, F|157/367 par\n|move|p2a: Eternatus|Toxic Spikes|p1a: Lapras\n|-sidestart|p1: maik2020|move: Toxic Spikes\n|\n|-weather|SunnyDay|[upkeep]\n|upkeep\n|turn|8\n|\n|t:|1781448523\n|move|p2a: Eternatus|Toxic Spikes|p1a: Lapras\n|-sidestart|p1: maik2020|move: Toxic Spikes\n|cant|p1a: Lapras|par\n|\n|-weather|SunnyDay|[upkeep]\n|upkeep\n|turn|9\n|\n|t:|1781448527\n|move|p2a: Eternatus|Dynamax Cannon|p1a: Lapras\n|-damage|p1a: Lapras|67/367 par\n|move|p1a: Lapras|Ice Beam|p2a: Eternatus\n|-supereffective|p2a: Eternatus\n|-damage|p2a: Eternatus|20/308\n|\n|-weather|none\n|-heal|p2a: Eternatus|39/308|[from] item: Leftovers\n|upkeep\n|turn|10\n|\n|t:|1781448534\n|move|p2a: Eternatus|Dynamax Cannon|p1a: Lapras\n|-damage|p1a: Lapras|0 fnt\n|faint|p1a: Lapras\n|\n|-heal|p2a: Eternatus|58/308|[from] item: Leftovers\n|upkeep\n|\n|t:|1781448540\n|switch|p1a: Lucario|Lucario, L84, F|255/255\n|turn|11\n|\n|t:|1781448544\n|move|p1a: Lucario|Extreme Speed|p2a: Eternatus\n|-damage|p2a: Eternatus|0 fnt\n|faint|p2a: Eternatus\n|-damage|p1a: Lucario|230/255|[from] item: Life Orb\n|\n|upkeep\n|\n|t:|1781448554\n|switch|p2a: Rotom|Rotom-Heat, L83|219/219\n|turn|12\n|\n|t:|1781448563\n|switch|p1a: Koraidon|Koraidon, L64|177/235\n|-status|p1a: Koraidon|tox\n|-weather|SunnyDay|[from] ability: Orichalcum Pulse|[of] p1a: Koraidon\n|-activate|p1a: Koraidon|Orichalcum Pulse|[source]\n|move|p2a: Rotom|Will-O-Wisp||[still]\n|-fail|p2a: Rotom\n|\n|-weather|SunnyDay|[upkeep]\n|-damage|p1a: Koraidon|163/235 tox|[from] psn\n|upkeep\n|turn|13\n|\n|t:|1781448576\n|move|p1a: Koraidon|Flare Blitz|p2a: Rotom\n|-resisted|p2a: Rotom\n|-damage|p2a: Rotom|167/219\n|-damage|p1a: Koraidon|146/235 tox|[from] Recoil\n|move|p2a: Rotom|Overheat|p1a: Koraidon\n|-resisted|p1a: Koraidon\n|-damage|p1a: Koraidon|29/235 tox\n|-unboost|p2a: Rotom|spa|2\n|\n|-weather|SunnyDay|[upkeep]\n|-damage|p1a: Koraidon|1/235 tox|[from] psn\n|upkeep\n|turn|14\n|\n|t:|1781448592\n|move|p1a: Koraidon|Outrage|p2a: Rotom\n|-damage|p2a: Rotom|50/219\n|move|p2a: Rotom|Discharge|p1a: Koraidon\n|-resisted|p1a: Koraidon\n|-damage|p1a: Koraidon|0 fnt\n|faint|p1a: Koraidon\n|\n|-weather|SunnyDay|[upkeep]\n|upkeep\n|\n|t:|1781448600\n|switch|p1a: Lucario|Lucario, L84, F|230/255\n|turn|15\n|\n|t:|1781448605\n|move|p1a: Lucario|Extreme Speed|p2a: Rotom\n|-damage|p2a: Rotom|0 fnt\n|faint|p2a: Rotom\n|-damage|p1a: Lucario|205/255|[from] item: Life Orb\n|\n|-weather|SunnyDay|[upkeep]\n|upkeep\n|\n|t:|1781448614\n|switch|p2a: Garganacl|Garganacl, L80, M|291/291\n|turn|16\n|\n|t:|1781448625\n|switch|p1a: Leafeon|Leafeon, L88, M|258/258\n|-status|p1a: Leafeon|tox\n|-terastallize|p2a: Garganacl|Ghost\n|move|p2a: Garganacl|Salt Cure|p1a: Leafeon\n|-damage|p1a: Leafeon|228/258 tox\n|-start|p1a: Leafeon|Salt Cure\n|\n|-weather|none\n|-damage|p1a: Leafeon|212/258 tox|[from] psn\n|-damage|p1a: Leafeon|180/258 tox|[from] Salt Cure\n|upkeep\n|turn|17\n|\n|t:|1781448636\n|move|p1a: Leafeon|Leaf Blade|p2a: Garganacl\n|-crit|p2a: Garganacl\n|-damage|p2a: Garganacl|118/291\n|-damage|p1a: Leafeon|155/258 tox|[from] item: Life Orb\n|move|p2a: Garganacl|Stealth Rock|p1a: Leafeon\n|-sidestart|p1: maik2020|move: Stealth Rock\n|\n|-heal|p2a: Garganacl|136/291|[from] item: Leftovers\n|-damage|p1a: Leafeon|123/258 tox|[from] psn\n|-damage|p1a: Leafeon|91/258 tox|[from] Salt Cure\n|upkeep\n|turn|18\n|\n|t:|1781448652\n|move|p1a: Leafeon|Leaf Blade|p2a: Garganacl\n|-damage|p2a: Garganacl|26/291\n|-damage|p1a: Leafeon|66/258 tox|[from] item: Life Orb\n|move|p2a: Garganacl|Recover|p2a: Garganacl\n|-heal|p2a: Garganacl|172/291\n|\n|-heal|p2a: Garganacl|190/291|[from] item: Leftovers\n|-damage|p1a: Leafeon|18/258 tox|[from] psn\n|-damage|p1a: Leafeon|0 fnt|[from] Salt Cure\n|faint|p1a: Leafeon\n|upkeep\n|\n|t:|1781448670\n|switch|p1a: Clawitzer|Clawitzer, L87, F|265/265\n|-status|p1a: Clawitzer|tox\n|-damage|p1a: Clawitzer|232/265 tox|[from] Stealth Rock\n|turn|19\n|\n|t:|1781448678\n|switch|p2a: Regidrago|Regidrago, L77|435/435\n|move|p1a: Clawitzer|Dark Pulse|p2a: Regidrago\n|-damage|p2a: Regidrago|260/435\n|\n|-damage|p1a: Clawitzer|216/265 tox|[from] psn\n|upkeep\n|turn|20\n|\n|t:|1781448694\n|move|p2a: Regidrago|Dragon Claw|p1a: Clawitzer\n|-damage|p1a: Clawitzer|86/265 tox\n|-damage|p2a: Regidrago|217/435|[from] item: Life Orb\n|move|p1a: Clawitzer|Dragon Pulse|p2a: Regidrago\n|-supereffective|p2a: Regidrago\n|-damage|p2a: Regidrago|0 fnt\n|faint|p2a: Regidrago\n|\n|-damage|p1a: Clawitzer|54/265 tox|[from] psn\n|upkeep\n|\n|t:|1781448705\n|switch|p2a: Beartic|Beartic, L91, M|321/321\n|turn|21\n|\n|t:|1781448720\n|move|p1a: Clawitzer|Water Pulse|p2a: Beartic\n|-damage|p2a: Beartic|201/321\n|move|p2a: Beartic|Swords Dance|p2a: Beartic\n|-boost|p2a: Beartic|atk|2\n|\n|-damage|p1a: Clawitzer|6/265 tox|[from] psn\n|upkeep\n|turn|22\n|\n|t:|1781448727\n|move|p2a: Beartic|Aqua Jet|p1a: Clawitzer\n|-resisted|p1a: Clawitzer\n|-damage|p1a: Clawitzer|0 fnt\n|faint|p1a: Clawitzer\n|\n|upkeep\n|\n|t:|1781448729\n|switch|p1a: Braviary|Braviary, L85, M|309/309\n|turn|23\n|\n|t:|1781448736\n|move|p2a: Beartic|Aqua Jet|p1a: Braviary\n|-damage|p1a: Braviary|224/309\n|move|p1a: Braviary|Close Combat|p2a: Beartic\n|-supereffective|p2a: Beartic\n|-damage|p2a: Beartic|1/321\n|-unboost|p1a: Braviary|def|1\n|-unboost|p1a: Braviary|spd|1\n|\n|upkeep\n|turn|24\n|\n|t:|1781448746\n|move|p2a: Beartic|Aqua Jet|p1a: Braviary\n|-damage|p1a: Braviary|77/309\n|move|p1a: Braviary|Roost|p1a: Braviary\n|-heal|p1a: Braviary|232/309\n|-singleturn|p1a: Braviary|move: Roost\n|\n|upkeep\n|turn|25\n|\n|t:|1781448756\n|move|p2a: Beartic|Aqua Jet|p1a: Braviary\n|-damage|p1a: Braviary|103/309\n|move|p1a: Braviary|Close Combat|p2a: Beartic\n|-supereffective|p2a: Beartic\n|-damage|p2a: Beartic|0 fnt\n|-unboost|p1a: Braviary|def|1\n|-unboost|p1a: Braviary|spd|1\n|faint|p2a: Beartic\n|\n|upkeep\n|\n|t:|1781448759\n|switch|p2a: Garganacl|Garganacl, L80, M, tera:Ghost|190/291\n|turn|26\n|\n|t:|1781448765\n|move|p1a: Braviary|Brave Bird|p2a: Garganacl\n|-damage|p2a: Garganacl|57/291\n|-damage|p1a: Braviary|59/309|[from] Recoil\n|move|p2a: Garganacl|Recover|p2a: Garganacl\n|-heal|p2a: Garganacl|203/291\n|\n|-heal|p2a: Garganacl|221/291|[from] item: Leftovers\n|upkeep\n|turn|27\n|\n|t:|1781448776\n|move|p1a: Braviary|Bulk Up|p1a: Braviary\n|-boost|p1a: Braviary|atk|1\n|-boost|p1a: Braviary|def|1\n|move|p2a: Garganacl|Salt Cure|p1a: Braviary\n|-supereffective|p1a: Braviary\n|-damage|p1a: Braviary|0 fnt\n|faint|p1a: Braviary\n|\n|-heal|p2a: Garganacl|239/291|[from] item: Leftovers\n|upkeep\n|\n|t:|1781448781\n|switch|p1a: Lucario|Lucario, L84, F|205/255\n|-damage|p1a: Lucario|198/255|[from] Stealth Rock\n|turn|28\n|\n|t:|1781448788\n|-terastallize|p1a: Lucario|Normal\n|move|p1a: Lucario|Meteor Mash|p2a: Garganacl\n|-damage|p2a: Garganacl|142/291\n|-boost|p1a: Lucario|atk|1\n|-damage|p1a: Lucario|173/255|[from] item: Life Orb\n|move|p2a: Garganacl|Salt Cure|p1a: Lucario\n|-damage|p1a: Lucario|122/255\n|-start|p1a: Lucario|Salt Cure\n|\n|-heal|p2a: Garganacl|160/291|[from] item: Leftovers\n|-damage|p1a: Lucario|91/255|[from] Salt Cure\n|upkeep\n|turn|29\n|\n|t:|1781448797\n|move|p1a: Lucario|Meteor Mash|p2a: Garganacl\n|-damage|p2a: Garganacl|0 fnt\n|faint|p2a: Garganacl\n|-damage|p1a: Lucario|66/255|[from] item: Life Orb\n|\n|win|maik2020\n", "inputlog": ">version a8376a258c1d4662feba110a92103f3664a72141\n>start {\"formatid\":\"gen9randombattle\",\"seed\":\"sodium,8ad28b9c1184407039f792023284ab5d\",\"rated\":\"Rated battle\"}\n>player p1 {\"name\":\"maik2020\",\"avatar\":\"169\",\"rating\":1902,\"seed\":\"sodium,7f5c55d509b28336e92f32abceccb532\"}\n>player p2 {\"name\":\"LegacySaturn56\",\"avatar\":\"265\",\"rating\":1929,\"seed\":\"sodium,99acd927886a4dae7dfd0ed0237bb65c\"}\n>p1 move hydropump\n>p2 move bodyslam\n>p1 move hydropump\n>p2 move bodyslam\n>p1 move hydropump\n>p2 move bodyslam\n>p1 move hydropump\n>p2 move rest\n>p1 switch 2\n>p2 move sleeptalk\n>p1 move closecombat\n>p2 move sleeptalk\n>p2 switch 2\n>p1 switch 2\n>p2 move toxicspikes\n>p1 move icebeam\n>p2 move toxicspikes\n>p1 move icebeam\n>p2 move dynamaxcannon\n>p1 move icebeam\n>p2 move dynamaxcannon\n>p1 switch 3\n>p1 move extremespeed\n>p2 move flamethrower\n>p2 switch 3\n>p1 switch 2\n>p2 move willowisp\n>p1 move flareblitz\n>p2 move overheat\n>p1 move outrage\n>p2 move discharge\n>p1 switch 2\n>p1 move extremespeed\n>p2 move willowisp\n>p2 switch 6\n>p1 switch 6\n>p2 move saltcure terastallize\n>p1 move leafblade\n>p2 move stealthrock\n>p1 move leafblade\n>p2 move recover\n>p1 switch 4\n>p1 move darkpulse\n>p2 switch 5\n>p1 move dragonpulse\n>p2 move dragonclaw\n>p2 switch 4\n>p1 move waterpulse\n>p2 move swordsdance\n>p1 move waterpulse\n>p2 move aquajet\n>p1 switch 5\n>p1 move closecombat\n>p2 move aquajet\n>p1 move roost\n>p2 move aquajet\n>p1 move closecombat\n>p2 move aquajet\n>p2 switch 5\n>p1 move bravebird\n>p2 move recover\n>p1 move bulkup\n>p2 move saltcure\n>p1 switch 6\n>p1 move meteormash terastallize\n>p2 move saltcure\n>p1 move meteormash\n>p2 move bodypress", "uploadtime": 1781448403, "views": 4, "formatid": "gen9randombattle", "rating": null, "private": 0, "password": null, "player_dets": [{"name": "maik2020", "avatar": "169", "rating": 1902, "seed": "sodium,7f5c55d509b28336e92f32abceccb532"}, {"name": "LegacySaturn56", "avatar": "265", "rating": 1929, "seed": "sodium,99acd927886a4dae7dfd0ed0237bb65c"}], "teams_full": [{"Lapras": {"name": "Lapras", "species": "Lapras", "speciesId": "lapras", "gender": "F", "shiny": false, "level": 87, "moves": ["hydropump", "icebeam", "sparklingaria", "freezedry"], "ability": "Water Absorb", "evs": {"hp": 81, "atk": 0, "def": 85, "spa": 85, "spd": 85, "spe": 85}, "ivs": {"hp": 31, "atk": 0, "def": 31, "spa": 31, "spd": 31, "spe": 31}, "item": "Choice Specs", "teraType": "Ice", "role": "Wallbreaker", "bvs": {"hp": 130, "atk": 85, "def": 80, "spa": 85, "spd": 95, "spe": 60}, "stats": {"hp": 367, "atk": 152, "def": 189, "spa": 198, "spd": 215, "spe": 154}, "types": ["Water", "Ice"]}, "Koraidon": {"name": "Koraidon", "species": "Koraidon", "speciesId": "koraidon", "gender": "N", "shiny": false, "level": 64, "moves": ["outrage", "closecombat", "flareblitz", "uturn"], "ability": "Orichalcum Pulse", "evs": {"hp": 85, "atk": 85, "def": 85, "spa": 85, "spd": 85, "spe": 85}, "ivs": {"hp": 31, "atk": 31, "def": 31, "spa": 31, "spd": 31, "spe": 31}, "item": "Choice Band", "teraType": "Fire", "role": "Fast Attacker", "bvs": {"hp": 100, "atk": 135, "def": 115, "spa": 85, "spd": 100, "spe": 135}, "stats": {"hp": 235, "atk": 211, "def": 185, "spa": 147, "spd": 166, "spe": 211}, "types": ["Fighting", "Dragon"]}, "Lucario": {"name": "Lucario", "species": "Lucario", "speciesId": "lucario", "gender": "F", "shiny": false, "level": 84, "moves": ["swordsdance", "extremespeed", "closecombat", "meteormash"], "ability": "Justified", "evs": {"hp": 85, "atk": 85, "def": 85, "spa": 85, "spd": 85, "spe": 85}, "ivs": {"hp": 31, "atk": 31, "def": 31, "spa": 31, "spd": 31, "spe": 31}, "item": "Life Orb", "teraType": "Normal", "role": "Fast Attacker", "bvs": {"hp": 70, "atk": 110, "def": 70, "spa": 115, "spd": 70, "spe": 90}, "stats": {"hp": 255, "atk": 233, "def": 166, "spa": 241, "spd": 166, "spe": 199}, "types": ["Fighting", "Steel"]}, "Clawitzer": {"name": "Clawitzer", "species": "Clawitzer", "speciesId": "clawitzer", "gender": "F", "shiny": false, "level": 87, "moves": ["darkpulse", "uturn", "dragonpulse", "waterpulse"], "ability": "Mega Launcher", "evs": {"hp": 85, "atk": 85, "def": 85, "spa": 85, "spd": 85, "spe": 85}, "ivs": {"hp": 31, "atk": 31, "def": 31, "spa": 31, "spd": 31, "spe": 31}, "item": "Assault Vest", "teraType": "Dragon", "role": "AV Pivot", "bvs": {"hp": 71, "atk": 73, "def": 88, "spa": 120, "spd": 89, "spe": 59}, "stats": {"hp": 265, "atk": 177, "def": 203, "spa": 259, "spd": 205, "spe": 152}, "types": ["Water"]}, "Braviary": {"name": "Braviary", "species": "Braviary", "speciesId": "braviary", "gender": "M", "shiny": false, "level": 85, "moves": ["bravebird", "closecombat", "bulkup", "roost"], "ability": "Defiant", "evs": {"hp": 85, "atk": 85, "def": 85, "spa": 85, "spd": 85, "spe": 85}, "ivs": {"hp": 31, "atk": 31, "def": 31, "spa": 31, "spd": 31, "spe": 31}, "item": "Heavy-Duty Boots", "teraType": "Steel", "role": "Fast Bulky Setup", "bvs": {"hp": 100, "atk": 123, "def": 75, "spa": 57, "spd": 75, "spe": 80}, "stats": {"hp": 309, "atk": 258, "def": 176, "spa": 146, "spd": 176, "spe": 185}, "types": ["Normal", "Flying"]}, "Leafeon": {"name": "Leafeon", "species": "Leafeon", "speciesId": "leafeon", "gender": "M", "shiny": false, "level": 88, "moves": ["synthesis", "leafblade", "doubleedge", "swordsdance"], "ability": "Chlorophyll", "evs": {"hp": 85, "atk": 85, "def": 85, "spa": 85, "spd": 85, "spe": 85}, "ivs": {"hp": 31, "atk": 31, "def": 31, "spa": 31, "spd": 31, "spe": 31}, "item": "Life Orb", "teraType": "Normal", "role": "Setup Sweeper", "bvs": {"hp": 65, "atk": 110, "def": 130, "spa": 60, "spd": 65, "spe": 95}, "stats": {"hp": 258, "atk": 244, "def": 279, "spa": 156, "spd": 165, "spe": 217}, "types": ["Grass"]}}, {"Regigigas": {"name": "Regigigas", "species": "Regigigas", "speciesId": "regigigas", "gender": "N", "shiny": false, "level": 84, "moves": ["rest", "knockoff", "bodyslam", "sleeptalk"], "ability": "Slow Start", "evs": {"hp": 85, "atk": 85, "def": 85, "spa": 85, "spd": 85, "spe": 85}, "ivs": {"hp": 31, "atk": 31, "def": 31, "spa": 31, "spd": 31, "spe": 31}, "item": "Leftovers", "teraType": "Ghost", "role": "Bulky Support", "bvs": {"hp": 110, "atk": 160, "def": 110, "spa": 80, "spd": 110, "spe": 100}, "stats": {"hp": 322, "atk": 317, "def": 233, "spa": 183, "spd": 233, "spe": 216}, "types": ["Normal"]}, "Eternatus": {"name": "Eternatus", "species": "Eternatus", "speciesId": "eternatus", "gender": "N", "shiny": false, "level": 69, "moves": ["dynamaxcannon", "toxicspikes", "recover", "flamethrower"], "ability": "Pressure", "evs": {"hp": 85, "atk": 0, "def": 85, "spa": 85, "spd": 85, "spe": 85}, "ivs": {"hp": 31, "atk": 0, "def": 31, "spa": 31, "spd": 31, "spe": 31}, "item": "Leftovers", "teraType": "Water", "role": "Bulky Support", "bvs": {"hp": 140, "atk": 85, "def": 95, "spa": 145, "spd": 95, "spe": 130}, "stats": {"hp": 308, "atk": 122, "def": 171, "spa": 240, "spd": 171, "spe": 220}, "types": ["Poison", "Dragon"]}, "Rotom": {"name": "Rotom", "species": "Rotom-Heat", "speciesId": "rotomheat", "gender": "N", "shiny": false, "level": 83, "moves": ["discharge", "willowisp", "painsplit", "overheat"], "ability": "Levitate", "evs": {"hp": 85, "atk": 0, "def": 85, "spa": 85, "spd": 85, "spe": 85}, "ivs": {"hp": 31, "atk": 0, "def": 31, "spa": 31, "spd": 31, "spe": 31}, "item": "Heavy-Duty Boots", "teraType": "Electric", "role": "Bulky Support", "bvs": {"hp": 50, "atk": 65, "def": 107, "spa": 105, "spd": 107, "spe": 86}, "stats": {"hp": 219, "atk": 112, "def": 225, "spa": 222, "spd": 225, "spe": 190}, "types": ["Electric", "Fire"]}, "Beartic": {"name": "Beartic", "species": "Beartic", "speciesId": "beartic", "gender": "M", "shiny": false, "level": 91, "moves": ["swordsdance", "iciclecrash", "aquajet", "earthquake"], "ability": "Swift Swim", "evs": {"hp": 85, "atk": 85, "def": 85, "spa": 85, "spd": 85, "spe": 85}, "ivs": {"hp": 31, "atk": 31, "def": 31, "spa": 31, "spd": 31, "spe": 31}, "item": "Heavy-Duty Boots", "teraType": "Ground", "role": "Wallbreaker", "bvs": {"hp": 95, "atk": 130, "def": 80, "spa": 70, "spd": 80, "spe": 50}, "stats": {"hp": 321, "atk": 288, "def": 197, "spa": 179, "spd": 197, "spe": 143}, "types": ["Ice"]}, "Regidrago": {"name": "Regidrago", "species": "Regidrago", "speciesId": "regidrago", "gender": "N", "shiny": false, "level": 77, "moves": ["dragondance", "dragonclaw", "terablast", "earthquake"], "ability": "Dragon's Maw", "evs": {"hp": 85, "atk": 85, "def": 85, "spa": 85, "spd": 85, "spe": 85}, "ivs": {"hp": 31, "atk": 31, "def": 31, "spa": 31, "spd": 31, "spe": 31}, "item": "Life Orb", "teraType": "Steel", "role": "Tera Blast user", "bvs": {"hp": 200, "atk": 100, "def": 50, "spa": 100, "spd": 50, "spe": 80}, "stats": {"hp": 435, "atk": 199, "def": 122, "spa": 199, "spd": 122, "spe": 168}, "types": ["Dragon"]}, "Garganacl": {"name": "Garganacl", "species": "Garganacl", "speciesId": "garganacl", "gender": "M", "shiny": false, "level": 80, "moves": ["stealthrock", "recover", "saltcure", "bodypress"], "ability": "Purifying Salt", "evs": {"hp": 85, "atk": 85, "def": 85, "spa": 85, "spd": 85, "spe": 85}, "ivs": {"hp": 31, "atk": 31, "def": 31, "spa": 31, "spd": 31, "spe": 31}, "item": "Leftovers", "teraType": "Ghost", "role": "Bulky Support", "bvs": {"hp": 100, "atk": 100, "def": 130, "spa": 45, "spd": 90, "spe": 35}, "stats": {"hp": 291, "atk": 206, "def": 254, "spa": 118, "spd": 190, "spe": 102}, "types": ["Rock"]}}]}