{"id": "gen9randombattle-2631896061", "format": "[Gen 9] Random Battle", "players": ["I AM chimmi", "Doofladokus"], "log": "|j|\u2606I AM chimmi\n|j|\u2606Doofladokus\n|t:|1781453125\n|gametype|singles\n|player|p1|I AM chimmi|burglar|1232\n|player|p2|Doofladokus|169|1189\n|gen|9\n|tier|[Gen 9] Random Battle\n|rated|\n|rule|Species Clause: Limit one of each Pok\u00e9mon\n|rule|HP Percentage Mod: HP is shown in percentages\n|rule|Sleep Clause Mod: Limit one foe put to sleep\n|rule|Illusion Level Mod: Illusion disguises the Pok\u00e9mon's true level\n|\n|t:|1781453125\n|teamsize|p1|6\n|teamsize|p2|6\n|start\n|switch|p1a: Sandaconda|Sandaconda, L84, M|258/258\n|switch|p2a: Toxtricity|Toxtricity, L82, F|257/257\n|turn|1\n|\n|t:|1781453143\n|-terastallize|p2a: Toxtricity|Normal\n|move|p2a: Toxtricity|Boomburst|p1a: Sandaconda\n|-damage|p1a: Sandaconda|0 fnt\n|faint|p1a: Sandaconda\n|\n|upkeep\n|inactive|Battle timer is ON: inactive players will automatically lose when time's up. (requested by Doofladokus)\n|\n|t:|1781453166\n|switch|p1a: Houndstone|Houndstone, L86, F|264/264\n|turn|2\n|\n|t:|1781453186\n|switch|p2a: Klawf|Klawf, L90, M|272/272\n|move|p1a: Houndstone|Body Press|p2a: Klawf\n|-supereffective|p2a: Klawf\n|-damage|p2a: Klawf|124/272\n|\n|upkeep\n|turn|3\n|\n|t:|1781453195\n|move|p2a: Klawf|Knock Off|p1a: Houndstone\n|-supereffective|p1a: Houndstone\n|-damage|p1a: Houndstone|151/264\n|-enditem|p1a: Houndstone|Choice Band|[from] move: Knock Off|[of] p2a: Klawf\n|move|p1a: Houndstone|Body Press|p2a: Klawf\n|-supereffective|p2a: Klawf\n|-damage|p2a: Klawf|36/272\n|\n|upkeep\n|turn|4\n|\n|t:|1781453206\n|move|p1a: Houndstone|Shadow Sneak|p2a: Klawf\n|-damage|p2a: Klawf|2/272\n|move|p2a: Klawf|Knock Off|p1a: Houndstone\n|-supereffective|p1a: Houndstone\n|-damage|p1a: Houndstone|73/264\n|\n|upkeep\n|turn|5\n|\n|t:|1781453216\n|switch|p2a: Toxtricity|Toxtricity, L82, F, tera:Normal|257/257\n|move|p1a: Houndstone|Shadow Sneak|p2a: Toxtricity\n|-immune|p2a: Toxtricity\n|\n|upkeep\n|turn|6\n|\n|t:|1781453235\n|switch|p1a: Zekrom|Zekrom, L71|259/259\n|-ability|p1a: Zekrom|Teravolt\n|move|p2a: Toxtricity|Overdrive|p1a: Zekrom\n|-resisted|p1a: Zekrom\n|-damage|p1a: Zekrom|213/259\n|\n|-heal|p1a: Zekrom|229/259|[from] item: Leftovers\n|upkeep\n|turn|7\n|\n|t:|1781453251\n|move|p2a: Toxtricity|Overdrive|p1a: Zekrom\n|-resisted|p1a: Zekrom\n|-damage|p1a: Zekrom|185/259\n|move|p1a: Zekrom|Substitute|p1a: Zekrom\n|-start|p1a: Zekrom|Substitute\n|-damage|p1a: Zekrom|121/259\n|\n|-heal|p1a: Zekrom|137/259|[from] item: Leftovers\n|upkeep\n|turn|8\n|\n|t:|1781453269\n|move|p2a: Toxtricity|Overdrive|p1a: Zekrom\n|-resisted|p1a: Zekrom\n|-damage|p1a: Zekrom|92/259\n|move|p1a: Zekrom|Dragon Dance|p1a: Zekrom\n|-boost|p1a: Zekrom|atk|1\n|-boost|p1a: Zekrom|spe|1\n|\n|-heal|p1a: Zekrom|108/259|[from] item: Leftovers\n|upkeep\n|turn|9\n|inactive|I AM chimmi has 120 seconds left.\n|\n|t:|1781453289\n|switch|p2a: Klawf|Klawf, L90, M|92/272\n|move|p1a: Zekrom|Outrage|p2a: Klawf\n|-damage|p2a: Klawf|0 fnt\n|faint|p2a: Klawf\n|\n|-heal|p1a: Zekrom|124/259|[from] item: Leftovers\n|upkeep\n|inactive|Doofladokus has 120 seconds left.\n|\n|t:|1781453324\n|switch|p2a: Dusknoir|Dusknoir, L89, M|225/225\n|-item|p1a: Zekrom|Leftovers|[from] ability: Frisk|[of] p2a: Dusknoir\n|turn|10\n|\n|t:|1781453335\n|move|p1a: Zekrom|Outrage|p2a: Dusknoir|[from] lockedmove\n|-damage|p2a: Dusknoir|87/225\n|-start|p1a: Zekrom|confusion|[fatigue]\n|move|p2a: Dusknoir|Earthquake|p1a: Zekrom\n|-supereffective|p1a: Zekrom\n|-end|p1a: Zekrom|Substitute\n|\n|-heal|p1a: Zekrom|140/259|[from] item: Leftovers\n|upkeep\n|turn|11\n|\n|t:|1781453348\n|-activate|p1a: Zekrom|confusion\n|move|p1a: Zekrom|Outrage|p2a: Dusknoir\n|-damage|p2a: Dusknoir|0 fnt\n|faint|p2a: Dusknoir\n|\n|-heal|p1a: Zekrom|156/259|[from] item: Leftovers\n|upkeep\n|\n|t:|1781453363\n|switch|p2a: Kommo-o|Kommo-o, L78, F|245/245\n|turn|12\n|\n|t:|1781453370\n|-activate|p1a: Zekrom|confusion\n|move|p1a: Zekrom|Outrage|p2a: Kommo-o|[from] lockedmove\n|-supereffective|p2a: Kommo-o\n|-damage|p2a: Kommo-o|0 fnt\n|faint|p2a: Kommo-o\n|\n|-heal|p1a: Zekrom|172/259|[from] item: Leftovers\n|upkeep\n|\n|t:|1781453385\n|switch|p2a: Yanmega|Yanmega, L82, F|275/275\n|turn|13\n|\n|t:|1781453394\n|move|p2a: Yanmega|Protect|p2a: Yanmega\n|-singleturn|p2a: Yanmega|Protect\n|-activate|p1a: Zekrom|confusion\n|-damage|p1a: Zekrom|134/259|[from] confusion\n|\n|-heal|p1a: Zekrom|150/259|[from] item: Leftovers\n|-ability|p2a: Yanmega|Speed Boost|boost\n|-boost|p2a: Yanmega|spe|1\n|upkeep\n|turn|14\n|\n|t:|1781453405\n|move|p2a: Yanmega|Bug Buzz|p1a: Zekrom\n|-damage|p1a: Zekrom|30/259\n|-end|p1a: Zekrom|confusion\n|move|p1a: Zekrom|Bolt Strike|p2a: Yanmega\n|-supereffective|p2a: Yanmega\n|-damage|p2a: Yanmega|0 fnt\n|faint|p2a: Yanmega\n|\n|-heal|p1a: Zekrom|46/259|[from] item: Leftovers\n|upkeep\n|\n|t:|1781453416\n|switch|p2a: Toxtricity|Toxtricity, L82, F, tera:Normal|257/257\n|turn|15\n|\n|t:|1781453421\n|move|p1a: Zekrom|Outrage|p2a: Toxtricity\n|-damage|p2a: Toxtricity|25/257\n|move|p2a: Toxtricity|Boomburst|p1a: Zekrom\n|-crit|p1a: Zekrom\n|-damage|p1a: Zekrom|0 fnt\n|faint|p1a: Zekrom\n|\n|upkeep\n|\n|t:|1781453431\n|switch|p1a: Cinderace|Cinderace, L77, F|249/249\n|turn|16\n|inactive|Doofladokus has 120 seconds left.\n|\n|t:|1781453441\n|move|p1a: Cinderace|High Jump Kick|p2a: Toxtricity\n|-start|p1a: Cinderace|typechange|Fighting|[from] ability: Libero\n|-supereffective|p2a: Toxtricity\n|-damage|p2a: Toxtricity|0 fnt\n|faint|p2a: Toxtricity\n|\n|upkeep\n|inactive|Doofladokus has 120 seconds left.\n|\n|t:|1781453447\n|switch|p2a: Bellibolt|Bellibolt, L84, F|320/320\n|turn|17\n|inactive|Doofladokus has 120 seconds left.\n|\n|t:|1781453461\n|move|p1a: Cinderace|High Jump Kick|p2a: Bellibolt\n|-crit|p2a: Bellibolt\n|-damage|p2a: Bellibolt|13/320\n|-start|p2a: Bellibolt|Charge|High Jump Kick|[from] ability: Electromorphosis\n|move|p2a: Bellibolt|Thunderbolt|p1a: Cinderace\n|-damage|p1a: Cinderace|0 fnt\n|faint|p1a: Cinderace\n|-end|p2a: Bellibolt|Charge|[silent]\n|\n|-heal|p2a: Bellibolt|33/320|[from] item: Leftovers\n|upkeep\n|\n|t:|1781453473\n|switch|p1a: Houndstone|Houndstone, L86, F|73/264\n|turn|18\n|\n|t:|1781453479\n|move|p1a: Houndstone|Shadow Sneak|p2a: Bellibolt\n|-damage|p2a: Bellibolt|0 fnt\n|faint|p2a: Bellibolt\n|\n|win|I AM chimmi\n|raw|I AM chimmi's rating: 1232 &rarr; <strong>1254</strong><br />(+22 for winning)\n|raw|Doofladokus's rating: 1189 &rarr; <strong>1167</strong><br />(-22 for losing)\n|l|\u2606Doofladokus\n|player|p2|\n", "inputlog": ">version a8376a258c1d4662feba110a92103f3664a72141\n>start {\"formatid\":\"gen9randombattle\",\"seed\":\"sodium,0db81c31bf98423397d33eff08680e47\",\"rated\":\"Rated battle\"}\n>player p1 {\"name\":\"I AM chimmi\",\"avatar\":\"burglar\",\"rating\":1232,\"seed\":\"sodium,75dc771c76d2d32600ab26994c391573\"}\n>player p2 {\"name\":\"Doofladokus\",\"avatar\":\"169\",\"rating\":1189,\"seed\":\"sodium,c726b35b28c036464044f37be92f507f\"}\n>p1 move coil\n>p2 move boomburst terastallize\n>p1 switch 6\n>p1 move bodypress\n>p2 switch 4\n>p1 move bodypress\n>p2 move knockoff\n>p1 move shadowsneak\n>p2 move knockoff\n>p1 move shadowsneak\n>p2 switch 4\n>p1 switch 2\n>p2 move overdrive\n>p1 move substitute\n>p2 move overdrive\n>p1 move dragondance\n>p2 move overdrive\n>p1 move outrage\n>p2 switch 4\n>p2 switch 5\n>p1 move outrage\n>p2 move earthquake\n>p1 move outrage\n>p2 move earthquake\n>p2 switch 2\n>p1 move outrage\n>p2 move scaleshot\n>p2 switch 6\n>p1 move outrage\n>p2 move protect\n>p1 move boltstrike\n>p2 move bugbuzz\n>p2 switch 4\n>p1 move outrage\n>p2 move boomburst\n>p1 switch 3\n>p1 move highjumpkick\n>p2 move boomburst\n>p2 switch 3\n>p1 move highjumpkick\n>p2 move thunderbolt\n>p1 switch 2\n>p1 move shadowsneak\n>p2 move slackoff", "uploadtime": 1781453492, "views": 3, "formatid": "gen9randombattle", "rating": 1167, "private": 0, "password": null, "player_dets": [{"name": "I AM chimmi", "avatar": "burglar", "rating": 1232, "seed": "sodium,75dc771c76d2d32600ab26994c391573"}, {"name": "Doofladokus", "avatar": "169", "rating": 1189, "seed": "sodium,c726b35b28c036464044f37be92f507f"}], "teams_full": [{"Sandaconda": {"name": "Sandaconda", "species": "Sandaconda", "speciesId": "sandaconda", "gender": "M", "shiny": false, "level": 84, "moves": ["earthquake", "coil", "scaleshot", "rockblast"], "ability": "Shed Skin", "evs": {"hp": 85, "atk": 85, "def": 85, "spa": 85, "spd": 85, "spe": 85}, "ivs": {"hp": 31, "atk": 31, "def": 31, "spa": 31, "spd": 31, "spe": 31}, "item": "Loaded Dice", "teraType": "Dragon", "role": "Fast Bulky Setup", "bvs": {"hp": 72, "atk": 107, "def": 125, "spa": 65, "spd": 70, "spe": 71}, "stats": {"hp": 258, "atk": 228, "def": 258, "spa": 157, "spd": 166, "spe": 167}, "types": ["Ground"]}, "Zekrom": {"name": "Zekrom", "species": "Zekrom", "speciesId": "zekrom", "gender": "N", "shiny": false, "level": 71, "moves": ["boltstrike", "substitute", "dragondance", "outrage"], "ability": "Teravolt", "evs": {"hp": 85, "atk": 85, "def": 85, "spa": 85, "spd": 85, "spe": 85}, "ivs": {"hp": 31, "atk": 31, "def": 31, "spa": 31, "spd": 31, "spe": 31}, "item": "Leftovers", "teraType": "Grass", "role": "Setup Sweeper", "bvs": {"hp": 100, "atk": 150, "def": 120, "spa": 120, "spd": 100, "spe": 90}, "stats": {"hp": 259, "atk": 254, "def": 212, "spa": 212, "spd": 183, "spe": 169}, "types": ["Dragon", "Electric"]}, "Cinderace": {"name": "Cinderace", "species": "Cinderace", "speciesId": "cinderace", "gender": "F", "shiny": false, "level": 77, "moves": ["pyroball", "gunkshot", "highjumpkick", "uturn"], "ability": "Libero", "evs": {"hp": 81, "atk": 85, "def": 85, "spa": 85, "spd": 85, "spe": 85}, "ivs": {"hp": 31, "atk": 31, "def": 31, "spa": 31, "spd": 31, "spe": 31}, "item": "Choice Band", "teraType": "Fire", "role": "Wallbreaker", "bvs": {"hp": 80, "atk": 116, "def": 75, "spa": 65, "spd": 75, "spe": 119}, "stats": {"hp": 249, "atk": 223, "def": 160, "spa": 145, "spd": 160, "spe": 228}, "types": ["Fire"]}, "Indeedee": {"name": "Indeedee", "species": "Indeedee", "speciesId": "indeedee", "gender": "M", "shiny": false, "level": 84, "moves": ["hypervoice", "calmmind", "shadowball", "expandingforce"], "ability": "Psychic Surge", "evs": {"hp": 85, "atk": 0, "def": 85, "spa": 85, "spd": 85, "spe": 85}, "ivs": {"hp": 31, "atk": 0, "def": 31, "spa": 31, "spd": 31, "spe": 31}, "item": "Life Orb", "teraType": "Psychic", "role": "Fast Attacker", "bvs": {"hp": 60, "atk": 65, "def": 55, "spa": 105, "spd": 95, "spe": 95}, "stats": {"hp": 238, "atk": 114, "def": 141, "spa": 225, "spd": 208, "spe": 208}, "types": ["Psychic", "Normal"]}, "Lokix": {"name": "Lokix", "species": "Lokix", "speciesId": "lokix", "gender": "F", "shiny": false, "level": 82, "moves": ["suckerpunch", "knockoff", "leechlife", "swordsdance"], "ability": "Tinted Lens", "evs": {"hp": 85, "atk": 85, "def": 85, "spa": 85, "spd": 85, "spe": 85}, "ivs": {"hp": 31, "atk": 31, "def": 31, "spa": 31, "spd": 31, "spe": 31}, "item": "Life Orb", "teraType": "Dark", "role": "Setup Sweeper", "bvs": {"hp": 71, "atk": 102, "def": 78, "spa": 52, "spd": 55, "spe": 92}, "stats": {"hp": 251, "atk": 214, "def": 175, "spa": 132, "spd": 137, "spe": 198}, "types": ["Bug", "Dark"]}, "Houndstone": {"name": "Houndstone", "species": "Houndstone", "speciesId": "houndstone", "gender": "F", "shiny": false, "level": 86, "moves": ["playrough", "bodypress", "shadowsneak", "poltergeist"], "ability": "Fluffy", "evs": {"hp": 85, "atk": 85, "def": 85, "spa": 85, "spd": 85, "spe": 85}, "ivs": {"hp": 31, "atk": 31, "def": 31, "spa": 31, "spd": 31, "spe": 31}, "item": "Choice Band", "teraType": "Fighting", "role": "Bulky Attacker", "bvs": {"hp": 72, "atk": 101, "def": 100, "spa": 50, "spd": 97, "spe": 68}, "stats": {"hp": 264, "atk": 223, "def": 221, "spa": 135, "spd": 216, "spe": 166}, "types": ["Ghost"]}}, {"Toxtricity": {"name": "Toxtricity", "species": "Toxtricity", "speciesId": "toxtricity", "gender": "F", "shiny": false, "level": 82, "moves": ["sludgewave", "overdrive", "voltswitch", "boomburst"], "ability": "Punk Rock", "evs": {"hp": 85, "atk": 0, "def": 85, "spa": 85, "spd": 85, "spe": 85}, "ivs": {"hp": 31, "atk": 0, "def": 31, "spa": 31, "spd": 31, "spe": 31}, "item": "Choice Specs", "teraType": "Normal", "role": "Fast Attacker", "bvs": {"hp": 75, "atk": 98, "def": 70, "spa": 114, "spd": 70, "spe": 75}, "stats": {"hp": 257, "atk": 165, "def": 162, "spa": 234, "spd": 162, "spe": 170}, "types": ["Electric", "Poison"]}, "Kommo-o": {"name": "Kommo-o", "species": "Kommo-o", "speciesId": "kommoo", "gender": "F", "shiny": false, "level": 78, "moves": ["scaleshot", "swordsdance", "closecombat", "ironhead"], "ability": "Soundproof", "evs": {"hp": 85, "atk": 85, "def": 85, "spa": 85, "spd": 85, "spe": 85}, "ivs": {"hp": 31, "atk": 31, "def": 31, "spa": 31, "spd": 31, "spe": 31}, "item": "Loaded Dice", "teraType": "Steel", "role": "Setup Sweeper", "bvs": {"hp": 75, "atk": 110, "def": 125, "spa": 100, "spd": 105, "spe": 85}, "stats": {"hp": 245, "atk": 217, "def": 240, "spa": 201, "spd": 209, "spe": 178}, "types": ["Dragon", "Fighting"]}, "Bellibolt": {"name": "Bellibolt", "species": "Bellibolt", "speciesId": "bellibolt", "gender": "F", "shiny": false, "level": 84, "moves": ["voltswitch", "muddywater", "slackoff", "thunderbolt"], "ability": "Electromorphosis", "evs": {"hp": 85, "atk": 0, "def": 85, "spa": 85, "spd": 85, "spe": 85}, "ivs": {"hp": 31, "atk": 0, "def": 31, "spa": 31, "spd": 31, "spe": 31}, "item": "Leftovers", "teraType": "Water", "role": "Bulky Attacker", "bvs": {"hp": 109, "atk": 64, "def": 91, "spa": 103, "spd": 83, "spe": 45}, "stats": {"hp": 320, "atk": 112, "def": 201, "spa": 221, "spd": 188, "spe": 124}, "types": ["Electric"]}, "Klawf": {"name": "Klawf", "species": "Klawf", "speciesId": "klawf", "gender": "M", "shiny": false, "level": 90, "moves": ["stoneedge", "highhorsepower", "crabhammer", "knockoff"], "ability": "Regenerator", "evs": {"hp": 85, "atk": 85, "def": 85, "spa": 85, "spd": 85, "spe": 85}, "ivs": {"hp": 31, "atk": 31, "def": 31, "spa": 31, "spd": 31, "spe": 31}, "item": "Choice Band", "teraType": "Rock", "role": "Fast Attacker", "bvs": {"hp": 70, "atk": 100, "def": 115, "spa": 35, "spd": 55, "spe": 75}, "stats": {"hp": 272, "atk": 231, "def": 258, "spa": 114, "spd": 150, "spe": 186}, "types": ["Rock"]}, "Dusknoir": {"name": "Dusknoir", "species": "Dusknoir", "speciesId": "dusknoir", "gender": "M", "shiny": false, "level": 89, "moves": ["earthquake", "leechlife", "poltergeist", "shadowsneak"], "ability": "Frisk", "evs": {"hp": 85, "atk": 85, "def": 85, "spa": 85, "spd": 85, "spe": 85}, "ivs": {"hp": 31, "atk": 31, "def": 31, "spa": 31, "spd": 31, "spe": 31}, "item": "Choice Band", "teraType": "Ground", "role": "Wallbreaker", "bvs": {"hp": 45, "atk": 100, "def": 135, "spa": 65, "spd": 135, "spe": 45}, "stats": {"hp": 225, "atk": 229, "def": 291, "spa": 166, "spd": 291, "spe": 131}, "types": ["Ghost"]}, "Yanmega": {"name": "Yanmega", "species": "Yanmega", "speciesId": "yanmega", "gender": "F", "shiny": false, "level": 82, "moves": ["terablast", "bugbuzz", "protect", "airslash"], "ability": "Speed Boost", "evs": {"hp": 85, "atk": 0, "def": 85, "spa": 85, "spd": 85, "spe": 85}, "ivs": {"hp": 31, "atk": 0, "def": 31, "spa": 31, "spd": 31, "spe": 31}, "item": "Heavy-Duty Boots", "teraType": "Ground", "role": "Tera Blast user", "bvs": {"hp": 86, "atk": 76, "def": 86, "spa": 116, "spd": 56, "spe": 95}, "stats": {"hp": 275, "atk": 129, "def": 188, "spa": 237, "spd": 139, "spe": 203}, "types": ["Bug", "Flying"]}}]}