{"id": "gen9randombattle-2631975823", "format": "[Gen 9] Random Battle", "players": ["TheSakman", "magicaldc"], "log": "|j|\u2606TheSakman\n|j|\u2606magicaldc\n|t:|1781461826\n|gametype|singles\n|player|p1|TheSakman|ltsurge|1972\n|player|p2|magicaldc|102|1999\n|gen|9\n|tier|[Gen 9] Random Battle\n|rated|\n|rule|Species Clause: Limit one of each Pok\u00e9mon\n|rule|HP Percentage Mod: HP is shown in percentages\n|rule|Sleep Clause Mod: Limit one foe put to sleep\n|rule|Illusion Level Mod: Illusion disguises the Pok\u00e9mon's true level\n|\n|t:|1781461826\n|teamsize|p1|6\n|teamsize|p2|6\n|start\n|switch|p1a: Volcarona|Volcarona, L77, F|257/257\n|switch|p2a: Meowstic|Meowstic, L89, M|277/277\n|turn|1\n|\n|t:|1781461842\n|switch|p1a: Suicune|Suicune, L82|298/298\n|-ability|p1a: Suicune|Pressure\n|move|p2a: Meowstic|Psychic Noise|p1a: Suicune\n|-damage|p1a: Suicune|228/298\n|-start|p1a: Suicune|move: Heal Block\n|\n|upkeep\n|turn|2\n|inactive|Battle timer is ON: inactive players will automatically lose when time's up. (requested by magicaldc)\n|\n|t:|1781461848\n|move|p2a: Meowstic|Psychic Noise|p1a: Suicune\n|-damage|p1a: Suicune|165/298\n|move|p1a: Suicune|Scald|p2a: Meowstic\n|-damage|p2a: Meowstic|204/277\n|\n|-end|p1a: Suicune|move: Heal Block\n|upkeep\n|turn|3\n|\n|t:|1781461851\n|move|p2a: Meowstic|Psychic Noise|p1a: Suicune\n|-damage|p1a: Suicune|102/298\n|-start|p1a: Suicune|move: Heal Block\n|move|p1a: Suicune|Scald|p2a: Meowstic\n|-damage|p2a: Meowstic|131/277\n|-status|p2a: Meowstic|brn\n|\n|-damage|p2a: Meowstic|114/277 brn|[from] brn\n|upkeep\n|turn|4\n|\n|t:|1781461855\n|move|p1a: Suicune|Protect|p1a: Suicune\n|-singleturn|p1a: Suicune|Protect\n|move|p2a: Meowstic|Light Screen|p2a: Meowstic\n|-sidestart|p2: magicaldc|move: Light Screen\n|\n|-damage|p2a: Meowstic|97/277 brn|[from] brn\n|-end|p1a: Suicune|move: Heal Block\n|upkeep\n|turn|5\n|\n|t:|1781461858\n|move|p2a: Meowstic|Psychic Noise|p1a: Suicune\n|-damage|p1a: Suicune|41/298\n|-start|p1a: Suicune|move: Heal Block\n|move|p1a: Suicune|Scald|p2a: Meowstic\n|-damage|p2a: Meowstic|56/277 brn\n|\n|-damage|p2a: Meowstic|39/277 brn|[from] brn\n|upkeep\n|turn|6\n|\n|t:|1781461862\n|move|p1a: Suicune|Protect|p1a: Suicune\n|-singleturn|p1a: Suicune|Protect\n|move|p2a: Meowstic|Psychic Noise|p1a: Suicune\n|-activate|p1a: Suicune|move: Protect\n|\n|-damage|p2a: Meowstic|22/277 brn|[from] brn\n|-end|p1a: Suicune|move: Heal Block\n|upkeep\n|turn|7\n|\n|t:|1781461865\n|move|p2a: Meowstic|Psychic Noise|p1a: Suicune\n|-damage|p1a: Suicune|0 fnt\n|faint|p1a: Suicune\n|\n|-damage|p2a: Meowstic|5/277 brn|[from] brn\n|upkeep\n|\n|t:|1781461872\n|switch|p1a: Basculegion|Basculegion, L80, M|323/323\n|turn|8\n|\n|t:|1781461875\n|move|p2a: Meowstic|Reflect|p2a: Meowstic\n|-sidestart|p2: magicaldc|Reflect\n|move|p1a: Basculegion|Aqua Jet|p2a: Meowstic\n|-damage|p2a: Meowstic|0 fnt\n|faint|p2a: Meowstic\n|\n|upkeep\n|\n|t:|1781461883\n|switch|p2a: Houndstone|Houndstone, L86, M|264/264\n|turn|9\n|\n|t:|1781461912\n|switch|p1a: Bellibolt|Bellibolt, L84, F|320/320\n|move|p2a: Houndstone|Poltergeist|p1a: Bellibolt\n|-activate|p1a: Bellibolt|move: Poltergeist|Leftovers\n|-damage|p1a: Bellibolt|206/320\n|-start|p1a: Bellibolt|Charge|Poltergeist|[from] ability: Electromorphosis\n|\n|-heal|p1a: Bellibolt|226/320|[from] item: Leftovers\n|upkeep\n|turn|10\n|\n|t:|1781461922\n|move|p2a: Houndstone|Poltergeist|p1a: Bellibolt\n|-activate|p1a: Bellibolt|move: Poltergeist|Leftovers\n|-damage|p1a: Bellibolt|96/320\n|-start|p1a: Bellibolt|Charge|Poltergeist|[from] ability: Electromorphosis\n|move|p1a: Bellibolt|Toxic|p2a: Houndstone\n|-status|p2a: Houndstone|tox\n|\n|-heal|p1a: Bellibolt|116/320|[from] item: Leftovers\n|-damage|p2a: Houndstone|248/264 tox|[from] psn\n|upkeep\n|turn|11\n|\n|t:|1781461933\n|switch|p1a: Registeel|Registeel, L81|262/262\n|move|p2a: Houndstone|Poltergeist|p1a: Registeel\n|-activate|p1a: Registeel|move: Poltergeist|Chesto Berry\n|-damage|p1a: Registeel|171/262\n|\n|-damage|p2a: Houndstone|216/264 tox|[from] psn\n|-sideend|p2: magicaldc|move: Light Screen\n|upkeep\n|turn|12\n|\n|t:|1781461947\n|switch|p1a: Basculegion|Basculegion, L80, M|323/323\n|move|p2a: Houndstone|Body Press|p1a: Basculegion\n|-immune|p1a: Basculegion\n|\n|-damage|p2a: Houndstone|168/264 tox|[from] psn\n|upkeep\n|turn|13\n|\n|t:|1781461952\n|move|p1a: Basculegion|Shadow Ball|p2a: Houndstone\n|-supereffective|p2a: Houndstone\n|-damage|p2a: Houndstone|56/264 tox\n|move|p2a: Houndstone|Poltergeist|p1a: Basculegion\n|-activate|p1a: Basculegion|move: Poltergeist|Assault Vest\n|-supereffective|p1a: Basculegion\n|-damage|p1a: Basculegion|0 fnt\n|faint|p1a: Basculegion\n|\n|-damage|p2a: Houndstone|0 fnt|[from] psn\n|faint|p2a: Houndstone\n|upkeep\n|\n|t:|1781461961\n|switch|p1a: Volcarona|Volcarona, L77, F|257/257\n|switch|p2a: Flamigo|Flamigo, L82, F|269/269\n|turn|14\n|\n|t:|1781461965\n|switch|p1a: Bellibolt|Bellibolt, L84, F|116/320\n|move|p2a: Flamigo|Brave Bird|p1a: Bellibolt\n|-resisted|p1a: Bellibolt\n|-damage|p1a: Bellibolt|23/320\n|-start|p1a: Bellibolt|Charge|Brave Bird|[from] ability: Electromorphosis\n|-damage|p2a: Flamigo|238/269|[from] Recoil\n|\n|-heal|p1a: Bellibolt|43/320|[from] item: Leftovers\n|upkeep\n|turn|15\n|\n|t:|1781461968\n|move|p2a: Flamigo|Brave Bird|p1a: Bellibolt\n|-resisted|p1a: Bellibolt\n|-damage|p1a: Bellibolt|0 fnt\n|faint|p1a: Bellibolt\n|-damage|p2a: Flamigo|224/269|[from] Recoil\n|\n|-sideend|p2: magicaldc|Reflect\n|upkeep\n|\n|t:|1781461977\n|switch|p1a: Registeel|Registeel, L81|171/262\n|turn|16\n|\n|t:|1781461980\n|switch|p2a: Illumise|Illumise, L91, F|266/266\n|move|p1a: Registeel|Iron Defense|p1a: Registeel\n|-boost|p1a: Registeel|def|2\n|\n|upkeep\n|turn|17\n|\n|t:|1781461983\n|switch|p1a: Volcarona|Volcarona, L77, F|257/257\n|move|p2a: Illumise|Encore||[still]\n|-fail|p2a: Illumise\n|\n|upkeep\n|turn|18\n|\n|t:|1781461988\n|move|p2a: Illumise|Thunder Wave|p1a: Volcarona\n|-status|p1a: Volcarona|par\n|cant|p1a: Volcarona|par\n|\n|upkeep\n|turn|19\n|\n|t:|1781461992\n|switch|p2a: Flamigo|Flamigo, L82, F|224/269\n|move|p1a: Volcarona|Fire Blast|p2a: Flamigo\n|-damage|p2a: Flamigo|62/269\n|\n|upkeep\n|turn|20\n|\n|t:|1781462002\n|switch|p1a: Registeel|Registeel, L81|171/262\n|move|p2a: Flamigo|Brave Bird|p1a: Registeel\n|-resisted|p1a: Registeel\n|-damage|p1a: Registeel|105/262\n|-damage|p2a: Flamigo|40/269|[from] Recoil\n|\n|upkeep\n|turn|21\n|\n|t:|1781462008\n|switch|p2a: Illumise|Illumise, L91, F|266/266\n|move|p1a: Registeel|Rest|p1a: Registeel\n|-status|p1a: Registeel|slp|[from] move: Rest\n|-heal|p1a: Registeel|262/262 slp|[silent]\n|-enditem|p1a: Registeel|Chesto Berry|[eat]\n|-curestatus|p1a: Registeel|slp|[msg]\n|\n|upkeep\n|turn|22\n|\n|t:|1781462012\n|switch|p2a: Flamigo|Flamigo, L82, F|40/269\n|switch|p1a: Volcarona|Volcarona, L77, F|257/257 par\n|\n|upkeep\n|turn|23\n|\n|t:|1781462017\n|switch|p1a: Registeel|Registeel, L81|262/262\n|move|p2a: Flamigo|Close Combat|p1a: Registeel\n|-supereffective|p1a: Registeel\n|-damage|p1a: Registeel|2/262\n|-unboost|p2a: Flamigo|def|1\n|-unboost|p2a: Flamigo|spd|1\n|\n|upkeep\n|turn|24\n|\n|t:|1781462023\n|move|p2a: Flamigo|Close Combat|p1a: Registeel\n|-supereffective|p1a: Registeel\n|-damage|p1a: Registeel|0 fnt\n|-unboost|p2a: Flamigo|def|1\n|-unboost|p2a: Flamigo|spd|1\n|faint|p1a: Registeel\n|\n|upkeep\n|\n|t:|1781462025\n|switch|p1a: Thundurus|Thundurus-Therian, L80, M|258/258\n|turn|25\n|\n|t:|1781462031\n|switch|p2a: Ditto|Ditto, L87|225/225\n|-transform|p2a: Ditto|p1a: Thundurus|[from] ability: Imposter\n|move|p1a: Thundurus|Nasty Plot|p1a: Thundurus\n|-boost|p1a: Thundurus|spa|2\n|\n|upkeep\n|turn|26\n|\n|t:|1781462038\n|switch|p2a: Illumise|Illumise, L91, F|266/266\n|move|p1a: Thundurus|Sludge Wave|p2a: Illumise\n|-damage|p2a: Illumise|95/266\n|\n|upkeep\n|turn|27\n|\n|t:|1781462045\n|move|p2a: Illumise|Encore|p1a: Thundurus\n|-start|p1a: Thundurus|Encore\n|move|p1a: Thundurus|Sludge Wave|p2a: Illumise\n|-damage|p2a: Illumise|0 fnt\n|faint|p2a: Illumise\n|\n|upkeep\n|\n|t:|1781462053\n|switch|p2a: Glaceon|Glaceon, L94, M|275/275\n|turn|28\n|\n|t:|1781462060\n|switch|p1a: Volcarona|Volcarona, L77, F|257/257 par\n|move|p2a: Glaceon|Freeze-Dry|p1a: Volcarona\n|-resisted|p1a: Volcarona\n|-damage|p1a: Volcarona|205/257 par\n|\n|upkeep\n|turn|29\n|\n|t:|1781462075\n|move|p2a: Glaceon|Mud Shot|p1a: Volcarona\n|-damage|p1a: Volcarona|147/257 par\n|-unboost|p1a: Volcarona|spe|1\n|cant|p1a: Volcarona|par\n|\n|upkeep\n|turn|30\n|\n|t:|1781462081\n|move|p2a: Glaceon|Mud Shot|p1a: Volcarona\n|-damage|p1a: Volcarona|89/257 par\n|-unboost|p1a: Volcarona|spe|1\n|move|p1a: Volcarona|Fire Blast|p2a: Glaceon\n|-supereffective|p2a: Glaceon\n|-damage|p2a: Glaceon|51/275\n|\n|upkeep\n|turn|31\n|\n|t:|1781462093\n|move|p2a: Glaceon|Mud Shot|p1a: Volcarona\n|-damage|p1a: Volcarona|31/257 par\n|-unboost|p1a: Volcarona|spe|1\n|move|p1a: Volcarona|Fire Blast|p2a: Glaceon\n|-supereffective|p2a: Glaceon\n|-damage|p2a: Glaceon|0 fnt\n|faint|p2a: Glaceon\n|\n|upkeep\n|\n|t:|1781462096\n|switch|p2a: Flamigo|Flamigo, L82, F|40/269\n|turn|32\n|\n|t:|1781462099\n|move|p2a: Flamigo|Throat Chop|p1a: Volcarona\n|-damage|p1a: Volcarona|0 fnt\n|faint|p1a: Volcarona\n|\n|upkeep\n|\n|t:|1781462101\n|switch|p1a: Thundurus|Thundurus-Therian, L80, M|258/258\n|turn|33\n|\n|t:|1781462103\n|move|p1a: Thundurus|Sludge Wave|p2a: Flamigo\n|-damage|p2a: Flamigo|0 fnt\n|faint|p2a: Flamigo\n|\n|upkeep\n|\n|t:|1781462106\n|switch|p2a: Ditto|Ditto, L87|225/225\n|-transform|p2a: Ditto|p1a: Thundurus|[from] ability: Imposter\n|turn|34\n|\n|t:|1781462124\n|-terastallize|p1a: Thundurus|Electric\n|move|p2a: Ditto|Sludge Wave|p1a: Thundurus\n|-damage|p1a: Thundurus|153/258\n|move|p1a: Thundurus|Sludge Wave|p2a: Ditto\n|-damage|p2a: Ditto|136/225\n|\n|upkeep\n|turn|35\n|\n|t:|1781462129\n|move|p2a: Ditto|Sludge Wave|p1a: Thundurus\n|-damage|p1a: Thundurus|45/258\n|move|p1a: Thundurus|Focus Blast|p2a: Ditto\n|-resisted|p2a: Ditto\n|-damage|p2a: Ditto|74/225\n|\n|upkeep\n|turn|36\n|\n|t:|1781462132\n|move|p2a: Ditto|Sludge Wave|p1a: Thundurus\n|-damage|p1a: Thundurus|0 fnt\n|faint|p1a: Thundurus\n|\n|win|magicaldc\n", "inputlog": ">version a8376a258c1d4662feba110a92103f3664a72141\n>start {\"formatid\":\"gen9randombattle\",\"seed\":\"sodium,87a2ccc39c5319d9c740e482316d372d\",\"rated\":\"Rated battle\"}\n>player p1 {\"name\":\"TheSakman\",\"avatar\":\"ltsurge\",\"rating\":1972,\"seed\":\"sodium,e91e9f47feaabef6cf6a0bc484174ec9\"}\n>player p2 {\"name\":\"magicaldc\",\"avatar\":\"102\",\"rating\":1999,\"seed\":\"sodium,6e92cea2018be44487581cf8a48eed8e\"}\n>p1 switch 3\n>p2 move psychicnoise\n>p1 move scald\n>p2 move psychicnoise\n>p1 move scald\n>p2 move psychicnoise\n>p1 move protect\n>p2 move lightscreen\n>p1 move scald\n>p2 move psychicnoise\n>p1 move protect\n>p2 move psychicnoise\n>p1 move scald\n>p2 move psychicnoise\n>p1 switch 2\n>p1 move aquajet\n>p2 move reflect\n>p2 switch 5\n>p1 switch 5\n>p2 move poltergeist\n>p1 move toxic\n>p2 move poltergeist\n>p1 switch 6\n>p2 move poltergeist\n>p1 switch 5\n>p2 move bodypress\n>p1 move shadowball\n>p2 move poltergeist\n>p1 switch 3\n>p2 switch 6\n>p1 switch 6\n>p2 move bravebird\n>p1 move slackoff\n>p2 move bravebird\n>p1 switch 5\n>p1 move irondefense\n>p2 switch 4\n>p1 switch 6\n>p2 move encore\n>p1 move fireblast\n>p2 move thunderwave\n>p1 move fireblast\n>p2 switch 4\n>p1 switch 6\n>p2 move bravebird\n>p1 move rest\n>p2 switch 4\n>p1 switch 6\n>p2 switch 4\n>p1 switch 6\n>p2 move closecombat\n>p1 move bodypress\n>p2 move closecombat\n>p1 switch 4\n>p1 move nastyplot\n>p2 switch 3\n>p1 move sludgewave\n>p2 switch 4\n>p1 move sludgewave\n>p2 move encore\n>p2 switch 2\n>p1 switch 6\n>p2 move freezedry\n>p1 move fireblast\n>p2 move mudshot\n>p1 move fireblast\n>p2 move mudshot\n>p1 move fireblast\n>p2 move mudshot\n>p2 switch 3\n>p1 move fireblast\n>p2 move throatchop\n>p1 switch 6\n>p1 move sludgewave\n>p2 move throatchop\n>p2 switch 4\n>p1 move sludgewave terastallize\n>p2 move sludgewave\n>p1 move focusblast\n>p2 move sludgewave\n>p1 move sludgewave\n>p2 move sludgewave", "uploadtime": 1781461828, "views": 4, "formatid": "gen9randombattle", "rating": null, "private": 0, "password": null, "player_dets": [{"name": "TheSakman", "avatar": "ltsurge", "rating": 1972, "seed": "sodium,e91e9f47feaabef6cf6a0bc484174ec9"}, {"name": "magicaldc", "avatar": "102", "rating": 1999, "seed": "sodium,6e92cea2018be44487581cf8a48eed8e"}], "teams_full": [{"Volcarona": {"name": "Volcarona", "species": "Volcarona", "speciesId": "volcarona", "gender": "F", "shiny": false, "level": 77, "moves": ["fireblast", "quiverdance", "terablast", "gigadrain"], "ability": "Flame Body", "evs": {"hp": 85, "atk": 0, "def": 85, "spa": 85, "spd": 85, "spe": 85}, "ivs": {"hp": 31, "atk": 0, "def": 31, "spa": 31, "spd": 31, "spe": 31}, "item": "Heavy-Duty Boots", "teraType": "Water", "role": "Tera Blast user", "bvs": {"hp": 85, "atk": 60, "def": 65, "spa": 135, "spd": 105, "spe": 100}, "stats": {"hp": 257, "atk": 97, "def": 145, "spa": 252, "spd": 206, "spe": 199}}, "Basculegion": {"name": "Basculegion", "species": "Basculegion", "speciesId": "basculegion", "gender": "M", "shiny": false, "level": 80, "moves": ["flipturn", "aquajet", "wavecrash", "shadowball"], "ability": "Adaptability", "evs": {"hp": 85, "atk": 85, "def": 85, "spa": 85, "spd": 85, "spe": 85}, "ivs": {"hp": 31, "atk": 31, "def": 31, "spa": 31, "spd": 31, "spe": 31}, "item": "Assault Vest", "teraType": "Water", "role": "AV Pivot", "bvs": {"hp": 120, "atk": 112, "def": 65, "spa": 80, "spd": 75, "spe": 78}, "stats": {"hp": 323, "atk": 225, "def": 150, "spa": 174, "spd": 166, "spe": 171}}, "Suicune": {"name": "Suicune", "species": "Suicune", "speciesId": "suicune", "gender": "N", "shiny": false, "level": 82, "moves": ["protect", "calmmind", "substitute", "scald"], "ability": "Pressure", "evs": {"hp": 85, "atk": 0, "def": 85, "spa": 85, "spd": 85, "spe": 85}, "ivs": {"hp": 31, "atk": 0, "def": 31, "spa": 31, "spd": 31, "spe": 31}, "item": "Leftovers", "teraType": "Steel", "role": "Fast Support", "bvs": {"hp": 100, "atk": 75, "def": 115, "spa": 90, "spd": 115, "spe": 85}, "stats": {"hp": 298, "atk": 127, "def": 236, "spa": 195, "spd": 236, "spe": 187}}, "Thundurus": {"name": "Thundurus", "species": "Thundurus-Therian", "speciesId": "thundurustherian", "gender": "M", "shiny": false, "level": 80, "moves": ["nastyplot", "focusblast", "sludgewave", "thunderbolt"], "ability": "Volt Absorb", "evs": {"hp": 85, "atk": 0, "def": 85, "spa": 85, "spd": 85, "spe": 85}, "ivs": {"hp": 31, "atk": 0, "def": 31, "spa": 31, "spd": 31, "spe": 31}, "item": "Heavy-Duty Boots", "teraType": "Electric", "role": "Fast Attacker", "bvs": {"hp": 79, "atk": 105, "def": 70, "spa": 145, "spd": 80, "spe": 101}, "stats": {"hp": 258, "atk": 173, "def": 158, "spa": 278, "spd": 174, "spe": 208}}, "Bellibolt": {"name": "Bellibolt", "species": "Bellibolt", "speciesId": "bellibolt", "gender": "F", "shiny": false, "level": 84, "moves": ["thunderbolt", "toxic", "slackoff", "muddywater"], "ability": "Electromorphosis", "evs": {"hp": 85, "atk": 0, "def": 85, "spa": 85, "spd": 85, "spe": 85}, "ivs": {"hp": 31, "atk": 0, "def": 31, "spa": 31, "spd": 31, "spe": 31}, "item": "Leftovers", "teraType": "Water", "role": "Bulky Attacker", "bvs": {"hp": 109, "atk": 64, "def": 91, "spa": 103, "spd": 83, "spe": 45}, "stats": {"hp": 320, "atk": 112, "def": 201, "spa": 221, "spd": 188, "spe": 124}}, "Registeel": {"name": "Registeel", "species": "Registeel", "speciesId": "registeel", "gender": "N", "shiny": false, "level": 81, "moves": ["bodypress", "irondefense", "rest", "ironhead"], "ability": "Clear Body", "evs": {"hp": 85, "atk": 85, "def": 85, "spa": 85, "spd": 85, "spe": 85}, "ivs": {"hp": 31, "atk": 31, "def": 31, "spa": 31, "spd": 31, "spe": 31}, "item": "Chesto Berry", "teraType": "Fighting", "role": "Bulky Setup", "bvs": {"hp": 80, "atk": 75, "def": 150, "spa": 75, "spd": 150, "spe": 50}, "stats": {"hp": 262, "atk": 168, "def": 290, "spa": 168, "spd": 290, "spe": 128}}}, {"Meowstic": {"name": "Meowstic", "species": "Meowstic", "speciesId": "meowstic", "gender": "M", "shiny": false, "level": 89, "moves": ["alluringvoice", "lightscreen", "psychicnoise", "reflect"], "ability": "Prankster", "evs": {"hp": 85, "atk": 0, "def": 85, "spa": 85, "spd": 85, "spe": 85}, "ivs": {"hp": 31, "atk": 0, "def": 31, "spa": 31, "spd": 31, "spe": 31}, "item": "Light Clay", "teraType": "Fairy", "role": "Bulky Support", "bvs": {"hp": 74, "atk": 48, "def": 76, "spa": 83, "spd": 81, "spe": 104}, "stats": {"hp": 277, "atk": 90, "def": 186, "spa": 199, "spd": 195, "spe": 236}}, "Glaceon": {"name": "Glaceon", "species": "Glaceon", "speciesId": "glaceon", "gender": "M", "shiny": false, "level": 94, "moves": ["freezedry", "wish", "mudshot", "protect"], "ability": "Ice Body", "evs": {"hp": 85, "atk": 0, "def": 85, "spa": 85, "spd": 85, "spe": 85}, "ivs": {"hp": 31, "atk": 0, "def": 31, "spa": 31, "spd": 31, "spe": 31}, "item": "Heavy-Duty Boots", "teraType": "Ground", "role": "Bulky Attacker", "bvs": {"hp": 65, "atk": 60, "def": 110, "spa": 130, "spd": 95, "spe": 65}, "stats": {"hp": 275, "atk": 117, "def": 260, "spa": 298, "spd": 232, "spe": 176}}, "Ditto": {"name": "Ditto", "species": "Ditto", "speciesId": "ditto", "gender": "N", "shiny": false, "level": 87, "moves": ["transform"], "ability": "Imposter", "evs": {"hp": 85, "atk": 85, "def": 85, "spa": 85, "spd": 85, "spe": 85}, "ivs": {"hp": 31, "atk": 31, "def": 31, "spa": 31, "spd": 31, "spe": 31}, "item": "Choice Scarf", "teraType": "Ghost", "role": "Fast Support", "bvs": {"hp": 48, "atk": 48, "def": 48, "spa": 48, "spd": 48, "spe": 48}, "stats": {"hp": 225, "atk": 133, "def": 133, "spa": 133, "spd": 133, "spe": 133}}, "Illumise": {"name": "Illumise", "species": "Illumise", "speciesId": "illumise", "gender": "F", "shiny": false, "level": 91, "moves": ["roost", "encore", "thunderwave", "bugbuzz"], "ability": "Prankster", "evs": {"hp": 85, "atk": 0, "def": 85, "spa": 85, "spd": 85, "spe": 85}, "ivs": {"hp": 31, "atk": 0, "def": 31, "spa": 31, "spd": 31, "spe": 31}, "item": "Heavy-Duty Boots", "teraType": "Steel", "role": "Bulky Support", "bvs": {"hp": 65, "atk": 47, "def": 75, "spa": 73, "spd": 85, "spe": 85}, "stats": {"hp": 266, "atk": 90, "def": 188, "spa": 185, "spd": 207, "spe": 207}}, "Houndstone": {"name": "Houndstone", "species": "Houndstone", "speciesId": "houndstone", "gender": "M", "shiny": false, "level": 86, "moves": ["shadowsneak", "poltergeist", "bodypress", "playrough"], "ability": "Fluffy", "evs": {"hp": 85, "atk": 85, "def": 85, "spa": 85, "spd": 85, "spe": 85}, "ivs": {"hp": 31, "atk": 31, "def": 31, "spa": 31, "spd": 31, "spe": 31}, "item": "Assault Vest", "teraType": "Fairy", "role": "AV Pivot", "bvs": {"hp": 72, "atk": 101, "def": 100, "spa": 50, "spd": 97, "spe": 68}, "stats": {"hp": 264, "atk": 223, "def": 221, "spa": 135, "spd": 216, "spe": 166}}, "Flamigo": {"name": "Flamigo", "species": "Flamigo", "speciesId": "flamigo", "gender": "F", "shiny": false, "level": 82, "moves": ["bravebird", "throatchop", "closecombat", "uturn"], "ability": "Scrappy", "evs": {"hp": 85, "atk": 85, "def": 85, "spa": 85, "spd": 85, "spe": 85}, "ivs": {"hp": 31, "atk": 31, "def": 31, "spa": 31, "spd": 31, "spe": 31}, "item": "Choice Band", "teraType": "Fighting", "role": "Fast Attacker", "bvs": {"hp": 82, "atk": 115, "def": 74, "spa": 75, "spd": 64, "spe": 90}, "stats": {"hp": 269, "atk": 236, "def": 169, "spa": 170, "spd": 152, "spe": 195}}}]}