{"id": "gen9randombattle-2631889998", "format": "[Gen 9] Random Battle", "players": ["Naide7", "Atelophobia"], "log": "|j|\u2606Naide7\n|j|\u2606Atelophobia\n|t:|1781452471\n|gametype|singles\n|player|p1|Naide7|iris|1937\n|player|p2|Atelophobia|1|1961\n|gen|9\n|tier|[Gen 9] Random Battle\n|rated|\n|rule|Species Clause: Limit one of each Pok\u00e9mon\n|rule|HP Percentage Mod: HP is shown in percentages\n|rule|Sleep Clause Mod: Limit one foe put to sleep\n|rule|Illusion Level Mod: Illusion disguises the Pok\u00e9mon's true level\n|\n|t:|1781452471\n|teamsize|p1|6\n|teamsize|p2|6\n|start\n|switch|p1a: Ogerpon|Ogerpon-Wellspring, L76, F|247/247\n|switch|p2a: Articuno|Articuno, L86|295/295\n|-ability|p2a: Articuno|Pressure\n|turn|1\n|\n|t:|1781452480\n|switch|p1a: Granbull|Granbull, L88, F|302/302\n|-ability|p1a: Granbull|Intimidate|boost\n|-unboost|p2a: Articuno|atk|1\n|move|p2a: Articuno|Freeze-Dry|p1a: Granbull\n|-damage|p1a: Granbull|211/302\n|\n|-heal|p1a: Granbull|229/302|[from] item: Leftovers\n|upkeep\n|turn|2\n|\n|t:|1781452492\n|move|p2a: Articuno|Freeze-Dry|p1a: Granbull\n|-damage|p1a: Granbull|139/302\n|move|p1a: Granbull|Play Rough|p2a: Articuno\n|-damage|p2a: Articuno|181/295\n|\n|-heal|p1a: Granbull|157/302|[from] item: Leftovers\n|upkeep\n|turn|3\n|\n|t:|1781452498\n|move|p2a: Articuno|U-turn|p1a: Granbull\n|-resisted|p1a: Granbull\n|-damage|p1a: Granbull|139/302\n|\n|t:|1781452506\n|switch|p2a: Clefable|Clefable, L83, F|293/293|[from] U-turn\n|move|p1a: Granbull|Thunder Wave|p2a: Clefable\n|-status|p2a: Clefable|par\n|\n|-heal|p1a: Granbull|157/302|[from] item: Leftovers\n|upkeep\n|turn|4\n|\n|t:|1781452516\n|move|p1a: Granbull|Play Rough|p2a: Clefable\n|-damage|p2a: Clefable|145/293 par\n|cant|p2a: Clefable|par\n|\n|-heal|p1a: Granbull|175/302|[from] item: Leftovers\n|upkeep\n|turn|5\n|\n|t:|1781452526\n|move|p1a: Granbull|Play Rough|p2a: Clefable\n|-damage|p2a: Clefable|13/293 par\n|cant|p2a: Clefable|par\n|\n|-heal|p1a: Granbull|193/302|[from] item: Leftovers\n|upkeep\n|turn|6\n|\n|t:|1781452531\n|move|p1a: Granbull|Play Rough|p2a: Clefable\n|-damage|p2a: Clefable|0 fnt\n|faint|p2a: Clefable\n|\n|-heal|p1a: Granbull|211/302|[from] item: Leftovers\n|upkeep\n|\n|t:|1781452537\n|switch|p2a: Articuno|Articuno, L86|181/295\n|-ability|p2a: Articuno|Pressure\n|turn|7\n|\n|t:|1781452541\n|move|p2a: Articuno|Brave Bird|p1a: Granbull\n|-damage|p1a: Granbull|79/302\n|-damage|p2a: Articuno|137/295|[from] Recoil\n|move|p1a: Granbull|Thunder Wave|p2a: Articuno\n|-status|p2a: Articuno|par\n|\n|-heal|p1a: Granbull|97/302|[from] item: Leftovers\n|upkeep\n|turn|8\n|\n|t:|1781452552\n|move|p1a: Granbull|Play Rough|p2a: Articuno\n|-crit|p2a: Articuno\n|-damage|p2a: Articuno|0 fnt\n|faint|p2a: Articuno\n|\n|-heal|p1a: Granbull|115/302|[from] item: Leftovers\n|upkeep\n|\n|t:|1781452571\n|switch|p2a: Froslass|Froslass, L87, F|263/263\n|turn|9\n|\n|t:|1781452583\n|move|p2a: Froslass|Triple Axel|p1a: Granbull\n|-damage|p1a: Granbull|96/302\n|-damage|p1a: Granbull|51/302\n|-damage|p1a: Granbull|0 fnt\n|faint|p1a: Granbull\n|-hitcount|p1: Granbull|3\n|\n|upkeep\n|\n|t:|1781452589\n|switch|p1a: Scrafty|Scrafty, L83, F|244/244\n|-ability|p1a: Scrafty|Intimidate|boost\n|-unboost|p2a: Froslass|atk|1\n|turn|10\n|\n|t:|1781452599\n|move|p2a: Froslass|Will-O-Wisp|p1a: Scrafty|[miss]\n|-miss|p2a: Froslass|p1a: Scrafty\n|move|p1a: Scrafty|Dragon Dance|p1a: Scrafty\n|-boost|p1a: Scrafty|atk|1\n|-boost|p1a: Scrafty|spe|1\n|\n|upkeep\n|turn|11\n|\n|t:|1781452605\n|switch|p1a: Gurdurr|Gurdurr, L85, F|283/283\n|move|p2a: Froslass|Will-O-Wisp|p1a: Gurdurr\n|-status|p1a: Gurdurr|brn\n|\n|-damage|p1a: Gurdurr|266/283 brn|[from] brn\n|upkeep\n|turn|12\n|\n|t:|1781452611\n|move|p2a: Froslass|Destiny Bond|p2a: Froslass\n|-singlemove|p2a: Froslass|Destiny Bond\n|move|p1a: Gurdurr|Knock Off|p2a: Froslass\n|-supereffective|p2a: Froslass\n|-damage|p2a: Froslass|0 fnt\n|-start|p1a: Gurdurr|Disable|Knock Off|[from] ability: Cursed Body|[of] p2a: Froslass\n|-enditem|p2a: Froslass|Wide Lens|[from] move: Knock Off|[of] p1a: Gurdurr\n|faint|p2a: Froslass\n|-activate|p2a: Froslass|move: Destiny Bond\n|faint|p1a: Gurdurr\n|\n|upkeep\n|\n|t:|1781452621\n|switch|p2a: Slither Wing|Slither Wing, L81|270/270\n|switch|p1a: Basculin|Basculin, L86, M|261/261\n|turn|13\n|\n|t:|1781452681\n|move|p2a: Slither Wing|First Impression|p1a: Basculin\n|-damage|p1a: Basculin|73/261\n|-damage|p2a: Slither Wing|243/270|[from] item: Life Orb\n|move|p1a: Basculin|Flip Turn|p2a: Slither Wing\n|-damage|p2a: Slither Wing|103/270\n|\n|t:|1781452697\n|switch|p1a: Ogerpon|Ogerpon-Wellspring, L76, F|247/247|[from] Flip Turn\n|\n|upkeep\n|turn|14\n|\n|t:|1781452709\n|-end|p2a: Slither Wing|Protosynthesis|[silent]\n|switch|p2a: Inteleon|Inteleon, L81, F|246/246\n|move|p1a: Ogerpon|Ivy Cudgel|p2a: Inteleon|[anim] Ivy Cudgel Water\n|-resisted|p2a: Inteleon\n|-damage|p2a: Inteleon|167/246\n|\n|upkeep\n|turn|15\n|\n|t:|1781452727\n|move|p2a: Inteleon|U-turn|p1a: Ogerpon\n|-supereffective|p1a: Ogerpon\n|-damage|p1a: Ogerpon|159/247\n|\n|t:|1781452737\n|switch|p2a: Slither Wing|Slither Wing, L81|103/270|[from] U-turn\n|move|p1a: Ogerpon|Wood Hammer|p2a: Slither Wing\n|-resisted|p2a: Slither Wing\n|-damage|p2a: Slither Wing|16/270\n|-damage|p1a: Ogerpon|130/247|[from] Recoil\n|\n|upkeep\n|turn|16\n|\n|t:|1781452748\n|switch|p1a: Scrafty|Scrafty, L83, F|244/244\n|-ability|p1a: Scrafty|Intimidate|boost\n|-unboost|p2a: Slither Wing|atk|1\n|move|p2a: Slither Wing|First Impression|p1a: Scrafty\n|-damage|p1a: Scrafty|169/244\n|-damage|p2a: Slither Wing|0 fnt|[from] item: Life Orb\n|faint|p2a: Slither Wing\n|-end|p2a: Slither Wing|Protosynthesis|[silent]\n|\n|-heal|p1a: Scrafty|184/244|[from] item: Leftovers\n|upkeep\n|\n|t:|1781452756\n|switch|p2a: Inteleon|Inteleon, L81, F|167/246\n|turn|17\n|\n|t:|1781452761\n|move|p2a: Inteleon|Ice Beam|p1a: Scrafty\n|-damage|p1a: Scrafty|101/244\n|move|p1a: Scrafty|Drain Punch|p2a: Inteleon\n|-damage|p2a: Inteleon|76/246\n|-heal|p1a: Scrafty|147/244|[from] drain|[of] p2a: Inteleon\n|\n|-heal|p1a: Scrafty|162/244|[from] item: Leftovers\n|upkeep\n|turn|18\n|\n|t:|1781452767\n|move|p2a: Inteleon|Ice Beam|p1a: Scrafty\n|-damage|p1a: Scrafty|71/244\n|move|p1a: Scrafty|Drain Punch|p2a: Inteleon\n|-damage|p2a: Inteleon|0 fnt\n|-heal|p1a: Scrafty|109/244|[from] drain|[of] p2a: Inteleon\n|faint|p2a: Inteleon\n|\n|-heal|p1a: Scrafty|124/244|[from] item: Leftovers\n|upkeep\n|\n|t:|1781452769\n|switch|p2a: Chimecho|Chimecho, L93, F|290/290\n|turn|19\n|\n|t:|1781452790\n|move|p2a: Chimecho|Dazzling Gleam|p1a: Scrafty\n|-supereffective|p1a: Scrafty\n|-damage|p1a: Scrafty|0 fnt\n|faint|p1a: Scrafty\n|\n|upkeep\n|\n|t:|1781452796\n|switch|p1a: Krookodile|Krookodile, L79, F|280/280\n|-ability|p1a: Krookodile|Intimidate|boost\n|-unboost|p2a: Chimecho|atk|1\n|turn|20\n|\n|t:|1781452813\n|-terastallize|p2a: Chimecho|Steel\n|move|p1a: Krookodile|Knock Off|p2a: Chimecho\n|-damage|p2a: Chimecho|164/290\n|-enditem|p2a: Chimecho|Leftovers|[from] move: Knock Off|[of] p1a: Krookodile\n|-damage|p1a: Krookodile|252/280|[from] item: Life Orb\n|move|p2a: Chimecho|Cosmic Power|p2a: Chimecho\n|-boost|p2a: Chimecho|def|1\n|-boost|p2a: Chimecho|spd|1\n|\n|upkeep\n|turn|21\n|\n|t:|1781452829\n|switch|p1a: Ogerpon|Ogerpon-Wellspring, L76, F|130/247\n|move|p2a: Chimecho|Cosmic Power|p2a: Chimecho\n|-boost|p2a: Chimecho|def|1\n|-boost|p2a: Chimecho|spd|1\n|\n|upkeep\n|turn|22\n|\n|t:|1781452839\n|move|p1a: Ogerpon|Encore|p2a: Chimecho\n|-start|p2a: Chimecho|Encore\n|move|p2a: Chimecho|Cosmic Power|p2a: Chimecho\n|-boost|p2a: Chimecho|def|1\n|-boost|p2a: Chimecho|spd|1\n|\n|upkeep\n|turn|23\n|\n|t:|1781452846\n|move|p1a: Ogerpon|Ivy Cudgel|p2a: Chimecho|[anim] Ivy Cudgel Water\n|-damage|p2a: Chimecho|113/290\n|move|p2a: Chimecho|Cosmic Power|p2a: Chimecho\n|-boost|p2a: Chimecho|def|1\n|-boost|p2a: Chimecho|spd|1\n|\n|upkeep\n|turn|24\n|-message|Atelophobia forfeited.\n|\n|win|Naide7\n", "inputlog": ">version a8376a258c1d4662feba110a92103f3664a72141\n>start {\"formatid\":\"gen9randombattle\",\"seed\":\"sodium,f48948e0b299cda1f7e949bcd70df396\",\"rated\":\"Rated battle\"}\n>player p1 {\"name\":\"Naide7\",\"avatar\":\"iris\",\"rating\":1937,\"seed\":\"sodium,4dd1de5f98fcf55f86c360f10daf687e\"}\n>player p2 {\"name\":\"Atelophobia\",\"avatar\":\"1\",\"rating\":1961,\"seed\":\"sodium,3c168a51d8ed2099b2c6e068fbb9c083\"}\n>p1 switch 3\n>p2 move freezedry\n>p1 move playrough\n>p2 move freezedry\n>p1 move thunderwave\n>p2 move uturn\n>p2 switch 2\n>p1 move playrough\n>p2 move stealthrock\n>p1 move playrough\n>p2 move moonlight\n>p1 move playrough\n>p2 move moonlight\n>p2 switch 2\n>p1 move thunderwave\n>p2 move bravebird\n>p1 move playrough\n>p2 move bravebird\n>p2 switch 5\n>p1 move thunderwave\n>p2 move tripleaxel\n>p1 switch 6\n>p1 move dragondance\n>p2 move willowisp\n>p1 switch 4\n>p2 move willowisp\n>p1 move knockoff\n>p2 move destinybond\n>p1 switch 5\n>p2 switch 3\n>p1 move flipturn\n>p2 move firstimpression\n>p1 switch 3\n>p1 move ivycudgel\n>p2 switch 4\n>p1 move woodhammer\n>p2 move uturn\n>p2 switch 4\n>p1 switch 4\n>p2 move firstimpression\n>p2 switch 4\n>p1 move drainpunch\n>p2 move icebeam\n>p1 move drainpunch\n>p2 move icebeam\n>p2 switch 6\n>p1 move dragondance\n>p2 move dazzlinggleam\n>p1 switch 2\n>p1 move knockoff\n>p2 move cosmicpower terastallize\n>p1 switch 4\n>p2 move cosmicpower\n>p1 move encore\n>p2 move recover\n>p1 move ivycudgel\n>p2 move cosmicpower\n>forcelose p2", "uploadtime": 1781452473, "views": 4, "formatid": "gen9randombattle", "rating": null, "private": 0, "password": null, "player_dets": [{"name": "Naide7", "avatar": "iris", "rating": 1937, "seed": "sodium,4dd1de5f98fcf55f86c360f10daf687e"}, {"name": "Atelophobia", "avatar": "1", "rating": 1961, "seed": "sodium,3c168a51d8ed2099b2c6e068fbb9c083"}], "teams_full": [{"Ogerpon": {"name": "Ogerpon", "species": "Ogerpon-Wellspring", "speciesId": "ogerponwellspring", "gender": "F", "shiny": false, "level": 76, "moves": ["encore", "woodhammer", "synthesis", "ivycudgel"], "ability": "Water Absorb", "evs": {"hp": 85, "atk": 85, "def": 85, "spa": 85, "spd": 85, "spe": 85}, "ivs": {"hp": 31, "atk": 31, "def": 31, "spa": 31, "spd": 31, "spe": 31}, "item": "Wellspring Mask", "teraType": "Water", "role": "Bulky Attacker", "bvs": {"hp": 80, "atk": 120, "def": 84, "spa": 60, "spd": 96, "spe": 110}, "stats": {"hp": 247, "atk": 226, "def": 172, "spa": 135, "spd": 190, "spe": 211}, "types": ["Grass", "Water"]}, "Krookodile": {"name": "Krookodile", "species": "Krookodile", "speciesId": "krookodile", "gender": "F", "shiny": false, "level": 79, "moves": ["stealthrock", "knockoff", "gunkshot", "earthquake"], "ability": "Intimidate", "evs": {"hp": 85, "atk": 85, "def": 85, "spa": 85, "spd": 85, "spe": 85}, "ivs": {"hp": 31, "atk": 31, "def": 31, "spa": 31, "spd": 31, "spe": 31}, "item": "Life Orb", "teraType": "Ground", "role": "Fast Attacker", "bvs": {"hp": 95, "atk": 117, "def": 80, "spa": 65, "spd": 70, "spe": 92}, "stats": {"hp": 280, "atk": 230, "def": 172, "spa": 148, "spd": 156, "spe": 191}, "types": ["Ground", "Dark"]}, "Granbull": {"name": "Granbull", "species": "Granbull", "speciesId": "granbull", "gender": "F", "shiny": false, "level": 88, "moves": ["thunderwave", "playrough", "earthquake", "encore"], "ability": "Intimidate", "evs": {"hp": 85, "atk": 85, "def": 85, "spa": 85, "spd": 85, "spe": 85}, "ivs": {"hp": 31, "atk": 31, "def": 31, "spa": 31, "spd": 31, "spe": 31}, "item": "Leftovers", "teraType": "Ground", "role": "Bulky Attacker", "bvs": {"hp": 90, "atk": 120, "def": 75, "spa": 60, "spd": 60, "spe": 45}, "stats": {"hp": 302, "atk": 261, "def": 182, "spa": 156, "spd": 156, "spe": 129}, "types": ["Fairy"]}, "Gurdurr": {"name": "Gurdurr", "species": "Gurdurr", "speciesId": "gurdurr", "gender": "F", "shiny": false, "level": 85, "moves": ["drainpunch", "defog", "knockoff", "machpunch"], "ability": "Guts", "evs": {"hp": 85, "atk": 85, "def": 85, "spa": 85, "spd": 85, "spe": 85}, "ivs": {"hp": 31, "atk": 31, "def": 31, "spa": 31, "spd": 31, "spe": 31}, "item": "Eviolite", "teraType": "Steel", "role": "Bulky Attacker", "bvs": {"hp": 85, "atk": 105, "def": 85, "spa": 40, "spd": 50, "spe": 40}, "stats": {"hp": 283, "atk": 227, "def": 193, "spa": 117, "spd": 134, "spe": 117}, "types": ["Fighting"]}, "Basculin": {"name": "Basculin", "species": "Basculin", "speciesId": "basculin", "gender": "M", "shiny": false, "level": 86, "moves": ["doubleedge", "aquajet", "wavecrash", "flipturn"], "ability": "Adaptability", "evs": {"hp": 85, "atk": 85, "def": 85, "spa": 85, "spd": 85, "spe": 85}, "ivs": {"hp": 31, "atk": 31, "def": 31, "spa": 31, "spd": 31, "spe": 31}, "item": "Choice Band", "teraType": "Water", "role": "Wallbreaker", "bvs": {"hp": 70, "atk": 92, "def": 65, "spa": 80, "spd": 55, "spe": 98}, "stats": {"hp": 261, "atk": 207, "def": 161, "spa": 187, "spd": 144, "spe": 218}, "types": ["Water"]}, "Scrafty": {"name": "Scrafty", "species": "Scrafty", "speciesId": "scrafty", "gender": "F", "shiny": false, "level": 83, "moves": ["poisonjab", "dragondance", "drainpunch", "knockoff"], "ability": "Intimidate", "evs": {"hp": 85, "atk": 85, "def": 85, "spa": 85, "spd": 85, "spe": 85}, "ivs": {"hp": 31, "atk": 31, "def": 31, "spa": 31, "spd": 31, "spe": 31}, "item": "Leftovers", "teraType": "Poison", "role": "Bulky Attacker", "bvs": {"hp": 65, "atk": 90, "def": 115, "spa": 45, "spd": 115, "spe": 58}, "stats": {"hp": 244, "atk": 197, "def": 239, "spa": 122, "spd": 239, "spe": 144}, "types": ["Dark", "Fighting"]}}, {"Articuno": {"name": "Articuno", "species": "Articuno", "speciesId": "articuno", "gender": "N", "shiny": false, "level": 86, "moves": ["uturn", "bravebird", "roost", "freezedry"], "ability": "Pressure", "evs": {"hp": 85, "atk": 85, "def": 85, "spa": 85, "spd": 85, "spe": 85}, "ivs": {"hp": 31, "atk": 31, "def": 31, "spa": 31, "spd": 31, "spe": 31}, "item": "Heavy-Duty Boots", "teraType": "Steel", "role": "Bulky Support", "bvs": {"hp": 90, "atk": 85, "def": 100, "spa": 95, "spd": 125, "spe": 85}, "stats": {"hp": 295, "atk": 195, "def": 221, "spa": 213, "spd": 264, "spe": 195}, "types": ["Ice", "Flying"]}, "Clefable": {"name": "Clefable", "species": "Clefable", "speciesId": "clefable", "gender": "F", "shiny": false, "level": 83, "moves": ["moonlight", "moonblast", "stealthrock", "fireblast"], "ability": "Magic Guard", "evs": {"hp": 85, "atk": 0, "def": 85, "spa": 85, "spd": 85, "spe": 85}, "ivs": {"hp": 31, "atk": 0, "def": 31, "spa": 31, "spd": 31, "spe": 31}, "item": "Life Orb", "teraType": "Poison", "role": "Bulky Support", "bvs": {"hp": 95, "atk": 70, "def": 73, "spa": 95, "spd": 90, "spe": 60}, "stats": {"hp": 293, "atk": 121, "def": 169, "spa": 205, "spd": 197, "spe": 147}, "types": ["Fairy"]}, "Slither Wing": {"name": "Slither Wing", "species": "Slither Wing", "speciesId": "slitherwing", "gender": "N", "shiny": false, "level": 81, "moves": ["closecombat", "firstimpression", "flareblitz", "wildcharge"], "ability": "Protosynthesis", "evs": {"hp": 85, "atk": 85, "def": 85, "spa": 85, "spd": 85, "spe": 85}, "ivs": {"hp": 31, "atk": 31, "def": 31, "spa": 31, "spd": 31, "spe": 31}, "item": "Life Orb", "teraType": "Fire", "role": "Fast Attacker", "bvs": {"hp": 85, "atk": 135, "def": 79, "spa": 85, "spd": 105, "spe": 81}, "stats": {"hp": 270, "atk": 265, "def": 175, "spa": 184, "spd": 217, "spe": 178}, "types": ["Bug", "Fighting"]}, "Inteleon": {"name": "Inteleon", "species": "Inteleon", "speciesId": "inteleon", "gender": "F", "shiny": false, "level": 81, "moves": ["scald", "hydropump", "icebeam", "uturn"], "ability": "Torrent", "evs": {"hp": 85, "atk": 85, "def": 85, "spa": 85, "spd": 85, "spe": 85}, "ivs": {"hp": 31, "atk": 31, "def": 31, "spa": 31, "spd": 31, "spe": 31}, "item": "Choice Specs", "teraType": "Water", "role": "Wallbreaker", "bvs": {"hp": 70, "atk": 85, "def": 65, "spa": 125, "spd": 65, "spe": 120}, "stats": {"hp": 246, "atk": 184, "def": 152, "spa": 249, "spd": 152, "spe": 241}, "types": ["Water"]}, "Froslass": {"name": "Froslass", "species": "Froslass", "speciesId": "froslass", "gender": "F", "shiny": false, "level": 87, "moves": ["tripleaxel", "willowisp", "poltergeist", "destinybond"], "ability": "Cursed Body", "evs": {"hp": 81, "atk": 85, "def": 85, "spa": 85, "spd": 85, "spe": 85}, "ivs": {"hp": 31, "atk": 31, "def": 31, "spa": 31, "spd": 31, "spe": 31}, "item": "Wide Lens", "teraType": "Ice", "role": "Fast Support", "bvs": {"hp": 70, "atk": 80, "def": 70, "spa": 80, "spd": 70, "spe": 110}, "stats": {"hp": 263, "atk": 189, "def": 172, "spa": 189, "spd": 172, "spe": 241}, "types": ["Ice", "Ghost"]}, "Chimecho": {"name": "Chimecho", "species": "Chimecho", "speciesId": "chimecho", "gender": "F", "shiny": false, "level": 93, "moves": ["recover", "dazzlinggleam", "cosmicpower", "storedpower"], "ability": "Levitate", "evs": {"hp": 85, "atk": 0, "def": 85, "spa": 85, "spd": 85, "spe": 85}, "ivs": {"hp": 31, "atk": 0, "def": 31, "spa": 31, "spd": 31, "spe": 31}, "item": "Leftovers", "teraType": "Steel", "role": "Bulky Attacker", "bvs": {"hp": 75, "atk": 50, "def": 80, "spa": 95, "spd": 90, "spe": 65}, "stats": {"hp": 290, "atk": 98, "def": 202, "spa": 230, "spd": 220, "spe": 174}, "types": ["Psychic"]}}]}