{"id": "gen9randombattle-2631603614", "format": "[Gen 9] Random Battle", "players": ["UmmHaha", "randomperson43"], "log": "|j|\u2606UmmHaha\n|j|\u2606randomperson43\n|t:|1781407444\n|gametype|singles\n|player|p1|UmmHaha|steven|1905\n|player|p2|randomperson43|2|1847\n|gen|9\n|tier|[Gen 9] Random Battle\n|rated|\n|rule|Species Clause: Limit one of each Pok\u00e9mon\n|rule|HP Percentage Mod: HP is shown in percentages\n|rule|Sleep Clause Mod: Limit one foe put to sleep\n|rule|Illusion Level Mod: Illusion disguises the Pok\u00e9mon's true level\n|\n|t:|1781407444\n|teamsize|p1|6\n|teamsize|p2|6\n|start\n|switch|p1a: Dusknoir|Dusknoir, L89, F|225/225\n|switch|p2a: Lanturn|Lanturn, L89, M|367/367\n|-item|p2a: Lanturn|Heavy-Duty Boots|[from] ability: Frisk|[of] p1a: Dusknoir\n|turn|1\n|inactive|Battle timer is ON: inactive players will automatically lose when time's up. (requested by randomperson43)\n|\n|t:|1781407458\n|move|p2a: Lanturn|Scald|p1a: Dusknoir\n|-damage|p1a: Dusknoir|176/225\n|move|p1a: Dusknoir|Poltergeist|p2a: Lanturn\n|-activate|p2a: Lanturn|move: Poltergeist|Heavy-Duty Boots\n|-damage|p2a: Lanturn|195/367\n|\n|-heal|p1a: Dusknoir|190/225|[from] item: Leftovers\n|upkeep\n|turn|2\n|\n|t:|1781407464\n|move|p2a: Lanturn|Scald|p1a: Dusknoir\n|-damage|p1a: Dusknoir|136/225\n|move|p1a: Dusknoir|Poltergeist|p2a: Lanturn\n|-activate|p2a: Lanturn|move: Poltergeist|Heavy-Duty Boots\n|-damage|p2a: Lanturn|14/367\n|\n|-heal|p1a: Dusknoir|150/225|[from] item: Leftovers\n|upkeep\n|turn|3\n|\n|t:|1781407471\n|switch|p2a: Dunsparce|Dunsparce, L86, M|312/312\n|move|p1a: Dusknoir|Poltergeist|p2a: Dunsparce\n|-immune|p2a: Dunsparce\n|\n|-heal|p1a: Dusknoir|164/225|[from] item: Leftovers\n|upkeep\n|turn|4\n|\n|t:|1781407484\n|switch|p2a: Lanturn|Lanturn, L89, M|14/367\n|move|p1a: Dusknoir|Substitute|p1a: Dusknoir\n|-start|p1a: Dusknoir|Substitute\n|-damage|p1a: Dusknoir|108/225\n|\n|-heal|p1a: Dusknoir|122/225|[from] item: Leftovers\n|upkeep\n|turn|5\n|\n|t:|1781407487\n|-singleturn|p1a: Dusknoir|move: Focus Punch\n|move|p2a: Lanturn|Volt Switch|p1a: Dusknoir\n|-activate|p1a: Dusknoir|move: Substitute|[damage]\n|\n|t:|1781407491\n|switch|p2a: Houndstone|Houndstone, L86, F|264/264|[from] Volt Switch\n|move|p1a: Dusknoir|Focus Punch|p2a: Houndstone\n|-immune|p2a: Houndstone\n|\n|-heal|p1a: Dusknoir|136/225|[from] item: Leftovers\n|upkeep\n|turn|6\n|\n|t:|1781407501\n|switch|p2a: Dunsparce|Dunsparce, L86, M|312/312\n|move|p1a: Dusknoir|Poltergeist|p2a: Dunsparce\n|-immune|p2a: Dunsparce\n|\n|-heal|p1a: Dusknoir|150/225|[from] item: Leftovers\n|upkeep\n|turn|7\n|\n|t:|1781407504\n|-singleturn|p1a: Dusknoir|move: Focus Punch\n|move|p2a: Dunsparce|Coil|p2a: Dunsparce\n|-boost|p2a: Dunsparce|atk|1\n|-boost|p2a: Dunsparce|def|1\n|-boost|p2a: Dunsparce|accuracy|1\n|move|p1a: Dusknoir|Focus Punch|p2a: Dunsparce\n|-supereffective|p2a: Dunsparce\n|-damage|p2a: Dunsparce|182/312\n|\n|-heal|p1a: Dusknoir|164/225|[from] item: Leftovers\n|upkeep\n|turn|8\n|\n|t:|1781407508\n|-singleturn|p1a: Dusknoir|move: Focus Punch\n|move|p2a: Dunsparce|Coil|p2a: Dunsparce\n|-boost|p2a: Dunsparce|atk|1\n|-boost|p2a: Dunsparce|def|1\n|-boost|p2a: Dunsparce|accuracy|1\n|move|p1a: Dusknoir|Focus Punch|p2a: Dunsparce\n|-supereffective|p2a: Dunsparce\n|-damage|p2a: Dunsparce|88/312\n|\n|-heal|p1a: Dusknoir|178/225|[from] item: Leftovers\n|upkeep\n|turn|9\n|\n|t:|1781407524\n|switch|p1a: Gholdengo|Gholdengo, L77|261/261\n|move|p2a: Dunsparce|Roost|p2a: Dunsparce\n|-heal|p2a: Dunsparce|244/312\n|-singleturn|p2a: Dunsparce|move: Roost\n|\n|upkeep\n|turn|10\n|\n|t:|1781407543\n|move|p1a: Gholdengo|Trick|p2a: Dunsparce\n|-activate|p1a: Gholdengo|move: Trick|[of] p2a: Dunsparce\n|-item|p2a: Dunsparce|Choice Scarf|[from] move: Trick\n|-item|p1a: Gholdengo|Eviolite|[from] move: Trick\n|move|p2a: Dunsparce|Earthquake|p1a: Gholdengo\n|-supereffective|p1a: Gholdengo\n|-damage|p1a: Gholdengo|25/261\n|\n|upkeep\n|turn|11\n|\n|t:|1781407550\n|move|p2a: Dunsparce|Earthquake|p1a: Gholdengo\n|-supereffective|p1a: Gholdengo\n|-damage|p1a: Gholdengo|0 fnt\n|faint|p1a: Gholdengo\n|\n|upkeep\n|\n|t:|1781407559\n|switch|p1a: Dusknoir|Dusknoir, L89, F|178/225\n|-item|p2a: Dunsparce|Choice Scarf|[from] ability: Frisk|[of] p1a: Dusknoir\n|turn|12\n|\n|t:|1781407563\n|move|p2a: Dunsparce|Earthquake|p1a: Dusknoir\n|-damage|p1a: Dusknoir|99/225\n|move|p1a: Dusknoir|Substitute|p1a: Dusknoir\n|-start|p1a: Dusknoir|Substitute\n|-damage|p1a: Dusknoir|43/225\n|\n|-heal|p1a: Dusknoir|57/225|[from] item: Leftovers\n|upkeep\n|turn|13\n|\n|t:|1781407568\n|-singleturn|p1a: Dusknoir|move: Focus Punch\n|move|p2a: Dunsparce|Earthquake|p1a: Dusknoir\n|-end|p1a: Dusknoir|Substitute\n|move|p1a: Dusknoir|Focus Punch|p2a: Dunsparce\n|-supereffective|p2a: Dunsparce\n|-damage|p2a: Dunsparce|112/312\n|\n|-heal|p1a: Dusknoir|71/225|[from] item: Leftovers\n|upkeep\n|turn|14\n|\n|t:|1781407576\n|move|p2a: Dunsparce|Earthquake|p1a: Dusknoir\n|-damage|p1a: Dusknoir|0 fnt\n|faint|p1a: Dusknoir\n|\n|upkeep\n|\n|t:|1781407577\n|switch|p1a: Dialga|Dialga-Origin, L73|266/266\n|-ability|p1a: Dialga|Pressure\n|turn|15\n|\n|t:|1781407580\n|move|p2a: Dunsparce|Earthquake|p1a: Dialga\n|-supereffective|p1a: Dialga\n|-damage|p1a: Dialga|68/266\n|move|p1a: Dialga|Flash Cannon|p2a: Dunsparce\n|-crit|p2a: Dunsparce\n|-damage|p2a: Dunsparce|0 fnt\n|faint|p2a: Dunsparce\n|\n|upkeep\n|\n|t:|1781407588\n|switch|p2a: Typhlosion|Typhlosion-Hisui, L83, M|257/257\n|turn|16\n|\n|t:|1781407597\n|move|p2a: Typhlosion|Shadow Ball|p1a: Dialga\n|-damage|p1a: Dialga|0 fnt\n|faint|p1a: Dialga\n|\n|upkeep\n|\n|t:|1781407601\n|switch|p1a: Golem|Golem-Alola, L93, F|300/300\n|turn|17\n|\n|t:|1781407610\n|switch|p2a: Zamazenta|Zamazenta, L71|248/248\n|-ability|p2a: Zamazenta|Dauntless Shield|boost\n|-boost|p2a: Zamazenta|def|1\n|move|p1a: Golem|Earthquake|p2a: Zamazenta\n|-damage|p2a: Zamazenta|147/248\n|\n|upkeep\n|turn|18\n|\n|t:|1781407615\n|move|p2a: Zamazenta|Close Combat|p1a: Golem\n|-supereffective|p1a: Golem\n|-damage|p1a: Golem|66/300\n|-unboost|p2a: Zamazenta|def|1\n|-unboost|p2a: Zamazenta|spd|1\n|move|p1a: Golem|Earthquake|p2a: Zamazenta\n|-damage|p2a: Zamazenta|11/248\n|\n|upkeep\n|turn|19\n|\n|t:|1781407621\n|switch|p1a: Grimmsnarl|Grimmsnarl, L83, M|293/293\n|move|p2a: Zamazenta|Close Combat|p1a: Grimmsnarl\n|-damage|p1a: Grimmsnarl|74/293\n|-unboost|p2a: Zamazenta|def|1\n|-unboost|p2a: Zamazenta|spd|1\n|\n|upkeep\n|turn|20\n|-message|UmmHaha forfeited.\n|\n|win|randomperson43\n|raw|UmmHaha's rating: 1905 &rarr; <strong>1882</strong><br />(-23 for losing)\n|raw|randomperson43's rating: 1847 &rarr; <strong>1870</strong><br />(+23 for winning)\n", "inputlog": ">version a8376a258c1d4662feba110a92103f3664a72141\n>start {\"formatid\":\"gen9randombattle\",\"seed\":\"sodium,0ace9d1ce104b2f891d34b921be191b7\",\"rated\":\"Rated battle\"}\n>player p1 {\"name\":\"UmmHaha\",\"avatar\":\"steven\",\"rating\":1905,\"seed\":\"sodium,bdc5c70a4add01348cafedad337a0421\"}\n>player p2 {\"name\":\"randomperson43\",\"avatar\":\"2\",\"rating\":1847,\"seed\":\"sodium,95a579bf88371afb811b248be2547a63\"}\n>p1 move poltergeist\n>p2 move scald\n>p1 move poltergeist\n>p2 move scald\n>p1 move poltergeist\n>p2 switch 4\n>p1 move substitute\n>p2 switch 4\n>p1 move focuspunch\n>p2 move voltswitch\n>p2 switch 3\n>p1 move poltergeist\n>p2 switch 4\n>p1 move focuspunch\n>p2 move coil\n>p1 move focuspunch\n>p2 move coil\n>p1 switch 2\n>p2 move roost\n>p1 move trick\n>p2 move earthquake\n>p1 move focusblast\n>p2 move earthquake\n>p1 switch 2\n>p1 move substitute\n>p2 move earthquake\n>p1 move focuspunch\n>p2 move earthquake\n>p1 move painsplit\n>p2 move earthquake\n>p1 switch 4\n>p1 move flashcannon\n>p2 move earthquake\n>p2 switch 6\n>p1 move dragontail\n>p2 move shadowball\n>p1 switch 3\n>p1 move earthquake\n>p2 switch 2\n>p1 move earthquake\n>p2 move closecombat\n>p1 switch 6\n>p2 move closecombat\n>forcelose p1", "uploadtime": 1781407630, "views": 6, "formatid": "gen9randombattle", "rating": 1870, "private": 0, "password": null, "player_dets": [{"name": "UmmHaha", "avatar": "steven", "rating": 1905, "seed": "sodium,bdc5c70a4add01348cafedad337a0421"}, {"name": "randomperson43", "avatar": "2", "rating": 1847, "seed": "sodium,95a579bf88371afb811b248be2547a63"}], "teams_full": [{"Dusknoir": {"name": "Dusknoir", "species": "Dusknoir", "speciesId": "dusknoir", "gender": "F", "shiny": false, "level": 89, "moves": ["painsplit", "focuspunch", "poltergeist", "substitute"], "ability": "Frisk", "evs": {"hp": 85, "atk": 85, "def": 85, "spa": 85, "spd": 85, "spe": 85}, "ivs": {"hp": 31, "atk": 31, "def": 31, "spa": 31, "spd": 31, "spe": 31}, "item": "Leftovers", "teraType": "Fighting", "role": "Bulky Attacker", "bvs": {"hp": 45, "atk": 100, "def": 135, "spa": 65, "spd": 135, "spe": 45}, "stats": {"hp": 225, "atk": 229, "def": 291, "spa": 166, "spd": 291, "spe": 131}}, "Gholdengo": {"name": "Gholdengo", "species": "Gholdengo", "speciesId": "gholdengo", "gender": "N", "shiny": false, "level": 77, "moves": ["trick", "shadowball", "makeitrain", "focusblast"], "ability": "Good as Gold", "evs": {"hp": 85, "atk": 0, "def": 85, "spa": 85, "spd": 85, "spe": 85}, "ivs": {"hp": 31, "atk": 0, "def": 31, "spa": 31, "spd": 31, "spe": 31}, "item": "Choice Scarf", "teraType": "Fighting", "role": "Bulky Attacker", "bvs": {"hp": 87, "atk": 60, "def": 95, "spa": 133, "spd": 91, "spe": 84}, "stats": {"hp": 261, "atk": 97, "def": 191, "spa": 249, "spd": 185, "spe": 174}}, "Golem": {"name": "Golem", "species": "Golem-Alola", "speciesId": "golemalola", "gender": "F", "shiny": false, "level": 93, "moves": ["earthquake", "stoneedge", "explosion", "doubleedge"], "ability": "Galvanize", "evs": {"hp": 85, "atk": 85, "def": 85, "spa": 85, "spd": 85, "spe": 85}, "ivs": {"hp": 31, "atk": 31, "def": 31, "spa": 31, "spd": 31, "spe": 31}, "item": "Choice Band", "teraType": "Grass", "role": "Wallbreaker", "bvs": {"hp": 80, "atk": 120, "def": 130, "spa": 55, "spd": 65, "spe": 45}, "stats": {"hp": 300, "atk": 276, "def": 295, "spa": 155, "spd": 174, "spe": 137}}, "Dialga": {"name": "Dialga", "species": "Dialga-Origin", "speciesId": "dialgaorigin", "gender": "N", "shiny": false, "level": 73, "moves": ["flashcannon", "fireblast", "dracometeor", "dragontail"], "ability": "Pressure", "evs": {"hp": 85, "atk": 85, "def": 85, "spa": 85, "spd": 85, "spe": 85}, "ivs": {"hp": 31, "atk": 31, "def": 31, "spa": 31, "spd": 31, "spe": 31}, "item": "Adamant Crystal", "teraType": "Flying", "role": "Bulky Attacker", "bvs": {"hp": 100, "atk": 100, "def": 120, "spa": 150, "spd": 120, "spe": 90}, "stats": {"hp": 266, "atk": 188, "def": 218, "spa": 261, "spd": 218, "spe": 174}}, "Bruxish": {"name": "Bruxish", "species": "Bruxish", "speciesId": "bruxish", "gender": "F", "shiny": false, "level": 85, "moves": ["wavecrash", "psychicfangs", "aquajet", "crunch"], "ability": "Strong Jaw", "evs": {"hp": 85, "atk": 85, "def": 85, "spa": 85, "spd": 85, "spe": 85}, "ivs": {"hp": 31, "atk": 31, "def": 31, "spa": 31, "spd": 31, "spe": 31}, "item": "Choice Band", "teraType": "Psychic", "role": "Fast Attacker", "bvs": {"hp": 68, "atk": 105, "def": 70, "spa": 70, "spd": 70, "spe": 92}, "stats": {"hp": 254, "atk": 227, "def": 168, "spa": 168, "spd": 168, "spe": 205}}, "Grimmsnarl": {"name": "Grimmsnarl", "species": "Grimmsnarl", "speciesId": "grimmsnarl", "gender": "M", "shiny": false, "level": 83, "moves": ["spiritbreak", "lightscreen", "partingshot", "reflect"], "ability": "Prankster", "evs": {"hp": 85, "atk": 85, "def": 85, "spa": 85, "spd": 85, "spe": 85}, "ivs": {"hp": 31, "atk": 31, "def": 31, "spa": 31, "spd": 31, "spe": 31}, "item": "Light Clay", "teraType": "Poison", "role": "Bulky Support", "bvs": {"hp": 95, "atk": 120, "def": 65, "spa": 95, "spd": 75, "spe": 60}, "stats": {"hp": 293, "atk": 247, "def": 156, "spa": 205, "spd": 172, "spe": 147}}}, {"Lanturn": {"name": "Lanturn", "species": "Lanturn", "speciesId": "lanturn", "gender": "M", "shiny": false, "level": 89, "moves": ["scald", "thunderwave", "thunderbolt", "voltswitch"], "ability": "Volt Absorb", "evs": {"hp": 85, "atk": 0, "def": 85, "spa": 85, "spd": 85, "spe": 85}, "ivs": {"hp": 31, "atk": 0, "def": 31, "spa": 31, "spd": 31, "spe": 31}, "item": "Heavy-Duty Boots", "teraType": "Flying", "role": "Fast Support", "bvs": {"hp": 125, "atk": 58, "def": 58, "spa": 76, "spd": 76, "spe": 67}, "stats": {"hp": 367, "atk": 108, "def": 154, "spa": 186, "spd": 186, "spe": 170}}, "Zamazenta": {"name": "Zamazenta", "species": "Zamazenta", "speciesId": "zamazenta", "gender": "N", "shiny": false, "level": 71, "moves": ["stoneedge", "ironhead", "psychicfangs", "closecombat"], "ability": "Dauntless Shield", "evs": {"hp": 85, "atk": 85, "def": 85, "spa": 85, "spd": 85, "spe": 85}, "ivs": {"hp": 31, "atk": 31, "def": 31, "spa": 31, "spd": 31, "spe": 31}, "item": "Choice Band", "teraType": "Steel", "role": "Bulky Attacker", "bvs": {"hp": 92, "atk": 120, "def": 115, "spa": 80, "spd": 115, "spe": 138}, "stats": {"hp": 248, "atk": 212, "def": 205, "spa": 155, "spd": 205, "spe": 237}}, "Houndstone": {"name": "Houndstone", "species": "Houndstone", "speciesId": "houndstone", "gender": "F", "shiny": false, "level": 86, "moves": ["bodypress", "playrough", "poltergeist", "shadowsneak"], "ability": "Fluffy", "evs": {"hp": 85, "atk": 85, "def": 85, "spa": 85, "spd": 85, "spe": 85}, "ivs": {"hp": 31, "atk": 31, "def": 31, "spa": 31, "spd": 31, "spe": 31}, "item": "Choice Band", "teraType": "Fighting", "role": "Bulky Attacker", "bvs": {"hp": 72, "atk": 101, "def": 100, "spa": 50, "spd": 97, "spe": 68}, "stats": {"hp": 264, "atk": 223, "def": 221, "spa": 135, "spd": 216, "spe": 166}}, "Dunsparce": {"name": "Dunsparce", "species": "Dunsparce", "speciesId": "dunsparce", "gender": "M", "shiny": false, "level": 86, "moves": ["coil", "bodyslam", "earthquake", "roost"], "ability": "Serene Grace", "evs": {"hp": 85, "atk": 85, "def": 85, "spa": 85, "spd": 85, "spe": 85}, "ivs": {"hp": 31, "atk": 31, "def": 31, "spa": 31, "spd": 31, "spe": 31}, "item": "Eviolite", "teraType": "Ground", "role": "Bulky Setup", "bvs": {"hp": 100, "atk": 70, "def": 70, "spa": 65, "spd": 65, "spe": 45}, "stats": {"hp": 312, "atk": 170, "def": 170, "spa": 161, "spd": 161, "spe": 127}}, "Frosmoth": {"name": "Frosmoth", "species": "Frosmoth", "speciesId": "frosmoth", "gender": "M", "shiny": false, "level": 82, "moves": ["gigadrain", "icebeam", "quiverdance", "terablast"], "ability": "Ice Scales", "evs": {"hp": 85, "atk": 0, "def": 85, "spa": 85, "spd": 85, "spe": 85}, "ivs": {"hp": 31, "atk": 0, "def": 31, "spa": 31, "spd": 31, "spe": 31}, "item": "Heavy-Duty Boots", "teraType": "Ground", "role": "Tera Blast user", "bvs": {"hp": 70, "atk": 65, "def": 60, "spa": 125, "spd": 90, "spe": 65}, "stats": {"hp": 249, "atk": 111, "def": 146, "spa": 252, "spd": 195, "spe": 154}}, "Typhlosion": {"name": "Typhlosion", "species": "Typhlosion-Hisui", "speciesId": "typhlosionhisui", "gender": "M", "shiny": false, "level": 83, "moves": ["calmmind", "fireblast", "shadowball", "focusblast"], "ability": "Blaze", "evs": {"hp": 85, "atk": 0, "def": 85, "spa": 85, "spd": 85, "spe": 85}, "ivs": {"hp": 31, "atk": 0, "def": 31, "spa": 31, "spd": 31, "spe": 31}, "item": "Heavy-Duty Boots", "teraType": "Fighting", "role": "Fast Bulky Setup", "bvs": {"hp": 73, "atk": 84, "def": 78, "spa": 119, "spd": 85, "spe": 95}, "stats": {"hp": 257, "atk": 144, "def": 177, "spa": 245, "spd": 189, "spe": 205}}}]}