{"id": "gen9randombattle-2631933885", "format": "[Gen 9] Random Battle", "players": ["Jhon Xina", "schleeby"], "log": "|j|\u2606Jhon Xina\n|j|\u2606schleeby\n|t:|1781457239\n|gametype|singles\n|player|p1|Jhon Xina|1|2052\n|player|p2|schleeby|rosa|2038\n|gen|9\n|tier|[Gen 9] Random Battle\n|rated|\n|rule|Species Clause: Limit one of each Pok\u00e9mon\n|rule|HP Percentage Mod: HP is shown in percentages\n|rule|Sleep Clause Mod: Limit one foe put to sleep\n|rule|Illusion Level Mod: Illusion disguises the Pok\u00e9mon's true level\n|\n|t:|1781457239\n|teamsize|p1|6\n|teamsize|p2|6\n|start\n|switch|p1a: Zapdos|Zapdos-Galar, L77|265/265\n|switch|p2a: Pachirisu|Pachirisu, L96, M|271/271\n|turn|1\n|inactive|Battle timer is ON: inactive players will automatically lose when time's up. (requested by Jhon Xina)\n|\n|t:|1781457251\n|switch|p1a: Sandslash|Sandslash, L89, M|278/278\n|move|p2a: Pachirisu|U-turn|p1a: Sandslash\n|-damage|p1a: Sandslash|247/278\n|\n|t:|1781457258\n|switch|p2a: Iron Bundle|Iron Bundle, L78|215/215|[from] U-turn\n|\n|-heal|p1a: Sandslash|264/278|[from] item: Leftovers\n|upkeep\n|turn|2\n|\n|t:|1781457268\n|switch|p1a: Grafaiai|Grafaiai, L86, M|249/249\n|move|p2a: Iron Bundle|Hydro Pump|p1a: Grafaiai\n|-damage|p1a: Grafaiai|101/249\n|\n|upkeep\n|turn|3\n|\n|t:|1781457278\n|move|p1a: Grafaiai|Parting Shot|p2a: Iron Bundle\n|-unboost|p2a: Iron Bundle|atk|1\n|-unboost|p2a: Iron Bundle|spa|1\n|\n|t:|1781457280\n|switch|p1a: Raging Bolt|Raging Bolt, L78|323/323|[from] Parting Shot\n|move|p2a: Iron Bundle|Hydro Pump|p1a: Raging Bolt\n|-resisted|p1a: Raging Bolt\n|-damage|p1a: Raging Bolt|294/323\n|\n|upkeep\n|turn|4\n|\n|t:|1781457289\n|-end|p2a: Iron Bundle|Quark Drive|[silent]\n|switch|p2a: Pachirisu|Pachirisu, L96, M|271/271\n|move|p1a: Raging Bolt|Draco Meteor|p2a: Pachirisu\n|-damage|p2a: Pachirisu|171/271\n|-unboost|p1a: Raging Bolt|spa|2\n|\n|upkeep\n|turn|5\n|\n|t:|1781457294\n|-end|p1a: Raging Bolt|Protosynthesis|[silent]\n|switch|p1a: Sandslash|Sandslash, L89, M|264/278\n|move|p2a: Pachirisu|U-turn|p1a: Sandslash\n|-damage|p1a: Sandslash|235/278\n|\n|t:|1781457296\n|switch|p2a: Iron Bundle|Iron Bundle, L78|215/215|[from] U-turn\n|\n|-heal|p1a: Sandslash|252/278|[from] item: Leftovers\n|upkeep\n|turn|6\n|\n|t:|1781457303\n|switch|p1a: Grafaiai|Grafaiai, L86, M|101/249\n|move|p2a: Iron Bundle|Ice Beam|p1a: Grafaiai\n|-damage|p1a: Grafaiai|0 fnt\n|faint|p1a: Grafaiai\n|\n|upkeep\n|\n|t:|1781457311\n|switch|p1a: Orthworm|Orthworm, L88, M|266/266\n|turn|7\n|\n|t:|1781457318\n|-end|p2a: Iron Bundle|Quark Drive|[silent]\n|switch|p2a: Pyroar|Pyroar, L88, F|295/295\n|-ability|p2a: Pyroar|Unnerve\n|move|p1a: Orthworm|Stealth Rock|p2a: Pyroar\n|-sidestart|p2: schleeby|move: Stealth Rock\n|\n|upkeep\n|turn|8\n|\n|t:|1781457326\n|switch|p1a: Raging Bolt|Raging Bolt, L78|294/323\n|move|p2a: Pyroar|Fire Blast|p1a: Raging Bolt\n|-resisted|p1a: Raging Bolt\n|-damage|p1a: Raging Bolt|242/323\n|\n|upkeep\n|turn|9\n|\n|t:|1781457333\n|switch|p2a: Meloetta|Meloetta, L82|298/298\n|-damage|p2a: Meloetta|261/298|[from] Stealth Rock\n|move|p1a: Raging Bolt|Draco Meteor|p2a: Meloetta\n|-damage|p2a: Meloetta|144/298\n|-unboost|p1a: Raging Bolt|spa|2\n|\n|-heal|p2a: Meloetta|162/298|[from] item: Leftovers\n|upkeep\n|turn|10\n|\n|t:|1781457343\n|-end|p1a: Raging Bolt|Protosynthesis|[silent]\n|switch|p1a: Orthworm|Orthworm, L88, M|266/266\n|move|p2a: Meloetta|Calm Mind|p2a: Meloetta\n|-boost|p2a: Meloetta|spa|1\n|-boost|p2a: Meloetta|spd|1\n|\n|-heal|p2a: Meloetta|180/298|[from] item: Leftovers\n|upkeep\n|turn|11\n|\n|t:|1781457352\n|switch|p1a: Zapdos|Zapdos-Galar, L77|265/265\n|move|p2a: Meloetta|Focus Blast|p1a: Zapdos\n|-resisted|p1a: Zapdos\n|-damage|p1a: Zapdos|189/265\n|\n|-heal|p2a: Meloetta|198/298|[from] item: Leftovers\n|upkeep\n|turn|12\n|\n|t:|1781457357\n|move|p1a: Zapdos|Knock Off|p2a: Meloetta\n|-supereffective|p2a: Meloetta\n|-damage|p2a: Meloetta|3/298\n|-enditem|p2a: Meloetta|Leftovers|[from] move: Knock Off|[of] p1a: Zapdos\n|-damage|p1a: Zapdos|163/265|[from] item: Life Orb\n|move|p2a: Meloetta|Psyshock|p1a: Zapdos\n|-supereffective|p1a: Zapdos\n|-damage|p1a: Zapdos|0 fnt\n|faint|p1a: Zapdos\n|\n|upkeep\n|\n|t:|1781457373\n|switch|p1a: Raging Bolt|Raging Bolt, L78|242/323\n|turn|13\n|\n|t:|1781457382\n|switch|p2a: Pachirisu|Pachirisu, L96, M|171/271\n|-damage|p2a: Pachirisu|138/271|[from] Stealth Rock\n|move|p1a: Raging Bolt|Thunderclap||[still]\n|-fail|p1a: Raging Bolt\n|\n|upkeep\n|turn|14\n|\n|t:|1781457387\n|-end|p1a: Raging Bolt|Protosynthesis|[silent]\n|switch|p1a: Orthworm|Orthworm, L88, M|266/266\n|move|p2a: Pachirisu|Super Fang|p1a: Orthworm\n|-damage|p1a: Orthworm|133/266\n|\n|-heal|p1a: Orthworm|149/266|[from] item: Leftovers\n|upkeep\n|turn|15\n|\n|t:|1781457392\n|move|p2a: Pachirisu|Nuzzle|p1a: Orthworm\n|-crit|p1a: Orthworm\n|-damage|p1a: Orthworm|131/266\n|-status|p1a: Orthworm|par\n|move|p1a: Orthworm|Spikes|p2a: Pachirisu\n|-sidestart|p2: schleeby|Spikes\n|\n|-heal|p1a: Orthworm|147/266 par|[from] item: Leftovers\n|upkeep\n|turn|16\n|\n|t:|1781457397\n|switch|p1a: Sandslash|Sandslash, L89, M|252/278\n|move|p2a: Pachirisu|Thunderbolt|p1a: Sandslash\n|-immune|p1a: Sandslash\n|\n|-heal|p1a: Sandslash|269/278|[from] item: Leftovers\n|upkeep\n|turn|17\n|\n|t:|1781457403\n|move|p2a: Pachirisu|U-turn|p1a: Sandslash\n|-damage|p1a: Sandslash|238/278\n|\n|t:|1781457406\n|switch|p2a: Meloetta|Meloetta, L82|3/298|[from] U-turn\n|-damage|p2a: Meloetta|0 fnt|[from] Stealth Rock\n|faint|p2a: Meloetta\n|move|p1a: Sandslash|Earthquake|p2: Meloetta|[notarget]\n|-fail|p1a: Sandslash\n|\n|-heal|p1a: Sandslash|255/278|[from] item: Leftovers\n|upkeep\n|\n|t:|1781457408\n|switch|p2a: Iron Bundle|Iron Bundle, L78|215/215\n|turn|18\n|\n|t:|1781457424\n|switch|p1a: Orthworm|Orthworm, L88, M|147/266 par\n|move|p2a: Iron Bundle|Ice Beam|p1a: Orthworm\n|-resisted|p1a: Orthworm\n|-damage|p1a: Orthworm|79/266 par\n|\n|-heal|p1a: Orthworm|95/266 par|[from] item: Leftovers\n|upkeep\n|turn|19\n|\n|t:|1781457432\n|switch|p1a: Raging Bolt|Raging Bolt, L78|242/323\n|move|p2a: Iron Bundle|Hydro Pump|p1a: Raging Bolt\n|-resisted|p1a: Raging Bolt\n|-damage|p1a: Raging Bolt|194/323\n|\n|upkeep\n|turn|20\n|\n|t:|1781457444\n|-terastallize|p2a: Iron Bundle|Ice\n|move|p2a: Iron Bundle|Ice Beam|p1a: Raging Bolt\n|-supereffective|p1a: Raging Bolt\n|-damage|p1a: Raging Bolt|0 fnt\n|faint|p1a: Raging Bolt\n|-end|p1a: Raging Bolt|Protosynthesis|[silent]\n|\n|upkeep\n|\n|t:|1781457451\n|switch|p1a: Darkrai|Darkrai, L77|234/234\n|turn|21\n|\n|t:|1781457456\n|move|p2a: Iron Bundle|Ice Beam|p1a: Darkrai\n|-damage|p1a: Darkrai|84/234\n|move|p1a: Darkrai|Focus Blast|p2a: Iron Bundle|[miss]\n|-miss|p1a: Darkrai|p2a: Iron Bundle\n|\n|upkeep\n|turn|22\n|-message|Jhon Xina forfeited.\n|\n|win|schleeby\n", "inputlog": ">version a8376a258c1d4662feba110a92103f3664a72141\n>start {\"formatid\":\"gen9randombattle\",\"seed\":\"sodium,55d6884310fa2c317c4927d2c0bb3cdb\",\"rated\":\"Rated battle\"}\n>player p1 {\"name\":\"Jhon Xina\",\"avatar\":\"1\",\"rating\":2052,\"seed\":\"sodium,740fb9187cbff1e4f23fd84bf4655545\"}\n>player p2 {\"name\":\"schleeby\",\"avatar\":\"rosa\",\"rating\":2038,\"seed\":\"sodium,067373d3d432800d3d82cce9d4c1b473\"}\n>p1 switch 2\n>p2 move uturn\n>p2 switch 5\n>p1 switch 5\n>p2 move hydropump\n>p1 move partingshot\n>p2 move hydropump\n>p1 switch 4\n>p1 move dracometeor\n>p2 switch 5\n>p1 switch 5\n>p2 move uturn\n>p2 switch 5\n>p1 switch 4\n>p2 move icebeam\n>p1 switch 6\n>p1 move stealthrock\n>p2 switch 2\n>p1 switch 5\n>p2 move fireblast\n>p1 move dracometeor\n>p2 switch 3\n>p1 switch 5\n>p2 move calmmind\n>p1 switch 2\n>p2 move focusblast\n>p1 move knockoff\n>p2 move psyshock\n>p1 switch 5\n>p1 move thunderclap\n>p2 switch 5\n>p1 switch 2\n>p2 move superfang\n>p1 move spikes\n>p2 move nuzzle\n>p1 switch 4\n>p2 move thunderbolt\n>p1 move earthquake\n>p2 move uturn\n>p2 switch 5\n>p2 switch 2\n>p1 switch 4\n>p2 move icebeam\n>p1 switch 2\n>p2 move hydropump\n>p1 move dracometeor\n>p2 move icebeam terastallize\n>p1 switch 3\n>p1 move focusblast\n>p2 move icebeam\n>forcelose p1", "uploadtime": 1781457241, "views": 8, "formatid": "gen9randombattle", "rating": null, "private": 0, "password": null, "player_dets": [{"name": "Jhon Xina", "avatar": "1", "rating": 2052, "seed": "sodium,740fb9187cbff1e4f23fd84bf4655545"}, {"name": "schleeby", "avatar": "rosa", "rating": 2038, "seed": "sodium,067373d3d432800d3d82cce9d4c1b473"}], "teams_full": [{"Zapdos": {"name": "Zapdos", "species": "Zapdos-Galar", "speciesId": "zapdosgalar", "gender": "N", "shiny": false, "level": 77, "moves": ["bulkup", "closecombat", "knockoff", "bravebird"], "ability": "Defiant", "evs": {"hp": 85, "atk": 85, "def": 85, "spa": 85, "spd": 85, "spe": 85}, "ivs": {"hp": 31, "atk": 31, "def": 31, "spa": 31, "spd": 31, "spe": 31}, "item": "Life Orb", "teraType": "Steel", "role": "Fast Attacker", "bvs": {"hp": 90, "atk": 125, "def": 90, "spa": 85, "spd": 90, "spe": 100}, "stats": {"hp": 265, "atk": 237, "def": 183, "spa": 175, "spd": 183, "spe": 199}}, "Sandslash": {"name": "Sandslash", "species": "Sandslash", "speciesId": "sandslash", "gender": "M", "shiny": false, "level": 89, "moves": ["swordsdance", "knockoff", "earthquake", "rapidspin"], "ability": "Sand Rush", "evs": {"hp": 85, "atk": 85, "def": 85, "spa": 85, "spd": 85, "spe": 85}, "ivs": {"hp": 31, "atk": 31, "def": 31, "spa": 31, "spd": 31, "spe": 31}, "item": "Leftovers", "teraType": "Steel", "role": "Bulky Support", "bvs": {"hp": 75, "atk": 100, "def": 110, "spa": 45, "spd": 55, "spe": 65}, "stats": {"hp": 278, "atk": 229, "def": 247, "spa": 131, "spd": 149, "spe": 166}}, "Darkrai": {"name": "Darkrai", "species": "Darkrai", "speciesId": "darkrai", "gender": "N", "shiny": false, "level": 77, "moves": ["focusblast", "sludgebomb", "nastyplot", "darkpulse"], "ability": "Bad Dreams", "evs": {"hp": 85, "atk": 0, "def": 85, "spa": 85, "spd": 85, "spe": 85}, "ivs": {"hp": 31, "atk": 0, "def": 31, "spa": 31, "spd": 31, "spe": 31}, "item": "Life Orb", "teraType": "Poison", "role": "Setup Sweeper", "bvs": {"hp": 70, "atk": 90, "def": 90, "spa": 135, "spd": 90, "spe": 125}, "stats": {"hp": 234, "atk": 143, "def": 183, "spa": 252, "spd": 183, "spe": 237}}, "Raging Bolt": {"name": "Raging Bolt", "species": "Raging Bolt", "speciesId": "ragingbolt", "gender": "N", "shiny": false, "level": 78, "moves": ["voltswitch", "dracometeor", "discharge", "thunderclap"], "ability": "Protosynthesis", "evs": {"hp": 85, "atk": 0, "def": 85, "spa": 85, "spd": 85, "spe": 85}, "ivs": {"hp": 31, "atk": 0, "def": 31, "spa": 31, "spd": 31, "spe": 31}, "item": "Assault Vest", "teraType": "Electric", "role": "AV Pivot", "bvs": {"hp": 125, "atk": 73, "def": 91, "spa": 137, "spd": 89, "spe": 75}, "stats": {"hp": 323, "atk": 118, "def": 187, "spa": 259, "spd": 184, "spe": 162}}, "Grafaiai": {"name": "Grafaiai", "species": "Grafaiai", "speciesId": "grafaiai", "gender": "M", "shiny": false, "level": 86, "moves": ["encore", "partingshot", "gunkshot", "knockoff"], "ability": "Prankster", "evs": {"hp": 85, "atk": 85, "def": 85, "spa": 85, "spd": 85, "spe": 85}, "ivs": {"hp": 31, "atk": 31, "def": 31, "spa": 31, "spd": 31, "spe": 31}, "item": "Heavy-Duty Boots", "teraType": "Dark", "role": "Fast Support", "bvs": {"hp": 63, "atk": 95, "def": 65, "spa": 80, "spd": 72, "spe": 110}, "stats": {"hp": 249, "atk": 213, "def": 161, "spa": 187, "spd": 173, "spe": 238}}, "Orthworm": {"name": "Orthworm", "species": "Orthworm", "speciesId": "orthworm", "gender": "M", "shiny": false, "level": 88, "moves": ["heavyslam", "spikes", "bodypress", "stealthrock"], "ability": "Earth Eater", "evs": {"hp": 85, "atk": 85, "def": 85, "spa": 85, "spd": 85, "spe": 85}, "ivs": {"hp": 31, "atk": 31, "def": 31, "spa": 31, "spd": 31, "spe": 31}, "item": "Leftovers", "teraType": "Poison", "role": "Bulky Attacker", "bvs": {"hp": 70, "atk": 85, "def": 145, "spa": 60, "spd": 55, "spe": 65}, "stats": {"hp": 266, "atk": 200, "def": 305, "spa": 156, "spd": 147, "spe": 165}}}, {"Pachirisu": {"name": "Pachirisu", "species": "Pachirisu", "speciesId": "pachirisu", "gender": "M", "shiny": false, "level": 96, "moves": ["nuzzle", "uturn", "superfang", "thunderbolt"], "ability": "Volt Absorb", "evs": {"hp": 85, "atk": 85, "def": 85, "spa": 85, "spd": 85, "spe": 85}, "ivs": {"hp": 31, "atk": 31, "def": 31, "spa": 31, "spd": 31, "spe": 31}, "item": "Assault Vest", "teraType": "Flying", "role": "AV Pivot", "bvs": {"hp": 60, "atk": 45, "def": 70, "spa": 45, "spd": 90, "spe": 95}, "stats": {"hp": 271, "atk": 141, "def": 189, "spa": 141, "spd": 227, "spe": 237}}, "Pyroar": {"name": "Pyroar", "species": "Pyroar", "speciesId": "pyroar", "gender": "F", "shiny": false, "level": 88, "moves": ["hypervoice", "darkpulse", "taunt", "fireblast"], "ability": "Unnerve", "evs": {"hp": 85, "atk": 0, "def": 85, "spa": 85, "spd": 85, "spe": 85}, "ivs": {"hp": 31, "atk": 0, "def": 31, "spa": 31, "spd": 31, "spe": 31}, "item": "Heavy-Duty Boots", "teraType": "Fire", "role": "Fast Attacker", "bvs": {"hp": 86, "atk": 68, "def": 72, "spa": 109, "spd": 66, "spe": 106}, "stats": {"hp": 295, "atk": 124, "def": 177, "spa": 242, "spd": 166, "spe": 237}}, "Meloetta": {"name": "Meloetta", "species": "Meloetta", "speciesId": "meloetta", "gender": "N", "shiny": false, "level": 82, "moves": ["calmmind", "focusblast", "psyshock", "hypervoice"], "ability": "Serene Grace", "evs": {"hp": 85, "atk": 0, "def": 85, "spa": 85, "spd": 85, "spe": 85}, "ivs": {"hp": 31, "atk": 0, "def": 31, "spa": 31, "spd": 31, "spe": 31}, "item": "Leftovers", "teraType": "Normal", "role": "Bulky Attacker", "bvs": {"hp": 100, "atk": 77, "def": 77, "spa": 128, "spd": 128, "spe": 90}, "stats": {"hp": 298, "atk": 131, "def": 173, "spa": 257, "spd": 257, "spe": 195}}, "Iron Leaves": {"name": "Iron Leaves", "species": "Iron Leaves", "speciesId": "ironleaves", "gender": "N", "shiny": false, "level": 80, "moves": ["leafblade", "swordsdance", "psyblade", "closecombat"], "ability": "Quark Drive", "evs": {"hp": 85, "atk": 85, "def": 85, "spa": 85, "spd": 85, "spe": 85}, "ivs": {"hp": 31, "atk": 31, "def": 31, "spa": 31, "spd": 31, "spe": 31}, "item": "Life Orb", "teraType": "Fighting", "role": "Wallbreaker", "bvs": {"hp": 90, "atk": 130, "def": 88, "spa": 70, "spd": 108, "spe": 104}, "stats": {"hp": 275, "atk": 254, "def": 187, "spa": 158, "spd": 219, "spe": 213}}, "Iron Bundle": {"name": "Iron Bundle", "species": "Iron Bundle", "speciesId": "ironbundle", "gender": "N", "shiny": false, "level": 78, "moves": ["icebeam", "freezedry", "encore", "hydropump"], "ability": "Quark Drive", "evs": {"hp": 85, "atk": 0, "def": 85, "spa": 85, "spd": 85, "spe": 85}, "ivs": {"hp": 31, "atk": 0, "def": 31, "spa": 31, "spd": 31, "spe": 31}, "item": "Heavy-Duty Boots", "teraType": "Ice", "role": "Fast Attacker", "bvs": {"hp": 56, "atk": 80, "def": 114, "spa": 124, "spd": 60, "spe": 136}, "stats": {"hp": 215, "atk": 129, "def": 223, "spa": 239, "spd": 139, "spe": 257}}, "Gouging Fire": {"name": "Gouging Fire", "species": "Gouging Fire", "speciesId": "gougingfire", "gender": "N", "shiny": false, "level": 74, "moves": ["morningsun", "dragondance", "heatcrash", "outrage"], "ability": "Protosynthesis", "evs": {"hp": 85, "atk": 85, "def": 85, "spa": 85, "spd": 85, "spe": 85}, "ivs": {"hp": 31, "atk": 31, "def": 31, "spa": 31, "spd": 31, "spe": 31}, "item": "Heavy-Duty Boots", "teraType": "Fairy", "role": "Bulky Setup", "bvs": {"hp": 105, "atk": 115, "def": 121, "spa": 65, "spd": 93, "spe": 91}, "stats": {"hp": 277, "atk": 213, "def": 222, "spa": 139, "spd": 181, "spe": 178}}}]}