{"id": "gen9randombattle-2631483585", "format": "[Gen 9] Random Battle", "players": ["Node", "Fortre"], "log": "|j|\u2606Node\n|j|\u2606Fortre\n|t:|1781390716\n|gametype|singles\n|player|p1|Node|#rbtt9phantoms2|2170\n|player|p2|Fortre|1|2042\n|gen|9\n|tier|[Gen 9] Random Battle\n|rated|\n|rule|Species Clause: Limit one of each Pok\u00e9mon\n|rule|HP Percentage Mod: HP is shown in percentages\n|rule|Sleep Clause Mod: Limit one foe put to sleep\n|rule|Illusion Level Mod: Illusion disguises the Pok\u00e9mon's true level\n|\n|t:|1781390716\n|teamsize|p1|6\n|teamsize|p2|6\n|start\n|switch|p1a: Exeggutor|Exeggutor, L89, M|312/312\n|switch|p2a: Ursaring|Ursaring, L84, M|288/288\n|turn|1\n|\n|t:|1781390729\n|switch|p1a: Toxicroak|Toxicroak, L84, M|277/277\n|move|p2a: Ursaring|Body Slam|p1a: Toxicroak\n|-damage|p1a: Toxicroak|136/277\n|\n|upkeep\n|turn|2\n|\n|t:|1781390748\n|switch|p2a: Diancie|Diancie, L82|216/216\n|move|p1a: Toxicroak|Knock Off|p2a: Diancie\n|-resisted|p2a: Diancie\n|-damage|p2a: Diancie|193/216\n|-enditem|p2a: Diancie|Leftovers|[from] move: Knock Off|[of] p1a: Toxicroak\n|\n|upkeep\n|turn|3\n|\n|t:|1781390754\n|switch|p1a: Heatran|Heatran, L79, F|273/273\n|-item|p1a: Heatran|Air Balloon\n|move|p2a: Diancie|Diamond Storm|p1a: Heatran|[miss]\n|-miss|p2a: Diancie|p1a: Heatran\n|\n|upkeep\n|turn|4\n|\n|t:|1781390766\n|move|p1a: Heatran|Heavy Slam|p2a: Diancie\n|-supereffective|p2a: Diancie\n|-damage|p2a: Diancie|0 fnt\n|faint|p2a: Diancie\n|\n|upkeep\n|\n|t:|1781390769\n|switch|p2a: Palkia|Palkia-Origin, L72|249/249\n|-ability|p2a: Palkia|Pressure\n|turn|5\n|\n|t:|1781390772\n|switch|p1a: Exeggutor|Exeggutor, L89, M|312/312\n|move|p2a: Palkia|Thunder Wave|p1a: Exeggutor\n|-status|p1a: Exeggutor|par\n|\n|upkeep\n|turn|6\n|\n|t:|1781390779\n|switch|p1a: Heatran|Heatran, L79, F|273/273\n|-item|p1a: Heatran|Air Balloon\n|move|p2a: Palkia|Fire Blast|p1a: Heatran\n|-start|p1a: Heatran|ability: Flash Fire\n|\n|upkeep\n|turn|7\n|\n|t:|1781390784\n|-end|p1a: Heatran|ability: Flash Fire|[silent]\n|switch|p1a: Exeggutor|Exeggutor, L89, M|312/312 par\n|move|p2a: Palkia|Spacial Rend|p1a: Exeggutor\n|-damage|p1a: Exeggutor|164/312 par\n|\n|upkeep\n|turn|8\n|\n|t:|1781390789\n|move|p2a: Palkia|Fire Blast|p1a: Exeggutor\n|-supereffective|p1a: Exeggutor\n|-damage|p1a: Exeggutor|0 fnt\n|faint|p1a: Exeggutor\n|\n|upkeep\n|\n|t:|1781390795\n|switch|p1a: Whiscash|Whiscash, L88, F|337/337\n|turn|9\n|\n|t:|1781390803\n|move|p2a: Palkia|Hydro Pump|p1a: Whiscash\n|-damage|p1a: Whiscash|166/337\n|move|p1a: Whiscash|Dragon Dance|p1a: Whiscash\n|-boost|p1a: Whiscash|atk|1\n|-boost|p1a: Whiscash|spe|1\n|\n|upkeep\n|turn|10\n|\n|t:|1781390807\n|move|p1a: Whiscash|Earthquake|p2a: Palkia\n|-damage|p2a: Palkia|31/249\n|-damage|p1a: Whiscash|133/337|[from] item: Life Orb\n|move|p2a: Palkia|Spacial Rend|p1a: Whiscash\n|-damage|p1a: Whiscash|0 fnt\n|faint|p1a: Whiscash\n|\n|upkeep\n|\n|t:|1781390811\n|switch|p1a: Toxicroak|Toxicroak, L84, M|136/277\n|turn|11\n|inactive|Battle timer is ON: inactive players will automatically lose when time's up. (requested by Node)\n|\n|t:|1781390838\n|switch|p2a: Leavanny|Leavanny, L86, M|269/269\n|move|p1a: Toxicroak|Close Combat|p2a: Leavanny\n|-resisted|p2a: Leavanny\n|-damage|p2a: Leavanny|194/269\n|-unboost|p1a: Toxicroak|def|1\n|-unboost|p1a: Toxicroak|spd|1\n|\n|upkeep\n|turn|12\n|\n|t:|1781390843\n|switch|p1a: Heatran|Heatran, L79, F|273/273\n|-item|p1a: Heatran|Air Balloon\n|move|p2a: Leavanny|Sticky Web|p1a: Heatran\n|-sidestart|p1: Node|move: Sticky Web\n|\n|upkeep\n|turn|13\n|\n|t:|1781390860\n|switch|p2a: Blastoise|Blastoise, L80, M|258/258\n|move|p1a: Heatran|Stealth Rock|p2a: Blastoise\n|-sidestart|p2: Fortre|move: Stealth Rock\n|\n|upkeep\n|turn|14\n|\n|t:|1781390874\n|move|p2a: Blastoise|Shell Smash|p2a: Blastoise\n|-unboost|p2a: Blastoise|def|1\n|-unboost|p2a: Blastoise|spd|1\n|-boost|p2a: Blastoise|atk|2\n|-boost|p2a: Blastoise|spa|2\n|-boost|p2a: Blastoise|spe|2\n|-enditem|p2a: Blastoise|White Herb\n|-clearnegativeboost|p2a: Blastoise|[silent]\n|move|p1a: Heatran|Lava Plume|p2a: Blastoise\n|-resisted|p2a: Blastoise\n|-damage|p2a: Blastoise|216/258\n|\n|upkeep\n|turn|15\n|\n|t:|1781390882\n|switch|p1a: Toxicroak|Toxicroak, L84, M|136/277\n|-activate|p1a: Toxicroak|move: Sticky Web\n|-unboost|p1a: Toxicroak|spe|1\n|move|p2a: Blastoise|Hydro Pump|p1a: Toxicroak\n|-heal|p1a: Toxicroak|205/277|[from] ability: Dry Skin|[of] p2a: Blastoise\n|\n|upkeep\n|turn|16\n|\n|t:|1781390889\n|switch|p1a: Heatran|Heatran, L79, F|273/273\n|-item|p1a: Heatran|Air Balloon\n|move|p2a: Blastoise|Earthquake|p1a: Heatran\n|-immune|p1a: Heatran\n|\n|upkeep\n|turn|17\n|\n|t:|1781390893\n|move|p2a: Blastoise|Ice Beam|p1a: Heatran\n|-resisted|p1a: Heatran\n|-damage|p1a: Heatran|248/273\n|-enditem|p1a: Heatran|Air Balloon\n|move|p1a: Heatran|Earth Power|p2a: Blastoise\n|-damage|p2a: Blastoise|150/258\n|\n|upkeep\n|turn|18\n|\n|t:|1781390900\n|move|p2a: Blastoise|Earthquake|p1a: Heatran\n|-supereffective|p1a: Heatran\n|-damage|p1a: Heatran|0 fnt\n|faint|p1a: Heatran\n|\n|upkeep\n|\n|t:|1781390905\n|switch|p1a: Hypno|Hypno, L95, M|315/315\n|-activate|p1a: Hypno|move: Sticky Web\n|-unboost|p1a: Hypno|spe|1\n|turn|19\n|\n|t:|1781390908\n|move|p2a: Blastoise|Hydro Pump|p1a: Hypno\n|-crit|p1a: Hypno\n|-damage|p1a: Hypno|116/315\n|move|p1a: Hypno|Toxic|p2a: Blastoise\n|-status|p2a: Blastoise|tox\n|\n|-heal|p1a: Hypno|135/315|[from] item: Leftovers\n|-damage|p2a: Blastoise|134/258 tox|[from] psn\n|upkeep\n|turn|20\n|\n|t:|1781390914\n|move|p1a: Hypno|Protect|p1a: Hypno\n|-singleturn|p1a: Hypno|Protect\n|move|p2a: Blastoise|Hydro Pump|p1a: Hypno\n|-activate|p1a: Hypno|move: Protect\n|\n|-heal|p1a: Hypno|154/315|[from] item: Leftovers\n|-damage|p2a: Blastoise|102/258 tox|[from] psn\n|upkeep\n|turn|21\n|\n|t:|1781390924\n|move|p2a: Blastoise|Hydro Pump|p1a: Hypno\n|-damage|p1a: Hypno|15/315\n|move|p1a: Hypno|Psychic Noise|p2a: Blastoise\n|-damage|p2a: Blastoise|27/258 tox\n|-start|p2a: Blastoise|move: Heal Block\n|\n|-heal|p1a: Hypno|34/315|[from] item: Leftovers\n|-damage|p2a: Blastoise|0 fnt|[from] psn\n|faint|p2a: Blastoise\n|upkeep\n|\n|t:|1781390932\n|switch|p2a: Leavanny|Leavanny, L86, M|194/269\n|-damage|p2a: Leavanny|127/269|[from] Stealth Rock\n|turn|22\n|inactive|Node has 120 seconds left.\n|\n|t:|1781390975\n|move|p1a: Hypno|Protect|p1a: Hypno\n|-singleturn|p1a: Hypno|Protect\n|move|p2a: Leavanny|Bullet Seed|p1a: Hypno\n|-activate|p1a: Hypno|move: Protect\n|\n|-heal|p1a: Hypno|53/315|[from] item: Leftovers\n|upkeep\n|turn|23\n|\n|t:|1781390985\n|switch|p1a: Toxicroak|Toxicroak, L84, M|205/277\n|-activate|p1a: Toxicroak|move: Sticky Web\n|-unboost|p1a: Toxicroak|spe|1\n|move|p2a: Leavanny|Knock Off|p1a: Toxicroak\n|-resisted|p1a: Toxicroak\n|-damage|p1a: Toxicroak|154/277\n|-enditem|p1a: Toxicroak|Choice Scarf|[from] move: Knock Off|[of] p2a: Leavanny\n|\n|upkeep\n|turn|24\n|\n|t:|1781390994\n|move|p2a: Leavanny|Triple Axel|p1a: Toxicroak|[miss]\n|-miss|p2a: Leavanny|p1a: Toxicroak\n|move|p1a: Toxicroak|Gunk Shot|p2a: Leavanny\n|-supereffective|p2a: Leavanny\n|-damage|p2a: Leavanny|0 fnt\n|faint|p2a: Leavanny\n|\n|upkeep\n|\n|t:|1781390999\n|switch|p2a: Ursaring|Ursaring, L84, M|288/288\n|-damage|p2a: Ursaring|252/288|[from] Stealth Rock\n|turn|25\n|\n|t:|1781391007\n|-terastallize|p1a: Toxicroak|Dark\n|move|p2a: Ursaring|Earthquake|p1a: Toxicroak\n|-damage|p1a: Toxicroak|40/277\n|move|p1a: Toxicroak|Close Combat|p2a: Ursaring\n|-supereffective|p2a: Ursaring\n|-damage|p2a: Ursaring|66/288\n|-unboost|p1a: Toxicroak|def|1\n|-unboost|p1a: Toxicroak|spd|1\n|\n|upkeep\n|turn|26\n|\n|t:|1781391016\n|move|p2a: Ursaring|Earthquake|p1a: Toxicroak\n|-damage|p1a: Toxicroak|0 fnt\n|faint|p1a: Toxicroak\n|\n|upkeep\n|\n|t:|1781391018\n|switch|p1a: Mimikyu|Mimikyu, L79, M|216/216\n|-activate|p1a: Mimikyu|move: Sticky Web\n|-unboost|p1a: Mimikyu|spe|1\n|turn|27\n|\n|t:|1781391021\n|move|p2a: Ursaring|Earthquake|p1a: Mimikyu\n|-activate|p1a: Mimikyu|ability: Disguise\n|-damage|p1a: Mimikyu|216/216\n|detailschange|p1a: Mimikyu|Mimikyu-Busted, L79, M\n|-damage|p1a: Mimikyu|189/216|[from] pokemon: Mimikyu-Busted\n|move|p1a: Mimikyu|Swords Dance|p1a: Mimikyu\n|-boost|p1a: Mimikyu|atk|2\n|\n|upkeep\n|turn|28\n|\n|t:|1781391024\n|move|p2a: Ursaring|Earthquake|p1a: Mimikyu\n|-damage|p1a: Mimikyu|86/216\n|move|p1a: Mimikyu|Drain Punch|p2a: Ursaring\n|-supereffective|p2a: Ursaring\n|-damage|p2a: Ursaring|0 fnt\n|-heal|p1a: Mimikyu|119/216|[from] drain|[of] p2a: Ursaring\n|faint|p2a: Ursaring\n|-damage|p1a: Mimikyu|98/216|[from] item: Life Orb\n|\n|upkeep\n|\n|t:|1781391027\n|switch|p2a: Crabominable|Crabominable, L90, F|321/321\n|-damage|p2a: Crabominable|281/321|[from] Stealth Rock\n|turn|29\n|\n|t:|1781391035\n|-terastallize|p2a: Crabominable|Water\n|move|p1a: Mimikyu|Play Rough|p2a: Crabominable\n|-damage|p2a: Crabominable|78/321\n|-damage|p1a: Mimikyu|77/216|[from] item: Life Orb\n|move|p2a: Crabominable|Ice Hammer|p1a: Mimikyu\n|-damage|p1a: Mimikyu|0 fnt\n|-unboost|p2a: Crabominable|spe|1\n|faint|p1a: Mimikyu\n|\n|upkeep\n|\n|t:|1781391040\n|switch|p1a: Hypno|Hypno, L95, M|53/315\n|-activate|p1a: Hypno|move: Sticky Web\n|-unboost|p1a: Hypno|spe|1\n|turn|30\n|\n|t:|1781391045\n|move|p1a: Hypno|Protect|p1a: Hypno\n|-singleturn|p1a: Hypno|Protect\n|move|p2a: Crabominable|Earthquake|p1a: Hypno\n|-activate|p1a: Hypno|move: Protect\n|\n|-heal|p1a: Hypno|72/315|[from] item: Leftovers\n|upkeep\n|turn|31\n|\n|t:|1781391050\n|move|p1a: Hypno|Psychic Noise|p2a: Crabominable\n|-damage|p2a: Crabominable|17/321\n|-start|p2a: Crabominable|move: Heal Block\n|move|p2a: Crabominable|Knock Off|p1a: Hypno\n|-supereffective|p1a: Hypno\n|-damage|p1a: Hypno|0 fnt\n|-enditem|p1a: Hypno|Leftovers|[from] move: Knock Off|[of] p2a: Crabominable\n|faint|p1a: Hypno\n|\n|win|Fortre\n", "inputlog": ">version a8376a258c1d4662feba110a92103f3664a72141\n>start {\"formatid\":\"gen9randombattle\",\"seed\":\"sodium,8e009b5c0e30ced7ed641a06895b0993\",\"rated\":\"Rated battle\"}\n>player p1 {\"name\":\"Node\",\"avatar\":\"#rbtt9phantoms2\",\"rating\":2170,\"seed\":\"sodium,3033fbcdd901e773d027aea03a8a07ee\"}\n>player p2 {\"name\":\"Fortre\",\"avatar\":\"1\",\"rating\":2042,\"seed\":\"sodium,5ee31ccc83eb98c84a9d47446045b97b\"}\n>p1 switch 5\n>p2 move bodyslam\n>p1 move knockoff\n>p2 switch 3\n>p1 switch 4\n>p2 move diamondstorm\n>p1 move heavyslam\n>p2 move diamondstorm\n>p2 switch 4\n>p1 switch 5\n>p2 move thunderwave\n>p1 switch 5\n>p2 move fireblast\n>p1 switch 5\n>p2 move spacialrend\n>p1 move gigadrain\n>p2 move fireblast\n>p1 switch 3\n>p1 move dragondance\n>p2 move hydropump\n>p1 move earthquake\n>p2 move spacialrend\n>p1 switch 4\n>p1 move closecombat\n>p2 switch 5\n>p1 switch 5\n>p2 move stickyweb\n>p1 move stealthrock\n>p2 switch 2\n>p1 move lavaplume\n>p2 move shellsmash\n>p1 switch 5\n>p2 move hydropump\n>p1 switch 5\n>p2 move earthquake\n>p1 move earthpower\n>p2 move icebeam\n>p1 move lavaplume\n>p2 move earthquake\n>p1 switch 6\n>p1 move toxic\n>p2 move hydropump\n>p1 move protect\n>p2 move hydropump\n>p1 move psychicnoise\n>p2 move hydropump\n>p2 switch 2\n>p1 move protect\n>p2 move bulletseed\n>p1 switch 5\n>p2 move knockoff\n>p1 move gunkshot\n>p2 move tripleaxel\n>p2 switch 3\n>p1 move closecombat terastallize\n>p2 move earthquake\n>p1 move closecombat\n>p2 move earthquake\n>p1 switch 2\n>p1 move swordsdance\n>p2 move earthquake\n>p1 move drainpunch\n>p2 move earthquake\n>p2 switch 6\n>p1 move playrough\n>p2 move icehammer terastallize\n>p1 switch 5\n>p1 move protect\n>p2 move earthquake\n>p1 move psychicnoise\n>p2 move knockoff", "uploadtime": 1781390718, "views": 4, "formatid": "gen9randombattle", "rating": null, "private": 0, "password": null, "player_dets": [{"name": "Node", "avatar": "#rbtt9phantoms2", "rating": 2170, "seed": "sodium,3033fbcdd901e773d027aea03a8a07ee"}, {"name": "Fortre", "avatar": "1", "rating": 2042, "seed": "sodium,5ee31ccc83eb98c84a9d47446045b97b"}], "teams_full": [{"Exeggutor": {"name": "Exeggutor", "species": "Exeggutor", "speciesId": "exeggutor", "gender": "M", "shiny": false, "level": 89, "moves": ["calmmind", "substitute", "psyshock", "gigadrain"], "ability": "Harvest", "evs": {"hp": 77, "atk": 0, "def": 85, "spa": 85, "spd": 85, "spe": 85}, "ivs": {"hp": 31, "atk": 0, "def": 31, "spa": 31, "spd": 31, "spe": 31}, "item": "Sitrus Berry", "teraType": "Steel", "role": "Bulky Setup", "bvs": {"hp": 95, "atk": 95, "def": 85, "spa": 125, "spd": 75, "spe": 55}, "stats": {"hp": 312, "atk": 174, "def": 202, "spa": 273, "spd": 184, "spe": 149}, "types": ["Grass", "Psychic"]}, "Mimikyu": {"name": "Mimikyu", "species": "Mimikyu", "speciesId": "mimikyu", "gender": "M", "shiny": false, "level": 79, "moves": ["drainpunch", "playrough", "shadowsneak", "swordsdance"], "ability": "Disguise", "evs": {"hp": 85, "atk": 85, "def": 85, "spa": 85, "spd": 85, "spe": 85}, "ivs": {"hp": 31, "atk": 31, "def": 31, "spa": 31, "spd": 31, "spe": 31}, "item": "Life Orb", "teraType": "Fairy", "role": "Setup Sweeper", "bvs": {"hp": 55, "atk": 90, "def": 80, "spa": 50, "spd": 105, "spe": 96}, "stats": {"hp": 216, "atk": 188, "def": 172, "spa": 125, "spd": 211, "spe": 197}, "types": ["Ghost", "Fairy"]}, "Whiscash": {"name": "Whiscash", "species": "Whiscash", "speciesId": "whiscash", "gender": "F", "shiny": false, "level": 88, "moves": ["liquidation", "dragondance", "earthquake", "stoneedge"], "ability": "Oblivious", "evs": {"hp": 85, "atk": 85, "def": 85, "spa": 85, "spd": 85, "spe": 85}, "ivs": {"hp": 31, "atk": 31, "def": 31, "spa": 31, "spd": 31, "spe": 31}, "item": "Life Orb", "teraType": "Steel", "role": "Setup Sweeper", "bvs": {"hp": 110, "atk": 78, "def": 73, "spa": 76, "spd": 71, "spe": 60}, "stats": {"hp": 337, "atk": 188, "def": 179, "spa": 184, "spd": 175, "spe": 156}, "types": ["Water", "Ground"]}, "Heatran": {"name": "Heatran", "species": "Heatran", "speciesId": "heatran", "gender": "F", "shiny": false, "level": 79, "moves": ["stealthrock", "heavyslam", "lavaplume", "earthpower"], "ability": "Flash Fire", "evs": {"hp": 85, "atk": 85, "def": 85, "spa": 85, "spd": 85, "spe": 85}, "ivs": {"hp": 31, "atk": 31, "def": 31, "spa": 31, "spd": 31, "spe": 31}, "item": "Air Balloon", "teraType": "Grass", "role": "Bulky Support", "bvs": {"hp": 91, "atk": 90, "def": 106, "spa": 130, "spd": 106, "spe": 77}, "stats": {"hp": 273, "atk": 188, "def": 213, "spa": 251, "spd": 213, "spe": 167}, "types": ["Fire", "Steel"]}, "Toxicroak": {"name": "Toxicroak", "species": "Toxicroak", "speciesId": "toxicroak", "gender": "M", "shiny": false, "level": 84, "moves": ["knockoff", "gunkshot", "earthquake", "closecombat"], "ability": "Dry Skin", "evs": {"hp": 85, "atk": 85, "def": 85, "spa": 85, "spd": 85, "spe": 85}, "ivs": {"hp": 31, "atk": 31, "def": 31, "spa": 31, "spd": 31, "spe": 31}, "item": "Choice Scarf", "teraType": "Dark", "role": "Fast Attacker", "bvs": {"hp": 83, "atk": 106, "def": 65, "spa": 86, "spd": 65, "spe": 85}, "stats": {"hp": 277, "atk": 226, "def": 157, "spa": 193, "spd": 157, "spe": 191}, "types": ["Poison", "Fighting"]}, "Hypno": {"name": "Hypno", "species": "Hypno", "speciesId": "hypno", "gender": "M", "shiny": false, "level": 95, "moves": ["focusblast", "psychicnoise", "toxic", "protect"], "ability": "Insomnia", "evs": {"hp": 85, "atk": 0, "def": 85, "spa": 85, "spd": 85, "spe": 85}, "ivs": {"hp": 31, "atk": 0, "def": 31, "spa": 31, "spd": 31, "spe": 31}, "item": "Leftovers", "teraType": "Dark", "role": "Bulky Attacker", "bvs": {"hp": 85, "atk": 73, "def": 70, "spa": 73, "spd": 115, "spe": 67}, "stats": {"hp": 315, "atk": 143, "def": 187, "spa": 193, "spd": 272, "spe": 181}, "types": ["Psychic"]}}, {"Ursaring": {"name": "Ursaring", "species": "Ursaring", "speciesId": "ursaring", "gender": "M", "shiny": false, "level": 84, "moves": ["bodyslam", "rest", "earthquake", "sleeptalk"], "ability": "Guts", "evs": {"hp": 85, "atk": 85, "def": 85, "spa": 85, "spd": 85, "spe": 85}, "ivs": {"hp": 31, "atk": 31, "def": 31, "spa": 31, "spd": 31, "spe": 31}, "item": "Eviolite", "teraType": "Ground", "role": "Bulky Attacker", "bvs": {"hp": 90, "atk": 130, "def": 75, "spa": 75, "spd": 75, "spe": 55}, "stats": {"hp": 288, "atk": 267, "def": 174, "spa": 174, "spd": 174, "spe": 141}, "types": ["Normal"]}, "Blastoise": {"name": "Blastoise", "species": "Blastoise", "speciesId": "blastoise", "gender": "M", "shiny": false, "level": 80, "moves": ["hydropump", "shellsmash", "earthquake", "icebeam"], "ability": "Torrent", "evs": {"hp": 85, "atk": 85, "def": 85, "spa": 85, "spd": 85, "spe": 85}, "ivs": {"hp": 31, "atk": 31, "def": 31, "spa": 31, "spd": 31, "spe": 31}, "item": "White Herb", "teraType": "Steel", "role": "Setup Sweeper", "bvs": {"hp": 79, "atk": 83, "def": 100, "spa": 85, "spd": 105, "spe": 78}, "stats": {"hp": 258, "atk": 179, "def": 206, "spa": 182, "spd": 214, "spe": 171}, "types": ["Water"]}, "Diancie": {"name": "Diancie", "species": "Diancie", "speciesId": "diancie", "gender": "N", "shiny": false, "level": 82, "moves": ["diamondstorm", "calmmind", "earthpower", "drainingkiss"], "ability": "Clear Body", "evs": {"hp": 85, "atk": 85, "def": 85, "spa": 85, "spd": 85, "spe": 85}, "ivs": {"hp": 31, "atk": 31, "def": 31, "spa": 31, "spd": 31, "spe": 31}, "item": "Leftovers", "teraType": "Fairy", "role": "Bulky Setup", "bvs": {"hp": 50, "atk": 100, "def": 150, "spa": 100, "spd": 150, "spe": 50}, "stats": {"hp": 216, "atk": 211, "def": 293, "spa": 211, "spd": 293, "spe": 129}, "types": ["Rock", "Fairy"]}, "Palkia": {"name": "Palkia", "species": "Palkia-Origin", "speciesId": "palkiaorigin", "gender": "N", "shiny": false, "level": 72, "moves": ["hydropump", "fireblast", "thunderwave", "spacialrend"], "ability": "Pressure", "evs": {"hp": 85, "atk": 0, "def": 85, "spa": 85, "spd": 85, "spe": 85}, "ivs": {"hp": 31, "atk": 0, "def": 31, "spa": 31, "spd": 31, "spe": 31}, "item": "Lustrous Globe", "teraType": "Dragon", "role": "Bulky Attacker", "bvs": {"hp": 90, "atk": 100, "def": 100, "spa": 150, "spd": 120, "spe": 120}, "stats": {"hp": 249, "atk": 149, "def": 186, "spa": 258, "spd": 215, "spe": 215}, "types": ["Water", "Dragon"]}, "Leavanny": {"name": "Leavanny", "species": "Leavanny", "speciesId": "leavanny", "gender": "M", "shiny": false, "level": 86, "moves": ["tripleaxel", "bulletseed", "stickyweb", "knockoff"], "ability": "Chlorophyll", "evs": {"hp": 85, "atk": 85, "def": 85, "spa": 85, "spd": 85, "spe": 85}, "ivs": {"hp": 31, "atk": 31, "def": 31, "spa": 31, "spd": 31, "spe": 31}, "item": "Loaded Dice", "teraType": "Rock", "role": "Fast Attacker", "bvs": {"hp": 75, "atk": 103, "def": 80, "spa": 70, "spd": 80, "spe": 92}, "stats": {"hp": 269, "atk": 226, "def": 187, "spa": 170, "spd": 187, "spe": 207}, "types": ["Bug", "Grass"]}, "Crabominable": {"name": "Crabominable", "species": "Crabominable", "speciesId": "crabominable", "gender": "F", "shiny": false, "level": 90, "moves": ["drainpunch", "knockoff", "icehammer", "earthquake"], "ability": "Iron Fist", "evs": {"hp": 85, "atk": 85, "def": 85, "spa": 85, "spd": 85, "spe": 85}, "ivs": {"hp": 31, "atk": 31, "def": 31, "spa": 31, "spd": 31, "spe": 31}, "item": "Assault Vest", "teraType": "Water", "role": "AV Pivot", "bvs": {"hp": 97, "atk": 132, "def": 77, "spa": 62, "spd": 67, "spe": 43}, "stats": {"hp": 321, "atk": 289, "def": 190, "spa": 163, "spd": 172, "spe": 129}, "types": ["Fighting", "Ice"]}}]}