{"id": "gen9randombattle-2631633624", "format": "[Gen 9] Random Battle", "players": ["Chickenadoboy", "wuxiant"], "log": "|j|\u2606Chickenadoboy\n|j|\u2606wuxiant\n|t:|1781412115\n|gametype|singles\n|player|p1|Chickenadoboy|266|2089\n|player|p2|wuxiant|170|2074\n|gen|9\n|tier|[Gen 9] Random Battle\n|rated|\n|rule|Species Clause: Limit one of each Pok\u00e9mon\n|rule|HP Percentage Mod: HP is shown in percentages\n|rule|Sleep Clause Mod: Limit one foe put to sleep\n|rule|Illusion Level Mod: Illusion disguises the Pok\u00e9mon's true level\n|\n|t:|1781412115\n|teamsize|p1|6\n|teamsize|p2|6\n|start\n|switch|p1a: Dipplin|Dipplin, L88, F|284/284\n|switch|p2a: Falinks|Falinks, L84|246/246\n|turn|1\n|inactive|Battle timer is ON: inactive players will automatically lose when time's up. (requested by wuxiant)\n|inactive|Chickenadoboy has 120 seconds left.\n|\n|t:|1781412158\n|switch|p2a: Venusaur|Venusaur, L84, F|272/272\n|move|p1a: Dipplin|Dragon Pulse|p2a: Venusaur\n|-damage|p2a: Venusaur|176/272\n|\n|-heal|p2a: Venusaur|193/272|[from] item: Leftovers\n|upkeep\n|turn|2\n|\n|t:|1781412172\n|switch|p1a: Tentacruel|Tentacruel, L84, M|272/272\n|move|p2a: Venusaur|Knock Off|p1a: Tentacruel\n|-damage|p1a: Tentacruel|203/272\n|-enditem|p1a: Tentacruel|Leftovers|[from] move: Knock Off|[of] p2a: Venusaur\n|\n|-heal|p2a: Venusaur|210/272|[from] item: Leftovers\n|upkeep\n|turn|3\n|\n|t:|1781412183\n|move|p1a: Tentacruel|Sludge Bomb|p2a: Venusaur\n|-damage|p2a: Venusaur|132/272\n|move|p2a: Venusaur|Earth Power|p1a: Tentacruel\n|-supereffective|p1a: Tentacruel\n|-damage|p1a: Tentacruel|107/272\n|\n|-heal|p2a: Venusaur|149/272|[from] item: Leftovers\n|upkeep\n|turn|4\n|\n|t:|1781412190\n|move|p1a: Tentacruel|Flip Turn|p2a: Venusaur\n|-resisted|p2a: Venusaur\n|-damage|p2a: Venusaur|121/272\n|\n|t:|1781412193\n|switch|p1a: Gothitelle|Gothitelle, L90, F|272/272|[from] Flip Turn\n|move|p2a: Venusaur|Synthesis|p2a: Venusaur\n|-heal|p2a: Venusaur|257/272\n|\n|-heal|p2a: Venusaur|272/272|[from] item: Leftovers\n|upkeep\n|turn|5\n|\n|t:|1781412205\n|move|p1a: Gothitelle|Psychic|p2a: Venusaur\n|-supereffective|p2a: Venusaur\n|-damage|p2a: Venusaur|74/272\n|move|p2a: Venusaur|Knock Off|p1a: Gothitelle\n|-supereffective|p1a: Gothitelle\n|-damage|p1a: Gothitelle|174/272\n|-enditem|p1a: Gothitelle|Choice Scarf|[from] move: Knock Off|[of] p2a: Venusaur\n|\n|-heal|p2a: Venusaur|91/272|[from] item: Leftovers\n|upkeep\n|turn|6\n|inactive|wuxiant has 120 seconds left.\n|\n|t:|1781412238\n|move|p2a: Venusaur|Sludge Bomb|p1a: Gothitelle\n|-damage|p1a: Gothitelle|95/272\n|-status|p1a: Gothitelle|psn\n|move|p1a: Gothitelle|Psychic|p2a: Venusaur\n|-supereffective|p2a: Venusaur\n|-damage|p2a: Venusaur|0 fnt\n|faint|p2a: Venusaur\n|\n|-damage|p1a: Gothitelle|61/272 psn|[from] psn\n|upkeep\n|inactive|wuxiant has 120 seconds left.\n|inactive|wuxiant has 90 seconds left.\n|\n|t:|1781412284\n|switch|p2a: Breloom|Breloom, L83, M|235/235\n|turn|7\n|\n|t:|1781412294\n|move|p2a: Breloom|Mach Punch|p1a: Gothitelle\n|-resisted|p1a: Gothitelle\n|-damage|p1a: Gothitelle|14/272 psn\n|-damage|p2a: Breloom|212/235|[from] item: Life Orb\n|move|p1a: Gothitelle|Psychic|p2a: Breloom\n|-supereffective|p2a: Breloom\n|-damage|p2a: Breloom|0 fnt\n|faint|p2a: Breloom\n|\n|-damage|p1a: Gothitelle|0 fnt|[from] psn\n|faint|p1a: Gothitelle\n|upkeep\n|inactive|wuxiant has 90 seconds left.\n|\n|t:|1781412321\n|switch|p1a: Tentacruel|Tentacruel, L84, M|107/272\n|switch|p2a: Falinks|Falinks, L84|246/246\n|turn|8\n|\n|t:|1781412335\n|move|p1a: Tentacruel|Sludge Bomb|p2a: Falinks\n|-damage|p2a: Falinks|140/246\n|move|p2a: Falinks|No Retreat|p2a: Falinks\n|-boost|p2a: Falinks|atk|1\n|-boost|p2a: Falinks|def|1\n|-boost|p2a: Falinks|spa|1\n|-boost|p2a: Falinks|spd|1\n|-boost|p2a: Falinks|spe|1\n|-start|p2a: Falinks|move: No Retreat\n|\n|upkeep\n|turn|9\n|\n|t:|1781412349\n|switch|p1a: Dipplin|Dipplin, L88, F|284/284\n|move|p2a: Falinks|Knock Off|p1a: Dipplin\n|-damage|p1a: Dipplin|215/284\n|-activate|p1a: Dipplin|ability: Sticky Hold\n|-damage|p2a: Falinks|116/246|[from] item: Life Orb\n|\n|upkeep\n|turn|10\n|\n|t:|1781412354\n|switch|p1a: Tentacruel|Tentacruel, L84, M|107/272\n|move|p2a: Falinks|Close Combat|p1a: Tentacruel\n|-resisted|p1a: Tentacruel\n|-damage|p1a: Tentacruel|0 fnt\n|-unboost|p2a: Falinks|def|1\n|-unboost|p2a: Falinks|spd|1\n|faint|p1a: Tentacruel\n|-damage|p2a: Falinks|92/246|[from] item: Life Orb\n|\n|upkeep\n|\n|t:|1781412362\n|switch|p1a: Regieleki|Regieleki, L79|256/256\n|turn|11\n|inactive|wuxiant has 90 seconds left.\n|inactive|wuxiant has 60 seconds left.\n|\n|t:|1781412403\n|move|p1a: Regieleki|Thunderbolt|p2a: Falinks\n|-damage|p2a: Falinks|0 fnt\n|faint|p2a: Falinks\n|\n|upkeep\n|inactive|wuxiant has 60 seconds left.\n|\n|t:|1781412412\n|switch|p2a: Carbink|Carbink, L90|236/236\n|turn|12\n|\n|t:|1781412425\n|move|p1a: Regieleki|Thunderbolt|p2a: Carbink\n|-damage|p2a: Carbink|148/236\n|-status|p2a: Carbink|par\n|move|p2a: Carbink|Iron Defense|p2a: Carbink\n|-boost|p2a: Carbink|def|2\n|\n|upkeep\n|turn|13\n|\n|t:|1781412435\n|move|p1a: Regieleki|Volt Switch|p2a: Carbink\n|-damage|p2a: Carbink|88/236 par\n|\n|t:|1781412436\n|switch|p1a: Dipplin|Dipplin, L88, F|215/284|[from] Volt Switch\n|move|p2a: Carbink|Rest|p2a: Carbink\n|-status|p2a: Carbink|slp|[from] move: Rest\n|-heal|p2a: Carbink|236/236 slp|[silent]\n|-enditem|p2a: Carbink|Chesto Berry|[eat]\n|-curestatus|p2a: Carbink|slp|[msg]\n|\n|upkeep\n|turn|14\n|\n|t:|1781412442\n|move|p2a: Carbink|Moonblast|p1a: Dipplin\n|-supereffective|p1a: Dipplin\n|-damage|p1a: Dipplin|119/284\n|move|p1a: Dipplin|Giga Drain|p2a: Carbink\n|-supereffective|p2a: Carbink\n|-crit|p2a: Carbink\n|-damage|p2a: Carbink|72/236\n|-heal|p1a: Dipplin|201/284|[from] drain|[of] p2a: Carbink\n|\n|upkeep\n|turn|15\n|inactive|wuxiant has 90 seconds left.\n|\n|t:|1781412464\n|move|p2a: Carbink|Body Press|p1a: Dipplin\n|-damage|p1a: Dipplin|103/284\n|move|p1a: Dipplin|Giga Drain|p2a: Carbink\n|-supereffective|p2a: Carbink\n|-damage|p2a: Carbink|0 fnt\n|-heal|p1a: Dipplin|139/284|[from] drain|[of] p2a: Carbink\n|faint|p2a: Carbink\n|\n|upkeep\n|\n|t:|1781412478\n|switch|p2a: Armarouge|Armarouge, L80, M|267/267\n|turn|16\n|\n|t:|1781412485\n|move|p2a: Armarouge|Armor Cannon|p1a: Dipplin\n|-damage|p1a: Dipplin|0 fnt\n|-unboost|p2a: Armarouge|def|1\n|-unboost|p2a: Armarouge|spd|1\n|faint|p1a: Dipplin\n|\n|upkeep\n|\n|t:|1781412499\n|switch|p1a: Gyarados|Gyarados, L79, F|280/280\n|-ability|p1a: Gyarados|Intimidate|boost\n|-unboost|p2a: Armarouge|atk|1\n|turn|17\n|inactive|wuxiant has 90 seconds left.\n|\n|t:|1781412518\n|switch|p2a: Iron Thorns|Iron Thorns, L83|302/302\n|-enditem|p2a: Iron Thorns|Booster Energy\n|-activate|p2a: Iron Thorns|ability: Quark Drive|[fromitem]\n|-start|p2a: Iron Thorns|quarkdriveatk\n|move|p1a: Gyarados|Dragon Dance|p1a: Gyarados\n|-boost|p1a: Gyarados|atk|1\n|-boost|p1a: Gyarados|spe|1\n|\n|upkeep\n|turn|18\n|inactive|wuxiant has 90 seconds left.\n|inactive|Chickenadoboy has 120 seconds left.\n|inactive|wuxiant has 60 seconds left.\n|\n|t:|1781412572\n|switch|p1a: Regirock|Regirock, L83|268/268\n|move|p2a: Iron Thorns|Stone Edge|p1a: Regirock|[miss]\n|-miss|p2a: Iron Thorns|p1a: Regirock\n|\n|upkeep\n|turn|19\n|inactive|Chickenadoboy has 120 seconds left.\n|\n|t:|1781412584\n|-end|p2a: Iron Thorns|Quark Drive|[silent]\n|switch|p2a: Armarouge|Armarouge, L80, M|267/267\n|move|p1a: Regirock|Stone Edge|p2a: Armarouge\n|-supereffective|p2a: Armarouge\n|-damage|p2a: Armarouge|45/267\n|-ability|p2a: Armarouge|Weak Armor|boost\n|-unboost|p2a: Armarouge|def|1\n|-boost|p2a: Armarouge|spe|2\n|\n|upkeep\n|turn|20\n|inactive|Chickenadoboy has 120 seconds left.\n|\n|t:|1781412597\n|switch|p1a: Gyarados|Gyarados, L79, F|280/280\n|-ability|p1a: Gyarados|Intimidate|boost\n|-unboost|p2a: Armarouge|atk|1\n|-terastallize|p2a: Armarouge|Grass\n|move|p2a: Armarouge|Energy Ball|p1a: Gyarados\n|-damage|p1a: Gyarados|117/280\n|\n|upkeep\n|turn|21\n|\n|t:|1781412603\n|move|p2a: Armarouge|Energy Ball|p1a: Gyarados\n|-damage|p1a: Gyarados|0 fnt\n|faint|p1a: Gyarados\n|\n|upkeep\n|\n|t:|1781412606\n|switch|p1a: Regieleki|Regieleki, L79|256/256\n|turn|22\n|inactive|Chickenadoboy has 120 seconds left.\n|\n|t:|1781412627\n|-terastallize|p1a: Regieleki|Ice\n|move|p1a: Regieleki|Tera Blast|p2a: Armarouge|[anim] Tera Blast Ice\n|-supereffective|p2a: Armarouge\n|-damage|p2a: Armarouge|0 fnt\n|faint|p2a: Armarouge\n|\n|upkeep\n|\n|t:|1781412635\n|switch|p2a: Iron Thorns|Iron Thorns, L83|302/302\n|turn|23\n|\n|t:|1781412638\n|move|p1a: Regieleki|Volt Switch|p2a: Iron Thorns\n|-resisted|p2a: Iron Thorns\n|-damage|p2a: Iron Thorns|248/302\n|\n|t:|1781412639\n|switch|p1a: Regirock|Regirock, L83|268/268|[from] Volt Switch\n|move|p2a: Iron Thorns|Dragon Dance|p2a: Iron Thorns\n|-boost|p2a: Iron Thorns|atk|1\n|-boost|p2a: Iron Thorns|spe|1\n|\n|upkeep\n|turn|24\n|inactive|wuxiant has 90 seconds left.\n|\n|t:|1781412664\n|move|p2a: Iron Thorns|Earthquake|p1a: Regirock\n|-supereffective|p1a: Regirock\n|-damage|p1a: Regirock|120/268\n|move|p1a: Regirock|Iron Defense|p1a: Regirock\n|-boost|p1a: Regirock|def|2\n|\n|-heal|p1a: Regirock|136/268|[from] item: Leftovers\n|upkeep\n|turn|25\n|\n|t:|1781412674\n|move|p2a: Iron Thorns|Earthquake|p1a: Regirock\n|-supereffective|p1a: Regirock\n|-damage|p1a: Regirock|64/268\n|move|p1a: Regirock|Body Press|p2a: Iron Thorns\n|-supereffective|p2a: Iron Thorns\n|-damage|p2a: Iron Thorns|0 fnt\n|faint|p2a: Iron Thorns\n|-end|p2a: Iron Thorns|Quark Drive|[silent]\n|\n|win|Chickenadoboy\n", "inputlog": ">version a8376a258c1d4662feba110a92103f3664a72141\n>start {\"formatid\":\"gen9randombattle\",\"seed\":\"sodium,214b235d2707d5ceb8af20701a34795f\",\"rated\":\"Rated battle\"}\n>player p1 {\"name\":\"Chickenadoboy\",\"avatar\":\"266\",\"rating\":2089,\"seed\":\"sodium,7c7b98c4543507beb2f115c13bc4297b\"}\n>player p2 {\"name\":\"wuxiant\",\"avatar\":\"170\",\"rating\":2074,\"seed\":\"sodium,a0e7b4272ee07274a15ef2d5f6c9bfe0\"}\n>p1 move dragonpulse\n>p2 switch 4\n>p1 switch 5\n>p2 move knockoff\n>p1 move sludgebomb\n>p2 move earthpower\n>p1 move flipturn\n>p2 move synthesis\n>p1 switch 3\n>p1 move psychic\n>p2 move knockoff\n>p1 move psychic\n>p2 move sludgebomb\n>p2 switch 2\n>p1 move psychic\n>p2 move machpunch\n>p1 switch 3\n>p2 switch 4\n>p1 move sludgebomb\n>p2 move noretreat\n>p1 switch 5\n>p2 move knockoff\n>p1 switch 5\n>p2 move closecombat\n>p1 switch 2\n>p1 move thunderbolt\n>p2 move closecombat\n>p2 switch 6\n>p1 move thunderbolt\n>p2 move irondefense\n>p1 move voltswitch\n>p2 move rest\n>p1 switch 5\n>p1 move gigadrain\n>p2 move moonblast\n>p1 move gigadrain\n>p2 move bodypress\n>p2 switch 5\n>p1 move dragonpulse\n>p2 move armorcannon\n>p1 switch 6\n>p1 move dragondance\n>p2 switch 3\n>p1 switch 4\n>p2 move stoneedge\n>p1 move stoneedge\n>p2 switch 3\n>p1 switch 4\n>p2 move energyball terastallize\n>p1 move dragondance\n>p2 move energyball\n>p1 switch 5\n>p1 move terablast terastallize\n>p2 move energyball\n>p2 switch 3\n>p1 move voltswitch\n>p2 move dragondance\n>p1 switch 4\n>p1 move irondefense\n>p2 move earthquake\n>p1 move bodypress\n>p2 move earthquake", "uploadtime": 1781412117, "views": 5, "formatid": "gen9randombattle", "rating": null, "private": 0, "password": null, "player_dets": [{"name": "Chickenadoboy", "avatar": "266", "rating": 2089, "seed": "sodium,7c7b98c4543507beb2f115c13bc4297b"}, {"name": "wuxiant", "avatar": "170", "rating": 2074, "seed": "sodium,a0e7b4272ee07274a15ef2d5f6c9bfe0"}], "teams_full": [{"Dipplin": {"name": "Dipplin", "species": "Dipplin", "speciesId": "dipplin", "gender": "F", "shiny": false, "level": 88, "moves": ["suckerpunch", "dragonpulse", "gigadrain", "recover"], "ability": "Sticky Hold", "evs": {"hp": 85, "atk": 85, "def": 85, "spa": 85, "spd": 85, "spe": 85}, "ivs": {"hp": 31, "atk": 31, "def": 31, "spa": 31, "spd": 31, "spe": 31}, "item": "Eviolite", "teraType": "Steel", "role": "Bulky Attacker", "bvs": {"hp": 80, "atk": 80, "def": 110, "spa": 95, "spd": 80, "spe": 40}, "stats": {"hp": 284, "atk": 191, "def": 244, "spa": 217, "spd": 191, "spe": 121}}, "Regieleki": {"name": "Regieleki", "species": "Regieleki", "speciesId": "regieleki", "gender": "N", "shiny": false, "level": 79, "moves": ["terablast", "thunderbolt", "rapidspin", "voltswitch"], "ability": "Transistor", "evs": {"hp": 85, "atk": 85, "def": 85, "spa": 85, "spd": 85, "spe": 85}, "ivs": {"hp": 31, "atk": 31, "def": 31, "spa": 31, "spd": 31, "spe": 31}, "item": "Magnet", "teraType": "Ice", "role": "Tera Blast user", "bvs": {"hp": 80, "atk": 100, "def": 50, "spa": 100, "spd": 50, "spe": 200}, "stats": {"hp": 256, "atk": 204, "def": 125, "spa": 204, "spd": 125, "spe": 362}}, "Gothitelle": {"name": "Gothitelle", "species": "Gothitelle", "speciesId": "gothitelle", "gender": "F", "shiny": false, "level": 90, "moves": ["trick", "psychic", "focusblast", "darkpulse"], "ability": "Shadow Tag", "evs": {"hp": 85, "atk": 0, "def": 85, "spa": 85, "spd": 85, "spe": 85}, "ivs": {"hp": 31, "atk": 0, "def": 31, "spa": 31, "spd": 31, "spe": 31}, "item": "Choice Scarf", "teraType": "Ground", "role": "Fast Attacker", "bvs": {"hp": 70, "atk": 55, "def": 95, "spa": 95, "spd": 110, "spe": 65}, "stats": {"hp": 272, "atk": 104, "def": 222, "spa": 222, "spd": 249, "spe": 168}}, "Regirock": {"name": "Regirock", "species": "Regirock", "speciesId": "regirock", "gender": "N", "shiny": false, "level": 83, "moves": ["stoneedge", "thunderwave", "bodypress", "irondefense"], "ability": "Clear Body", "evs": {"hp": 85, "atk": 85, "def": 85, "spa": 85, "spd": 85, "spe": 85}, "ivs": {"hp": 31, "atk": 31, "def": 31, "spa": 31, "spd": 31, "spe": 31}, "item": "Leftovers", "teraType": "Fighting", "role": "Bulky Attacker", "bvs": {"hp": 80, "atk": 100, "def": 200, "spa": 50, "spd": 100, "spe": 50}, "stats": {"hp": 268, "atk": 214, "def": 380, "spa": 131, "spd": 214, "spe": 131}}, "Tentacruel": {"name": "Tentacruel", "species": "Tentacruel", "speciesId": "tentacruel", "gender": "M", "shiny": false, "level": 84, "moves": ["surf", "sludgebomb", "flipturn", "toxic"], "ability": "Liquid Ooze", "evs": {"hp": 85, "atk": 85, "def": 85, "spa": 85, "spd": 85, "spe": 85}, "ivs": {"hp": 31, "atk": 31, "def": 31, "spa": 31, "spd": 31, "spe": 31}, "item": "Leftovers", "teraType": "Flying", "role": "Bulky Support", "bvs": {"hp": 80, "atk": 70, "def": 65, "spa": 80, "spd": 120, "spe": 100}, "stats": {"hp": 272, "atk": 166, "def": 157, "spa": 183, "spd": 250, "spe": 216}}, "Gyarados": {"name": "Gyarados", "species": "Gyarados", "speciesId": "gyarados", "gender": "F", "shiny": false, "level": 79, "moves": ["waterfall", "dragondance", "earthquake", "temperflare"], "ability": "Intimidate", "evs": {"hp": 85, "atk": 85, "def": 85, "spa": 85, "spd": 85, "spe": 85}, "ivs": {"hp": 31, "atk": 31, "def": 31, "spa": 31, "spd": 31, "spe": 31}, "item": "Heavy-Duty Boots", "teraType": "Ground", "role": "Setup Sweeper", "bvs": {"hp": 95, "atk": 125, "def": 79, "spa": 60, "spd": 100, "spe": 81}, "stats": {"hp": 280, "atk": 243, "def": 170, "spa": 140, "spd": 204, "spe": 174}}}, {"Falinks": {"name": "Falinks", "species": "Falinks", "speciesId": "falinks", "gender": "N", "shiny": false, "level": 84, "moves": ["closecombat", "knockoff", "ironhead", "noretreat"], "ability": "Defiant", "evs": {"hp": 85, "atk": 85, "def": 85, "spa": 85, "spd": 85, "spe": 85}, "ivs": {"hp": 31, "atk": 31, "def": 31, "spa": 31, "spd": 31, "spe": 31}, "item": "Life Orb", "teraType": "Steel", "role": "Setup Sweeper", "bvs": {"hp": 65, "atk": 100, "def": 100, "spa": 70, "spd": 60, "spe": 75}, "stats": {"hp": 246, "atk": 216, "def": 216, "spa": 166, "spd": 149, "spe": 174}}, "Breloom": {"name": "Breloom", "species": "Breloom", "speciesId": "breloom", "gender": "M", "shiny": false, "level": 83, "moves": ["rocktomb", "bulletseed", "spore", "machpunch"], "ability": "Technician", "evs": {"hp": 85, "atk": 85, "def": 85, "spa": 85, "spd": 85, "spe": 85}, "ivs": {"hp": 31, "atk": 31, "def": 31, "spa": 31, "spd": 31, "spe": 31}, "item": "Life Orb", "teraType": "Rock", "role": "Fast Attacker", "bvs": {"hp": 60, "atk": 130, "def": 80, "spa": 60, "spd": 60, "spe": 70}, "stats": {"hp": 235, "atk": 263, "def": 180, "spa": 147, "spd": 147, "spe": 164}}, "Iron Thorns": {"name": "Iron Thorns", "species": "Iron Thorns", "speciesId": "ironthorns", "gender": "N", "shiny": false, "level": 83, "moves": ["earthquake", "wildcharge", "dragondance", "stoneedge"], "ability": "Quark Drive", "evs": {"hp": 85, "atk": 85, "def": 85, "spa": 85, "spd": 85, "spe": 85}, "ivs": {"hp": 31, "atk": 31, "def": 31, "spa": 31, "spd": 31, "spe": 31}, "item": "Booster Energy", "teraType": "Ground", "role": "Fast Bulky Setup", "bvs": {"hp": 100, "atk": 134, "def": 110, "spa": 70, "spd": 84, "spe": 72}, "stats": {"hp": 302, "atk": 270, "def": 230, "spa": 164, "spd": 187, "spe": 167}}, "Venusaur": {"name": "Venusaur", "species": "Venusaur", "speciesId": "venusaur", "gender": "F", "shiny": false, "level": 84, "moves": ["synthesis", "earthpower", "knockoff", "sludgebomb"], "ability": "Chlorophyll", "evs": {"hp": 85, "atk": 85, "def": 85, "spa": 85, "spd": 85, "spe": 85}, "ivs": {"hp": 31, "atk": 31, "def": 31, "spa": 31, "spd": 31, "spe": 31}, "item": "Leftovers", "teraType": "Water", "role": "Bulky Attacker", "bvs": {"hp": 80, "atk": 82, "def": 83, "spa": 100, "spd": 100, "spe": 80}, "stats": {"hp": 272, "atk": 186, "def": 188, "spa": 216, "spd": 216, "spe": 183}}, "Armarouge": {"name": "Armarouge", "species": "Armarouge", "speciesId": "armarouge", "gender": "M", "shiny": false, "level": 80, "moves": ["focusblast", "psyshock", "energyball", "armorcannon"], "ability": "Weak Armor", "evs": {"hp": 85, "atk": 0, "def": 85, "spa": 85, "spd": 85, "spe": 85}, "ivs": {"hp": 31, "atk": 0, "def": 31, "spa": 31, "spd": 31, "spe": 31}, "item": "Choice Specs", "teraType": "Grass", "role": "Wallbreaker", "bvs": {"hp": 85, "atk": 60, "def": 100, "spa": 125, "spd": 80, "spe": 75}, "stats": {"hp": 267, "atk": 101, "def": 206, "spa": 246, "spd": 174, "spe": 166}}, "Carbink": {"name": "Carbink", "species": "Carbink", "speciesId": "carbink", "gender": "N", "shiny": false, "level": 90, "moves": ["irondefense", "moonblast", "bodypress", "rest"], "ability": "Sturdy", "evs": {"hp": 85, "atk": 0, "def": 85, "spa": 85, "spd": 85, "spe": 85}, "ivs": {"hp": 31, "atk": 0, "def": 31, "spa": 31, "spd": 31, "spe": 31}, "item": "Chesto Berry", "teraType": "Fighting", "role": "Fast Bulky Setup", "bvs": {"hp": 50, "atk": 50, "def": 150, "spa": 50, "spd": 150, "spe": 50}, "stats": {"hp": 236, "atk": 95, "def": 321, "spa": 141, "spd": 321, "spe": 141}}}]}