{"id": "gen9randombattle-2631523699", "format": "[Gen 9] Random Battle", "players": ["gbbrbybrbrbygn", "Cndjndnfnf"], "log": "|j|\u2606gbbrbybrbrbygn\n|j|\u203dCndjndnfnf\n|t:|1781396321\n|gametype|singles\n|player|p1|gbbrbybrbrbygn|169|1040\n|player|p2|Cndjndnfnf|ltsurge|1047\n|gen|9\n|tier|[Gen 9] Random Battle\n|rated|\n|rule|Species Clause: Limit one of each Pok\u00e9mon\n|rule|HP Percentage Mod: HP is shown in percentages\n|rule|Sleep Clause Mod: Limit one foe put to sleep\n|rule|Illusion Level Mod: Illusion disguises the Pok\u00e9mon's true level\n|\n|t:|1781396321\n|teamsize|p1|6\n|teamsize|p2|6\n|start\n|switch|p1a: Coalossal|Coalossal, L89, M|341/341\n|switch|p2a: Magearna|Magearna, L77|250/250\n|turn|1\n|inactive|Battle timer is ON: inactive players will automatically lose when time's up. (requested by Cndjndnfnf)\n|\n|t:|1781396333\n|-terastallize|p2a: Magearna|Ground\n|move|p2a: Magearna|Tera Blast|p1a: Coalossal|[anim] Tera Blast Ground\n|-supereffective|p1a: Coalossal\n|-damage|p1a: Coalossal|0 fnt\n|faint|p1a: Coalossal\n|-ability|p2a: Magearna|Soul-Heart|boost\n|-boost|p2a: Magearna|spa|1\n|\n|upkeep\n|\n|t:|1781396356\n|switch|p1a: Vaporeon|Vaporeon, L86, M|364/364\n|turn|2\n|\n|t:|1781396363\n|switch|p2a: Scream Tail|Scream Tail, L84|330/330\n|move|p1a: Vaporeon|Calm Mind|p1a: Vaporeon\n|-boost|p1a: Vaporeon|spa|1\n|-boost|p1a: Vaporeon|spd|1\n|\n|upkeep\n|turn|3\n|\n|t:|1781396370\n|move|p1a: Vaporeon|Protect|p1a: Vaporeon\n|-singleturn|p1a: Vaporeon|Protect\n|move|p2a: Scream Tail|Thunder Wave|p1a: Vaporeon\n|-activate|p1a: Vaporeon|move: Protect\n|\n|upkeep\n|turn|4\n|\n|t:|1781396378\n|-terastallize|p1a: Vaporeon|Ground\n|move|p2a: Scream Tail|Play Rough|p1a: Vaporeon\n|-damage|p1a: Vaporeon|274/364\n|move|p1a: Vaporeon|Scald|p2a: Scream Tail\n|-damage|p2a: Scream Tail|219/330\n|\n|-heal|p2a: Scream Tail|239/330|[from] item: Leftovers\n|-heal|p1a: Vaporeon|296/364|[from] item: Leftovers\n|upkeep\n|turn|5\n|\n|t:|1781396392\n|-end|p2a: Scream Tail|Protosynthesis|[silent]\n|switch|p2a: Basculin|Basculin-Blue-Striped, L86, M|261/261\n|move|p1a: Vaporeon|Scald|p2a: Basculin\n|-resisted|p2a: Basculin\n|-damage|p2a: Basculin|168/261\n|\n|-heal|p1a: Vaporeon|318/364|[from] item: Leftovers\n|upkeep\n|turn|6\n|\n|t:|1781396403\n|move|p2a: Basculin|Wave Crash|p1a: Vaporeon\n|-heal|p1a: Vaporeon|364/364|[from] ability: Water Absorb|[of] p2a: Basculin\n|move|p1a: Vaporeon|Calm Mind|p1a: Vaporeon\n|-boost|p1a: Vaporeon|spa|1\n|-boost|p1a: Vaporeon|spd|1\n|\n|upkeep\n|turn|7\n|-message|Cndjndnfnf forfeited.\n|\n|win|gbbrbybrbrbygn\n|raw|gbbrbybrbrbygn's rating: 1040 &rarr; <strong>1075</strong><br />(+35 for winning)\n|raw|Cndjndnfnf's rating: 1047 &rarr; <strong>1030</strong><br />(-17 for losing)\n|l|\u203dCndjndnfnf\n|player|p2|\n", "inputlog": ">version a8376a258c1d4662feba110a92103f3664a72141\n>start {\"formatid\":\"gen9randombattle\",\"seed\":\"sodium,ca5c2f0291c4bcb348f8441fa5d98c10\",\"rated\":\"Rated battle\"}\n>player p1 {\"name\":\"gbbrbybrbrbygn\",\"avatar\":\"169\",\"rating\":1040,\"seed\":\"sodium,cc8265c69e38fa9402d6fa35cbb2bb0d\"}\n>player p2 {\"name\":\"Cndjndnfnf\",\"avatar\":\"ltsurge\",\"rating\":1047,\"seed\":\"sodium,612a849ac527304abc60cc715d77f051\"}\n>p1 move willowisp\n>p2 move terablast terastallize\n>p1 switch 5\n>p1 move calmmind\n>p2 switch 2\n>p1 move protect\n>p2 move thunderwave\n>p1 move scald terastallize\n>p2 move playrough\n>p1 move scald\n>p2 switch 6\n>p1 move calmmind\n>p2 move wavecrash\n>forcelose p2", "uploadtime": 1781396411, "views": 5, "formatid": "gen9randombattle", "rating": 1030, "private": 0, "password": null, "player_dets": [{"name": "gbbrbybrbrbygn", "avatar": "169", "rating": 1040, "seed": "sodium,cc8265c69e38fa9402d6fa35cbb2bb0d"}, {"name": "Cndjndnfnf", "avatar": "ltsurge", "rating": 1047, "seed": "sodium,612a849ac527304abc60cc715d77f051"}], "teams_full": [{"Coalossal": {"name": "Coalossal", "species": "Coalossal", "speciesId": "coalossal", "gender": "M", "shiny": false, "level": 89, "moves": ["stoneedge", "overheat", "willowisp", "rapidspin"], "ability": "Flame Body", "evs": {"hp": 85, "atk": 85, "def": 85, "spa": 85, "spd": 85, "spe": 85}, "ivs": {"hp": 31, "atk": 31, "def": 31, "spa": 31, "spd": 31, "spe": 31}, "item": "Heavy-Duty Boots", "teraType": "Grass", "role": "Bulky Support", "bvs": {"hp": 110, "atk": 80, "def": 120, "spa": 80, "spd": 90, "spe": 30}, "stats": {"hp": 341, "atk": 193, "def": 264, "spa": 193, "spd": 211, "spe": 104}}, "Farigiraf": {"name": "Farigiraf", "species": "Farigiraf", "speciesId": "farigiraf", "gender": "F", "shiny": false, "level": 90, "moves": ["bodyslam", "wish", "psychicnoise", "protect"], "ability": "Sap Sipper", "evs": {"hp": 85, "atk": 85, "def": 85, "spa": 85, "spd": 85, "spe": 85}, "ivs": {"hp": 31, "atk": 31, "def": 31, "spa": 31, "spd": 31, "spe": 31}, "item": "Leftovers", "teraType": "Water", "role": "Bulky Support", "bvs": {"hp": 120, "atk": 90, "def": 70, "spa": 110, "spd": 70, "spe": 60}, "stats": {"hp": 362, "atk": 213, "def": 177, "spa": 249, "spd": 177, "spe": 159}}, "Snorlax": {"name": "Snorlax", "species": "Snorlax", "speciesId": "snorlax", "gender": "F", "shiny": false, "level": 82, "moves": ["rest", "curse", "bodyslam", "crunch"], "ability": "Thick Fat", "evs": {"hp": 85, "atk": 85, "def": 85, "spa": 85, "spd": 85, "spe": 85}, "ivs": {"hp": 31, "atk": 31, "def": 31, "spa": 31, "spd": 31, "spe": 31}, "item": "Chesto Berry", "teraType": "Poison", "role": "Bulky Setup", "bvs": {"hp": 160, "atk": 110, "def": 65, "spa": 65, "spd": 110, "spe": 30}, "stats": {"hp": 397, "atk": 228, "def": 154, "spa": 154, "spd": 228, "spe": 96}}, "Hoopa": {"name": "Hoopa", "species": "Hoopa-Unbound", "speciesId": "hoopaunbound", "gender": "N", "shiny": false, "level": 80, "moves": ["psychic", "focusblast", "hyperspacefury", "gunkshot"], "ability": "Magician", "evs": {"hp": 85, "atk": 85, "def": 85, "spa": 85, "spd": 85, "spe": 85}, "ivs": {"hp": 31, "atk": 31, "def": 31, "spa": 31, "spd": 31, "spe": 31}, "item": "Assault Vest", "teraType": "Poison", "role": "Bulky Attacker", "bvs": {"hp": 80, "atk": 160, "def": 60, "spa": 170, "spd": 130, "spe": 80}, "stats": {"hp": 259, "atk": 302, "def": 142, "spa": 318, "spd": 254, "spe": 174}}, "Vaporeon": {"name": "Vaporeon", "species": "Vaporeon", "speciesId": "vaporeon", "gender": "M", "shiny": false, "level": 86, "moves": ["protect", "wish", "calmmind", "scald"], "ability": "Water Absorb", "evs": {"hp": 85, "atk": 0, "def": 85, "spa": 85, "spd": 85, "spe": 85}, "ivs": {"hp": 31, "atk": 0, "def": 31, "spa": 31, "spd": 31, "spe": 31}, "item": "Leftovers", "teraType": "Ground", "role": "Bulky Setup", "bvs": {"hp": 130, "atk": 65, "def": 60, "spa": 110, "spd": 95, "spe": 65}, "stats": {"hp": 364, "atk": 116, "def": 152, "spa": 238, "spd": 213, "spe": 161}}, "Comfey": {"name": "Comfey", "species": "Comfey", "speciesId": "comfey", "gender": "M", "shiny": false, "level": 85, "moves": ["calmmind", "storedpower", "drainingkiss", "gigadrain"], "ability": "Triage", "evs": {"hp": 85, "atk": 0, "def": 85, "spa": 85, "spd": 85, "spe": 85}, "ivs": {"hp": 31, "atk": 0, "def": 31, "spa": 31, "spd": 31, "spe": 31}, "item": "Leftovers", "teraType": "Steel", "role": "Bulky Setup", "bvs": {"hp": 51, "atk": 52, "def": 90, "spa": 82, "spd": 110, "spe": 100}, "stats": {"hp": 225, "atk": 93, "def": 202, "spa": 188, "spd": 236, "spe": 219}}}, {"Magearna": {"name": "Magearna", "species": "Magearna", "speciesId": "magearna", "gender": "N", "shiny": false, "level": 77, "moves": ["terablast", "fleurcannon", "shiftgear", "ironhead"], "ability": "Soul-Heart", "evs": {"hp": 85, "atk": 85, "def": 85, "spa": 85, "spd": 85, "spe": 85}, "ivs": {"hp": 31, "atk": 31, "def": 31, "spa": 31, "spd": 31, "spe": 31}, "item": "Weakness Policy", "teraType": "Ground", "role": "Tera Blast user", "bvs": {"hp": 80, "atk": 95, "def": 115, "spa": 130, "spd": 115, "spe": 65}, "stats": {"hp": 250, "atk": 191, "def": 222, "spa": 245, "spd": 222, "spe": 145}}, "Scream Tail": {"name": "Scream Tail", "species": "Scream Tail", "speciesId": "screamtail", "gender": "N", "shiny": false, "level": 84, "moves": ["playrough", "thunderwave", "wish", "protect"], "ability": "Protosynthesis", "evs": {"hp": 85, "atk": 85, "def": 85, "spa": 85, "spd": 85, "spe": 85}, "ivs": {"hp": 31, "atk": 31, "def": 31, "spa": 31, "spd": 31, "spe": 31}, "item": "Leftovers", "teraType": "Poison", "role": "Bulky Support", "bvs": {"hp": 115, "atk": 65, "def": 99, "spa": 65, "spd": 115, "spe": 111}, "stats": {"hp": 330, "atk": 157, "def": 215, "spa": 157, "spd": 241, "spe": 235}}, "Chandelure": {"name": "Chandelure", "species": "Chandelure", "speciesId": "chandelure", "gender": "M", "shiny": false, "level": 83, "moves": ["painsplit", "calmmind", "shadowball", "fireblast"], "ability": "Flame Body", "evs": {"hp": 85, "atk": 0, "def": 85, "spa": 85, "spd": 85, "spe": 85}, "ivs": {"hp": 31, "atk": 0, "def": 31, "spa": 31, "spd": 31, "spe": 31}, "item": "Heavy-Duty Boots", "teraType": "Fire", "role": "Fast Bulky Setup", "bvs": {"hp": 60, "atk": 55, "def": 90, "spa": 145, "spd": 90, "spe": 80}, "stats": {"hp": 235, "atk": 96, "def": 197, "spa": 288, "spd": 197, "spe": 180}}, "Luxray": {"name": "Luxray", "species": "Luxray", "speciesId": "luxray", "gender": "M", "shiny": false, "level": 88, "moves": ["supercellslam", "trailblaze", "playrough", "facade"], "ability": "Guts", "evs": {"hp": 81, "atk": 85, "def": 85, "spa": 85, "spd": 85, "spe": 85}, "ivs": {"hp": 31, "atk": 31, "def": 31, "spa": 31, "spd": 31, "spe": 31}, "item": "Flame Orb", "teraType": "Normal", "role": "Setup Sweeper", "bvs": {"hp": 80, "atk": 120, "def": 79, "spa": 95, "spd": 79, "spe": 70}, "stats": {"hp": 283, "atk": 261, "def": 189, "spa": 217, "spd": 189, "spe": 173}}, "Dragapult": {"name": "Dragapult", "species": "Dragapult", "speciesId": "dragapult", "gender": "F", "shiny": false, "level": 77, "moves": ["fireblast", "uturn", "shadowball", "dracometeor"], "ability": "Infiltrator", "evs": {"hp": 85, "atk": 85, "def": 85, "spa": 85, "spd": 85, "spe": 85}, "ivs": {"hp": 31, "atk": 31, "def": 31, "spa": 31, "spd": 31, "spe": 31}, "item": "Choice Specs", "teraType": "Ghost", "role": "Fast Attacker", "bvs": {"hp": 88, "atk": 120, "def": 75, "spa": 100, "spd": 75, "spe": 142}, "stats": {"hp": 262, "atk": 229, "def": 160, "spa": 199, "spd": 160, "spe": 263}}, "Basculin": {"name": "Basculin", "species": "Basculin-Blue-Striped", "speciesId": "basculin", "gender": "M", "shiny": false, "level": 86, "moves": ["doubleedge", "wavecrash", "flipturn", "aquajet"], "ability": "Adaptability", "evs": {"hp": 85, "atk": 85, "def": 85, "spa": 85, "spd": 85, "spe": 85}, "ivs": {"hp": 31, "atk": 31, "def": 31, "spa": 31, "spd": 31, "spe": 31}, "item": "Choice Band", "teraType": "Water", "role": "Wallbreaker", "bvs": {"hp": 70, "atk": 92, "def": 65, "spa": 80, "spd": 55, "spe": 98}, "stats": {"hp": 261, "atk": 207, "def": 161, "spa": 187, "spd": 144, "spe": 218}}}]}