{"id": "gen9randombattle-2631416023", "format": "[Gen 9] Random Battle", "players": ["qiuescent", "lionbark"], "log": "|j|\u203dqiuescent\n|j|\u2606lionbark\n|t:|1781381982\n|gametype|singles\n|player|p1|qiuescent|265|2175\n|player|p2|lionbark|265|2051\n|gen|9\n|tier|[Gen 9] Random Battle\n|rated|\n|rule|Species Clause: Limit one of each Pok\u00e9mon\n|rule|HP Percentage Mod: HP is shown in percentages\n|rule|Sleep Clause Mod: Limit one foe put to sleep\n|rule|Illusion Level Mod: Illusion disguises the Pok\u00e9mon's true level\n|\n|t:|1781381982\n|teamsize|p1|6\n|teamsize|p2|6\n|start\n|switch|p1a: Krookodile|Krookodile, L79, F|280/280\n|switch|p2a: Keldeo|Keldeo-Resolute, L79|273/273\n|-ability|p1a: Krookodile|Intimidate|boost\n|-unboost|p2a: Keldeo|atk|1\n|turn|1\n|inactive|Battle timer is ON: inactive players will automatically lose when time's up. (requested by lionbark)\n|\n|t:|1781382002\n|switch|p1a: Flutter Mane|Flutter Mane, L74|203/203\n|move|p2a: Keldeo|Surf|p1a: Flutter Mane\n|-damage|p1a: Flutter Mane|118/203\n|\n|upkeep\n|turn|2\n|inactive|lionbark has 120 seconds left.\n|\n|t:|1781382037\n|switch|p2a: Toedscruel|Toedscruel, L87, M|281/281\n|move|p1a: Flutter Mane|Moonblast|p2a: Toedscruel\n|-damage|p2a: Toedscruel|172/281\n|\n|-heal|p2a: Toedscruel|189/281|[from] item: Leftovers\n|upkeep\n|turn|3\n|\n|t:|1781382044\n|move|p1a: Flutter Mane|Moonblast|p2a: Toedscruel\n|-damage|p2a: Toedscruel|69/281\n|move|p2a: Toedscruel|Toxic|p1a: Flutter Mane\n|-status|p1a: Flutter Mane|tox\n|\n|-heal|p2a: Toedscruel|86/281|[from] item: Leftovers\n|-damage|p1a: Flutter Mane|106/203 tox|[from] psn\n|upkeep\n|turn|4\n|inactive|lionbark has 120 seconds left.\n|\n|t:|1781382089\n|move|p1a: Flutter Mane|Moonblast|p2a: Toedscruel\n|-crit|p2a: Toedscruel\n|-damage|p2a: Toedscruel|0 fnt\n|faint|p2a: Toedscruel\n|\n|-damage|p1a: Flutter Mane|82/203 tox|[from] psn\n|upkeep\n|\n|t:|1781382094\n|switch|p2a: Regieleki|Regieleki, L79|256/256\n|turn|5\n|\n|t:|1781382111\n|switch|p2a: Keldeo|Keldeo-Resolute, L79|273/273\n|move|p1a: Flutter Mane|Moonblast|p2a: Keldeo\n|-supereffective|p2a: Keldeo\n|-damage|p2a: Keldeo|0 fnt\n|faint|p2a: Keldeo\n|\n|-damage|p1a: Flutter Mane|46/203 tox|[from] psn\n|upkeep\n|\n|t:|1781382119\n|switch|p2a: Decidueye|Decidueye, L88, M|281/281\n|turn|6\n|\n|t:|1781382123\n|-end|p1a: Flutter Mane|Protosynthesis|[silent]\n|switch|p1a: Rotom|Rotom-Heat, L83|219/219\n|move|p2a: Decidueye|Knock Off|p1a: Rotom\n|-damage|p1a: Rotom|132/219\n|-enditem|p1a: Rotom|Heavy-Duty Boots|[from] move: Knock Off|[of] p2a: Decidueye\n|-damage|p2a: Decidueye|253/281|[from] item: Life Orb\n|\n|upkeep\n|turn|7\n|\n|t:|1781382141\n|switch|p2a: Kyogre|Kyogre, L71|259/259\n|-weather|RainDance|[from] ability: Drizzle|[of] p2a: Kyogre\n|move|p1a: Rotom|Overheat|p2a: Kyogre|[miss]\n|-miss|p1a: Rotom|p2a: Kyogre\n|\n|-weather|RainDance|[upkeep]\n|upkeep\n|turn|8\n|\n|t:|1781382148\n|move|p2a: Kyogre|Water Spout|p1a: Rotom\n|-supereffective|p1a: Rotom\n|-damage|p1a: Rotom|0 fnt\n|faint|p1a: Rotom\n|\n|-weather|RainDance|[upkeep]\n|upkeep\n|\n|t:|1781382155\n|switch|p1a: Cobalion|Cobalion, L80|277/277\n|turn|9\n|\n|t:|1781382160\n|-terastallize|p1a: Cobalion|Water\n|move|p2a: Kyogre|Water Spout|p1a: Cobalion\n|-resisted|p1a: Cobalion\n|-damage|p1a: Cobalion|130/277\n|move|p1a: Cobalion|Stealth Rock|p2a: Kyogre\n|-sidestart|p2: lionbark|move: Stealth Rock\n|\n|-weather|RainDance|[upkeep]\n|-heal|p1a: Cobalion|147/277|[from] item: Leftovers\n|upkeep\n|turn|10\n|\n|t:|1781382167\n|-terastallize|p2a: Kyogre|Water\n|move|p2a: Kyogre|Water Spout|p1a: Cobalion\n|-resisted|p1a: Cobalion\n|-damage|p1a: Cobalion|0 fnt\n|faint|p1a: Cobalion\n|\n|-weather|RainDance|[upkeep]\n|upkeep\n|\n|t:|1781382168\n|switch|p1a: Ninetales|Ninetales-Alola, L78, F|242/242\n|-weather|Snowscape|[from] ability: Snow Warning|[of] p1a: Ninetales\n|turn|11\n|\n|t:|1781382178\n|move|p2a: Kyogre|Water Spout|p1a: Ninetales\n|-damage|p1a: Ninetales|24/242\n|move|p1a: Ninetales|Moonblast|p2a: Kyogre\n|-damage|p2a: Kyogre|192/259\n|\n|-weather|Snowscape|[upkeep]\n|upkeep\n|turn|12\n|\n|t:|1781382183\n|move|p2a: Kyogre|Water Spout|p1a: Ninetales\n|-damage|p1a: Ninetales|0 fnt\n|faint|p1a: Ninetales\n|\n|-weather|Snowscape|[upkeep]\n|upkeep\n|\n|t:|1781382190\n|switch|p1a: Krookodile|Krookodile, L79, F|280/280\n|-ability|p1a: Krookodile|Intimidate|boost\n|-unboost|p2a: Kyogre|atk|1\n|turn|13\n|\n|t:|1781382193\n|move|p2a: Kyogre|Water Spout|p1a: Krookodile\n|-supereffective|p1a: Krookodile\n|-damage|p1a: Krookodile|0 fnt\n|faint|p1a: Krookodile\n|\n|-weather|Snowscape|[upkeep]\n|upkeep\n|-message|qiuescent forfeited.\n|\n|win|lionbark\n", "inputlog": ">version a8376a258c1d4662feba110a92103f3664a72141\n>start {\"formatid\":\"gen9randombattle\",\"seed\":\"sodium,19610bb1c33414929f3f907c9a918a82\",\"rated\":\"Rated battle\"}\n>player p1 {\"name\":\"qiuescent\",\"avatar\":\"265\",\"rating\":2175,\"seed\":\"sodium,54daa3ee6c05b31abc66307d80bc8fbb\"}\n>player p2 {\"name\":\"lionbark\",\"avatar\":\"265\",\"rating\":2051,\"seed\":\"sodium,e74a64636c889923735b27834d612c2e\"}\n>p1 switch 5\n>p2 move surf\n>p1 move moonblast\n>p2 switch 3\n>p1 move moonblast\n>p2 move toxic\n>p1 move moonblast\n>p2 move gigadrain\n>p2 switch 4\n>p1 move moonblast\n>p2 switch 3\n>p2 switch 2\n>p1 switch 2\n>p2 move knockoff\n>p1 move overheat\n>p2 switch 5\n>p1 move voltswitch\n>p2 move waterspout\n>p1 switch 6\n>p1 move stealthrock terastallize\n>p2 move waterspout\n>p1 move voltswitch\n>p2 move waterspout terastallize\n>p1 switch 3\n>p1 move moonblast\n>p2 move waterspout\n>p1 move moonblast\n>p2 move waterspout\n>p1 switch 5\n>p1 move knockoff\n>p2 move waterspout\n>forcelose p1", "uploadtime": 1781381984, "views": 9, "formatid": "gen9randombattle", "rating": null, "private": 0, "password": null, "player_dets": [{"name": "qiuescent", "avatar": "265", "rating": 2175, "seed": "sodium,54daa3ee6c05b31abc66307d80bc8fbb"}, {"name": "lionbark", "avatar": "265", "rating": 2051, "seed": "sodium,e74a64636c889923735b27834d612c2e"}], "teams_full": [{"Krookodile": {"name": "Krookodile", "species": "Krookodile", "speciesId": "krookodile", "gender": "F", "shiny": false, "level": 79, "moves": ["gunkshot", "stoneedge", "earthquake", "knockoff"], "ability": "Intimidate", "evs": {"hp": 85, "atk": 85, "def": 85, "spa": 85, "spd": 85, "spe": 85}, "ivs": {"hp": 31, "atk": 31, "def": 31, "spa": 31, "spd": 31, "spe": 31}, "item": "Choice Band", "teraType": "Poison", "role": "Fast Attacker", "bvs": {"hp": 95, "atk": 117, "def": 80, "spa": 65, "spd": 70, "spe": 92}, "stats": {"hp": 280, "atk": 230, "def": 172, "spa": 148, "spd": 156, "spe": 191}}, "Rotom": {"name": "Rotom", "species": "Rotom-Heat", "speciesId": "rotomheat", "gender": "N", "shiny": false, "level": 83, "moves": ["voltswitch", "painsplit", "overheat", "thunderbolt"], "ability": "Levitate", "evs": {"hp": 85, "atk": 0, "def": 85, "spa": 85, "spd": 85, "spe": 85}, "ivs": {"hp": 31, "atk": 0, "def": 31, "spa": 31, "spd": 31, "spe": 31}, "item": "Heavy-Duty Boots", "teraType": "Steel", "role": "Bulky Attacker", "bvs": {"hp": 50, "atk": 65, "def": 107, "spa": 105, "spd": 107, "spe": 86}, "stats": {"hp": 219, "atk": 112, "def": 225, "spa": 222, "spd": 225, "spe": 190}}, "Ninetales": {"name": "Ninetales", "species": "Ninetales-Alola", "speciesId": "ninetalesalola", "gender": "F", "shiny": false, "level": 78, "moves": ["moonblast", "nastyplot", "blizzard", "auroraveil"], "ability": "Snow Warning", "evs": {"hp": 85, "atk": 0, "def": 85, "spa": 85, "spd": 85, "spe": 85}, "ivs": {"hp": 31, "atk": 0, "def": 31, "spa": 31, "spd": 31, "spe": 31}, "item": "Light Clay", "teraType": "Water", "role": "Fast Support", "bvs": {"hp": 73, "atk": 67, "def": 75, "spa": 81, "spd": 100, "spe": 109}, "stats": {"hp": 242, "atk": 109, "def": 162, "spa": 171, "spd": 201, "spe": 215}}, "Infernape": {"name": "Infernape", "species": "Infernape", "speciesId": "infernape", "gender": "M", "shiny": false, "level": 82, "moves": ["knockoff", "overheat", "grassknot", "closecombat"], "ability": "Blaze", "evs": {"hp": 85, "atk": 85, "def": 85, "spa": 85, "spd": 85, "spe": 85}, "ivs": {"hp": 31, "atk": 31, "def": 31, "spa": 31, "spd": 31, "spe": 31}, "item": "Life Orb", "teraType": "Dark", "role": "Fast Attacker", "bvs": {"hp": 76, "atk": 104, "def": 71, "spa": 104, "spd": 71, "spe": 108}, "stats": {"hp": 259, "atk": 218, "def": 164, "spa": 218, "spd": 164, "spe": 224}}, "Flutter Mane": {"name": "Flutter Mane", "species": "Flutter Mane", "speciesId": "fluttermane", "gender": "N", "shiny": false, "level": 74, "moves": ["shadowball", "psyshock", "mysticalfire", "moonblast"], "ability": "Protosynthesis", "evs": {"hp": 85, "atk": 0, "def": 85, "spa": 85, "spd": 85, "spe": 85}, "ivs": {"hp": 31, "atk": 0, "def": 31, "spa": 31, "spd": 31, "spe": 31}, "item": "Choice Specs", "teraType": "Fairy", "role": "Wallbreaker", "bvs": {"hp": 55, "atk": 55, "def": 55, "spa": 135, "spd": 135, "spe": 135}, "stats": {"hp": 203, "atk": 86, "def": 124, "spa": 243, "spd": 243, "spe": 243}}, "Cobalion": {"name": "Cobalion", "species": "Cobalion", "speciesId": "cobalion", "gender": "N", "shiny": false, "level": 80, "moves": ["stealthrock", "ironhead", "voltswitch", "bodypress"], "ability": "Justified", "evs": {"hp": 85, "atk": 85, "def": 85, "spa": 85, "spd": 85, "spe": 85}, "ivs": {"hp": 31, "atk": 31, "def": 31, "spa": 31, "spd": 31, "spe": 31}, "item": "Leftovers", "teraType": "Water", "role": "Bulky Support", "bvs": {"hp": 91, "atk": 90, "def": 129, "spa": 90, "spd": 72, "spe": 108}, "stats": {"hp": 277, "atk": 190, "def": 253, "spa": 190, "spd": 161, "spe": 219}}}, {"Keldeo": {"name": "Keldeo", "species": "Keldeo-Resolute", "speciesId": "keldeoresolute", "gender": "N", "shiny": false, "level": 79, "moves": ["surf", "substitute", "secretsword", "calmmind"], "ability": "Justified", "evs": {"hp": 85, "atk": 0, "def": 85, "spa": 85, "spd": 85, "spe": 85}, "ivs": {"hp": 31, "atk": 0, "def": 31, "spa": 31, "spd": 31, "spe": 31}, "item": "Leftovers", "teraType": "Steel", "role": "Bulky Setup", "bvs": {"hp": 91, "atk": 72, "def": 90, "spa": 129, "spd": 90, "spe": 108}, "stats": {"hp": 273, "atk": 118, "def": 188, "spa": 249, "spd": 188, "spe": 216}}, "Decidueye": {"name": "Decidueye", "species": "Decidueye", "speciesId": "decidueye", "gender": "M", "shiny": false, "level": 88, "moves": ["roost", "spiritshackle", "leafstorm", "knockoff"], "ability": "Overgrow", "evs": {"hp": 85, "atk": 85, "def": 85, "spa": 85, "spd": 85, "spe": 85}, "ivs": {"hp": 31, "atk": 31, "def": 31, "spa": 31, "spd": 31, "spe": 31}, "item": "Life Orb", "teraType": "Dark", "role": "Fast Support", "bvs": {"hp": 78, "atk": 107, "def": 75, "spa": 100, "spd": 100, "spe": 70}, "stats": {"hp": 281, "atk": 239, "def": 182, "spa": 226, "spd": 226, "spe": 173}}, "Toedscruel": {"name": "Toedscruel", "species": "Toedscruel", "speciesId": "toedscruel", "gender": "M", "shiny": false, "level": 87, "moves": ["rapidspin", "toxic", "earthpower", "gigadrain"], "ability": "Mycelium Might", "evs": {"hp": 85, "atk": 85, "def": 85, "spa": 85, "spd": 85, "spe": 85}, "ivs": {"hp": 31, "atk": 31, "def": 31, "spa": 31, "spd": 31, "spe": 31}, "item": "Leftovers", "teraType": "Water", "role": "Bulky Support", "bvs": {"hp": 80, "atk": 70, "def": 65, "spa": 80, "spd": 120, "spe": 100}, "stats": {"hp": 281, "atk": 172, "def": 163, "spa": 189, "spd": 259, "spe": 224}}, "Regieleki": {"name": "Regieleki", "species": "Regieleki", "speciesId": "regieleki", "gender": "N", "shiny": false, "level": 79, "moves": ["terablast", "rapidspin", "voltswitch", "thunderbolt"], "ability": "Transistor", "evs": {"hp": 85, "atk": 85, "def": 85, "spa": 85, "spd": 85, "spe": 85}, "ivs": {"hp": 31, "atk": 31, "def": 31, "spa": 31, "spd": 31, "spe": 31}, "item": "Magnet", "teraType": "Ice", "role": "Tera Blast user", "bvs": {"hp": 80, "atk": 100, "def": 50, "spa": 100, "spd": 50, "spe": 200}, "stats": {"hp": 256, "atk": 204, "def": 125, "spa": 204, "spd": 125, "spe": 362}}, "Kyogre": {"name": "Kyogre", "species": "Kyogre", "speciesId": "kyogre", "gender": "N", "shiny": false, "level": 71, "moves": ["icebeam", "waterspout", "originpulse", "thunder"], "ability": "Drizzle", "evs": {"hp": 85, "atk": 0, "def": 85, "spa": 85, "spd": 85, "spe": 85}, "ivs": {"hp": 31, "atk": 0, "def": 31, "spa": 31, "spd": 31, "spe": 31}, "item": "Choice Scarf", "teraType": "Water", "role": "Fast Attacker", "bvs": {"hp": 100, "atk": 100, "def": 90, "spa": 150, "spd": 140, "spe": 90}, "stats": {"hp": 259, "atk": 147, "def": 169, "spa": 254, "spd": 240, "spe": 169}}, "Malamar": {"name": "Malamar", "species": "Malamar", "speciesId": "malamar", "gender": "F", "shiny": false, "level": 82, "moves": ["rest", "knockoff", "superpower", "sleeptalk"], "ability": "Contrary", "evs": {"hp": 85, "atk": 85, "def": 85, "spa": 85, "spd": 85, "spe": 85}, "ivs": {"hp": 31, "atk": 31, "def": 31, "spa": 31, "spd": 31, "spe": 31}, "item": "Leftovers", "teraType": "Steel", "role": "Bulky Setup", "bvs": {"hp": 86, "atk": 92, "def": 88, "spa": 68, "spd": 75, "spe": 73}, "stats": {"hp": 275, "atk": 198, "def": 191, "spa": 159, "spd": 170, "spe": 167}}}]}