{"id": "gen9randombattle-2631976140", "format": "[Gen 9] Random Battle", "players": ["rareold", "Laboylol"], "log": "|j|\u2606rareold\n|j|\u2606Laboylol\n|t:|1781461859\n|gametype|singles\n|player|p1|rareold|gardenia|1450\n|player|p2|Laboylol|1|1420\n|gen|9\n|tier|[Gen 9] Random Battle\n|rated|\n|rule|Species Clause: Limit one of each Pok\u00e9mon\n|rule|HP Percentage Mod: HP is shown in percentages\n|rule|Sleep Clause Mod: Limit one foe put to sleep\n|rule|Illusion Level Mod: Illusion disguises the Pok\u00e9mon's true level\n|\n|t:|1781461859\n|teamsize|p1|6\n|teamsize|p2|6\n|start\n|switch|p1a: Weavile|Weavile, L79, M|240/240\n|switch|p2a: Gogoat|Gogoat, L88, M|360/360\n|turn|1\n|inactive|Battle timer is ON: inactive players will automatically lose when time's up. (requested by Laboylol)\n|\n|t:|1781461879\n|switch|p2a: Azumarill|Azumarill, L82, M|298/298\n|move|p1a: Weavile|Swords Dance|p1a: Weavile\n|-boost|p1a: Weavile|atk|2\n|\n|upkeep\n|turn|2\n|\n|t:|1781461889\n|switch|p1a: Brambleghast|Brambleghast, L88, M|240/240\n|move|p2a: Azumarill|Play Rough|p1a: Brambleghast\n|-damage|p1a: Brambleghast|48/240\n|\n|-heal|p1a: Brambleghast|63/240|[from] item: Leftovers\n|upkeep\n|turn|3\n|\n|t:|1781461901\n|switch|p2a: Gogoat|Gogoat, L88, M|360/360\n|move|p1a: Brambleghast|Substitute|p1a: Brambleghast\n|-start|p1a: Brambleghast|Substitute\n|-damage|p1a: Brambleghast|3/240\n|\n|-heal|p1a: Brambleghast|18/240|[from] item: Leftovers\n|upkeep\n|turn|4\n|\n|t:|1781461910\n|move|p1a: Brambleghast|Poltergeist|p2a: Gogoat\n|-activate|p2a: Gogoat|move: Poltergeist|Leftovers\n|-crit|p2a: Gogoat\n|-damage|p2a: Gogoat|75/360\n|move|p2a: Gogoat|Earthquake|p1a: Brambleghast\n|-resisted|p1a: Brambleghast\n|-activate|p1a: Brambleghast|move: Substitute|[damage]\n|\n|-heal|p1a: Brambleghast|33/240|[from] item: Leftovers\n|-heal|p2a: Gogoat|97/360|[from] item: Leftovers\n|upkeep\n|turn|5\n|\n|t:|1781461917\n|move|p1a: Brambleghast|Poltergeist|p2a: Gogoat\n|-activate|p2a: Gogoat|move: Poltergeist|Leftovers\n|-damage|p2a: Gogoat|0 fnt\n|faint|p2a: Gogoat\n|\n|-heal|p1a: Brambleghast|48/240|[from] item: Leftovers\n|upkeep\n|-message|Laboylol forfeited.\n|\n|win|rareold\n|raw|rareold's rating: 1450 &rarr; <strong>1468</strong><br />(+18 for winning)\n|raw|Laboylol's rating: 1420 &rarr; <strong>1402</strong><br />(-18 for losing)\n|l|\u2606Laboylol\n|player|p2|\n", "inputlog": ">version a8376a258c1d4662feba110a92103f3664a72141\n>start {\"formatid\":\"gen9randombattle\",\"seed\":\"sodium,b56c3d023f1e18e65ac40a70bd33c36f\",\"rated\":\"Rated battle\"}\n>player p1 {\"name\":\"rareold\",\"avatar\":\"gardenia\",\"rating\":1450,\"seed\":\"sodium,963549f44c6bdb1e9b73036f0fb9f21f\"}\n>player p2 {\"name\":\"Laboylol\",\"avatar\":\"1\",\"rating\":1420,\"seed\":\"sodium,7b1a823c7a27a9e35f876ec83f58b3cf\"}\n>p1 move swordsdance\n>p2 switch 2\n>p1 switch 6\n>p2 move playrough\n>p1 move substitute\n>p2 switch 2\n>p1 move poltergeist\n>p2 move earthquake\n>p1 move poltergeist\n>p2 move earthquake\n>forcelose p2", "uploadtime": 1781461924, "views": 3, "formatid": "gen9randombattle", "rating": 1402, "private": 0, "password": null}