{"id": "gen9randombattle-2631768968", "format": "[Gen 9] Random Battle", "players": ["ceezy", "Zibabu"], "log": "|j|\u2606ceezy\n|j|\u2606Zibabu\n|t:|1781436731\n|gametype|singles\n|player|p1|ceezy|rika|1943\n|player|p2|Zibabu|101|1966\n|gen|9\n|tier|[Gen 9] Random Battle\n|rated|\n|rule|Species Clause: Limit one of each Pok\u00e9mon\n|rule|HP Percentage Mod: HP is shown in percentages\n|rule|Sleep Clause Mod: Limit one foe put to sleep\n|rule|Illusion Level Mod: Illusion disguises the Pok\u00e9mon's true level\n|\n|t:|1781436731\n|teamsize|p1|6\n|teamsize|p2|6\n|start\n|switch|p1a: Rampardos|Rampardos, L90, F|321/321\n|switch|p2a: Dragapult|Dragapult, L77, M|262/262\n|turn|1\n|inactive|Battle timer is ON: inactive players will automatically lose when time's up. (requested by Zibabu)\n|\n|t:|1781436747\n|switch|p2a: Corviknight|Corviknight, L80, F|288/288\n|switch|p1a: Heatran|Heatran, L79, M|273/273\n|-item|p1a: Heatran|Air Balloon\n|\n|upkeep\n|turn|2\n|\n|t:|1781436753\n|move|p1a: Heatran|Stealth Rock|p2a: Corviknight\n|-sidestart|p2: Zibabu|move: Stealth Rock\n|move|p2a: Corviknight|U-turn|p1a: Heatran\n|-resisted|p1a: Heatran\n|-damage|p1a: Heatran|264/273\n|-enditem|p1a: Heatran|Air Balloon\n|\n|t:|1781436757\n|switch|p2a: Terrakion|Terrakion, L79|273/273|[from] U-turn\n|-damage|p2a: Terrakion|256/273|[from] Stealth Rock\n|\n|upkeep\n|turn|3\n|\n|t:|1781436764\n|switch|p1a: Swampert|Swampert, L83, M|302/302\n|move|p2a: Terrakion|Swords Dance|p2a: Terrakion\n|-boost|p2a: Terrakion|atk|2\n|\n|upkeep\n|turn|4\n|\n|t:|1781436771\n|move|p2a: Terrakion|Earthquake|p1a: Swampert\n|-damage|p1a: Swampert|112/302\n|-damage|p2a: Terrakion|229/273|[from] item: Life Orb\n|move|p1a: Swampert|Yawn|p2a: Terrakion\n|-start|p2a: Terrakion|move: Yawn|[of] p1a: Swampert\n|\n|-heal|p1a: Swampert|130/302|[from] item: Leftovers\n|upkeep\n|turn|5\n|\n|t:|1781436781\n|switch|p2a: Corviknight|Corviknight, L80, F|288/288\n|-damage|p2a: Corviknight|252/288|[from] Stealth Rock\n|move|p1a: Swampert|Flip Turn|p2a: Corviknight\n|-damage|p2a: Corviknight|191/288\n|\n|t:|1781436798\n|switch|p1a: Bellibolt|Bellibolt, L84, M|320/320|[from] Flip Turn\n|\n|-heal|p2a: Corviknight|209/288|[from] item: Leftovers\n|upkeep\n|turn|6\n|\n|t:|1781436806\n|move|p2a: Corviknight|U-turn|p1a: Bellibolt\n|-damage|p1a: Bellibolt|281/320\n|-start|p1a: Bellibolt|Charge|U-turn|[from] ability: Electromorphosis\n|\n|t:|1781436808\n|switch|p2a: Iron Treads|Iron Treads, L77|265/265|[from] U-turn\n|-damage|p2a: Iron Treads|257/265|[from] Stealth Rock\n|move|p1a: Bellibolt|Volt Switch|p2a: Iron Treads\n|-immune|p2a: Iron Treads\n|-end|p1a: Bellibolt|Charge|[silent]\n|\n|-heal|p1a: Bellibolt|301/320|[from] item: Leftovers\n|upkeep\n|turn|7\n|\n|t:|1781436818\n|move|p2a: Iron Treads|Rapid Spin|p1a: Bellibolt\n|-damage|p1a: Bellibolt|268/320\n|-boost|p2a: Iron Treads|spe|1\n|-start|p1a: Bellibolt|Charge|Rapid Spin|[from] ability: Electromorphosis\n|-sideend|p2: Zibabu|Stealth Rock|[from] move: Rapid Spin|[of] p2a: Iron Treads\n|move|p1a: Bellibolt|Muddy Water|p2a: Iron Treads\n|-supereffective|p2a: Iron Treads\n|-damage|p2a: Iron Treads|149/265\n|\n|-heal|p1a: Bellibolt|288/320|[from] item: Leftovers\n|upkeep\n|turn|8\n|\n|t:|1781436827\n|switch|p1a: Swampert|Swampert, L83, M|130/302\n|move|p2a: Iron Treads|Knock Off|p1a: Swampert\n|-damage|p1a: Swampert|63/302\n|-enditem|p1a: Swampert|Leftovers|[from] move: Knock Off|[of] p2a: Iron Treads\n|\n|upkeep\n|turn|9\n|\n|t:|1781436831\n|move|p2a: Iron Treads|Earthquake|p1a: Swampert\n|-damage|p1a: Swampert|0 fnt\n|faint|p1a: Swampert\n|\n|upkeep\n|\n|t:|1781436846\n|switch|p1a: Dragonite|Dragonite, L74, F|257/257\n|turn|10\n|\n|t:|1781436853\n|move|p2a: Iron Treads|Rapid Spin|p1a: Dragonite\n|-damage|p1a: Dragonite|238/257\n|-boost|p2a: Iron Treads|spe|1\n|move|p1a: Dragonite|Dragon Dance|p1a: Dragonite\n|-boost|p1a: Dragonite|atk|1\n|-boost|p1a: Dragonite|spe|1\n|\n|upkeep\n|turn|11\n|\n|t:|1781436860\n|move|p2a: Iron Treads|Knock Off|p1a: Dragonite\n|-damage|p1a: Dragonite|165/257\n|-enditem|p1a: Dragonite|Heavy-Duty Boots|[from] move: Knock Off|[of] p2a: Iron Treads\n|move|p1a: Dragonite|Earthquake|p2a: Iron Treads\n|-supereffective|p2a: Iron Treads\n|-damage|p2a: Iron Treads|0 fnt\n|faint|p2a: Iron Treads\n|-end|p2a: Iron Treads|Quark Drive|[silent]\n|\n|upkeep\n|\n|t:|1781436872\n|switch|p2a: Dragapult|Dragapult, L77, M|262/262\n|turn|12\n|\n|t:|1781436877\n|switch|p1a: Heatran|Heatran, L79, M|264/273\n|move|p2a: Dragapult|Dragon Darts|p1a: Heatran\n|-resisted|p1a: Heatran\n|-damage|p1a: Heatran|232/273\n|-anim|p2a: Dragapult|Dragon Darts|p1a: Heatran\n|-resisted|p1a: Heatran\n|-damage|p1a: Heatran|197/273\n|-damage|p2a: Dragapult|236/262|[from] item: Life Orb\n|\n|upkeep\n|turn|13\n|\n|t:|1781436885\n|switch|p2a: Terrakion|Terrakion, L79|229/273\n|move|p1a: Heatran|Stealth Rock|p2a: Terrakion\n|-sidestart|p2: Zibabu|move: Stealth Rock\n|\n|upkeep\n|turn|14\n|\n|t:|1781436895\n|switch|p1a: Dragonite|Dragonite, L74, F|165/257\n|move|p2a: Terrakion|Earthquake|p1a: Dragonite\n|-immune|p1a: Dragonite\n|\n|upkeep\n|turn|15\n|\n|t:|1781436901\n|move|p2a: Terrakion|Stone Edge|p1a: Dragonite\n|-supereffective|p1a: Dragonite\n|-crit|p1a: Dragonite\n|-damage|p1a: Dragonite|0 fnt\n|faint|p1a: Dragonite\n|-damage|p2a: Terrakion|202/273|[from] item: Life Orb\n|\n|upkeep\n|\n|t:|1781436906\n|switch|p1a: Rampardos|Rampardos, L90, F|321/321\n|turn|16\n|\n|t:|1781436914\n|switch|p2a: Corviknight|Corviknight, L80, F|209/288\n|-damage|p2a: Corviknight|173/288|[from] Stealth Rock\n|move|p1a: Rampardos|Earthquake|p2a: Corviknight\n|-immune|p2a: Corviknight\n|\n|-heal|p2a: Corviknight|191/288|[from] item: Leftovers\n|upkeep\n|turn|17\n|\n|t:|1781436917\n|switch|p1a: Heatran|Heatran, L79, M|197/273\n|move|p2a: Corviknight|Roost|p2a: Corviknight\n|-heal|p2a: Corviknight|288/288\n|-singleturn|p2a: Corviknight|move: Roost\n|\n|upkeep\n|turn|18\n|\n|t:|1781436927\n|switch|p2a: Wugtrio|Wugtrio, L91, M|212/212\n|-damage|p2a: Wugtrio|186/212|[from] Stealth Rock\n|move|p1a: Heatran|Magma Storm|p2a: Wugtrio\n|-resisted|p2a: Wugtrio\n|-damage|p2a: Wugtrio|123/212\n|-activate|p2a: Wugtrio|move: Magma Storm|[of] p1a: Heatran\n|\n|-damage|p2a: Wugtrio|97/212|[from] move: Magma Storm|[partiallytrapped]\n|upkeep\n|turn|19\n|\n|t:|1781436935\n|switch|p1a: Bellibolt|Bellibolt, L84, M|288/320\n|move|p2a: Wugtrio|Liquidation|p1a: Bellibolt\n|-crit|p1a: Bellibolt\n|-damage|p1a: Bellibolt|68/320\n|-unboost|p1a: Bellibolt|def|1\n|-start|p1a: Bellibolt|Charge|Liquidation|[from] ability: Electromorphosis\n|\n|-heal|p1a: Bellibolt|88/320|[from] item: Leftovers\n|-end|p2a: Wugtrio|Magma Storm|[partiallytrapped]|[silent]\n|upkeep\n|turn|20\n|\n|t:|1781436941\n|move|p2a: Wugtrio|Liquidation|p1a: Bellibolt\n|-damage|p1a: Bellibolt|0 fnt\n|faint|p1a: Bellibolt\n|\n|upkeep\n|\n|t:|1781436946\n|switch|p1a: Weavile|Weavile, L79, F|240/240\n|turn|21\n|\n|t:|1781436950\n|move|p2a: Wugtrio|Liquidation|p1a: Weavile\n|-damage|p1a: Weavile|11/240\n|move|p1a: Weavile|Knock Off|p2a: Wugtrio\n|-crit|p2a: Wugtrio\n|-damage|p2a: Wugtrio|0 fnt\n|-ability|p2a: Wugtrio|Gooey\n|-unboost|p1a: Weavile|spe|1\n|-enditem|p2a: Wugtrio|Choice Band|[from] move: Knock Off|[of] p1a: Weavile\n|faint|p2a: Wugtrio\n|\n|upkeep\n|\n|t:|1781436957\n|switch|p2a: Corviknight|Corviknight, L80, F|288/288\n|-damage|p2a: Corviknight|252/288|[from] Stealth Rock\n|turn|22\n|\n|t:|1781436962\n|switch|p1a: Heatran|Heatran, L79, M|197/273\n|move|p2a: Corviknight|U-turn|p1a: Heatran\n|-resisted|p1a: Heatran\n|-crit|p1a: Heatran\n|-damage|p1a: Heatran|184/273\n|\n|t:|1781436966\n|switch|p2a: Terrakion|Terrakion, L79|202/273|[from] U-turn\n|-damage|p2a: Terrakion|185/273|[from] Stealth Rock\n|\n|upkeep\n|turn|23\n|\n|t:|1781436990\n|-terastallize|p1a: Heatran|Flying\n|move|p2a: Terrakion|Close Combat|p1a: Heatran\n|-resisted|p1a: Heatran\n|-damage|p1a: Heatran|94/273\n|-unboost|p2a: Terrakion|def|1\n|-unboost|p2a: Terrakion|spd|1\n|-damage|p2a: Terrakion|158/273|[from] item: Life Orb\n|move|p1a: Heatran|Earth Power|p2a: Terrakion\n|-supereffective|p2a: Terrakion\n|-damage|p2a: Terrakion|0 fnt\n|faint|p2a: Terrakion\n|\n|upkeep\n|\n|t:|1781436995\n|switch|p2a: Dragapult|Dragapult, L77, M|236/262\n|-damage|p2a: Dragapult|204/262|[from] Stealth Rock\n|turn|24\n|\n|t:|1781437005\n|switch|p1a: Weavile|Weavile, L79, F|11/240\n|move|p2a: Dragapult|Dragon Darts|p1a: Weavile\n|-damage|p1a: Weavile|0 fnt\n|faint|p1a: Weavile\n|-damage|p2a: Dragapult|178/262|[from] item: Life Orb\n|\n|upkeep\n|\n|t:|1781437007\n|switch|p1a: Rampardos|Rampardos, L90, F|321/321\n|turn|25\n|\n|t:|1781437015\n|move|p2a: Dragapult|Dragon Darts|p1a: Rampardos\n|-damage|p1a: Rampardos|231/321\n|-anim|p2a: Dragapult|Dragon Darts|p1a: Rampardos\n|-damage|p1a: Rampardos|152/321\n|-damage|p2a: Dragapult|152/262|[from] item: Life Orb\n|move|p1a: Rampardos|Head Smash|p2a: Dragapult\n|-damage|p2a: Dragapult|0 fnt\n|faint|p2a: Dragapult\n|-damage|p1a: Rampardos|76/321|[from] Recoil\n|\n|upkeep\n|\n|t:|1781437018\n|switch|p2a: Corviknight|Corviknight, L80, F|252/288\n|-damage|p2a: Corviknight|216/288|[from] Stealth Rock\n|turn|26\n|\n|t:|1781437022\n|switch|p1a: Heatran|Heatran, L79, M, tera:Flying|94/273\n|move|p2a: Corviknight|Brave Bird|p1a: Heatran\n|-damage|p1a: Heatran|0 fnt\n|faint|p1a: Heatran\n|-damage|p2a: Corviknight|185/288|[from] Recoil\n|\n|-heal|p2a: Corviknight|203/288|[from] item: Leftovers\n|upkeep\n|\n|t:|1781437026\n|switch|p1a: Rampardos|Rampardos, L90, F|76/321\n|turn|27\n|\n|t:|1781437031\n|move|p1a: Rampardos|Head Smash|p2a: Corviknight\n|-damage|p2a: Corviknight|0 fnt\n|faint|p2a: Corviknight\n|-damage|p1a: Rampardos|0 fnt|[from] Recoil\n|faint|p1a: Rampardos\n|\n|win|Zibabu\n", "inputlog": ">version a8376a258c1d4662feba110a92103f3664a72141\n>start {\"formatid\":\"gen9randombattle\",\"seed\":\"sodium,c186bea0886ac26b4fae12a66c109147\",\"rated\":\"Rated battle\"}\n>player p1 {\"name\":\"ceezy\",\"avatar\":\"rika\",\"rating\":1943,\"seed\":\"sodium,f6746c2626d3ced2526e74c3dcadcdcc\"}\n>player p2 {\"name\":\"Zibabu\",\"avatar\":\"101\",\"rating\":1966,\"seed\":\"sodium,6fb2c6944f1ad6cf974a838a340ef607\"}\n>p1 switch 2\n>p2 switch 3\n>p1 move stealthrock\n>p2 move uturn\n>p2 switch 4\n>p1 switch 4\n>p2 move swordsdance\n>p1 move yawn\n>p2 move earthquake\n>p1 move flipturn\n>p2 switch 4\n>p1 switch 3\n>p1 move voltswitch\n>p2 move uturn\n>p2 switch 2\n>p1 move muddywater\n>p2 move rapidspin\n>p1 switch 3\n>p2 move knockoff\n>p1 move yawn\n>p2 move earthquake\n>p1 switch 5\n>p1 move dragondance\n>p2 move rapidspin\n>p1 move earthquake\n>p2 move knockoff\n>p2 switch 3\n>p1 switch 4\n>p2 move dragondarts\n>p1 move stealthrock\n>p2 switch 4\n>p1 switch 4\n>p2 move earthquake\n>p1 move dragondance\n>p2 move stoneedge\n>p1 switch 2\n>p1 move earthquake\n>p2 switch 2\n>p1 switch 4\n>p2 move roost\n>p1 move magmastorm\n>p2 switch 6\n>p1 switch 3\n>p2 move liquidation\n>p1 move voltswitch\n>p2 move liquidation\n>p1 switch 6\n>p1 move knockoff\n>p2 move liquidation\n>p2 switch 6\n>p1 switch 3\n>p2 move uturn\n>p2 switch 2\n>p1 move earthpower terastallize\n>p2 move closecombat\n>p2 switch 4\n>p1 switch 3\n>p2 move dragondarts\n>p1 switch 4\n>p1 move headsmash\n>p2 move dragondarts\n>p2 switch 2\n>p1 switch 3\n>p2 move bravebird\n>p1 switch 3\n>p1 move headsmash\n>p2 move bodypress", "uploadtime": 1781436733, "views": 5, "formatid": "gen9randombattle", "rating": null, "private": 0, "password": null, "player_dets": [{"name": "ceezy", "avatar": "rika", "rating": 1943, "seed": "sodium,f6746c2626d3ced2526e74c3dcadcdcc"}, {"name": "Zibabu", "avatar": "101", "rating": 1966, "seed": "sodium,6fb2c6944f1ad6cf974a838a340ef607"}], "teams_full": [{"Rampardos": {"name": "Rampardos", "species": "Rampardos", "speciesId": "rampardos", "gender": "F", "shiny": false, "level": 90, "moves": ["headsmash", "earthquake", "firepunch", "rockslide"], "ability": "Sheer Force", "evs": {"hp": 85, "atk": 85, "def": 85, "spa": 85, "spd": 85, "spe": 85}, "ivs": {"hp": 31, "atk": 31, "def": 31, "spa": 31, "spd": 31, "spe": 31}, "item": "Choice Scarf", "teraType": "Fire", "role": "Fast Attacker", "bvs": {"hp": 97, "atk": 165, "def": 60, "spa": 65, "spd": 50, "spe": 58}, "stats": {"hp": 321, "atk": 348, "def": 159, "spa": 168, "spd": 141, "spe": 156}}, "Heatran": {"name": "Heatran", "species": "Heatran", "speciesId": "heatran", "gender": "M", "shiny": false, "level": 79, "moves": ["magmastorm", "stealthrock", "heavyslam", "earthpower"], "ability": "Flash Fire", "evs": {"hp": 85, "atk": 85, "def": 85, "spa": 85, "spd": 85, "spe": 85}, "ivs": {"hp": 31, "atk": 31, "def": 31, "spa": 31, "spd": 31, "spe": 31}, "item": "Air Balloon", "teraType": "Flying", "role": "Bulky Support", "bvs": {"hp": 91, "atk": 90, "def": 106, "spa": 130, "spd": 106, "spe": 77}, "stats": {"hp": 273, "atk": 188, "def": 213, "spa": 251, "spd": 213, "spe": 167}}, "Bellibolt": {"name": "Bellibolt", "species": "Bellibolt", "speciesId": "bellibolt", "gender": "M", "shiny": false, "level": 84, "moves": ["slackoff", "muddywater", "thunderbolt", "voltswitch"], "ability": "Electromorphosis", "evs": {"hp": 85, "atk": 0, "def": 85, "spa": 85, "spd": 85, "spe": 85}, "ivs": {"hp": 31, "atk": 0, "def": 31, "spa": 31, "spd": 31, "spe": 31}, "item": "Leftovers", "teraType": "Water", "role": "Bulky Attacker", "bvs": {"hp": 109, "atk": 64, "def": 91, "spa": 103, "spd": 83, "spe": 45}, "stats": {"hp": 320, "atk": 112, "def": 201, "spa": 221, "spd": 188, "spe": 124}}, "Swampert": {"name": "Swampert", "species": "Swampert", "speciesId": "swampert", "gender": "M", "shiny": false, "level": 83, "moves": ["flipturn", "earthquake", "yawn", "icebeam"], "ability": "Torrent", "evs": {"hp": 85, "atk": 85, "def": 85, "spa": 85, "spd": 85, "spe": 85}, "ivs": {"hp": 31, "atk": 31, "def": 31, "spa": 31, "spd": 31, "spe": 31}, "item": "Leftovers", "teraType": "Steel", "role": "Bulky Support", "bvs": {"hp": 100, "atk": 110, "def": 90, "spa": 85, "spd": 90, "spe": 60}, "stats": {"hp": 302, "atk": 230, "def": 197, "spa": 189, "spd": 197, "spe": 147}}, "Dragonite": {"name": "Dragonite", "species": "Dragonite", "speciesId": "dragonite", "gender": "F", "shiny": false, "level": 74, "moves": ["terablast", "dragondance", "outrage", "earthquake"], "ability": "Multiscale", "evs": {"hp": 85, "atk": 85, "def": 85, "spa": 85, "spd": 85, "spe": 85}, "ivs": {"hp": 31, "atk": 31, "def": 31, "spa": 31, "spd": 31, "spe": 31}, "item": "Heavy-Duty Boots", "teraType": "Flying", "role": "Tera Blast user", "bvs": {"hp": 91, "atk": 134, "def": 95, "spa": 100, "spd": 100, "spe": 80}, "stats": {"hp": 257, "atk": 241, "def": 184, "spa": 191, "spd": 191, "spe": 161}}, "Weavile": {"name": "Weavile", "species": "Weavile", "speciesId": "weavile", "gender": "F", "shiny": false, "level": 79, "moves": ["tripleaxel", "swordsdance", "knockoff", "lowkick"], "ability": "Pickpocket", "evs": {"hp": 85, "atk": 85, "def": 85, "spa": 85, "spd": 85, "spe": 85}, "ivs": {"hp": 31, "atk": 31, "def": 31, "spa": 31, "spd": 31, "spe": 31}, "item": "Heavy-Duty Boots", "teraType": "Fighting", "role": "Fast Attacker", "bvs": {"hp": 70, "atk": 120, "def": 65, "spa": 45, "spd": 85, "spe": 125}, "stats": {"hp": 240, "atk": 235, "def": 148, "spa": 117, "spd": 180, "spe": 243}}}, {"Dragapult": {"name": "Dragapult", "species": "Dragapult", "speciesId": "dragapult", "gender": "M", "shiny": false, "level": 77, "moves": ["fireblast", "terablast", "dragondance", "dragondarts"], "ability": "Clear Body", "evs": {"hp": 85, "atk": 85, "def": 85, "spa": 85, "spd": 85, "spe": 85}, "ivs": {"hp": 31, "atk": 31, "def": 31, "spa": 31, "spd": 31, "spe": 31}, "item": "Life Orb", "teraType": "Ghost", "role": "Tera Blast user", "bvs": {"hp": 88, "atk": 120, "def": 75, "spa": 100, "spd": 75, "spe": 142}, "stats": {"hp": 262, "atk": 229, "def": 160, "spa": 199, "spd": 160, "spe": 263}}, "Iron Treads": {"name": "Iron Treads", "species": "Iron Treads", "speciesId": "irontreads", "gender": "N", "shiny": false, "level": 77, "moves": ["ironhead", "earthquake", "rapidspin", "knockoff"], "ability": "Quark Drive", "evs": {"hp": 85, "atk": 85, "def": 85, "spa": 85, "spd": 85, "spe": 85}, "ivs": {"hp": 31, "atk": 31, "def": 31, "spa": 31, "spd": 31, "spe": 31}, "item": "Assault Vest", "teraType": "Ghost", "role": "Bulky Support", "bvs": {"hp": 90, "atk": 112, "def": 120, "spa": 72, "spd": 70, "spe": 106}, "stats": {"hp": 265, "atk": 217, "def": 229, "spa": 155, "spd": 152, "spe": 208}}, "Corviknight": {"name": "Corviknight", "species": "Corviknight", "speciesId": "corviknight", "gender": "F", "shiny": false, "level": 80, "moves": ["uturn", "roost", "bravebird", "bodypress"], "ability": "Mirror Armor", "evs": {"hp": 85, "atk": 85, "def": 85, "spa": 85, "spd": 85, "spe": 85}, "ivs": {"hp": 31, "atk": 31, "def": 31, "spa": 31, "spd": 31, "spe": 31}, "item": "Leftovers", "teraType": "Dragon", "role": "Bulky Support", "bvs": {"hp": 98, "atk": 87, "def": 105, "spa": 53, "spd": 85, "spe": 67}, "stats": {"hp": 288, "atk": 185, "def": 214, "spa": 131, "spd": 182, "spe": 153}}, "Terrakion": {"name": "Terrakion", "species": "Terrakion", "speciesId": "terrakion", "gender": "N", "shiny": false, "level": 79, "moves": ["earthquake", "stoneedge", "closecombat", "swordsdance"], "ability": "Justified", "evs": {"hp": 85, "atk": 85, "def": 85, "spa": 85, "spd": 85, "spe": 85}, "ivs": {"hp": 31, "atk": 31, "def": 31, "spa": 31, "spd": 31, "spe": 31}, "item": "Life Orb", "teraType": "Ground", "role": "Setup Sweeper", "bvs": {"hp": 91, "atk": 129, "def": 90, "spa": 72, "spd": 90, "spe": 108}, "stats": {"hp": 273, "atk": 249, "def": 188, "spa": 159, "spd": 188, "spe": 216}}, "Ditto": {"name": "Ditto", "species": "Ditto", "speciesId": "ditto", "gender": "N", "shiny": false, "level": 87, "moves": ["transform"], "ability": "Imposter", "evs": {"hp": 85, "atk": 85, "def": 85, "spa": 85, "spd": 85, "spe": 85}, "ivs": {"hp": 31, "atk": 31, "def": 31, "spa": 31, "spd": 31, "spe": 31}, "item": "Choice Scarf", "teraType": "Ghost", "role": "Fast Support", "bvs": {"hp": 48, "atk": 48, "def": 48, "spa": 48, "spd": 48, "spe": 48}, "stats": {"hp": 225, "atk": 133, "def": 133, "spa": 133, "spd": 133, "spe": 133}}, "Wugtrio": {"name": "Wugtrio", "species": "Wugtrio", "speciesId": "wugtrio", "gender": "M", "shiny": false, "level": 91, "moves": ["aquajet", "liquidation", "stompingtantrum", "throatchop"], "ability": "Gooey", "evs": {"hp": 85, "atk": 85, "def": 85, "spa": 85, "spd": 85, "spe": 85}, "ivs": {"hp": 31, "atk": 31, "def": 31, "spa": 31, "spd": 31, "spe": 31}, "item": "Choice Band", "teraType": "Ground", "role": "Fast Attacker", "bvs": {"hp": 35, "atk": 100, "def": 50, "spa": 50, "spd": 70, "spe": 120}, "stats": {"hp": 212, "atk": 234, "def": 143, "spa": 143, "spd": 179, "spe": 270}}}]}