{"id": "gen9randombattle-2631858199", "format": "[Gen 9] Random Battle", "players": ["Matuidi14", "Aoyama0811"], "log": "|j|\u2606Matuidi14\n|j|\u2606Aoyama0811\n|t:|1781448918\n|gametype|singles\n|player|p1|Matuidi14|clown|2225\n|player|p2|Aoyama0811|acetrainerf|2216\n|gen|9\n|tier|[Gen 9] Random Battle\n|rated|\n|rule|Species Clause: Limit one of each Pok\u00e9mon\n|rule|HP Percentage Mod: HP is shown in percentages\n|rule|Sleep Clause Mod: Limit one foe put to sleep\n|rule|Illusion Level Mod: Illusion disguises the Pok\u00e9mon's true level\n|\n|t:|1781448918\n|teamsize|p1|6\n|teamsize|p2|6\n|start\n|switch|p1a: Floatzel|Floatzel, L86, F|286/286\n|switch|p2a: Froslass|Froslass, L87, F|263/263\n|turn|1\n|\n|t:|1781448936\n|move|p1a: Floatzel|Flip Turn|p2a: Froslass\n|-damage|p2a: Froslass|143/263\n|-start|p1a: Floatzel|Disable|Flip Turn|[from] ability: Cursed Body|[of] p2a: Froslass\n|inactive|Battle timer is ON: inactive players will automatically lose when time's up. (requested by Matuidi14)\n|\n|t:|1781448939\n|switch|p1a: Glastrier|Glastrier, L86|311/311|[from] Flip Turn\n|move|p2a: Froslass|Poltergeist|p1a: Glastrier\n|-activate|p1a: Glastrier|move: Poltergeist|Choice Band\n|-damage|p1a: Glastrier|233/311\n|\n|upkeep\n|turn|2\n|\n|t:|1781448948\n|switch|p2a: Luvdisc|Luvdisc, M|247/247\n|move|p1a: Glastrier|Heavy Slam|p2a: Luvdisc\n|-resisted|p2a: Luvdisc\n|-crit|p2a: Luvdisc\n|-damage|p2a: Luvdisc|94/247\n|\n|upkeep\n|turn|3\n|\n|t:|1781448975\n|move|p2a: Luvdisc|Substitute|p2a: Luvdisc\n|-start|p2a: Luvdisc|Substitute\n|-damage|p2a: Luvdisc|33/247\n|move|p1a: Glastrier|Heavy Slam|p2a: Luvdisc\n|-resisted|p2a: Luvdisc\n|-end|p2a: Luvdisc|Substitute\n|\n|upkeep\n|turn|4\n|\n|t:|1781448979\n|switch|p1a: Annihilape|Annihilape, L76, M|292/292\n|move|p2a: Luvdisc|Endeavor|p1a: Annihilape\n|-immune|p1a: Annihilape\n|\n|upkeep\n|turn|5\n|\n|t:|1781448985\n|switch|p2a: Smeargle|Smeargle, L95, M|258/258\n|move|p1a: Annihilape|Gunk Shot|p2a: Smeargle\n|-damage|p2a: Smeargle|134/258\n|\n|upkeep\n|turn|6\n|\n|t:|1781449003\n|move|p2a: Smeargle|Spore|p1a: Annihilape\n|-status|p1a: Annihilape|slp|[from] move: Spore\n|cant|p1a: Annihilape|slp\n|\n|upkeep\n|turn|7\n|\n|t:|1781449013\n|switch|p2a: Gengar|Gengar, L81, F|230/230\n|switch|p1a: Glastrier|Glastrier, L86|233/311\n|\n|upkeep\n|turn|8\n|\n|t:|1781449023\n|switch|p2a: Froslass|Froslass, L87, F|143/263\n|move|p1a: Glastrier|High Horsepower|p2a: Froslass\n|-damage|p2a: Froslass|0 fnt\n|-start|p1a: Glastrier|Disable|High Horsepower|[from] ability: Cursed Body|[of] p2a: Froslass\n|faint|p2a: Froslass\n|-ability|p1a: Glastrier|Chilling Neigh|boost\n|-boost|p1a: Glastrier|atk|1\n|\n|upkeep\n|\n|t:|1781449034\n|switch|p2a: Regidrago|Regidrago, L77|435/435\n|turn|9\n|\n|t:|1781449043\n|move|p2a: Regidrago|Dragon Dance|p2a: Regidrago\n|-boost|p2a: Regidrago|atk|1\n|-boost|p2a: Regidrago|spe|1\n|-activate|p1a: Glastrier|move: Struggle\n|move|p1a: Glastrier|Struggle|p2a: Regidrago\n|-damage|p2a: Regidrago|249/435\n|-damage|p1a: Glastrier|155/311|[from] recoil\n|\n|upkeep\n|turn|10\n|\n|t:|1781449061\n|-terastallize|p2a: Regidrago|Steel\n|move|p2a: Regidrago|Dragon Dance|p2a: Regidrago\n|-boost|p2a: Regidrago|atk|1\n|-boost|p2a: Regidrago|spe|1\n|-activate|p1a: Glastrier|move: Struggle\n|move|p1a: Glastrier|Struggle|p2a: Regidrago\n|-damage|p2a: Regidrago|49/435\n|-damage|p1a: Glastrier|77/311|[from] recoil\n|\n|upkeep\n|turn|11\n|\n|t:|1781449073\n|move|p2a: Regidrago|Dragon Claw|p1a: Glastrier\n|-damage|p1a: Glastrier|0 fnt\n|faint|p1a: Glastrier\n|-damage|p2a: Regidrago|6/435|[from] item: Life Orb\n|\n|upkeep\n|\n|t:|1781449076\n|switch|p1a: Squawkabilly|Squawkabilly, L85, M|278/278\n|turn|12\n|\n|t:|1781449079\n|switch|p2a: Gengar|Gengar, L81, F|230/230\n|move|p1a: Squawkabilly|Quick Attack|p2a: Gengar\n|-immune|p2a: Gengar\n|\n|-status|p1a: Squawkabilly|brn|[from] item: Flame Orb\n|upkeep\n|turn|13\n|\n|t:|1781449091\n|move|p2a: Gengar|Sludge Wave|p1a: Squawkabilly\n|-damage|p1a: Squawkabilly|62/278 brn\n|-damage|p2a: Gengar|207/230|[from] item: Life Orb\n|move|p1a: Squawkabilly|Brave Bird|p2a: Gengar\n|-damage|p2a: Gengar|0 fnt\n|-start|p1a: Squawkabilly|Disable|Brave Bird|[from] ability: Cursed Body|[of] p2a: Gengar\n|faint|p2a: Gengar\n|-damage|p1a: Squawkabilly|0 fnt|[from] Recoil\n|faint|p1a: Squawkabilly\n|\n|upkeep\n|\n|t:|1781449101\n|switch|p2a: Luvdisc|Luvdisc, M|33/247\n|switch|p1a: Floatzel|Floatzel, L86, F|286/286\n|turn|14\n|\n|t:|1781449106\n|switch|p1a: Annihilape|Annihilape, L76, M|292/292 slp\n|move|p2a: Luvdisc|Flip Turn|p1a: Annihilape\n|-damage|p1a: Annihilape|246/292 slp\n|\n|t:|1781449110\n|switch|p2a: Typhlosion|Typhlosion, L84, F|267/267|[from] Flip Turn\n|\n|-heal|p1a: Annihilape|264/292 slp|[from] item: Leftovers\n|upkeep\n|turn|15\n|\n|t:|1781449115\n|move|p2a: Typhlosion|Eruption|p1a: Annihilape\n|-damage|p1a: Annihilape|8/292 slp\n|cant|p1a: Annihilape|slp\n|\n|-heal|p1a: Annihilape|26/292 slp|[from] item: Leftovers\n|upkeep\n|turn|16\n|\n|t:|1781449120\n|move|p2a: Typhlosion|Eruption|p1a: Annihilape\n|-damage|p1a: Annihilape|0 fnt\n|faint|p1a: Annihilape\n|\n|upkeep\n|\n|t:|1781449123\n|switch|p1a: Floatzel|Floatzel, L86, F|286/286\n|turn|17\n|\n|t:|1781449126\n|switch|p2a: Regidrago|Regidrago, L77, tera:Steel|6/435\n|move|p1a: Floatzel|Flip Turn|p2a: Regidrago\n|-damage|p2a: Regidrago|0 fnt\n|faint|p2a: Regidrago\n|\n|t:|1781449130\n|switch|p1a: Iron Boulder|Iron Boulder, L77|265/265|[from] Flip Turn\n|\n|upkeep\n|\n|t:|1781449144\n|switch|p2a: Luvdisc|Luvdisc, M|33/247\n|turn|18\n|\n|t:|1781449150\n|move|p2a: Luvdisc|Flip Turn|p1a: Iron Boulder\n|-supereffective|p1a: Iron Boulder\n|-damage|p1a: Iron Boulder|161/265\n|\n|t:|1781449152\n|switch|p2a: Smeargle|Smeargle, L95, M|134/258|[from] Flip Turn\n|move|p1a: Iron Boulder|Mighty Cleave|p2a: Smeargle\n|-damage|p2a: Smeargle|0 fnt\n|faint|p2a: Smeargle\n|-damage|p1a: Iron Boulder|135/265|[from] item: Life Orb\n|\n|upkeep\n|\n|t:|1781449154\n|switch|p2a: Luvdisc|Luvdisc, M|33/247\n|turn|19\n|\n|t:|1781449158\n|move|p2a: Luvdisc|Endeavor|p1a: Iron Boulder\n|-damage|p1a: Iron Boulder|33/265\n|move|p1a: Iron Boulder|Mighty Cleave|p2a: Luvdisc\n|-damage|p2a: Luvdisc|0 fnt\n|faint|p2a: Luvdisc\n|-damage|p1a: Iron Boulder|7/265|[from] item: Life Orb\n|\n|upkeep\n|-message|Aoyama0811 forfeited.\n|\n|win|Matuidi14\n", "inputlog": ">version a8376a258c1d4662feba110a92103f3664a72141\n>start {\"formatid\":\"gen9randombattle\",\"seed\":\"sodium,687b86f87ab66b13636a6a1a33f46d03\",\"rated\":\"Rated battle\"}\n>player p1 {\"name\":\"Matuidi14\",\"avatar\":\"clown\",\"rating\":2225,\"seed\":\"sodium,370bc2f725c82502b134253db177475b\"}\n>player p2 {\"name\":\"Aoyama0811\",\"avatar\":\"acetrainerf\",\"rating\":2216,\"seed\":\"sodium,51e5a4ccdedd4ba74e371e3d5ff0ce51\"}\n>p1 move flipturn\n>p2 move poltergeist\n>p1 switch 2\n>p1 move heavyslam\n>p2 switch 6\n>p1 move heavyslam\n>p2 move substitute\n>p1 switch 6\n>p2 move endeavor\n>p1 move gunkshot\n>p2 switch 2\n>p1 move drainpunch\n>p2 move spore\n>p1 switch 6\n>p2 switch 3\n>p1 move highhorsepower\n>p2 switch 6\n>p2 switch 5\n>p1 move struggle\n>p2 move dragondance\n>p1 move struggle\n>p2 move dragondance terastallize\n>p1 move struggle\n>p2 move dragonclaw\n>p1 switch 4\n>p1 move quickattack\n>p2 switch 6\n>p1 move bravebird\n>p2 move sludgewave\n>p1 switch 2\n>p2 switch 2\n>p1 switch 6\n>p2 move flipturn\n>p2 switch 4\n>p1 move drainpunch\n>p2 move eruption\n>p1 move drainpunch\n>p2 move eruption\n>p1 switch 6\n>p1 move flipturn\n>p2 switch 6\n>p1 switch 5\n>p2 switch 4\n>p1 move mightycleave\n>p2 move flipturn\n>p2 switch 3\n>p2 switch 3\n>p1 move mightycleave\n>p2 move endeavor\n>forcelose p2", "uploadtime": 1781448920, "views": 5, "formatid": "gen9randombattle", "rating": null, "private": 0, "password": null, "player_dets": [{"name": "Matuidi14", "avatar": "clown", "rating": 2225, "seed": "sodium,370bc2f725c82502b134253db177475b"}, {"name": "Aoyama0811", "avatar": "acetrainerf", "rating": 2216, "seed": "sodium,51e5a4ccdedd4ba74e371e3d5ff0ce51"}], "teams_full": [{"Floatzel": {"name": "Floatzel", "species": "Floatzel", "speciesId": "floatzel", "gender": "F", "shiny": false, "level": 86, "moves": ["wavecrash", "flipturn", "icespinner", "crunch"], "ability": "Water Veil", "evs": {"hp": 85, "atk": 85, "def": 85, "spa": 85, "spd": 85, "spe": 85}, "ivs": {"hp": 31, "atk": 31, "def": 31, "spa": 31, "spd": 31, "spe": 31}, "item": "Choice Band", "teraType": "Water", "role": "Wallbreaker", "bvs": {"hp": 85, "atk": 105, "def": 55, "spa": 85, "spd": 50, "spe": 115}, "stats": {"hp": 286, "atk": 230, "def": 144, "spa": 195, "spd": 135, "spe": 247}}, "Glastrier": {"name": "Glastrier", "species": "Glastrier", "speciesId": "glastrier", "gender": "N", "shiny": false, "level": 86, "moves": ["iciclecrash", "heavyslam", "closecombat", "highhorsepower"], "ability": "Chilling Neigh", "evs": {"hp": 81, "atk": 85, "def": 85, "spa": 85, "spd": 85, "spe": 85}, "ivs": {"hp": 31, "atk": 31, "def": 31, "spa": 31, "spd": 31, "spe": 31}, "item": "Choice Band", "teraType": "Fighting", "role": "Bulky Attacker", "bvs": {"hp": 100, "atk": 145, "def": 130, "spa": 65, "spd": 110, "spe": 30}, "stats": {"hp": 311, "atk": 299, "def": 273, "spa": 161, "spd": 238, "spe": 101}}, "Vikavolt": {"name": "Vikavolt", "species": "Vikavolt", "speciesId": "vikavolt", "gender": "F", "shiny": false, "level": 83, "moves": ["thunderbolt", "stickyweb", "voltswitch", "bugbuzz"], "ability": "Levitate", "evs": {"hp": 85, "atk": 0, "def": 85, "spa": 85, "spd": 85, "spe": 85}, "ivs": {"hp": 31, "atk": 0, "def": 31, "spa": 31, "spd": 31, "spe": 31}, "item": "Heavy-Duty Boots", "teraType": "Electric", "role": "Bulky Support", "bvs": {"hp": 77, "atk": 70, "def": 90, "spa": 145, "spd": 75, "spe": 43}, "stats": {"hp": 263, "atk": 121, "def": 197, "spa": 288, "spd": 172, "spe": 119}}, "Squawkabilly": {"name": "Squawkabilly", "species": "Squawkabilly", "speciesId": "squawkabilly", "gender": "M", "shiny": false, "level": 85, "moves": ["facade", "bravebird", "quickattack", "uturn"], "ability": "Guts", "evs": {"hp": 85, "atk": 85, "def": 85, "spa": 85, "spd": 85, "spe": 85}, "ivs": {"hp": 31, "atk": 31, "def": 31, "spa": 31, "spd": 31, "spe": 31}, "item": "Flame Orb", "teraType": "Normal", "role": "Wallbreaker", "bvs": {"hp": 82, "atk": 96, "def": 51, "spa": 45, "spd": 51, "spe": 92}, "stats": {"hp": 278, "atk": 212, "def": 135, "spa": 125, "spd": 135, "spe": 205}}, "Iron Boulder": {"name": "Iron Boulder", "species": "Iron Boulder", "speciesId": "ironboulder", "gender": "N", "shiny": false, "level": 77, "moves": ["swordsdance", "mightycleave", "zenheadbutt", "closecombat"], "ability": "Quark Drive", "evs": {"hp": 85, "atk": 85, "def": 85, "spa": 85, "spd": 85, "spe": 85}, "ivs": {"hp": 31, "atk": 31, "def": 31, "spa": 31, "spd": 31, "spe": 31}, "item": "Life Orb", "teraType": "Fighting", "role": "Setup Sweeper", "bvs": {"hp": 90, "atk": 120, "def": 80, "spa": 68, "spd": 108, "spe": 124}, "stats": {"hp": 265, "atk": 229, "def": 168, "spa": 149, "spd": 211, "spe": 236}}, "Annihilape": {"name": "Annihilape", "species": "Annihilape", "speciesId": "annihilape", "gender": "M", "shiny": false, "level": 76, "moves": ["ragefist", "drainpunch", "bulkup", "gunkshot"], "ability": "Defiant", "evs": {"hp": 85, "atk": 85, "def": 85, "spa": 85, "spd": 85, "spe": 85}, "ivs": {"hp": 31, "atk": 31, "def": 31, "spa": 31, "spd": 31, "spe": 31}, "item": "Leftovers", "teraType": "Water", "role": "Bulky Setup", "bvs": {"hp": 110, "atk": 115, "def": 80, "spa": 50, "spd": 90, "spe": 90}, "stats": {"hp": 292, "atk": 219, "def": 166, "spa": 120, "spd": 181, "spe": 181}}}, {"Froslass": {"name": "Froslass", "species": "Froslass", "speciesId": "froslass", "gender": "F", "shiny": false, "level": 87, "moves": ["poltergeist", "taunt", "tripleaxel", "destinybond"], "ability": "Cursed Body", "evs": {"hp": 81, "atk": 85, "def": 85, "spa": 85, "spd": 85, "spe": 85}, "ivs": {"hp": 31, "atk": 31, "def": 31, "spa": 31, "spd": 31, "spe": 31}, "item": "Wide Lens", "teraType": "Ice", "role": "Fast Support", "bvs": {"hp": 70, "atk": 80, "def": 70, "spa": 80, "spd": 70, "spe": 110}, "stats": {"hp": 263, "atk": 189, "def": 172, "spa": 189, "spd": 172, "spe": 241}}, "Smeargle": {"name": "Smeargle", "species": "Smeargle", "speciesId": "smeargle", "gender": "M", "shiny": false, "level": 95, "moves": ["shellsmash", "spore", "powertrip", "populationbomb"], "ability": "Technician", "evs": {"hp": 85, "atk": 85, "def": 85, "spa": 85, "spd": 85, "spe": 85}, "ivs": {"hp": 31, "atk": 31, "def": 31, "spa": 31, "spd": 31, "spe": 31}, "item": "Wide Lens", "teraType": "Normal", "role": "Setup Sweeper", "bvs": {"hp": 55, "atk": 20, "def": 35, "spa": 20, "spd": 45, "spe": 75}, "stats": {"hp": 258, "atk": 92, "def": 120, "spa": 92, "spd": 139, "spe": 196}}, "Gengar": {"name": "Gengar", "species": "Gengar", "speciesId": "gengar", "gender": "F", "shiny": false, "level": 81, "moves": ["sludgewave", "shadowball", "nastyplot", "focusblast"], "ability": "Cursed Body", "evs": {"hp": 85, "atk": 0, "def": 85, "spa": 85, "spd": 85, "spe": 85}, "ivs": {"hp": 31, "atk": 0, "def": 31, "spa": 31, "spd": 31, "spe": 31}, "item": "Life Orb", "teraType": "Ghost", "role": "Wallbreaker", "bvs": {"hp": 60, "atk": 65, "def": 60, "spa": 130, "spd": 75, "spe": 110}, "stats": {"hp": 230, "atk": 110, "def": 144, "spa": 257, "spd": 168, "spe": 225}}, "Typhlosion": {"name": "Typhlosion", "species": "Typhlosion", "speciesId": "typhlosion", "gender": "F", "shiny": false, "level": 84, "moves": ["fireblast", "scorchingsands", "focusblast", "eruption"], "ability": "Flash Fire", "evs": {"hp": 81, "atk": 0, "def": 85, "spa": 85, "spd": 85, "spe": 85}, "ivs": {"hp": 31, "atk": 0, "def": 31, "spa": 31, "spd": 31, "spe": 31}, "item": "Choice Specs", "teraType": "Fire", "role": "Fast Attacker", "bvs": {"hp": 78, "atk": 84, "def": 78, "spa": 109, "spd": 85, "spe": 100}, "stats": {"hp": 267, "atk": 146, "def": 179, "spa": 231, "spd": 191, "spe": 216}}, "Regidrago": {"name": "Regidrago", "species": "Regidrago", "speciesId": "regidrago", "gender": "N", "shiny": false, "level": 77, "moves": ["dragonclaw", "earthquake", "dragondance", "terablast"], "ability": "Dragon's Maw", "evs": {"hp": 85, "atk": 85, "def": 85, "spa": 85, "spd": 85, "spe": 85}, "ivs": {"hp": 31, "atk": 31, "def": 31, "spa": 31, "spd": 31, "spe": 31}, "item": "Life Orb", "teraType": "Steel", "role": "Tera Blast user", "bvs": {"hp": 200, "atk": 100, "def": 50, "spa": 100, "spd": 50, "spe": 80}, "stats": {"hp": 435, "atk": 199, "def": 122, "spa": 199, "spd": 122, "spe": 168}}, "Luvdisc": {"name": "Luvdisc", "species": "Luvdisc", "speciesId": "luvdisc", "gender": "M", "shiny": false, "level": 100, "moves": ["substitute", "surf", "flipturn", "endeavor"], "ability": "Swift Swim", "evs": {"hp": 81, "atk": 85, "def": 85, "spa": 85, "spd": 85, "spe": 85}, "ivs": {"hp": 31, "atk": 31, "def": 31, "spa": 31, "spd": 31, "spe": 31}, "item": "Heavy-Duty Boots", "teraType": "Ghost", "role": "Fast Support", "bvs": {"hp": 43, "atk": 30, "def": 55, "spa": 40, "spd": 65, "spe": 97}, "stats": {"hp": 247, "atk": 117, "def": 167, "spa": 137, "spd": 187, "spe": 251}}}]}