{"id": "gen9randombattle-2631460374", "format": "[Gen 9] Random Battle", "players": ["Yakobo", "abrahamwer"], "log": "|j|\u2606Yakobo\n|j|\u2606abrahamwer\n|t:|1781387419\n|gametype|singles\n|player|p1|Yakobo|blackbelt-gen4|1164\n|player|p2|abrahamwer|pokemaniac|1135\n|gen|9\n|tier|[Gen 9] Random Battle\n|rated|\n|rule|Species Clause: Limit one of each Pok\u00e9mon\n|rule|HP Percentage Mod: HP is shown in percentages\n|rule|Sleep Clause Mod: Limit one foe put to sleep\n|rule|Illusion Level Mod: Illusion disguises the Pok\u00e9mon's true level\n|\n|t:|1781387419\n|teamsize|p1|6\n|teamsize|p2|6\n|start\n|switch|p1a: Masquerain|Masquerain, L87, M|264/264\n|switch|p2a: Rillaboom|Rillaboom, L79, M|288/288\n|-ability|p1a: Masquerain|Intimidate|boost\n|-unboost|p2a: Rillaboom|atk|1\n|-fieldstart|move: Grassy Terrain|[from] ability: Grassy Surge|[of] p2a: Rillaboom\n|turn|1\n|\n|t:|1781387443\n|switch|p2a: Volcanion|Volcanion, L79|255/255\n|move|p1a: Masquerain|Hurricane|p2a: Volcanion|[miss]\n|-miss|p1a: Masquerain|p2a: Volcanion\n|\n|upkeep\n|turn|2\n|\n|t:|1781387453\n|move|p1a: Masquerain|Sticky Web|p2a: Volcanion\n|-sidestart|p2: abrahamwer|move: Sticky Web\n|move|p2a: Volcanion|Flame Charge|p1a: Masquerain\n|-supereffective|p1a: Masquerain\n|-crit|p1a: Masquerain\n|-damage|p1a: Masquerain|60/264\n|-boost|p2a: Volcanion|spe|1\n|\n|upkeep\n|turn|3\n|\n|t:|1781387466\n|move|p2a: Volcanion|Flame Charge|p1a: Masquerain\n|-supereffective|p1a: Masquerain\n|-damage|p1a: Masquerain|0 fnt\n|-boost|p2a: Volcanion|spe|1\n|faint|p1a: Masquerain\n|\n|upkeep\n|\n|t:|1781387479\n|switch|p1a: Ampharos|Ampharos, L88, M|302/302\n|turn|4\n|\n|t:|1781387491\n|move|p2a: Volcanion|Earth Power|p1a: Ampharos\n|-supereffective|p1a: Ampharos\n|-damage|p1a: Ampharos|218/302\n|move|p1a: Ampharos|Discharge|p2a: Volcanion\n|-supereffective|p2a: Volcanion\n|-damage|p2a: Volcanion|109/255\n|\n|-heal|p2a: Volcanion|124/255|[from] Grassy Terrain\n|-heal|p1a: Ampharos|236/302|[from] Grassy Terrain\n|upkeep\n|turn|5\n|\n|t:|1781387526\n|switch|p2a: Appletun|Appletun, L92, M|352/352\n|-activate|p2a: Appletun|move: Sticky Web\n|-unboost|p2a: Appletun|spe|1\n|move|p1a: Ampharos|Volt Switch|p2a: Appletun\n|-resisted|p2a: Appletun\n|-damage|p2a: Appletun|331/352\n|\n|t:|1781387545\n|switch|p1a: Medicham|Medicham, L86, M|243/243|[from] Volt Switch\n|\n|-heal|p2a: Appletun|352/352|[from] Grassy Terrain\n|-fieldend|move: Grassy Terrain\n|upkeep\n|turn|6\n|\n|t:|1781387557\n|move|p1a: Medicham|Poison Jab|p2a: Appletun\n|-supereffective|p2a: Appletun\n|-damage|p2a: Appletun|186/352\n|move|p2a: Appletun|Leech Seed|p1a: Medicham\n|-start|p1a: Medicham|move: Leech Seed\n|\n|-heal|p2a: Appletun|208/352|[from] item: Leftovers\n|-damage|p1a: Medicham|213/243|[from] Leech Seed|[of] p2a: Appletun\n|-heal|p2a: Appletun|238/352|[silent]\n|upkeep\n|turn|7\n|\n|t:|1781387566\n|move|p1a: Medicham|Poison Jab|p2a: Appletun\n|-supereffective|p2a: Appletun\n|-damage|p2a: Appletun|70/352\n|move|p2a: Appletun|Draco Meteor|p1a: Medicham|[miss]\n|-miss|p2a: Appletun|p1a: Medicham\n|\n|-heal|p2a: Appletun|92/352|[from] item: Leftovers\n|-damage|p1a: Medicham|183/243|[from] Leech Seed|[of] p2a: Appletun\n|-heal|p2a: Appletun|122/352|[silent]\n|upkeep\n|turn|8\n|\n|t:|1781387585\n|-terastallize|p2a: Appletun|Steel\n|move|p1a: Medicham|Poison Jab|p2a: Appletun\n|-immune|p2a: Appletun\n|move|p2a: Appletun|Draco Meteor|p1a: Medicham\n|-damage|p1a: Medicham|0 fnt\n|-unboost|p2a: Appletun|spa|2\n|faint|p1a: Medicham\n|\n|-heal|p2a: Appletun|144/352|[from] item: Leftovers\n|upkeep\n|\n|t:|1781387620\n|switch|p1a: Weavile|Weavile, L79, M|239/239\n|turn|9\n|\n|t:|1781387632\n|switch|p2a: Salazzle|Salazzle, L83, F|249/249\n|move|p1a: Weavile|Triple Axel|p2a: Salazzle\n|-resisted|p2a: Salazzle\n|-damage|p2a: Salazzle|228/249\n|-hitcount|p2a: Salazzle|1\n|\n|upkeep\n|turn|10\n|\n|t:|1781387646\n|switch|p1a: Chansey|Chansey, L85, F|564/564\n|move|p2a: Salazzle|Nasty Plot|p2a: Salazzle\n|-boost|p2a: Salazzle|spa|2\n|\n|upkeep\n|turn|11\n|\n|t:|1781387658\n|-terastallize|p1a: Chansey|Ghost\n|move|p2a: Salazzle|Sludge Wave|p1a: Chansey\n|-resisted|p1a: Chansey\n|-damage|p1a: Chansey|500/564\n|move|p1a: Chansey|Thunder Wave|p2a: Salazzle\n|-status|p2a: Salazzle|par\n|\n|upkeep\n|turn|12\n|\n|t:|1781387672\n|move|p1a: Chansey|Seismic Toss|p2a: Salazzle\n|-damage|p2a: Salazzle|143/249 par\n|move|p2a: Salazzle|Fire Blast|p1a: Chansey\n|-damage|p1a: Chansey|365/564\n|\n|upkeep\n|turn|13\n|\n|t:|1781387705\n|switch|p2a: Cyclizar|Cyclizar, L83, M|252/252\n|move|p1a: Chansey|Seismic Toss|p2a: Cyclizar\n|-damage|p2a: Cyclizar|167/252\n|\n|upkeep\n|turn|14\n|\n|t:|1781387731\n|move|p2a: Cyclizar|Rapid Spin|p1a: Chansey\n|-immune|p1a: Chansey\n|move|p1a: Chansey|Seismic Toss|p2a: Cyclizar\n|-damage|p2a: Cyclizar|82/252\n|\n|upkeep\n|turn|15\n|c|\u2606abrahamwer|Bruh\n|\n|t:|1781387743\n|move|p2a: Cyclizar|Knock Off|p1a: Chansey\n|-supereffective|p1a: Chansey\n|-damage|p1a: Chansey|75/564\n|-enditem|p1a: Chansey|Eviolite|[from] move: Knock Off|[of] p2a: Cyclizar\n|move|p1a: Chansey|Seismic Toss|p2a: Cyclizar\n|-damage|p2a: Cyclizar|0 fnt\n|faint|p2a: Cyclizar\n|\n|upkeep\n|\n|t:|1781387762\n|switch|p2a: Salazzle|Salazzle, L83, F|143/249 par\n|turn|16\n|\n|t:|1781387774\n|move|p1a: Chansey|Soft-Boiled|p1a: Chansey\n|-heal|p1a: Chansey|357/564\n|move|p2a: Salazzle|Fire Blast|p1a: Chansey\n|-damage|p1a: Chansey|255/564\n|\n|upkeep\n|turn|17\n|\n|t:|1781387787\n|switch|p2a: Mismagius|Mismagius, L86, M|243/243\n|move|p1a: Chansey|Soft-Boiled|p1a: Chansey\n|-heal|p1a: Chansey|537/564\n|\n|upkeep\n|turn|18\n|\n|t:|1781387804\n|switch|p1a: Ampharos|Ampharos, L88, M|236/302\n|move|p2a: Mismagius|Nasty Plot|p2a: Mismagius\n|-boost|p2a: Mismagius|spa|2\n|\n|upkeep\n|turn|19\n|\n|t:|1781387816\n|move|p2a: Mismagius|Shadow Ball|p1a: Ampharos\n|-damage|p1a: Ampharos|71/302\n|-damage|p2a: Mismagius|219/243|[from] item: Life Orb\n|move|p1a: Ampharos|Discharge|p2a: Mismagius\n|-crit|p2a: Mismagius\n|-damage|p2a: Mismagius|90/243\n|\n|upkeep\n|turn|20\n|\n|t:|1781387826\n|move|p2a: Mismagius|Shadow Ball|p1a: Ampharos\n|-damage|p1a: Ampharos|0 fnt\n|faint|p1a: Ampharos\n|-damage|p2a: Mismagius|66/243|[from] item: Life Orb\n|\n|upkeep\n|\n|t:|1781387838\n|switch|p1a: Weavile|Weavile, L79, M|239/239\n|turn|21\n|\n|t:|1781387847\n|switch|p2a: Volcanion|Volcanion, L79|124/255\n|-activate|p2a: Volcanion|move: Sticky Web\n|-unboost|p2a: Volcanion|spe|1\n|move|p1a: Weavile|Knock Off|p2a: Volcanion\n|-damage|p2a: Volcanion|0 fnt\n|-enditem|p2a: Volcanion|Assault Vest|[from] move: Knock Off|[of] p1a: Weavile\n|faint|p2a: Volcanion\n|\n|upkeep\n|\n|t:|1781387856\n|switch|p2a: Appletun|Appletun, L92, M, tera:Steel|144/352\n|-activate|p2a: Appletun|move: Sticky Web\n|-unboost|p2a: Appletun|spe|1\n|turn|22\n|\n|t:|1781387864\n|switch|p1a: Chansey|Chansey, L85, F, tera:Ghost|537/564\n|move|p2a: Appletun|Recover|p2a: Appletun\n|-heal|p2a: Appletun|320/352\n|\n|-heal|p2a: Appletun|342/352|[from] item: Leftovers\n|upkeep\n|turn|23\n|\n|t:|1781387873\n|move|p1a: Chansey|Seismic Toss|p2a: Appletun\n|-damage|p2a: Appletun|257/352\n|move|p2a: Appletun|Leech Seed|p1a: Chansey\n|-start|p1a: Chansey|move: Leech Seed\n|\n|-heal|p2a: Appletun|279/352|[from] item: Leftovers\n|-damage|p1a: Chansey|467/564|[from] Leech Seed|[of] p2a: Appletun\n|-heal|p2a: Appletun|349/352|[silent]\n|upkeep\n|turn|24\n|\n|t:|1781387886\n|move|p1a: Chansey|Seismic Toss|p2a: Appletun\n|-damage|p2a: Appletun|264/352\n|move|p2a: Appletun|Apple Acid|p1a: Chansey\n|-damage|p1a: Chansey|379/564\n|-unboost|p1a: Chansey|spd|1\n|\n|-heal|p2a: Appletun|286/352|[from] item: Leftovers\n|-damage|p1a: Chansey|309/564|[from] Leech Seed|[of] p2a: Appletun\n|-heal|p2a: Appletun|352/352|[silent]\n|upkeep\n|turn|25\n|\n|t:|1781387910\n|switch|p1a: Trevenant|Trevenant, L89, F|296/296\n|move|p2a: Appletun|Leech Seed|p1a: Trevenant\n|-immune|p1a: Trevenant\n|\n|upkeep\n|turn|26\n|c|\u2606abrahamwer|Lucky\n|\n|t:|1781387929\n|move|p1a: Trevenant|Drain Punch|p2a: Appletun\n|-supereffective|p2a: Appletun\n|-damage|p2a: Appletun|170/352\n|-damage|p1a: Trevenant|267/296|[from] item: Life Orb\n|move|p2a: Appletun|Draco Meteor|p1a: Trevenant|[miss]\n|-miss|p2a: Appletun|p1a: Trevenant\n|\n|-heal|p2a: Appletun|192/352|[from] item: Leftovers\n|upkeep\n|turn|27\n|\n|t:|1781387939\n|move|p1a: Trevenant|Drain Punch|p2a: Appletun\n|-supereffective|p2a: Appletun\n|-damage|p2a: Appletun|36/352\n|-heal|p1a: Trevenant|296/296|[from] drain|[of] p2a: Appletun\n|-damage|p1a: Trevenant|267/296|[from] item: Life Orb\n|move|p2a: Appletun|Draco Meteor|p1a: Trevenant\n|-damage|p1a: Trevenant|93/296\n|-unboost|p2a: Appletun|spa|2\n|\n|-heal|p2a: Appletun|58/352|[from] item: Leftovers\n|upkeep\n|turn|28\n|\n|t:|1781387951\n|switch|p2a: Mismagius|Mismagius, L86, M|66/243\n|move|p1a: Trevenant|Drain Punch|p2a: Mismagius\n|-immune|p2a: Mismagius\n|\n|upkeep\n|turn|29\n|\n|t:|1781387962\n|switch|p1a: Chansey|Chansey, L85, F, tera:Ghost|309/564\n|move|p2a: Mismagius|Dazzling Gleam|p1a: Chansey\n|-damage|p1a: Chansey|241/564\n|-damage|p2a: Mismagius|42/243|[from] item: Life Orb\n|\n|upkeep\n|turn|30\n|\n|t:|1781387973\n|move|p2a: Mismagius|Shadow Ball|p1a: Chansey\n|-supereffective|p1a: Chansey\n|-damage|p1a: Chansey|38/564\n|-damage|p2a: Mismagius|18/243|[from] item: Life Orb\n|move|p1a: Chansey|Soft-Boiled|p1a: Chansey\n|-heal|p1a: Chansey|320/564\n|\n|upkeep\n|turn|31\n|\n|t:|1781387995\n|move|p2a: Mismagius|Shadow Ball|p1a: Chansey\n|-supereffective|p1a: Chansey\n|-damage|p1a: Chansey|99/564\n|-damage|p2a: Mismagius|0 fnt|[from] item: Life Orb\n|faint|p2a: Mismagius\n|move|p1a: Chansey|Soft-Boiled|p1a: Chansey\n|-heal|p1a: Chansey|381/564\n|\n|upkeep\n|\n|t:|1781388002\n|switch|p2a: Rillaboom|Rillaboom, L79, M|288/288\n|-activate|p2a: Rillaboom|move: Sticky Web\n|-unboost|p2a: Rillaboom|spe|1\n|-fieldstart|move: Grassy Terrain|[from] ability: Grassy Surge|[of] p2a: Rillaboom\n|turn|32\n|\n|t:|1781388012\n|move|p1a: Chansey|Thunder Wave|p2a: Rillaboom\n|-status|p2a: Rillaboom|par\n|move|p2a: Rillaboom|Swords Dance|p2a: Rillaboom\n|-boost|p2a: Rillaboom|atk|2\n|\n|-heal|p1a: Chansey|416/564|[from] Grassy Terrain\n|upkeep\n|turn|33\n|\n|t:|1781388020\n|move|p1a: Chansey|Seismic Toss|p2a: Rillaboom\n|-damage|p2a: Rillaboom|203/288 par\n|move|p2a: Rillaboom|Wood Hammer|p1a: Chansey\n|-damage|p1a: Chansey|0 fnt\n|faint|p1a: Chansey\n|-damage|p2a: Rillaboom|66/288 par|[from] Recoil\n|-damage|p2a: Rillaboom|38/288 par|[from] item: Life Orb\n|\n|-heal|p2a: Rillaboom|56/288 par|[from] Grassy Terrain\n|upkeep\n|\n|t:|1781388031\n|switch|p1a: Weavile|Weavile, L79, M|239/239\n|turn|34\n|\n|t:|1781388040\n|move|p1a: Weavile|Ice Shard|p2a: Rillaboom\n|-supereffective|p2a: Rillaboom\n|-damage|p2a: Rillaboom|0 fnt\n|faint|p2a: Rillaboom\n|\n|upkeep\n|\n|t:|1781388052\n|switch|p2a: Salazzle|Salazzle, L83, F|143/249 par\n|turn|35\n|\n|t:|1781388065\n|switch|p1a: Trevenant|Trevenant, L89, F|93/296\n|cant|p2a: Salazzle|par\n|\n|-heal|p1a: Trevenant|111/296|[from] Grassy Terrain\n|-heal|p2a: Salazzle|158/249 par|[from] Grassy Terrain\n|upkeep\n|turn|36\n|\n|t:|1781388095\n|move|p1a: Trevenant|Poltergeist|p2a: Salazzle\n|-activate|p2a: Salazzle|move: Poltergeist|Heavy-Duty Boots\n|-damage|p2a: Salazzle|0 fnt\n|faint|p2a: Salazzle\n|-damage|p1a: Trevenant|82/296|[from] item: Life Orb\n|\n|-heal|p1a: Trevenant|100/296|[from] Grassy Terrain\n|-fieldend|move: Grassy Terrain\n|upkeep\n|\n|t:|1781388099\n|switch|p2a: Appletun|Appletun, L92, M, tera:Steel|58/352\n|-activate|p2a: Appletun|move: Sticky Web\n|-unboost|p2a: Appletun|spe|1\n|turn|37\n|\n|t:|1781388107\n|move|p1a: Trevenant|Drain Punch|p2a: Appletun\n|-supereffective|p2a: Appletun\n|-damage|p2a: Appletun|0 fnt\n|-heal|p1a: Trevenant|129/296|[from] drain|[of] p2a: Appletun\n|faint|p2a: Appletun\n|-damage|p1a: Trevenant|100/296|[from] item: Life Orb\n|\n|win|Yakobo\n|raw|Yakobo's rating: 1164 &rarr; <strong>1187</strong><br />(+23 for winning)\n|raw|abrahamwer's rating: 1135 &rarr; <strong>1112</strong><br />(-23 for losing)\n", "inputlog": ">version a8376a258c1d4662feba110a92103f3664a72141\n>start {\"formatid\":\"gen9randombattle\",\"seed\":\"sodium,d33ca771a7a64112c945f49cf9ccd83a\",\"rated\":\"Rated battle\"}\n>player p1 {\"name\":\"Yakobo\",\"avatar\":\"blackbelt-gen4\",\"rating\":1164,\"seed\":\"sodium,95cc1ce42fa8de10808d4ddbd13de515\"}\n>player p2 {\"name\":\"abrahamwer\",\"avatar\":\"pokemaniac\",\"rating\":1135,\"seed\":\"sodium,9725a55179b7961ea5cdbfcce489b249\"}\n>p1 move hurricane\n>p2 switch 3\n>p1 move stickyweb\n>p2 move flamecharge\n>p1 move stunspore\n>p2 move flamecharge\n>p1 switch 6\n>p1 move discharge\n>p2 move earthpower\n>p1 move voltswitch\n>p2 switch 2\n>p1 switch 5\n>p1 move poisonjab\n>p2 move leechseed\n>p1 move poisonjab\n>p2 move dracometeor\n>p1 move poisonjab\n>p2 move dracometeor terastallize\n>p1 switch 4\n>p1 move tripleaxel\n>p2 switch 5\n>p1 switch 2\n>p2 move nastyplot\n>p1 move thunderwave terastallize\n>p2 move sludgewave\n>p1 move seismictoss\n>p2 move fireblast\n>p1 move seismictoss\n>p2 switch 4\n>p1 move seismictoss\n>p2 move rapidspin\n>chat \u2606abrahamwer|Bruh\n>p1 move seismictoss\n>p2 move knockoff\n>p2 switch 4\n>p1 move softboiled\n>p2 move fireblast\n>p1 move softboiled\n>p2 switch 6\n>p1 switch 5\n>p2 move nastyplot\n>p1 move discharge\n>p2 move shadowball\n>p1 move discharge\n>p2 move shadowball\n>p1 switch 2\n>p1 move knockoff\n>p2 switch 2\n>p2 switch 5\n>p1 switch 5\n>p2 move recover\n>p1 move seismictoss\n>p2 move leechseed\n>p1 move seismictoss\n>p2 move appleacid\n>p1 switch 3\n>p2 move leechseed\n>chat \u2606abrahamwer|Lucky\n>p1 move drainpunch\n>p2 move dracometeor\n>p1 move drainpunch\n>p2 move dracometeor\n>p1 move drainpunch\n>p2 switch 2\n>p1 switch 3\n>p2 move dazzlinggleam\n>p1 move softboiled\n>p2 move shadowball\n>p1 move softboiled\n>p2 move shadowball\n>p2 switch 3\n>p1 move thunderwave\n>p2 move swordsdance\n>p1 move seismictoss\n>p2 move woodhammer\n>p1 switch 5\n>p1 move iceshard\n>p2 move grassyglide\n>p2 switch 6\n>p1 switch 3\n>p2 move fireblast\n>p1 move poltergeist\n>p2 move fireblast\n>p2 switch 2\n>p1 move drainpunch\n>p2 move recover", "uploadtime": 1781388116, "views": 11, "formatid": "gen9randombattle", "rating": 1112, "private": 0, "password": null, "player_dets": [{"name": "Yakobo", "avatar": "blackbelt-gen4", "rating": 1164, "seed": "sodium,95cc1ce42fa8de10808d4ddbd13de515"}, {"name": "abrahamwer", "avatar": "pokemaniac", "rating": 1135, "seed": "sodium,9725a55179b7961ea5cdbfcce489b249"}], "teams_full": [{"Masquerain": {"name": "Masquerain", "species": "Masquerain", "speciesId": "masquerain", "gender": "M", "shiny": false, "level": 87, "moves": ["hydropump", "hurricane", "stickyweb", "stunspore"], "ability": "Intimidate", "evs": {"hp": 85, "atk": 0, "def": 85, "spa": 85, "spd": 85, "spe": 85}, "ivs": {"hp": 31, "atk": 0, "def": 31, "spa": 31, "spd": 31, "spe": 31}, "item": "Heavy-Duty Boots", "teraType": "Ground", "role": "Fast Support", "bvs": {"hp": 70, "atk": 60, "def": 62, "spa": 100, "spd": 82, "spe": 80}, "stats": {"hp": 264, "atk": 109, "def": 158, "spa": 224, "spd": 192, "spe": 189}}, "Chansey": {"name": "Chansey", "species": "Chansey", "speciesId": "chansey", "gender": "F", "shiny": false, "level": 85, "moves": ["seismictoss", "thunderwave", "softboiled", "healbell"], "ability": "Natural Cure", "evs": {"hp": 85, "atk": 0, "def": 85, "spa": 85, "spd": 85, "spe": 85}, "ivs": {"hp": 31, "atk": 0, "def": 31, "spa": 31, "spd": 31, "spe": 31}, "item": "Eviolite", "teraType": "Ghost", "role": "Bulky Support", "bvs": {"hp": 250, "atk": 5, "def": 5, "spa": 35, "spd": 105, "spe": 50}, "stats": {"hp": 564, "atk": 13, "def": 57, "spa": 108, "spd": 227, "spe": 134}}, "Trevenant": {"name": "Trevenant", "species": "Trevenant", "speciesId": "trevenant", "gender": "F", "shiny": false, "level": 89, "moves": ["drainpunch", "rest", "hornleech", "poltergeist"], "ability": "Natural Cure", "evs": {"hp": 85, "atk": 85, "def": 85, "spa": 85, "spd": 85, "spe": 85}, "ivs": {"hp": 31, "atk": 31, "def": 31, "spa": 31, "spd": 31, "spe": 31}, "item": "Life Orb", "teraType": "Fighting", "role": "Wallbreaker", "bvs": {"hp": 85, "atk": 110, "def": 76, "spa": 65, "spd": 82, "spe": 56}, "stats": {"hp": 296, "atk": 247, "def": 186, "spa": 166, "spd": 197, "spe": 150}}, "Weavile": {"name": "Weavile", "species": "Weavile", "speciesId": "weavile", "gender": "M", "shiny": false, "level": 79, "moves": ["knockoff", "iceshard", "lowkick", "tripleaxel"], "ability": "Pickpocket", "evs": {"hp": 81, "atk": 85, "def": 85, "spa": 85, "spd": 85, "spe": 85}, "ivs": {"hp": 31, "atk": 31, "def": 31, "spa": 31, "spd": 31, "spe": 31}, "item": "Choice Band", "teraType": "Ice", "role": "Fast Attacker", "bvs": {"hp": 70, "atk": 120, "def": 65, "spa": 45, "spd": 85, "spe": 125}, "stats": {"hp": 239, "atk": 235, "def": 148, "spa": 117, "spd": 180, "spe": 243}}, "Medicham": {"name": "Medicham", "species": "Medicham", "speciesId": "medicham", "gender": "M", "shiny": false, "level": 86, "moves": ["poisonjab", "closecombat", "trick", "zenheadbutt"], "ability": "Pure Power", "evs": {"hp": 85, "atk": 85, "def": 85, "spa": 85, "spd": 85, "spe": 85}, "ivs": {"hp": 31, "atk": 31, "def": 31, "spa": 31, "spd": 31, "spe": 31}, "item": "Choice Scarf", "teraType": "Fighting", "role": "Fast Attacker", "bvs": {"hp": 60, "atk": 60, "def": 75, "spa": 60, "spd": 75, "spe": 80}, "stats": {"hp": 243, "atk": 152, "def": 178, "spa": 152, "spd": 178, "spe": 187}}, "Ampharos": {"name": "Ampharos", "species": "Ampharos", "speciesId": "ampharos", "gender": "M", "shiny": false, "level": 88, "moves": ["dazzlinggleam", "voltswitch", "focusblast", "discharge"], "ability": "Static", "evs": {"hp": 85, "atk": 0, "def": 85, "spa": 85, "spd": 85, "spe": 85}, "ivs": {"hp": 31, "atk": 0, "def": 31, "spa": 31, "spd": 31, "spe": 31}, "item": "Assault Vest", "teraType": "Fairy", "role": "AV Pivot", "bvs": {"hp": 90, "atk": 75, "def": 85, "spa": 115, "spd": 90, "spe": 55}, "stats": {"hp": 302, "atk": 137, "def": 200, "spa": 253, "spd": 209, "spe": 147}}}, {"Rillaboom": {"name": "Rillaboom", "species": "Rillaboom", "speciesId": "rillaboom", "gender": "M", "shiny": false, "level": 79, "moves": ["swordsdance", "grassyglide", "highhorsepower", "woodhammer"], "ability": "Grassy Surge", "evs": {"hp": 85, "atk": 85, "def": 85, "spa": 85, "spd": 85, "spe": 85}, "ivs": {"hp": 31, "atk": 31, "def": 31, "spa": 31, "spd": 31, "spe": 31}, "item": "Life Orb", "teraType": "Grass", "role": "Fast Attacker", "bvs": {"hp": 100, "atk": 125, "def": 90, "spa": 60, "spd": 70, "spe": 85}, "stats": {"hp": 288, "atk": 243, "def": 188, "spa": 140, "spd": 156, "spe": 180}}, "Appletun": {"name": "Appletun", "species": "Appletun", "speciesId": "appletun", "gender": "M", "shiny": false, "level": 92, "moves": ["appleacid", "recover", "dracometeor", "leechseed"], "ability": "Thick Fat", "evs": {"hp": 85, "atk": 0, "def": 85, "spa": 85, "spd": 85, "spe": 85}, "ivs": {"hp": 31, "atk": 0, "def": 31, "spa": 31, "spd": 31, "spe": 31}, "item": "Leftovers", "teraType": "Steel", "role": "Bulky Attacker", "bvs": {"hp": 110, "atk": 85, "def": 80, "spa": 100, "spd": 80, "spe": 30}, "stats": {"hp": 352, "atk": 161, "def": 200, "spa": 236, "spd": 200, "spe": 108}}, "Volcanion": {"name": "Volcanion", "species": "Volcanion", "speciesId": "volcanion", "gender": "N", "shiny": false, "level": 79, "moves": ["flamethrower", "earthpower", "flamecharge", "steameruption"], "ability": "Water Absorb", "evs": {"hp": 81, "atk": 85, "def": 85, "spa": 85, "spd": 85, "spe": 85}, "ivs": {"hp": 31, "atk": 31, "def": 31, "spa": 31, "spd": 31, "spe": 31}, "item": "Assault Vest", "teraType": "Water", "role": "Bulky Attacker", "bvs": {"hp": 80, "atk": 110, "def": 120, "spa": 130, "spd": 90, "spe": 70}, "stats": {"hp": 255, "atk": 219, "def": 235, "spa": 251, "spd": 188, "spe": 156}}, "Cyclizar": {"name": "Cyclizar", "species": "Cyclizar", "speciesId": "cyclizar", "gender": "M", "shiny": false, "level": 83, "moves": ["dracometeor", "rapidspin", "knockoff", "shedtail"], "ability": "Regenerator", "evs": {"hp": 85, "atk": 85, "def": 85, "spa": 85, "spd": 85, "spe": 85}, "ivs": {"hp": 31, "atk": 31, "def": 31, "spa": 31, "spd": 31, "spe": 31}, "item": "Heavy-Duty Boots", "teraType": "Ghost", "role": "Fast Support", "bvs": {"hp": 70, "atk": 95, "def": 65, "spa": 85, "spd": 65, "spe": 121}, "stats": {"hp": 252, "atk": 205, "def": 156, "spa": 189, "spd": 156, "spe": 249}}, "Salazzle": {"name": "Salazzle", "species": "Salazzle", "speciesId": "salazzle", "gender": "F", "shiny": false, "level": 83, "moves": ["fireblast", "sludgewave", "terablast", "nastyplot"], "ability": "Corrosion", "evs": {"hp": 85, "atk": 0, "def": 85, "spa": 85, "spd": 85, "spe": 85}, "ivs": {"hp": 31, "atk": 0, "def": 31, "spa": 31, "spd": 31, "spe": 31}, "item": "Heavy-Duty Boots", "teraType": "Grass", "role": "Tera Blast user", "bvs": {"hp": 68, "atk": 64, "def": 60, "spa": 111, "spd": 60, "spe": 117}, "stats": {"hp": 249, "atk": 111, "def": 147, "spa": 232, "spd": 147, "spe": 242}}, "Mismagius": {"name": "Mismagius", "species": "Mismagius", "speciesId": "mismagius", "gender": "M", "shiny": false, "level": 86, "moves": ["nastyplot", "dazzlinggleam", "shadowball", "mysticalfire"], "ability": "Levitate", "evs": {"hp": 85, "atk": 0, "def": 85, "spa": 85, "spd": 85, "spe": 85}, "ivs": {"hp": 31, "atk": 0, "def": 31, "spa": 31, "spd": 31, "spe": 31}, "item": "Life Orb", "teraType": "Fairy", "role": "Setup Sweeper", "bvs": {"hp": 60, "atk": 60, "def": 60, "spa": 105, "spd": 105, "spe": 105}, "stats": {"hp": 243, "atk": 108, "def": 152, "spa": 230, "spd": 230, "spe": 230}}}]}