{"id": "gen9randombattle-2631782919", "format": "[Gen 9] Random Battle", "players": ["CSWing", "GamesWrath"], "log": "|j|\u2606CSWing\n|j|\u2606GamesWrath\n|t:|1781438945\n|gametype|singles\n|player|p1|CSWing|lance|1471\n|player|p2|GamesWrath|blue|1461\n|gen|9\n|tier|[Gen 9] Random Battle\n|rated|\n|rule|Species Clause: Limit one of each Pok\u00e9mon\n|rule|HP Percentage Mod: HP is shown in percentages\n|rule|Sleep Clause Mod: Limit one foe put to sleep\n|rule|Illusion Level Mod: Illusion disguises the Pok\u00e9mon's true level\n|\n|t:|1781438945\n|teamsize|p1|6\n|teamsize|p2|6\n|start\n|switch|p1a: Slaking|Slaking, L84, M|389/389\n|switch|p2a: Scizor|Scizor, L79, M|240/240\n|turn|1\n|inactive|Battle timer is ON: inactive players will automatically lose when time's up. (requested by CSWing)\n|\n|t:|1781438977\n|switch|p1a: Ho-Oh|Ho-Oh, L71|268/268\n|move|p2a: Scizor|Close Combat|p1a: Ho-Oh\n|-resisted|p1a: Ho-Oh\n|-damage|p1a: Ho-Oh|190/268\n|-unboost|p2a: Scizor|def|1\n|-unboost|p2a: Scizor|spd|1\n|\n|upkeep\n|turn|2\n|\n|t:|1781438993\n|switch|p2a: Overqwil|Overqwil, L82, F|274/274\n|-ability|p2a: Overqwil|Intimidate|boost\n|-unboost|p1a: Ho-Oh|atk|1\n|move|p1a: Ho-Oh|Sacred Fire|p2a: Overqwil\n|-crit|p2a: Overqwil\n|-damage|p2a: Overqwil|135/274\n|-status|p2a: Overqwil|brn\n|\n|-damage|p2a: Overqwil|118/274 brn|[from] brn\n|upkeep\n|turn|3\n|\n|t:|1781439016\n|switch|p1a: Magnezone|Magnezone, L85|258/258\n|move|p2a: Overqwil|Gunk Shot|p1a: Magnezone\n|-immune|p1a: Magnezone\n|\n|-damage|p2a: Overqwil|101/274 brn|[from] brn\n|upkeep\n|turn|4\n|inactive|CSWing has 120 seconds left.\n|inactive|GamesWrath has 120 seconds left.\n|\n|t:|1781439059\n|move|p1a: Magnezone|Volt Switch|p2a: Overqwil\n|-damage|p2a: Overqwil|0 fnt\n|faint|p2a: Overqwil\n|inactive|CSWing has 120 seconds left.\n|\n|t:|1781439088\n|switch|p1a: Ho-Oh|Ho-Oh, L71|268/268|[from] Volt Switch\n|\n|upkeep\n|inactive|GamesWrath has 90 seconds left.\n|\n|t:|1781439135\n|switch|p2a: Armarouge|Armarouge, L80, F|267/267\n|turn|5\n|\n|t:|1781439146\n|move|p1a: Ho-Oh|Earthquake|p2a: Armarouge\n|-supereffective|p2a: Armarouge\n|-damage|p2a: Armarouge|135/267\n|-ability|p2a: Armarouge|Weak Armor|boost\n|-unboost|p2a: Armarouge|def|1\n|-boost|p2a: Armarouge|spe|2\n|move|p2a: Armarouge|Psyshock|p1a: Ho-Oh\n|-damage|p1a: Ho-Oh|109/268\n|\n|upkeep\n|turn|6\n|\n|t:|1781439163\n|move|p2a: Armarouge|Psyshock|p1a: Ho-Oh\n|-damage|p1a: Ho-Oh|0 fnt\n|faint|p1a: Ho-Oh\n|\n|upkeep\n|\n|t:|1781439174\n|switch|p1a: Slaking|Slaking, L84, M|389/389\n|turn|7\n|inactive|GamesWrath has 90 seconds left.\n|\n|t:|1781439186\n|move|p2a: Armarouge|Psyshock|p1a: Slaking\n|-damage|p1a: Slaking|262/389\n|move|p1a: Slaking|Knock Off|p2a: Armarouge\n|-supereffective|p2a: Armarouge\n|-damage|p2a: Armarouge|0 fnt\n|-enditem|p2a: Armarouge|Choice Specs|[from] move: Knock Off|[of] p1a: Slaking\n|faint|p2a: Armarouge\n|\n|upkeep\n|inactive|GamesWrath has 90 seconds left.\n|\n|t:|1781439209\n|switch|p2a: Cobalion|Cobalion, L80|277/277\n|turn|8\n|inactive|CSWing has 90 seconds left.\n|\n|t:|1781439231\n|switch|p1a: Meowstic|Meowstic, L89, M|277/277\n|move|p2a: Cobalion|Calm Mind|p2a: Cobalion\n|-boost|p2a: Cobalion|spa|1\n|-boost|p2a: Cobalion|spd|1\n|\n|upkeep\n|turn|9\n|inactive|GamesWrath has 90 seconds left.\n|inactive|CSWing has 90 seconds left.\n|\n|t:|1781439264\n|move|p1a: Meowstic|Light Screen|p1a: Meowstic\n|-sidestart|p1: CSWing|move: Light Screen\n|move|p2a: Cobalion|Flash Cannon|p1a: Meowstic\n|-damage|p1a: Meowstic|221/277\n|\n|upkeep\n|turn|10\n|inactive|CSWing has 90 seconds left.\n|\n|t:|1781439280\n|switch|p1a: Blaziken|Blaziken, L76, F|247/247\n|move|p2a: Cobalion|Flash Cannon|p1a: Blaziken\n|-resisted|p1a: Blaziken\n|-damage|p1a: Blaziken|209/247\n|\n|upkeep\n|turn|11\n|\n|t:|1781439297\n|move|p2a: Cobalion|Aura Sphere|p1a: Blaziken\n|-damage|p1a: Blaziken|137/247\n|move|p1a: Blaziken|Flare Blitz|p2a: Cobalion\n|-supereffective|p2a: Cobalion\n|-damage|p2a: Cobalion|43/277\n|-damage|p1a: Blaziken|60/247|[from] Recoil\n|-damage|p1a: Blaziken|36/247|[from] item: Life Orb\n|\n|-heal|p2a: Cobalion|60/277|[from] item: Leftovers\n|-ability|p1a: Blaziken|Speed Boost|boost\n|-boost|p1a: Blaziken|spe|1\n|upkeep\n|turn|12\n|\n|t:|1781439311\n|move|p2a: Cobalion|Vacuum Wave|p1a: Blaziken\n|-damage|p1a: Blaziken|2/247\n|move|p1a: Blaziken|Close Combat|p2a: Cobalion\n|-supereffective|p2a: Cobalion\n|-damage|p2a: Cobalion|0 fnt\n|-unboost|p1a: Blaziken|def|1\n|-unboost|p1a: Blaziken|spd|1\n|faint|p2a: Cobalion\n|-damage|p1a: Blaziken|0 fnt|[from] item: Life Orb\n|faint|p1a: Blaziken\n|\n|upkeep\n|\n|t:|1781439327\n|switch|p2a: Scizor|Scizor, L79, M|240/240\n|switch|p1a: Magnezone|Magnezone, L85|258/258\n|turn|13\n|\n|t:|1781439343\n|move|p1a: Magnezone|Volt Switch|p2a: Scizor\n|-damage|p2a: Scizor|128/240\n|\n|t:|1781439346\n|switch|p1a: Meowstic|Meowstic, L89, M|221/277|[from] Volt Switch\n|move|p2a: Scizor|U-turn|p1a: Meowstic\n|-supereffective|p1a: Meowstic\n|-crit|p1a: Meowstic\n|-damage|p1a: Meowstic|0 fnt\n|faint|p1a: Meowstic\n|inactive|GamesWrath has 60 seconds left.\n|\n|t:|1781439372\n|switch|p2a: Groudon|Groudon, L72|263/263|[from] U-turn\n|-weather|SunnyDay|[from] ability: Drought|[of] p2a: Groudon\n|\n|-weather|SunnyDay|[upkeep]\n|upkeep\n|inactive|CSWing has 60 seconds left.\n|\n|t:|1781439403\n|switch|p1a: Slaking|Slaking, L84, M|262/389\n|turn|14\n|inactive|GamesWrath has 60 seconds left.\n|\n|t:|1781439433\n|move|p1a: Slaking|Giga Impact|p2a: Groudon\n|-damage|p2a: Groudon|0 fnt\n|-mustrecharge|p1a: Slaking\n|faint|p2a: Groudon\n|\n|-weather|SunnyDay|[upkeep]\n|upkeep\n|\n|t:|1781439453\n|switch|p2a: Scizor|Scizor, L79, M|128/240\n|turn|15\n|inactive|CSWing has 60 seconds left.\n|\n|t:|1781439467\n|cant|p1a: Slaking|recharge\n|move|p2a: Scizor|Close Combat|p1a: Slaking\n|-supereffective|p1a: Slaking\n|-damage|p1a: Slaking|0 fnt\n|-unboost|p2a: Scizor|def|1\n|-unboost|p2a: Scizor|spd|1\n|faint|p1a: Slaking\n|\n|-weather|SunnyDay|[upkeep]\n|upkeep\n|inactive|CSWing has 60 seconds left.\n|\n|t:|1781439475\n|switch|p1a: Magnezone|Magnezone, L85|258/258\n|turn|16\n|\n|t:|1781439481\n|move|p1a: Magnezone|Thunderbolt|p2a: Scizor\n|-damage|p2a: Scizor|0 fnt\n|faint|p2a: Scizor\n|\n|-weather|SunnyDay|[upkeep]\n|-sideend|p1: CSWing|move: Light Screen\n|upkeep\n|\n|t:|1781439485\n|switch|p2a: Torterra|Torterra, L78, F|276/276\n|turn|17\n|\n|t:|1781439499\n|move|p1a: Magnezone|Thunderbolt|p2a: Torterra\n|-immune|p2a: Torterra\n|move|p2a: Torterra|Shell Smash|p2a: Torterra\n|-unboost|p2a: Torterra|def|1\n|-unboost|p2a: Torterra|spd|1\n|-boost|p2a: Torterra|atk|2\n|-boost|p2a: Torterra|spa|2\n|-boost|p2a: Torterra|spe|2\n|\n|-weather|none\n|upkeep\n|turn|18\n|inactive|GamesWrath has 60 seconds left.\n|\n|t:|1781439515\n|switch|p1a: Meowscarada|Meowscarada, L78, M|247/247\n|move|p2a: Torterra|Bullet Seed|p1a: Meowscarada\n|-resisted|p1a: Meowscarada\n|-damage|p1a: Meowscarada|212/247\n|-resisted|p1a: Meowscarada\n|-damage|p1a: Meowscarada|182/247\n|-resisted|p1a: Meowscarada\n|-damage|p1a: Meowscarada|149/247\n|-resisted|p1a: Meowscarada\n|-damage|p1a: Meowscarada|113/247\n|-hitcount|p1a: Meowscarada|4\n|\n|upkeep\n|turn|19\n|inactive|GamesWrath has 60 seconds left.\n|\n|t:|1781439542\n|move|p2a: Torterra|Bullet Seed|p1a: Meowscarada\n|-resisted|p1a: Meowscarada\n|-damage|p1a: Meowscarada|81/247\n|-resisted|p1a: Meowscarada\n|-damage|p1a: Meowscarada|51/247\n|-resisted|p1a: Meowscarada\n|-damage|p1a: Meowscarada|16/247\n|-resisted|p1a: Meowscarada\n|-damage|p1a: Meowscarada|0 fnt\n|faint|p1a: Meowscarada\n|-hitcount|p1: Meowscarada|4\n|\n|upkeep\n|\n|t:|1781439545\n|switch|p1a: Magnezone|Magnezone, L85|258/258\n|turn|20\n|\n|t:|1781439567\n|move|p2a: Torterra|Headlong Rush|p1a: Magnezone\n|-supereffective|p1a: Magnezone\n|-damage|p1a: Magnezone|0 fnt\n|-unboost|p2a: Torterra|def|1\n|-unboost|p2a: Torterra|spd|1\n|faint|p1a: Magnezone\n|\n|win|GamesWrath\n|raw|CSWing's rating: 1471 &rarr; <strong>1450</strong><br />(-21 for losing)\n|raw|GamesWrath's rating: 1461 &rarr; <strong>1482</strong><br />(+21 for winning)\n|l|\u2606CSWing\n|player|p1|\n", "inputlog": ">version a8376a258c1d4662feba110a92103f3664a72141\n>start {\"formatid\":\"gen9randombattle\",\"seed\":\"sodium,a2f0a0fcbbfa7bfbb9c2887fcdcecfbb\",\"rated\":\"Rated battle\"}\n>player p1 {\"name\":\"CSWing\",\"avatar\":\"lance\",\"rating\":1471,\"seed\":\"sodium,bd9a7908b878600742ea8c5e4d2aceac\"}\n>player p2 {\"name\":\"GamesWrath\",\"avatar\":\"blue\",\"rating\":1461,\"seed\":\"sodium,4f9d6a3c348714036e644860bd7b2fab\"}\n>p1 switch 3\n>p2 move closecombat\n>p1 move sacredfire\n>p2 switch 6\n>p1 switch 2\n>p2 move gunkshot\n>p1 move voltswitch\n>p2 move crunch\n>p1 switch 2\n>p2 switch 2\n>p1 move earthquake\n>p2 move psyshock\n>p1 move earthquake\n>p2 move psyshock\n>p1 switch 3\n>p1 move knockoff\n>p2 move psyshock\n>p2 switch 4\n>p1 switch 6\n>p2 move calmmind\n>p1 move lightscreen\n>p2 move flashcannon\n>p1 switch 5\n>p2 move flashcannon\n>p1 move flareblitz\n>p2 move aurasphere\n>p1 move closecombat\n>p2 move vacuumwave\n>p1 switch 2\n>p2 switch 6\n>p1 move voltswitch\n>p2 move uturn\n>p1 switch 5\n>p2 switch 3\n>p1 switch 6\n>p1 move gigaimpact\n>p2 move precipiceblades\n>p2 switch 3\n>p1 move recharge\n>p2 move closecombat\n>p1 switch 5\n>p1 move thunderbolt\n>p2 move closecombat\n>p2 switch 5\n>p1 move thunderbolt\n>p2 move shellsmash\n>p1 switch 4\n>p2 move bulletseed\n>p1 move tripleaxel\n>p2 move bulletseed\n>p1 switch 4\n>p1 move flashcannon\n>p2 move headlongrush", "uploadtime": 1781439582, "views": 3, "formatid": "gen9randombattle", "rating": 1450, "private": 0, "password": null, "player_dets": [{"name": "CSWing", "avatar": "lance", "rating": 1471, "seed": "sodium,bd9a7908b878600742ea8c5e4d2aceac"}, {"name": "GamesWrath", "avatar": "blue", "rating": 1461, "seed": "sodium,4f9d6a3c348714036e644860bd7b2fab"}], "teams_full": [{"Slaking": {"name": "Slaking", "species": "Slaking", "speciesId": "slaking", "gender": "M", "shiny": false, "level": 84, "moves": ["knockoff", "doubleedge", "earthquake", "gigaimpact"], "ability": "Truant", "evs": {"hp": 85, "atk": 85, "def": 85, "spa": 85, "spd": 85, "spe": 85}, "ivs": {"hp": 31, "atk": 31, "def": 31, "spa": 31, "spd": 31, "spe": 31}, "item": "Choice Band", "teraType": "Ghost", "role": "Wallbreaker", "bvs": {"hp": 150, "atk": 160, "def": 100, "spa": 95, "spd": 65, "spe": 100}, "stats": {"hp": 389, "atk": 317, "def": 216, "spa": 208, "spd": 157, "spe": 216}, "types": ["Normal"]}, "Magnezone": {"name": "Magnezone", "species": "Magnezone", "speciesId": "magnezone", "gender": "N", "shiny": false, "level": 85, "moves": ["voltswitch", "flashcannon", "thunderbolt", "bodypress"], "ability": "Analytic", "evs": {"hp": 85, "atk": 0, "def": 85, "spa": 85, "spd": 85, "spe": 85}, "ivs": {"hp": 31, "atk": 0, "def": 31, "spa": 31, "spd": 31, "spe": 31}, "item": "Choice Scarf", "teraType": "Electric", "role": "Fast Attacker", "bvs": {"hp": 70, "atk": 70, "def": 115, "spa": 130, "spd": 90, "spe": 60}, "stats": {"hp": 258, "atk": 124, "def": 244, "spa": 270, "spd": 202, "spe": 151}, "types": ["Electric", "Steel"]}, "Ho-Oh": {"name": "Ho-Oh", "species": "Ho-Oh", "speciesId": "hooh", "gender": "N", "shiny": false, "level": 71, "moves": ["earthquake", "bravebird", "recover", "sacredfire"], "ability": "Regenerator", "evs": {"hp": 85, "atk": 85, "def": 85, "spa": 85, "spd": 85, "spe": 85}, "ivs": {"hp": 31, "atk": 31, "def": 31, "spa": 31, "spd": 31, "spe": 31}, "item": "Heavy-Duty Boots", "teraType": "Ground", "role": "Bulky Attacker", "bvs": {"hp": 106, "atk": 130, "def": 90, "spa": 110, "spd": 154, "spe": 90}, "stats": {"hp": 268, "atk": 226, "def": 169, "spa": 198, "spd": 260, "spe": 169}, "types": ["Fire", "Flying"]}, "Meowscarada": {"name": "Meowscarada", "species": "Meowscarada", "speciesId": "meowscarada", "gender": "M", "shiny": false, "level": 78, "moves": ["uturn", "tripleaxel", "knockoff", "flowertrick"], "ability": "Protean", "evs": {"hp": 85, "atk": 85, "def": 85, "spa": 85, "spd": 85, "spe": 85}, "ivs": {"hp": 31, "atk": 31, "def": 31, "spa": 31, "spd": 31, "spe": 31}, "item": "Choice Band", "teraType": "Dark", "role": "Fast Support", "bvs": {"hp": 76, "atk": 110, "def": 70, "spa": 81, "spd": 70, "spe": 123}, "stats": {"hp": 247, "atk": 217, "def": 154, "spa": 171, "spd": 154, "spe": 237}, "types": ["Grass", "Dark"]}, "Blaziken": {"name": "Blaziken", "species": "Blaziken", "speciesId": "blaziken", "gender": "F", "shiny": false, "level": 76, "moves": ["stoneedge", "closecombat", "flareblitz", "swordsdance"], "ability": "Speed Boost", "evs": {"hp": 85, "atk": 85, "def": 85, "spa": 85, "spd": 85, "spe": 85}, "ivs": {"hp": 31, "atk": 31, "def": 31, "spa": 31, "spd": 31, "spe": 31}, "item": "Life Orb", "teraType": "Fighting", "role": "Setup Sweeper", "bvs": {"hp": 80, "atk": 120, "def": 70, "spa": 110, "spd": 70, "spe": 80}, "stats": {"hp": 247, "atk": 226, "def": 150, "spa": 211, "spd": 150, "spe": 166}, "types": ["Fire", "Fighting"]}, "Meowstic": {"name": "Meowstic", "species": "Meowstic", "speciesId": "meowstic", "gender": "M", "shiny": false, "level": 89, "moves": ["lightscreen", "alluringvoice", "reflect", "psychicnoise"], "ability": "Prankster", "evs": {"hp": 85, "atk": 0, "def": 85, "spa": 85, "spd": 85, "spe": 85}, "ivs": {"hp": 31, "atk": 0, "def": 31, "spa": 31, "spd": 31, "spe": 31}, "item": "Light Clay", "teraType": "Fairy", "role": "Bulky Support", "bvs": {"hp": 74, "atk": 48, "def": 76, "spa": 83, "spd": 81, "spe": 104}, "stats": {"hp": 277, "atk": 90, "def": 186, "spa": 199, "spd": 195, "spe": 236}, "types": ["Psychic"]}}, {"Scizor": {"name": "Scizor", "species": "Scizor", "speciesId": "scizor", "gender": "M", "shiny": false, "level": 79, "moves": ["uturn", "closecombat", "knockoff", "bulletpunch"], "ability": "Technician", "evs": {"hp": 85, "atk": 85, "def": 85, "spa": 85, "spd": 85, "spe": 85}, "ivs": {"hp": 31, "atk": 31, "def": 31, "spa": 31, "spd": 31, "spe": 31}, "item": "Choice Band", "teraType": "Steel", "role": "Wallbreaker", "bvs": {"hp": 70, "atk": 130, "def": 100, "spa": 55, "spd": 80, "spe": 65}, "stats": {"hp": 240, "atk": 251, "def": 204, "spa": 132, "spd": 172, "spe": 148}, "types": ["Bug", "Steel"]}, "Armarouge": {"name": "Armarouge", "species": "Armarouge", "speciesId": "armarouge", "gender": "F", "shiny": false, "level": 80, "moves": ["aurasphere", "armorcannon", "energyball", "psyshock"], "ability": "Weak Armor", "evs": {"hp": 85, "atk": 0, "def": 85, "spa": 85, "spd": 85, "spe": 85}, "ivs": {"hp": 31, "atk": 0, "def": 31, "spa": 31, "spd": 31, "spe": 31}, "item": "Choice Specs", "teraType": "Grass", "role": "Wallbreaker", "bvs": {"hp": 85, "atk": 60, "def": 100, "spa": 125, "spd": 80, "spe": 75}, "stats": {"hp": 267, "atk": 101, "def": 206, "spa": 246, "spd": 174, "spe": 166}, "types": ["Fire", "Psychic"]}, "Groudon": {"name": "Groudon", "species": "Groudon", "speciesId": "groudon", "gender": "N", "shiny": false, "level": 72, "moves": ["swordsdance", "stoneedge", "heatcrash", "precipiceblades"], "ability": "Drought", "evs": {"hp": 85, "atk": 85, "def": 85, "spa": 85, "spd": 85, "spe": 85}, "ivs": {"hp": 31, "atk": 31, "def": 31, "spa": 31, "spd": 31, "spe": 31}, "item": "Leftovers", "teraType": "Fire", "role": "Bulky Setup", "bvs": {"hp": 100, "atk": 150, "def": 140, "spa": 100, "spd": 90, "spe": 90}, "stats": {"hp": 263, "atk": 258, "def": 244, "spa": 186, "spd": 172, "spe": 172}, "types": ["Ground"]}, "Cobalion": {"name": "Cobalion", "species": "Cobalion", "speciesId": "cobalion", "gender": "N", "shiny": false, "level": 80, "moves": ["calmmind", "flashcannon", "vacuumwave", "aurasphere"], "ability": "Justified", "evs": {"hp": 85, "atk": 0, "def": 85, "spa": 85, "spd": 85, "spe": 85}, "ivs": {"hp": 31, "atk": 0, "def": 31, "spa": 31, "spd": 31, "spe": 31}, "item": "Leftovers", "teraType": "Water", "role": "Bulky Setup", "bvs": {"hp": 91, "atk": 90, "def": 129, "spa": 90, "spd": 72, "spe": 108}, "stats": {"hp": 277, "atk": 149, "def": 253, "spa": 190, "spd": 161, "spe": 219}, "types": ["Steel", "Fighting"]}, "Torterra": {"name": "Torterra", "species": "Torterra", "speciesId": "torterra", "gender": "F", "shiny": false, "level": 78, "moves": ["bulletseed", "shellsmash", "rockblast", "headlongrush"], "ability": "Overgrow", "evs": {"hp": 85, "atk": 85, "def": 85, "spa": 85, "spd": 85, "spe": 85}, "ivs": {"hp": 31, "atk": 31, "def": 31, "spa": 31, "spd": 31, "spe": 31}, "item": "Loaded Dice", "teraType": "Grass", "role": "Setup Sweeper", "bvs": {"hp": 95, "atk": 109, "def": 105, "spa": 75, "spd": 85, "spe": 56}, "stats": {"hp": 276, "atk": 215, "def": 209, "spa": 162, "spd": 178, "spe": 132}, "types": ["Grass", "Ground"]}, "Overqwil": {"name": "Overqwil", "species": "Overqwil", "speciesId": "overqwil", "gender": "F", "shiny": false, "level": 82, "moves": ["gunkshot", "swordsdance", "scaleshot", "crunch"], "ability": "Intimidate", "evs": {"hp": 85, "atk": 85, "def": 85, "spa": 85, "spd": 85, "spe": 85}, "ivs": {"hp": 31, "atk": 31, "def": 31, "spa": 31, "spd": 31, "spe": 31}, "item": "Loaded Dice", "teraType": "Dragon", "role": "Setup Sweeper", "bvs": {"hp": 85, "atk": 115, "def": 95, "spa": 65, "spd": 65, "spe": 85}, "stats": {"hp": 274, "atk": 236, "def": 203, "spa": 154, "spd": 154, "spe": 187}, "types": ["Dark", "Poison"]}}]}