{"id": "gen9randombattle-2631738297", "format": "[Gen 9] Random Battle", "players": ["BlueRay_04", "LewisBavin"], "log": "|j|\u2606BlueRay_04\n|j|\u2606LewisBavin\n|t:|1781431495\n|gametype|singles\n|player|p1|BlueRay_04|bianca|2162\n|player|p2|LewisBavin|101|2234\n|gen|9\n|tier|[Gen 9] Random Battle\n|rated|\n|rule|Species Clause: Limit one of each Pok\u00e9mon\n|rule|HP Percentage Mod: HP is shown in percentages\n|rule|Sleep Clause Mod: Limit one foe put to sleep\n|rule|Illusion Level Mod: Illusion disguises the Pok\u00e9mon's true level\n|\n|t:|1781431495\n|teamsize|p1|6\n|teamsize|p2|6\n|start\n|switch|p1a: Lurantis|Lurantis, L87, F|264/264\n|switch|p2a: Appletun|Appletun, L92, M|352/352\n|turn|1\n|inactive|Battle timer is ON: inactive players will automatically lose when time's up. (requested by LewisBavin)\n|inactive|BlueRay_04 also wants the timer to be on.\n|\n|t:|1781431518\n|switch|p2a: Chandelure|Chandelure, L83, M|235/235\n|move|p1a: Lurantis|Knock Off|p2a: Chandelure\n|-supereffective|p2a: Chandelure\n|-damage|p2a: Chandelure|89/235\n|-enditem|p2a: Chandelure|Choice Scarf|[from] move: Knock Off|[of] p1a: Lurantis\n|\n|upkeep\n|turn|2\n|\n|t:|1781431528\n|switch|p1a: Gyarados|Gyarados, L79, M|280/280\n|move|p2a: Chandelure|Trick|p1a: Gyarados\n|-activate|p2a: Chandelure|move: Trick|[of] p1a: Gyarados\n|-enditem|p1a: Gyarados|Heavy-Duty Boots|[silent]|[from] move: Trick\n|-item|p2a: Chandelure|Heavy-Duty Boots|[from] move: Trick\n|\n|upkeep\n|turn|3\n|\n|t:|1781431537\n|switch|p2a: Iron Bundle|Iron Bundle, L78|215/215\n|switch|p1a: Lurantis|Lurantis, L87, F|264/264\n|\n|upkeep\n|turn|4\n|j| OriginalChad\n|\n|t:|1781431542\n|-end|p2a: Iron Bundle|Quark Drive|[silent]\n|switch|p2a: Chandelure|Chandelure, L83, M|89/235\n|move|p1a: Lurantis|Leaf Storm|p2a: Chandelure\n|-resisted|p2a: Chandelure\n|-damage|p2a: Chandelure|25/235\n|-boost|p1a: Lurantis|spa|2\n|\n|upkeep\n|turn|5\n|\n|t:|1781431549\n|switch|p1a: Gyarados|Gyarados, L79, M|280/280\n|move|p2a: Chandelure|Fire Blast|p1a: Gyarados\n|-resisted|p1a: Gyarados\n|-damage|p1a: Gyarados|199/280\n|\n|upkeep\n|turn|6\n|\n|t:|1781431555\n|switch|p2a: Iron Bundle|Iron Bundle, L78|215/215\n|move|p1a: Gyarados|Stone Edge|p2a: Iron Bundle\n|-supereffective|p2a: Iron Bundle\n|-damage|p2a: Iron Bundle|73/215\n|\n|upkeep\n|turn|7\n|\n|t:|1781431564\n|switch|p1a: Bronzong|Bronzong, L88|261/261\n|move|p2a: Iron Bundle|Freeze-Dry|p1a: Bronzong\n|-resisted|p1a: Bronzong\n|-damage|p1a: Bronzong|230/261\n|\n|-heal|p1a: Bronzong|246/261|[from] item: Leftovers\n|upkeep\n|turn|8\n|-message|LewisBavin forfeited.\n|\n|win|BlueRay_04\n", "inputlog": ">version a8376a258c1d4662feba110a92103f3664a72141\n>start {\"formatid\":\"gen9randombattle\",\"seed\":\"sodium,c02741d013d5d7c46fcb4fde8dca8c10\",\"rated\":\"Rated battle\"}\n>player p1 {\"name\":\"BlueRay_04\",\"avatar\":\"bianca\",\"rating\":2162,\"seed\":\"sodium,0266d33a94fc0a474ba95bc12f23ff91\"}\n>player p2 {\"name\":\"LewisBavin\",\"avatar\":\"101\",\"rating\":2234,\"seed\":\"sodium,7492a4d1fc7797c572cc5ac4d4c64731\"}\n>p1 move knockoff\n>p2 switch 4\n>p1 switch 3\n>p2 move trick\n>p1 switch 3\n>p2 switch 5\n>p1 move leafstorm\n>p2 switch 5\n>p1 switch 3\n>p2 move fireblast\n>p1 move stoneedge\n>p2 switch 5\n>p1 switch 5\n>p2 move freezedry\n>forcelose p2", "uploadtime": 1781431497, "views": 5, "formatid": "gen9randombattle", "rating": null, "private": 0, "password": null}