{"id": "gen9randombattle-2631837834", "format": "[Gen 9] Random Battle", "players": ["zeropepsi", "eliasmo"], "log": "|j|\u2606zeropepsi\n|j|\u2606eliasmo\n|t:|1781446486\n|gametype|singles\n|player|p1|zeropepsi|hilbert|2016\n|player|p2|eliasmo|2|2014\n|gen|9\n|tier|[Gen 9] Random Battle\n|rated|\n|rule|Species Clause: Limit one of each Pok\u00e9mon\n|rule|HP Percentage Mod: HP is shown in percentages\n|rule|Sleep Clause Mod: Limit one foe put to sleep\n|rule|Illusion Level Mod: Illusion disguises the Pok\u00e9mon's true level\n|\n|t:|1781446486\n|teamsize|p1|6\n|teamsize|p2|6\n|start\n|switch|p1a: Alomomola|Alomomola, L87, M|429/429\n|switch|p2a: Whimsicott|Whimsicott, L84, M|238/238\n|turn|1\n|inactive|Battle timer is ON: inactive players will automatically lose when time's up. (requested by eliasmo)\n|\n|t:|1781446499\n|move|p2a: Whimsicott|Stun Spore|p1a: Alomomola\n|-status|p1a: Alomomola|par\n|cant|p1a: Alomomola|par\n|\n|upkeep\n|turn|2\n|\n|t:|1781446520\n|move|p2a: Whimsicott|Giga Drain|p1a: Alomomola\n|-supereffective|p1a: Alomomola\n|-damage|p1a: Alomomola|237/429 par\n|move|p1a: Alomomola|Flip Turn|p2a: Whimsicott\n|-resisted|p2a: Whimsicott\n|-damage|p2a: Whimsicott|212/238\n|\n|t:|1781446526\n|switch|p1a: Arbok|Arbok, L87, M|246/246|[from] Flip Turn\n|-ability|p1a: Arbok|Intimidate|boost\n|-unboost|p2a: Whimsicott|atk|1\n|\n|-heal|p2a: Whimsicott|226/238|[from] item: Leftovers\n|upkeep\n|turn|3\n|inactive|eliasmo has 120 seconds left.\n|\n|t:|1781446574\n|move|p2a: Whimsicott|Stun Spore|p1a: Arbok\n|-status|p1a: Arbok|par\n|move|p1a: Arbok|Gunk Shot|p2a: Whimsicott\n|-supereffective|p2a: Whimsicott\n|-damage|p2a: Whimsicott|0 fnt\n|faint|p2a: Whimsicott\n|-damage|p1a: Arbok|222/246 par|[from] item: Life Orb\n|\n|upkeep\n|\n|t:|1781446585\n|switch|p2a: Chimecho|Chimecho, L93, F|290/290\n|turn|4\n|\n|t:|1781446588\n|move|p2a: Chimecho|Calm Mind|p2a: Chimecho\n|-boost|p2a: Chimecho|spa|1\n|-boost|p2a: Chimecho|spd|1\n|move|p1a: Arbok|Knock Off|p2a: Chimecho\n|-supereffective|p2a: Chimecho\n|-damage|p2a: Chimecho|124/290\n|-enditem|p2a: Chimecho|Leftovers|[from] move: Knock Off|[of] p1a: Arbok\n|-damage|p1a: Arbok|198/246 par|[from] item: Life Orb\n|\n|upkeep\n|turn|5\n|inactive|eliasmo has 90 seconds left.\n|\n|t:|1781446626\n|switch|p1a: Kricketune|Kricketune, L99, F|312/312\n|move|p2a: Chimecho|Recover|p2a: Chimecho\n|-heal|p2a: Chimecho|269/290\n|\n|upkeep\n|turn|6\n|\n|t:|1781446632\n|move|p1a: Kricketune|Taunt|p2a: Chimecho\n|-start|p2a: Chimecho|move: Taunt\n|move|p2a: Chimecho|Psyshock|p1a: Kricketune\n|-damage|p1a: Kricketune|135/312\n|\n|upkeep\n|turn|7\n|inactive|eliasmo has 90 seconds left.\n|\n|t:|1781446638\n|move|p1a: Kricketune|Pounce|p2a: Chimecho\n|-supereffective|p2a: Chimecho\n|-damage|p2a: Chimecho|75/290\n|-unboost|p2a: Chimecho|spe|1\n|move|p2a: Chimecho|Psyshock|p1a: Kricketune\n|-damage|p1a: Kricketune|0 fnt\n|faint|p1a: Kricketune\n|\n|upkeep\n|\n|t:|1781446642\n|switch|p1a: Magmortar|Magmortar, L88, F|275/275\n|turn|8\n|\n|t:|1781446646\n|move|p1a: Magmortar|Knock Off|p2a: Chimecho\n|-supereffective|p2a: Chimecho\n|-damage|p2a: Chimecho|0 fnt\n|faint|p2a: Chimecho\n|\n|upkeep\n|\n|t:|1781446649\n|switch|p2a: Swampert|Swampert, L83, M|302/302\n|turn|9\n|\n|t:|1781446652\n|switch|p1a: Alomomola|Alomomola, L87, M|380/429 par\n|move|p2a: Swampert|Stealth Rock|p1a: Alomomola\n|-sidestart|p1: zeropepsi|move: Stealth Rock\n|\n|upkeep\n|turn|10\n|\n|t:|1781446656\n|switch|p2a: Ludicolo|Ludicolo, L90, F|290/290\n|move|p1a: Alomomola|Scald|p2a: Ludicolo\n|-resisted|p2a: Ludicolo\n|-damage|p2a: Ludicolo|280/290\n|-status|p2a: Ludicolo|brn\n|\n|-damage|p2a: Ludicolo|262/290 brn|[from] brn\n|upkeep\n|turn|11\n|\n|t:|1781446666\n|move|p2a: Ludicolo|Hydro Pump|p1a: Alomomola\n|-resisted|p1a: Alomomola\n|-damage|p1a: Alomomola|247/429 par\n|move|p1a: Alomomola|Flip Turn|p2a: Ludicolo\n|-resisted|p2a: Ludicolo\n|-damage|p2a: Ludicolo|248/290 brn\n|\n|t:|1781446671\n|switch|p1a: Arbok|Arbok, L87, M|198/246 par|[from] Flip Turn\n|-damage|p1a: Arbok|168/246 par|[from] Stealth Rock\n|-ability|p1a: Arbok|Intimidate|boost\n|-unboost|p2a: Ludicolo|atk|1\n|\n|-damage|p2a: Ludicolo|230/290 brn|[from] brn\n|upkeep\n|turn|12\n|l|\u2606eliasmo\n|inactive|eliasmo disconnected and has a minute to reconnect!\n|player|p2|\n|inactive|eliasmo has 30 seconds to reconnect!\n|j|\u2606eliasmo\n|inactive|eliasmo reconnected and has 120 seconds left.\n|player|p2|eliasmo|2|\n|\n|t:|1781446717\n|move|p2a: Ludicolo|Hydro Pump|p1a: Arbok\n|-damage|p1a: Arbok|0 fnt\n|faint|p1a: Arbok\n|\n|-damage|p2a: Ludicolo|212/290 brn|[from] brn\n|upkeep\n|\n|t:|1781446722\n|switch|p1a: Wigglytuff|Wigglytuff, L96, M|424/424\n|-damage|p1a: Wigglytuff|371/424|[from] Stealth Rock\n|turn|13\n|\n|t:|1781446736\n|move|p2a: Ludicolo|Hydro Pump|p1a: Wigglytuff\n|-damage|p1a: Wigglytuff|116/424\n|move|p1a: Wigglytuff|Wish|p1a: Wigglytuff\n|\n|-heal|p1a: Wigglytuff|142/424|[from] item: Leftovers\n|-damage|p2a: Ludicolo|194/290 brn|[from] brn\n|upkeep\n|turn|14\n|\n|t:|1781446748\n|switch|p2a: Swampert|Swampert, L83, M|302/302\n|move|p1a: Wigglytuff|Protect||[still]\n|-fail|p1a: Wigglytuff\n|\n|-heal|p1a: Wigglytuff|354/424|[from] move: Wish|[wisher] Wigglytuff\n|-heal|p1a: Wigglytuff|380/424|[from] item: Leftovers\n|upkeep\n|turn|15\n|inactive|eliasmo has 120 seconds left.\n|\n|t:|1781446768\n|move|p2a: Swampert|Earthquake|p1a: Wigglytuff\n|-damage|p1a: Wigglytuff|215/424\n|move|p1a: Wigglytuff|Alluring Voice|p2a: Swampert\n|-damage|p2a: Swampert|206/302\n|\n|-heal|p2a: Swampert|224/302|[from] item: Leftovers\n|-heal|p1a: Wigglytuff|241/424|[from] item: Leftovers\n|upkeep\n|turn|16\n|\n|t:|1781446773\n|move|p2a: Swampert|Yawn|p1a: Wigglytuff\n|-start|p1a: Wigglytuff|move: Yawn|[of] p2a: Swampert\n|move|p1a: Wigglytuff|Wish|p1a: Wigglytuff\n|\n|-heal|p2a: Swampert|242/302|[from] item: Leftovers\n|-heal|p1a: Wigglytuff|267/424|[from] item: Leftovers\n|upkeep\n|turn|17\n|\n|t:|1781446777\n|switch|p1a: Alomomola|Alomomola, L87, M|390/429 par\n|move|p2a: Swampert|Earthquake|p1a: Alomomola\n|-damage|p1a: Alomomola|278/429 par\n|\n|-heal|p1a: Alomomola|429/429 par|[from] move: Wish|[wisher] Wigglytuff\n|-heal|p2a: Swampert|260/302|[from] item: Leftovers\n|upkeep\n|turn|18\n|inactive|eliasmo has 120 seconds left.\n|\n|t:|1781446793\n|move|p2a: Swampert|Flip Turn|p1a: Alomomola\n|-resisted|p1a: Alomomola\n|-damage|p1a: Alomomola|390/429 par\n|\n|t:|1781446796\n|switch|p2a: Ludicolo|Ludicolo, L90, F|194/290 brn|[from] Flip Turn\n|move|p1a: Alomomola|Flip Turn|p2a: Ludicolo\n|-resisted|p2a: Ludicolo\n|-damage|p2a: Ludicolo|178/290 brn\n|\n|t:|1781446799\n|switch|p1a: Magmortar|Magmortar, L88, F|275/275|[from] Flip Turn\n|\n|-damage|p2a: Ludicolo|160/290 brn|[from] brn\n|upkeep\n|turn|19\n|\n|t:|1781446804\n|switch|p2a: Swampert|Swampert, L83, M|260/302\n|move|p1a: Magmortar|Fire Blast|p2a: Swampert\n|-resisted|p2a: Swampert\n|-damage|p2a: Swampert|179/302\n|\n|-heal|p2a: Swampert|197/302|[from] item: Leftovers\n|upkeep\n|turn|20\n|\n|t:|1781446810\n|move|p1a: Magmortar|Knock Off|p2a: Swampert\n|-damage|p2a: Swampert|123/302\n|-enditem|p2a: Swampert|Leftovers|[from] move: Knock Off|[of] p1a: Magmortar\n|move|p2a: Swampert|Flip Turn|p1a: Magmortar\n|-supereffective|p1a: Magmortar\n|-damage|p1a: Magmortar|107/275\n|-status|p2a: Swampert|brn|[from] ability: Flame Body|[of] p1a: Magmortar\n|\n|t:|1781446819\n|switch|p2a: Mismagius|Mismagius, L86, M|243/243|[from] Flip Turn\n|\n|upkeep\n|turn|21\n|\n|t:|1781446826\n|move|p2a: Mismagius|Shadow Ball|p1a: Magmortar\n|-damage|p1a: Magmortar|0 fnt\n|faint|p1a: Magmortar\n|-damage|p2a: Mismagius|219/243|[from] item: Life Orb\n|\n|upkeep\n|\n|t:|1781446830\n|switch|p1a: Wigglytuff|Wigglytuff, L96, M|267/424\n|-damage|p1a: Wigglytuff|214/424|[from] Stealth Rock\n|turn|22\n|\n|t:|1781446836\n|move|p2a: Mismagius|Thunderbolt|p1a: Wigglytuff\n|-damage|p1a: Wigglytuff|92/424\n|-damage|p2a: Mismagius|195/243|[from] item: Life Orb\n|move|p1a: Wigglytuff|Alluring Voice|p2a: Mismagius\n|-damage|p2a: Mismagius|107/243\n|\n|-heal|p1a: Wigglytuff|118/424|[from] item: Leftovers\n|upkeep\n|turn|23\n|\n|t:|1781446842\n|move|p2a: Mismagius|Thunderbolt|p1a: Wigglytuff\n|-damage|p1a: Wigglytuff|0 fnt\n|faint|p1a: Wigglytuff\n|-damage|p2a: Mismagius|83/243|[from] item: Life Orb\n|\n|upkeep\n|\n|t:|1781446845\n|switch|p1a: Falinks|Falinks, L84|246/246\n|-damage|p1a: Falinks|231/246|[from] Stealth Rock\n|turn|24\n|\n|t:|1781446850\n|-terastallize|p1a: Falinks|Dark\n|move|p2a: Mismagius|Dazzling Gleam|p1a: Falinks\n|-supereffective|p1a: Falinks\n|-crit|p1a: Falinks\n|-damage|p1a: Falinks|0 fnt\n|faint|p1a: Falinks\n|-damage|p2a: Mismagius|59/243|[from] item: Life Orb\n|\n|upkeep\n|-message|zeropepsi forfeited.\n|\n|win|eliasmo\n", "inputlog": ">version a8376a258c1d4662feba110a92103f3664a72141\n>start {\"formatid\":\"gen9randombattle\",\"seed\":\"sodium,e8d16887dff9343ee619128f3c7934ec\",\"rated\":\"Rated battle\"}\n>player p1 {\"name\":\"zeropepsi\",\"avatar\":\"hilbert\",\"rating\":2016,\"seed\":\"sodium,00053da3bd505ca30576645174a25f80\"}\n>player p2 {\"name\":\"eliasmo\",\"avatar\":\"2\",\"rating\":2014,\"seed\":\"sodium,b25c91eb18d732c2a2a919afbb63b3a5\"}\n>p1 move flipturn\n>p2 move stunspore\n>p1 move flipturn\n>p2 move gigadrain\n>p1 switch 6\n>p1 move gunkshot\n>p2 move stunspore\n>p2 switch 3\n>p1 move knockoff\n>p2 move calmmind\n>p1 switch 5\n>p2 move recover\n>p1 move taunt\n>p2 move psyshock\n>p1 move pounce\n>p2 move psyshock\n>p1 switch 3\n>p1 move knockoff\n>p2 move psyshock\n>p2 switch 4\n>p1 switch 6\n>p2 move stealthrock\n>p1 move scald\n>p2 switch 2\n>p1 move flipturn\n>p2 move hydropump\n>p1 switch 5\n>p1 move toxicspikes\n>p2 move hydropump\n>p1 switch 4\n>p1 move wish\n>p2 move hydropump\n>p1 move protect\n>p2 switch 2\n>p1 move alluringvoice\n>p2 move earthquake\n>p1 move wish\n>p2 move yawn\n>p1 switch 5\n>p2 move earthquake\n>p1 move flipturn\n>p2 move flipturn\n>p2 switch 2\n>p1 switch 6\n>p1 move fireblast\n>p2 switch 2\n>p1 move knockoff\n>p2 move flipturn\n>p2 switch 6\n>p1 move knockoff\n>p2 move shadowball\n>p1 switch 5\n>p1 move alluringvoice\n>p2 move thunderbolt\n>p1 move alluringvoice\n>p2 move thunderbolt\n>p1 switch 2\n>p1 move noretreat terastallize\n>p2 move dazzlinggleam\n>forcelose p1", "uploadtime": 1781446488, "views": 5, "formatid": "gen9randombattle", "rating": null, "private": 0, "password": null, "player_dets": [{"name": "zeropepsi", "avatar": "hilbert", "rating": 2016, "seed": "sodium,00053da3bd505ca30576645174a25f80"}, {"name": "eliasmo", "avatar": "2", "rating": 2014, "seed": "sodium,b25c91eb18d732c2a2a919afbb63b3a5"}], "teams_full": [{"Alomomola": {"name": "Alomomola", "species": "Alomomola", "speciesId": "alomomola", "gender": "M", "shiny": false, "level": 87, "moves": ["scald", "protect", "wish", "flipturn"], "ability": "Regenerator", "evs": {"hp": 85, "atk": 85, "def": 85, "spa": 85, "spd": 85, "spe": 85}, "ivs": {"hp": 31, "atk": 31, "def": 31, "spa": 31, "spd": 31, "spe": 31}, "item": "Heavy-Duty Boots", "teraType": "Steel", "role": "Fast Support", "bvs": {"hp": 165, "atk": 75, "def": 80, "spa": 40, "spd": 45, "spe": 65}, "stats": {"hp": 429, "atk": 180, "def": 189, "spa": 119, "spd": 128, "spe": 163}}, "Falinks": {"name": "Falinks", "species": "Falinks", "speciesId": "falinks", "gender": "N", "shiny": false, "level": 84, "moves": ["knockoff", "closecombat", "noretreat", "ironhead"], "ability": "Defiant", "evs": {"hp": 85, "atk": 85, "def": 85, "spa": 85, "spd": 85, "spe": 85}, "ivs": {"hp": 31, "atk": 31, "def": 31, "spa": 31, "spd": 31, "spe": 31}, "item": "Life Orb", "teraType": "Dark", "role": "Setup Sweeper", "bvs": {"hp": 65, "atk": 100, "def": 100, "spa": 70, "spd": 60, "spe": 75}, "stats": {"hp": 246, "atk": 216, "def": 216, "spa": 166, "spd": 149, "spe": 174}}, "Magmortar": {"name": "Magmortar", "species": "Magmortar", "speciesId": "magmortar", "gender": "F", "shiny": false, "level": 88, "moves": ["thunderbolt", "knockoff", "scorchingsands", "fireblast"], "ability": "Flame Body", "evs": {"hp": 85, "atk": 85, "def": 85, "spa": 85, "spd": 85, "spe": 85}, "ivs": {"hp": 31, "atk": 31, "def": 31, "spa": 31, "spd": 31, "spe": 31}, "item": "Heavy-Duty Boots", "teraType": "Electric", "role": "Wallbreaker", "bvs": {"hp": 75, "atk": 95, "def": 67, "spa": 125, "spd": 95, "spe": 83}, "stats": {"hp": 275, "atk": 217, "def": 168, "spa": 270, "spd": 217, "spe": 196}}, "Wigglytuff": {"name": "Wigglytuff", "species": "Wigglytuff", "speciesId": "wigglytuff", "gender": "M", "shiny": false, "level": 96, "moves": ["wish", "fireblast", "alluringvoice", "protect"], "ability": "Competitive", "evs": {"hp": 85, "atk": 0, "def": 85, "spa": 85, "spd": 85, "spe": 85}, "ivs": {"hp": 31, "atk": 0, "def": 31, "spa": 31, "spd": 31, "spe": 31}, "item": "Leftovers", "teraType": "Poison", "role": "Bulky Support", "bvs": {"hp": 140, "atk": 70, "def": 45, "spa": 85, "spd": 50, "spe": 45}, "stats": {"hp": 424, "atk": 139, "def": 141, "spa": 218, "spd": 150, "spe": 141}}, "Kricketune": {"name": "Kricketune", "species": "Kricketune", "speciesId": "kricketune", "gender": "F", "shiny": false, "level": 99, "moves": ["stickyweb", "taunt", "pounce", "knockoff"], "ability": "Technician", "evs": {"hp": 85, "atk": 85, "def": 85, "spa": 85, "spd": 85, "spe": 85}, "ivs": {"hp": 31, "atk": 31, "def": 31, "spa": 31, "spd": 31, "spe": 31}, "item": "Heavy-Duty Boots", "teraType": "Ghost", "role": "Fast Support", "bvs": {"hp": 77, "atk": 85, "def": 51, "spa": 55, "spd": 51, "spe": 65}, "stats": {"hp": 312, "atk": 224, "def": 157, "spa": 165, "spd": 157, "spe": 185}}, "Arbok": {"name": "Arbok", "species": "Arbok", "speciesId": "arbok", "gender": "M", "shiny": false, "level": 87, "moves": ["knockoff", "gunkshot", "toxicspikes", "earthquake"], "ability": "Intimidate", "evs": {"hp": 85, "atk": 85, "def": 85, "spa": 85, "spd": 85, "spe": 85}, "ivs": {"hp": 31, "atk": 31, "def": 31, "spa": 31, "spd": 31, "spe": 31}, "item": "Life Orb", "teraType": "Ground", "role": "Fast Support", "bvs": {"hp": 60, "atk": 95, "def": 69, "spa": 65, "spd": 79, "spe": 80}, "stats": {"hp": 246, "atk": 215, "def": 170, "spa": 163, "spd": 187, "spe": 189}}}, {"Whimsicott": {"name": "Whimsicott", "species": "Whimsicott", "speciesId": "whimsicott", "gender": "M", "shiny": false, "level": 84, "moves": ["moonblast", "gigadrain", "stunspore", "encore"], "ability": "Prankster", "evs": {"hp": 85, "atk": 0, "def": 85, "spa": 85, "spd": 85, "spe": 85}, "ivs": {"hp": 31, "atk": 0, "def": 31, "spa": 31, "spd": 31, "spe": 31}, "item": "Leftovers", "teraType": "Poison", "role": "Fast Support", "bvs": {"hp": 60, "atk": 67, "def": 85, "spa": 77, "spd": 75, "spe": 116}, "stats": {"hp": 238, "atk": 117, "def": 191, "spa": 178, "spd": 174, "spe": 243}}, "Ludicolo": {"name": "Ludicolo", "species": "Ludicolo", "speciesId": "ludicolo", "gender": "F", "shiny": false, "level": 90, "moves": ["leafstorm", "icebeam", "hydropump", "gigadrain"], "ability": "Swift Swim", "evs": {"hp": 85, "atk": 0, "def": 85, "spa": 85, "spd": 85, "spe": 85}, "ivs": {"hp": 31, "atk": 0, "def": 31, "spa": 31, "spd": 31, "spe": 31}, "item": "Choice Specs", "teraType": "Water", "role": "Fast Attacker", "bvs": {"hp": 80, "atk": 70, "def": 70, "spa": 90, "spd": 100, "spe": 70}, "stats": {"hp": 290, "atk": 131, "def": 177, "spa": 213, "spd": 231, "spe": 177}}, "Chimecho": {"name": "Chimecho", "species": "Chimecho", "speciesId": "chimecho", "gender": "F", "shiny": false, "level": 93, "moves": ["recover", "psyshock", "dazzlinggleam", "calmmind"], "ability": "Levitate", "evs": {"hp": 85, "atk": 0, "def": 85, "spa": 85, "spd": 85, "spe": 85}, "ivs": {"hp": 31, "atk": 0, "def": 31, "spa": 31, "spd": 31, "spe": 31}, "item": "Leftovers", "teraType": "Fairy", "role": "Bulky Setup", "bvs": {"hp": 75, "atk": 50, "def": 80, "spa": 95, "spd": 90, "spe": 65}, "stats": {"hp": 290, "atk": 98, "def": 202, "spa": 230, "spd": 220, "spe": 174}}, "Swampert": {"name": "Swampert", "species": "Swampert", "speciesId": "swampert", "gender": "M", "shiny": false, "level": 83, "moves": ["earthquake", "flipturn", "yawn", "stealthrock"], "ability": "Torrent", "evs": {"hp": 85, "atk": 85, "def": 85, "spa": 85, "spd": 85, "spe": 85}, "ivs": {"hp": 31, "atk": 31, "def": 31, "spa": 31, "spd": 31, "spe": 31}, "item": "Leftovers", "teraType": "Steel", "role": "Bulky Support", "bvs": {"hp": 100, "atk": 110, "def": 90, "spa": 85, "spd": 90, "spe": 60}, "stats": {"hp": 302, "atk": 230, "def": 197, "spa": 189, "spd": 197, "spe": 147}}, "Chandelure": {"name": "Chandelure", "species": "Chandelure", "speciesId": "chandelure", "gender": "M", "shiny": false, "level": 83, "moves": ["calmmind", "substitute", "fireblast", "shadowball"], "ability": "Flash Fire", "evs": {"hp": 85, "atk": 0, "def": 85, "spa": 85, "spd": 85, "spe": 85}, "ivs": {"hp": 31, "atk": 0, "def": 31, "spa": 31, "spd": 31, "spe": 31}, "item": "Leftovers", "teraType": "Fire", "role": "Fast Bulky Setup", "bvs": {"hp": 60, "atk": 55, "def": 90, "spa": 145, "spd": 90, "spe": 80}, "stats": {"hp": 235, "atk": 96, "def": 197, "spa": 288, "spd": 197, "spe": 180}}, "Mismagius": {"name": "Mismagius", "species": "Mismagius", "speciesId": "mismagius", "gender": "M", "shiny": false, "level": 86, "moves": ["dazzlinggleam", "shadowball", "nastyplot", "thunderbolt"], "ability": "Levitate", "evs": {"hp": 85, "atk": 0, "def": 85, "spa": 85, "spd": 85, "spe": 85}, "ivs": {"hp": 31, "atk": 0, "def": 31, "spa": 31, "spd": 31, "spe": 31}, "item": "Life Orb", "teraType": "Fairy", "role": "Setup Sweeper", "bvs": {"hp": 60, "atk": 60, "def": 60, "spa": 105, "spd": 105, "spe": 105}, "stats": {"hp": 243, "atk": 108, "def": 152, "spa": 230, "spd": 230, "spe": 230}}}]}