{"id": "gen9randombattle-2631856069", "format": "[Gen 9] Random Battle", "players": ["chopperchwan", "kylerr"], "log": "|j|\u2606chopperchwan\n|j|\u2606kylerr\n|t:|1781448666\n|gametype|singles\n|player|p1|chopperchwan|ninjaboy|1719\n|player|p2|kylerr|cameraman|1691\n|gen|9\n|tier|[Gen 9] Random Battle\n|rated|\n|rule|Species Clause: Limit one of each Pok\u00e9mon\n|rule|HP Percentage Mod: HP is shown in percentages\n|rule|Sleep Clause Mod: Limit one foe put to sleep\n|rule|Illusion Level Mod: Illusion disguises the Pok\u00e9mon's true level\n|\n|t:|1781448666\n|teamsize|p1|6\n|teamsize|p2|6\n|start\n|switch|p1a: Miraidon|Miraidon, L65|238/238\n|switch|p2a: Regidrago|Regidrago, L77|435/435\n|-fieldstart|move: Electric Terrain|[from] ability: Hadron Engine|[of] p1a: Miraidon\n|turn|1\n|inactive|Battle timer is ON: inactive players will automatically lose when time's up. (requested by chopperchwan)\n|inactive|chopperchwan has 120 seconds left.\n|\n|t:|1781448702\n|switch|p1a: Chimecho|Chimecho, L93, M|290/290\n|switch|p2a: Spiritomb|Spiritomb, L89, M|234/234\n|\n|upkeep\n|turn|2\n|\n|t:|1781448715\n|switch|p1a: Pelipper|Pelipper, L86, F|243/243\n|-weather|RainDance|[from] ability: Drizzle|[of] p1a: Pelipper\n|move|p2a: Spiritomb|Toxic|p1a: Pelipper\n|-status|p1a: Pelipper|tox\n|\n|-weather|RainDance|[upkeep]\n|-damage|p1a: Pelipper|228/243 tox|[from] psn\n|upkeep\n|turn|3\n|\n|t:|1781448726\n|switch|p2a: Rayquaza|Rayquaza, L72|270/270\n|-ability|p2a: Rayquaza|Air Lock\n|move|p1a: Pelipper|Weather Ball|p2a: Rayquaza\n|-damage|p2a: Rayquaza|202/270\n|\n|-weather|RainDance|[upkeep]\n|-damage|p1a: Pelipper|198/243 tox|[from] psn\n|upkeep\n|turn|4\n|\n|t:|1781448749\n|switch|p2a: Spiritomb|Spiritomb, L89, M|234/234\n|switch|p1a: Raichu|Raichu-Alola, L87, F|246/246\n|\n|-weather|RainDance|[upkeep]\n|upkeep\n|turn|5\n|\n|t:|1781448765\n|switch|p1a: Pelipper|Pelipper, L86, F|198/243 tox\n|move|p2a: Spiritomb|Poltergeist|p1a: Pelipper\n|-activate|p1a: Pelipper|move: Poltergeist|Choice Specs\n|-damage|p1a: Pelipper|93/243 tox\n|\n|-weather|RainDance|[upkeep]\n|-damage|p1a: Pelipper|78/243 tox|[from] psn\n|-fieldend|move: Electric Terrain\n|upkeep\n|turn|6\n|\n|t:|1781448778\n|move|p2a: Spiritomb|Shadow Sneak|p1a: Pelipper\n|-damage|p1a: Pelipper|41/243 tox\n|move|p1a: Pelipper|Hurricane|p2a: Spiritomb\n|-damage|p2a: Spiritomb|98/234\n|\n|-weather|none\n|-heal|p2a: Spiritomb|112/234|[from] item: Leftovers\n|-damage|p1a: Pelipper|11/243 tox|[from] psn\n|upkeep\n|turn|7\n|\n|t:|1781448787\n|move|p2a: Spiritomb|Shadow Sneak|p1a: Pelipper\n|-damage|p1a: Pelipper|0 fnt\n|faint|p1a: Pelipper\n|\n|-heal|p2a: Spiritomb|126/234|[from] item: Leftovers\n|upkeep\n|\n|t:|1781448800\n|switch|p1a: Dugtrio|Dugtrio, L84, F|196/196\n|turn|8\n|\n|t:|1781448809\n|move|p1a: Dugtrio|Earthquake|p2a: Spiritomb\n|-damage|p2a: Spiritomb|13/234\n|-damage|p1a: Dugtrio|177/196|[from] item: Life Orb\n|move|p2a: Spiritomb|Foul Play|p1a: Dugtrio\n|-damage|p1a: Dugtrio|15/196\n|\n|-heal|p2a: Spiritomb|27/234|[from] item: Leftovers\n|upkeep\n|turn|9\n|\n|t:|1781448822\n|move|p1a: Dugtrio|Sucker Punch|p2a: Spiritomb\n|-damage|p2a: Spiritomb|0 fnt\n|faint|p2a: Spiritomb\n|-damage|p1a: Dugtrio|0 fnt|[from] item: Life Orb\n|faint|p1a: Dugtrio\n|\n|upkeep\n|\n|t:|1781448831\n|switch|p1a: Miraidon|Miraidon, L65|238/238\n|switch|p2a: Plusle|Plusle, L95, M|268/268\n|-fieldstart|move: Electric Terrain|[from] ability: Hadron Engine|[of] p1a: Miraidon\n|turn|10\n|\n|t:|1781448845\n|switch|p1a: Chimecho|Chimecho, L93, M|290/290\n|move|p2a: Plusle|Nasty Plot|p2a: Plusle\n|-boost|p2a: Plusle|spa|2\n|\n|upkeep\n|turn|11\n|\n|t:|1781448856\n|move|p2a: Plusle|Thunderbolt|p1a: Chimecho\n|-damage|p1a: Chimecho|0 fnt\n|faint|p1a: Chimecho\n|-damage|p2a: Plusle|242/268|[from] item: Life Orb\n|\n|upkeep\n|\n|t:|1781448863\n|switch|p1a: Raichu|Raichu-Alola, L87, F|246/246\n|turn|12\n|\n|t:|1781448876\n|move|p1a: Raichu|Nasty Plot|p1a: Raichu\n|-boost|p1a: Raichu|spa|2\n|move|p2a: Plusle|Thunderbolt|p1a: Raichu\n|-resisted|p1a: Raichu\n|-damage|p1a: Raichu|54/246\n|-damage|p2a: Plusle|216/268|[from] item: Life Orb\n|\n|upkeep\n|turn|13\n|\n|t:|1781448890\n|move|p1a: Raichu|Psyshock|p2a: Plusle\n|-damage|p2a: Plusle|0 fnt\n|faint|p2a: Plusle\n|-damage|p1a: Raichu|30/246|[from] item: Life Orb\n|\n|upkeep\n|\n|t:|1781448902\n|switch|p2a: Regidrago|Regidrago, L77|435/435\n|turn|14\n|\n|t:|1781448906\n|move|p1a: Raichu|Psyshock|p2a: Regidrago\n|-damage|p2a: Regidrago|45/435\n|-damage|p1a: Raichu|6/246|[from] item: Life Orb\n|move|p2a: Regidrago|Dragon Dance|p2a: Regidrago\n|-boost|p2a: Regidrago|atk|1\n|-boost|p2a: Regidrago|spe|1\n|\n|-fieldend|move: Electric Terrain\n|upkeep\n|turn|15\n|\n|t:|1781448917\n|move|p2a: Regidrago|Earthquake|p1a: Raichu\n|-supereffective|p1a: Raichu\n|-damage|p1a: Raichu|0 fnt\n|faint|p1a: Raichu\n|\n|upkeep\n|\n|t:|1781448921\n|switch|p1a: Mismagius|Mismagius, L86, F|243/243\n|turn|16\n|\n|t:|1781448928\n|move|p2a: Regidrago|Outrage|p1a: Mismagius\n|-damage|p1a: Mismagius|0 fnt\n|faint|p1a: Mismagius\n|\n|upkeep\n|\n|t:|1781448933\n|switch|p1a: Miraidon|Miraidon, L65|238/238\n|-fieldstart|move: Electric Terrain|[from] ability: Hadron Engine|[of] p1a: Miraidon\n|turn|17\n|c|\u2606kylerr|Gg\n|\n|t:|1781448941\n|-terastallize|p1a: Miraidon|Electric\n|move|p2a: Regidrago|Outrage|p1a: Miraidon|[from] lockedmove\n|-damage|p1a: Miraidon|0 fnt\n|faint|p1a: Miraidon\n|\n|win|kylerr\n|raw|chopperchwan's rating: 1719 &rarr; <strong>1697</strong><br />(-22 for losing)\n|raw|kylerr's rating: 1691 &rarr; <strong>1713</strong><br />(+22 for winning)\n|l|\u2606chopperchwan\n|player|p1|\n", "inputlog": ">version a8376a258c1d4662feba110a92103f3664a72141\n>start {\"formatid\":\"gen9randombattle\",\"seed\":\"sodium,3381eff17a633b2711bb9e272df383e7\",\"rated\":\"Rated battle\"}\n>player p1 {\"name\":\"chopperchwan\",\"avatar\":\"ninjaboy\",\"rating\":1719,\"seed\":\"sodium,75c72e54ea769930508bedaf86f1ee45\"}\n>player p2 {\"name\":\"kylerr\",\"avatar\":\"cameraman\",\"rating\":1691,\"seed\":\"sodium,98456010429506db0d3f8baf3838f605\"}\n>p1 switch 3\n>p2 switch 3\n>p1 switch 4\n>p2 move toxic\n>p1 move weatherball\n>p2 switch 6\n>p1 switch 6\n>p2 switch 6\n>p1 switch 6\n>p2 move poltergeist\n>p1 move hurricane\n>p2 move shadowsneak\n>p1 move hurricane\n>p2 move shadowsneak\n>p1 switch 2\n>p1 move earthquake\n>p2 move foulplay\n>p1 move suckerpunch\n>p2 move shadowsneak\n>p1 switch 3\n>p2 switch 2\n>p1 switch 4\n>p2 move nastyplot\n>p1 move cosmicpower\n>p2 move thunderbolt\n>p1 switch 6\n>p1 move nastyplot\n>p2 move thunderbolt\n>p1 move psyshock\n>p2 move thunderbolt\n>p2 switch 3\n>p1 move psyshock\n>p2 move dragondance\n>p1 move psyshock\n>p2 move earthquake\n>p1 switch 5\n>p1 move shadowball\n>p2 move outrage\n>p1 switch 4\n>chat \u2606kylerr|Gg\n>p1 move electrodrift terastallize\n>p2 move outrage", "uploadtime": 1781448952, "views": 7, "formatid": "gen9randombattle", "rating": 1697, "private": 0, "password": null, "player_dets": [{"name": "chopperchwan", "avatar": "ninjaboy", "rating": 1719, "seed": "sodium,75c72e54ea769930508bedaf86f1ee45"}, {"name": "kylerr", "avatar": "cameraman", "rating": 1691, "seed": "sodium,98456010429506db0d3f8baf3838f605"}], "teams_full": [{"Miraidon": {"name": "Miraidon", "species": "Miraidon", "speciesId": "miraidon", "gender": "N", "shiny": false, "level": 65, "moves": ["voltswitch", "overheat", "electrodrift", "dracometeor"], "ability": "Hadron Engine", "evs": {"hp": 85, "atk": 0, "def": 85, "spa": 85, "spd": 85, "spe": 85}, "ivs": {"hp": 31, "atk": 0, "def": 31, "spa": 31, "spd": 31, "spe": 31}, "item": "Choice Specs", "teraType": "Electric", "role": "Fast Attacker", "bvs": {"hp": 100, "atk": 85, "def": 100, "spa": 135, "spd": 115, "spe": 135}, "stats": {"hp": 238, "atk": 115, "def": 168, "spa": 214, "spd": 188, "spe": 214}, "types": ["Electric", "Dragon"]}, "Dugtrio": {"name": "Dugtrio", "species": "Dugtrio", "speciesId": "dugtrio", "gender": "F", "shiny": false, "level": 84, "moves": ["suckerpunch", "stoneedge", "swordsdance", "earthquake"], "ability": "Arena Trap", "evs": {"hp": 85, "atk": 85, "def": 85, "spa": 85, "spd": 85, "spe": 85}, "ivs": {"hp": 31, "atk": 31, "def": 31, "spa": 31, "spd": 31, "spe": 31}, "item": "Life Orb", "teraType": "Ground", "role": "Fast Support", "bvs": {"hp": 35, "atk": 100, "def": 50, "spa": 50, "spd": 70, "spe": 120}, "stats": {"hp": 196, "atk": 216, "def": 132, "spa": 132, "spd": 166, "spe": 250}, "types": ["Ground"]}, "Chimecho": {"name": "Chimecho", "species": "Chimecho", "speciesId": "chimecho", "gender": "M", "shiny": false, "level": 93, "moves": ["storedpower", "dazzlinggleam", "recover", "cosmicpower"], "ability": "Levitate", "evs": {"hp": 85, "atk": 0, "def": 85, "spa": 85, "spd": 85, "spe": 85}, "ivs": {"hp": 31, "atk": 0, "def": 31, "spa": 31, "spd": 31, "spe": 31}, "item": "Leftovers", "teraType": "Steel", "role": "Bulky Attacker", "bvs": {"hp": 75, "atk": 50, "def": 80, "spa": 95, "spd": 90, "spe": 65}, "stats": {"hp": 290, "atk": 98, "def": 202, "spa": 230, "spd": 220, "spe": 174}, "types": ["Psychic"]}, "Pelipper": {"name": "Pelipper", "species": "Pelipper", "speciesId": "pelipper", "gender": "F", "shiny": false, "level": 86, "moves": ["uturn", "hurricane", "hydropump", "weatherball"], "ability": "Drizzle", "evs": {"hp": 85, "atk": 85, "def": 85, "spa": 85, "spd": 85, "spe": 85}, "ivs": {"hp": 31, "atk": 31, "def": 31, "spa": 31, "spd": 31, "spe": 31}, "item": "Choice Specs", "teraType": "Water", "role": "Wallbreaker", "bvs": {"hp": 60, "atk": 50, "def": 100, "spa": 95, "spd": 70, "spe": 65}, "stats": {"hp": 243, "atk": 135, "def": 221, "spa": 213, "spd": 170, "spe": 161}, "types": ["Water", "Flying"]}, "Mismagius": {"name": "Mismagius", "species": "Mismagius", "speciesId": "mismagius", "gender": "F", "shiny": false, "level": 86, "moves": ["substitute", "terablast", "nastyplot", "shadowball"], "ability": "Levitate", "evs": {"hp": 85, "atk": 0, "def": 85, "spa": 85, "spd": 85, "spe": 85}, "ivs": {"hp": 31, "atk": 0, "def": 31, "spa": 31, "spd": 31, "spe": 31}, "item": "Leftovers", "teraType": "Fighting", "role": "Tera Blast user", "bvs": {"hp": 60, "atk": 60, "def": 60, "spa": 105, "spd": 105, "spe": 105}, "stats": {"hp": 243, "atk": 108, "def": 152, "spa": 230, "spd": 230, "spe": 230}, "types": ["Ghost"]}, "Raichu": {"name": "Raichu", "species": "Raichu-Alola", "speciesId": "raichualola", "gender": "F", "shiny": false, "level": 87, "moves": ["psyshock", "nastyplot", "thunderbolt", "grassknot"], "ability": "Surge Surfer", "evs": {"hp": 85, "atk": 0, "def": 85, "spa": 85, "spd": 85, "spe": 85}, "ivs": {"hp": 31, "atk": 0, "def": 31, "spa": 31, "spd": 31, "spe": 31}, "item": "Life Orb", "teraType": "Grass", "role": "Setup Sweeper", "bvs": {"hp": 60, "atk": 85, "def": 50, "spa": 95, "spd": 85, "spe": 110}, "stats": {"hp": 246, "atk": 152, "def": 137, "spa": 215, "spd": 198, "spe": 241}, "types": ["Electric", "Psychic"]}}, {"Regidrago": {"name": "Regidrago", "species": "Regidrago", "speciesId": "regidrago", "gender": "N", "shiny": false, "level": 77, "moves": ["dracometeor", "earthquake", "outrage", "dragondance"], "ability": "Dragon's Maw", "evs": {"hp": 85, "atk": 85, "def": 85, "spa": 85, "spd": 85, "spe": 85}, "ivs": {"hp": 31, "atk": 31, "def": 31, "spa": 31, "spd": 31, "spe": 31}, "item": "Lum Berry", "teraType": "Dragon", "role": "Setup Sweeper", "bvs": {"hp": 200, "atk": 100, "def": 50, "spa": 100, "spd": 50, "spe": 80}, "stats": {"hp": 435, "atk": 199, "def": 122, "spa": 199, "spd": 122, "spe": 168}, "types": ["Dragon"]}, "Plusle": {"name": "Plusle", "species": "Plusle", "speciesId": "plusle", "gender": "M", "shiny": false, "level": 95, "moves": ["grassknot", "thunderbolt", "nastyplot", "encore"], "ability": "Lightning Rod", "evs": {"hp": 85, "atk": 0, "def": 85, "spa": 85, "spd": 85, "spe": 85}, "ivs": {"hp": 31, "atk": 0, "def": 31, "spa": 31, "spd": 31, "spe": 31}, "item": "Life Orb", "teraType": "Electric", "role": "Setup Sweeper", "bvs": {"hp": 60, "atk": 50, "def": 40, "spa": 85, "spd": 75, "spe": 95}, "stats": {"hp": 268, "atk": 100, "def": 130, "spa": 215, "spd": 196, "spe": 234}, "types": ["Electric"]}, "Spiritomb": {"name": "Spiritomb", "species": "Spiritomb", "speciesId": "spiritomb", "gender": "M", "shiny": false, "level": 89, "moves": ["toxic", "shadowsneak", "poltergeist", "foulplay"], "ability": "Infiltrator", "evs": {"hp": 85, "atk": 85, "def": 85, "spa": 85, "spd": 85, "spe": 85}, "ivs": {"hp": 31, "atk": 31, "def": 31, "spa": 31, "spd": 31, "spe": 31}, "item": "Leftovers", "teraType": "Steel", "role": "Bulky Support", "bvs": {"hp": 50, "atk": 92, "def": 108, "spa": 92, "spd": 108, "spe": 35}, "stats": {"hp": 234, "atk": 215, "def": 243, "spa": 215, "spd": 243, "spe": 113}, "types": ["Ghost", "Dark"]}, "Toxtricity": {"name": "Toxtricity", "species": "Toxtricity", "speciesId": "toxtricity", "gender": "F", "shiny": false, "level": 82, "moves": ["boomburst", "voltswitch", "overdrive", "sludgewave"], "ability": "Punk Rock", "evs": {"hp": 85, "atk": 0, "def": 85, "spa": 85, "spd": 85, "spe": 85}, "ivs": {"hp": 31, "atk": 0, "def": 31, "spa": 31, "spd": 31, "spe": 31}, "item": "Choice Specs", "teraType": "Normal", "role": "Fast Attacker", "bvs": {"hp": 75, "atk": 98, "def": 70, "spa": 114, "spd": 70, "spe": 75}, "stats": {"hp": 257, "atk": 165, "def": 162, "spa": 234, "spd": 162, "spe": 170}, "types": ["Electric", "Poison"]}, "Grumpig": {"name": "Grumpig", "species": "Grumpig", "speciesId": "grumpig", "gender": "F", "shiny": false, "level": 92, "moves": ["psychic", "earthpower", "shadowball", "focusblast"], "ability": "Thick Fat", "evs": {"hp": 85, "atk": 0, "def": 85, "spa": 85, "spd": 85, "spe": 85}, "ivs": {"hp": 31, "atk": 0, "def": 31, "spa": 31, "spd": 31, "spe": 31}, "item": "Choice Specs", "teraType": "Psychic", "role": "Bulky Attacker", "bvs": {"hp": 80, "atk": 45, "def": 65, "spa": 90, "spd": 110, "spe": 80}, "stats": {"hp": 297, "atk": 87, "def": 172, "spa": 218, "spd": 255, "spe": 200}, "types": ["Psychic"]}, "Rayquaza": {"name": "Rayquaza", "species": "Rayquaza", "speciesId": "rayquaza", "gender": "N", "shiny": false, "level": 72, "moves": ["scaleshot", "swordsdance", "dragonascent", "earthquake"], "ability": "Air Lock", "evs": {"hp": 85, "atk": 85, "def": 85, "spa": 85, "spd": 85, "spe": 85}, "ivs": {"hp": 31, "atk": 31, "def": 31, "spa": 31, "spd": 31, "spe": 31}, "item": "Loaded Dice", "teraType": "Steel", "role": "Fast Bulky Setup", "bvs": {"hp": 105, "atk": 150, "def": 90, "spa": 150, "spd": 90, "spe": 95}, "stats": {"hp": 270, "atk": 258, "def": 172, "spa": 258, "spd": 172, "spe": 179}, "types": ["Dragon", "Flying"]}}]}