{"id": "gen9randombattle-2631610419", "format": "[Gen 9] Random Battle", "players": ["Deleuzional", "funybuny"], "log": "|j|\u2606Deleuzional\n|j|\u2606funybuny\n|t:|1781408490\n|gametype|singles\n|player|p1|Deleuzional|169|1971\n|player|p2|funybuny|roxie|1923\n|gen|9\n|tier|[Gen 9] Random Battle\n|rated|\n|rule|Species Clause: Limit one of each Pok\u00e9mon\n|rule|HP Percentage Mod: HP is shown in percentages\n|rule|Sleep Clause Mod: Limit one foe put to sleep\n|rule|Illusion Level Mod: Illusion disguises the Pok\u00e9mon's true level\n|\n|t:|1781408490\n|teamsize|p1|6\n|teamsize|p2|6\n|start\n|switch|p1a: Barraskewda|Barraskewda, L81, M|231/231\n|switch|p2a: Mudsdale|Mudsdale, L83, M|302/302\n|turn|1\n|\n|t:|1781408500\n|switch|p2a: Wo-Chien|Wo-Chien, L83|277/277\n|-ability|p2a: Wo-Chien|Tablets of Ruin\n|move|p1a: Barraskewda|Flip Turn|p2a: Wo-Chien\n|-resisted|p2a: Wo-Chien\n|-damage|p2a: Wo-Chien|241/277\n|\n|t:|1781408519\n|switch|p1a: Arbok|Arbok, L87, M|246/246|[from] Flip Turn\n|-ability|p1a: Arbok|Intimidate|boost\n|-unboost|p2a: Wo-Chien|atk|1\n|\n|-heal|p2a: Wo-Chien|258/277|[from] item: Leftovers\n|upkeep\n|turn|2\n|\n|t:|1781408540\n|switch|p2a: Mudsdale|Mudsdale, L83, M|302/302\n|move|p1a: Arbok|Gunk Shot|p2a: Mudsdale\n|-resisted|p2a: Mudsdale\n|-damage|p2a: Mudsdale|224/302\n|-ability|p2a: Mudsdale|Stamina|boost\n|-boost|p2a: Mudsdale|def|1\n|-damage|p1a: Arbok|222/246|[from] item: Life Orb\n|\n|-heal|p2a: Mudsdale|242/302|[from] item: Leftovers\n|upkeep\n|turn|3\n|\n|t:|1781408552\n|move|p1a: Arbok|Glare|p2a: Mudsdale\n|-status|p2a: Mudsdale|par\n|move|p2a: Mudsdale|Stealth Rock|p1a: Arbok\n|-sidestart|p1: Deleuzional|move: Stealth Rock\n|\n|-heal|p2a: Mudsdale|260/302 par|[from] item: Leftovers\n|upkeep\n|turn|4\n|\n|t:|1781408585\n|switch|p1a: Barraskewda|Barraskewda, L81, M|231/231\n|-damage|p1a: Barraskewda|203/231|[from] Stealth Rock\n|move|p2a: Mudsdale|Roar|p1a: Barraskewda\n|drag|p1a: Hitmonchan|Hitmonchan, L87, M|229/229\n|-damage|p1a: Hitmonchan|215/229|[from] Stealth Rock\n|\n|-heal|p1a: Hitmonchan|229/229|[from] item: Leftovers\n|-heal|p2a: Mudsdale|278/302 par|[from] item: Leftovers\n|upkeep\n|turn|5\n|\n|t:|1781408594\n|move|p1a: Hitmonchan|Bulk Up|p1a: Hitmonchan\n|-boost|p1a: Hitmonchan|atk|1\n|-boost|p1a: Hitmonchan|def|1\n|move|p2a: Mudsdale|Earthquake|p1a: Hitmonchan\n|-damage|p1a: Hitmonchan|136/229\n|\n|-heal|p1a: Hitmonchan|150/229|[from] item: Leftovers\n|-heal|p2a: Mudsdale|296/302 par|[from] item: Leftovers\n|upkeep\n|turn|6\n|\n|t:|1781408603\n|move|p1a: Hitmonchan|Knock Off|p2a: Mudsdale\n|-damage|p2a: Mudsdale|224/302 par\n|-ability|p2a: Mudsdale|Stamina|boost\n|-boost|p2a: Mudsdale|def|1\n|-enditem|p2a: Mudsdale|Leftovers|[from] move: Knock Off|[of] p1a: Hitmonchan\n|move|p2a: Mudsdale|Roar|p1a: Hitmonchan\n|drag|p1a: Ribombee|Ribombee, L83, F|235/235\n|\n|upkeep\n|turn|7\n|\n|t:|1781408612\n|move|p1a: Ribombee|Moonblast|p2a: Mudsdale\n|-damage|p2a: Mudsdale|118/302 par\n|-ability|p2a: Mudsdale|Stamina|boost\n|-boost|p2a: Mudsdale|def|1\n|move|p2a: Mudsdale|Heavy Slam|p1a: Ribombee\n|-supereffective|p1a: Ribombee\n|-damage|p1a: Ribombee|0 fnt\n|faint|p1a: Ribombee\n|\n|upkeep\n|\n|t:|1781408624\n|switch|p1a: Lanturn|Lanturn, L89, F|367/367\n|turn|8\n|\n|t:|1781408627\n|switch|p2a: Wo-Chien|Wo-Chien, L83|258/277\n|-ability|p2a: Wo-Chien|Tablets of Ruin\n|move|p1a: Lanturn|Scald|p2a: Wo-Chien\n|-resisted|p2a: Wo-Chien\n|-damage|p2a: Wo-Chien|230/277\n|-status|p2a: Wo-Chien|brn\n|\n|-heal|p2a: Wo-Chien|247/277 brn|[from] item: Leftovers\n|-damage|p2a: Wo-Chien|230/277 brn|[from] brn\n|upkeep\n|turn|9\n|\n|t:|1781408649\n|move|p1a: Lanturn|Volt Switch|p2a: Wo-Chien\n|-resisted|p2a: Wo-Chien\n|-damage|p2a: Wo-Chien|205/277 brn\n|\n|t:|1781408658\n|switch|p1a: Hitmonchan|Hitmonchan, L87, M|150/229|[from] Volt Switch\n|-damage|p1a: Hitmonchan|136/229|[from] Stealth Rock\n|move|p2a: Wo-Chien|Leech Seed|p1a: Hitmonchan\n|-start|p1a: Hitmonchan|move: Leech Seed\n|\n|-heal|p1a: Hitmonchan|150/229|[from] item: Leftovers\n|-heal|p2a: Wo-Chien|222/277 brn|[from] item: Leftovers\n|-damage|p1a: Hitmonchan|122/229|[from] Leech Seed|[of] p2a: Wo-Chien\n|-heal|p2a: Wo-Chien|250/277 brn|[silent]\n|-damage|p2a: Wo-Chien|233/277 brn|[from] brn\n|upkeep\n|turn|10\n|\n|t:|1781408670\n|switch|p2a: Mudsdale|Mudsdale, L83, M|118/302 par\n|move|p1a: Hitmonchan|Drain Punch|p2a: Mudsdale\n|-damage|p2a: Mudsdale|18/302 par\n|-heal|p1a: Hitmonchan|172/229|[from] drain|[of] p2a: Mudsdale\n|-ability|p2a: Mudsdale|Stamina|boost\n|-boost|p2a: Mudsdale|def|1\n|\n|-heal|p1a: Hitmonchan|186/229|[from] item: Leftovers\n|-damage|p1a: Hitmonchan|158/229|[from] Leech Seed|[of] p2a: Mudsdale\n|-heal|p2a: Mudsdale|46/302 par|[silent]\n|upkeep\n|turn|11\n|\n|t:|1781408681\n|switch|p2a: Annihilape|Annihilape, L76, F|292/292\n|move|p1a: Hitmonchan|Drain Punch|p2a: Annihilape\n|-immune|p2a: Annihilape\n|\n|-heal|p1a: Hitmonchan|172/229|[from] item: Leftovers\n|-damage|p1a: Hitmonchan|144/229|[from] Leech Seed|[of] p2a: Annihilape\n|upkeep\n|turn|12\n|\n|t:|1781408692\n|switch|p1a: Lanturn|Lanturn, L89, F|367/367\n|move|p2a: Annihilape|Drain Punch|p1a: Lanturn\n|-damage|p1a: Lanturn|277/367\n|\n|upkeep\n|turn|13\n|\n|t:|1781408705\n|switch|p2a: Wo-Chien|Wo-Chien, L83|233/277 brn\n|-ability|p2a: Wo-Chien|Tablets of Ruin\n|move|p1a: Lanturn|Thunderbolt|p2a: Wo-Chien\n|-resisted|p2a: Wo-Chien\n|-damage|p2a: Wo-Chien|198/277 brn\n|\n|-heal|p2a: Wo-Chien|215/277 brn|[from] item: Leftovers\n|-damage|p2a: Wo-Chien|198/277 brn|[from] brn\n|upkeep\n|turn|14\n|\n|t:|1781408716\n|move|p1a: Lanturn|Volt Switch|p2a: Wo-Chien\n|-resisted|p2a: Wo-Chien\n|-damage|p2a: Wo-Chien|173/277 brn\n|\n|t:|1781408721\n|switch|p1a: Arbok|Arbok, L87, M|222/246|[from] Volt Switch\n|-damage|p1a: Arbok|192/246|[from] Stealth Rock\n|-ability|p1a: Arbok|Intimidate|boost\n|-unboost|p2a: Wo-Chien|atk|1\n|move|p2a: Wo-Chien|Leech Seed|p1a: Arbok\n|-start|p1a: Arbok|move: Leech Seed\n|\n|-heal|p2a: Wo-Chien|190/277 brn|[from] item: Leftovers\n|-damage|p1a: Arbok|162/246|[from] Leech Seed|[of] p2a: Wo-Chien\n|-heal|p2a: Wo-Chien|220/277 brn|[silent]\n|-damage|p2a: Wo-Chien|203/277 brn|[from] brn\n|upkeep\n|turn|15\n|\n|t:|1781408735\n|move|p2a: Wo-Chien|Protect|p2a: Wo-Chien\n|-singleturn|p2a: Wo-Chien|Protect\n|move|p1a: Arbok|Knock Off|p2a: Wo-Chien\n|-activate|p2a: Wo-Chien|move: Protect\n|\n|-heal|p2a: Wo-Chien|220/277 brn|[from] item: Leftovers\n|-damage|p1a: Arbok|132/246|[from] Leech Seed|[of] p2a: Wo-Chien\n|-heal|p2a: Wo-Chien|250/277 brn|[silent]\n|-damage|p2a: Wo-Chien|233/277 brn|[from] brn\n|upkeep\n|turn|16\n|\n|t:|1781408745\n|switch|p2a: Mudsdale|Mudsdale, L83, M|46/302 par\n|move|p1a: Arbok|Knock Off|p2a: Mudsdale\n|-damage|p2a: Mudsdale|0 fnt\n|faint|p2a: Mudsdale\n|-damage|p1a: Arbok|108/246|[from] item: Life Orb\n|\n|upkeep\n|\n|t:|1781408766\n|switch|p2a: Raichu|Raichu, L88, M|249/249\n|turn|17\n|\n|t:|1781408771\n|switch|p1a: Golurk|Golurk, L87|297/297\n|-damage|p1a: Golurk|279/297|[from] Stealth Rock\n|move|p2a: Raichu|Thunderbolt|p1a: Golurk\n|-immune|p1a: Golurk\n|\n|upkeep\n|turn|18\n|\n|t:|1781408781\n|-terastallize|p2a: Raichu|Water\n|move|p2a: Raichu|Surf|p1a: Golurk\n|-supereffective|p1a: Golurk\n|-damage|p1a: Golurk|0 fnt\n|faint|p1a: Golurk\n|-damage|p2a: Raichu|225/249|[from] item: Life Orb\n|\n|upkeep\n|-message|Deleuzional forfeited.\n|\n|win|funybuny\n", "inputlog": ">version a8376a258c1d4662feba110a92103f3664a72141\n>start {\"formatid\":\"gen9randombattle\",\"seed\":\"sodium,118c39a83ebabf804a6be3b0d0288cdd\",\"rated\":\"Rated battle\"}\n>player p1 {\"name\":\"Deleuzional\",\"avatar\":\"169\",\"rating\":1971,\"seed\":\"sodium,7a773f03abe51f0f1f89011f2a042732\"}\n>player p2 {\"name\":\"funybuny\",\"avatar\":\"roxie\",\"rating\":1923,\"seed\":\"sodium,f6137e43e9afda0879e695dd44317375\"}\n>p1 move flipturn\n>p2 switch 4\n>p1 switch 6\n>p1 move gunkshot\n>p2 switch 4\n>p1 move glare\n>p2 move stealthrock\n>p1 switch 6\n>p2 move roar\n>p1 move bulkup\n>p2 move earthquake\n>p1 move knockoff\n>p2 move roar\n>p1 move moonblast\n>p2 move heavyslam\n>p1 switch 4\n>p1 move scald\n>p2 switch 4\n>p1 move voltswitch\n>p2 move leechseed\n>p1 switch 2\n>p1 move drainpunch\n>p2 switch 4\n>p1 move drainpunch\n>p2 switch 3\n>p1 switch 2\n>p2 move drainpunch\n>p1 move thunderbolt\n>p2 switch 4\n>p1 move voltswitch\n>p2 move leechseed\n>p1 switch 6\n>p1 move knockoff\n>p2 move protect\n>p1 move knockoff\n>p2 switch 3\n>p2 switch 6\n>p1 switch 5\n>p2 move thunderbolt\n>p1 move dynamicpunch\n>p2 move surf terastallize\n>forcelose p1", "uploadtime": 1781408492, "views": 4, "formatid": "gen9randombattle", "rating": null, "private": 0, "password": null, "player_dets": [{"name": "Deleuzional", "avatar": "169", "rating": 1971, "seed": "sodium,7a773f03abe51f0f1f89011f2a042732"}, {"name": "funybuny", "avatar": "roxie", "rating": 1923, "seed": "sodium,f6137e43e9afda0879e695dd44317375"}], "teams_full": [{"Barraskewda": {"name": "Barraskewda", "species": "Barraskewda", "speciesId": "barraskewda", "gender": "M", "shiny": false, "level": 81, "moves": ["psychicfangs", "flipturn", "waterfall", "closecombat"], "ability": "Swift Swim", "evs": {"hp": 85, "atk": 85, "def": 85, "spa": 85, "spd": 85, "spe": 85}, "ivs": {"hp": 31, "atk": 31, "def": 31, "spa": 31, "spd": 31, "spe": 31}, "item": "Choice Band", "teraType": "Fighting", "role": "Wallbreaker", "bvs": {"hp": 61, "atk": 123, "def": 60, "spa": 60, "spd": 50, "spe": 136}, "stats": {"hp": 231, "atk": 246, "def": 144, "spa": 144, "spd": 128, "spe": 267}, "types": ["Water"]}, "Ribombee": {"name": "Ribombee", "species": "Ribombee", "speciesId": "ribombee", "gender": "F", "shiny": false, "level": 83, "moves": ["bugbuzz", "moonblast", "quiverdance", "terablast"], "ability": "Shield Dust", "evs": {"hp": 85, "atk": 0, "def": 85, "spa": 85, "spd": 85, "spe": 85}, "ivs": {"hp": 31, "atk": 0, "def": 31, "spa": 31, "spd": 31, "spe": 31}, "item": "Heavy-Duty Boots", "teraType": "Ground", "role": "Tera Blast user", "bvs": {"hp": 60, "atk": 55, "def": 60, "spa": 95, "spd": 70, "spe": 124}, "stats": {"hp": 235, "atk": 96, "def": 147, "spa": 205, "spd": 164, "spe": 254}, "types": ["Bug", "Fairy"]}, "Hitmonchan": {"name": "Hitmonchan", "species": "Hitmonchan", "speciesId": "hitmonchan", "gender": "M", "shiny": false, "level": 87, "moves": ["drainpunch", "knockoff", "poisonjab", "bulkup"], "ability": "Iron Fist", "evs": {"hp": 85, "atk": 85, "def": 85, "spa": 85, "spd": 85, "spe": 85}, "ivs": {"hp": 31, "atk": 31, "def": 31, "spa": 31, "spd": 31, "spe": 31}, "item": "Leftovers", "teraType": "Dark", "role": "Bulky Setup", "bvs": {"hp": 50, "atk": 105, "def": 79, "spa": 35, "spd": 110, "spe": 76}, "stats": {"hp": 229, "atk": 232, "def": 187, "spa": 111, "spd": 241, "spe": 182}, "types": ["Fighting"]}, "Lanturn": {"name": "Lanturn", "species": "Lanturn", "speciesId": "lanturn", "gender": "F", "shiny": false, "level": 89, "moves": ["thunderwave", "scald", "voltswitch", "thunderbolt"], "ability": "Volt Absorb", "evs": {"hp": 85, "atk": 0, "def": 85, "spa": 85, "spd": 85, "spe": 85}, "ivs": {"hp": 31, "atk": 0, "def": 31, "spa": 31, "spd": 31, "spe": 31}, "item": "Heavy-Duty Boots", "teraType": "Flying", "role": "Fast Support", "bvs": {"hp": 125, "atk": 58, "def": 58, "spa": 76, "spd": 76, "spe": 67}, "stats": {"hp": 367, "atk": 108, "def": 154, "spa": 186, "spd": 186, "spe": 170}, "types": ["Water", "Electric"]}, "Golurk": {"name": "Golurk", "species": "Golurk", "speciesId": "golurk", "gender": "N", "shiny": false, "level": 87, "moves": ["poltergeist", "dynamicpunch", "earthquake", "stoneedge"], "ability": "No Guard", "evs": {"hp": 85, "atk": 85, "def": 85, "spa": 85, "spd": 85, "spe": 85}, "ivs": {"hp": 31, "atk": 31, "def": 31, "spa": 31, "spd": 31, "spe": 31}, "item": "Choice Band", "teraType": "Ghost", "role": "Wallbreaker", "bvs": {"hp": 89, "atk": 124, "def": 80, "spa": 55, "spd": 80, "spe": 55}, "stats": {"hp": 297, "atk": 266, "def": 189, "spa": 145, "spd": 189, "spe": 145}, "types": ["Ground", "Ghost"]}, "Arbok": {"name": "Arbok", "species": "Arbok", "speciesId": "arbok", "gender": "M", "shiny": false, "level": 87, "moves": ["glare", "gunkshot", "earthquake", "knockoff"], "ability": "Intimidate", "evs": {"hp": 85, "atk": 85, "def": 85, "spa": 85, "spd": 85, "spe": 85}, "ivs": {"hp": 31, "atk": 31, "def": 31, "spa": 31, "spd": 31, "spe": 31}, "item": "Life Orb", "teraType": "Dark", "role": "Fast Support", "bvs": {"hp": 60, "atk": 95, "def": 69, "spa": 65, "spd": 79, "spe": 80}, "stats": {"hp": 246, "atk": 215, "def": 170, "spa": 163, "spd": 187, "spe": 189}, "types": ["Poison"]}}, {"Mudsdale": {"name": "Mudsdale", "species": "Mudsdale", "speciesId": "mudsdale", "gender": "M", "shiny": false, "level": 83, "moves": ["heavyslam", "earthquake", "stealthrock", "roar"], "ability": "Stamina", "evs": {"hp": 85, "atk": 85, "def": 85, "spa": 85, "spd": 85, "spe": 85}, "ivs": {"hp": 31, "atk": 31, "def": 31, "spa": 31, "spd": 31, "spe": 31}, "item": "Leftovers", "teraType": "Steel", "role": "Bulky Attacker", "bvs": {"hp": 100, "atk": 125, "def": 100, "spa": 55, "spd": 85, "spe": 35}, "stats": {"hp": 302, "atk": 255, "def": 214, "spa": 139, "spd": 189, "spe": 106}, "types": ["Ground"]}, "Volbeat": {"name": "Volbeat", "species": "Volbeat", "speciesId": "volbeat", "gender": "M", "shiny": false, "level": 90, "moves": ["encore", "lunge", "thunderwave", "roost"], "ability": "Prankster", "evs": {"hp": 85, "atk": 85, "def": 85, "spa": 85, "spd": 85, "spe": 85}, "ivs": {"hp": 31, "atk": 31, "def": 31, "spa": 31, "spd": 31, "spe": 31}, "item": "Heavy-Duty Boots", "teraType": "Water", "role": "Bulky Attacker", "bvs": {"hp": 65, "atk": 73, "def": 75, "spa": 47, "spd": 85, "spe": 85}, "stats": {"hp": 263, "atk": 183, "def": 186, "spa": 136, "spd": 204, "spe": 204}, "types": ["Bug"]}, "Annihilape": {"name": "Annihilape", "species": "Annihilape", "speciesId": "annihilape", "gender": "F", "shiny": false, "level": 76, "moves": ["ragefist", "taunt", "bulkup", "drainpunch"], "ability": "Defiant", "evs": {"hp": 85, "atk": 85, "def": 85, "spa": 85, "spd": 85, "spe": 85}, "ivs": {"hp": 31, "atk": 31, "def": 31, "spa": 31, "spd": 31, "spe": 31}, "item": "Leftovers", "teraType": "Water", "role": "Bulky Setup", "bvs": {"hp": 110, "atk": 115, "def": 80, "spa": 50, "spd": 90, "spe": 90}, "stats": {"hp": 292, "atk": 219, "def": 166, "spa": 120, "spd": 181, "spe": 181}, "types": ["Fighting", "Ghost"]}, "Wo-Chien": {"name": "Wo-Chien", "species": "Wo-Chien", "speciesId": "wochien", "gender": "N", "shiny": false, "level": 83, "moves": ["knockoff", "stunspore", "protect", "leechseed"], "ability": "Tablets of Ruin", "evs": {"hp": 85, "atk": 85, "def": 85, "spa": 85, "spd": 85, "spe": 85}, "ivs": {"hp": 31, "atk": 31, "def": 31, "spa": 31, "spd": 31, "spe": 31}, "item": "Leftovers", "teraType": "Poison", "role": "Bulky Support", "bvs": {"hp": 85, "atk": 85, "def": 100, "spa": 95, "spd": 135, "spe": 70}, "stats": {"hp": 277, "atk": 189, "def": 214, "spa": 205, "spd": 272, "spe": 164}, "types": ["Dark", "Grass"]}, "Dunsparce": {"name": "Dunsparce", "species": "Dunsparce", "speciesId": "dunsparce", "gender": "M", "shiny": false, "level": 86, "moves": ["bodyslam", "roost", "coil", "earthquake"], "ability": "Serene Grace", "evs": {"hp": 85, "atk": 85, "def": 85, "spa": 85, "spd": 85, "spe": 85}, "ivs": {"hp": 31, "atk": 31, "def": 31, "spa": 31, "spd": 31, "spe": 31}, "item": "Eviolite", "teraType": "Ghost", "role": "Bulky Setup", "bvs": {"hp": 100, "atk": 70, "def": 70, "spa": 65, "spd": 65, "spe": 45}, "stats": {"hp": 312, "atk": 170, "def": 170, "spa": 161, "spd": 161, "spe": 127}, "types": ["Normal"]}, "Raichu": {"name": "Raichu", "species": "Raichu", "speciesId": "raichu", "gender": "M", "shiny": false, "level": 88, "moves": ["alluringvoice", "encore", "thunderbolt", "surf"], "ability": "Lightning Rod", "evs": {"hp": 85, "atk": 0, "def": 85, "spa": 85, "spd": 85, "spe": 85}, "ivs": {"hp": 31, "atk": 0, "def": 31, "spa": 31, "spd": 31, "spe": 31}, "item": "Life Orb", "teraType": "Water", "role": "Fast Support", "bvs": {"hp": 60, "atk": 90, "def": 55, "spa": 90, "spd": 80, "spe": 110}, "stats": {"hp": 249, "atk": 163, "def": 147, "spa": 209, "spd": 191, "spe": 244}, "types": ["Electric"]}}]}