{"id": "gen9randombattle-2631511674", "format": "[Gen 9] Random Battle", "players": ["Undertaker67", "Aoyama0811"], "log": "|j|\u2606Undertaker67\n|j|\u2606Aoyama0811\n|t:|1781394580\n|gametype|singles\n|player|p1|Undertaker67|n|2004\n|player|p2|Aoyama0811|acetrainerf|2041\n|gen|9\n|tier|[Gen 9] Random Battle\n|rated|\n|rule|Species Clause: Limit one of each Pok\u00e9mon\n|rule|HP Percentage Mod: HP is shown in percentages\n|rule|Sleep Clause Mod: Limit one foe put to sleep\n|rule|Illusion Level Mod: Illusion disguises the Pok\u00e9mon's true level\n|\n|t:|1781394580\n|teamsize|p1|6\n|teamsize|p2|6\n|start\n|switch|p1a: Dialga|Dialga-Origin, L73|266/266\n|switch|p2a: Eelektross|Eelektross, L87, M|290/290\n|-ability|p1a: Dialga|Pressure\n|turn|1\n|inactive|Battle timer is ON: inactive players will automatically lose when time's up. (requested by Aoyama0811)\n|\n|t:|1781394592\n|move|p2a: Eelektross|Discharge|p1a: Dialga\n|-resisted|p1a: Dialga\n|-damage|p1a: Dialga|221/266\n|-status|p1a: Dialga|par\n|move|p1a: Dialga|Dragon Tail|p2a: Eelektross|[miss]\n|-miss|p1a: Dialga|p2a: Eelektross\n|\n|upkeep\n|turn|2\n|\n|t:|1781394605\n|move|p2a: Eelektross|Flamethrower|p1a: Dialga\n|-damage|p1a: Dialga|151/266 par\n|move|p1a: Dialga|Stealth Rock|p2a: Eelektross\n|-sidestart|p2: Aoyama0811|move: Stealth Rock\n|\n|upkeep\n|turn|3\n|\n|t:|1781394613\n|move|p2a: Eelektross|Flamethrower|p1a: Dialga\n|-damage|p1a: Dialga|87/266 par\n|cant|p1a: Dialga|par\n|\n|upkeep\n|turn|4\n|\n|t:|1781394617\n|move|p2a: Eelektross|Flamethrower|p1a: Dialga\n|-damage|p1a: Dialga|28/266 par\n|move|p1a: Dialga|Dragon Tail|p2a: Eelektross\n|-damage|p2a: Eelektross|226/290\n|drag|p2a: Basculin|Basculin, L86, M|261/261\n|-damage|p2a: Basculin|229/261|[from] Stealth Rock\n|\n|upkeep\n|turn|5\n|\n|t:|1781394628\n|switch|p1a: Arboliva|Arboliva, L91, F|288/288\n|move|p2a: Basculin|Flip Turn|p1a: Arboliva\n|-resisted|p1a: Arboliva\n|-damage|p1a: Arboliva|230/288\n|\n|t:|1781394634\n|switch|p2a: Umbreon|Umbreon, L84, M|297/297|[from] Flip Turn\n|-damage|p2a: Umbreon|260/297|[from] Stealth Rock\n|\n|-heal|p2a: Umbreon|278/297|[from] item: Leftovers\n|upkeep\n|turn|6\n|\n|t:|1781394639\n|move|p1a: Arboliva|Protect|p1a: Arboliva\n|-singleturn|p1a: Arboliva|Protect\n|move|p2a: Umbreon|Toxic|p1a: Arboliva\n|-activate|p1a: Arboliva|move: Protect\n|\n|-heal|p2a: Umbreon|296/297|[from] item: Leftovers\n|upkeep\n|turn|7\n|\n|t:|1781394647\n|switch|p1a: Dialga|Dialga-Origin, L73|28/266 par\n|-ability|p1a: Dialga|Pressure\n|move|p2a: Umbreon|Toxic|p1a: Dialga|[miss]\n|-miss|p2a: Umbreon|p1a: Dialga\n|\n|-heal|p2a: Umbreon|297/297|[from] item: Leftovers\n|upkeep\n|turn|8\n|\n|t:|1781394654\n|move|p2a: Umbreon|Foul Play|p1a: Dialga\n|-damage|p1a: Dialga|0 fnt\n|faint|p1a: Dialga\n|\n|upkeep\n|\n|t:|1781394671\n|switch|p1a: Hitmonchan|Hitmonchan, L87, M|229/229\n|turn|9\n|\n|t:|1781394681\n|switch|p2a: Scream Tail|Scream Tail, L84|330/330\n|-damage|p2a: Scream Tail|289/330|[from] Stealth Rock\n|move|p1a: Hitmonchan|Swords Dance|p1a: Hitmonchan\n|-boost|p1a: Hitmonchan|atk|2\n|\n|-heal|p2a: Scream Tail|309/330|[from] item: Leftovers\n|upkeep\n|turn|10\n|\n|t:|1781394699\n|switch|p1a: Arboliva|Arboliva, L91, F|230/288\n|move|p2a: Scream Tail|Encore||[still]\n|-fail|p2a: Scream Tail\n|\n|-heal|p2a: Scream Tail|329/330|[from] item: Leftovers\n|upkeep\n|turn|11\n|\n|t:|1781394704\n|-end|p2a: Scream Tail|Protosynthesis|[silent]\n|switch|p2a: Umbreon|Umbreon, L84, M|297/297\n|-damage|p2a: Umbreon|260/297|[from] Stealth Rock\n|move|p1a: Arboliva|Leech Seed|p2a: Umbreon\n|-start|p2a: Umbreon|move: Leech Seed\n|\n|-heal|p2a: Umbreon|278/297|[from] item: Leftovers\n|-damage|p2a: Umbreon|241/297|[from] Leech Seed|[of] p1a: Arboliva\n|-heal|p1a: Arboliva|267/288|[silent]\n|upkeep\n|turn|12\n|\n|t:|1781394711\n|move|p1a: Arboliva|Protect|p1a: Arboliva\n|-singleturn|p1a: Arboliva|Protect\n|move|p2a: Umbreon|Wish|p2a: Umbreon\n|\n|-heal|p2a: Umbreon|259/297|[from] item: Leftovers\n|-damage|p2a: Umbreon|222/297|[from] Leech Seed|[of] p1a: Arboliva\n|-heal|p1a: Arboliva|288/288|[silent]\n|upkeep\n|turn|13\n|\n|t:|1781394717\n|switch|p1a: Hitmonchan|Hitmonchan, L87, M|229/229\n|move|p2a: Umbreon|Toxic|p1a: Hitmonchan\n|-status|p1a: Hitmonchan|tox\n|\n|-heal|p2a: Umbreon|297/297|[from] move: Wish|[wisher] Umbreon\n|-damage|p2a: Umbreon|260/297|[from] Leech Seed|[of] p1a: Hitmonchan\n|-damage|p1a: Hitmonchan|215/229 tox|[from] psn\n|upkeep\n|turn|14\n|\n|t:|1781394723\n|switch|p2a: Scream Tail|Scream Tail, L84|329/330\n|-damage|p2a: Scream Tail|288/330|[from] Stealth Rock\n|move|p1a: Hitmonchan|Knock Off|p2a: Scream Tail\n|-damage|p2a: Scream Tail|194/330\n|-enditem|p2a: Scream Tail|Leftovers|[from] move: Knock Off|[of] p1a: Hitmonchan\n|-damage|p1a: Hitmonchan|193/229 tox|[from] item: Life Orb\n|\n|-damage|p1a: Hitmonchan|165/229 tox|[from] psn\n|upkeep\n|turn|15\n|\n|t:|1781394745\n|switch|p1a: Arboliva|Arboliva, L91, F|288/288\n|move|p2a: Scream Tail|Wish|p2a: Scream Tail\n|\n|upkeep\n|turn|16\n|\n|t:|1781394754\n|move|p2a: Scream Tail|Protect|p2a: Scream Tail\n|-singleturn|p2a: Scream Tail|Protect\n|move|p1a: Arboliva|Substitute|p1a: Arboliva\n|-start|p1a: Arboliva|Substitute\n|-damage|p1a: Arboliva|216/288\n|\n|-heal|p2a: Scream Tail|330/330|[from] move: Wish|[wisher] Scream Tail\n|upkeep\n|turn|17\n|\n|t:|1781394759\n|move|p2a: Scream Tail|Encore|p1a: Arboliva\n|-start|p1a: Arboliva|Encore\n|move|p1a: Arboliva|Substitute|p1a: Arboliva\n|-fail|p1a: Arboliva|move: Substitute\n|\n|upkeep\n|turn|18\n|\n|t:|1781394778\n|switch|p1a: Hitmonchan|Hitmonchan, L87, M|165/229 tox\n|move|p2a: Scream Tail|Play Rough|p1a: Hitmonchan\n|-supereffective|p1a: Hitmonchan\n|-damage|p1a: Hitmonchan|7/229 tox\n|\n|-damage|p1a: Hitmonchan|0 fnt|[from] psn\n|faint|p1a: Hitmonchan\n|upkeep\n|\n|t:|1781394783\n|switch|p1a: Swanna|Swanna, L89, F|278/278\n|turn|19\n|\n|t:|1781394790\n|move|p2a: Scream Tail|Play Rough|p1a: Swanna\n|-damage|p1a: Swanna|187/278\n|move|p1a: Swanna|Brave Bird|p2a: Scream Tail\n|-damage|p2a: Scream Tail|212/330\n|-damage|p1a: Swanna|148/278|[from] Recoil\n|\n|upkeep\n|turn|20\n|\n|t:|1781394797\n|move|p2a: Scream Tail|Wish|p2a: Scream Tail\n|move|p1a: Swanna|Roost|p1a: Swanna\n|-heal|p1a: Swanna|278/278\n|-singleturn|p1a: Swanna|move: Roost\n|\n|upkeep\n|turn|21\n|\n|t:|1781394801\n|switch|p1a: Lycanroc|Lycanroc-Dusk, L81, M|254/254\n|move|p2a: Scream Tail|Play Rough|p1a: Lycanroc\n|-damage|p1a: Lycanroc|166/254\n|\n|-heal|p2a: Scream Tail|330/330|[from] move: Wish|[wisher] Scream Tail\n|upkeep\n|turn|22\n|\n|t:|1781394818\n|switch|p1a: Arboliva|Arboliva, L91, F|216/288\n|move|p2a: Scream Tail|Play Rough|p1a: Arboliva\n|-damage|p1a: Arboliva|155/288\n|\n|upkeep\n|turn|23\n|\n|t:|1781394824\n|move|p2a: Scream Tail|Wish|p2a: Scream Tail\n|move|p1a: Arboliva|Hyper Voice|p2a: Scream Tail\n|-damage|p2a: Scream Tail|218/330\n|\n|upkeep\n|turn|24\n|\n|t:|1781394847\n|move|p2a: Scream Tail|Encore|p1a: Arboliva\n|-start|p1a: Arboliva|Encore\n|move|p1a: Arboliva|Hyper Voice|p2a: Scream Tail\n|-damage|p2a: Scream Tail|113/330\n|\n|-heal|p2a: Scream Tail|278/330|[from] move: Wish|[wisher] Scream Tail\n|upkeep\n|turn|25\n|\n|t:|1781394853\n|-end|p2a: Scream Tail|Protosynthesis|[silent]\n|switch|p2a: Umbreon|Umbreon, L84, M|260/297\n|-damage|p2a: Umbreon|223/297|[from] Stealth Rock\n|move|p1a: Arboliva|Hyper Voice|p2a: Umbreon\n|-damage|p2a: Umbreon|118/297\n|\n|-heal|p2a: Umbreon|136/297|[from] item: Leftovers\n|upkeep\n|turn|26\n|\n|t:|1781394873\n|move|p2a: Umbreon|Toxic|p1a: Arboliva\n|-status|p1a: Arboliva|tox\n|move|p1a: Arboliva|Hyper Voice|p2a: Umbreon\n|-damage|p2a: Umbreon|27/297\n|\n|-heal|p2a: Umbreon|45/297|[from] item: Leftovers\n|-damage|p1a: Arboliva|137/288 tox|[from] psn\n|-end|p1a: Arboliva|Encore\n|upkeep\n|-enditem|p1a: Arboliva|Sitrus Berry|[eat]\n|-heal|p1a: Arboliva|209/288 tox|[from] item: Sitrus Berry\n|turn|27\n|\n|t:|1781394886\n|move|p2a: Umbreon|Protect|p2a: Umbreon\n|-singleturn|p2a: Umbreon|Protect\n|move|p1a: Arboliva|Hyper Voice|p2a: Umbreon\n|-activate|p2a: Umbreon|move: Protect\n|\n|-heal|p2a: Umbreon|63/297|[from] item: Leftovers\n|-damage|p1a: Arboliva|173/288 tox|[from] psn\n|upkeep\n|turn|28\n|\n|t:|1781394908\n|move|p2a: Umbreon|Wish|p2a: Umbreon\n|move|p1a: Arboliva|Hyper Voice|p2a: Umbreon\n|-damage|p2a: Umbreon|0 fnt\n|faint|p2a: Umbreon\n|\n|-damage|p1a: Arboliva|119/288 tox|[from] psn\n|-item|p1a: Arboliva|Sitrus Berry|[from] ability: Harvest\n|upkeep\n|-enditem|p1a: Arboliva|Sitrus Berry|[eat]\n|-heal|p1a: Arboliva|191/288 tox|[from] item: Sitrus Berry\n|inactive|Aoyama0811 has 120 seconds left.\n|\n|t:|1781394937\n|switch|p2a: Grumpig|Grumpig, L92, F|297/297\n|-damage|p2a: Grumpig|260/297|[from] Stealth Rock\n|turn|29\n|\n|t:|1781394956\n|switch|p1a: Swanna|Swanna, L89, F|278/278\n|move|p2a: Grumpig|Nasty Plot|p2a: Grumpig\n|-boost|p2a: Grumpig|spa|2\n|\n|-heal|p2a: Grumpig|297/297|[from] move: Wish|[wisher] Umbreon\n|upkeep\n|turn|30\n|\n|t:|1781394969\n|move|p1a: Swanna|Hydro Pump|p2a: Grumpig\n|-damage|p2a: Grumpig|213/297\n|move|p2a: Grumpig|Psychic|p1a: Swanna\n|-crit|p1a: Swanna\n|-damage|p1a: Swanna|0 fnt\n|faint|p1a: Swanna\n|\n|-heal|p2a: Grumpig|231/297|[from] item: Leftovers\n|upkeep\n|\n|t:|1781394976\n|switch|p1a: Dipplin|Dipplin, L88, F|284/284\n|turn|31\n|\n|t:|1781394984\n|move|p2a: Grumpig|Dazzling Gleam|p1a: Dipplin\n|-supereffective|p1a: Dipplin\n|-damage|p1a: Dipplin|110/284\n|move|p1a: Dipplin|Giga Drain|p2a: Grumpig\n|-damage|p2a: Grumpig|162/297\n|-heal|p1a: Dipplin|145/284|[from] drain|[of] p2a: Grumpig\n|\n|-heal|p2a: Grumpig|180/297|[from] item: Leftovers\n|upkeep\n|turn|32\n|\n|t:|1781394992\n|-terastallize|p1a: Dipplin|Steel\n|move|p2a: Grumpig|Dazzling Gleam|p1a: Dipplin\n|-resisted|p1a: Dipplin\n|-damage|p1a: Dipplin|106/284\n|move|p1a: Dipplin|Giga Drain|p2a: Grumpig\n|-damage|p2a: Grumpig|108/297\n|-heal|p1a: Dipplin|142/284|[from] drain|[of] p2a: Grumpig\n|\n|-heal|p2a: Grumpig|126/297|[from] item: Leftovers\n|upkeep\n|turn|33\n|\n|t:|1781394997\n|move|p2a: Grumpig|Earth Power|p1a: Dipplin\n|-supereffective|p1a: Dipplin\n|-damage|p1a: Dipplin|0 fnt\n|faint|p1a: Dipplin\n|\n|-heal|p2a: Grumpig|144/297|[from] item: Leftovers\n|upkeep\n|\n|t:|1781395000\n|switch|p1a: Lycanroc|Lycanroc-Dusk, L81, M|166/254\n|turn|34\n|\n|t:|1781395006\n|-terastallize|p2a: Grumpig|Ground\n|move|p1a: Lycanroc|Stone Edge|p2a: Grumpig\n|-resisted|p2a: Grumpig\n|-crit|p2a: Grumpig\n|-damage|p2a: Grumpig|27/297\n|-damage|p1a: Lycanroc|141/254|[from] item: Life Orb\n|move|p2a: Grumpig|Psychic|p1a: Lycanroc\n|-damage|p1a: Lycanroc|0 fnt\n|faint|p1a: Lycanroc\n|\n|-heal|p2a: Grumpig|45/297|[from] item: Leftovers\n|upkeep\n|\n|t:|1781395009\n|switch|p1a: Arboliva|Arboliva, L91, F|191/288 tox\n|turn|35\n|\n|t:|1781395014\n|move|p2a: Grumpig|Psychic|p1a: Arboliva\n|-damage|p1a: Arboliva|31/288 tox\n|-unboost|p1a: Arboliva|spd|1\n|move|p1a: Arboliva|Hyper Voice|p2a: Grumpig\n|-damage|p2a: Grumpig|0 fnt\n|faint|p2a: Grumpig\n|\n|-damage|p1a: Arboliva|13/288 tox|[from] psn\n|upkeep\n|\n|t:|1781395019\n|switch|p2a: Basculin|Basculin, L86, M|229/261\n|-damage|p2a: Basculin|197/261|[from] Stealth Rock\n|turn|36\n|\n|t:|1781395023\n|move|p2a: Basculin|Wave Crash|p1a: Arboliva\n|-resisted|p1a: Arboliva\n|-damage|p1a: Arboliva|0 fnt\n|faint|p1a: Arboliva\n|-damage|p2a: Basculin|193/261|[from] Recoil\n|\n|win|Aoyama0811\n", "inputlog": ">version a8376a258c1d4662feba110a92103f3664a72141\n>start {\"formatid\":\"gen9randombattle\",\"seed\":\"sodium,7f07b40f1858adff3abfb32f194e7426\",\"rated\":\"Rated battle\"}\n>player p1 {\"name\":\"Undertaker67\",\"avatar\":\"n\",\"rating\":2004,\"seed\":\"sodium,4971cedc6b8809c610cc1c8fe2e05c18\"}\n>player p2 {\"name\":\"Aoyama0811\",\"avatar\":\"acetrainerf\",\"rating\":2041,\"seed\":\"sodium,fffa13242c73c0ce3fc2fc6c3a1a2af6\"}\n>p1 move dragontail\n>p2 move discharge\n>p1 move stealthrock\n>p2 move flamethrower\n>p1 move dragontail\n>p2 move flamethrower\n>p1 move dragontail\n>p2 move flamethrower\n>p1 switch 6\n>p2 move flipturn\n>p2 switch 6\n>p1 move protect\n>p2 move toxic\n>p1 switch 6\n>p2 move toxic\n>p1 move dracometeor\n>p2 move foulplay\n>p1 switch 4\n>p1 move swordsdance\n>p2 switch 3\n>p1 switch 6\n>p2 move encore\n>p1 move leechseed\n>p2 switch 3\n>p1 move protect\n>p2 move wish\n>p1 switch 6\n>p2 move toxic\n>p1 move knockoff\n>p2 switch 3\n>p1 switch 6\n>p2 move wish\n>p1 move substitute\n>p2 move protect\n>p1 move leechseed\n>p2 move encore\n>p1 switch 6\n>p2 move playrough\n>p1 switch 3\n>p1 move bravebird\n>p2 move playrough\n>p1 move roost\n>p2 move wish\n>p1 switch 5\n>p2 move playrough\n>p1 switch 6\n>p2 move playrough\n>p1 move hypervoice\n>p2 move wish\n>p1 move hypervoice\n>p2 move encore\n>p1 move hypervoice\n>p2 switch 3\n>p1 move hypervoice\n>p2 move toxic\n>p1 move hypervoice\n>p2 move protect\n>p1 move hypervoice\n>p2 move wish\n>p2 switch 2\n>p1 switch 5\n>p2 move nastyplot\n>p1 move hydropump\n>p2 move psychic\n>p1 switch 2\n>p1 move gigadrain\n>p2 move dazzlinggleam\n>p1 move gigadrain terastallize\n>p2 move dazzlinggleam\n>p1 move recover\n>p2 move earthpower\n>p1 switch 6\n>p1 move stoneedge\n>p2 move psychic terastallize\n>p1 switch 5\n>p1 move hypervoice\n>p2 move psychic\n>p2 switch 6\n>p1 move hypervoice\n>p2 move wavecrash", "uploadtime": 1781394582, "views": 5, "formatid": "gen9randombattle", "rating": null, "private": 0, "password": null, "player_dets": [{"name": "Undertaker67", "avatar": "n", "rating": 2004, "seed": "sodium,4971cedc6b8809c610cc1c8fe2e05c18"}, {"name": "Aoyama0811", "avatar": "acetrainerf", "rating": 2041, "seed": "sodium,fffa13242c73c0ce3fc2fc6c3a1a2af6"}], "teams_full": [{"Dialga": {"name": "Dialga", "species": "Dialga-Origin", "speciesId": "dialgaorigin", "gender": "N", "shiny": false, "level": 73, "moves": ["dragontail", "stealthrock", "dracometeor", "heavyslam"], "ability": "Pressure", "evs": {"hp": 85, "atk": 85, "def": 85, "spa": 85, "spd": 85, "spe": 85}, "ivs": {"hp": 31, "atk": 31, "def": 31, "spa": 31, "spd": 31, "spe": 31}, "item": "Adamant Crystal", "teraType": "Dragon", "role": "Bulky Attacker", "bvs": {"hp": 100, "atk": 100, "def": 120, "spa": 150, "spd": 120, "spe": 90}, "stats": {"hp": 266, "atk": 188, "def": 218, "spa": 261, "spd": 218, "spe": 174}}, "Dipplin": {"name": "Dipplin", "species": "Dipplin", "speciesId": "dipplin", "gender": "F", "shiny": false, "level": 88, "moves": ["dragonpulse", "suckerpunch", "gigadrain", "recover"], "ability": "Sticky Hold", "evs": {"hp": 85, "atk": 85, "def": 85, "spa": 85, "spd": 85, "spe": 85}, "ivs": {"hp": 31, "atk": 31, "def": 31, "spa": 31, "spd": 31, "spe": 31}, "item": "Eviolite", "teraType": "Steel", "role": "Bulky Attacker", "bvs": {"hp": 80, "atk": 80, "def": 110, "spa": 95, "spd": 80, "spe": 40}, "stats": {"hp": 284, "atk": 191, "def": 244, "spa": 217, "spd": 191, "spe": 121}}, "Swanna": {"name": "Swanna", "species": "Swanna", "speciesId": "swanna", "gender": "F", "shiny": false, "level": 89, "moves": ["bravebird", "defog", "roost", "hydropump"], "ability": "Hydration", "evs": {"hp": 85, "atk": 85, "def": 85, "spa": 85, "spd": 85, "spe": 85}, "ivs": {"hp": 31, "atk": 31, "def": 31, "spa": 31, "spd": 31, "spe": 31}, "item": "Heavy-Duty Boots", "teraType": "Ground", "role": "Bulky Support", "bvs": {"hp": 75, "atk": 87, "def": 63, "spa": 87, "spd": 63, "spe": 98}, "stats": {"hp": 278, "atk": 206, "def": 163, "spa": 206, "spd": 163, "spe": 225}}, "Hitmonchan": {"name": "Hitmonchan", "species": "Hitmonchan", "speciesId": "hitmonchan", "gender": "M", "shiny": false, "level": 87, "moves": ["swordsdance", "knockoff", "icepunch", "drainpunch"], "ability": "Iron Fist", "evs": {"hp": 85, "atk": 85, "def": 85, "spa": 85, "spd": 85, "spe": 85}, "ivs": {"hp": 31, "atk": 31, "def": 31, "spa": 31, "spd": 31, "spe": 31}, "item": "Life Orb", "teraType": "Dark", "role": "Setup Sweeper", "bvs": {"hp": 50, "atk": 105, "def": 79, "spa": 35, "spd": 110, "spe": 76}, "stats": {"hp": 229, "atk": 232, "def": 187, "spa": 111, "spd": 241, "spe": 182}}, "Lycanroc": {"name": "Lycanroc", "species": "Lycanroc-Dusk", "speciesId": "lycanrocdusk", "gender": "M", "shiny": false, "level": 81, "moves": ["accelerock", "closecombat", "stoneedge", "swordsdance"], "ability": "Tough Claws", "evs": {"hp": 85, "atk": 85, "def": 85, "spa": 85, "spd": 85, "spe": 85}, "ivs": {"hp": 31, "atk": 31, "def": 31, "spa": 31, "spd": 31, "spe": 31}, "item": "Life Orb", "teraType": "Fighting", "role": "Setup Sweeper", "bvs": {"hp": 75, "atk": 117, "def": 65, "spa": 55, "spd": 65, "spe": 110}, "stats": {"hp": 254, "atk": 236, "def": 152, "spa": 136, "spd": 152, "spe": 225}}, "Arboliva": {"name": "Arboliva", "species": "Arboliva", "speciesId": "arboliva", "gender": "F", "shiny": false, "level": 91, "moves": ["protect", "substitute", "hypervoice", "leechseed"], "ability": "Harvest", "evs": {"hp": 77, "atk": 0, "def": 85, "spa": 85, "spd": 85, "spe": 85}, "ivs": {"hp": 31, "atk": 0, "def": 31, "spa": 31, "spd": 31, "spe": 31}, "item": "Sitrus Berry", "teraType": "Water", "role": "Bulky Support", "bvs": {"hp": 78, "atk": 69, "def": 90, "spa": 125, "spd": 109, "spe": 39}, "stats": {"hp": 288, "atk": 130, "def": 216, "spa": 279, "spd": 250, "spe": 123}}}, {"Eelektross": {"name": "Eelektross", "species": "Eelektross", "speciesId": "eelektross", "gender": "M", "shiny": false, "level": 87, "moves": ["gigadrain", "discharge", "flamethrower", "uturn"], "ability": "Levitate", "evs": {"hp": 85, "atk": 85, "def": 85, "spa": 85, "spd": 85, "spe": 85}, "ivs": {"hp": 31, "atk": 31, "def": 31, "spa": 31, "spd": 31, "spe": 31}, "item": "Assault Vest", "teraType": "Poison", "role": "AV Pivot", "bvs": {"hp": 85, "atk": 115, "def": 80, "spa": 105, "spd": 80, "spe": 50}, "stats": {"hp": 290, "atk": 250, "def": 189, "spa": 232, "spd": 189, "spe": 137}}, "Grumpig": {"name": "Grumpig", "species": "Grumpig", "speciesId": "grumpig", "gender": "F", "shiny": false, "level": 92, "moves": ["earthpower", "psychic", "dazzlinggleam", "nastyplot"], "ability": "Thick Fat", "evs": {"hp": 85, "atk": 0, "def": 85, "spa": 85, "spd": 85, "spe": 85}, "ivs": {"hp": 31, "atk": 0, "def": 31, "spa": 31, "spd": 31, "spe": 31}, "item": "Leftovers", "teraType": "Ground", "role": "Bulky Setup", "bvs": {"hp": 80, "atk": 45, "def": 65, "spa": 90, "spd": 110, "spe": 80}, "stats": {"hp": 297, "atk": 87, "def": 172, "spa": 218, "spd": 255, "spe": 200}}, "Scream Tail": {"name": "Scream Tail", "species": "Scream Tail", "speciesId": "screamtail", "gender": "N", "shiny": false, "level": 84, "moves": ["encore", "wish", "playrough", "protect"], "ability": "Protosynthesis", "evs": {"hp": 85, "atk": 85, "def": 85, "spa": 85, "spd": 85, "spe": 85}, "ivs": {"hp": 31, "atk": 31, "def": 31, "spa": 31, "spd": 31, "spe": 31}, "item": "Leftovers", "teraType": "Poison", "role": "Bulky Support", "bvs": {"hp": 115, "atk": 65, "def": 99, "spa": 65, "spd": 115, "spe": 111}, "stats": {"hp": 330, "atk": 157, "def": 215, "spa": 157, "spd": 241, "spe": 235}}, "Basculin": {"name": "Basculin", "species": "Basculin", "speciesId": "basculin", "gender": "M", "shiny": false, "level": 86, "moves": ["aquajet", "doubleedge", "flipturn", "wavecrash"], "ability": "Adaptability", "evs": {"hp": 85, "atk": 85, "def": 85, "spa": 85, "spd": 85, "spe": 85}, "ivs": {"hp": 31, "atk": 31, "def": 31, "spa": 31, "spd": 31, "spe": 31}, "item": "Choice Band", "teraType": "Water", "role": "Wallbreaker", "bvs": {"hp": 70, "atk": 92, "def": 65, "spa": 80, "spd": 55, "spe": 98}, "stats": {"hp": 261, "atk": 207, "def": 161, "spa": 187, "spd": 144, "spe": 218}}, "Cetitan": {"name": "Cetitan", "species": "Cetitan", "speciesId": "cetitan", "gender": "F", "shiny": false, "level": 82, "moves": ["iceshard", "liquidation", "earthquake", "iciclecrash"], "ability": "Sheer Force", "evs": {"hp": 85, "atk": 85, "def": 85, "spa": 85, "spd": 85, "spe": 85}, "ivs": {"hp": 31, "atk": 31, "def": 31, "spa": 31, "spd": 31, "spe": 31}, "item": "Life Orb", "teraType": "Water", "role": "Wallbreaker", "bvs": {"hp": 170, "atk": 113, "def": 65, "spa": 45, "spd": 55, "spe": 73}, "stats": {"hp": 413, "atk": 232, "def": 154, "spa": 121, "spd": 137, "spe": 167}}, "Umbreon": {"name": "Umbreon", "species": "Umbreon", "speciesId": "umbreon", "gender": "M", "shiny": false, "level": 84, "moves": ["wish", "foulplay", "protect", "toxic"], "ability": "Synchronize", "evs": {"hp": 85, "atk": 0, "def": 85, "spa": 85, "spd": 85, "spe": 85}, "ivs": {"hp": 31, "atk": 0, "def": 31, "spa": 31, "spd": 31, "spe": 31}, "item": "Leftovers", "teraType": "Poison", "role": "Bulky Support", "bvs": {"hp": 95, "atk": 65, "def": 110, "spa": 60, "spd": 130, "spe": 65}, "stats": {"hp": 297, "atk": 114, "def": 233, "spa": 149, "spd": 267, "spe": 157}}}]}