{"id": "gen9randombattle-2631565678", "format": "[Gen 9] Random Battle", "players": ["rhdz21", "JayCroc"], "log": "|j|\u2606rhdz21\n|j|\u2606JayCroc\n|t:|1781402136\n|gametype|singles\n|player|p1|rhdz21|170|1942\n|player|p2|JayCroc|ivor|1936\n|gen|9\n|tier|[Gen 9] Random Battle\n|rated|\n|rule|Species Clause: Limit one of each Pok\u00e9mon\n|rule|HP Percentage Mod: HP is shown in percentages\n|rule|Sleep Clause Mod: Limit one foe put to sleep\n|rule|Illusion Level Mod: Illusion disguises the Pok\u00e9mon's true level\n|\n|t:|1781402136\n|teamsize|p1|6\n|teamsize|p2|6\n|start\n|switch|p1a: Amoonguss|Amoonguss, L82, M|321/321\n|switch|p2a: Vileplume|Vileplume, L85, M|266/266\n|turn|1\n|\n|t:|1781402150\n|move|p2a: Vileplume|Sludge Bomb|p1a: Amoonguss\n|-damage|p1a: Amoonguss|194/321\n|move|p1a: Amoonguss|Sludge Bomb|p2a: Vileplume\n|-damage|p2a: Vileplume|184/266\n|\n|-heal|p2a: Vileplume|200/266|[from] item: Leftovers\n|-heal|p1a: Amoonguss|214/321|[from] item: Leftovers\n|upkeep\n|turn|2\n|\n|t:|1781402159\n|move|p2a: Vileplume|Sludge Bomb|p1a: Amoonguss\n|-damage|p1a: Amoonguss|102/321\n|move|p1a: Amoonguss|Sludge Bomb|p2a: Vileplume\n|-damage|p2a: Vileplume|124/266\n|\n|-heal|p2a: Vileplume|140/266|[from] item: Leftovers\n|-heal|p1a: Amoonguss|122/321|[from] item: Leftovers\n|upkeep\n|turn|3\n|\n|t:|1781402169\n|switch|p1a: Seviper|Seviper, L93, M|287/287\n|move|p2a: Vileplume|Sludge Bomb|p1a: Seviper\n|-resisted|p1a: Seviper\n|-damage|p1a: Seviper|218/287\n|\n|-heal|p1a: Seviper|235/287|[from] item: Leftovers\n|-heal|p2a: Vileplume|156/266|[from] item: Leftovers\n|upkeep\n|turn|4\n|\n|t:|1781402181\n|move|p1a: Seviper|Swords Dance|p1a: Seviper\n|-boost|p1a: Seviper|atk|2\n|move|p2a: Vileplume|Strength Sap|p1a: Seviper\n|-unboost|p1a: Seviper|atk|1\n|-heal|p2a: Vileplume|266/266\n|\n|-heal|p1a: Seviper|252/287|[from] item: Leftovers\n|upkeep\n|turn|5\n|\n|t:|1781402191\n|move|p1a: Seviper|Swords Dance|p1a: Seviper\n|-boost|p1a: Seviper|atk|2\n|move|p2a: Vileplume|Sleep Powder|p1a: Seviper\n|-status|p1a: Seviper|slp|[from] move: Sleep Powder\n|\n|-heal|p1a: Seviper|269/287 slp|[from] item: Leftovers\n|upkeep\n|turn|6\n|\n|t:|1781402201\n|switch|p2a: Delphox|Delphox, L84, F|263/263\n|cant|p1a: Seviper|slp\n|\n|-heal|p1a: Seviper|286/287 slp|[from] item: Leftovers\n|upkeep\n|turn|7\n|\n|t:|1781402215\n|move|p2a: Delphox|Fire Blast|p1a: Seviper\n|-damage|p1a: Seviper|66/287 slp\n|-curestatus|p1a: Seviper|slp|[msg]\n|move|p1a: Seviper|Earthquake|p2a: Delphox\n|-supereffective|p2a: Delphox\n|-damage|p2a: Delphox|0 fnt\n|faint|p2a: Delphox\n|\n|-heal|p1a: Seviper|83/287|[from] item: Leftovers\n|upkeep\n|\n|t:|1781402229\n|switch|p2a: Golduck|Golduck, L90, F|290/290\n|-ability|p2a: Golduck|Cloud Nine\n|turn|8\n|\n|t:|1781402243\n|move|p2a: Golduck|Ice Beam|p1a: Seviper\n|-damage|p1a: Seviper|0 fnt\n|faint|p1a: Seviper\n|\n|upkeep\n|\n|t:|1781402267\n|switch|p1a: Azumarill|Azumarill, L82, M|298/298\n|turn|9\n|\n|t:|1781402274\n|switch|p2a: Vileplume|Vileplume, L85, M|266/266\n|move|p1a: Azumarill|Knock Off|p2a: Vileplume\n|-damage|p2a: Vileplume|153/266\n|-enditem|p2a: Vileplume|Leftovers|[from] move: Knock Off|[of] p1a: Azumarill\n|\n|upkeep\n|turn|10\n|\n|t:|1781402288\n|switch|p1a: Spectrier|Spectrier, L75|274/274\n|move|p2a: Vileplume|Strength Sap|p1a: Spectrier\n|-unboost|p1a: Spectrier|atk|1\n|-heal|p2a: Vileplume|255/266\n|\n|upkeep\n|turn|11\n|\n|t:|1781402296\n|move|p1a: Spectrier|Substitute|p1a: Spectrier\n|-start|p1a: Spectrier|Substitute\n|-damage|p1a: Spectrier|206/274\n|move|p2a: Vileplume|Giga Drain|p1a: Spectrier\n|-end|p1a: Spectrier|Substitute\n|-heal|p2a: Vileplume|266/266|[from] drain|[of] p1a: Spectrier\n|\n|-heal|p1a: Spectrier|223/274|[from] item: Leftovers\n|upkeep\n|turn|12\n|\n|t:|1781402306\n|move|p1a: Spectrier|Nasty Plot|p1a: Spectrier\n|-boost|p1a: Spectrier|spa|2\n|move|p2a: Vileplume|Giga Drain|p1a: Spectrier\n|-damage|p1a: Spectrier|117/274\n|\n|-heal|p1a: Spectrier|134/274|[from] item: Leftovers\n|upkeep\n|turn|13\n|\n|t:|1781402315\n|switch|p2a: Wigglytuff|Wigglytuff, L96, M|424/424\n|move|p1a: Spectrier|Shadow Ball|p2a: Wigglytuff\n|-immune|p2a: Wigglytuff\n|\n|-heal|p1a: Spectrier|151/274|[from] item: Leftovers\n|upkeep\n|turn|14\n|\n|t:|1781402346\n|move|p1a: Spectrier|Nasty Plot|p1a: Spectrier\n|-boost|p1a: Spectrier|spa|2\n|move|p2a: Wigglytuff|Alluring Voice|p1a: Spectrier\n|-damage|p1a: Spectrier|22/274\n|-start|p1a: Spectrier|confusion\n|\n|-heal|p1a: Spectrier|39/274|[from] item: Leftovers\n|upkeep\n|turn|15\n|\n|t:|1781402357\n|-activate|p1a: Spectrier|confusion\n|-damage|p1a: Spectrier|27/274|[from] confusion\n|move|p2a: Wigglytuff|Knock Off|p1a: Spectrier\n|-supereffective|p1a: Spectrier\n|-damage|p1a: Spectrier|0 fnt\n|-enditem|p1a: Spectrier|Leftovers|[from] move: Knock Off|[of] p2a: Wigglytuff\n|faint|p1a: Spectrier\n|\n|upkeep\n|\n|t:|1781402379\n|switch|p1a: Calyrex|Calyrex-Ice, L72|263/263\n|-ability|p1a: Calyrex|As One\n|-ability|p1a: Calyrex|Unnerve\n|turn|16\n|\n|t:|1781402386\n|move|p2a: Wigglytuff|Fire Blast|p1a: Calyrex|[miss]\n|-miss|p2a: Wigglytuff|p1a: Calyrex\n|move|p1a: Calyrex|Agility|p1a: Calyrex\n|-boost|p1a: Calyrex|spe|2\n|\n|upkeep\n|turn|17\n|\n|t:|1781402395\n|move|p1a: Calyrex|Glacial Lance|p2a: Wigglytuff\n|-damage|p2a: Wigglytuff|208/424\n|move|p2a: Wigglytuff|Thunder Wave|p1a: Calyrex\n|-status|p1a: Calyrex|par\n|\n|-heal|p2a: Wigglytuff|234/424|[from] item: Leftovers\n|upkeep\n|turn|18\n|\n|t:|1781402404\n|move|p2a: Wigglytuff|Fire Blast|p1a: Calyrex\n|-supereffective|p1a: Calyrex\n|-damage|p1a: Calyrex|103/263 par\n|-enditem|p1a: Calyrex|Weakness Policy\n|-boost|p1a: Calyrex|atk|2|[from] item: Weakness Policy\n|-boost|p1a: Calyrex|spa|2|[from] item: Weakness Policy\n|cant|p1a: Calyrex|par\n|\n|-heal|p2a: Wigglytuff|260/424|[from] item: Leftovers\n|upkeep\n|turn|19\n|-message|rhdz21 forfeited.\n|\n|win|JayCroc\n", "inputlog": ">version a8376a258c1d4662feba110a92103f3664a72141\n>start {\"formatid\":\"gen9randombattle\",\"seed\":\"sodium,377a14809d02cc64370602ea79500baa\",\"rated\":\"Rated battle\"}\n>player p1 {\"name\":\"rhdz21\",\"avatar\":\"170\",\"rating\":1942,\"seed\":\"sodium,b4149bd7c68100fbce38eb2fb8358530\"}\n>player p2 {\"name\":\"JayCroc\",\"avatar\":\"ivor\",\"rating\":1936,\"seed\":\"sodium,f463a785a96dbdb8e93fca84455cee1e\"}\n>p1 move sludgebomb\n>p2 move sludgebomb\n>p1 move sludgebomb\n>p2 move sludgebomb\n>p1 switch 5\n>p2 move sludgebomb\n>p1 move swordsdance\n>p2 move strengthsap\n>p1 move swordsdance\n>p2 move sleeppowder\n>p1 move trailblaze\n>p2 switch 2\n>p1 move earthquake\n>p2 move fireblast\n>p2 switch 4\n>p1 move trailblaze\n>p2 move icebeam\n>p1 switch 4\n>p1 move knockoff\n>p2 switch 2\n>p1 switch 3\n>p2 move strengthsap\n>p1 move substitute\n>p2 move gigadrain\n>p1 move nastyplot\n>p2 move gigadrain\n>p1 move shadowball\n>p2 switch 6\n>p1 move nastyplot\n>p2 move alluringvoice\n>p1 move terablast\n>p2 move knockoff\n>p1 switch 6\n>p1 move agility\n>p2 move fireblast\n>p1 move glaciallance\n>p2 move thunderwave\n>p1 move agility\n>p2 move fireblast\n>forcelose p1", "uploadtime": 1781402137, "views": 5, "formatid": "gen9randombattle", "rating": null, "private": 0, "password": null, "player_dets": [{"name": "rhdz21", "avatar": "170", "rating": 1942, "seed": "sodium,b4149bd7c68100fbce38eb2fb8358530"}, {"name": "JayCroc", "avatar": "ivor", "rating": 1936, "seed": "sodium,f463a785a96dbdb8e93fca84455cee1e"}], "teams_full": [{"Amoonguss": {"name": "Amoonguss", "species": "Amoonguss", "speciesId": "amoonguss", "gender": "M", "shiny": false, "level": 82, "moves": ["toxic", "sludgebomb", "gigadrain", "spore"], "ability": "Regenerator", "evs": {"hp": 85, "atk": 0, "def": 85, "spa": 85, "spd": 85, "spe": 85}, "ivs": {"hp": 31, "atk": 0, "def": 31, "spa": 31, "spd": 31, "spe": 31}, "item": "Leftovers", "teraType": "Water", "role": "Bulky Support", "bvs": {"hp": 114, "atk": 85, "def": 70, "spa": 85, "spd": 80, "spe": 30}, "stats": {"hp": 321, "atk": 144, "def": 162, "spa": 187, "spd": 178, "spe": 96}}, "Zamazenta": {"name": "Zamazenta", "species": "Zamazenta", "speciesId": "zamazenta", "gender": "N", "shiny": false, "level": 71, "moves": ["closecombat", "psychicfangs", "ironhead", "crunch"], "ability": "Dauntless Shield", "evs": {"hp": 85, "atk": 85, "def": 85, "spa": 85, "spd": 85, "spe": 85}, "ivs": {"hp": 31, "atk": 31, "def": 31, "spa": 31, "spd": 31, "spe": 31}, "item": "Choice Band", "teraType": "Steel", "role": "Bulky Attacker", "bvs": {"hp": 92, "atk": 120, "def": 115, "spa": 80, "spd": 115, "spe": 138}, "stats": {"hp": 248, "atk": 212, "def": 205, "spa": 155, "spd": 205, "spe": 237}}, "Spectrier": {"name": "Spectrier", "species": "Spectrier", "speciesId": "spectrier", "gender": "N", "shiny": false, "level": 75, "moves": ["terablast", "shadowball", "substitute", "nastyplot"], "ability": "Grim Neigh", "evs": {"hp": 85, "atk": 0, "def": 85, "spa": 85, "spd": 85, "spe": 85}, "ivs": {"hp": 31, "atk": 0, "def": 31, "spa": 31, "spd": 31, "spe": 31}, "item": "Leftovers", "teraType": "Fighting", "role": "Tera Blast user", "bvs": {"hp": 100, "atk": 65, "def": 60, "spa": 145, "spd": 80, "spe": 130}, "stats": {"hp": 274, "atk": 102, "def": 134, "spa": 261, "spd": 164, "spe": 239}}, "Azumarill": {"name": "Azumarill", "species": "Azumarill", "speciesId": "azumarill", "gender": "M", "shiny": false, "level": 82, "moves": ["playrough", "aquajet", "liquidation", "knockoff"], "ability": "Huge Power", "evs": {"hp": 85, "atk": 85, "def": 85, "spa": 85, "spd": 85, "spe": 85}, "ivs": {"hp": 31, "atk": 31, "def": 31, "spa": 31, "spd": 31, "spe": 31}, "item": "Choice Band", "teraType": "Water", "role": "Bulky Attacker", "bvs": {"hp": 100, "atk": 50, "def": 80, "spa": 60, "spd": 80, "spe": 50}, "stats": {"hp": 298, "atk": 129, "def": 178, "spa": 146, "spd": 178, "spe": 129}}, "Seviper": {"name": "Seviper", "species": "Seviper", "speciesId": "seviper", "gender": "M", "shiny": false, "level": 93, "moves": ["trailblaze", "earthquake", "swordsdance", "gunkshot"], "ability": "Infiltrator", "evs": {"hp": 85, "atk": 85, "def": 85, "spa": 85, "spd": 85, "spe": 85}, "ivs": {"hp": 31, "atk": 31, "def": 31, "spa": 31, "spd": 31, "spe": 31}, "item": "Leftovers", "teraType": "Ground", "role": "Bulky Setup", "bvs": {"hp": 73, "atk": 100, "def": 60, "spa": 100, "spd": 60, "spe": 65}, "stats": {"hp": 287, "atk": 239, "def": 164, "spa": 239, "spd": 164, "spe": 174}}, "Calyrex": {"name": "Calyrex", "species": "Calyrex-Ice", "speciesId": "calyrexice", "gender": "N", "shiny": false, "level": 72, "moves": ["highhorsepower", "agility", "glaciallance", "closecombat"], "ability": "As One (Glastrier)", "evs": {"hp": 85, "atk": 85, "def": 85, "spa": 85, "spd": 85, "spe": 85}, "ivs": {"hp": 31, "atk": 31, "def": 31, "spa": 31, "spd": 31, "spe": 31}, "item": "Weakness Policy", "teraType": "Fighting", "role": "Bulky Setup", "bvs": {"hp": 100, "atk": 165, "def": 150, "spa": 85, "spd": 130, "spe": 50}, "stats": {"hp": 263, "atk": 280, "def": 258, "spa": 164, "spd": 229, "spe": 114}}}, {"Vileplume": {"name": "Vileplume", "species": "Vileplume", "speciesId": "vileplume", "gender": "M", "shiny": false, "level": 85, "moves": ["sludgebomb", "strengthsap", "sleeppowder", "gigadrain"], "ability": "Effect Spore", "evs": {"hp": 85, "atk": 0, "def": 85, "spa": 85, "spd": 85, "spe": 85}, "ivs": {"hp": 31, "atk": 0, "def": 31, "spa": 31, "spd": 31, "spe": 31}, "item": "Leftovers", "teraType": "Water", "role": "Bulky Attacker", "bvs": {"hp": 75, "atk": 80, "def": 85, "spa": 110, "spd": 90, "spe": 50}, "stats": {"hp": 266, "atk": 141, "def": 193, "spa": 236, "spd": 202, "spe": 134}}, "Delphox": {"name": "Delphox", "species": "Delphox", "speciesId": "delphox", "gender": "F", "shiny": false, "level": 84, "moves": ["fireblast", "psyshock", "focusblast", "grassknot"], "ability": "Blaze", "evs": {"hp": 85, "atk": 0, "def": 85, "spa": 85, "spd": 85, "spe": 85}, "ivs": {"hp": 31, "atk": 0, "def": 31, "spa": 31, "spd": 31, "spe": 31}, "item": "Choice Specs", "teraType": "Fighting", "role": "Fast Attacker", "bvs": {"hp": 75, "atk": 69, "def": 72, "spa": 114, "spd": 100, "spe": 104}, "stats": {"hp": 263, "atk": 120, "def": 169, "spa": 240, "spd": 216, "spe": 223}}, "Hoopa": {"name": "Hoopa", "species": "Hoopa", "speciesId": "hoopa", "gender": "N", "shiny": false, "level": 85, "moves": ["nastyplot", "shadowball", "focusblast", "psyshock"], "ability": "Magician", "evs": {"hp": 85, "atk": 0, "def": 85, "spa": 85, "spd": 85, "spe": 85}, "ivs": {"hp": 31, "atk": 0, "def": 31, "spa": 31, "spd": 31, "spe": 31}, "item": "Life Orb", "teraType": "Ghost", "role": "Fast Attacker", "bvs": {"hp": 80, "atk": 110, "def": 60, "spa": 150, "spd": 130, "spe": 70}, "stats": {"hp": 275, "atk": 192, "def": 151, "spa": 304, "spd": 270, "spe": 168}}, "Golduck": {"name": "Golduck", "species": "Golduck", "speciesId": "golduck", "gender": "F", "shiny": false, "level": 90, "moves": ["hydropump", "icebeam", "grassknot", "flipturn"], "ability": "Cloud Nine", "evs": {"hp": 85, "atk": 85, "def": 85, "spa": 85, "spd": 85, "spe": 85}, "ivs": {"hp": 31, "atk": 31, "def": 31, "spa": 31, "spd": 31, "spe": 31}, "item": "Choice Specs", "teraType": "Grass", "role": "Fast Attacker", "bvs": {"hp": 80, "atk": 82, "def": 78, "spa": 95, "spd": 80, "spe": 85}, "stats": {"hp": 290, "atk": 199, "def": 192, "spa": 222, "spd": 195, "spe": 204}}, "Hitmontop": {"name": "Hitmontop", "species": "Hitmontop", "speciesId": "hitmontop", "gender": "M", "shiny": false, "level": 88, "moves": ["earthquake", "closecombat", "rapidspin", "suckerpunch"], "ability": "Intimidate", "evs": {"hp": 85, "atk": 85, "def": 85, "spa": 85, "spd": 85, "spe": 85}, "ivs": {"hp": 31, "atk": 31, "def": 31, "spa": 31, "spd": 31, "spe": 31}, "item": "Assault Vest", "teraType": "Steel", "role": "Bulky Support", "bvs": {"hp": 50, "atk": 95, "def": 95, "spa": 35, "spd": 110, "spe": 70}, "stats": {"hp": 231, "atk": 217, "def": 217, "spa": 112, "spd": 244, "spe": 173}}, "Wigglytuff": {"name": "Wigglytuff", "species": "Wigglytuff", "speciesId": "wigglytuff", "gender": "M", "shiny": false, "level": 96, "moves": ["alluringvoice", "fireblast", "thunderwave", "knockoff"], "ability": "Competitive", "evs": {"hp": 85, "atk": 85, "def": 85, "spa": 85, "spd": 85, "spe": 85}, "ivs": {"hp": 31, "atk": 31, "def": 31, "spa": 31, "spd": 31, "spe": 31}, "item": "Leftovers", "teraType": "Steel", "role": "Bulky Support", "bvs": {"hp": 140, "atk": 70, "def": 45, "spa": 85, "spd": 50, "spe": 45}, "stats": {"hp": 424, "atk": 189, "def": 141, "spa": 218, "spd": 150, "spe": 141}}}]}