{"id": "gen9randombattle-2631954948", "format": "[Gen 9] Random Battle", "players": ["thatdankcharizard", "Elpapi18"], "log": "|j|\u2606thatdankcharizard\n|j|\u2606Elpapi18\n|t:|1781459568\n|gametype|singles\n|player|p1|thatdankcharizard|266|2031\n|player|p2|Elpapi18|101|2094\n|gen|9\n|tier|[Gen 9] Random Battle\n|rated|\n|rule|Species Clause: Limit one of each Pok\u00e9mon\n|rule|HP Percentage Mod: HP is shown in percentages\n|rule|Sleep Clause Mod: Limit one foe put to sleep\n|rule|Illusion Level Mod: Illusion disguises the Pok\u00e9mon's true level\n|\n|t:|1781459568\n|teamsize|p1|6\n|teamsize|p2|6\n|start\n|switch|p1a: Reshiram|Reshiram, L76|277/277\n|switch|p2a: Masquerain|Masquerain, L87, F|264/264\n|-ability|p2a: Masquerain|Intimidate|boost\n|-unboost|p1a: Reshiram|atk|1\n|-ability|p1a: Reshiram|Turboblaze\n|turn|1\n|inactive|Battle timer is ON: inactive players will automatically lose when time's up. (requested by Elpapi18)\n|\n|t:|1781459607\n|move|p2a: Masquerain|Quiver Dance|p2a: Masquerain\n|-boost|p2a: Masquerain|spa|1\n|-boost|p2a: Masquerain|spd|1\n|-boost|p2a: Masquerain|spe|1\n|move|p1a: Reshiram|Blue Flare|p2a: Masquerain\n|-supereffective|p2a: Masquerain\n|-damage|p2a: Masquerain|60/264\n|-status|p2a: Masquerain|brn\n|\n|-damage|p2a: Masquerain|44/264 brn|[from] brn\n|upkeep\n|turn|2\n|\n|t:|1781459623\n|move|p2a: Masquerain|Hurricane|p1a: Reshiram|[miss]\n|-miss|p2a: Masquerain|p1a: Reshiram\n|move|p1a: Reshiram|Blue Flare|p2a: Masquerain\n|-supereffective|p2a: Masquerain\n|-damage|p2a: Masquerain|0 fnt\n|faint|p2a: Masquerain\n|\n|upkeep\n|\n|t:|1781459627\n|switch|p2a: Arceus|Arceus-Ground, L70|284/284\n|turn|3\n|\n|t:|1781459635\n|switch|p1a: Milotic|Milotic, L83, F|293/293\n|move|p2a: Arceus|Calm Mind|p2a: Arceus\n|-boost|p2a: Arceus|spa|1\n|-boost|p2a: Arceus|spd|1\n|\n|upkeep\n|turn|4\n|\n|t:|1781459642\n|move|p2a: Arceus|Judgment|p1a: Milotic\n|-damage|p1a: Milotic|175/293\n|move|p1a: Milotic|Haze|p1a: Milotic\n|-clearallboost\n|\n|-heal|p1a: Milotic|193/293|[from] item: Leftovers\n|upkeep\n|turn|5\n|\n|t:|1781459661\n|switch|p2a: Terapagos|Terapagos, L77, M|265/265\n|-activate|p2a: Terapagos|ability: Tera Shift\n|detailschange|p2a: Terapagos|Terapagos-Terastal, L77, M\n|-heal|p2a: Terapagos|273/273|[silent]\n|move|p1a: Milotic|Scald|p2a: Terapagos\n|-activate|p2a: Terapagos|ability: Tera Shell\n|-resisted|p2a: Terapagos\n|-damage|p2a: Terapagos|237/273\n|\n|-heal|p1a: Milotic|211/293|[from] item: Leftovers\n|upkeep\n|turn|6\n|\n|t:|1781459671\n|move|p1a: Milotic|Scald|p2a: Terapagos\n|-damage|p2a: Terapagos|164/273\n|move|p2a: Terapagos|Tera Starstorm|p1a: Milotic\n|-damage|p1a: Milotic|118/293\n|\n|-heal|p1a: Milotic|136/293|[from] item: Leftovers\n|upkeep\n|turn|7\n|\n|t:|1781459679\n|switch|p2a: Bisharp|Bisharp, L79, F|232/232\n|move|p1a: Milotic|Recover|p1a: Milotic\n|-heal|p1a: Milotic|283/293\n|\n|-heal|p1a: Milotic|293/293|[from] item: Leftovers\n|upkeep\n|turn|8\n|\n|t:|1781459688\n|switch|p1a: Zamazenta|Zamazenta-Crowned, L68|238/238\n|-ability|p1a: Zamazenta|Dauntless Shield|boost\n|-boost|p1a: Zamazenta|def|1\n|move|p2a: Bisharp|Throat Chop|p1a: Zamazenta\n|-resisted|p1a: Zamazenta\n|-damage|p1a: Zamazenta|214/238\n|-start|p1a: Zamazenta|Throat Chop|[silent]\n|\n|upkeep\n|turn|9\n|\n|t:|1781459699\n|switch|p2a: Salazzle|Salazzle, L83, F|249/249\n|move|p1a: Zamazenta|Body Press|p2a: Salazzle\n|-resisted|p2a: Salazzle\n|-crit|p2a: Salazzle\n|-damage|p2a: Salazzle|131/249\n|\n|-heal|p2a: Salazzle|146/249|[from] item: Leftovers\n|-end|p1a: Zamazenta|Throat Chop|[silent]\n|upkeep\n|turn|10\n|\n|t:|1781459713\n|switch|p1a: Reuniclus|Reuniclus, L88, F|337/337\n|move|p2a: Salazzle|Substitute|p2a: Salazzle\n|-start|p2a: Salazzle|Substitute\n|-damage|p2a: Salazzle|84/249\n|\n|-heal|p2a: Salazzle|99/249|[from] item: Leftovers\n|upkeep\n|turn|11\n|\n|t:|1781459719\n|move|p2a: Salazzle|Flamethrower|p1a: Reuniclus\n|-damage|p1a: Reuniclus|235/337\n|move|p1a: Reuniclus|Calm Mind|p1a: Reuniclus\n|-boost|p1a: Reuniclus|spa|1\n|-boost|p1a: Reuniclus|spd|1\n|\n|-heal|p2a: Salazzle|114/249|[from] item: Leftovers\n|upkeep\n|turn|12\n|\n|t:|1781459726\n|move|p2a: Salazzle|Protect|p2a: Salazzle\n|-singleturn|p2a: Salazzle|Protect\n|move|p1a: Reuniclus|Calm Mind|p1a: Reuniclus\n|-boost|p1a: Reuniclus|spa|1\n|-boost|p1a: Reuniclus|spd|1\n|\n|-heal|p2a: Salazzle|129/249|[from] item: Leftovers\n|upkeep\n|turn|13\n|\n|t:|1781459730\n|switch|p2a: Bisharp|Bisharp, L79, F|232/232\n|move|p1a: Reuniclus|Psyshock|p2a: Bisharp\n|-immune|p2a: Bisharp\n|\n|upkeep\n|turn|14\n|\n|t:|1781459742\n|switch|p1a: Zamazenta|Zamazenta-Crowned, L68|214/238\n|move|p2a: Bisharp|Iron Head|p1a: Zamazenta\n|-resisted|p1a: Zamazenta\n|-damage|p1a: Zamazenta|174/238\n|\n|upkeep\n|turn|15\n|\n|t:|1781459753\n|switch|p1a: Reuniclus|Reuniclus, L88, F|235/337\n|switch|p2a: Arceus|Arceus-Ground, L70|284/284\n|\n|upkeep\n|turn|16\n|\n|t:|1781459761\n|move|p2a: Arceus|Calm Mind|p2a: Arceus\n|-boost|p2a: Arceus|spa|1\n|-boost|p2a: Arceus|spd|1\n|move|p1a: Reuniclus|Calm Mind|p1a: Reuniclus\n|-boost|p1a: Reuniclus|spa|1\n|-boost|p1a: Reuniclus|spd|1\n|\n|upkeep\n|turn|17\n|\n|t:|1781459766\n|move|p2a: Arceus|Judgment|p1a: Reuniclus\n|-damage|p1a: Reuniclus|129/337\n|move|p1a: Reuniclus|Psyshock|p2a: Arceus\n|-damage|p2a: Arceus|92/284\n|\n|upkeep\n|turn|18\n|\n|t:|1781459772\n|-terastallize|p2a: Arceus|Ground\n|move|p2a: Arceus|Judgment|p1a: Reuniclus\n|-crit|p1a: Reuniclus\n|-damage|p1a: Reuniclus|0 fnt\n|faint|p1a: Reuniclus\n|\n|upkeep\n|\n|t:|1781459782\n|switch|p1a: Weavile|Weavile, L79, M|240/240\n|turn|19\n|\n|t:|1781459786\n|switch|p2a: Bisharp|Bisharp, L79, F|232/232\n|move|p1a: Weavile|Triple Axel|p2a: Bisharp\n|-resisted|p2a: Bisharp\n|-damage|p2a: Bisharp|225/232\n|-resisted|p2a: Bisharp\n|-damage|p2a: Bisharp|210/232\n|-resisted|p2a: Bisharp\n|-damage|p2a: Bisharp|189/232\n|-hitcount|p2a: Bisharp|3\n|\n|upkeep\n|turn|20\n|\n|t:|1781459798\n|switch|p1a: Milotic|Milotic, L83, F|293/293\n|switch|p2a: Salazzle|Salazzle, L83, F|129/249\n|\n|-heal|p2a: Salazzle|144/249|[from] item: Leftovers\n|upkeep\n|turn|21\n|\n|t:|1781459805\n|move|p2a: Salazzle|Toxic|p1a: Milotic\n|-status|p1a: Milotic|tox\n|move|p1a: Milotic|Scald|p2a: Salazzle\n|-supereffective|p2a: Salazzle\n|-damage|p2a: Salazzle|0 fnt\n|faint|p2a: Salazzle\n|\n|-damage|p1a: Milotic|275/293 tox|[from] psn\n|upkeep\n|\n|t:|1781459816\n|switch|p2a: Terapagos|Terapagos-Terastal, L77, M|164/273\n|turn|22\n|\n|t:|1781459819\n|move|p1a: Milotic|Scald|p2a: Terapagos\n|-damage|p2a: Terapagos|91/273\n|move|p2a: Terapagos|Rapid Spin|p1a: Milotic\n|-damage|p1a: Milotic|221/293 tox\n|-boost|p2a: Terapagos|spe|1\n|\n|-heal|p1a: Milotic|239/293 tox|[from] item: Leftovers\n|-damage|p1a: Milotic|203/293 tox|[from] psn\n|upkeep\n|turn|23\n|\n|t:|1781459829\n|move|p2a: Terapagos|Tera Starstorm|p1a: Milotic\n|-damage|p1a: Milotic|116/293 tox\n|move|p1a: Milotic|Haze|p1a: Milotic\n|-clearallboost\n|\n|-heal|p1a: Milotic|134/293 tox|[from] item: Leftovers\n|-damage|p1a: Milotic|80/293 tox|[from] psn\n|upkeep\n|turn|24\n|\n|t:|1781459842\n|move|p1a: Milotic|Scald|p2a: Terapagos\n|-damage|p2a: Terapagos|9/273\n|-status|p2a: Terapagos|brn\n|move|p2a: Terapagos|Rapid Spin|p1a: Milotic\n|-damage|p1a: Milotic|55/293 tox\n|-boost|p2a: Terapagos|spe|1\n|\n|-heal|p1a: Milotic|73/293 tox|[from] item: Leftovers\n|-damage|p1a: Milotic|1/293 tox|[from] psn\n|-damage|p2a: Terapagos|0 fnt|[from] brn\n|faint|p2a: Terapagos\n|upkeep\n|\n|t:|1781459851\n|switch|p2a: Arceus|Arceus-Ground, L70, tera:Ground|92/284\n|turn|25\n|\n|t:|1781459856\n|move|p2a: Arceus|Judgment|p1a: Milotic\n|-damage|p1a: Milotic|0 fnt\n|faint|p1a: Milotic\n|\n|upkeep\n|\n|t:|1781459860\n|switch|p1a: Weavile|Weavile, L79, M|240/240\n|turn|26\n|\n|t:|1781459867\n|switch|p1a: Ho-Oh|Ho-Oh, L71|268/268\n|switch|p2a: Bisharp|Bisharp, L79, F|189/232\n|\n|upkeep\n|turn|27\n|\n|t:|1781459875\n|switch|p2a: Stonjourner|Stonjourner, L91, M|330/330\n|move|p1a: Ho-Oh|Sacred Fire|p2a: Stonjourner\n|-resisted|p2a: Stonjourner\n|-damage|p2a: Stonjourner|296/330\n|-status|p2a: Stonjourner|brn\n|\n|-damage|p2a: Stonjourner|276/330 brn|[from] brn\n|upkeep\n|turn|28\n|\n|t:|1781459888\n|switch|p1a: Reshiram|Reshiram, L76|277/277\n|-ability|p1a: Reshiram|Turboblaze\n|move|p2a: Stonjourner|Stealth Rock|p1a: Reshiram\n|-sidestart|p1: thatdankcharizard|move: Stealth Rock\n|\n|-damage|p2a: Stonjourner|256/330 brn|[from] brn\n|upkeep\n|turn|29\n|\n|t:|1781459899\n|move|p1a: Reshiram|Earth Power|p2a: Stonjourner\n|-supereffective|p2a: Stonjourner\n|-damage|p2a: Stonjourner|0 fnt\n|faint|p2a: Stonjourner\n|\n|upkeep\n|-message|Elpapi18 forfeited.\n|\n|win|thatdankcharizard\n", "inputlog": ">version a8376a258c1d4662feba110a92103f3664a72141\n>start {\"formatid\":\"gen9randombattle\",\"seed\":\"sodium,b27aa17f7150d19d7bdb1bb1b67939cb\",\"rated\":\"Rated battle\"}\n>player p1 {\"name\":\"thatdankcharizard\",\"avatar\":\"266\",\"rating\":2031,\"seed\":\"sodium,49c225f2dd701199be96ed0e89d072c9\"}\n>player p2 {\"name\":\"Elpapi18\",\"avatar\":\"101\",\"rating\":2094,\"seed\":\"sodium,a37cf967e85ad6cb3e351c6f5cede2b9\"}\n>p1 move blueflare\n>p2 move quiverdance\n>p1 move blueflare\n>p2 move hurricane\n>p2 switch 2\n>p1 switch 6\n>p2 move calmmind\n>p1 move haze\n>p2 move judgment\n>p1 move scald\n>p2 switch 3\n>p1 move scald\n>p2 move terastarstorm\n>p1 move recover\n>p2 switch 4\n>p1 switch 3\n>p2 move throatchop\n>p1 move bodypress\n>p2 switch 6\n>p1 switch 2\n>p2 move substitute\n>p1 move calmmind\n>p2 move flamethrower\n>p1 move calmmind\n>p2 move protect\n>p1 move psyshock\n>p2 switch 6\n>p1 switch 2\n>p2 move ironhead\n>p1 switch 2\n>p2 switch 3\n>p1 move calmmind\n>p2 move calmmind\n>p1 move psyshock\n>p2 move judgment\n>p1 move recover\n>p2 move judgment terastallize\n>p1 switch 4\n>p1 move tripleaxel\n>p2 switch 3\n>p1 switch 3\n>p2 switch 6\n>p1 move scald\n>p2 move toxic\n>p2 switch 4\n>p1 move scald\n>p2 move rapidspin\n>p1 move haze\n>p2 move terastarstorm\n>p1 move scald\n>p2 move rapidspin\n>p2 switch 3\n>p1 move scald\n>p2 move judgment\n>p1 switch 3\n>p1 switch 5\n>p2 switch 6\n>p1 move sacredfire\n>p2 switch 5\n>p1 switch 6\n>p2 move stealthrock\n>p1 move earthpower\n>p2 move stoneedge\n>forcelose p2", "uploadtime": 1781459570, "views": 6, "formatid": "gen9randombattle", "rating": null, "private": 0, "password": null, "player_dets": [{"name": "thatdankcharizard", "avatar": "266", "rating": 2031, "seed": "sodium,49c225f2dd701199be96ed0e89d072c9"}, {"name": "Elpapi18", "avatar": "101", "rating": 2094, "seed": "sodium,a37cf967e85ad6cb3e351c6f5cede2b9"}], "teams_full": [{"Reshiram": {"name": "Reshiram", "species": "Reshiram", "speciesId": "reshiram", "gender": "N", "shiny": false, "level": 76, "moves": ["dracometeor", "earthpower", "willowisp", "blueflare"], "ability": "Turboblaze", "evs": {"hp": 85, "atk": 0, "def": 85, "spa": 85, "spd": 85, "spe": 85}, "ivs": {"hp": 31, "atk": 0, "def": 31, "spa": 31, "spd": 31, "spe": 31}, "item": "Heavy-Duty Boots", "teraType": "Fire", "role": "Fast Attacker", "bvs": {"hp": 100, "atk": 120, "def": 100, "spa": 150, "spd": 120, "spe": 90}, "stats": {"hp": 277, "atk": 187, "def": 196, "spa": 272, "spd": 226, "spe": 181}, "types": ["Dragon", "Fire"]}, "Reuniclus": {"name": "Reuniclus", "species": "Reuniclus", "speciesId": "reuniclus", "gender": "F", "shiny": false, "level": 88, "moves": ["recover", "calmmind", "psyshock", "focusblast"], "ability": "Magic Guard", "evs": {"hp": 85, "atk": 0, "def": 85, "spa": 85, "spd": 85, "spe": 85}, "ivs": {"hp": 31, "atk": 0, "def": 31, "spa": 31, "spd": 31, "spe": 31}, "item": "Life Orb", "teraType": "Fighting", "role": "Bulky Setup", "bvs": {"hp": 110, "atk": 65, "def": 75, "spa": 125, "spd": 85, "spe": 30}, "stats": {"hp": 337, "atk": 119, "def": 182, "spa": 270, "spd": 200, "spe": 103}, "types": ["Psychic"]}, "Zamazenta": {"name": "Zamazenta", "species": "Zamazenta", "speciesId": "zamazentacrowned", "gender": "N", "shiny": false, "level": 68, "moves": ["heavyslam", "stoneedge", "irondefense", "bodypress"], "ability": "Dauntless Shield", "evs": {"hp": 85, "atk": 85, "def": 85, "spa": 85, "spd": 85, "spe": 85}, "ivs": {"hp": 31, "atk": 31, "def": 31, "spa": 31, "spd": 31, "spe": 31}, "item": "Rusted Shield", "teraType": "Fighting", "role": "Bulky Setup", "bvs": {"hp": 92, "atk": 120, "def": 140, "spa": 80, "spd": 140, "spe": 128}, "stats": {"hp": 238, "atk": 203, "def": 230, "spa": 149, "spd": 230, "spe": 214}, "types": ["Fighting", "Steel"]}, "Weavile": {"name": "Weavile", "species": "Weavile", "speciesId": "weavile", "gender": "M", "shiny": false, "level": 79, "moves": ["swordsdance", "tripleaxel", "knockoff", "iceshard"], "ability": "Pickpocket", "evs": {"hp": 85, "atk": 85, "def": 85, "spa": 85, "spd": 85, "spe": 85}, "ivs": {"hp": 31, "atk": 31, "def": 31, "spa": 31, "spd": 31, "spe": 31}, "item": "Heavy-Duty Boots", "teraType": "Ice", "role": "Fast Attacker", "bvs": {"hp": 70, "atk": 120, "def": 65, "spa": 45, "spd": 85, "spe": 125}, "stats": {"hp": 240, "atk": 235, "def": 148, "spa": 117, "spd": 180, "spe": 243}, "types": ["Dark", "Ice"]}, "Ho-Oh": {"name": "Ho-Oh", "species": "Ho-Oh", "speciesId": "hooh", "gender": "N", "shiny": false, "level": 71, "moves": ["sacredfire", "recover", "earthquake", "bravebird"], "ability": "Regenerator", "evs": {"hp": 85, "atk": 85, "def": 85, "spa": 85, "spd": 85, "spe": 85}, "ivs": {"hp": 31, "atk": 31, "def": 31, "spa": 31, "spd": 31, "spe": 31}, "item": "Heavy-Duty Boots", "teraType": "Steel", "role": "Bulky Attacker", "bvs": {"hp": 106, "atk": 130, "def": 90, "spa": 110, "spd": 154, "spe": 90}, "stats": {"hp": 268, "atk": 226, "def": 169, "spa": 198, "spd": 260, "spe": 169}, "types": ["Fire", "Flying"]}, "Milotic": {"name": "Milotic", "species": "Milotic", "speciesId": "milotic", "gender": "F", "shiny": false, "level": 83, "moves": ["icebeam", "scald", "haze", "recover"], "ability": "Competitive", "evs": {"hp": 85, "atk": 0, "def": 85, "spa": 85, "spd": 85, "spe": 85}, "ivs": {"hp": 31, "atk": 0, "def": 31, "spa": 31, "spd": 31, "spe": 31}, "item": "Leftovers", "teraType": "Steel", "role": "Bulky Attacker", "bvs": {"hp": 95, "atk": 60, "def": 79, "spa": 100, "spd": 125, "spe": 81}, "stats": {"hp": 293, "atk": 104, "def": 179, "spa": 214, "spd": 255, "spe": 182}, "types": ["Water"]}}, {"Masquerain": {"name": "Masquerain", "species": "Masquerain", "speciesId": "masquerain", "gender": "F", "shiny": false, "level": 87, "moves": ["bugbuzz", "hydropump", "hurricane", "quiverdance"], "ability": "Intimidate", "evs": {"hp": 85, "atk": 0, "def": 85, "spa": 85, "spd": 85, "spe": 85}, "ivs": {"hp": 31, "atk": 0, "def": 31, "spa": 31, "spd": 31, "spe": 31}, "item": "Heavy-Duty Boots", "teraType": "Water", "role": "Setup Sweeper", "bvs": {"hp": 70, "atk": 60, "def": 62, "spa": 100, "spd": 82, "spe": 80}, "stats": {"hp": 264, "atk": 109, "def": 158, "spa": 224, "spd": 192, "spe": 189}, "types": ["Bug", "Flying"]}, "Arceus": {"name": "Arceus", "species": "Arceus-Ground", "speciesId": "arceusground", "gender": "N", "shiny": false, "level": 70, "moves": ["calmmind", "judgment", "recover", "fireblast"], "ability": "Multitype", "evs": {"hp": 85, "atk": 0, "def": 85, "spa": 85, "spd": 85, "spe": 85}, "ivs": {"hp": 31, "atk": 0, "def": 31, "spa": 31, "spd": 31, "spe": 31}, "item": "Earth Plate", "teraType": "Ground", "role": "Bulky Setup", "bvs": {"hp": 120, "atk": 120, "def": 120, "spa": 120, "spd": 120, "spe": 120}, "stats": {"hp": 284, "atk": 173, "def": 209, "spa": 209, "spd": 209, "spe": 209}, "types": ["Ground"]}, "Terapagos": {"name": "Terapagos", "species": "Terapagos", "speciesId": "terapagos", "gender": "M", "shiny": false, "level": 77, "moves": ["rapidspin", "darkpulse", "terastarstorm", "calmmind"], "ability": "Tera Shift", "evs": {"hp": 85, "atk": 85, "def": 85, "spa": 85, "spd": 85, "spe": 85}, "ivs": {"hp": 31, "atk": 31, "def": 31, "spa": 31, "spd": 31, "spe": 31}, "item": "Heavy-Duty Boots", "teraType": "Stellar", "role": "Setup Sweeper", "bvs": {"hp": 90, "atk": 65, "def": 85, "spa": 65, "spd": 85, "spe": 60}, "stats": {"hp": 265, "atk": 145, "def": 175, "spa": 145, "spd": 175, "spe": 137}, "types": ["Normal"]}, "Bisharp": {"name": "Bisharp", "species": "Bisharp", "speciesId": "bisharp", "gender": "F", "shiny": false, "level": 79, "moves": ["swordsdance", "ironhead", "suckerpunch", "throatchop"], "ability": "Defiant", "evs": {"hp": 85, "atk": 85, "def": 85, "spa": 85, "spd": 85, "spe": 85}, "ivs": {"hp": 31, "atk": 31, "def": 31, "spa": 31, "spd": 31, "spe": 31}, "item": "Eviolite", "teraType": "Ghost", "role": "Bulky Attacker", "bvs": {"hp": 65, "atk": 125, "def": 100, "spa": 60, "spd": 70, "spe": 70}, "stats": {"hp": 232, "atk": 243, "def": 204, "spa": 140, "spd": 156, "spe": 156}, "types": ["Dark", "Steel"]}, "Stonjourner": {"name": "Stonjourner", "species": "Stonjourner", "speciesId": "stonjourner", "gender": "M", "shiny": false, "level": 91, "moves": ["earthquake", "stoneedge", "heatcrash", "stealthrock"], "ability": "Power Spot", "evs": {"hp": 85, "atk": 85, "def": 85, "spa": 85, "spd": 85, "spe": 85}, "ivs": {"hp": 31, "atk": 31, "def": 31, "spa": 31, "spd": 31, "spe": 31}, "item": "Life Orb", "teraType": "Ground", "role": "Fast Attacker", "bvs": {"hp": 100, "atk": 125, "def": 135, "spa": 20, "spd": 20, "spe": 70}, "stats": {"hp": 330, "atk": 279, "def": 298, "spa": 88, "spd": 88, "spe": 179}, "types": ["Rock"]}, "Salazzle": {"name": "Salazzle", "species": "Salazzle", "speciesId": "salazzle", "gender": "F", "shiny": false, "level": 83, "moves": ["protect", "flamethrower", "toxic", "substitute"], "ability": "Corrosion", "evs": {"hp": 85, "atk": 0, "def": 85, "spa": 85, "spd": 85, "spe": 85}, "ivs": {"hp": 31, "atk": 0, "def": 31, "spa": 31, "spd": 31, "spe": 31}, "item": "Leftovers", "teraType": "Flying", "role": "Fast Support", "bvs": {"hp": 68, "atk": 64, "def": 60, "spa": 111, "spd": 60, "spe": 117}, "stats": {"hp": 249, "atk": 111, "def": 147, "spa": 232, "spd": 147, "spe": 242}, "types": ["Poison", "Fire"]}}]}