{"id": "gen9randombattle-2631959693", "format": "[Gen 9] Random Battle", "players": ["renz3554", "fungusphil"], "log": "|j|\u2606renz3554\n|j|\u2606fungusphil\n|t:|1781460066\n|gametype|singles\n|player|p1|renz3554|169|2074\n|player|p2|fungusphil|pokemaniac|2026\n|gen|9\n|tier|[Gen 9] Random Battle\n|rated|\n|rule|Species Clause: Limit one of each Pok\u00e9mon\n|rule|HP Percentage Mod: HP is shown in percentages\n|rule|Sleep Clause Mod: Limit one foe put to sleep\n|rule|Illusion Level Mod: Illusion disguises the Pok\u00e9mon's true level\n|\n|t:|1781460066\n|teamsize|p1|6\n|teamsize|p2|6\n|start\n|switch|p1a: Ursaluna|Ursaluna, L79, M|335/335\n|switch|p2a: Gengar|Gengar, L81, M|230/230\n|turn|1\n|inactive|Battle timer is ON: inactive players will automatically lose when time's up. (requested by fungusphil)\n|inactive|fungusphil has 120 seconds left.\n|\n|t:|1781460102\n|switch|p2a: Noivern|Noivern, L82, M|274/274\n|move|p1a: Ursaluna|Headlong Rush|p2a: Noivern\n|-immune|p2a: Noivern\n|\n|-status|p1a: Ursaluna|brn|[from] item: Flame Orb\n|upkeep\n|turn|2\n|\n|t:|1781460109\n|move|p2a: Noivern|U-turn|p1a: Ursaluna\n|-damage|p1a: Ursaluna|302/335 brn\n|\n|t:|1781460111\n|switch|p2a: Gengar|Gengar, L81, M|230/230|[from] U-turn\n|move|p1a: Ursaluna|Facade|p2a: Gengar\n|-immune|p2a: Gengar\n|\n|-damage|p1a: Ursaluna|282/335 brn|[from] brn\n|upkeep\n|turn|3\n|\n|t:|1781460114\n|move|p2a: Gengar|Focus Blast|p1a: Ursaluna|[miss]\n|-miss|p2a: Gengar|p1a: Ursaluna\n|move|p1a: Ursaluna|Crunch|p2a: Gengar\n|-supereffective|p2a: Gengar\n|-damage|p2a: Gengar|0 fnt\n|faint|p2a: Gengar\n|\n|-damage|p1a: Ursaluna|262/335 brn|[from] brn\n|upkeep\n|\n|t:|1781460127\n|switch|p2a: Conkeldurr|Conkeldurr, L80, M|299/299\n|turn|4\n|\n|t:|1781460131\n|move|p1a: Ursaluna|Facade|p2a: Conkeldurr\n|-damage|p2a: Conkeldurr|35/299\n|move|p2a: Conkeldurr|Close Combat|p1a: Ursaluna\n|-supereffective|p1a: Ursaluna\n|-damage|p1a: Ursaluna|0 fnt\n|-unboost|p2a: Conkeldurr|def|1\n|-unboost|p2a: Conkeldurr|spd|1\n|faint|p1a: Ursaluna\n|\n|-status|p2a: Conkeldurr|brn|[from] item: Flame Orb\n|upkeep\n|\n|t:|1781460138\n|switch|p1a: Venusaur|Venusaur, L84, F|272/272\n|turn|5\n|\n|t:|1781460163\n|switch|p2a: Copperajah|Copperajah, L86, M|350/350\n|move|p1a: Venusaur|Sludge Bomb|p2a: Copperajah\n|-immune|p2a: Copperajah\n|\n|upkeep\n|turn|6\n|\n|t:|1781460178\n|move|p1a: Venusaur|Sleep Powder|p2a: Copperajah|[miss]\n|-miss|p1a: Venusaur|p2a: Copperajah\n|move|p2a: Copperajah|Stealth Rock|p1a: Venusaur\n|-sidestart|p1: renz3554|move: Stealth Rock\n|\n|upkeep\n|turn|7\n|\n|t:|1781460182\n|move|p1a: Venusaur|Leech Seed|p2a: Copperajah\n|-start|p2a: Copperajah|move: Leech Seed\n|move|p2a: Copperajah|Iron Head|p1a: Venusaur\n|-damage|p1a: Venusaur|87/272\n|\n|-heal|p1a: Venusaur|104/272|[from] item: Leftovers\n|-damage|p2a: Copperajah|307/350|[from] Leech Seed|[of] p1a: Venusaur\n|-heal|p1a: Venusaur|147/272|[silent]\n|upkeep\n|turn|8\n|\n|t:|1781460187\n|move|p1a: Venusaur|Sleep Powder|p2a: Copperajah\n|-status|p2a: Copperajah|slp|[from] move: Sleep Powder\n|cant|p2a: Copperajah|slp\n|\n|-heal|p1a: Venusaur|164/272|[from] item: Leftovers\n|-damage|p2a: Copperajah|264/350 slp|[from] Leech Seed|[of] p1a: Venusaur\n|-heal|p1a: Venusaur|207/272|[silent]\n|upkeep\n|turn|9\n|\n|t:|1781460192\n|switch|p2a: Noivern|Noivern, L82, M|274/274\n|move|p1a: Venusaur|Sludge Bomb|p2a: Noivern\n|-damage|p2a: Noivern|163/274\n|\n|-heal|p1a: Venusaur|224/272|[from] item: Leftovers\n|upkeep\n|turn|10\n|\n|t:|1781460199\n|-terastallize|p1a: Venusaur|Steel\n|move|p2a: Noivern|U-turn|p1a: Venusaur\n|-resisted|p1a: Venusaur\n|-crit|p1a: Venusaur\n|-damage|p1a: Venusaur|193/272\n|\n|t:|1781460207\n|switch|p2a: Conkeldurr|Conkeldurr, L80, M|35/299 brn|[from] U-turn\n|move|p1a: Venusaur|Sludge Bomb|p2a: Conkeldurr\n|-damage|p2a: Conkeldurr|0 fnt\n|faint|p2a: Conkeldurr\n|\n|-heal|p1a: Venusaur|210/272|[from] item: Leftovers\n|upkeep\n|\n|t:|1781460211\n|switch|p2a: Sandslash|Sandslash, L89, F|278/278\n|turn|11\n|\n|t:|1781460219\n|switch|p1a: Volcarona|Volcarona, L77, F|257/257\n|move|p2a: Sandslash|Rapid Spin|p1a: Volcarona\n|-damage|p1a: Volcarona|199/257\n|-boost|p2a: Sandslash|spe|1\n|\n|upkeep\n|turn|12\n|\n|t:|1781460230\n|move|p2a: Sandslash|Swords Dance|p2a: Sandslash\n|-boost|p2a: Sandslash|atk|2\n|move|p1a: Volcarona|Quiver Dance|p1a: Volcarona\n|-boost|p1a: Volcarona|spa|1\n|-boost|p1a: Volcarona|spd|1\n|-boost|p1a: Volcarona|spe|1\n|\n|upkeep\n|turn|13\n|\n|t:|1781460233\n|move|p1a: Volcarona|Fiery Dance|p2a: Sandslash\n|-damage|p2a: Sandslash|86/278\n|move|p2a: Sandslash|Earthquake|p1a: Volcarona\n|-damage|p1a: Volcarona|0 fnt\n|faint|p1a: Volcarona\n|\n|-heal|p2a: Sandslash|103/278|[from] item: Leftovers\n|upkeep\n|\n|t:|1781460238\n|switch|p1a: Cacturne|Cacturne, L92, M|278/278\n|-damage|p1a: Cacturne|244/278|[from] Stealth Rock\n|turn|14\n|\n|t:|1781460242\n|move|p2a: Sandslash|Swords Dance|p2a: Sandslash\n|-boost|p2a: Sandslash|atk|2\n|move|p1a: Cacturne|Seed Bomb|p2a: Sandslash\n|-supereffective|p2a: Sandslash\n|-damage|p2a: Sandslash|0 fnt\n|faint|p2a: Sandslash\n|-damage|p1a: Cacturne|217/278|[from] item: Life Orb\n|\n|upkeep\n|\n|t:|1781460244\n|switch|p2a: Noivern|Noivern, L82, M|163/274\n|turn|15\n|\n|t:|1781460247\n|switch|p2a: Copperajah|Copperajah, L86, M|264/350 slp\n|move|p1a: Cacturne|Knock Off|p2a: Copperajah\n|-damage|p2a: Copperajah|72/350 slp\n|-enditem|p2a: Copperajah|Life Orb|[from] move: Knock Off|[of] p1a: Cacturne\n|-damage|p1a: Cacturne|190/278|[from] item: Life Orb\n|\n|upkeep\n|turn|16\n|\n|t:|1781460250\n|move|p1a: Cacturne|Knock Off|p2a: Copperajah\n|-damage|p2a: Copperajah|0 fnt\n|faint|p2a: Copperajah\n|-damage|p1a: Cacturne|163/278|[from] item: Life Orb\n|\n|upkeep\n|\n|t:|1781460258\n|switch|p2a: Noivern|Noivern, L82, M|163/274\n|turn|17\n|\n|t:|1781460261\n|move|p1a: Cacturne|Sucker Punch|p2a: Noivern\n|-damage|p2a: Noivern|25/274\n|-damage|p1a: Cacturne|136/278|[from] item: Life Orb\n|move|p2a: Noivern|U-turn|p1a: Cacturne\n|-supereffective|p1a: Cacturne\n|-damage|p1a: Cacturne|0 fnt\n|faint|p1a: Cacturne\n|\n|t:|1781460263\n|switch|p2a: Gumshoos|Gumshoos, L95, M|321/321|[from] U-turn\n|\n|upkeep\n|-message|fungusphil forfeited.\n|\n|win|renz3554\n", "inputlog": ">version a8376a258c1d4662feba110a92103f3664a72141\n>start {\"formatid\":\"gen9randombattle\",\"seed\":\"sodium,1a67ca1bd6b356bc2156719917319560\",\"rated\":\"Rated battle\"}\n>player p1 {\"name\":\"renz3554\",\"avatar\":\"169\",\"rating\":2074,\"seed\":\"sodium,8ba537c553e4176d5d5e831900706265\"}\n>player p2 {\"name\":\"fungusphil\",\"avatar\":\"pokemaniac\",\"rating\":2026,\"seed\":\"sodium,ae7cfa34b57f1e8472d3aa2e81e1b89f\"}\n>p1 move headlongrush\n>p2 switch 4\n>p1 move facade\n>p2 move uturn\n>p2 switch 4\n>p1 move crunch\n>p2 move focusblast\n>p2 switch 3\n>p1 move facade\n>p2 move closecombat\n>p1 switch 2\n>p1 move sludgebomb\n>p2 switch 5\n>p1 move sleeppowder\n>p2 move stealthrock\n>p1 move leechseed\n>p2 move ironhead\n>p1 move sleeppowder\n>p2 move ironhead\n>p1 move sludgebomb\n>p2 switch 4\n>p1 move sludgebomb terastallize\n>p2 move uturn\n>p2 switch 5\n>p2 switch 6\n>p1 switch 4\n>p2 move rapidspin\n>p1 move quiverdance\n>p2 move swordsdance\n>p1 move fierydance\n>p2 move earthquake\n>p1 switch 3\n>p1 move seedbomb\n>p2 move swordsdance\n>p2 switch 5\n>p1 move knockoff\n>p2 switch 4\n>p1 move knockoff\n>p2 move ironhead\n>p2 switch 4\n>p1 move suckerpunch\n>p2 move uturn\n>p2 switch 2\n>forcelose p2", "uploadtime": 1781460069, "views": 4, "formatid": "gen9randombattle", "rating": null, "private": 0, "password": null, "player_dets": [{"name": "renz3554", "avatar": "169", "rating": 2074, "seed": "sodium,8ba537c553e4176d5d5e831900706265"}, {"name": "fungusphil", "avatar": "pokemaniac", "rating": 2026, "seed": "sodium,ae7cfa34b57f1e8472d3aa2e81e1b89f"}], "teams_full": [{"Ursaluna": {"name": "Ursaluna", "species": "Ursaluna", "speciesId": "ursaluna", "gender": "M", "shiny": false, "level": 79, "moves": ["trailblaze", "headlongrush", "crunch", "facade"], "ability": "Guts", "evs": {"hp": 85, "atk": 85, "def": 85, "spa": 85, "spd": 85, "spe": 85}, "ivs": {"hp": 31, "atk": 31, "def": 31, "spa": 31, "spd": 31, "spe": 31}, "item": "Flame Orb", "teraType": "Normal", "role": "Bulky Attacker", "bvs": {"hp": 130, "atk": 140, "def": 105, "spa": 45, "spd": 80, "spe": 50}, "stats": {"hp": 335, "atk": 267, "def": 211, "spa": 117, "spd": 172, "spe": 125}, "types": ["Ground", "Normal"]}, "Venusaur": {"name": "Venusaur", "species": "Venusaur", "speciesId": "venusaur", "gender": "F", "shiny": false, "level": 84, "moves": ["substitute", "leechseed", "sleeppowder", "sludgebomb"], "ability": "Chlorophyll", "evs": {"hp": 85, "atk": 0, "def": 85, "spa": 85, "spd": 85, "spe": 85}, "ivs": {"hp": 31, "atk": 0, "def": 31, "spa": 31, "spd": 31, "spe": 31}, "item": "Leftovers", "teraType": "Steel", "role": "Bulky Support", "bvs": {"hp": 80, "atk": 82, "def": 83, "spa": 100, "spd": 100, "spe": 80}, "stats": {"hp": 272, "atk": 142, "def": 188, "spa": 216, "spd": 216, "spe": 183}, "types": ["Grass", "Poison"]}, "Cacturne": {"name": "Cacturne", "species": "Cacturne", "speciesId": "cacturne", "gender": "M", "shiny": false, "level": 92, "moves": ["seedbomb", "knockoff", "swordsdance", "suckerpunch"], "ability": "Water Absorb", "evs": {"hp": 85, "atk": 85, "def": 85, "spa": 85, "spd": 85, "spe": 85}, "ivs": {"hp": 31, "atk": 31, "def": 31, "spa": 31, "spd": 31, "spe": 31}, "item": "Life Orb", "teraType": "Dark", "role": "Setup Sweeper", "bvs": {"hp": 70, "atk": 115, "def": 60, "spa": 115, "spd": 60, "spe": 55}, "stats": {"hp": 278, "atk": 264, "def": 163, "spa": 264, "spd": 163, "spe": 154}, "types": ["Grass", "Dark"]}, "Volcarona": {"name": "Volcarona", "species": "Volcarona", "speciesId": "volcarona", "gender": "F", "shiny": false, "level": 77, "moves": ["quiverdance", "fierydance", "bugbuzz", "terablast"], "ability": "Flame Body", "evs": {"hp": 85, "atk": 0, "def": 85, "spa": 85, "spd": 85, "spe": 85}, "ivs": {"hp": 31, "atk": 0, "def": 31, "spa": 31, "spd": 31, "spe": 31}, "item": "Heavy-Duty Boots", "teraType": "Water", "role": "Tera Blast user", "bvs": {"hp": 85, "atk": 60, "def": 65, "spa": 135, "spd": 105, "spe": 100}, "stats": {"hp": 257, "atk": 97, "def": 145, "spa": 252, "spd": 206, "spe": 199}, "types": ["Bug", "Fire"]}, "Grafaiai": {"name": "Grafaiai", "species": "Grafaiai", "speciesId": "grafaiai", "gender": "F", "shiny": false, "level": 86, "moves": ["gunkshot", "knockoff", "lowkick", "swordsdance"], "ability": "Poison Touch", "evs": {"hp": 85, "atk": 85, "def": 85, "spa": 85, "spd": 85, "spe": 85}, "ivs": {"hp": 31, "atk": 31, "def": 31, "spa": 31, "spd": 31, "spe": 31}, "item": "Life Orb", "teraType": "Dark", "role": "Setup Sweeper", "bvs": {"hp": 63, "atk": 95, "def": 65, "spa": 80, "spd": 72, "spe": 110}, "stats": {"hp": 249, "atk": 213, "def": 161, "spa": 187, "spd": 173, "spe": 238}, "types": ["Poison", "Normal"]}, "Reshiram": {"name": "Reshiram", "species": "Reshiram", "speciesId": "reshiram", "gender": "N", "shiny": false, "level": 76, "moves": ["blueflare", "dragontail", "earthpower", "dracometeor"], "ability": "Turboblaze", "evs": {"hp": 85, "atk": 85, "def": 85, "spa": 85, "spd": 85, "spe": 85}, "ivs": {"hp": 31, "atk": 31, "def": 31, "spa": 31, "spd": 31, "spe": 31}, "item": "Heavy-Duty Boots", "teraType": "Ground", "role": "Fast Attacker", "bvs": {"hp": 100, "atk": 120, "def": 100, "spa": 150, "spd": 120, "spe": 90}, "stats": {"hp": 277, "atk": 226, "def": 196, "spa": 272, "spd": 226, "spe": 181}, "types": ["Dragon", "Fire"]}}, {"Gengar": {"name": "Gengar", "species": "Gengar", "speciesId": "gengar", "gender": "M", "shiny": false, "level": 81, "moves": ["nastyplot", "focusblast", "sludgewave", "shadowball"], "ability": "Cursed Body", "evs": {"hp": 85, "atk": 0, "def": 85, "spa": 85, "spd": 85, "spe": 85}, "ivs": {"hp": 31, "atk": 0, "def": 31, "spa": 31, "spd": 31, "spe": 31}, "item": "Life Orb", "teraType": "Fighting", "role": "Wallbreaker", "bvs": {"hp": 60, "atk": 65, "def": 60, "spa": 130, "spd": 75, "spe": 110}, "stats": {"hp": 230, "atk": 110, "def": 144, "spa": 257, "spd": 168, "spe": 225}, "types": ["Ghost", "Poison"]}, "Gumshoos": {"name": "Gumshoos", "species": "Gumshoos", "speciesId": "gumshoos", "gender": "M", "shiny": false, "level": 95, "moves": ["knockoff", "doubleedge", "earthquake", "uturn"], "ability": "Stakeout", "evs": {"hp": 85, "atk": 85, "def": 85, "spa": 85, "spd": 85, "spe": 85}, "ivs": {"hp": 31, "atk": 31, "def": 31, "spa": 31, "spd": 31, "spe": 31}, "item": "Choice Band", "teraType": "Normal", "role": "Wallbreaker", "bvs": {"hp": 88, "atk": 110, "def": 60, "spa": 55, "spd": 60, "spe": 45}, "stats": {"hp": 321, "atk": 263, "def": 168, "spa": 158, "spd": 168, "spe": 139}, "types": ["Normal"]}, "Conkeldurr": {"name": "Conkeldurr", "species": "Conkeldurr", "speciesId": "conkeldurr", "gender": "M", "shiny": false, "level": 80, "moves": ["facade", "knockoff", "closecombat", "machpunch"], "ability": "Guts", "evs": {"hp": 85, "atk": 85, "def": 85, "spa": 85, "spd": 85, "spe": 85}, "ivs": {"hp": 31, "atk": 31, "def": 31, "spa": 31, "spd": 31, "spe": 31}, "item": "Flame Orb", "teraType": "Normal", "role": "Wallbreaker", "bvs": {"hp": 105, "atk": 140, "def": 95, "spa": 55, "spd": 65, "spe": 45}, "stats": {"hp": 299, "atk": 270, "def": 198, "spa": 134, "spd": 150, "spe": 118}, "types": ["Fighting"]}, "Noivern": {"name": "Noivern", "species": "Noivern", "speciesId": "noivern", "gender": "M", "shiny": false, "level": 82, "moves": ["dracometeor", "uturn", "hurricane", "boomburst"], "ability": "Infiltrator", "evs": {"hp": 85, "atk": 85, "def": 85, "spa": 85, "spd": 85, "spe": 85}, "ivs": {"hp": 31, "atk": 31, "def": 31, "spa": 31, "spd": 31, "spe": 31}, "item": "Choice Specs", "teraType": "Normal", "role": "Fast Attacker", "bvs": {"hp": 85, "atk": 70, "def": 80, "spa": 97, "spd": 80, "spe": 123}, "stats": {"hp": 274, "atk": 162, "def": 178, "spa": 206, "spd": 178, "spe": 249}, "types": ["Flying", "Dragon"]}, "Copperajah": {"name": "Copperajah", "species": "Copperajah", "speciesId": "copperajah", "gender": "M", "shiny": false, "level": 86, "moves": ["playrough", "ironhead", "stealthrock", "superpower"], "ability": "Sheer Force", "evs": {"hp": 85, "atk": 85, "def": 85, "spa": 85, "spd": 85, "spe": 85}, "ivs": {"hp": 31, "atk": 31, "def": 31, "spa": 31, "spd": 31, "spe": 31}, "item": "Life Orb", "teraType": "Fairy", "role": "Wallbreaker", "bvs": {"hp": 122, "atk": 130, "def": 69, "spa": 80, "spd": 69, "spe": 30}, "stats": {"hp": 350, "atk": 273, "def": 168, "spa": 187, "spd": 168, "spe": 101}, "types": ["Steel"]}, "Sandslash": {"name": "Sandslash", "species": "Sandslash", "speciesId": "sandslash", "gender": "F", "shiny": false, "level": 89, "moves": ["knockoff", "rapidspin", "swordsdance", "earthquake"], "ability": "Sand Rush", "evs": {"hp": 85, "atk": 85, "def": 85, "spa": 85, "spd": 85, "spe": 85}, "ivs": {"hp": 31, "atk": 31, "def": 31, "spa": 31, "spd": 31, "spe": 31}, "item": "Leftovers", "teraType": "Water", "role": "Bulky Support", "bvs": {"hp": 75, "atk": 100, "def": 110, "spa": 45, "spd": 55, "spe": 65}, "stats": {"hp": 278, "atk": 229, "def": 247, "spa": 131, "spd": 149, "spe": 166}, "types": ["Ground"]}}]}