{"id": "gen9randombattle-2631938776", "format": "[Gen 9] Random Battle", "players": ["Hjxksnssbdh", "Laurie B"], "log": "|j|\u2606Hjxksnssbdh\n|j|\u2606Laurie B\n|t:|1781457779\n|gametype|singles\n|player|p1|Hjxksnssbdh|101|1000\n|player|p2|Laurie B|may-masters|1000\n|gen|9\n|tier|[Gen 9] Random Battle\n|rated|\n|rule|Species Clause: Limit one of each Pok\u00e9mon\n|rule|HP Percentage Mod: HP is shown in percentages\n|rule|Sleep Clause Mod: Limit one foe put to sleep\n|rule|Illusion Level Mod: Illusion disguises the Pok\u00e9mon's true level\n|\n|t:|1781457779\n|teamsize|p1|6\n|teamsize|p2|6\n|start\n|switch|p1a: Heatran|Heatran, L79, M|273/273\n|switch|p2a: Hitmonlee|Hitmonlee, L85, M|223/223\n|-item|p1a: Heatran|Air Balloon\n|turn|1\n|\n|t:|1781457789\n|switch|p1a: Bruxish|Bruxish, L85, F|254/254\n|move|p2a: Hitmonlee|High Jump Kick|p1a: Bruxish\n|-resisted|p1a: Bruxish\n|-damage|p1a: Bruxish|80/254\n|\n|upkeep\n|turn|2\n|inactive|Battle timer is ON: inactive players will automatically lose when time's up. (requested by Hjxksnssbdh)\n|\n|t:|1781457799\n|switch|p2a: Iron Thorns|Iron Thorns, L83|302/302\n|-item|p2a: Iron Thorns|Air Balloon\n|move|p1a: Bruxish|Psychic Fangs|p2a: Iron Thorns\n|-damage|p2a: Iron Thorns|146/302\n|-enditem|p2a: Iron Thorns|Air Balloon\n|-damage|p1a: Bruxish|55/254|[from] item: Life Orb\n|\n|upkeep\n|turn|3\n|\n|t:|1781457820\n|move|p1a: Bruxish|Wave Crash|p2a: Iron Thorns\n|-supereffective|p2a: Iron Thorns\n|-damage|p2a: Iron Thorns|0 fnt\n|faint|p2a: Iron Thorns\n|-end|p2a: Iron Thorns|Quark Drive|[silent]\n|-damage|p1a: Bruxish|7/254|[from] Recoil\n|-damage|p1a: Bruxish|0 fnt|[from] item: Life Orb\n|faint|p1a: Bruxish\n|\n|upkeep\n|\n|t:|1781457831\n|switch|p1a: Gurdurr|Gurdurr, L85, M|283/283\n|switch|p2a: Gyarados|Gyarados, L79, M|280/280\n|-ability|p2a: Gyarados|Intimidate|boost\n|-unboost|p1a: Gurdurr|atk|1\n|turn|4\n|\n|t:|1781457848\n|switch|p1a: Duraludon|Duraludon, L82, F|249/249\n|move|p2a: Gyarados|Dragon Dance|p2a: Gyarados\n|-boost|p2a: Gyarados|atk|1\n|-boost|p2a: Gyarados|spe|1\n|\n|upkeep\n|turn|5\n|\n|t:|1781457856\n|move|p2a: Gyarados|Earthquake|p1a: Duraludon\n|-supereffective|p1a: Duraludon\n|-damage|p1a: Duraludon|119/249\n|move|p1a: Duraludon|Thunder Wave|p2a: Gyarados\n|-status|p2a: Gyarados|par\n|\n|upkeep\n|turn|6\n|\n|t:|1781457870\n|move|p1a: Duraludon|Draco Meteor|p2a: Gyarados\n|-damage|p2a: Gyarados|130/280 par\n|-unboost|p1a: Duraludon|spa|2\n|move|p2a: Gyarados|Dragon Dance|p2a: Gyarados\n|-boost|p2a: Gyarados|atk|1\n|-boost|p2a: Gyarados|spe|1\n|\n|upkeep\n|turn|7\n|\n|t:|1781457878\n|move|p1a: Duraludon|Flash Cannon|p2a: Gyarados\n|-resisted|p2a: Gyarados\n|-damage|p2a: Gyarados|106/280 par\n|cant|p2a: Gyarados|par\n|\n|upkeep\n|turn|8\n|\n|t:|1781457887\n|move|p1a: Duraludon|Body Press|p2a: Gyarados\n|-resisted|p2a: Gyarados\n|-damage|p2a: Gyarados|73/280 par\n|cant|p2a: Gyarados|par\n|\n|upkeep\n|turn|9\n|\n|t:|1781457894\n|move|p1a: Duraludon|Body Press|p2a: Gyarados\n|-resisted|p2a: Gyarados\n|-damage|p2a: Gyarados|39/280 par\n|move|p2a: Gyarados|Earthquake|p1a: Duraludon\n|-supereffective|p1a: Duraludon\n|-damage|p1a: Duraludon|0 fnt\n|faint|p1a: Duraludon\n|\n|upkeep\n|\n|t:|1781457908\n|switch|p1a: Kyurem|Kyurem-Black, L71|295/295\n|-ability|p1a: Kyurem|Teravolt\n|turn|10\n|\n|t:|1781457913\n|move|p1a: Kyurem|Dragon Dance|p1a: Kyurem\n|-boost|p1a: Kyurem|atk|1\n|-boost|p1a: Kyurem|spe|1\n|move|p2a: Gyarados|Earthquake|p1a: Kyurem\n|-damage|p1a: Kyurem|140/295\n|\n|upkeep\n|turn|11\n|\n|t:|1781457923\n|move|p1a: Kyurem|Icicle Spear|p2a: Gyarados\n|-damage|p2a: Gyarados|0 fnt\n|faint|p2a: Gyarados\n|-hitcount|p2: Gyarados|1\n|\n|upkeep\n|\n|t:|1781457927\n|switch|p2a: Hitmonlee|Hitmonlee, L85, M|223/223\n|turn|12\n|\n|t:|1781457933\n|move|p1a: Kyurem|Scale Shot|p2a: Hitmonlee\n|-damage|p2a: Hitmonlee|157/223\n|-damage|p2a: Hitmonlee|97/223\n|-damage|p2a: Hitmonlee|33/223\n|-damage|p2a: Hitmonlee|0 fnt\n|faint|p2a: Hitmonlee\n|-hitcount|p2: Hitmonlee|4\n|-unboost|p1a: Kyurem|def|1\n|-boost|p1a: Kyurem|spe|1\n|\n|upkeep\n|\n|t:|1781457944\n|switch|p2a: Lapras|Lapras, L87, M|367/367\n|turn|13\n|\n|t:|1781457951\n|move|p1a: Kyurem|Scale Shot|p2a: Lapras\n|-damage|p2a: Lapras|316/367\n|-damage|p2a: Lapras|268/367\n|-damage|p2a: Lapras|220/367\n|-damage|p2a: Lapras|172/367\n|-damage|p2a: Lapras|126/367\n|-hitcount|p2a: Lapras|5\n|-unboost|p1a: Kyurem|def|1\n|-boost|p1a: Kyurem|spe|1\n|move|p2a: Lapras|Icicle Spear|p1a: Kyurem\n|-damage|p1a: Kyurem|88/295\n|-damage|p1a: Kyurem|28/295\n|-damage|p1a: Kyurem|0 fnt\n|faint|p1a: Kyurem\n|-hitcount|p1: Kyurem|3\n|\n|upkeep\n|\n|t:|1781457955\n|switch|p1a: Gurdurr|Gurdurr, L85, M|283/283\n|turn|14\n|\n|t:|1781457966\n|switch|p2a: Lurantis|Lurantis, L87, M|264/264\n|move|p1a: Gurdurr|Drain Punch|p2a: Lurantis\n|-damage|p2a: Lurantis|173/264\n|\n|-heal|p2a: Lurantis|189/264|[from] item: Leftovers\n|upkeep\n|turn|15\n|\n|t:|1781457977\n|move|p2a: Lurantis|Superpower|p1a: Gurdurr\n|-damage|p1a: Gurdurr|217/283\n|-boost|p2a: Lurantis|atk|1\n|-boost|p2a: Lurantis|def|1\n|move|p1a: Gurdurr|Knock Off|p2a: Lurantis\n|-damage|p2a: Lurantis|142/264\n|-enditem|p2a: Lurantis|Leftovers|[from] move: Knock Off|[of] p1a: Gurdurr\n|\n|upkeep\n|turn|16\n|\n|t:|1781457983\n|move|p2a: Lurantis|Synthesis|p2a: Lurantis\n|-heal|p2a: Lurantis|264/264\n|move|p1a: Gurdurr|Drain Punch|p2a: Lurantis\n|-damage|p2a: Lurantis|209/264\n|-heal|p1a: Gurdurr|245/283|[from] drain|[of] p2a: Lurantis\n|\n|upkeep\n|turn|17\n|\n|t:|1781457992\n|move|p2a: Lurantis|Superpower|p1a: Gurdurr\n|-damage|p1a: Gurdurr|150/283\n|-boost|p2a: Lurantis|atk|1\n|-boost|p2a: Lurantis|def|1\n|move|p1a: Gurdurr|Drain Punch|p2a: Lurantis\n|-damage|p2a: Lurantis|164/264\n|-heal|p1a: Gurdurr|173/283|[from] drain|[of] p2a: Lurantis\n|\n|upkeep\n|turn|18\n|\n|t:|1781457997\n|switch|p1a: Lumineon|Lumineon, L93, M|279/279\n|move|p2a: Lurantis|Superpower|p1a: Lumineon\n|-damage|p1a: Lumineon|94/279\n|-boost|p2a: Lurantis|atk|1\n|-boost|p2a: Lurantis|def|1\n|\n|upkeep\n|turn|19\n|\n|t:|1781458006\n|move|p1a: Lumineon|Ice Beam|p2a: Lurantis\n|-supereffective|p2a: Lurantis\n|-damage|p2a: Lurantis|46/264\n|move|p2a: Lurantis|Synthesis|p2a: Lurantis\n|-heal|p2a: Lurantis|178/264\n|\n|upkeep\n|turn|20\n|\n|t:|1781458010\n|move|p1a: Lumineon|Encore|p2a: Lurantis\n|-start|p2a: Lurantis|Encore\n|move|p2a: Lurantis|Synthesis|p2a: Lurantis\n|-heal|p2a: Lurantis|264/264\n|\n|upkeep\n|turn|21\n|\n|t:|1781458018\n|switch|p2a: Venusaur|Venusaur, L84, F|272/272\n|move|p1a: Lumineon|U-turn|p2a: Venusaur\n|-crit|p2a: Venusaur\n|-damage|p2a: Venusaur|199/272\n|\n|t:|1781458020\n|switch|p1a: Heatran|Heatran, L79, M|273/273|[from] U-turn\n|-item|p1a: Heatran|Air Balloon\n|\n|-heal|p2a: Venusaur|216/272|[from] item: Leftovers\n|upkeep\n|turn|22\n|\n|t:|1781458035\n|-terastallize|p2a: Venusaur|Dark\n|move|p2a: Venusaur|Knock Off|p1a: Heatran\n|-damage|p1a: Heatran|186/273\n|-enditem|p1a: Heatran|Air Balloon\n|move|p1a: Heatran|Magma Storm|p2a: Venusaur|[miss]\n|-miss|p1a: Heatran|p2a: Venusaur\n|\n|-heal|p2a: Venusaur|233/272|[from] item: Leftovers\n|upkeep\n|turn|23\n|\n|t:|1781458056\n|move|p2a: Venusaur|Knock Off|p1a: Heatran\n|-damage|p1a: Heatran|129/273\n|move|p1a: Heatran|Heavy Slam|p2a: Venusaur\n|-damage|p2a: Venusaur|133/272\n|\n|-heal|p2a: Venusaur|150/272|[from] item: Leftovers\n|upkeep\n|turn|24\n|-message|Hjxksnssbdh forfeited.\n|\n|win|Laurie B\n|raw|Hjxksnssbdh's rating: 1040 &rarr; <strong>1022</strong><br />(-18 for losing)\n|raw|Laurie B's rating: 1000 &rarr; <strong>1045</strong><br />(+45 for winning)\n|l|\u2606Hjxksnssbdh\n|player|p1|\n", "inputlog": ">version a8376a258c1d4662feba110a92103f3664a72141\n>start {\"formatid\":\"gen9randombattle\",\"seed\":\"sodium,d2b6fe0075ca9db497d7da320bfd13f6\",\"rated\":\"Rated battle\"}\n>player p1 {\"name\":\"Hjxksnssbdh\",\"avatar\":\"101\",\"rating\":1000,\"seed\":\"sodium,15d6b10d175379a16140d259f96c16a6\"}\n>player p2 {\"name\":\"Laurie B\",\"avatar\":\"may-masters\",\"rating\":1000,\"seed\":\"sodium,261708c4c5a36efff687b5f1d2701b29\"}\n>p1 switch 5\n>p2 move highjumpkick\n>p1 move psychicfangs\n>p2 switch 2\n>p1 move wavecrash\n>p2 move wildcharge\n>p1 switch 6\n>p2 switch 5\n>p1 switch 2\n>p2 move dragondance\n>p1 move thunderwave\n>p2 move earthquake\n>p1 move dracometeor\n>p2 move dragondance\n>p1 move flashcannon\n>p2 move earthquake\n>p1 move bodypress\n>p2 move earthquake\n>p1 move bodypress\n>p2 move earthquake\n>p1 switch 4\n>p1 move dragondance\n>p2 move earthquake\n>p1 move iciclespear\n>p2 move earthquake\n>p2 switch 2\n>p1 move scaleshot\n>p2 move highjumpkick\n>p2 switch 3\n>p1 move scaleshot\n>p2 move iciclespear\n>p1 switch 2\n>p1 move drainpunch\n>p2 switch 6\n>p1 move knockoff\n>p2 move superpower\n>p1 move drainpunch\n>p2 move synthesis\n>p1 move drainpunch\n>p2 move superpower\n>p1 switch 3\n>p2 move superpower\n>p1 move icebeam\n>p2 move synthesis\n>p1 move encore\n>p2 move leafstorm\n>p1 move uturn\n>p2 switch 4\n>p1 switch 5\n>p1 move magmastorm\n>p2 move knockoff terastallize\n>p1 move heavyslam\n>p2 move knockoff\n>forcelose p1", "uploadtime": 1781458063, "views": 3, "formatid": "gen9randombattle", "rating": 1022, "private": 0, "password": null, "player_dets": [{"name": "Hjxksnssbdh", "avatar": "101", "rating": 1000, "seed": "sodium,15d6b10d175379a16140d259f96c16a6"}, {"name": "Laurie B", "avatar": "may-masters", "rating": 1000, "seed": "sodium,261708c4c5a36efff687b5f1d2701b29"}], "teams_full": [{"Heatran": {"name": "Heatran", "species": "Heatran", "speciesId": "heatran", "gender": "M", "shiny": false, "level": 79, "moves": ["earthpower", "magmastorm", "stealthrock", "heavyslam"], "ability": "Flash Fire", "evs": {"hp": 85, "atk": 85, "def": 85, "spa": 85, "spd": 85, "spe": 85}, "ivs": {"hp": 31, "atk": 31, "def": 31, "spa": 31, "spd": 31, "spe": 31}, "item": "Air Balloon", "teraType": "Grass", "role": "Bulky Support", "bvs": {"hp": 91, "atk": 90, "def": 106, "spa": 130, "spd": 106, "spe": 77}, "stats": {"hp": 273, "atk": 188, "def": 213, "spa": 251, "spd": 213, "spe": 167}}, "Duraludon": {"name": "Duraludon", "species": "Duraludon", "speciesId": "duraludon", "gender": "F", "shiny": false, "level": 82, "moves": ["dracometeor", "thunderwave", "bodypress", "flashcannon"], "ability": "Light Metal", "evs": {"hp": 85, "atk": 0, "def": 85, "spa": 85, "spd": 85, "spe": 85}, "ivs": {"hp": 31, "atk": 0, "def": 31, "spa": 31, "spd": 31, "spe": 31}, "item": "Eviolite", "teraType": "Fighting", "role": "Bulky Attacker", "bvs": {"hp": 70, "atk": 95, "def": 115, "spa": 120, "spd": 50, "spe": 85}, "stats": {"hp": 249, "atk": 160, "def": 236, "spa": 244, "spd": 129, "spe": 187}}, "Lumineon": {"name": "Lumineon", "species": "Lumineon", "speciesId": "lumineon", "gender": "M", "shiny": false, "level": 93, "moves": ["uturn", "icebeam", "encore", "hydropump"], "ability": "Storm Drain", "evs": {"hp": 85, "atk": 85, "def": 85, "spa": 85, "spd": 85, "spe": 85}, "ivs": {"hp": 31, "atk": 31, "def": 31, "spa": 31, "spd": 31, "spe": 31}, "item": "Heavy-Duty Boots", "teraType": "Dragon", "role": "Fast Support", "bvs": {"hp": 69, "atk": 69, "def": 76, "spa": 69, "spd": 86, "spe": 91}, "stats": {"hp": 279, "atk": 181, "def": 194, "spa": 181, "spd": 213, "spe": 222}}, "Kyurem": {"name": "Kyurem", "species": "Kyurem-Black", "speciesId": "kyuremblack", "gender": "N", "shiny": false, "level": 71, "moves": ["terablast", "iciclespear", "scaleshot", "dragondance"], "ability": "Teravolt", "evs": {"hp": 85, "atk": 85, "def": 85, "spa": 85, "spd": 85, "spe": 85}, "ivs": {"hp": 31, "atk": 31, "def": 31, "spa": 31, "spd": 31, "spe": 31}, "item": "Loaded Dice", "teraType": "Ground", "role": "Tera Blast user", "bvs": {"hp": 125, "atk": 170, "def": 100, "spa": 120, "spd": 90, "spe": 95}, "stats": {"hp": 295, "atk": 283, "def": 183, "spa": 212, "spd": 169, "spe": 176}}, "Bruxish": {"name": "Bruxish", "species": "Bruxish", "speciesId": "bruxish", "gender": "F", "shiny": false, "level": 85, "moves": ["crunch", "swordsdance", "wavecrash", "psychicfangs"], "ability": "Strong Jaw", "evs": {"hp": 85, "atk": 85, "def": 85, "spa": 85, "spd": 85, "spe": 85}, "ivs": {"hp": 31, "atk": 31, "def": 31, "spa": 31, "spd": 31, "spe": 31}, "item": "Life Orb", "teraType": "Psychic", "role": "Fast Attacker", "bvs": {"hp": 68, "atk": 105, "def": 70, "spa": 70, "spd": 70, "spe": 92}, "stats": {"hp": 254, "atk": 227, "def": 168, "spa": 168, "spd": 168, "spe": 205}}, "Gurdurr": {"name": "Gurdurr", "species": "Gurdurr", "speciesId": "gurdurr", "gender": "M", "shiny": false, "level": 85, "moves": ["knockoff", "machpunch", "drainpunch", "defog"], "ability": "Guts", "evs": {"hp": 85, "atk": 85, "def": 85, "spa": 85, "spd": 85, "spe": 85}, "ivs": {"hp": 31, "atk": 31, "def": 31, "spa": 31, "spd": 31, "spe": 31}, "item": "Eviolite", "teraType": "Steel", "role": "Bulky Attacker", "bvs": {"hp": 85, "atk": 105, "def": 85, "spa": 40, "spd": 50, "spe": 40}, "stats": {"hp": 283, "atk": 227, "def": 193, "spa": 117, "spd": 134, "spe": 117}}}, {"Hitmonlee": {"name": "Hitmonlee", "species": "Hitmonlee", "speciesId": "hitmonlee", "gender": "M", "shiny": false, "level": 85, "moves": ["machpunch", "highjumpkick", "knockoff", "stoneedge"], "ability": "Reckless", "evs": {"hp": 81, "atk": 85, "def": 85, "spa": 85, "spd": 85, "spe": 85}, "ivs": {"hp": 31, "atk": 31, "def": 31, "spa": 31, "spd": 31, "spe": 31}, "item": "Choice Band", "teraType": "Fighting", "role": "Fast Attacker", "bvs": {"hp": 50, "atk": 120, "def": 53, "spa": 35, "spd": 110, "spe": 87}, "stats": {"hp": 223, "atk": 253, "def": 139, "spa": 108, "spd": 236, "spe": 197}}, "Iron Thorns": {"name": "Iron Thorns", "species": "Iron Thorns", "speciesId": "ironthorns", "gender": "N", "shiny": false, "level": 83, "moves": ["wildcharge", "earthquake", "stealthrock", "stoneedge"], "ability": "Quark Drive", "evs": {"hp": 85, "atk": 85, "def": 85, "spa": 85, "spd": 85, "spe": 85}, "ivs": {"hp": 31, "atk": 31, "def": 31, "spa": 31, "spd": 31, "spe": 31}, "item": "Air Balloon", "teraType": "Grass", "role": "Fast Support", "bvs": {"hp": 100, "atk": 134, "def": 110, "spa": 70, "spd": 84, "spe": 72}, "stats": {"hp": 302, "atk": 270, "def": 230, "spa": 164, "spd": 187, "spe": 167}}, "Lapras": {"name": "Lapras", "species": "Lapras", "speciesId": "lapras", "gender": "M", "shiny": false, "level": 87, "moves": ["waterfall", "iciclespear", "dragondance", "earthquake"], "ability": "Water Absorb", "evs": {"hp": 81, "atk": 85, "def": 85, "spa": 85, "spd": 85, "spe": 85}, "ivs": {"hp": 31, "atk": 31, "def": 31, "spa": 31, "spd": 31, "spe": 31}, "item": "Loaded Dice", "teraType": "Ground", "role": "Setup Sweeper", "bvs": {"hp": 130, "atk": 85, "def": 80, "spa": 85, "spd": 95, "spe": 60}, "stats": {"hp": 367, "atk": 198, "def": 189, "spa": 198, "spd": 215, "spe": 154}}, "Venusaur": {"name": "Venusaur", "species": "Venusaur", "speciesId": "venusaur", "gender": "F", "shiny": false, "level": 84, "moves": ["synthesis", "toxic", "sludgebomb", "knockoff"], "ability": "Chlorophyll", "evs": {"hp": 85, "atk": 85, "def": 85, "spa": 85, "spd": 85, "spe": 85}, "ivs": {"hp": 31, "atk": 31, "def": 31, "spa": 31, "spd": 31, "spe": 31}, "item": "Leftovers", "teraType": "Dark", "role": "Bulky Attacker", "bvs": {"hp": 80, "atk": 82, "def": 83, "spa": 100, "spd": 100, "spe": 80}, "stats": {"hp": 272, "atk": 186, "def": 188, "spa": 216, "spd": 216, "spe": 183}}, "Gyarados": {"name": "Gyarados", "species": "Gyarados", "speciesId": "gyarados", "gender": "M", "shiny": false, "level": 79, "moves": ["terablast", "earthquake", "waterfall", "dragondance"], "ability": "Intimidate", "evs": {"hp": 85, "atk": 85, "def": 85, "spa": 85, "spd": 85, "spe": 85}, "ivs": {"hp": 31, "atk": 31, "def": 31, "spa": 31, "spd": 31, "spe": 31}, "item": "Heavy-Duty Boots", "teraType": "Flying", "role": "Tera Blast user", "bvs": {"hp": 95, "atk": 125, "def": 79, "spa": 60, "spd": 100, "spe": 81}, "stats": {"hp": 280, "atk": 243, "def": 170, "spa": 140, "spd": 204, "spe": 174}}, "Lurantis": {"name": "Lurantis", "species": "Lurantis", "speciesId": "lurantis", "gender": "M", "shiny": false, "level": 87, "moves": ["leafstorm", "defog", "superpower", "synthesis"], "ability": "Contrary", "evs": {"hp": 85, "atk": 85, "def": 85, "spa": 85, "spd": 85, "spe": 85}, "ivs": {"hp": 31, "atk": 31, "def": 31, "spa": 31, "spd": 31, "spe": 31}, "item": "Leftovers", "teraType": "Fighting", "role": "Bulky Attacker", "bvs": {"hp": 70, "atk": 105, "def": 90, "spa": 80, "spd": 90, "spe": 45}, "stats": {"hp": 264, "atk": 232, "def": 206, "spa": 189, "spd": 206, "spe": 128}}}]}