{"id": "gen9randombattle-2631883195", "format": "[Gen 9] Random Battle", "players": ["WumboMumboJumbo", "Hogrider2000"], "log": "|j|\u2606WumboMumboJumbo\n|j|\u203dHogrider2000\n|t:|1781451725\n|gametype|singles\n|player|p1|WumboMumboJumbo|265|2039\n|player|p2|Hogrider2000|1|2073\n|gen|9\n|tier|[Gen 9] Random Battle\n|rated|\n|rule|Species Clause: Limit one of each Pok\u00e9mon\n|rule|HP Percentage Mod: HP is shown in percentages\n|rule|Sleep Clause Mod: Limit one foe put to sleep\n|rule|Illusion Level Mod: Illusion disguises the Pok\u00e9mon's true level\n|\n|t:|1781451725\n|teamsize|p1|6\n|teamsize|p2|6\n|start\n|switch|p1a: Hatterene|Hatterene, L85, F|236/236\n|switch|p2a: Espathra|Espathra, L80, F|283/283\n|turn|1\n|inactive|Battle timer is ON: inactive players will automatically lose when time's up. (requested by WumboMumboJumbo)\n|\n|t:|1781451729\n|move|p2a: Espathra|U-turn|p1a: Hatterene\n|-damage|p1a: Hatterene|206/236\n|\n|t:|1781451735\n|switch|p2a: Grafaiai|Grafaiai, L86, M|249/249|[from] U-turn\n|move|p1a: Hatterene|Nuzzle|p2a: Grafaiai\n|-damage|p2a: Grafaiai|231/249\n|-status|p2a: Grafaiai|par\n|\n|upkeep\n|turn|2\n|\n|t:|1781451742\n|move|p2a: Grafaiai|Knock Off|p1a: Hatterene\n|-damage|p1a: Hatterene|142/236\n|-enditem|p1a: Hatterene|Assault Vest|[from] move: Knock Off|[of] p2a: Grafaiai\n|move|p1a: Hatterene|Psychic|p2a: Grafaiai\n|-supereffective|p2a: Grafaiai\n|-damage|p2a: Grafaiai|0 fnt\n|faint|p2a: Grafaiai\n|\n|upkeep\n|\n|t:|1781451765\n|switch|p2a: Espathra|Espathra, L80, F|283/283\n|turn|3\n|\n|t:|1781451769\n|switch|p1a: Illumise|Illumise, L91, F|266/266\n|move|p2a: Espathra|Shadow Ball|p1a: Illumise\n|-damage|p1a: Illumise|190/266\n|\n|-ability|p2a: Espathra|Speed Boost|boost\n|-boost|p2a: Espathra|spe|1\n|upkeep\n|turn|4\n|inactive|Hogrider2000 has 120 seconds left.\n|\n|t:|1781451806\n|switch|p2a: Wo-Chien|Wo-Chien, L83|277/277\n|-ability|p2a: Wo-Chien|Tablets of Ruin\n|move|p1a: Illumise|Thunder Wave|p2a: Wo-Chien\n|-hint|Since gen 7, Dark is immune to Prankster moves.\n|-immune|p2a: Wo-Chien\n|\n|upkeep\n|turn|5\n|\n|t:|1781451812\n|move|p2a: Wo-Chien|Protect|p2a: Wo-Chien\n|-singleturn|p2a: Wo-Chien|Protect\n|move|p1a: Illumise|Bug Buzz|p2a: Wo-Chien\n|-activate|p2a: Wo-Chien|move: Protect\n|\n|upkeep\n|turn|6\n|inactive|Hogrider2000 has 120 seconds left.\n|\n|t:|1781451834\n|switch|p2a: Carbink|Carbink, L90|236/236\n|move|p1a: Illumise|Bug Buzz|p2a: Carbink\n|-resisted|p2a: Carbink\n|-damage|p2a: Carbink|206/236\n|\n|upkeep\n|turn|7\n|inactive|Hogrider2000 has 120 seconds left.\n|\n|t:|1781451848\n|switch|p1a: Pachirisu|Pachirisu, L96, F|271/271\n|switch|p2a: Scrafty|Scrafty, L83, M|244/244\n|-ability|p2a: Scrafty|Intimidate|boost\n|-unboost|p1a: Pachirisu|atk|1\n|\n|upkeep\n|turn|8\n|\n|t:|1781451861\n|move|p1a: Pachirisu|U-turn|p2a: Scrafty\n|-damage|p2a: Scrafty|221/244\n|\n|t:|1781451864\n|switch|p1a: Hatterene|Hatterene, L85, F|142/236|[from] U-turn\n|move|p2a: Scrafty|Dragon Dance|p2a: Scrafty\n|-boost|p2a: Scrafty|atk|1\n|-boost|p2a: Scrafty|spe|1\n|\n|-heal|p2a: Scrafty|236/244|[from] item: Leftovers\n|upkeep\n|turn|9\n|\n|t:|1781451867\n|-terastallize|p2a: Scrafty|Poison\n|move|p2a: Scrafty|Poison Jab|p1a: Hatterene\n|-supereffective|p1a: Hatterene\n|-damage|p1a: Hatterene|0 fnt\n|faint|p1a: Hatterene\n|\n|-heal|p2a: Scrafty|244/244|[from] item: Leftovers\n|upkeep\n|\n|t:|1781451881\n|switch|p1a: Spiritomb|Spiritomb, L89, M|234/234\n|turn|10\n|\n|t:|1781451886\n|move|p2a: Scrafty|Knock Off|p1a: Spiritomb\n|-damage|p1a: Spiritomb|114/234\n|-enditem|p1a: Spiritomb|Leftovers|[from] move: Knock Off|[of] p2a: Scrafty\n|move|p1a: Spiritomb|Will-O-Wisp|p2a: Scrafty\n|-status|p2a: Scrafty|brn\n|\n|-damage|p2a: Scrafty|229/244 brn|[from] brn\n|upkeep\n|turn|11\n|\n|t:|1781451896\n|move|p2a: Scrafty|Knock Off|p1a: Spiritomb\n|-damage|p1a: Spiritomb|78/234\n|move|p1a: Spiritomb|Pain Split|p2a: Scrafty\n|-sethp|p2a: Scrafty|153/244 brn|[from] move: Pain Split|[silent]\n|-sethp|p1a: Spiritomb|153/234|[from] move: Pain Split\n|\n|-heal|p2a: Scrafty|168/244 brn|[from] item: Leftovers\n|-damage|p2a: Scrafty|153/244 brn|[from] brn\n|upkeep\n|turn|12\n|\n|t:|1781451904\n|move|p2a: Scrafty|Knock Off|p1a: Spiritomb\n|-damage|p1a: Spiritomb|117/234\n|move|p1a: Spiritomb|Foul Play|p2a: Scrafty\n|-damage|p2a: Scrafty|38/244 brn\n|\n|-heal|p2a: Scrafty|53/244 brn|[from] item: Leftovers\n|-damage|p2a: Scrafty|38/244 brn|[from] brn\n|upkeep\n|turn|13\n|\n|t:|1781451910\n|move|p2a: Scrafty|Knock Off|p1a: Spiritomb\n|-damage|p1a: Spiritomb|77/234\n|move|p1a: Spiritomb|Foul Play|p2a: Scrafty\n|-damage|p2a: Scrafty|0 fnt\n|faint|p2a: Scrafty\n|\n|upkeep\n|\n|t:|1781451913\n|switch|p2a: Carbink|Carbink, L90|206/236\n|turn|14\n|\n|t:|1781451920\n|move|p2a: Carbink|Moonblast|p1a: Spiritomb\n|-supereffective|p1a: Spiritomb\n|-damage|p1a: Spiritomb|0 fnt\n|faint|p1a: Spiritomb\n|\n|upkeep\n|\n|t:|1781451924\n|switch|p1a: Pachirisu|Pachirisu, L96, F|271/271\n|turn|15\n|\n|t:|1781451927\n|move|p1a: Pachirisu|Nuzzle|p2a: Carbink\n|-damage|p2a: Carbink|196/236\n|-status|p2a: Carbink|par\n|move|p2a: Carbink|Iron Defense|p2a: Carbink\n|-boost|p2a: Carbink|def|2\n|\n|upkeep\n|turn|16\n|\n|t:|1781451934\n|move|p1a: Pachirisu|Super Fang|p2a: Carbink\n|-damage|p2a: Carbink|98/236 par\n|move|p2a: Carbink|Body Press|p1a: Pachirisu\n|-damage|p1a: Pachirisu|80/271\n|\n|upkeep\n|turn|17\n|\n|t:|1781451939\n|move|p1a: Pachirisu|Thunderbolt|p2a: Carbink\n|-crit|p2a: Carbink\n|-damage|p2a: Carbink|28/236 par\n|move|p2a: Carbink|Rest|p2a: Carbink\n|-status|p2a: Carbink|slp|[from] move: Rest\n|-heal|p2a: Carbink|236/236 slp|[silent]\n|-enditem|p2a: Carbink|Chesto Berry|[eat]\n|-curestatus|p2a: Carbink|slp|[msg]\n|\n|upkeep\n|turn|18\n|\n|t:|1781451943\n|move|p1a: Pachirisu|Nuzzle|p2a: Carbink\n|-damage|p2a: Carbink|230/236\n|-status|p2a: Carbink|par\n|move|p2a: Carbink|Body Press|p1a: Pachirisu\n|-damage|p1a: Pachirisu|0 fnt\n|faint|p1a: Pachirisu\n|\n|upkeep\n|\n|t:|1781451948\n|switch|p1a: Chandelure|Chandelure, L83, F|235/235\n|turn|19\n|\n|t:|1781451953\n|switch|p2a: Vaporeon|Vaporeon, L86, F|364/364\n|move|p1a: Chandelure|Calm Mind|p1a: Chandelure\n|-boost|p1a: Chandelure|spa|1\n|-boost|p1a: Chandelure|spd|1\n|\n|upkeep\n|turn|20\n|\n|t:|1781451959\n|-terastallize|p1a: Chandelure|Grass\n|move|p1a: Chandelure|Calm Mind|p1a: Chandelure\n|-boost|p1a: Chandelure|spa|1\n|-boost|p1a: Chandelure|spd|1\n|move|p2a: Vaporeon|Haze|p2a: Vaporeon\n|-clearallboost\n|\n|upkeep\n|turn|21\n|\n|t:|1781451970\n|move|p1a: Chandelure|Calm Mind|p1a: Chandelure\n|-boost|p1a: Chandelure|spa|1\n|-boost|p1a: Chandelure|spd|1\n|move|p2a: Vaporeon|Scald|p1a: Chandelure\n|-resisted|p1a: Chandelure\n|-damage|p1a: Chandelure|203/235\n|-status|p1a: Chandelure|brn\n|\n|-damage|p1a: Chandelure|189/235 brn|[from] brn\n|upkeep\n|turn|22\n|\n|t:|1781451973\n|move|p1a: Chandelure|Energy Ball|p2a: Vaporeon\n|-supereffective|p2a: Vaporeon\n|-damage|p2a: Vaporeon|22/364\n|move|p2a: Vaporeon|Haze|p2a: Vaporeon\n|-clearallboost\n|\n|-heal|p2a: Vaporeon|44/364|[from] item: Leftovers\n|-damage|p1a: Chandelure|175/235 brn|[from] brn\n|upkeep\n|turn|23\n|\n|t:|1781451979\n|move|p1a: Chandelure|Energy Ball|p2a: Vaporeon\n|-supereffective|p2a: Vaporeon\n|-damage|p2a: Vaporeon|0 fnt\n|faint|p2a: Vaporeon\n|\n|-damage|p1a: Chandelure|161/235 brn|[from] brn\n|upkeep\n|\n|t:|1781451982\n|switch|p2a: Wo-Chien|Wo-Chien, L83|277/277\n|-ability|p2a: Wo-Chien|Tablets of Ruin\n|turn|24\n|\n|t:|1781451987\n|move|p1a: Chandelure|Fire Blast|p2a: Wo-Chien\n|-supereffective|p2a: Wo-Chien\n|-damage|p2a: Wo-Chien|61/277\n|move|p2a: Wo-Chien|Knock Off|p1a: Chandelure\n|-damage|p1a: Chandelure|77/235 brn\n|-enditem|p1a: Chandelure|Heavy-Duty Boots|[from] move: Knock Off|[of] p2a: Wo-Chien\n|\n|-heal|p2a: Wo-Chien|78/277|[from] item: Leftovers\n|-damage|p1a: Chandelure|63/235 brn|[from] brn\n|upkeep\n|turn|25\n|\n|t:|1781451992\n|move|p2a: Wo-Chien|Protect|p2a: Wo-Chien\n|-singleturn|p2a: Wo-Chien|Protect\n|move|p1a: Chandelure|Fire Blast|p2a: Wo-Chien\n|-activate|p2a: Wo-Chien|move: Protect\n|\n|-heal|p2a: Wo-Chien|95/277|[from] item: Leftovers\n|-damage|p1a: Chandelure|49/235 brn|[from] brn\n|upkeep\n|turn|26\n|\n|t:|1781451995\n|move|p1a: Chandelure|Fire Blast|p2a: Wo-Chien|[miss]\n|-miss|p1a: Chandelure|p2a: Wo-Chien\n|move|p2a: Wo-Chien|Knock Off|p1a: Chandelure\n|-damage|p1a: Chandelure|0 fnt\n|faint|p1a: Chandelure\n|\n|-heal|p2a: Wo-Chien|112/277|[from] item: Leftovers\n|upkeep\n|\n|t:|1781452003\n|switch|p1a: Illumise|Illumise, L91, F|190/266\n|turn|27\n|\n|t:|1781452005\n|move|p2a: Wo-Chien|Protect|p2a: Wo-Chien\n|-singleturn|p2a: Wo-Chien|Protect\n|move|p1a: Illumise|Bug Buzz|p2a: Wo-Chien\n|-activate|p2a: Wo-Chien|move: Protect\n|\n|-heal|p2a: Wo-Chien|129/277|[from] item: Leftovers\n|upkeep\n|turn|28\n|\n|t:|1781452008\n|switch|p2a: Carbink|Carbink, L90|230/236 par\n|move|p1a: Illumise|Bug Buzz|p2a: Carbink\n|-resisted|p2a: Carbink\n|-damage|p2a: Carbink|205/236 par\n|\n|upkeep\n|turn|29\n|\n|t:|1781452012\n|move|p1a: Illumise|Bug Buzz|p2a: Carbink\n|-resisted|p2a: Carbink\n|-damage|p2a: Carbink|180/236 par\n|move|p2a: Carbink|Moonblast|p1a: Illumise\n|-damage|p1a: Illumise|126/266\n|\n|upkeep\n|turn|30\n|\n|t:|1781452017\n|switch|p1a: Basculin|Basculin-Blue-Striped, L86, M|261/261\n|cant|p2a: Carbink|par\n|\n|upkeep\n|turn|31\n|\n|t:|1781452025\n|move|p1a: Basculin|Wave Crash|p2a: Carbink\n|-supereffective|p2a: Carbink\n|-damage|p2a: Carbink|0 fnt\n|faint|p2a: Carbink\n|-damage|p1a: Basculin|202/261|[from] Recoil\n|\n|upkeep\n|\n|t:|1781452027\n|switch|p2a: Wo-Chien|Wo-Chien, L83|129/277\n|-ability|p2a: Wo-Chien|Tablets of Ruin\n|turn|32\n|\n|t:|1781452030\n|move|p1a: Basculin|Wave Crash|p2a: Wo-Chien\n|-resisted|p2a: Wo-Chien\n|-damage|p2a: Wo-Chien|35/277\n|-damage|p1a: Basculin|171/261|[from] Recoil\n|move|p2a: Wo-Chien|Leech Seed|p1a: Basculin\n|-start|p1a: Basculin|move: Leech Seed\n|\n|-heal|p2a: Wo-Chien|52/277|[from] item: Leftovers\n|-damage|p1a: Basculin|139/261|[from] Leech Seed|[of] p2a: Wo-Chien\n|-heal|p2a: Wo-Chien|84/277|[silent]\n|upkeep\n|turn|33\n|\n|t:|1781452036\n|switch|p1a: Illumise|Illumise, L91, F|126/266\n|move|p2a: Wo-Chien|Leech Seed|p1a: Illumise\n|-start|p1a: Illumise|move: Leech Seed\n|\n|-heal|p2a: Wo-Chien|101/277|[from] item: Leftovers\n|-damage|p1a: Illumise|93/266|[from] Leech Seed|[of] p2a: Wo-Chien\n|-heal|p2a: Wo-Chien|134/277|[silent]\n|upkeep\n|turn|34\n|\n|t:|1781452045\n|switch|p2a: Espathra|Espathra, L80, F|283/283\n|move|p1a: Illumise|Roost|p1a: Illumise\n|-heal|p1a: Illumise|226/266\n|-singleturn|p1a: Illumise|move: Roost\n|\n|-damage|p1a: Illumise|193/266|[from] Leech Seed|[of] p2a: Espathra\n|upkeep\n|turn|35\n|\n|t:|1781452049\n|move|p2a: Espathra|Lumina Crash|p1a: Illumise\n|-damage|p1a: Illumise|79/266\n|-unboost|p1a: Illumise|spd|2\n|move|p1a: Illumise|Bug Buzz|p2a: Espathra\n|-supereffective|p2a: Espathra\n|-damage|p2a: Espathra|53/283\n|\n|-damage|p1a: Illumise|46/266|[from] Leech Seed|[of] p2a: Espathra\n|-heal|p2a: Espathra|86/283|[silent]\n|-ability|p2a: Espathra|Speed Boost|boost\n|-boost|p2a: Espathra|spe|1\n|upkeep\n|turn|36\n|\n|t:|1781452056\n|move|p1a: Illumise|Thunder Wave|p2a: Espathra\n|-status|p2a: Espathra|par\n|move|p2a: Espathra|Lumina Crash|p1a: Illumise\n|-damage|p1a: Illumise|0 fnt\n|faint|p1a: Illumise\n|\n|-ability|p2a: Espathra|Speed Boost|boost\n|-boost|p2a: Espathra|spe|1\n|upkeep\n|\n|t:|1781452058\n|switch|p1a: Basculin|Basculin-Blue-Striped, L86, M|139/261\n|turn|37\n|\n|t:|1781452062\n|move|p1a: Basculin|Double-Edge|p2a: Espathra\n|-damage|p2a: Espathra|0 fnt\n|faint|p2a: Espathra\n|-damage|p1a: Basculin|111/261|[from] Recoil\n|\n|upkeep\n|\n|t:|1781452064\n|switch|p2a: Wo-Chien|Wo-Chien, L83|134/277\n|-ability|p2a: Wo-Chien|Tablets of Ruin\n|turn|38\n|\n|t:|1781452066\n|move|p2a: Wo-Chien|Protect|p2a: Wo-Chien\n|-singleturn|p2a: Wo-Chien|Protect\n|move|p1a: Basculin|Double-Edge|p2a: Wo-Chien\n|-activate|p2a: Wo-Chien|move: Protect\n|\n|-heal|p2a: Wo-Chien|151/277|[from] item: Leftovers\n|upkeep\n|turn|39\n|\n|t:|1781452068\n|move|p1a: Basculin|Double-Edge|p2a: Wo-Chien\n|-damage|p2a: Wo-Chien|60/277\n|-damage|p1a: Basculin|81/261|[from] Recoil\n|move|p2a: Wo-Chien|Giga Drain|p1a: Basculin\n|-supereffective|p1a: Basculin\n|-damage|p1a: Basculin|0 fnt\n|-heal|p2a: Wo-Chien|101/277|[from] drain|[of] p1a: Basculin\n|faint|p1a: Basculin\n|\n|win|Hogrider2000\n", "inputlog": ">version a8376a258c1d4662feba110a92103f3664a72141\n>start {\"formatid\":\"gen9randombattle\",\"seed\":\"sodium,9361f139bdc739fcc1f51b0ed89a2479\",\"rated\":\"Rated battle\"}\n>player p1 {\"name\":\"WumboMumboJumbo\",\"avatar\":\"265\",\"rating\":2039,\"seed\":\"sodium,60faa6933978452905772ac47a27d1ed\"}\n>player p2 {\"name\":\"Hogrider2000\",\"avatar\":\"1\",\"rating\":2073,\"seed\":\"sodium,0df4726e6ad55ad893f537c7a56f397d\"}\n>p1 move nuzzle\n>p2 move uturn\n>p2 switch 2\n>p1 move psychic\n>p2 move knockoff\n>p2 switch 2\n>p1 switch 6\n>p2 move shadowball\n>p1 move thunderwave\n>p2 switch 3\n>p1 move bugbuzz\n>p2 move protect\n>p1 move bugbuzz\n>p2 switch 5\n>p1 switch 2\n>p2 switch 4\n>p1 move uturn\n>p2 move dragondance\n>p1 switch 6\n>p1 move drainingkiss\n>p2 move poisonjab terastallize\n>p1 switch 5\n>p1 move willowisp\n>p2 move knockoff\n>p1 move painsplit\n>p2 move knockoff\n>p1 move foulplay\n>p2 move knockoff\n>p1 move foulplay\n>p2 move knockoff\n>p2 switch 4\n>p1 move willowisp\n>p2 move moonblast\n>p1 switch 6\n>p1 move nuzzle\n>p2 move irondefense\n>p1 move superfang\n>p2 move bodypress\n>p1 move thunderbolt\n>p2 move rest\n>p1 move nuzzle\n>p2 move bodypress\n>p1 switch 4\n>p1 move calmmind\n>p2 switch 6\n>p1 move calmmind terastallize\n>p2 move haze\n>p1 move calmmind\n>p2 move scald\n>p1 move energyball\n>p2 move haze\n>p1 move energyball\n>p2 move wish\n>p2 switch 5\n>p1 move fireblast\n>p2 move knockoff\n>p1 move fireblast\n>p2 move protect\n>p1 move fireblast\n>p2 move knockoff\n>p1 switch 2\n>p1 move bugbuzz\n>p2 move protect\n>p1 move bugbuzz\n>p2 switch 6\n>p1 move bugbuzz\n>p2 move moonblast\n>p1 switch 3\n>p2 move moonblast\n>p1 move wavecrash\n>p2 move moonblast\n>p2 switch 6\n>p1 move wavecrash\n>p2 move leechseed\n>p1 switch 3\n>p2 move leechseed\n>p1 move roost\n>p2 switch 3\n>p1 move bugbuzz\n>p2 move luminacrash\n>p1 move thunderwave\n>p2 move luminacrash\n>p1 switch 3\n>p1 move doubleedge\n>p2 move luminacrash\n>p2 switch 3\n>p1 move doubleedge\n>p2 move protect\n>p1 move doubleedge\n>p2 move gigadrain", "uploadtime": 1781451726, "views": 7, "formatid": "gen9randombattle", "rating": null, "private": 0, "password": null, "player_dets": [{"name": "WumboMumboJumbo", "avatar": "265", "rating": 2039, "seed": "sodium,60faa6933978452905772ac47a27d1ed"}, {"name": "Hogrider2000", "avatar": "1", "rating": 2073, "seed": "sodium,0df4726e6ad55ad893f537c7a56f397d"}], "teams_full": [{"Hatterene": {"name": "Hatterene", "species": "Hatterene", "speciesId": "hatterene", "gender": "F", "shiny": false, "level": 85, "moves": ["mysticalfire", "drainingkiss", "nuzzle", "psychic"], "ability": "Magic Bounce", "evs": {"hp": 85, "atk": 85, "def": 85, "spa": 85, "spd": 85, "spe": 85}, "ivs": {"hp": 31, "atk": 31, "def": 31, "spa": 31, "spd": 31, "spe": 31}, "item": "Assault Vest", "teraType": "Fairy", "role": "AV Pivot", "bvs": {"hp": 57, "atk": 90, "def": 95, "spa": 136, "spd": 103, "spe": 29}, "stats": {"hp": 236, "atk": 202, "def": 210, "spa": 280, "spd": 224, "spe": 98}}, "Pachirisu": {"name": "Pachirisu", "species": "Pachirisu", "speciesId": "pachirisu", "gender": "F", "shiny": false, "level": 96, "moves": ["nuzzle", "uturn", "superfang", "thunderbolt"], "ability": "Volt Absorb", "evs": {"hp": 85, "atk": 85, "def": 85, "spa": 85, "spd": 85, "spe": 85}, "ivs": {"hp": 31, "atk": 31, "def": 31, "spa": 31, "spd": 31, "spe": 31}, "item": "Assault Vest", "teraType": "Flying", "role": "AV Pivot", "bvs": {"hp": 60, "atk": 45, "def": 70, "spa": 45, "spd": 90, "spe": 95}, "stats": {"hp": 271, "atk": 141, "def": 189, "spa": 141, "spd": 227, "spe": 237}}, "Basculin": {"name": "Basculin", "species": "Basculin-Blue-Striped", "speciesId": "basculin", "gender": "M", "shiny": false, "level": 86, "moves": ["wavecrash", "doubleedge", "aquajet", "flipturn"], "ability": "Adaptability", "evs": {"hp": 85, "atk": 85, "def": 85, "spa": 85, "spd": 85, "spe": 85}, "ivs": {"hp": 31, "atk": 31, "def": 31, "spa": 31, "spd": 31, "spe": 31}, "item": "Choice Band", "teraType": "Water", "role": "Wallbreaker", "bvs": {"hp": 70, "atk": 92, "def": 65, "spa": 80, "spd": 55, "spe": 98}, "stats": {"hp": 261, "atk": 207, "def": 161, "spa": 187, "spd": 144, "spe": 218}}, "Chandelure": {"name": "Chandelure", "species": "Chandelure", "speciesId": "chandelure", "gender": "F", "shiny": false, "level": 83, "moves": ["fireblast", "calmmind", "shadowball", "energyball"], "ability": "Flash Fire", "evs": {"hp": 85, "atk": 0, "def": 85, "spa": 85, "spd": 85, "spe": 85}, "ivs": {"hp": 31, "atk": 0, "def": 31, "spa": 31, "spd": 31, "spe": 31}, "item": "Heavy-Duty Boots", "teraType": "Grass", "role": "Fast Bulky Setup", "bvs": {"hp": 60, "atk": 55, "def": 90, "spa": 145, "spd": 90, "spe": 80}, "stats": {"hp": 235, "atk": 96, "def": 197, "spa": 288, "spd": 197, "spe": 180}}, "Spiritomb": {"name": "Spiritomb", "species": "Spiritomb", "speciesId": "spiritomb", "gender": "M", "shiny": false, "level": 89, "moves": ["painsplit", "willowisp", "foulplay", "poltergeist"], "ability": "Infiltrator", "evs": {"hp": 85, "atk": 85, "def": 85, "spa": 85, "spd": 85, "spe": 85}, "ivs": {"hp": 31, "atk": 31, "def": 31, "spa": 31, "spd": 31, "spe": 31}, "item": "Leftovers", "teraType": "Poison", "role": "Bulky Support", "bvs": {"hp": 50, "atk": 92, "def": 108, "spa": 92, "spd": 108, "spe": 35}, "stats": {"hp": 234, "atk": 215, "def": 243, "spa": 215, "spd": 243, "spe": 113}}, "Illumise": {"name": "Illumise", "species": "Illumise", "speciesId": "illumise", "gender": "F", "shiny": false, "level": 91, "moves": ["bugbuzz", "encore", "roost", "thunderwave"], "ability": "Prankster", "evs": {"hp": 85, "atk": 0, "def": 85, "spa": 85, "spd": 85, "spe": 85}, "ivs": {"hp": 31, "atk": 0, "def": 31, "spa": 31, "spd": 31, "spe": 31}, "item": "Heavy-Duty Boots", "teraType": "Water", "role": "Bulky Support", "bvs": {"hp": 65, "atk": 47, "def": 75, "spa": 73, "spd": 85, "spe": 85}, "stats": {"hp": 266, "atk": 90, "def": 188, "spa": 185, "spd": 207, "spe": 207}}}, {"Espathra": {"name": "Espathra", "species": "Espathra", "speciesId": "espathra", "gender": "F", "shiny": false, "level": 80, "moves": ["shadowball", "luminacrash", "uturn", "dazzlinggleam"], "ability": "Speed Boost", "evs": {"hp": 85, "atk": 85, "def": 85, "spa": 85, "spd": 85, "spe": 85}, "ivs": {"hp": 31, "atk": 31, "def": 31, "spa": 31, "spd": 31, "spe": 31}, "item": "Choice Specs", "teraType": "Fairy", "role": "Wallbreaker", "bvs": {"hp": 95, "atk": 60, "def": 60, "spa": 101, "spd": 60, "spe": 105}, "stats": {"hp": 283, "atk": 142, "def": 142, "spa": 208, "spd": 142, "spe": 214}}, "Grafaiai": {"name": "Grafaiai", "species": "Grafaiai", "speciesId": "grafaiai", "gender": "M", "shiny": false, "level": 86, "moves": ["knockoff", "encore", "partingshot", "gunkshot"], "ability": "Prankster", "evs": {"hp": 85, "atk": 85, "def": 85, "spa": 85, "spd": 85, "spe": 85}, "ivs": {"hp": 31, "atk": 31, "def": 31, "spa": 31, "spd": 31, "spe": 31}, "item": "Heavy-Duty Boots", "teraType": "Dark", "role": "Fast Support", "bvs": {"hp": 63, "atk": 95, "def": 65, "spa": 80, "spd": 72, "spe": 110}, "stats": {"hp": 249, "atk": 213, "def": 161, "spa": 187, "spd": 173, "spe": 238}}, "Wo-Chien": {"name": "Wo-Chien", "species": "Wo-Chien", "speciesId": "wochien", "gender": "N", "shiny": false, "level": 83, "moves": ["gigadrain", "protect", "leechseed", "knockoff"], "ability": "Tablets of Ruin", "evs": {"hp": 85, "atk": 85, "def": 85, "spa": 85, "spd": 85, "spe": 85}, "ivs": {"hp": 31, "atk": 31, "def": 31, "spa": 31, "spd": 31, "spe": 31}, "item": "Leftovers", "teraType": "Poison", "role": "Bulky Support", "bvs": {"hp": 85, "atk": 85, "def": 100, "spa": 95, "spd": 135, "spe": 70}, "stats": {"hp": 277, "atk": 189, "def": 214, "spa": 205, "spd": 272, "spe": 164}}, "Scrafty": {"name": "Scrafty", "species": "Scrafty", "speciesId": "scrafty", "gender": "M", "shiny": false, "level": 83, "moves": ["dragondance", "drainpunch", "knockoff", "poisonjab"], "ability": "Intimidate", "evs": {"hp": 85, "atk": 85, "def": 85, "spa": 85, "spd": 85, "spe": 85}, "ivs": {"hp": 31, "atk": 31, "def": 31, "spa": 31, "spd": 31, "spe": 31}, "item": "Leftovers", "teraType": "Poison", "role": "Bulky Attacker", "bvs": {"hp": 65, "atk": 90, "def": 115, "spa": 45, "spd": 115, "spe": 58}, "stats": {"hp": 244, "atk": 197, "def": 239, "spa": 122, "spd": 239, "spe": 144}}, "Carbink": {"name": "Carbink", "species": "Carbink", "speciesId": "carbink", "gender": "N", "shiny": false, "level": 90, "moves": ["rest", "moonblast", "irondefense", "bodypress"], "ability": "Sturdy", "evs": {"hp": 85, "atk": 0, "def": 85, "spa": 85, "spd": 85, "spe": 85}, "ivs": {"hp": 31, "atk": 0, "def": 31, "spa": 31, "spd": 31, "spe": 31}, "item": "Chesto Berry", "teraType": "Fighting", "role": "Fast Bulky Setup", "bvs": {"hp": 50, "atk": 50, "def": 150, "spa": 50, "spd": 150, "spe": 50}, "stats": {"hp": 236, "atk": 95, "def": 321, "spa": 141, "spd": 321, "spe": 141}}, "Vaporeon": {"name": "Vaporeon", "species": "Vaporeon", "speciesId": "vaporeon", "gender": "F", "shiny": false, "level": 86, "moves": ["protect", "scald", "wish", "haze"], "ability": "Water Absorb", "evs": {"hp": 85, "atk": 0, "def": 85, "spa": 85, "spd": 85, "spe": 85}, "ivs": {"hp": 31, "atk": 0, "def": 31, "spa": 31, "spd": 31, "spe": 31}, "item": "Leftovers", "teraType": "Poison", "role": "Bulky Attacker", "bvs": {"hp": 130, "atk": 65, "def": 60, "spa": 110, "spd": 95, "spe": 65}, "stats": {"hp": 364, "atk": 116, "def": 152, "spa": 238, "spd": 213, "spe": 161}}}]}