{"id": "gen9randombattle-2631790325", "format": "[Gen 9] Random Battle", "players": ["redcoat11", "jopaille"], "log": "|j|\u2606redcoat11\n|j|\u2606jopaille\n|t:|1781440068\n|gametype|singles\n|player|p1|redcoat11|266|1913\n|player|p2|jopaille|170|1861\n|gen|9\n|tier|[Gen 9] Random Battle\n|rated|\n|rule|Species Clause: Limit one of each Pok\u00e9mon\n|rule|HP Percentage Mod: HP is shown in percentages\n|rule|Sleep Clause Mod: Limit one foe put to sleep\n|rule|Illusion Level Mod: Illusion disguises the Pok\u00e9mon's true level\n|\n|t:|1781440068\n|teamsize|p1|6\n|teamsize|p2|6\n|start\n|switch|p1a: Leavanny|Leavanny, L86, M|269/269\n|switch|p2a: Drifblim|Drifblim, L86, F|398/398\n|turn|1\n|inactive|Battle timer is ON: inactive players will automatically lose when time's up. (requested by jopaille)\n|\n|t:|1781440095\n|move|p1a: Leavanny|Triple Axel|p2a: Drifblim\n|-supereffective|p2a: Drifblim\n|-damage|p2a: Drifblim|352/398\n|-supereffective|p2a: Drifblim\n|-damage|p2a: Drifblim|246/398\n|-supereffective|p2a: Drifblim\n|-damage|p2a: Drifblim|96/398\n|-hitcount|p2a: Drifblim|3\n|move|p2a: Drifblim|Air Slash|p1a: Leavanny\n|-supereffective|p1a: Leavanny\n|-damage|p1a: Leavanny|0 fnt\n|faint|p1a: Leavanny\n|\n|upkeep\n|\n|t:|1781440109\n|switch|p1a: Furret|Furret, L94, F|312/312\n|-item|p2a: Drifblim|Heavy-Duty Boots|[from] ability: Frisk|[of] p1a: Furret\n|turn|2\n|\n|t:|1781440117\n|move|p1a: Furret|Knock Off|p2a: Drifblim\n|-supereffective|p2a: Drifblim\n|-damage|p2a: Drifblim|0 fnt\n|-damage|p1a: Furret|234/312|[from] ability: Aftermath|[of] p2a: Drifblim\n|-enditem|p2a: Drifblim|Heavy-Duty Boots|[from] move: Knock Off|[of] p1a: Furret\n|faint|p2a: Drifblim\n|\n|upkeep\n|\n|t:|1781440130\n|switch|p2a: Skarmory|Skarmory, L80, M|235/235\n|turn|3\n|\n|t:|1781440135\n|move|p1a: Furret|Knock Off|p2a: Skarmory\n|-damage|p2a: Skarmory|160/235\n|-damage|p1a: Furret|182/312|[from] item: Rocky Helmet|[of] p2a: Skarmory\n|-enditem|p2a: Skarmory|Rocky Helmet|[from] move: Knock Off|[of] p1a: Furret\n|move|p2a: Skarmory|Stealth Rock|p1a: Furret\n|-sidestart|p1: redcoat11|move: Stealth Rock\n|\n|upkeep\n|turn|4\n|\n|t:|1781440145\n|switch|p1a: Registeel|Registeel, L81|262/262\n|-damage|p1a: Registeel|246/262|[from] Stealth Rock\n|move|p2a: Skarmory|Roost|p2a: Skarmory\n|-heal|p2a: Skarmory|235/235\n|-singleturn|p2a: Skarmory|move: Roost\n|\n|upkeep\n|turn|5\n|\n|t:|1781440152\n|move|p2a: Skarmory|Body Press|p1a: Registeel\n|-supereffective|p1a: Registeel\n|-damage|p1a: Registeel|146/262\n|move|p1a: Registeel|Iron Defense|p1a: Registeel\n|-boost|p1a: Registeel|def|2\n|\n|upkeep\n|turn|6\n|\n|t:|1781440158\n|switch|p2a: Magmortar|Magmortar, L88, M|275/275\n|move|p1a: Registeel|Iron Defense|p1a: Registeel\n|-boost|p1a: Registeel|def|2\n|\n|upkeep\n|turn|7\n|\n|t:|1781440172\n|-terastallize|p1a: Registeel|Fighting\n|move|p2a: Magmortar|Will-O-Wisp|p1a: Registeel\n|-status|p1a: Registeel|brn\n|move|p1a: Registeel|Body Press|p2a: Magmortar\n|-damage|p2a: Magmortar|95/275\n|\n|-damage|p1a: Registeel|130/262 brn|[from] brn\n|upkeep\n|turn|8\n|\n|t:|1781440181\n|move|p2a: Magmortar|Fire Blast|p1a: Registeel\n|-damage|p1a: Registeel|21/262 brn\n|move|p1a: Registeel|Rest|p1a: Registeel\n|-status|p1a: Registeel|slp|[from] move: Rest\n|-heal|p1a: Registeel|262/262 slp|[silent]\n|-enditem|p1a: Registeel|Chesto Berry|[eat]\n|-curestatus|p1a: Registeel|slp|[msg]\n|\n|upkeep\n|turn|9\n|\n|t:|1781440188\n|move|p2a: Magmortar|Will-O-Wisp|p1a: Registeel\n|-status|p1a: Registeel|brn\n|move|p1a: Registeel|Body Press|p2a: Magmortar\n|-damage|p2a: Magmortar|0 fnt\n|faint|p2a: Magmortar\n|\n|-damage|p1a: Registeel|246/262 brn|[from] brn\n|upkeep\n|\n|t:|1781440192\n|switch|p2a: Trevenant|Trevenant, L89, M|296/296\n|turn|10\n|\n|t:|1781440209\n|switch|p1a: Furret|Furret, L94, F|182/312\n|-damage|p1a: Furret|143/312|[from] Stealth Rock\n|-item|p2a: Trevenant|Life Orb|[from] ability: Frisk|[of] p1a: Furret\n|move|p2a: Trevenant|Poltergeist|p1a: Furret\n|-immune|p1a: Furret\n|\n|upkeep\n|turn|11\n|\n|t:|1781440220\n|switch|p2a: Skarmory|Skarmory, L80, M|235/235\n|move|p1a: Furret|Trick|p2a: Skarmory\n|-activate|p1a: Furret|move: Trick|[of] p2a: Skarmory\n|-item|p2a: Skarmory|Choice Band|[from] move: Trick\n|-enditem|p1a: Furret|Choice Band|[silent]|[from] move: Trick\n|\n|upkeep\n|turn|12\n|\n|t:|1781440232\n|move|p1a: Furret|Knock Off|p2a: Skarmory\n|-damage|p2a: Skarmory|183/235\n|-enditem|p2a: Skarmory|Choice Band|[from] move: Knock Off|[of] p1a: Furret\n|move|p2a: Skarmory|Brave Bird|p1a: Furret\n|-damage|p1a: Furret|19/312\n|-damage|p2a: Skarmory|142/235|[from] Recoil\n|\n|upkeep\n|turn|13\n|\n|t:|1781440240\n|move|p1a: Furret|Double-Edge|p2a: Skarmory\n|-resisted|p2a: Skarmory\n|-damage|p2a: Skarmory|91/235\n|-damage|p1a: Furret|2/312|[from] Recoil\n|move|p2a: Skarmory|Roost|p2a: Skarmory\n|-heal|p2a: Skarmory|209/235\n|-singleturn|p2a: Skarmory|move: Roost\n|\n|upkeep\n|turn|14\n|\n|t:|1781440247\n|move|p1a: Furret|Double-Edge|p2a: Skarmory\n|-resisted|p2a: Skarmory\n|-damage|p2a: Skarmory|159/235\n|-damage|p1a: Furret|0 fnt|[from] Recoil\n|faint|p1a: Furret\n|move|p2a: Skarmory|Roost|p2a: Skarmory\n|-heal|p2a: Skarmory|235/235\n|-singleturn|p2a: Skarmory|move: Roost\n|\n|upkeep\n|\n|t:|1781440253\n|switch|p1a: Gouging Fire|Gouging Fire, L74|277/277\n|turn|15\n|\n|t:|1781440277\n|switch|p2a: Wugtrio|Wugtrio, L91, F|212/212\n|move|p1a: Gouging Fire|Dragon Dance|p1a: Gouging Fire\n|-boost|p1a: Gouging Fire|atk|1\n|-boost|p1a: Gouging Fire|spe|1\n|\n|upkeep\n|turn|16\n|\n|t:|1781440297\n|move|p2a: Wugtrio|Stomping Tantrum|p1a: Gouging Fire\n|-supereffective|p1a: Gouging Fire\n|-damage|p1a: Gouging Fire|109/277\n|move|p1a: Gouging Fire|Dragon Dance|p1a: Gouging Fire\n|-boost|p1a: Gouging Fire|atk|1\n|-boost|p1a: Gouging Fire|spe|1\n|\n|upkeep\n|turn|17\n|\n|t:|1781440310\n|move|p1a: Gouging Fire|Outrage|p2a: Wugtrio\n|-damage|p2a: Wugtrio|0 fnt\n|-ability|p2a: Wugtrio|Gooey\n|-unboost|p1a: Gouging Fire|spe|1\n|faint|p2a: Wugtrio\n|\n|upkeep\n|\n|t:|1781440313\n|switch|p2a: Chi-Yu|Chi-Yu, L77|211/211\n|-ability|p2a: Chi-Yu|Beads of Ruin\n|turn|18\n|\n|t:|1781440328\n|move|p2a: Chi-Yu|Dark Pulse|p1a: Gouging Fire\n|-damage|p1a: Gouging Fire|0 fnt\n|faint|p1a: Gouging Fire\n|-end|p1a: Gouging Fire|Protosynthesis|[silent]\n|\n|upkeep\n|\n|t:|1781440335\n|switch|p1a: Wo-Chien|Wo-Chien, L83|277/277\n|-damage|p1a: Wo-Chien|243/277|[from] Stealth Rock\n|-ability|p1a: Wo-Chien|Tablets of Ruin\n|turn|19\n|\n|t:|1781440343\n|switch|p2a: Skarmory|Skarmory, L80, M|235/235\n|move|p1a: Wo-Chien|Knock Off|p2a: Skarmory\n|-damage|p2a: Skarmory|189/235\n|\n|-heal|p1a: Wo-Chien|260/277|[from] item: Leftovers\n|upkeep\n|turn|20\n|\n|t:|1781440351\n|move|p1a: Wo-Chien|Protect|p1a: Wo-Chien\n|-singleturn|p1a: Wo-Chien|Protect\n|move|p2a: Skarmory|Brave Bird|p1a: Wo-Chien\n|-activate|p1a: Wo-Chien|move: Protect\n|\n|-heal|p1a: Wo-Chien|277/277|[from] item: Leftovers\n|upkeep\n|turn|21\n|\n|t:|1781440361\n|move|p1a: Wo-Chien|Leech Seed|p2a: Skarmory\n|-start|p2a: Skarmory|move: Leech Seed\n|move|p2a: Skarmory|Brave Bird|p1a: Wo-Chien\n|-supereffective|p1a: Wo-Chien\n|-damage|p1a: Wo-Chien|149/277\n|-damage|p2a: Skarmory|147/235|[from] Recoil\n|\n|-heal|p1a: Wo-Chien|166/277|[from] item: Leftovers\n|-damage|p2a: Skarmory|118/235|[from] Leech Seed|[of] p1a: Wo-Chien\n|-heal|p1a: Wo-Chien|195/277|[silent]\n|upkeep\n|turn|22\n|\n|t:|1781440372\n|move|p1a: Wo-Chien|Stun Spore|p2a: Skarmory\n|-status|p2a: Skarmory|par\n|move|p2a: Skarmory|Roost|p2a: Skarmory\n|-heal|p2a: Skarmory|235/235 par\n|-singleturn|p2a: Skarmory|move: Roost\n|\n|-heal|p1a: Wo-Chien|212/277|[from] item: Leftovers\n|-damage|p2a: Skarmory|206/235 par|[from] Leech Seed|[of] p1a: Wo-Chien\n|-heal|p1a: Wo-Chien|241/277|[silent]\n|upkeep\n|turn|23\n|\n|t:|1781440388\n|switch|p1a: Dusknoir|Dusknoir, L89, F|225/225\n|-damage|p1a: Dusknoir|197/225|[from] Stealth Rock\n|switch|p2a: Trevenant|Trevenant, L89, M|296/296\n|\n|upkeep\n|turn|24\n|\n|t:|1781440400\n|switch|p1a: Registeel|Registeel, L81, tera:Fighting|246/262 brn\n|-damage|p1a: Registeel|230/262 brn|[from] Stealth Rock\n|move|p2a: Trevenant|Will-O-Wisp|p1a: Registeel\n|-fail|p1a: Registeel|brn\n|\n|-damage|p1a: Registeel|214/262 brn|[from] brn\n|upkeep\n|turn|25\n|\n|t:|1781440416\n|move|p2a: Trevenant|Poltergeist||[still]\n|-fail|p2a: Trevenant\n|move|p1a: Registeel|Rest|p1a: Registeel\n|-status|p1a: Registeel|slp|[from] move: Rest\n|-heal|p1a: Registeel|262/262 slp|[silent]\n|\n|upkeep\n|turn|26\n|\n|t:|1781440423\n|move|p2a: Trevenant|Horn Leech|p1a: Registeel\n|-damage|p1a: Registeel|179/262 slp\n|-damage|p2a: Trevenant|267/296|[from] item: Life Orb\n|cant|p1a: Registeel|slp\n|\n|upkeep\n|turn|27\n|\n|t:|1781440438\n|move|p2a: Trevenant|Horn Leech|p1a: Registeel\n|-damage|p1a: Registeel|93/262 slp\n|-heal|p2a: Trevenant|296/296|[from] drain|[of] p1a: Registeel\n|-damage|p2a: Trevenant|267/296|[from] item: Life Orb\n|cant|p1a: Registeel|slp\n|\n|upkeep\n|turn|28\n|\n|t:|1781440446\n|move|p2a: Trevenant|Horn Leech|p1a: Registeel\n|-damage|p1a: Registeel|0 fnt\n|-heal|p2a: Trevenant|296/296|[from] drain|[of] p1a: Registeel\n|faint|p1a: Registeel\n|-damage|p2a: Trevenant|267/296|[from] item: Life Orb\n|\n|upkeep\n|\n|t:|1781440453\n|switch|p1a: Wo-Chien|Wo-Chien, L83|241/277\n|-damage|p1a: Wo-Chien|207/277|[from] Stealth Rock\n|-ability|p1a: Wo-Chien|Tablets of Ruin\n|turn|29\n|\n|t:|1781440468\n|-terastallize|p2a: Trevenant|Fighting\n|move|p1a: Wo-Chien|Knock Off|p2a: Trevenant\n|-resisted|p2a: Trevenant\n|-damage|p2a: Trevenant|221/296\n|-enditem|p2a: Trevenant|Life Orb|[from] move: Knock Off|[of] p1a: Wo-Chien\n|move|p2a: Trevenant|Drain Punch|p1a: Wo-Chien\n|-supereffective|p1a: Wo-Chien\n|-damage|p1a: Wo-Chien|69/277\n|-heal|p2a: Trevenant|290/296|[from] drain|[of] p1a: Wo-Chien\n|\n|-heal|p1a: Wo-Chien|86/277|[from] item: Leftovers\n|upkeep\n|turn|30\n|\n|t:|1781440481\n|move|p1a: Wo-Chien|Protect|p1a: Wo-Chien\n|-singleturn|p1a: Wo-Chien|Protect\n|move|p2a: Trevenant|Drain Punch|p1a: Wo-Chien\n|-activate|p1a: Wo-Chien|move: Protect\n|\n|-heal|p1a: Wo-Chien|103/277|[from] item: Leftovers\n|upkeep\n|turn|31\n|\n|t:|1781440487\n|switch|p1a: Dusknoir|Dusknoir, L89, F|197/225\n|-damage|p1a: Dusknoir|169/225|[from] Stealth Rock\n|move|p2a: Trevenant|Drain Punch|p1a: Dusknoir\n|-immune|p1a: Dusknoir\n|\n|upkeep\n|turn|32\n|-message|redcoat11 forfeited.\n|\n|win|jopaille\n|raw|redcoat11's rating: 1913 &rarr; <strong>1890</strong><br />(-23 for losing)\n|raw|jopaille's rating: 1861 &rarr; <strong>1884</strong><br />(+23 for winning)\n", "inputlog": ">version a8376a258c1d4662feba110a92103f3664a72141\n>start {\"formatid\":\"gen9randombattle\",\"seed\":\"sodium,07f08f42fb4876d390fdf3de7392cd99\",\"rated\":\"Rated battle\"}\n>player p1 {\"name\":\"redcoat11\",\"avatar\":\"266\",\"rating\":1913,\"seed\":\"sodium,064eb7e08bdc91dea65baa67fefd3468\"}\n>player p2 {\"name\":\"jopaille\",\"avatar\":\"170\",\"rating\":1861,\"seed\":\"sodium,6d73fb6028e3af476d7bb4a29a10f8b5\"}\n>p1 move tripleaxel\n>p2 move airslash\n>p1 switch 2\n>p1 move knockoff\n>p2 move strengthsap\n>p2 switch 6\n>p1 move knockoff\n>p2 move stealthrock\n>p1 switch 3\n>p2 move roost\n>p1 move irondefense\n>p2 move bodypress\n>p1 move irondefense\n>p2 switch 5\n>p1 move bodypress terastallize\n>p2 move willowisp\n>p1 move rest\n>p2 move fireblast\n>p1 move bodypress\n>p2 move willowisp\n>p2 switch 3\n>p1 switch 3\n>p2 move poltergeist\n>p1 move trick\n>p2 switch 5\n>p1 move knockoff\n>p2 move bravebird\n>p1 move doubleedge\n>p2 move roost\n>p1 move doubleedge\n>p2 move roost\n>p1 switch 4\n>p1 move dragondance\n>p2 switch 2\n>p1 move dragondance\n>p2 move stompingtantrum\n>p1 move outrage\n>p2 move stompingtantrum\n>p2 switch 4\n>p1 move outrage\n>p2 move darkpulse\n>p1 switch 5\n>p1 move knockoff\n>p2 switch 2\n>p1 move protect\n>p2 move bravebird\n>p1 move leechseed\n>p2 move bravebird\n>p1 move stunspore\n>p2 move roost\n>p1 switch 6\n>p2 switch 5\n>p1 switch 3\n>p2 move willowisp\n>p1 move rest\n>p2 move poltergeist\n>p1 move ironhead\n>p2 move hornleech\n>p1 move irondefense\n>p2 move hornleech\n>p1 move rest\n>p2 move hornleech\n>p1 switch 6\n>p1 move knockoff\n>p2 move drainpunch terastallize\n>p1 move protect\n>p2 move drainpunch\n>p1 switch 3\n>p2 move drainpunch\n>forcelose p1", "uploadtime": 1781440504, "views": 4, "formatid": "gen9randombattle", "rating": 1884, "private": 0, "password": null, "player_dets": [{"name": "redcoat11", "avatar": "266", "rating": 1913, "seed": "sodium,064eb7e08bdc91dea65baa67fefd3468"}, {"name": "jopaille", "avatar": "170", "rating": 1861, "seed": "sodium,6d73fb6028e3af476d7bb4a29a10f8b5"}], "teams_full": [{"Leavanny": {"name": "Leavanny", "species": "Leavanny", "speciesId": "leavanny", "gender": "M", "shiny": false, "level": 86, "moves": ["tripleaxel", "knockoff", "bulletseed", "stickyweb"], "ability": "Chlorophyll", "evs": {"hp": 85, "atk": 85, "def": 85, "spa": 85, "spd": 85, "spe": 85}, "ivs": {"hp": 31, "atk": 31, "def": 31, "spa": 31, "spd": 31, "spe": 31}, "item": "Loaded Dice", "teraType": "Rock", "role": "Fast Attacker", "bvs": {"hp": 75, "atk": 103, "def": 80, "spa": 70, "spd": 80, "spe": 92}, "stats": {"hp": 269, "atk": 226, "def": 187, "spa": 170, "spd": 187, "spe": 207}, "types": ["Bug", "Grass"]}, "Furret": {"name": "Furret", "species": "Furret", "speciesId": "furret", "gender": "F", "shiny": false, "level": 94, "moves": ["doubleedge", "trick", "knockoff", "uturn"], "ability": "Frisk", "evs": {"hp": 85, "atk": 85, "def": 85, "spa": 85, "spd": 85, "spe": 85}, "ivs": {"hp": 31, "atk": 31, "def": 31, "spa": 31, "spd": 31, "spe": 31}, "item": "Choice Band", "teraType": "Normal", "role": "Wallbreaker", "bvs": {"hp": 85, "atk": 76, "def": 64, "spa": 45, "spd": 55, "spe": 90}, "stats": {"hp": 312, "atk": 196, "def": 174, "spa": 138, "spd": 157, "spe": 223}, "types": ["Normal"]}, "Registeel": {"name": "Registeel", "species": "Registeel", "speciesId": "registeel", "gender": "N", "shiny": false, "level": 81, "moves": ["irondefense", "bodypress", "rest", "ironhead"], "ability": "Clear Body", "evs": {"hp": 85, "atk": 85, "def": 85, "spa": 85, "spd": 85, "spe": 85}, "ivs": {"hp": 31, "atk": 31, "def": 31, "spa": 31, "spd": 31, "spe": 31}, "item": "Chesto Berry", "teraType": "Fighting", "role": "Bulky Setup", "bvs": {"hp": 80, "atk": 75, "def": 150, "spa": 75, "spd": 150, "spe": 50}, "stats": {"hp": 262, "atk": 168, "def": 290, "spa": 168, "spd": 290, "spe": 128}, "types": ["Steel"]}, "Gouging Fire": {"name": "Gouging Fire", "species": "Gouging Fire", "speciesId": "gougingfire", "gender": "N", "shiny": false, "level": 74, "moves": ["morningsun", "dragondance", "outrage", "heatcrash"], "ability": "Protosynthesis", "evs": {"hp": 85, "atk": 85, "def": 85, "spa": 85, "spd": 85, "spe": 85}, "ivs": {"hp": 31, "atk": 31, "def": 31, "spa": 31, "spd": 31, "spe": 31}, "item": "Heavy-Duty Boots", "teraType": "Fairy", "role": "Bulky Setup", "bvs": {"hp": 105, "atk": 115, "def": 121, "spa": 65, "spd": 93, "spe": 91}, "stats": {"hp": 277, "atk": 213, "def": 222, "spa": 139, "spd": 181, "spe": 178}, "types": ["Fire", "Dragon"]}, "Wo-Chien": {"name": "Wo-Chien", "species": "Wo-Chien", "speciesId": "wochien", "gender": "N", "shiny": false, "level": 83, "moves": ["leechseed", "stunspore", "knockoff", "protect"], "ability": "Tablets of Ruin", "evs": {"hp": 85, "atk": 85, "def": 85, "spa": 85, "spd": 85, "spe": 85}, "ivs": {"hp": 31, "atk": 31, "def": 31, "spa": 31, "spd": 31, "spe": 31}, "item": "Leftovers", "teraType": "Poison", "role": "Bulky Support", "bvs": {"hp": 85, "atk": 85, "def": 100, "spa": 95, "spd": 135, "spe": 70}, "stats": {"hp": 277, "atk": 189, "def": 214, "spa": 205, "spd": 272, "spe": 164}, "types": ["Dark", "Grass"]}, "Dusknoir": {"name": "Dusknoir", "species": "Dusknoir", "speciesId": "dusknoir", "gender": "F", "shiny": false, "level": 89, "moves": ["shadowsneak", "earthquake", "poltergeist", "trick"], "ability": "Frisk", "evs": {"hp": 85, "atk": 85, "def": 85, "spa": 85, "spd": 85, "spe": 85}, "ivs": {"hp": 31, "atk": 31, "def": 31, "spa": 31, "spd": 31, "spe": 31}, "item": "Choice Band", "teraType": "Ground", "role": "Wallbreaker", "bvs": {"hp": 45, "atk": 100, "def": 135, "spa": 65, "spd": 135, "spe": 45}, "stats": {"hp": 225, "atk": 229, "def": 291, "spa": 166, "spd": 291, "spe": 131}, "types": ["Ghost"]}}, {"Drifblim": {"name": "Drifblim", "species": "Drifblim", "speciesId": "drifblim", "gender": "F", "shiny": false, "level": 86, "moves": ["strengthsap", "airslash", "defog", "shadowball"], "ability": "Aftermath", "evs": {"hp": 85, "atk": 0, "def": 85, "spa": 85, "spd": 85, "spe": 85}, "ivs": {"hp": 31, "atk": 0, "def": 31, "spa": 31, "spd": 31, "spe": 31}, "item": "Heavy-Duty Boots", "teraType": "Dark", "role": "Bulky Attacker", "bvs": {"hp": 150, "atk": 80, "def": 44, "spa": 90, "spd": 54, "spe": 80}, "stats": {"hp": 398, "atk": 142, "def": 125, "spa": 204, "spd": 142, "spe": 187}, "types": ["Ghost", "Flying"]}, "Wugtrio": {"name": "Wugtrio", "species": "Wugtrio", "speciesId": "wugtrio", "gender": "F", "shiny": false, "level": 91, "moves": ["stompingtantrum", "liquidation", "aquajet", "throatchop"], "ability": "Gooey", "evs": {"hp": 85, "atk": 85, "def": 85, "spa": 85, "spd": 85, "spe": 85}, "ivs": {"hp": 31, "atk": 31, "def": 31, "spa": 31, "spd": 31, "spe": 31}, "item": "Choice Band", "teraType": "Water", "role": "Fast Attacker", "bvs": {"hp": 35, "atk": 100, "def": 50, "spa": 50, "spd": 70, "spe": 120}, "stats": {"hp": 212, "atk": 234, "def": 143, "spa": 143, "spd": 179, "spe": 270}, "types": ["Water"]}, "Trevenant": {"name": "Trevenant", "species": "Trevenant", "speciesId": "trevenant", "gender": "M", "shiny": false, "level": 89, "moves": ["poltergeist", "hornleech", "drainpunch", "willowisp"], "ability": "Natural Cure", "evs": {"hp": 85, "atk": 85, "def": 85, "spa": 85, "spd": 85, "spe": 85}, "ivs": {"hp": 31, "atk": 31, "def": 31, "spa": 31, "spd": 31, "spe": 31}, "item": "Life Orb", "teraType": "Fighting", "role": "Wallbreaker", "bvs": {"hp": 85, "atk": 110, "def": 76, "spa": 65, "spd": 82, "spe": 56}, "stats": {"hp": 296, "atk": 247, "def": 186, "spa": 166, "spd": 197, "spe": 150}, "types": ["Ghost", "Grass"]}, "Chi-Yu": {"name": "Chi-Yu", "species": "Chi-Yu", "speciesId": "chiyu", "gender": "N", "shiny": false, "level": 77, "moves": ["darkpulse", "overheat", "psychic", "flamethrower"], "ability": "Beads of Ruin", "evs": {"hp": 85, "atk": 0, "def": 85, "spa": 85, "spd": 85, "spe": 85}, "ivs": {"hp": 31, "atk": 0, "def": 31, "spa": 31, "spd": 31, "spe": 31}, "item": "Choice Scarf", "teraType": "Dark", "role": "Fast Attacker", "bvs": {"hp": 55, "atk": 80, "def": 80, "spa": 135, "spd": 120, "spe": 100}, "stats": {"hp": 211, "atk": 128, "def": 168, "spa": 252, "spd": 229, "spe": 199}, "types": ["Dark", "Fire"]}, "Magmortar": {"name": "Magmortar", "species": "Magmortar", "speciesId": "magmortar", "gender": "M", "shiny": false, "level": 88, "moves": ["focusblast", "willowisp", "fireblast", "thunderbolt"], "ability": "Flame Body", "evs": {"hp": 85, "atk": 0, "def": 85, "spa": 85, "spd": 85, "spe": 85}, "ivs": {"hp": 31, "atk": 0, "def": 31, "spa": 31, "spd": 31, "spe": 31}, "item": "Heavy-Duty Boots", "teraType": "Electric", "role": "Fast Attacker", "bvs": {"hp": 75, "atk": 95, "def": 67, "spa": 125, "spd": 95, "spe": 83}, "stats": {"hp": 275, "atk": 172, "def": 168, "spa": 270, "spd": 217, "spe": 196}, "types": ["Fire"]}, "Skarmory": {"name": "Skarmory", "species": "Skarmory", "speciesId": "skarmory", "gender": "M", "shiny": false, "level": 80, "moves": ["bodypress", "roost", "stealthrock", "bravebird"], "ability": "Sturdy", "evs": {"hp": 85, "atk": 85, "def": 85, "spa": 85, "spd": 85, "spe": 85}, "ivs": {"hp": 31, "atk": 31, "def": 31, "spa": 31, "spd": 31, "spe": 31}, "item": "Rocky Helmet", "teraType": "Fighting", "role": "Bulky Attacker", "bvs": {"hp": 65, "atk": 80, "def": 140, "spa": 40, "spd": 70, "spe": 70}, "stats": {"hp": 235, "atk": 174, "def": 270, "spa": 110, "spd": 158, "spe": 158}, "types": ["Steel", "Flying"]}}]}