{"id": "gen9randombattle-2631537581", "format": "[Gen 9] Random Battle", "players": ["Thunderbird227", "PikaTru"], "log": "|j|\u2606Thunderbird227\n|j|\u2606PikaTru\n|t:|1781398250\n|gametype|singles\n|player|p1|Thunderbird227|n|2011\n|player|p2|PikaTru|170|2037\n|gen|9\n|tier|[Gen 9] Random Battle\n|rated|\n|rule|Species Clause: Limit one of each Pok\u00e9mon\n|rule|HP Percentage Mod: HP is shown in percentages\n|rule|Sleep Clause Mod: Limit one foe put to sleep\n|rule|Illusion Level Mod: Illusion disguises the Pok\u00e9mon's true level\n|\n|t:|1781398250\n|teamsize|p1|6\n|teamsize|p2|6\n|start\n|switch|p1a: Regigigas|Regigigas, L84|322/322\n|switch|p2a: Empoleon|Empoleon, L84, M|278/278\n|-start|p1a: Regigigas|ability: Slow Start\n|turn|1\n|inactive|Battle timer is ON: inactive players will automatically lose when time's up. (requested by Thunderbird227)\n|\n|t:|1781398267\n|switch|p1a: Malamar|Malamar, L82, F|275/275\n|move|p2a: Empoleon|Knock Off|p1a: Malamar\n|-damage|p1a: Malamar|215/275\n|-enditem|p1a: Malamar|Chesto Berry|[from] move: Knock Off|[of] p2a: Empoleon\n|\n|upkeep\n|turn|2\n|\n|t:|1781398283\n|switch|p2a: Quagsire|Quagsire, L84, M|297/297\n|move|p1a: Malamar|Superpower|p2a: Quagsire\n|-damage|p2a: Quagsire|216/297\n|-boost|p1a: Malamar|atk|1\n|-boost|p1a: Malamar|def|1\n|\n|-heal|p2a: Quagsire|234/297|[from] item: Leftovers\n|upkeep\n|turn|3\n|\n|t:|1781398294\n|move|p1a: Malamar|Knock Off|p2a: Quagsire\n|-crit|p2a: Quagsire\n|-damage|p2a: Quagsire|98/297\n|-enditem|p2a: Quagsire|Leftovers|[from] move: Knock Off|[of] p1a: Malamar\n|move|p2a: Quagsire|Toxic|p1a: Malamar\n|-status|p1a: Malamar|tox\n|\n|-damage|p1a: Malamar|198/275 tox|[from] psn\n|upkeep\n|turn|4\n|\n|t:|1781398310\n|switch|p1a: Eiscue|Eiscue, L88, M|274/274\n|move|p2a: Quagsire|Recover|p2a: Quagsire\n|-heal|p2a: Quagsire|247/297\n|\n|upkeep\n|turn|5\n|\n|t:|1781398317\n|switch|p1a: Malamar|Malamar, L82, F|198/275 tox\n|move|p2a: Quagsire|Toxic|p1a: Malamar\n|-fail|p1a: Malamar|tox\n|\n|-damage|p1a: Malamar|181/275 tox|[from] psn\n|upkeep\n|turn|6\n|\n|t:|1781398324\n|move|p1a: Malamar|Superpower|p2a: Quagsire\n|-damage|p2a: Quagsire|168/297\n|-boost|p1a: Malamar|atk|1\n|-boost|p1a: Malamar|def|1\n|move|p2a: Quagsire|Earthquake|p1a: Malamar\n|-damage|p1a: Malamar|85/275 tox\n|\n|-damage|p1a: Malamar|51/275 tox|[from] psn\n|upkeep\n|turn|7\n|\n|t:|1781398332\n|move|p1a: Malamar|Rest|p1a: Malamar\n|-status|p1a: Malamar|slp|[from] move: Rest\n|-heal|p1a: Malamar|275/275 slp|[silent]\n|move|p2a: Quagsire|Earthquake|p1a: Malamar\n|-damage|p1a: Malamar|184/275 slp\n|\n|upkeep\n|turn|8\n|\n|t:|1781398343\n|switch|p1a: Regigigas|Regigigas, L84|322/322\n|-start|p1a: Regigigas|ability: Slow Start\n|move|p2a: Quagsire|Recover|p2a: Quagsire\n|-heal|p2a: Quagsire|297/297\n|\n|upkeep\n|turn|9\n|\n|t:|1781398348\n|move|p1a: Regigigas|Body Slam|p2a: Quagsire\n|-damage|p2a: Quagsire|227/297\n|move|p2a: Quagsire|Toxic|p1a: Regigigas\n|-status|p1a: Regigigas|tox\n|\n|-damage|p1a: Regigigas|302/322 tox|[from] psn\n|upkeep\n|turn|10\n|\n|t:|1781398368\n|switch|p2a: Empoleon|Empoleon, L84, M|278/278\n|move|p1a: Regigigas|Body Slam|p2a: Empoleon\n|-resisted|p2a: Empoleon\n|-damage|p2a: Empoleon|246/278\n|\n|-heal|p2a: Empoleon|263/278|[from] item: Leftovers\n|-heal|p1a: Regigigas|322/322 tox|[from] item: Leftovers\n|-damage|p1a: Regigigas|282/322 tox|[from] psn\n|upkeep\n|turn|11\n|\n|t:|1781398370\n|move|p2a: Empoleon|Knock Off|p1a: Regigigas\n|-damage|p1a: Regigigas|233/322 tox\n|-enditem|p1a: Regigigas|Leftovers|[from] move: Knock Off|[of] p2a: Empoleon\n|move|p1a: Regigigas|Knock Off|p2a: Empoleon\n|-damage|p2a: Empoleon|215/278\n|-enditem|p2a: Empoleon|Leftovers|[from] move: Knock Off|[of] p1a: Regigigas\n|\n|-damage|p1a: Regigigas|173/322 tox|[from] psn\n|upkeep\n|turn|12\n|\n|t:|1781398378\n|move|p2a: Empoleon|Surf|p1a: Regigigas\n|-damage|p1a: Regigigas|91/322 tox\n|move|p1a: Regigigas|Rest|p1a: Regigigas\n|-status|p1a: Regigigas|slp|[from] move: Rest\n|-heal|p1a: Regigigas|322/322 slp|[silent]\n|\n|upkeep\n|turn|13\n|\n|t:|1781398401\n|move|p2a: Empoleon|Surf|p1a: Regigigas\n|-damage|p1a: Regigigas|234/322 slp\n|cant|p1a: Regigigas|slp\n|\n|-end|p1a: Regigigas|Slow Start\n|upkeep\n|turn|14\n|\n|t:|1781398406\n|cant|p1a: Regigigas|slp\n|move|p1a: Regigigas|Sleep Talk|p1a: Regigigas\n|move|p1a: Regigigas|Body Slam|p2a: Empoleon|[from] move: Sleep Talk\n|-resisted|p2a: Empoleon\n|-damage|p2a: Empoleon|150/278\n|move|p2a: Empoleon|Surf|p1a: Regigigas\n|-damage|p1a: Regigigas|143/322 slp\n|\n|upkeep\n|turn|15\n|\n|t:|1781398412\n|-curestatus|p1a: Regigigas|slp|[msg]\n|move|p1a: Regigigas|Rest|p1a: Regigigas\n|-status|p1a: Regigigas|slp|[from] move: Rest\n|-heal|p1a: Regigigas|322/322 slp|[silent]\n|move|p2a: Empoleon|Surf|p1a: Regigigas\n|-damage|p1a: Regigigas|235/322 slp\n|\n|upkeep\n|turn|16\n|\n|t:|1781398417\n|switch|p2a: Scrafty|Scrafty, L83, M|244/244\n|-ability|p2a: Scrafty|Intimidate|boost\n|-unboost|p1a: Regigigas|atk|1\n|cant|p1a: Regigigas|slp\n|move|p1a: Regigigas|Sleep Talk|p1a: Regigigas\n|move|p1a: Regigigas|Rest||[from] move: Sleep Talk|[still]\n|-fail|p1a: Regigigas\n|\n|upkeep\n|turn|17\n|\n|t:|1781398427\n|switch|p1a: Hippowdon|Hippowdon, L82, F|311/311\n|-weather|Sandstorm|[from] ability: Sand Stream|[of] p1a: Hippowdon\n|move|p2a: Scrafty|Dragon Dance|p2a: Scrafty\n|-boost|p2a: Scrafty|atk|1\n|-boost|p2a: Scrafty|spe|1\n|\n|-weather|Sandstorm|[upkeep]\n|-damage|p2a: Scrafty|229/244|[from] Sandstorm\n|-heal|p2a: Scrafty|244/244|[from] item: Leftovers\n|upkeep\n|turn|18\n|\n|t:|1781398435\n|move|p2a: Scrafty|Knock Off|p1a: Hippowdon\n|-damage|p1a: Hippowdon|187/311\n|-enditem|p1a: Hippowdon|Leftovers|[from] move: Knock Off|[of] p2a: Scrafty\n|move|p1a: Hippowdon|Whirlwind|p2a: Scrafty\n|drag|p2a: Falinks|Falinks, L84|246/246\n|\n|-weather|Sandstorm|[upkeep]\n|-damage|p2a: Falinks|231/246|[from] Sandstorm\n|upkeep\n|turn|19\n|\n|t:|1781398441\n|switch|p2a: Quagsire|Quagsire, L84, M|227/297\n|move|p1a: Hippowdon|Slack Off|p1a: Hippowdon\n|-heal|p1a: Hippowdon|311/311\n|\n|-weather|Sandstorm|[upkeep]\n|upkeep\n|turn|20\n|\n|t:|1781398449\n|switch|p1a: Regigigas|Regigigas, L84|235/322 slp\n|-start|p1a: Regigigas|ability: Slow Start\n|move|p2a: Quagsire|Ice Beam|p1a: Regigigas\n|-damage|p1a: Regigigas|191/322 slp\n|\n|-weather|Sandstorm|[upkeep]\n|-damage|p1a: Regigigas|171/322 slp|[from] Sandstorm\n|upkeep\n|turn|21\n|\n|t:|1781398453\n|switch|p2a: Scrafty|Scrafty, L83, M|244/244\n|-ability|p2a: Scrafty|Intimidate|boost\n|-unboost|p1a: Regigigas|atk|1\n|cant|p1a: Regigigas|slp\n|move|p1a: Regigigas|Sleep Talk|p1a: Regigigas\n|move|p1a: Regigigas|Rest||[from] move: Sleep Talk|[still]\n|-fail|p1a: Regigigas\n|\n|-weather|none\n|upkeep\n|turn|22\n|\n|t:|1781398458\n|switch|p1a: Azelf|Azelf, L82|257/257\n|move|p2a: Scrafty|Drain Punch|p1a: Azelf\n|-resisted|p1a: Azelf\n|-damage|p1a: Azelf|212/257\n|\n|upkeep\n|turn|23\n|\n|t:|1781398465\n|switch|p2a: Empoleon|Empoleon, L84, M|150/278\n|move|p1a: Azelf|Dazzling Gleam|p2a: Empoleon\n|-resisted|p2a: Empoleon\n|-damage|p2a: Empoleon|104/278\n|\n|upkeep\n|turn|24\n|\n|t:|1781398476\n|switch|p1a: Hippowdon|Hippowdon, L82, F|311/311\n|-weather|Sandstorm|[from] ability: Sand Stream|[of] p1a: Hippowdon\n|move|p2a: Empoleon|Roost|p2a: Empoleon\n|-heal|p2a: Empoleon|243/278\n|-singleturn|p2a: Empoleon|move: Roost\n|\n|-weather|Sandstorm|[upkeep]\n|upkeep\n|turn|25\n|\n|t:|1781398479\n|move|p2a: Empoleon|Surf|p1a: Hippowdon\n|-supereffective|p1a: Hippowdon\n|-damage|p1a: Hippowdon|41/311\n|move|p1a: Hippowdon|Earthquake|p2a: Empoleon\n|-supereffective|p2a: Empoleon\n|-damage|p2a: Empoleon|13/278\n|\n|-weather|Sandstorm|[upkeep]\n|upkeep\n|turn|26\n|\n|t:|1781398482\n|move|p2a: Empoleon|Surf|p1a: Hippowdon\n|-supereffective|p1a: Hippowdon\n|-damage|p1a: Hippowdon|0 fnt\n|faint|p1a: Hippowdon\n|\n|-weather|Sandstorm|[upkeep]\n|upkeep\n|\n|t:|1781398487\n|switch|p1a: Azelf|Azelf, L82|212/257\n|turn|27\n|\n|t:|1781398496\n|move|p1a: Azelf|Dazzling Gleam|p2a: Empoleon\n|-resisted|p2a: Empoleon\n|-damage|p2a: Empoleon|0 fnt\n|faint|p2a: Empoleon\n|\n|-weather|Sandstorm|[upkeep]\n|-damage|p1a: Azelf|196/257|[from] Sandstorm\n|upkeep\n|\n|t:|1781398509\n|switch|p2a: Meowscarada|Meowscarada, L78, M|247/247\n|turn|28\n|\n|t:|1781398512\n|move|p2a: Meowscarada|U-turn|p1a: Azelf\n|-start|p2a: Meowscarada|typechange|Bug|[from] ability: Protean\n|-supereffective|p1a: Azelf\n|-damage|p1a: Azelf|28/257\n|\n|t:|1781398515\n|switch|p2a: Quagsire|Quagsire, L84, M|227/297|[from] U-turn\n|move|p1a: Azelf|Dazzling Gleam|p2a: Quagsire\n|-damage|p2a: Quagsire|113/297\n|\n|-weather|none\n|upkeep\n|turn|29\n|\n|t:|1781398518\n|move|p1a: Azelf|Dazzling Gleam|p2a: Quagsire\n|-damage|p2a: Quagsire|0 fnt\n|faint|p2a: Quagsire\n|\n|upkeep\n|\n|t:|1781398521\n|switch|p2a: Meowscarada|Meowscarada, L78, M|247/247\n|turn|30\n|\n|t:|1781398526\n|switch|p1a: Regigigas|Regigigas, L84|171/322 slp\n|-start|p1a: Regigigas|ability: Slow Start\n|move|p2a: Meowscarada|U-turn|p1a: Regigigas\n|-start|p2a: Meowscarada|typechange|Bug|[from] ability: Protean\n|-damage|p1a: Regigigas|107/322 slp\n|\n|t:|1781398529\n|switch|p2a: Scrafty|Scrafty, L83, M|244/244|[from] U-turn\n|-ability|p2a: Scrafty|Intimidate|boost\n|-unboost|p1a: Regigigas|atk|1\n|\n|upkeep\n|turn|31\n|\n|t:|1781398534\n|move|p2a: Scrafty|Drain Punch|p1a: Regigigas\n|-supereffective|p1a: Regigigas\n|-damage|p1a: Regigigas|0 fnt\n|faint|p1a: Regigigas\n|-end|p1a: Regigigas|Slow Start|[silent]\n|\n|upkeep\n|\n|t:|1781398538\n|switch|p1a: Noivern|Noivern, L82, F|274/274\n|turn|32\n|\n|t:|1781398565\n|-terastallize|p2a: Scrafty|Poison\n|move|p1a: Noivern|Hurricane|p2a: Scrafty|[miss]\n|-miss|p1a: Noivern|p2a: Scrafty\n|move|p2a: Scrafty|Dragon Dance|p2a: Scrafty\n|-boost|p2a: Scrafty|atk|1\n|-boost|p2a: Scrafty|spe|1\n|\n|upkeep\n|turn|33\n|\n|t:|1781398583\n|move|p1a: Noivern|Hurricane|p2a: Scrafty\n|-damage|p2a: Scrafty|153/244\n|move|p2a: Scrafty|Dragon Dance|p2a: Scrafty\n|-boost|p2a: Scrafty|atk|1\n|-boost|p2a: Scrafty|spe|1\n|\n|-heal|p2a: Scrafty|168/244|[from] item: Leftovers\n|upkeep\n|turn|34\n|\n|t:|1781398592\n|move|p2a: Scrafty|Drain Punch|p1a: Noivern\n|-resisted|p1a: Noivern\n|-damage|p1a: Noivern|186/274\n|-heal|p2a: Scrafty|212/244|[from] drain|[of] p1a: Noivern\n|move|p1a: Noivern|Hurricane|p2a: Scrafty\n|-damage|p2a: Scrafty|122/244\n|\n|-heal|p2a: Scrafty|137/244|[from] item: Leftovers\n|upkeep\n|turn|35\n|\n|t:|1781398601\n|move|p2a: Scrafty|Knock Off|p1a: Noivern\n|-damage|p1a: Noivern|0 fnt\n|-enditem|p1a: Noivern|Heavy-Duty Boots|[from] move: Knock Off|[of] p2a: Scrafty\n|faint|p1a: Noivern\n|\n|-heal|p2a: Scrafty|152/244|[from] item: Leftovers\n|upkeep\n|\n|t:|1781398627\n|switch|p1a: Eiscue|Eiscue, L88, M|274/274\n|turn|36\n|\n|t:|1781398634\n|move|p2a: Scrafty|Knock Off|p1a: Eiscue\n|-activate|p1a: Eiscue|ability: Ice Face\n|-damage|p1a: Eiscue|274/274\n|-enditem|p1a: Eiscue|Sitrus Berry|[from] move: Knock Off|[of] p2a: Scrafty\n|detailschange|p1a: Eiscue|Eiscue-Noice, L88, M\n|move|p1a: Eiscue|Belly Drum|p1a: Eiscue\n|-damage|p1a: Eiscue|137/274\n|-setboost|p1a: Eiscue|atk|6|[from] move: Belly Drum\n|\n|-heal|p2a: Scrafty|167/244|[from] item: Leftovers\n|upkeep\n|turn|37\n|\n|t:|1781398643\n|-terastallize|p1a: Eiscue|Water\n|move|p2a: Scrafty|Drain Punch|p1a: Eiscue\n|-damage|p1a: Eiscue|0 fnt\n|-heal|p2a: Scrafty|236/244|[from] drain|[of] p1a: Eiscue\n|faint|p1a: Eiscue\n|\n|-heal|p2a: Scrafty|244/244|[from] item: Leftovers\n|upkeep\n|-message|Thunderbird227 forfeited.\n|\n|win|PikaTru\n", "inputlog": ">version a8376a258c1d4662feba110a92103f3664a72141\n>start {\"formatid\":\"gen9randombattle\",\"seed\":\"sodium,075604a4d86aee47d0b6a22cfd5f6da6\",\"rated\":\"Rated battle\"}\n>player p1 {\"name\":\"Thunderbird227\",\"avatar\":\"n\",\"rating\":2011,\"seed\":\"sodium,4168d6a283d28b1e3ad7fcbe4ba302ed\"}\n>player p2 {\"name\":\"PikaTru\",\"avatar\":\"170\",\"rating\":2037,\"seed\":\"sodium,6a9e42b126c6dd9fc1d50ab3551a0f61\"}\n>p1 switch 6\n>p2 move knockoff\n>p1 move superpower\n>p2 switch 3\n>p1 move knockoff\n>p2 move toxic\n>p1 switch 4\n>p2 move recover\n>p1 switch 4\n>p2 move toxic\n>p1 move superpower\n>p2 move earthquake\n>p1 move rest\n>p2 move earthquake\n>p1 switch 6\n>p2 move recover\n>p1 move bodyslam\n>p2 move toxic\n>p1 move bodyslam\n>p2 switch 3\n>p1 move knockoff\n>p2 move knockoff\n>p1 move rest\n>p2 move surf\n>p1 move knockoff\n>p2 move surf\n>p1 move sleeptalk\n>p2 move surf\n>p1 move rest\n>p2 move surf\n>p1 move sleeptalk\n>p2 switch 2\n>p1 switch 2\n>p2 move dragondance\n>p1 move whirlwind\n>p2 move knockoff\n>p1 move slackoff\n>p2 switch 3\n>p1 switch 2\n>p2 move icebeam\n>p1 move sleeptalk\n>p2 switch 6\n>p1 switch 5\n>p2 move drainpunch\n>p1 move dazzlinggleam\n>p2 switch 2\n>p1 switch 2\n>p2 move roost\n>p1 move earthquake\n>p2 move surf\n>p1 move earthquake\n>p2 move surf\n>p1 switch 2\n>p1 move dazzlinggleam\n>p2 move knockoff\n>p2 switch 4\n>p1 move dazzlinggleam\n>p2 move uturn\n>p2 switch 6\n>p1 move dazzlinggleam\n>p2 move recover\n>p2 switch 6\n>p1 switch 5\n>p2 move uturn\n>p2 switch 2\n>p1 move rest\n>p2 move drainpunch\n>p1 switch 3\n>p1 move hurricane\n>p2 move dragondance terastallize\n>p1 move hurricane\n>p2 move dragondance\n>p1 move hurricane\n>p2 move drainpunch\n>p1 move roost\n>p2 move knockoff\n>p1 switch 4\n>p1 move bellydrum\n>p2 move knockoff\n>p1 move liquidation terastallize\n>p2 move drainpunch\n>forcelose p1", "uploadtime": 1781398252, "views": 4, "formatid": "gen9randombattle", "rating": null, "private": 0, "password": null, "player_dets": [{"name": "Thunderbird227", "avatar": "n", "rating": 2011, "seed": "sodium,4168d6a283d28b1e3ad7fcbe4ba302ed"}, {"name": "PikaTru", "avatar": "170", "rating": 2037, "seed": "sodium,6a9e42b126c6dd9fc1d50ab3551a0f61"}], "teams_full": [{"Regigigas": {"name": "Regigigas", "species": "Regigigas", "speciesId": "regigigas", "gender": "N", "shiny": false, "level": 84, "moves": ["rest", "sleeptalk", "bodyslam", "knockoff"], "ability": "Slow Start", "evs": {"hp": 85, "atk": 85, "def": 85, "spa": 85, "spd": 85, "spe": 85}, "ivs": {"hp": 31, "atk": 31, "def": 31, "spa": 31, "spd": 31, "spe": 31}, "item": "Leftovers", "teraType": "Ghost", "role": "Bulky Support", "bvs": {"hp": 110, "atk": 160, "def": 110, "spa": 80, "spd": 110, "spe": 100}, "stats": {"hp": 322, "atk": 317, "def": 233, "spa": 183, "spd": 233, "spe": 216}}, "Hippowdon": {"name": "Hippowdon", "species": "Hippowdon", "speciesId": "hippowdon", "gender": "F", "shiny": false, "level": 82, "moves": ["whirlwind", "slackoff", "stoneedge", "earthquake"], "ability": "Sand Stream", "evs": {"hp": 85, "atk": 85, "def": 85, "spa": 85, "spd": 85, "spe": 85}, "ivs": {"hp": 31, "atk": 31, "def": 31, "spa": 31, "spd": 31, "spe": 31}, "item": "Leftovers", "teraType": "Dragon", "role": "Bulky Support", "bvs": {"hp": 108, "atk": 112, "def": 118, "spa": 68, "spd": 72, "spe": 47}, "stats": {"hp": 311, "atk": 231, "def": 241, "spa": 159, "spd": 165, "spe": 124}}, "Noivern": {"name": "Noivern", "species": "Noivern", "speciesId": "noivern", "gender": "F", "shiny": false, "level": 82, "moves": ["roost", "dracometeor", "hurricane", "flamethrower"], "ability": "Infiltrator", "evs": {"hp": 85, "atk": 0, "def": 85, "spa": 85, "spd": 85, "spe": 85}, "ivs": {"hp": 31, "atk": 0, "def": 31, "spa": 31, "spd": 31, "spe": 31}, "item": "Heavy-Duty Boots", "teraType": "Fire", "role": "Fast Support", "bvs": {"hp": 85, "atk": 70, "def": 80, "spa": 97, "spd": 80, "spe": 123}, "stats": {"hp": 274, "atk": 119, "def": 178, "spa": 206, "spd": 178, "spe": 249}}, "Eiscue": {"name": "Eiscue", "species": "Eiscue", "speciesId": "eiscue", "gender": "M", "shiny": false, "level": 88, "moves": ["zenheadbutt", "bellydrum", "liquidation", "icespinner"], "ability": "Ice Face", "evs": {"hp": 81, "atk": 85, "def": 85, "spa": 85, "spd": 85, "spe": 85}, "ivs": {"hp": 31, "atk": 31, "def": 31, "spa": 31, "spd": 31, "spe": 31}, "item": "Sitrus Berry", "teraType": "Water", "role": "Setup Sweeper", "bvs": {"hp": 75, "atk": 80, "def": 110, "spa": 65, "spd": 90, "spe": 50}, "stats": {"hp": 274, "atk": 191, "def": 244, "spa": 165, "spd": 209, "spe": 138}}, "Azelf": {"name": "Azelf", "species": "Azelf", "speciesId": "azelf", "gender": "N", "shiny": false, "level": 82, "moves": ["dazzlinggleam", "psychic", "fireblast", "uturn"], "ability": "Levitate", "evs": {"hp": 85, "atk": 85, "def": 85, "spa": 85, "spd": 85, "spe": 85}, "ivs": {"hp": 31, "atk": 31, "def": 31, "spa": 31, "spd": 31, "spe": 31}, "item": "Choice Specs", "teraType": "Psychic", "role": "Fast Attacker", "bvs": {"hp": 75, "atk": 125, "def": 70, "spa": 125, "spd": 70, "spe": 115}, "stats": {"hp": 257, "atk": 252, "def": 162, "spa": 252, "spd": 162, "spe": 236}}, "Malamar": {"name": "Malamar", "species": "Malamar", "speciesId": "malamar", "gender": "F", "shiny": false, "level": 82, "moves": ["superpower", "rest", "psychocut", "knockoff"], "ability": "Contrary", "evs": {"hp": 85, "atk": 85, "def": 85, "spa": 85, "spd": 85, "spe": 85}, "ivs": {"hp": 31, "atk": 31, "def": 31, "spa": 31, "spd": 31, "spe": 31}, "item": "Chesto Berry", "teraType": "Poison", "role": "Fast Bulky Setup", "bvs": {"hp": 86, "atk": 92, "def": 88, "spa": 68, "spd": 75, "spe": 73}, "stats": {"hp": 275, "atk": 198, "def": 191, "spa": 159, "spd": 170, "spe": 167}}}, {"Empoleon": {"name": "Empoleon", "species": "Empoleon", "speciesId": "empoleon", "gender": "M", "shiny": false, "level": 84, "moves": ["knockoff", "surf", "roost", "icebeam"], "ability": "Competitive", "evs": {"hp": 85, "atk": 85, "def": 85, "spa": 85, "spd": 85, "spe": 85}, "ivs": {"hp": 31, "atk": 31, "def": 31, "spa": 31, "spd": 31, "spe": 31}, "item": "Leftovers", "teraType": "Grass", "role": "Bulky Support", "bvs": {"hp": 84, "atk": 86, "def": 88, "spa": 111, "spd": 101, "spe": 60}, "stats": {"hp": 278, "atk": 193, "def": 196, "spa": 235, "spd": 218, "spe": 149}}, "Scrafty": {"name": "Scrafty", "species": "Scrafty", "speciesId": "scrafty", "gender": "M", "shiny": false, "level": 83, "moves": ["dragondance", "poisonjab", "drainpunch", "knockoff"], "ability": "Intimidate", "evs": {"hp": 85, "atk": 85, "def": 85, "spa": 85, "spd": 85, "spe": 85}, "ivs": {"hp": 31, "atk": 31, "def": 31, "spa": 31, "spd": 31, "spe": 31}, "item": "Leftovers", "teraType": "Poison", "role": "Bulky Attacker", "bvs": {"hp": 65, "atk": 90, "def": 115, "spa": 45, "spd": 115, "spe": 58}, "stats": {"hp": 244, "atk": 197, "def": 239, "spa": 122, "spd": 239, "spe": 144}}, "Quagsire": {"name": "Quagsire", "species": "Quagsire", "speciesId": "quagsire", "gender": "M", "shiny": false, "level": 84, "moves": ["toxic", "recover", "earthquake", "icebeam"], "ability": "Unaware", "evs": {"hp": 85, "atk": 85, "def": 85, "spa": 85, "spd": 85, "spe": 85}, "ivs": {"hp": 31, "atk": 31, "def": 31, "spa": 31, "spd": 31, "spe": 31}, "item": "Leftovers", "teraType": "Steel", "role": "Bulky Support", "bvs": {"hp": 95, "atk": 85, "def": 85, "spa": 65, "spd": 65, "spe": 35}, "stats": {"hp": 297, "atk": 191, "def": 191, "spa": 157, "spd": 157, "spe": 107}}, "Meowscarada": {"name": "Meowscarada", "species": "Meowscarada", "speciesId": "meowscarada", "gender": "M", "shiny": false, "level": 78, "moves": ["uturn", "toxicspikes", "knockoff", "flowertrick"], "ability": "Protean", "evs": {"hp": 85, "atk": 85, "def": 85, "spa": 85, "spd": 85, "spe": 85}, "ivs": {"hp": 31, "atk": 31, "def": 31, "spa": 31, "spd": 31, "spe": 31}, "item": "Heavy-Duty Boots", "teraType": "Grass", "role": "Fast Support", "bvs": {"hp": 76, "atk": 110, "def": 70, "spa": 81, "spd": 70, "spe": 123}, "stats": {"hp": 247, "atk": 217, "def": 154, "spa": 171, "spd": 154, "spe": 237}}, "Oricorio": {"name": "Oricorio", "species": "Oricorio-Pa'u", "speciesId": "oricoriopau", "gender": "M", "shiny": false, "level": 87, "moves": ["hurricane", "revelationdance", "roost", "quiverdance"], "ability": "Dancer", "evs": {"hp": 85, "atk": 0, "def": 85, "spa": 85, "spd": 85, "spe": 85}, "ivs": {"hp": 31, "atk": 0, "def": 31, "spa": 31, "spd": 31, "spe": 31}, "item": "Heavy-Duty Boots", "teraType": "Fighting", "role": "Setup Sweeper", "bvs": {"hp": 75, "atk": 70, "def": 70, "spa": 98, "spd": 70, "spe": 93}, "stats": {"hp": 272, "atk": 126, "def": 172, "spa": 220, "spd": 172, "spe": 212}}, "Falinks": {"name": "Falinks", "species": "Falinks", "speciesId": "falinks", "gender": "N", "shiny": false, "level": 84, "moves": ["noretreat", "knockoff", "closecombat", "ironhead"], "ability": "Defiant", "evs": {"hp": 85, "atk": 85, "def": 85, "spa": 85, "spd": 85, "spe": 85}, "ivs": {"hp": 31, "atk": 31, "def": 31, "spa": 31, "spd": 31, "spe": 31}, "item": "Life Orb", "teraType": "Steel", "role": "Setup Sweeper", "bvs": {"hp": 65, "atk": 100, "def": 100, "spa": 70, "spd": 60, "spe": 75}, "stats": {"hp": 246, "atk": 216, "def": 216, "spa": 166, "spd": 149, "spe": 174}}}]}