{"id": "gen9randombattle-2631945440", "format": "[Gen 9] Random Battle", "players": ["antibeato", "MasterSlash001"], "log": "|j|\u2606antibeato\n|j|\u2606MasterSlash001\n|t:|1781458521\n|gametype|singles\n|player|p1|antibeato|170|2011\n|player|p2|MasterSlash001|volkner|2017\n|gen|9\n|tier|[Gen 9] Random Battle\n|rated|\n|rule|Species Clause: Limit one of each Pok\u00e9mon\n|rule|HP Percentage Mod: HP is shown in percentages\n|rule|Sleep Clause Mod: Limit one foe put to sleep\n|rule|Illusion Level Mod: Illusion disguises the Pok\u00e9mon's true level\n|\n|t:|1781458521\n|teamsize|p1|6\n|teamsize|p2|6\n|start\n|switch|p1a: Mightyena|Mightyena, L96, M|290/290\n|switch|p2a: Hariyama|Hariyama, L87, F|392/392\n|-ability|p1a: Mightyena|Intimidate|boost\n|-unboost|p2a: Hariyama|atk|1\n|turn|1\n|inactive|Battle timer is ON: inactive players will automatically lose when time's up. (requested by antibeato)\n|\n|t:|1781458532\n|switch|p1a: Hippowdon|Hippowdon, L82, F|311/311\n|-weather|Sandstorm|[from] ability: Sand Stream|[of] p1a: Hippowdon\n|move|p2a: Hariyama|Knock Off|p1a: Hippowdon\n|-damage|p1a: Hippowdon|261/311\n|-damage|p2a: Hariyama|327/392|[from] item: Rocky Helmet|[of] p1a: Hippowdon\n|-enditem|p1a: Hippowdon|Rocky Helmet|[from] move: Knock Off|[of] p2a: Hariyama\n|\n|-weather|Sandstorm|[upkeep]\n|-damage|p2a: Hariyama|303/392|[from] Sandstorm\n|upkeep\n|turn|2\n|\n|t:|1781458545\n|switch|p2a: Porygon2|Porygon2, L81|270/270\n|-ability|p2a: Porygon2|Download|boost\n|-boost|p2a: Porygon2|spa|1\n|move|p1a: Hippowdon|Stealth Rock|p2a: Porygon2\n|-sidestart|p2: MasterSlash001|move: Stealth Rock\n|\n|-weather|Sandstorm|[upkeep]\n|-damage|p2a: Porygon2|254/270|[from] Sandstorm\n|upkeep\n|turn|3\n|\n|t:|1781458558\n|move|p2a: Porygon2|Tera Blast|p1a: Hippowdon\n|-damage|p1a: Hippowdon|110/311\n|move|p1a: Hippowdon|Earthquake|p2a: Porygon2\n|-damage|p2a: Porygon2|181/270\n|\n|-weather|Sandstorm|[upkeep]\n|-damage|p2a: Porygon2|165/270|[from] Sandstorm\n|upkeep\n|turn|4\n|\n|t:|1781458565\n|move|p2a: Porygon2|Tera Blast|p1a: Hippowdon\n|-damage|p1a: Hippowdon|0 fnt\n|faint|p1a: Hippowdon\n|\n|-weather|Sandstorm|[upkeep]\n|-damage|p2a: Porygon2|149/270|[from] Sandstorm\n|upkeep\n|\n|t:|1781458569\n|switch|p1a: Bruxish|Bruxish, L85, F|254/254\n|turn|5\n|\n|t:|1781458574\n|move|p1a: Bruxish|Wave Crash|p2a: Porygon2\n|-damage|p2a: Porygon2|14/270\n|-damage|p1a: Bruxish|209/254|[from] Recoil\n|move|p2a: Porygon2|Thunder Wave|p1a: Bruxish\n|-status|p1a: Bruxish|par\n|\n|-weather|none\n|upkeep\n|turn|6\n|\n|t:|1781458581\n|move|p2a: Porygon2|Shadow Ball|p1a: Bruxish\n|-supereffective|p1a: Bruxish\n|-damage|p1a: Bruxish|0 fnt\n|faint|p1a: Bruxish\n|\n|upkeep\n|\n|t:|1781458591\n|switch|p1a: Eternatus|Eternatus, L69|308/308\n|-ability|p1a: Eternatus|Pressure\n|turn|7\n|\n|t:|1781458595\n|move|p1a: Eternatus|Meteor Beam||[still]\n|-prepare|p1a: Eternatus|Meteor Beam\n|-boost|p1a: Eternatus|spa|1\n|-enditem|p1a: Eternatus|Power Herb\n|-anim|p1a: Eternatus|Meteor Beam|p2a: Porygon2|[miss]\n|-miss|p1a: Eternatus|p2a: Porygon2\n|move|p2a: Porygon2|Thunder Wave|p1a: Eternatus\n|-status|p1a: Eternatus|par\n|\n|upkeep\n|turn|8\n|\n|t:|1781458603\n|move|p2a: Porygon2|Recover|p2a: Porygon2\n|-heal|p2a: Porygon2|149/270\n|cant|p1a: Eternatus|par\n|\n|upkeep\n|turn|9\n|\n|t:|1781458608\n|move|p2a: Porygon2|Recover|p2a: Porygon2\n|-heal|p2a: Porygon2|270/270\n|move|p1a: Eternatus|Dynamax Cannon|p2a: Porygon2\n|-damage|p2a: Porygon2|167/270\n|\n|upkeep\n|turn|10\n|\n|t:|1781458613\n|move|p2a: Porygon2|Tera Blast|p1a: Eternatus\n|-damage|p1a: Eternatus|169/308 par\n|move|p1a: Eternatus|Sludge Bomb|p2a: Porygon2\n|-damage|p2a: Porygon2|77/270\n|-status|p2a: Porygon2|psn\n|\n|-damage|p2a: Porygon2|44/270 psn|[from] psn\n|upkeep\n|turn|11\n|\n|t:|1781458621\n|move|p2a: Porygon2|Tera Blast|p1a: Eternatus\n|-damage|p1a: Eternatus|21/308 par\n|move|p1a: Eternatus|Sludge Bomb|p2a: Porygon2\n|-damage|p2a: Porygon2|0 fnt\n|faint|p2a: Porygon2\n|\n|upkeep\n|\n|t:|1781458627\n|switch|p2a: Sandslash|Sandslash, L89, F|278/278\n|-damage|p2a: Sandslash|261/278|[from] Stealth Rock\n|turn|12\n|\n|t:|1781458632\n|move|p2a: Sandslash|Rapid Spin|p1a: Eternatus\n|-damage|p1a: Eternatus|0 fnt\n|-boost|p2a: Sandslash|spe|1\n|-sideend|p2: MasterSlash001|Stealth Rock|[from] move: Rapid Spin|[of] p2a: Sandslash\n|faint|p1a: Eternatus\n|\n|-heal|p2a: Sandslash|278/278|[from] item: Leftovers\n|upkeep\n|\n|t:|1781458641\n|switch|p1a: Mightyena|Mightyena, L96, M|290/290\n|-ability|p1a: Mightyena|Intimidate|boost\n|-unboost|p2a: Sandslash|atk|1\n|turn|13\n|\n|t:|1781458647\n|switch|p2a: Hariyama|Hariyama, L87, F|303/392\n|move|p1a: Mightyena|Crunch|p2a: Hariyama\n|-resisted|p2a: Hariyama\n|-damage|p2a: Hariyama|210/392\n|\n|upkeep\n|turn|14\n|\n|t:|1781458653\n|switch|p1a: Cramorant|Cramorant, L86, F|261/261\n|move|p2a: Hariyama|Close Combat|p1a: Cramorant\n|-resisted|p1a: Cramorant\n|-damage|p1a: Cramorant|157/261\n|-unboost|p2a: Hariyama|def|1\n|-unboost|p2a: Hariyama|spd|1\n|\n|upkeep\n|turn|15\n|\n|t:|1781458668\n|move|p1a: Cramorant|Surf|p2a: Hariyama\n|-formechange|p1a: Cramorant|Cramorant-Gulping|\n|-damage|p2a: Hariyama|87/392\n|move|p2a: Hariyama|Knock Off|p1a: Cramorant\n|-damage|p1a: Cramorant|48/261\n|-damage|p2a: Hariyama|0 fnt|[from] ability: Gulp Missile|[of] p1a: Cramorant\n|-formechange|p1a: Cramorant|Cramorant|\n|faint|p2a: Hariyama\n|\n|upkeep\n|\n|t:|1781458693\n|switch|p2a: Ariados|Ariados, L95, M|287/287\n|turn|16\n|\n|t:|1781458699\n|-terastallize|p2a: Ariados|Ghost\n|move|p1a: Cramorant|Roost|p1a: Cramorant\n|-heal|p1a: Cramorant|179/261\n|-singleturn|p1a: Cramorant|move: Roost\n|move|p2a: Ariados|Poison Jab|p1a: Cramorant\n|-damage|p1a: Cramorant|29/261\n|-status|p1a: Cramorant|psn\n|\n|-damage|p1a: Cramorant|0 fnt|[from] psn\n|faint|p1a: Cramorant\n|upkeep\n|\n|t:|1781458708\n|switch|p1a: Mightyena|Mightyena, L96, M|290/290\n|-ability|p1a: Mightyena|Intimidate|boost\n|-unboost|p2a: Ariados|atk|1\n|turn|17\n|\n|t:|1781458713\n|move|p1a: Mightyena|Crunch|p2a: Ariados\n|-supereffective|p2a: Ariados\n|-damage|p2a: Ariados|0 fnt\n|faint|p2a: Ariados\n|\n|upkeep\n|\n|t:|1781458717\n|switch|p2a: Sandslash|Sandslash, L89, F|278/278\n|turn|18\n|\n|t:|1781458722\n|switch|p1a: Porygon2|Porygon2, L81|270/270\n|-ability|p1a: Porygon2|Download|boost\n|-boost|p1a: Porygon2|spa|1\n|move|p2a: Sandslash|Rapid Spin|p1a: Porygon2\n|-damage|p1a: Porygon2|240/270\n|-boost|p2a: Sandslash|spe|1\n|\n|upkeep\n|turn|19\n|\n|t:|1781458729\n|move|p2a: Sandslash|Knock Off|p1a: Porygon2\n|-damage|p1a: Porygon2|183/270\n|-enditem|p1a: Porygon2|Eviolite|[from] move: Knock Off|[of] p2a: Sandslash\n|move|p1a: Porygon2|Tera Blast|p2a: Sandslash\n|-damage|p2a: Sandslash|119/278\n|\n|-heal|p2a: Sandslash|136/278|[from] item: Leftovers\n|upkeep\n|turn|20\n|\n|t:|1781458738\n|move|p2a: Sandslash|Earthquake|p1a: Porygon2\n|-damage|p1a: Porygon2|68/270\n|move|p1a: Porygon2|Tera Blast|p2a: Sandslash\n|-damage|p2a: Sandslash|0 fnt\n|faint|p2a: Sandslash\n|\n|upkeep\n|\n|t:|1781458744\n|switch|p2a: Frosmoth|Frosmoth, L82, F|249/249\n|turn|21\n|\n|t:|1781458750\n|move|p2a: Frosmoth|Quiver Dance|p2a: Frosmoth\n|-boost|p2a: Frosmoth|spa|1\n|-boost|p2a: Frosmoth|spd|1\n|-boost|p2a: Frosmoth|spe|1\n|move|p1a: Porygon2|Thunder Wave|p2a: Frosmoth\n|-status|p2a: Frosmoth|par\n|\n|upkeep\n|turn|22\n|\n|t:|1781458757\n|switch|p1a: Mightyena|Mightyena, L96, M|290/290\n|-ability|p1a: Mightyena|Intimidate|boost\n|-unboost|p2a: Frosmoth|atk|1\n|cant|p2a: Frosmoth|par\n|\n|upkeep\n|turn|23\n|\n|t:|1781458767\n|-terastallize|p1a: Mightyena|Poison\n|move|p1a: Mightyena|Crunch|p2a: Frosmoth\n|-damage|p2a: Frosmoth|33/249 par\n|-unboost|p2a: Frosmoth|def|1\n|move|p2a: Frosmoth|Bug Buzz|p1a: Mightyena\n|-resisted|p1a: Mightyena\n|-damage|p1a: Mightyena|200/290\n|\n|upkeep\n|turn|24\n|\n|t:|1781458775\n|move|p1a: Mightyena|Crunch|p2a: Frosmoth\n|-damage|p2a: Frosmoth|0 fnt\n|faint|p2a: Frosmoth\n|\n|upkeep\n|\n|t:|1781458778\n|switch|p2a: Armarouge|Armarouge, L80, M|267/267\n|turn|25\n|\n|t:|1781458791\n|switch|p1a: Porygon2|Porygon2, L81|68/270\n|-ability|p1a: Porygon2|Download|boost\n|-boost|p1a: Porygon2|spa|1\n|move|p2a: Armarouge|Psyshock|p1a: Porygon2\n|-damage|p1a: Porygon2|0 fnt\n|faint|p1a: Porygon2\n|\n|upkeep\n|\n|t:|1781458795\n|switch|p1a: Mightyena|Mightyena, L96, M, tera:Poison|200/290\n|-ability|p1a: Mightyena|Intimidate|boost\n|-unboost|p2a: Armarouge|atk|1\n|turn|26\n|\n|t:|1781458802\n|move|p1a: Mightyena|Crunch|p2a: Armarouge\n|-supereffective|p2a: Armarouge\n|-damage|p2a: Armarouge|0 fnt\n|faint|p2a: Armarouge\n|\n|win|antibeato\n|raw|antibeato's rating: 2011 &rarr; <strong>2031</strong><br />(+20 for winning)\n|raw|MasterSlash001's rating: 2017 &rarr; <strong>1997</strong><br />(-20 for losing)\n", "inputlog": ">version a8376a258c1d4662feba110a92103f3664a72141\n>start {\"formatid\":\"gen9randombattle\",\"seed\":\"sodium,9d7c27abd37d6ee5bf2d87eaa624a096\",\"rated\":\"Rated battle\"}\n>player p1 {\"name\":\"antibeato\",\"avatar\":\"170\",\"rating\":2011,\"seed\":\"sodium,826a002cdbdb33be0135a9e0c8d69dfc\"}\n>player p2 {\"name\":\"MasterSlash001\",\"avatar\":\"volkner\",\"rating\":2017,\"seed\":\"sodium,b77ce066a65a64e6fd23423e65039195\"}\n>p1 switch 4\n>p2 move knockoff\n>p1 move stealthrock\n>p2 switch 3\n>p1 move earthquake\n>p2 move terablast\n>p1 move earthquake\n>p2 move terablast\n>p1 switch 5\n>p1 move wavecrash\n>p2 move thunderwave\n>p1 move wavecrash\n>p2 move shadowball\n>p1 switch 2\n>p1 move meteorbeam\n>p2 move thunderwave\n>p1 move sludgebomb\n>p2 move recover\n>p1 move dynamaxcannon\n>p2 move recover\n>p1 move sludgebomb\n>p2 move terablast\n>p1 move sludgebomb\n>p2 move terablast\n>p2 switch 6\n>p1 move sludgebomb\n>p2 move rapidspin\n>p1 switch 4\n>p1 move crunch\n>p2 switch 3\n>p1 switch 3\n>p2 move closecombat\n>p1 move surf\n>p2 move knockoff\n>p2 switch 4\n>p1 move roost\n>p2 move poisonjab terastallize\n>p1 switch 3\n>p1 move crunch\n>p2 move megahorn\n>p2 switch 3\n>p1 switch 6\n>p2 move rapidspin\n>p1 move terablast\n>p2 move knockoff\n>p1 move terablast\n>p2 move earthquake\n>p2 switch 5\n>p1 move thunderwave\n>p2 move quiverdance\n>p1 switch 6\n>p2 move quiverdance\n>p1 move crunch terastallize\n>p2 move bugbuzz\n>p1 move crunch\n>p2 move gigadrain\n>p2 switch 2\n>p1 switch 6\n>p2 move psyshock\n>p1 switch 6\n>p1 move crunch\n>p2 move psyshock", "uploadtime": 1781458522, "views": 5, "formatid": "gen9randombattle", "rating": 1997, "private": 0, "password": null, "player_dets": [{"name": "antibeato", "avatar": "170", "rating": 2011, "seed": "sodium,826a002cdbdb33be0135a9e0c8d69dfc"}, {"name": "MasterSlash001", "avatar": "volkner", "rating": 2017, "seed": "sodium,b77ce066a65a64e6fd23423e65039195"}], "teams_full": [{"Mightyena": {"name": "Mightyena", "species": "Mightyena", "speciesId": "mightyena", "gender": "M", "shiny": false, "level": 96, "moves": ["crunch", "suckerpunch", "poisonfang", "playrough"], "ability": "Intimidate", "evs": {"hp": 85, "atk": 85, "def": 85, "spa": 85, "spd": 85, "spe": 85}, "ivs": {"hp": 31, "atk": 31, "def": 31, "spa": 31, "spd": 31, "spe": 31}, "item": "Choice Band", "teraType": "Poison", "role": "Bulky Attacker", "bvs": {"hp": 70, "atk": 90, "def": 70, "spa": 60, "spd": 60, "spe": 70}, "stats": {"hp": 290, "atk": 227, "def": 189, "spa": 170, "spd": 170, "spe": 189}}, "Eternatus": {"name": "Eternatus", "species": "Eternatus", "speciesId": "eternatus", "gender": "N", "shiny": false, "level": 69, "moves": ["fireblast", "dynamaxcannon", "sludgebomb", "meteorbeam"], "ability": "Pressure", "evs": {"hp": 85, "atk": 0, "def": 85, "spa": 85, "spd": 85, "spe": 85}, "ivs": {"hp": 31, "atk": 0, "def": 31, "spa": 31, "spd": 31, "spe": 31}, "item": "Power Herb", "teraType": "Poison", "role": "Setup Sweeper", "bvs": {"hp": 140, "atk": 85, "def": 95, "spa": 145, "spd": 95, "spe": 130}, "stats": {"hp": 308, "atk": 122, "def": 171, "spa": 240, "spd": 171, "spe": 220}}, "Cramorant": {"name": "Cramorant", "species": "Cramorant", "speciesId": "cramorant", "gender": "F", "shiny": false, "level": 86, "moves": ["roost", "defog", "surf", "bravebird"], "ability": "Gulp Missile", "evs": {"hp": 85, "atk": 85, "def": 85, "spa": 85, "spd": 85, "spe": 85}, "ivs": {"hp": 31, "atk": 31, "def": 31, "spa": 31, "spd": 31, "spe": 31}, "item": "Heavy-Duty Boots", "teraType": "Ground", "role": "Bulky Support", "bvs": {"hp": 70, "atk": 85, "def": 55, "spa": 85, "spd": 95, "spe": 85}, "stats": {"hp": 261, "atk": 195, "def": 144, "spa": 195, "spd": 213, "spe": 195}}, "Hippowdon": {"name": "Hippowdon", "species": "Hippowdon", "speciesId": "hippowdon", "gender": "F", "shiny": false, "level": 82, "moves": ["stoneedge", "earthquake", "slackoff", "stealthrock"], "ability": "Sand Stream", "evs": {"hp": 85, "atk": 85, "def": 85, "spa": 85, "spd": 85, "spe": 85}, "ivs": {"hp": 31, "atk": 31, "def": 31, "spa": 31, "spd": 31, "spe": 31}, "item": "Rocky Helmet", "teraType": "Steel", "role": "Bulky Support", "bvs": {"hp": 108, "atk": 112, "def": 118, "spa": 68, "spd": 72, "spe": 47}, "stats": {"hp": 311, "atk": 231, "def": 241, "spa": 159, "spd": 165, "spe": 124}}, "Bruxish": {"name": "Bruxish", "species": "Bruxish", "speciesId": "bruxish", "gender": "F", "shiny": false, "level": 85, "moves": ["crunch", "icefang", "wavecrash", "psychicfangs"], "ability": "Strong Jaw", "evs": {"hp": 85, "atk": 85, "def": 85, "spa": 85, "spd": 85, "spe": 85}, "ivs": {"hp": 31, "atk": 31, "def": 31, "spa": 31, "spd": 31, "spe": 31}, "item": "Choice Band", "teraType": "Dark", "role": "Fast Attacker", "bvs": {"hp": 68, "atk": 105, "def": 70, "spa": 70, "spd": 70, "spe": 92}, "stats": {"hp": 254, "atk": 227, "def": 168, "spa": 168, "spd": 168, "spe": 205}}, "Porygon2": {"name": "Porygon2", "species": "Porygon2", "speciesId": "porygon2", "gender": "N", "shiny": false, "level": 81, "moves": ["recover", "thunderwave", "terablast", "shadowball"], "ability": "Download", "evs": {"hp": 85, "atk": 85, "def": 85, "spa": 85, "spd": 85, "spe": 85}, "ivs": {"hp": 31, "atk": 31, "def": 31, "spa": 31, "spd": 31, "spe": 31}, "item": "Eviolite", "teraType": "Fighting", "role": "Tera Blast user", "bvs": {"hp": 85, "atk": 80, "def": 90, "spa": 105, "spd": 95, "spe": 60}, "stats": {"hp": 270, "atk": 176, "def": 192, "spa": 217, "spd": 201, "spe": 144}}}, {"Hariyama": {"name": "Hariyama", "species": "Hariyama", "speciesId": "hariyama", "gender": "F", "shiny": false, "level": 87, "moves": ["headlongrush", "knockoff", "closecombat", "heavyslam"], "ability": "Thick Fat", "evs": {"hp": 85, "atk": 85, "def": 85, "spa": 85, "spd": 85, "spe": 85}, "ivs": {"hp": 31, "atk": 31, "def": 31, "spa": 31, "spd": 31, "spe": 31}, "item": "Assault Vest", "teraType": "Steel", "role": "AV Pivot", "bvs": {"hp": 144, "atk": 120, "def": 60, "spa": 40, "spd": 60, "spe": 50}, "stats": {"hp": 392, "atk": 259, "def": 154, "spa": 119, "spd": 154, "spe": 137}}, "Armarouge": {"name": "Armarouge", "species": "Armarouge", "speciesId": "armarouge", "gender": "M", "shiny": false, "level": 80, "moves": ["meteorbeam", "armorcannon", "psyshock", "energyball"], "ability": "Weak Armor", "evs": {"hp": 85, "atk": 0, "def": 85, "spa": 85, "spd": 85, "spe": 85}, "ivs": {"hp": 31, "atk": 0, "def": 31, "spa": 31, "spd": 31, "spe": 31}, "item": "Power Herb", "teraType": "Fire", "role": "Setup Sweeper", "bvs": {"hp": 85, "atk": 60, "def": 100, "spa": 125, "spd": 80, "spe": 75}, "stats": {"hp": 267, "atk": 101, "def": 206, "spa": 246, "spd": 174, "spe": 166}}, "Porygon2": {"name": "Porygon2", "species": "Porygon2", "speciesId": "porygon2", "gender": "N", "shiny": false, "level": 81, "moves": ["shadowball", "recover", "thunderwave", "terablast"], "ability": "Download", "evs": {"hp": 85, "atk": 85, "def": 85, "spa": 85, "spd": 85, "spe": 85}, "ivs": {"hp": 31, "atk": 31, "def": 31, "spa": 31, "spd": 31, "spe": 31}, "item": "Eviolite", "teraType": "Fairy", "role": "Tera Blast user", "bvs": {"hp": 85, "atk": 80, "def": 90, "spa": 105, "spd": 95, "spe": 60}, "stats": {"hp": 270, "atk": 176, "def": 192, "spa": 217, "spd": 201, "spe": 144}}, "Ariados": {"name": "Ariados", "species": "Ariados", "speciesId": "ariados", "gender": "M", "shiny": false, "level": 95, "moves": ["stickyweb", "toxicspikes", "poisonjab", "megahorn"], "ability": "Insomnia", "evs": {"hp": 85, "atk": 85, "def": 85, "spa": 85, "spd": 85, "spe": 85}, "ivs": {"hp": 31, "atk": 31, "def": 31, "spa": 31, "spd": 31, "spe": 31}, "item": "Heavy-Duty Boots", "teraType": "Ghost", "role": "Fast Support", "bvs": {"hp": 70, "atk": 90, "def": 70, "spa": 60, "spd": 70, "spe": 40}, "stats": {"hp": 287, "atk": 225, "def": 187, "spa": 168, "spd": 187, "spe": 130}}, "Frosmoth": {"name": "Frosmoth", "species": "Frosmoth", "speciesId": "frosmoth", "gender": "F", "shiny": false, "level": 82, "moves": ["icebeam", "quiverdance", "bugbuzz", "gigadrain"], "ability": "Ice Scales", "evs": {"hp": 85, "atk": 0, "def": 85, "spa": 85, "spd": 85, "spe": 85}, "ivs": {"hp": 31, "atk": 0, "def": 31, "spa": 31, "spd": 31, "spe": 31}, "item": "Heavy-Duty Boots", "teraType": "Water", "role": "Setup Sweeper", "bvs": {"hp": 70, "atk": 65, "def": 60, "spa": 125, "spd": 90, "spe": 65}, "stats": {"hp": 249, "atk": 111, "def": 146, "spa": 252, "spd": 195, "spe": 154}}, "Sandslash": {"name": "Sandslash", "species": "Sandslash", "speciesId": "sandslash", "gender": "F", "shiny": false, "level": 89, "moves": ["knockoff", "spikes", "earthquake", "rapidspin"], "ability": "Sand Rush", "evs": {"hp": 85, "atk": 85, "def": 85, "spa": 85, "spd": 85, "spe": 85}, "ivs": {"hp": 31, "atk": 31, "def": 31, "spa": 31, "spd": 31, "spe": 31}, "item": "Leftovers", "teraType": "Steel", "role": "Bulky Support", "bvs": {"hp": 75, "atk": 100, "def": 110, "spa": 45, "spd": 55, "spe": 65}, "stats": {"hp": 278, "atk": 229, "def": 247, "spa": 131, "spd": 149, "spe": 166}}}]}