{"id": "gen9randombattle-2631468998", "format": "[Gen 9] Random Battle", "players": ["Tarunda", "gnostechnician"], "log": "|j|\u2606Tarunda\n|j|\u2606gnostechnician\n|t:|1781388565\n|gametype|singles\n|player|p1|Tarunda|wallace|2016\n|player|p2|gnostechnician|burglar-gen1rb|2015\n|gen|9\n|tier|[Gen 9] Random Battle\n|rated|\n|rule|Species Clause: Limit one of each Pok\u00e9mon\n|rule|HP Percentage Mod: HP is shown in percentages\n|rule|Sleep Clause Mod: Limit one foe put to sleep\n|rule|Illusion Level Mod: Illusion disguises the Pok\u00e9mon's true level\n|\n|t:|1781388565\n|teamsize|p1|6\n|teamsize|p2|6\n|start\n|switch|p1a: Vikavolt|Vikavolt, L83, F|263/263\n|switch|p2a: Quagsire|Quagsire, L84, F|297/297\n|turn|1\n|inactive|Battle timer is ON: inactive players will automatically lose when time's up. (requested by Tarunda)\n|inactive|Tarunda has 120 seconds left.\n|\n|t:|1781388615\n|switch|p2a: Perrserker|Perrserker, L89, M|269/269\n|move|p1a: Vikavolt|Bug Buzz|p2a: Perrserker\n|-resisted|p2a: Perrserker\n|-damage|p2a: Perrserker|186/269\n|\n|upkeep\n|turn|2\n|inactive|Tarunda has 120 seconds left.\n|\n|t:|1781388647\n|move|p2a: Perrserker|Stealth Rock|p1a: Vikavolt\n|-sidestart|p1: Tarunda|move: Stealth Rock\n|move|p1a: Vikavolt|Sticky Web|p2a: Perrserker\n|-sidestart|p2: gnostechnician|move: Sticky Web\n|\n|upkeep\n|turn|3\n|\n|t:|1781388653\n|move|p2a: Perrserker|Knock Off|p1a: Vikavolt\n|-damage|p1a: Vikavolt|124/263\n|-enditem|p1a: Vikavolt|Heavy-Duty Boots|[from] move: Knock Off|[of] p2a: Perrserker\n|-damage|p2a: Perrserker|160/269|[from] item: Life Orb\n|move|p1a: Vikavolt|Discharge|p2a: Perrserker\n|-damage|p2a: Perrserker|21/269\n|-status|p2a: Perrserker|par\n|\n|upkeep\n|turn|4\n|\n|t:|1781388662\n|move|p1a: Vikavolt|Discharge|p2a: Perrserker\n|-damage|p2a: Perrserker|0 fnt\n|faint|p2a: Perrserker\n|\n|upkeep\n|\n|t:|1781388674\n|switch|p2a: Dodrio|Dodrio, L85, F|241/241\n|turn|5\n|\n|t:|1781388681\n|switch|p1a: Coalossal|Coalossal, L89, M|341/341\n|move|p2a: Dodrio|Brave Bird|p1a: Coalossal\n|-resisted|p1a: Coalossal\n|-damage|p1a: Coalossal|288/341\n|-status|p2a: Dodrio|brn|[from] ability: Flame Body|[of] p1a: Coalossal\n|-damage|p2a: Dodrio|224/241 brn|[from] Recoil\n|\n|-damage|p2a: Dodrio|209/241 brn|[from] brn\n|upkeep\n|turn|6\n|\n|t:|1781388692\n|move|p2a: Dodrio|Drill Run|p1a: Coalossal\n|-supereffective|p1a: Coalossal\n|-damage|p1a: Coalossal|186/341\n|move|p1a: Coalossal|Rapid Spin|p2a: Dodrio\n|-damage|p2a: Dodrio|171/241 brn\n|-boost|p1a: Coalossal|spe|1\n|-sideend|p1: Tarunda|Stealth Rock|[from] move: Rapid Spin|[of] p1a: Coalossal\n|\n|-damage|p2a: Dodrio|156/241 brn|[from] brn\n|upkeep\n|turn|7\n|\n|t:|1781388702\n|move|p2a: Dodrio|Drill Run|p1a: Coalossal\n|-supereffective|p1a: Coalossal\n|-damage|p1a: Coalossal|86/341\n|move|p1a: Coalossal|Stone Edge|p2a: Dodrio\n|-supereffective|p2a: Dodrio\n|-damage|p2a: Dodrio|0 fnt\n|faint|p2a: Dodrio\n|\n|upkeep\n|\n|t:|1781388716\n|switch|p2a: Galvantula|Galvantula, L82, F|249/249\n|turn|8\n|\n|t:|1781388725\n|move|p2a: Galvantula|Thunder|p1a: Coalossal|[miss]\n|-miss|p2a: Galvantula|p1a: Coalossal\n|move|p1a: Coalossal|Overheat|p2a: Galvantula\n|-supereffective|p2a: Galvantula\n|-damage|p2a: Galvantula|0 fnt\n|-unboost|p1a: Coalossal|spa|2\n|faint|p2a: Galvantula\n|\n|upkeep\n|\n|t:|1781388749\n|switch|p2a: Decidueye|Decidueye, L88, M|281/281\n|turn|9\n|\n|t:|1781388755\n|move|p2a: Decidueye|Leaf Storm|p1a: Coalossal\n|-damage|p1a: Coalossal|0 fnt\n|-unboost|p2a: Decidueye|spa|2\n|faint|p1a: Coalossal\n|\n|upkeep\n|inactive|Tarunda has 120 seconds left.\n|\n|t:|1781388786\n|switch|p1a: Pelipper|Pelipper, L86, F|243/243\n|-weather|RainDance|[from] ability: Drizzle|[of] p1a: Pelipper\n|turn|10\n|\n|t:|1781388798\n|switch|p2a: Dedenne|Dedenne, L88, M|261/261\n|-activate|p2a: Dedenne|move: Sticky Web\n|-unboost|p2a: Dedenne|spe|1\n|move|p1a: Pelipper|Knock Off|p2a: Dedenne\n|-resisted|p2a: Dedenne\n|-damage|p2a: Dedenne|234/261\n|-enditem|p2a: Dedenne|Sitrus Berry|[from] move: Knock Off|[of] p1a: Pelipper\n|\n|-weather|RainDance|[upkeep]\n|upkeep\n|turn|11\n|inactive|Tarunda has 120 seconds left.\n|\n|t:|1781388831\n|switch|p1a: Porygon-Z|Porygon-Z, L83|277/277\n|move|p2a: Dedenne|Thunderbolt|p1a: Porygon-Z\n|-damage|p1a: Porygon-Z|181/277\n|\n|-weather|RainDance|[upkeep]\n|upkeep\n|turn|12\n|\n|t:|1781388840\n|move|p1a: Porygon-Z|Tera Blast|p2a: Dedenne\n|-damage|p2a: Dedenne|18/261\n|-damage|p1a: Porygon-Z|154/277|[from] item: Life Orb\n|move|p2a: Dedenne|Nuzzle|p1a: Porygon-Z\n|-damage|p1a: Porygon-Z|135/277\n|-status|p1a: Porygon-Z|par\n|\n|-weather|RainDance|[upkeep]\n|upkeep\n|turn|13\n|inactive|Tarunda has 120 seconds left.\n|\n|t:|1781388852\n|move|p2a: Dedenne|Thunderbolt|p1a: Porygon-Z\n|-damage|p1a: Porygon-Z|39/277 par\n|move|p1a: Porygon-Z|Tera Blast|p2a: Dedenne\n|-damage|p2a: Dedenne|0 fnt\n|faint|p2a: Dedenne\n|-damage|p1a: Porygon-Z|12/277 par|[from] item: Life Orb\n|\n|-weather|RainDance|[upkeep]\n|upkeep\n|\n|t:|1781388857\n|switch|p2a: Decidueye|Decidueye, L88, M|281/281\n|turn|14\n|\n|t:|1781388865\n|move|p2a: Decidueye|U-turn|p1a: Porygon-Z\n|-damage|p1a: Porygon-Z|0 fnt\n|faint|p1a: Porygon-Z\n|\n|t:|1781388867\n|switch|p2a: Quagsire|Quagsire, L84, F|297/297|[from] U-turn\n|-activate|p2a: Quagsire|move: Sticky Web\n|-unboost|p2a: Quagsire|spe|1\n|\n|-weather|none\n|upkeep\n|\n|t:|1781388876\n|switch|p1a: Pelipper|Pelipper, L86, F|243/243\n|-weather|RainDance|[from] ability: Drizzle|[of] p1a: Pelipper\n|turn|15\n|\n|t:|1781388901\n|move|p1a: Pelipper|Hurricane|p2a: Quagsire\n|-damage|p2a: Quagsire|150/297\n|move|p2a: Quagsire|Recover|p2a: Quagsire\n|-heal|p2a: Quagsire|297/297\n|\n|-weather|RainDance|[upkeep]\n|upkeep\n|turn|16\n|\n|t:|1781388908\n|-terastallize|p1a: Pelipper|Water\n|move|p1a: Pelipper|Hydro Pump|p2a: Quagsire\n|-damage|p2a: Quagsire|0 fnt\n|faint|p2a: Quagsire\n|\n|-weather|RainDance|[upkeep]\n|upkeep\n|\n|t:|1781388912\n|switch|p2a: Decidueye|Decidueye, L88, M|281/281\n|turn|17\n|\n|t:|1781388920\n|switch|p1a: Vikavolt|Vikavolt, L83, F|124/263\n|move|p2a: Decidueye|Leaf Storm|p1a: Vikavolt\n|-resisted|p1a: Vikavolt\n|-damage|p1a: Vikavolt|30/263\n|-unboost|p2a: Decidueye|spa|2\n|\n|-weather|RainDance|[upkeep]\n|upkeep\n|turn|18\n|\n|t:|1781388927\n|move|p2a: Decidueye|Spirit Shackle|p1a: Vikavolt\n|-damage|p1a: Vikavolt|0 fnt\n|faint|p1a: Vikavolt\n|\n|-weather|RainDance|[upkeep]\n|upkeep\n|\n|t:|1781388936\n|switch|p1a: Flamigo|Flamigo, L82, M|269/269\n|turn|19\n|\n|t:|1781388942\n|move|p1a: Flamigo|Brave Bird|p2a: Decidueye\n|-supereffective|p2a: Decidueye\n|-damage|p2a: Decidueye|0 fnt\n|faint|p2a: Decidueye\n|-damage|p1a: Flamigo|176/269|[from] Recoil\n|-damage|p1a: Flamigo|150/269|[from] item: Life Orb\n|\n|win|Tarunda\n", "inputlog": ">version a8376a258c1d4662feba110a92103f3664a72141\n>start {\"formatid\":\"gen9randombattle\",\"seed\":\"sodium,471c24deab1b690f7c1823b3e3005b1a\",\"rated\":\"Rated battle\"}\n>player p1 {\"name\":\"Tarunda\",\"avatar\":\"wallace\",\"rating\":2016,\"seed\":\"sodium,7e20c6e3dcab2f4b5b55e81c05d190b5\"}\n>player p2 {\"name\":\"gnostechnician\",\"avatar\":\"burglar-gen1rb\",\"rating\":2015,\"seed\":\"sodium,465fcae9859f52836c1249813db3b5b2\"}\n>p1 move bugbuzz\n>p2 switch 2\n>p1 move stickyweb\n>p2 move stealthrock\n>p1 move discharge\n>p2 move knockoff\n>p1 move discharge\n>p2 move knockoff\n>p2 switch 3\n>p1 switch 2\n>p2 move bravebird\n>p1 move rapidspin\n>p2 move drillrun\n>p1 move stoneedge\n>p2 move drillrun\n>p2 switch 4\n>p1 move overheat\n>p2 move thunder\n>p2 switch 5\n>p1 move willowisp\n>p2 move leafstorm\n>p1 switch 4\n>p1 move knockoff\n>p2 switch 6\n>p1 switch 6\n>p2 move thunderbolt\n>p1 move terablast\n>p2 move nuzzle\n>p1 move terablast\n>p2 move thunderbolt\n>p2 switch 6\n>p1 move shadowball\n>p2 move uturn\n>p2 switch 2\n>p1 switch 6\n>p1 move hurricane\n>p2 move recover\n>p1 move hydropump terastallize\n>p2 move recover\n>p2 switch 2\n>p1 switch 2\n>p2 move leafstorm\n>p1 move bugbuzz\n>p2 move spiritshackle\n>p1 switch 5\n>p1 move bravebird\n>p2 move spiritshackle", "uploadtime": 1781388568, "views": 5, "formatid": "gen9randombattle", "rating": null, "private": 0, "password": null, "player_dets": [{"name": "Tarunda", "avatar": "wallace", "rating": 2016, "seed": "sodium,7e20c6e3dcab2f4b5b55e81c05d190b5"}, {"name": "gnostechnician", "avatar": "burglar-gen1rb", "rating": 2015, "seed": "sodium,465fcae9859f52836c1249813db3b5b2"}], "teams_full": [{"Vikavolt": {"name": "Vikavolt", "species": "Vikavolt", "speciesId": "vikavolt", "gender": "F", "shiny": false, "level": 83, "moves": ["stickyweb", "discharge", "bugbuzz", "voltswitch"], "ability": "Levitate", "evs": {"hp": 85, "atk": 0, "def": 85, "spa": 85, "spd": 85, "spe": 85}, "ivs": {"hp": 31, "atk": 0, "def": 31, "spa": 31, "spd": 31, "spe": 31}, "item": "Heavy-Duty Boots", "teraType": "Electric", "role": "Bulky Support", "bvs": {"hp": 77, "atk": 70, "def": 90, "spa": 145, "spd": 75, "spe": 43}, "stats": {"hp": 263, "atk": 121, "def": 197, "spa": 288, "spd": 172, "spe": 119}, "types": ["Bug", "Electric"]}, "Coalossal": {"name": "Coalossal", "species": "Coalossal", "speciesId": "coalossal", "gender": "M", "shiny": false, "level": 89, "moves": ["stoneedge", "willowisp", "rapidspin", "overheat"], "ability": "Flame Body", "evs": {"hp": 85, "atk": 85, "def": 85, "spa": 85, "spd": 85, "spe": 85}, "ivs": {"hp": 31, "atk": 31, "def": 31, "spa": 31, "spd": 31, "spe": 31}, "item": "Heavy-Duty Boots", "teraType": "Water", "role": "Bulky Support", "bvs": {"hp": 110, "atk": 80, "def": 120, "spa": 80, "spd": 90, "spe": 30}, "stats": {"hp": 341, "atk": 193, "def": 264, "spa": 193, "spd": 211, "spe": 104}, "types": ["Rock", "Fire"]}, "Inteleon": {"name": "Inteleon", "species": "Inteleon", "speciesId": "inteleon", "gender": "F", "shiny": false, "level": 81, "moves": ["scald", "uturn", "hydropump", "icebeam"], "ability": "Torrent", "evs": {"hp": 85, "atk": 85, "def": 85, "spa": 85, "spd": 85, "spe": 85}, "ivs": {"hp": 31, "atk": 31, "def": 31, "spa": 31, "spd": 31, "spe": 31}, "item": "Choice Specs", "teraType": "Water", "role": "Wallbreaker", "bvs": {"hp": 70, "atk": 85, "def": 65, "spa": 125, "spd": 65, "spe": 120}, "stats": {"hp": 246, "atk": 184, "def": 152, "spa": 249, "spd": 152, "spe": 241}, "types": ["Water"]}, "Pelipper": {"name": "Pelipper", "species": "Pelipper", "speciesId": "pelipper", "gender": "F", "shiny": false, "level": 86, "moves": ["roost", "hurricane", "knockoff", "hydropump"], "ability": "Drizzle", "evs": {"hp": 85, "atk": 85, "def": 85, "spa": 85, "spd": 85, "spe": 85}, "ivs": {"hp": 31, "atk": 31, "def": 31, "spa": 31, "spd": 31, "spe": 31}, "item": "Heavy-Duty Boots", "teraType": "Water", "role": "Bulky Attacker", "bvs": {"hp": 60, "atk": 50, "def": 100, "spa": 95, "spd": 70, "spe": 65}, "stats": {"hp": 243, "atk": 135, "def": 221, "spa": 213, "spd": 170, "spe": 161}, "types": ["Water", "Flying"]}, "Flamigo": {"name": "Flamigo", "species": "Flamigo", "speciesId": "flamigo", "gender": "M", "shiny": false, "level": 82, "moves": ["bravebird", "swordsdance", "roost", "closecombat"], "ability": "Scrappy", "evs": {"hp": 85, "atk": 85, "def": 85, "spa": 85, "spd": 85, "spe": 85}, "ivs": {"hp": 31, "atk": 31, "def": 31, "spa": 31, "spd": 31, "spe": 31}, "item": "Life Orb", "teraType": "Steel", "role": "Setup Sweeper", "bvs": {"hp": 82, "atk": 115, "def": 74, "spa": 75, "spd": 64, "spe": 90}, "stats": {"hp": 269, "atk": 236, "def": 169, "spa": 170, "spd": 152, "spe": 195}, "types": ["Flying", "Fighting"]}, "Porygon-Z": {"name": "Porygon-Z", "species": "Porygon-Z", "speciesId": "porygonz", "gender": "N", "shiny": false, "level": 83, "moves": ["agility", "terablast", "nastyplot", "shadowball"], "ability": "Adaptability", "evs": {"hp": 85, "atk": 0, "def": 85, "spa": 85, "spd": 85, "spe": 85}, "ivs": {"hp": 31, "atk": 0, "def": 31, "spa": 31, "spd": 31, "spe": 31}, "item": "Life Orb", "teraType": "Fighting", "role": "Tera Blast user", "bvs": {"hp": 85, "atk": 80, "def": 70, "spa": 135, "spd": 75, "spe": 90}, "stats": {"hp": 277, "atk": 137, "def": 164, "spa": 272, "spd": 172, "spe": 197}, "types": ["Normal"]}}, {"Quagsire": {"name": "Quagsire", "species": "Quagsire", "speciesId": "quagsire", "gender": "F", "shiny": false, "level": 84, "moves": ["icebeam", "toxic", "earthquake", "recover"], "ability": "Unaware", "evs": {"hp": 85, "atk": 85, "def": 85, "spa": 85, "spd": 85, "spe": 85}, "ivs": {"hp": 31, "atk": 31, "def": 31, "spa": 31, "spd": 31, "spe": 31}, "item": "Leftovers", "teraType": "Steel", "role": "Bulky Support", "bvs": {"hp": 95, "atk": 85, "def": 85, "spa": 65, "spd": 65, "spe": 35}, "stats": {"hp": 297, "atk": 191, "def": 191, "spa": 157, "spd": 157, "spe": 107}, "types": ["Water", "Ground"]}, "Perrserker": {"name": "Perrserker", "species": "Perrserker", "speciesId": "perrserker", "gender": "M", "shiny": false, "level": 89, "moves": ["stealthrock", "closecombat", "knockoff", "ironhead"], "ability": "Tough Claws", "evs": {"hp": 85, "atk": 85, "def": 85, "spa": 85, "spd": 85, "spe": 85}, "ivs": {"hp": 31, "atk": 31, "def": 31, "spa": 31, "spd": 31, "spe": 31}, "item": "Life Orb", "teraType": "Fighting", "role": "Fast Attacker", "bvs": {"hp": 70, "atk": 110, "def": 100, "spa": 50, "spd": 60, "spe": 50}, "stats": {"hp": 269, "atk": 247, "def": 229, "spa": 140, "spd": 158, "spe": 140}, "types": ["Steel"]}, "Dodrio": {"name": "Dodrio", "species": "Dodrio", "speciesId": "dodrio", "gender": "F", "shiny": false, "level": 85, "moves": ["swordsdance", "drillrun", "bravebird", "knockoff"], "ability": "Early Bird", "evs": {"hp": 85, "atk": 85, "def": 85, "spa": 85, "spd": 85, "spe": 85}, "ivs": {"hp": 31, "atk": 31, "def": 31, "spa": 31, "spd": 31, "spe": 31}, "item": "Heavy-Duty Boots", "teraType": "Flying", "role": "Setup Sweeper", "bvs": {"hp": 60, "atk": 110, "def": 70, "spa": 60, "spd": 60, "spe": 110}, "stats": {"hp": 241, "atk": 236, "def": 168, "spa": 151, "spd": 151, "spe": 236}, "types": ["Normal", "Flying"]}, "Galvantula": {"name": "Galvantula", "species": "Galvantula", "speciesId": "galvantula", "gender": "F", "shiny": false, "level": 82, "moves": ["bugbuzz", "stickyweb", "thunder", "energyball"], "ability": "Compound Eyes", "evs": {"hp": 85, "atk": 0, "def": 85, "spa": 85, "spd": 85, "spe": 85}, "ivs": {"hp": 31, "atk": 0, "def": 31, "spa": 31, "spd": 31, "spe": 31}, "item": "Heavy-Duty Boots", "teraType": "Electric", "role": "Fast Support", "bvs": {"hp": 70, "atk": 77, "def": 60, "spa": 97, "spd": 60, "spe": 108}, "stats": {"hp": 249, "atk": 131, "def": 146, "spa": 206, "spd": 146, "spe": 224}, "types": ["Bug", "Electric"]}, "Decidueye": {"name": "Decidueye", "species": "Decidueye", "speciesId": "decidueye", "gender": "M", "shiny": false, "level": 88, "moves": ["roost", "uturn", "spiritshackle", "leafstorm"], "ability": "Overgrow", "evs": {"hp": 85, "atk": 85, "def": 85, "spa": 85, "spd": 85, "spe": 85}, "ivs": {"hp": 31, "atk": 31, "def": 31, "spa": 31, "spd": 31, "spe": 31}, "item": "Heavy-Duty Boots", "teraType": "Grass", "role": "Fast Support", "bvs": {"hp": 78, "atk": 107, "def": 75, "spa": 100, "spd": 100, "spe": 70}, "stats": {"hp": 281, "atk": 239, "def": 182, "spa": 226, "spd": 226, "spe": 173}, "types": ["Grass", "Ghost"]}, "Dedenne": {"name": "Dedenne", "species": "Dedenne", "speciesId": "dedenne", "gender": "M", "shiny": false, "level": 88, "moves": ["superfang", "thunderbolt", "nuzzle", "dazzlinggleam"], "ability": "Cheek Pouch", "evs": {"hp": 85, "atk": 85, "def": 85, "spa": 85, "spd": 85, "spe": 85}, "ivs": {"hp": 31, "atk": 31, "def": 31, "spa": 31, "spd": 31, "spe": 31}, "item": "Sitrus Berry", "teraType": "Flying", "role": "Fast Support", "bvs": {"hp": 67, "atk": 58, "def": 57, "spa": 81, "spd": 67, "spe": 101}, "stats": {"hp": 261, "atk": 152, "def": 151, "spa": 193, "spd": 168, "spe": 228}, "types": ["Electric", "Fairy"]}}]}