{"id": "gen9randombattle-2631704717", "format": "[Gen 9] Random Battle", "players": ["Red Skies", "bimiuchiratnhieu"], "log": "|j|\u2606Red Skies\n|j|\u2606bimiuchiratnhieu\n|t:|1781425272\n|gametype|singles\n|player|p1|Red Skies|n|2131\n|player|p2|bimiuchiratnhieu|hilda|2098\n|gen|9\n|tier|[Gen 9] Random Battle\n|rated|\n|rule|Species Clause: Limit one of each Pok\u00e9mon\n|rule|HP Percentage Mod: HP is shown in percentages\n|rule|Sleep Clause Mod: Limit one foe put to sleep\n|rule|Illusion Level Mod: Illusion disguises the Pok\u00e9mon's true level\n|\n|t:|1781425272\n|teamsize|p1|6\n|teamsize|p2|6\n|start\n|switch|p1a: Galvantula|Galvantula, L82, M|249/249\n|switch|p2a: Dragonite|Dragonite, L74, F|257/257\n|turn|1\n|inactive|Battle timer is ON: inactive players will automatically lose when time's up. (requested by bimiuchiratnhieu)\n|\n|t:|1781425301\n|move|p1a: Galvantula|Thunder|p2a: Dragonite\n|-damage|p2a: Dragonite|203/257\n|move|p2a: Dragonite|Dragon Dance|p2a: Dragonite\n|-boost|p2a: Dragonite|atk|1\n|-boost|p2a: Dragonite|spe|1\n|\n|upkeep\n|turn|2\n|\n|t:|1781425314\n|move|p2a: Dragonite|Earthquake|p1a: Galvantula\n|-damage|p1a: Galvantula|107/249\n|move|p1a: Galvantula|Volt Switch|p2a: Dragonite\n|-damage|p2a: Dragonite|131/257\n|\n|t:|1781425325\n|switch|p1a: Pyroar|Pyroar, L88, F|295/295|[from] Volt Switch\n|-ability|p1a: Pyroar|Unnerve\n|\n|upkeep\n|turn|3\n|\n|t:|1781425329\n|move|p2a: Dragonite|Earthquake|p1a: Pyroar\n|-supereffective|p1a: Pyroar\n|-damage|p1a: Pyroar|45/295\n|move|p1a: Pyroar|Hyper Voice|p2a: Dragonite\n|-damage|p2a: Dragonite|13/257\n|\n|upkeep\n|turn|4\n|\n|t:|1781425336\n|switch|p1a: Eelektross|Eelektross, L87, M|290/290\n|move|p2a: Dragonite|Earthquake|p1a: Eelektross\n|-immune|p1a: Eelektross|[from] ability: Levitate\n|\n|upkeep\n|turn|5\n|\n|t:|1781425342\n|move|p2a: Dragonite|Outrage|p1a: Eelektross\n|-damage|p1a: Eelektross|79/290\n|move|p1a: Eelektross|Supercell Slam|p2a: Dragonite\n|-damage|p2a: Dragonite|0 fnt\n|faint|p2a: Dragonite\n|\n|-heal|p1a: Eelektross|97/290|[from] item: Leftovers\n|upkeep\n|\n|t:|1781425361\n|switch|p2a: Lanturn|Lanturn, L89, F|367/367\n|turn|6\n|\n|t:|1781425368\n|move|p2a: Lanturn|Scald|p1a: Eelektross\n|-damage|p1a: Eelektross|12/290\n|-status|p1a: Eelektross|brn\n|move|p1a: Eelektross|Drain Punch|p2a: Lanturn\n|-damage|p2a: Lanturn|323/367\n|-heal|p1a: Eelektross|34/290 brn|[from] drain|[of] p2a: Lanturn\n|\n|-heal|p2a: Lanturn|345/367|[from] item: Leftovers\n|-heal|p1a: Eelektross|52/290 brn|[from] item: Leftovers\n|-damage|p1a: Eelektross|34/290 brn|[from] brn\n|upkeep\n|turn|7\n|\n|t:|1781425373\n|move|p2a: Lanturn|Scald|p1a: Eelektross\n|-damage|p1a: Eelektross|0 fnt\n|faint|p1a: Eelektross\n|\n|-heal|p2a: Lanturn|367/367|[from] item: Leftovers\n|upkeep\n|\n|t:|1781425381\n|switch|p1a: Galvantula|Galvantula, L82, M|107/249\n|turn|8\n|\n|t:|1781425386\n|move|p1a: Galvantula|Sticky Web|p2a: Lanturn\n|-sidestart|p2: bimiuchiratnhieu|move: Sticky Web\n|move|p2a: Lanturn|Scald|p1a: Galvantula\n|-damage|p1a: Galvantula|8/249\n|-status|p1a: Galvantula|brn\n|\n|-damage|p1a: Galvantula|0 fnt|[from] brn\n|faint|p1a: Galvantula\n|upkeep\n|\n|t:|1781425389\n|switch|p1a: Goodra|Goodra, L85, F|292/292\n|turn|9\n|\n|t:|1781425393\n|move|p1a: Goodra|Earthquake|p2a: Lanturn\n|-supereffective|p2a: Lanturn\n|-crit|p2a: Lanturn\n|-damage|p2a: Lanturn|71/367\n|move|p2a: Lanturn|Thunder Wave|p1a: Goodra\n|-status|p1a: Goodra|par\n|\n|-heal|p2a: Lanturn|93/367|[from] item: Leftovers\n|upkeep\n|turn|10\n|\n|t:|1781425401\n|move|p2a: Lanturn|Ice Beam|p1a: Goodra\n|-supereffective|p1a: Goodra\n|-damage|p1a: Goodra|242/292 par\n|cant|p1a: Goodra|par\n|\n|-heal|p2a: Lanturn|115/367|[from] item: Leftovers\n|upkeep\n|turn|11\n|\n|t:|1781425406\n|move|p2a: Lanturn|Ice Beam|p1a: Goodra\n|-supereffective|p1a: Goodra\n|-damage|p1a: Goodra|186/292 par\n|cant|p1a: Goodra|par\n|\n|-heal|p2a: Lanturn|137/367|[from] item: Leftovers\n|upkeep\n|turn|12\n|\n|t:|1781425410\n|move|p2a: Lanturn|Ice Beam|p1a: Goodra\n|-supereffective|p1a: Goodra\n|-damage|p1a: Goodra|130/292 par\n|move|p1a: Goodra|Earthquake|p2a: Lanturn\n|-supereffective|p2a: Lanturn\n|-damage|p2a: Lanturn|0 fnt\n|faint|p2a: Lanturn\n|\n|upkeep\n|\n|t:|1781425415\n|switch|p2a: Furret|Furret, L94, F|312/312\n|-activate|p2a: Furret|move: Sticky Web\n|-unboost|p2a: Furret|spe|1\n|-item|p1a: Goodra|Assault Vest|[from] ability: Frisk|[of] p2a: Furret\n|turn|13\n|\n|t:|1781425425\n|move|p2a: Furret|Tidy Up|p2a: Furret\n|-sideend|p2: bimiuchiratnhieu|Sticky Web\n|-activate|p2a: Furret|move: Tidy Up\n|-boost|p2a: Furret|atk|1\n|-boost|p2a: Furret|spe|1\n|cant|p1a: Goodra|par\n|\n|upkeep\n|turn|14\n|\n|t:|1781425435\n|move|p2a: Furret|Tidy Up|p2a: Furret\n|-boost|p2a: Furret|atk|1\n|-boost|p2a: Furret|spe|1\n|move|p1a: Goodra|Dragon Tail|p2a: Furret\n|-damage|p2a: Furret|231/312\n|drag|p2a: Baxcalibur|Baxcalibur, L75, M|295/295\n|\n|upkeep\n|turn|15\n|\n|t:|1781425443\n|move|p2a: Baxcalibur|Scale Shot|p1a: Goodra\n|-supereffective|p1a: Goodra\n|-damage|p1a: Goodra|62/292 par\n|-supereffective|p1a: Goodra\n|-damage|p1a: Goodra|0 fnt\n|faint|p1a: Goodra\n|-hitcount|p1: Goodra|2\n|-unboost|p2a: Baxcalibur|def|1\n|-boost|p2a: Baxcalibur|spe|1\n|\n|upkeep\n|\n|t:|1781425457\n|switch|p1a: Barraskewda|Barraskewda, L81, F|231/231\n|turn|16\n|\n|t:|1781425470\n|switch|p2a: Furret|Furret, L94, F|231/312\n|-item|p1a: Barraskewda|Choice Band|[from] ability: Frisk|[of] p2a: Furret\n|move|p1a: Barraskewda|Close Combat|p2a: Furret\n|-supereffective|p2a: Furret\n|-damage|p2a: Furret|0 fnt\n|-unboost|p1a: Barraskewda|def|1\n|-unboost|p1a: Barraskewda|spd|1\n|faint|p2a: Furret\n|\n|upkeep\n|\n|t:|1781425495\n|switch|p2a: Pikachu|Pikachu-Partner, L93, M|216/216\n|turn|17\n|\n|t:|1781425500\n|-terastallize|p1a: Barraskewda|Fighting\n|move|p1a: Barraskewda|Close Combat|p2a: Pikachu\n|-damage|p2a: Pikachu|0 fnt\n|-unboost|p1a: Barraskewda|def|1\n|-unboost|p1a: Barraskewda|spd|1\n|faint|p2a: Pikachu\n|\n|upkeep\n|\n|t:|1781425514\n|switch|p2a: Baxcalibur|Baxcalibur, L75, M|295/295\n|turn|18\n|\n|t:|1781425522\n|switch|p1a: Pyroar|Pyroar, L88, F|45/295\n|-ability|p1a: Pyroar|Unnerve\n|-terastallize|p2a: Baxcalibur|Dragon\n|move|p2a: Baxcalibur|Scale Shot|p1a: Pyroar\n|-damage|p1a: Pyroar|1/295\n|-damage|p1a: Pyroar|0 fnt\n|faint|p1a: Pyroar\n|-hitcount|p1: Pyroar|2\n|-unboost|p2a: Baxcalibur|def|1\n|-boost|p2a: Baxcalibur|spe|1\n|\n|upkeep\n|\n|t:|1781425539\n|switch|p1a: Hitmonchan|Hitmonchan, L87, M|229/229\n|turn|19\n|\n|t:|1781425544\n|switch|p2a: Sudowoodo|Sudowoodo, L94, M|284/284\n|move|p1a: Hitmonchan|Ice Punch|p2a: Sudowoodo\n|-crit|p2a: Sudowoodo\n|-damage|p2a: Sudowoodo|179/284\n|-damage|p1a: Hitmonchan|207/229|[from] item: Life Orb\n|\n|-heal|p2a: Sudowoodo|196/284|[from] item: Leftovers\n|upkeep\n|turn|20\n|\n|t:|1781425555\n|move|p1a: Hitmonchan|Drain Punch|p2a: Sudowoodo\n|-supereffective|p2a: Sudowoodo\n|-damage|p2a: Sudowoodo|0 fnt\n|-heal|p1a: Hitmonchan|229/229|[from] drain|[of] p2a: Sudowoodo\n|faint|p2a: Sudowoodo\n|-damage|p1a: Hitmonchan|207/229|[from] item: Life Orb\n|\n|upkeep\n|\n|t:|1781425558\n|switch|p2a: Baxcalibur|Baxcalibur, L75, M, tera:Dragon|295/295\n|turn|21\n|\n|t:|1781425573\n|move|p1a: Hitmonchan|Ice Punch|p2a: Baxcalibur\n|-supereffective|p2a: Baxcalibur\n|-crit|p2a: Baxcalibur\n|-damage|p2a: Baxcalibur|0 fnt\n|faint|p2a: Baxcalibur\n|-damage|p1a: Hitmonchan|185/229|[from] item: Life Orb\n|\n|win|Red Skies\n|raw|Red Skies's rating: 2131 &rarr; <strong>2149</strong><br />(+18 for winning)\n|raw|bimiuchiratnhieu's rating: 2098 &rarr; <strong>2080</strong><br />(-18 for losing)\n", "inputlog": ">version a8376a258c1d4662feba110a92103f3664a72141\n>start {\"formatid\":\"gen9randombattle\",\"seed\":\"sodium,04d10e5cef1b1c005907bf27b9fe790d\",\"rated\":\"Rated battle\"}\n>player p1 {\"name\":\"Red Skies\",\"avatar\":\"n\",\"rating\":2131,\"seed\":\"sodium,622f58b5e3244de6b48c322ec7115370\"}\n>player p2 {\"name\":\"bimiuchiratnhieu\",\"avatar\":\"hilda\",\"rating\":2098,\"seed\":\"sodium,3577c5d5cbaedce78749055f668eae97\"}\n>p1 move thunder\n>p2 move dragondance\n>p1 move voltswitch\n>p2 move earthquake\n>p1 switch 3\n>p1 move hypervoice\n>p2 move earthquake\n>p1 switch 5\n>p2 move earthquake\n>p1 move supercellslam\n>p2 move outrage\n>p2 switch 2\n>p1 move drainpunch\n>p2 move scald\n>p1 move drainpunch\n>p2 move scald\n>p1 switch 3\n>p1 move stickyweb\n>p2 move scald\n>p1 switch 6\n>p1 move earthquake\n>p2 move thunderwave\n>p1 move dragontail\n>p2 move icebeam\n>p1 move earthquake\n>p2 move icebeam\n>p1 move earthquake\n>p2 move icebeam\n>p2 switch 5\n>p1 move dragontail\n>p2 move tidyup\n>p1 move dragontail\n>p2 move tidyup\n>p1 move dracometeor\n>p2 move scaleshot\n>p1 switch 2\n>p1 move closecombat\n>p2 switch 6\n>p2 switch 3\n>p1 move closecombat terastallize\n>p2 move voltswitch\n>p2 switch 6\n>p1 switch 5\n>p2 move scaleshot terastallize\n>p1 switch 4\n>p1 move icepunch\n>p2 switch 4\n>p1 move drainpunch\n>p2 move woodhammer\n>p2 switch 4\n>p1 move icepunch\n>p2 move swordsdance", "uploadtime": 1781425275, "views": 6, "formatid": "gen9randombattle", "rating": 2080, "private": 0, "password": null, "player_dets": [{"name": "Red Skies", "avatar": "n", "rating": 2131, "seed": "sodium,622f58b5e3244de6b48c322ec7115370"}, {"name": "bimiuchiratnhieu", "avatar": "hilda", "rating": 2098, "seed": "sodium,3577c5d5cbaedce78749055f668eae97"}], "teams_full": [{"Galvantula": {"name": "Galvantula", "species": "Galvantula", "speciesId": "galvantula", "gender": "M", "shiny": false, "level": 82, "moves": ["voltswitch", "bugbuzz", "stickyweb", "thunder"], "ability": "Compound Eyes", "evs": {"hp": 85, "atk": 0, "def": 85, "spa": 85, "spd": 85, "spe": 85}, "ivs": {"hp": 31, "atk": 0, "def": 31, "spa": 31, "spd": 31, "spe": 31}, "item": "Focus Sash", "teraType": "Electric", "role": "Fast Support", "bvs": {"hp": 70, "atk": 77, "def": 60, "spa": 97, "spd": 60, "spe": 108}, "stats": {"hp": 249, "atk": 131, "def": 146, "spa": 206, "spd": 146, "spe": 224}, "types": ["Bug", "Electric"]}, "Barraskewda": {"name": "Barraskewda", "species": "Barraskewda", "speciesId": "barraskewda", "gender": "F", "shiny": false, "level": 81, "moves": ["throatchop", "flipturn", "waterfall", "closecombat"], "ability": "Swift Swim", "evs": {"hp": 85, "atk": 85, "def": 85, "spa": 85, "spd": 85, "spe": 85}, "ivs": {"hp": 31, "atk": 31, "def": 31, "spa": 31, "spd": 31, "spe": 31}, "item": "Choice Band", "teraType": "Fighting", "role": "Wallbreaker", "bvs": {"hp": 61, "atk": 123, "def": 60, "spa": 60, "spd": 50, "spe": 136}, "stats": {"hp": 231, "atk": 246, "def": 144, "spa": 144, "spd": 128, "spe": 267}, "types": ["Water"]}, "Pyroar": {"name": "Pyroar", "species": "Pyroar", "speciesId": "pyroar", "gender": "F", "shiny": false, "level": 88, "moves": ["taunt", "darkpulse", "fireblast", "hypervoice"], "ability": "Unnerve", "evs": {"hp": 85, "atk": 0, "def": 85, "spa": 85, "spd": 85, "spe": 85}, "ivs": {"hp": 31, "atk": 0, "def": 31, "spa": 31, "spd": 31, "spe": 31}, "item": "Heavy-Duty Boots", "teraType": "Fire", "role": "Fast Attacker", "bvs": {"hp": 86, "atk": 68, "def": 72, "spa": 109, "spd": 66, "spe": 106}, "stats": {"hp": 295, "atk": 124, "def": 177, "spa": 242, "spd": 166, "spe": 237}, "types": ["Fire", "Normal"]}, "Hitmonchan": {"name": "Hitmonchan", "species": "Hitmonchan", "speciesId": "hitmonchan", "gender": "M", "shiny": false, "level": 87, "moves": ["knockoff", "swordsdance", "icepunch", "drainpunch"], "ability": "Iron Fist", "evs": {"hp": 85, "atk": 85, "def": 85, "spa": 85, "spd": 85, "spe": 85}, "ivs": {"hp": 31, "atk": 31, "def": 31, "spa": 31, "spd": 31, "spe": 31}, "item": "Life Orb", "teraType": "Dark", "role": "Setup Sweeper", "bvs": {"hp": 50, "atk": 105, "def": 79, "spa": 35, "spd": 110, "spe": 76}, "stats": {"hp": 229, "atk": 232, "def": 187, "spa": 111, "spd": 241, "spe": 182}, "types": ["Fighting"]}, "Eelektross": {"name": "Eelektross", "species": "Eelektross", "speciesId": "eelektross", "gender": "M", "shiny": false, "level": 87, "moves": ["firepunch", "drainpunch", "coil", "supercellslam"], "ability": "Levitate", "evs": {"hp": 85, "atk": 85, "def": 85, "spa": 85, "spd": 85, "spe": 85}, "ivs": {"hp": 31, "atk": 31, "def": 31, "spa": 31, "spd": 31, "spe": 31}, "item": "Leftovers", "teraType": "Fighting", "role": "Bulky Setup", "bvs": {"hp": 85, "atk": 115, "def": 80, "spa": 105, "spd": 80, "spe": 50}, "stats": {"hp": 290, "atk": 250, "def": 189, "spa": 232, "spd": 189, "spe": 137}, "types": ["Electric"]}, "Goodra": {"name": "Goodra", "species": "Goodra", "speciesId": "goodra", "gender": "F", "shiny": false, "level": 85, "moves": ["dragontail", "dracometeor", "earthquake", "fireblast"], "ability": "Sap Sipper", "evs": {"hp": 85, "atk": 85, "def": 85, "spa": 85, "spd": 85, "spe": 85}, "ivs": {"hp": 31, "atk": 31, "def": 31, "spa": 31, "spd": 31, "spe": 31}, "item": "Assault Vest", "teraType": "Ground", "role": "AV Pivot", "bvs": {"hp": 90, "atk": 100, "def": 70, "spa": 110, "spd": 150, "spe": 80}, "stats": {"hp": 292, "atk": 219, "def": 168, "spa": 236, "spd": 304, "spe": 185}, "types": ["Dragon"]}}, {"Dragonite": {"name": "Dragonite", "species": "Dragonite", "speciesId": "dragonite", "gender": "F", "shiny": false, "level": 74, "moves": ["earthquake", "outrage", "dragondance", "terablast"], "ability": "Multiscale", "evs": {"hp": 85, "atk": 85, "def": 85, "spa": 85, "spd": 85, "spe": 85}, "ivs": {"hp": 31, "atk": 31, "def": 31, "spa": 31, "spd": 31, "spe": 31}, "item": "Heavy-Duty Boots", "teraType": "Flying", "role": "Tera Blast user", "bvs": {"hp": 91, "atk": 134, "def": 95, "spa": 100, "spd": 100, "spe": 80}, "stats": {"hp": 257, "atk": 241, "def": 184, "spa": 191, "spd": 191, "spe": 161}, "types": ["Dragon", "Flying"]}, "Lanturn": {"name": "Lanturn", "species": "Lanturn", "speciesId": "lanturn", "gender": "F", "shiny": false, "level": 89, "moves": ["thunderwave", "scald", "thunderbolt", "icebeam"], "ability": "Volt Absorb", "evs": {"hp": 85, "atk": 0, "def": 85, "spa": 85, "spd": 85, "spe": 85}, "ivs": {"hp": 31, "atk": 0, "def": 31, "spa": 31, "spd": 31, "spe": 31}, "item": "Leftovers", "teraType": "Flying", "role": "Bulky Attacker", "bvs": {"hp": 125, "atk": 58, "def": 58, "spa": 76, "spd": 76, "spe": 67}, "stats": {"hp": 367, "atk": 108, "def": 154, "spa": 186, "spd": 186, "spe": 170}, "types": ["Water", "Electric"]}, "Pikachu": {"name": "Pikachu", "species": "Pikachu-Partner", "speciesId": "pikachu", "gender": "M", "shiny": false, "level": 93, "moves": ["surf", "voltswitch", "knockoff", "volttackle"], "ability": "Lightning Rod", "evs": {"hp": 85, "atk": 85, "def": 85, "spa": 85, "spd": 85, "spe": 85}, "ivs": {"hp": 31, "atk": 31, "def": 31, "spa": 31, "spd": 31, "spe": 31}, "item": "Light Ball", "teraType": "Water", "role": "Fast Attacker", "bvs": {"hp": 35, "atk": 55, "def": 40, "spa": 50, "spd": 50, "spe": 90}, "stats": {"hp": 216, "atk": 155, "def": 127, "spa": 146, "spd": 146, "spe": 220}, "types": ["Electric"]}, "Sudowoodo": {"name": "Sudowoodo", "species": "Sudowoodo", "speciesId": "sudowoodo", "gender": "M", "shiny": false, "level": 94, "moves": ["stealthrock", "woodhammer", "headsmash", "earthquake"], "ability": "Rock Head", "evs": {"hp": 85, "atk": 85, "def": 85, "spa": 85, "spd": 85, "spe": 85}, "ivs": {"hp": 31, "atk": 31, "def": 31, "spa": 31, "spd": 31, "spe": 31}, "item": "Leftovers", "teraType": "Rock", "role": "Bulky Attacker", "bvs": {"hp": 70, "atk": 100, "def": 115, "spa": 30, "spd": 65, "spe": 30}, "stats": {"hp": 284, "atk": 241, "def": 270, "spa": 110, "spd": 176, "spe": 110}, "types": ["Rock"]}, "Furret": {"name": "Furret", "species": "Furret", "speciesId": "furret", "gender": "F", "shiny": false, "level": 94, "moves": ["knockoff", "tidyup", "brickbreak", "doubleedge"], "ability": "Frisk", "evs": {"hp": 85, "atk": 85, "def": 85, "spa": 85, "spd": 85, "spe": 85}, "ivs": {"hp": 31, "atk": 31, "def": 31, "spa": 31, "spd": 31, "spe": 31}, "item": "Life Orb", "teraType": "Normal", "role": "Setup Sweeper", "bvs": {"hp": 85, "atk": 76, "def": 64, "spa": 45, "spd": 55, "spe": 90}, "stats": {"hp": 312, "atk": 196, "def": 174, "spa": 138, "spd": 157, "spe": 223}, "types": ["Normal"]}, "Baxcalibur": {"name": "Baxcalibur", "species": "Baxcalibur", "speciesId": "baxcalibur", "gender": "M", "shiny": false, "level": 75, "moves": ["earthquake", "iciclespear", "scaleshot", "swordsdance"], "ability": "Thermal Exchange", "evs": {"hp": 81, "atk": 85, "def": 85, "spa": 85, "spd": 85, "spe": 85}, "ivs": {"hp": 31, "atk": 31, "def": 31, "spa": 31, "spd": 31, "spe": 31}, "item": "Loaded Dice", "teraType": "Dragon", "role": "Bulky Setup", "bvs": {"hp": 115, "atk": 145, "def": 92, "spa": 75, "spd": 86, "spe": 87}, "stats": {"hp": 295, "atk": 261, "def": 182, "spa": 156, "spd": 173, "spe": 174}, "types": ["Dragon", "Ice"]}}]}