{"id": "gen9randombattle-2631995709", "format": "[Gen 9] Random Battle", "players": ["varllyam", "bluffmepls"], "log": "|j|\u2606varllyam\n|j|\u2606bluffmepls\n|t:|1781464012\n|gametype|singles\n|player|p1|varllyam|170|2172\n|player|p2|bluffmepls|169|2111\n|gen|9\n|tier|[Gen 9] Random Battle\n|rated|\n|rule|Species Clause: Limit one of each Pok\u00e9mon\n|rule|HP Percentage Mod: HP is shown in percentages\n|rule|Sleep Clause Mod: Limit one foe put to sleep\n|rule|Illusion Level Mod: Illusion disguises the Pok\u00e9mon's true level\n|\n|t:|1781464012\n|teamsize|p1|6\n|teamsize|p2|6\n|start\n|switch|p1a: Rotom|Rotom-Heat, L83|219/219\n|switch|p2a: Hydrapple|Hydrapple, L83, F|312/312\n|turn|1\n|inactive|Battle timer is ON: inactive players will automatically lose when time's up. (requested by bluffmepls)\n|\n|t:|1781464023\n|move|p1a: Rotom|Nasty Plot|p1a: Rotom\n|-boost|p1a: Rotom|spa|2\n|move|p2a: Hydrapple|Fickle Beam|p1a: Rotom\n|-damage|p1a: Rotom|131/219\n|\n|upkeep\n|turn|2\n|\n|t:|1781464037\n|move|p1a: Rotom|Nasty Plot|p1a: Rotom\n|-boost|p1a: Rotom|spa|2\n|move|p2a: Hydrapple|Dragon Tail|p1a: Rotom\n|-crit|p1a: Rotom\n|-damage|p1a: Rotom|62/219\n|drag|p1a: Haxorus|Haxorus, L77, M|244/244\n|-ability|p1a: Haxorus|Mold Breaker\n|\n|upkeep\n|turn|3\n|\n|t:|1781464046\n|move|p1a: Haxorus|Outrage|p2a: Hydrapple\n|-supereffective|p2a: Hydrapple\n|-damage|p2a: Hydrapple|72/312\n|move|p2a: Hydrapple|Fickle Beam|p1a: Haxorus\n|-supereffective|p1a: Haxorus\n|-damage|p1a: Haxorus|4/244\n|\n|upkeep\n|turn|4\n|\n|t:|1781464054\n|switch|p2a: Mimikyu|Mimikyu, L79, F|216/216\n|move|p1a: Haxorus|Outrage|p2a: Mimikyu|[from] lockedmove\n|-immune|p2a: Mimikyu\n|\n|upkeep\n|turn|5\n|\n|t:|1781464060\n|switch|p1a: Toxapex|Toxapex, L82, M|216/216\n|move|p2a: Mimikyu|Shadow Claw|p1a: Toxapex\n|-damage|p1a: Toxapex|165/216\n|-damage|p2a: Mimikyu|180/216|[from] item: Rocky Helmet|[of] p1a: Toxapex\n|-damage|p2a: Mimikyu|159/216|[from] item: Life Orb\n|\n|upkeep\n|turn|6\n|\n|t:|1781464083\n|switch|p2a: Hydrapple|Hydrapple, L83, F|176/312\n|move|p1a: Toxapex|Toxic|p2a: Hydrapple\n|-status|p2a: Hydrapple|tox\n|\n|-damage|p2a: Hydrapple|157/312 tox|[from] psn\n|upkeep\n|turn|7\n|\n|t:|1781464093\n|move|p2a: Hydrapple|Earth Power|p1a: Toxapex\n|-supereffective|p1a: Toxapex\n|-damage|p1a: Toxapex|59/216\n|move|p1a: Toxapex|Recover|p1a: Toxapex\n|-heal|p1a: Toxapex|167/216\n|\n|-damage|p2a: Hydrapple|119/312 tox|[from] psn\n|upkeep\n|turn|8\n|\n|t:|1781464104\n|switch|p2a: Zebstrika|Zebstrika, L87, M|272/272\n|switch|p1a: Rotom|Rotom-Heat, L83|62/219\n|\n|upkeep\n|turn|9\n|\n|t:|1781464113\n|move|p2a: Zebstrika|Supercell Slam|p1a: Rotom\n|-resisted|p1a: Rotom\n|-damage|p1a: Rotom|0 fnt\n|faint|p1a: Rotom\n|-damage|p2a: Zebstrika|245/272|[from] item: Life Orb\n|\n|upkeep\n|\n|t:|1781464123\n|switch|p1a: Virizion|Virizion, L82|283/283\n|turn|10\n|\n|t:|1781464138\n|move|p2a: Zebstrika|Overheat|p1a: Virizion|[miss]\n|-miss|p2a: Zebstrika|p1a: Virizion\n|move|p1a: Virizion|Close Combat|p2a: Zebstrika\n|-damage|p2a: Zebstrika|62/272\n|-unboost|p1a: Virizion|def|1\n|-unboost|p1a: Virizion|spd|1\n|-damage|p1a: Virizion|255/283|[from] item: Life Orb\n|\n|upkeep\n|turn|11\n|\n|t:|1781464141\n|switch|p1a: Toxapex|Toxapex, L82, M|216/216\n|move|p2a: Zebstrika|Overheat|p1a: Toxapex\n|-resisted|p1a: Toxapex\n|-damage|p1a: Toxapex|178/216\n|-unboost|p2a: Zebstrika|spa|2\n|-damage|p2a: Zebstrika|35/272|[from] item: Life Orb\n|\n|upkeep\n|turn|12\n|\n|t:|1781464144\n|switch|p1a: Virizion|Virizion, L82|255/283\n|move|p2a: Zebstrika|Volt Switch|p1a: Virizion\n|-resisted|p1a: Virizion\n|-damage|p1a: Virizion|237/283\n|-damage|p2a: Zebstrika|8/272|[from] item: Life Orb\n|\n|t:|1781464152\n|switch|p2a: Azelf|Azelf, L82|257/257|[from] Volt Switch\n|\n|upkeep\n|turn|13\n|\n|t:|1781464158\n|switch|p1a: Bombirdier|Bombirdier, L85, M|258/258\n|move|p2a: Azelf|Psychic|p1a: Bombirdier\n|-immune|p1a: Bombirdier\n|\n|upkeep\n|turn|14\n|\n|t:|1781464168\n|switch|p2a: Zebstrika|Zebstrika, L87, M|8/272\n|move|p1a: Bombirdier|Knock Off|p2a: Zebstrika\n|-damage|p2a: Zebstrika|0 fnt\n|-enditem|p2a: Zebstrika|Life Orb|[from] move: Knock Off|[of] p1a: Bombirdier\n|faint|p2a: Zebstrika\n|\n|upkeep\n|\n|t:|1781464172\n|switch|p2a: Garganacl|Garganacl, L80, F|291/291\n|turn|15\n|\n|t:|1781464191\n|move|p1a: Bombirdier|Knock Off|p2a: Garganacl\n|-damage|p2a: Garganacl|210/291\n|-enditem|p2a: Garganacl|Leftovers|[from] move: Knock Off|[of] p1a: Bombirdier\n|move|p2a: Garganacl|Salt Cure|p1a: Bombirdier\n|-supereffective|p1a: Bombirdier\n|-damage|p1a: Bombirdier|178/258\n|-start|p1a: Bombirdier|Salt Cure\n|\n|-damage|p1a: Bombirdier|146/258|[from] Salt Cure\n|upkeep\n|turn|16\n|\n|t:|1781464195\n|move|p1a: Bombirdier|U-turn|p2a: Garganacl\n|-damage|p2a: Garganacl|166/291\n|\n|t:|1781464198\n|switch|p1a: Virizion|Virizion, L82|237/283|[from] U-turn\n|move|p2a: Garganacl|Salt Cure|p1a: Virizion\n|-resisted|p1a: Virizion\n|-damage|p1a: Virizion|211/283\n|-start|p1a: Virizion|Salt Cure\n|\n|-damage|p1a: Virizion|176/283|[from] Salt Cure\n|upkeep\n|turn|17\n|\n|t:|1781464204\n|switch|p2a: Hydrapple|Hydrapple, L83, F|223/312 tox\n|move|p1a: Virizion|Leaf Blade|p2a: Hydrapple\n|-resisted|p2a: Hydrapple\n|-crit|p2a: Hydrapple\n|-damage|p2a: Hydrapple|191/312 tox\n|-damage|p1a: Virizion|148/283|[from] item: Life Orb\n|\n|-damage|p2a: Hydrapple|172/312 tox|[from] psn\n|-damage|p1a: Virizion|113/283|[from] Salt Cure\n|upkeep\n|turn|18\n|\n|t:|1781464214\n|switch|p2a: Mimikyu|Mimikyu, L79, F|159/216\n|move|p1a: Virizion|Close Combat|p2a: Mimikyu\n|-immune|p2a: Mimikyu\n|\n|-damage|p1a: Virizion|78/283|[from] Salt Cure\n|upkeep\n|turn|19\n|\n|t:|1781464219\n|move|p1a: Virizion|Leaf Blade|p2a: Mimikyu\n|-activate|p2a: Mimikyu|ability: Disguise\n|-damage|p2a: Mimikyu|159/216\n|detailschange|p2a: Mimikyu|Mimikyu-Busted, L79, F\n|-damage|p2a: Mimikyu|132/216|[from] pokemon: Mimikyu-Busted\n|-damage|p1a: Virizion|50/283|[from] item: Life Orb\n|move|p2a: Mimikyu|Swords Dance|p2a: Mimikyu\n|-boost|p2a: Mimikyu|atk|2\n|\n|-damage|p1a: Virizion|15/283|[from] Salt Cure\n|upkeep\n|turn|20\n|\n|t:|1781464225\n|switch|p1a: Toxapex|Toxapex, L82, M|216/216\n|move|p2a: Mimikyu|Shadow Sneak|p1a: Toxapex\n|-damage|p1a: Toxapex|158/216\n|-damage|p2a: Mimikyu|96/216|[from] item: Rocky Helmet|[of] p1a: Toxapex\n|-damage|p2a: Mimikyu|75/216|[from] item: Life Orb\n|\n|upkeep\n|turn|21\n|\n|t:|1781464230\n|move|p2a: Mimikyu|Shadow Claw|p1a: Toxapex\n|-damage|p1a: Toxapex|45/216\n|-damage|p2a: Mimikyu|39/216|[from] item: Rocky Helmet|[of] p1a: Toxapex\n|-damage|p2a: Mimikyu|18/216|[from] item: Life Orb\n|move|p1a: Toxapex|Recover|p1a: Toxapex\n|-heal|p1a: Toxapex|153/216\n|\n|upkeep\n|turn|22\n|\n|t:|1781464235\n|move|p2a: Mimikyu|Swords Dance|p2a: Mimikyu\n|-boost|p2a: Mimikyu|atk|2\n|move|p1a: Toxapex|Liquidation|p2a: Mimikyu\n|-damage|p2a: Mimikyu|0 fnt\n|faint|p2a: Mimikyu\n|\n|upkeep\n|\n|t:|1781464238\n|switch|p2a: Azelf|Azelf, L82|257/257\n|turn|23\n|\n|t:|1781464244\n|move|p2a: Azelf|Nasty Plot|p2a: Azelf\n|-boost|p2a: Azelf|spa|2\n|move|p1a: Toxapex|Toxic|p2a: Azelf\n|-status|p2a: Azelf|tox\n|\n|-damage|p2a: Azelf|241/257 tox|[from] psn\n|upkeep\n|turn|24\n|\n|t:|1781464248\n|switch|p1a: Virizion|Virizion, L82|15/283\n|move|p2a: Azelf|Dazzling Gleam|p1a: Virizion\n|-supereffective|p1a: Virizion\n|-damage|p1a: Virizion|0 fnt\n|faint|p1a: Virizion\n|-damage|p2a: Azelf|216/257 tox|[from] item: Life Orb\n|\n|-damage|p2a: Azelf|184/257 tox|[from] psn\n|upkeep\n|\n|t:|1781464259\n|switch|p1a: Haxorus|Haxorus, L77, M|4/244\n|-ability|p1a: Haxorus|Mold Breaker\n|turn|25\n|\n|t:|1781464264\n|switch|p1a: Toxapex|Toxapex, L82, M|216/216\n|move|p2a: Azelf|Dazzling Gleam|p1a: Toxapex\n|-resisted|p1a: Toxapex\n|-damage|p1a: Toxapex|152/216\n|-damage|p2a: Azelf|159/257 tox|[from] item: Life Orb\n|\n|-damage|p2a: Azelf|111/257 tox|[from] psn\n|upkeep\n|turn|26\n|\n|t:|1781464267\n|switch|p1a: Haxorus|Haxorus, L77, M|4/244\n|-ability|p1a: Haxorus|Mold Breaker\n|move|p2a: Azelf|Dazzling Gleam|p1a: Haxorus\n|-supereffective|p1a: Haxorus\n|-damage|p1a: Haxorus|0 fnt\n|faint|p1a: Haxorus\n|-damage|p2a: Azelf|86/257 tox|[from] item: Life Orb\n|\n|-damage|p2a: Azelf|22/257 tox|[from] psn\n|upkeep\n|\n|t:|1781464282\n|switch|p1a: Bombirdier|Bombirdier, L85, M|146/258\n|turn|27\n|\n|t:|1781464285\n|move|p2a: Azelf|Psychic|p1a: Bombirdier\n|-immune|p1a: Bombirdier\n|move|p1a: Bombirdier|Roost|p1a: Bombirdier\n|-heal|p1a: Bombirdier|258/258\n|-singleturn|p1a: Bombirdier|move: Roost\n|\n|-damage|p2a: Azelf|0 fnt|[from] psn\n|faint|p2a: Azelf\n|upkeep\n|\n|t:|1781464288\n|switch|p2a: Heatran|Heatran, L79, M|273/273\n|turn|28\n|\n|t:|1781464292\n|move|p1a: Bombirdier|Knock Off|p2a: Heatran\n|-damage|p2a: Heatran|161/273\n|-enditem|p2a: Heatran|Assault Vest|[from] move: Knock Off|[of] p1a: Bombirdier\n|move|p2a: Heatran|Magma Storm|p1a: Bombirdier|[miss]\n|-miss|p2a: Heatran|p1a: Bombirdier\n|\n|upkeep\n|turn|29\n|\n|t:|1781464297\n|move|p1a: Bombirdier|Knock Off|p2a: Heatran\n|-damage|p2a: Heatran|91/273\n|move|p2a: Heatran|Magma Storm|p1a: Bombirdier\n|-damage|p1a: Bombirdier|140/258\n|-activate|p1a: Bombirdier|move: Magma Storm|[of] p2a: Heatran\n|\n|-damage|p1a: Bombirdier|108/258|[from] move: Magma Storm|[partiallytrapped]\n|upkeep\n|turn|30\n|\n|t:|1781464304\n|move|p1a: Bombirdier|Knock Off|p2a: Heatran\n|-damage|p2a: Heatran|24/273\n|move|p2a: Heatran|Lava Plume|p1a: Bombirdier\n|-damage|p1a: Bombirdier|11/258\n|-status|p1a: Bombirdier|brn\n|\n|-damage|p1a: Bombirdier|0 fnt|[from] brn\n|faint|p1a: Bombirdier\n|upkeep\n|\n|t:|1781464308\n|switch|p1a: Toxapex|Toxapex, L82, M|216/216\n|turn|31\n|\n|t:|1781464317\n|move|p2a: Heatran|Earth Power|p1a: Toxapex\n|-supereffective|p1a: Toxapex\n|-damage|p1a: Toxapex|120/216\n|move|p1a: Toxapex|Liquidation|p2a: Heatran\n|-supereffective|p2a: Heatran\n|-damage|p2a: Heatran|0 fnt\n|faint|p2a: Heatran\n|\n|upkeep\n|\n|t:|1781464323\n|switch|p2a: Hydrapple|Hydrapple, L83, F|276/312 tox\n|turn|32\n|\n|t:|1781464328\n|move|p2a: Hydrapple|Giga Drain|p1a: Toxapex\n|-damage|p1a: Toxapex|53/216\n|-heal|p2a: Hydrapple|310/312 tox|[from] drain|[of] p1a: Toxapex\n|move|p1a: Toxapex|Liquidation|p2a: Hydrapple\n|-resisted|p2a: Hydrapple\n|-damage|p2a: Hydrapple|297/312 tox\n|\n|-damage|p2a: Hydrapple|278/312 tox|[from] psn\n|upkeep\n|turn|33\n|\n|t:|1781464332\n|move|p2a: Hydrapple|Earth Power|p1a: Toxapex\n|-supereffective|p1a: Toxapex\n|-damage|p1a: Toxapex|0 fnt\n|faint|p1a: Toxapex\n|\n|-damage|p2a: Hydrapple|240/312 tox|[from] psn\n|upkeep\n|\n|t:|1781464334\n|switch|p1a: Zacian|Zacian, L69|241/241\n|-ability|p1a: Zacian|Intrepid Sword|boost\n|-boost|p1a: Zacian|atk|1\n|turn|34\n|\n|t:|1781464348\n|move|p1a: Zacian|Swords Dance|p1a: Zacian\n|-boost|p1a: Zacian|atk|2\n|move|p2a: Hydrapple|Giga Drain|p1a: Zacian\n|-damage|p1a: Zacian|148/241\n|-heal|p2a: Hydrapple|287/312 tox|[from] drain|[of] p1a: Zacian\n|\n|-damage|p2a: Hydrapple|230/312 tox|[from] psn\n|upkeep\n|turn|35\n|\n|t:|1781464353\n|-terastallize|p2a: Hydrapple|Steel\n|move|p1a: Zacian|Swords Dance|p1a: Zacian\n|-boost|p1a: Zacian|atk|2\n|move|p2a: Hydrapple|Giga Drain|p1a: Zacian\n|-damage|p1a: Zacian|60/241\n|-heal|p2a: Hydrapple|274/312 tox|[from] drain|[of] p1a: Zacian\n|\n|-damage|p2a: Hydrapple|198/312 tox|[from] psn\n|upkeep\n|turn|36\n|\n|t:|1781464363\n|-terastallize|p1a: Zacian|Fighting\n|move|p1a: Zacian|Close Combat|p2a: Hydrapple\n|-supereffective|p2a: Hydrapple\n|-damage|p2a: Hydrapple|0 fnt\n|-unboost|p1a: Zacian|def|1\n|-unboost|p1a: Zacian|spd|1\n|faint|p2a: Hydrapple\n|-damage|p1a: Zacian|36/241|[from] item: Life Orb\n|\n|upkeep\n|\n|t:|1781464366\n|switch|p2a: Garganacl|Garganacl, L80, F|166/291\n|turn|37\n|\n|t:|1781464384\n|move|p1a: Zacian|Close Combat|p2a: Garganacl\n|-supereffective|p2a: Garganacl\n|-damage|p2a: Garganacl|0 fnt\n|-unboost|p1a: Zacian|def|1\n|-unboost|p1a: Zacian|spd|1\n|faint|p2a: Garganacl\n|-damage|p1a: Zacian|12/241|[from] item: Life Orb\n|\n|win|varllyam\n", "inputlog": ">version a8376a258c1d4662feba110a92103f3664a72141\n>start {\"formatid\":\"gen9randombattle\",\"seed\":\"sodium,922f83f0de48868f7209b103dfcf7b11\",\"rated\":\"Rated battle\"}\n>player p1 {\"name\":\"varllyam\",\"avatar\":\"170\",\"rating\":2172,\"seed\":\"sodium,3710abf79f50b2ac55e12d32475335ca\"}\n>player p2 {\"name\":\"bluffmepls\",\"avatar\":\"169\",\"rating\":2111,\"seed\":\"sodium,7becea000f042e4713eb88665c666910\"}\n>p1 move nastyplot\n>p2 move ficklebeam\n>p1 move nastyplot\n>p2 move dragontail\n>p1 move outrage\n>p2 move ficklebeam\n>p1 move outrage\n>p2 switch 6\n>p1 switch 5\n>p2 move shadowclaw\n>p1 move toxic\n>p2 switch 6\n>p1 move recover\n>p2 move earthpower\n>p1 switch 6\n>p2 switch 5\n>p1 move painsplit\n>p2 move supercellslam\n>p1 switch 2\n>p1 move closecombat\n>p2 move overheat\n>p1 switch 6\n>p2 move overheat\n>p1 switch 6\n>p2 move voltswitch\n>p2 switch 4\n>p1 switch 4\n>p2 move psychic\n>p1 move knockoff\n>p2 switch 4\n>p2 switch 2\n>p1 move knockoff\n>p2 move saltcure\n>p1 move uturn\n>p2 move saltcure\n>p1 switch 4\n>p1 move leafblade\n>p2 switch 5\n>p1 move closecombat\n>p2 switch 6\n>p1 move leafblade\n>p2 move swordsdance\n>p1 switch 6\n>p2 move shadowsneak\n>p1 move recover\n>p2 move shadowclaw\n>p1 move liquidation\n>p2 move swordsdance\n>p2 switch 4\n>p1 move toxic\n>p2 move nastyplot\n>p1 switch 6\n>p2 move dazzlinggleam\n>p1 switch 5\n>p1 switch 6\n>p2 move dazzlinggleam\n>p1 switch 6\n>p2 move dazzlinggleam\n>p1 switch 4\n>p1 move roost\n>p2 move psychic\n>p2 switch 3\n>p1 move knockoff\n>p2 move magmastorm\n>p1 move knockoff\n>p2 move magmastorm\n>p1 move knockoff\n>p2 move lavaplume\n>p1 switch 6\n>p1 move liquidation\n>p2 move earthpower\n>p2 switch 6\n>p1 move liquidation\n>p2 move gigadrain\n>p1 move recover\n>p2 move earthpower\n>p1 switch 3\n>p1 move swordsdance\n>p2 move gigadrain\n>p1 move swordsdance\n>p2 move gigadrain terastallize\n>p1 move closecombat terastallize\n>p2 move gigadrain\n>p2 switch 5\n>p1 move closecombat\n>p2 move bodypress", "uploadtime": 1781464014, "views": 8, "formatid": "gen9randombattle", "rating": null, "private": 0, "password": null, "player_dets": [{"name": "varllyam", "avatar": "170", "rating": 2172, "seed": "sodium,3710abf79f50b2ac55e12d32475335ca"}, {"name": "bluffmepls", "avatar": "169", "rating": 2111, "seed": "sodium,7becea000f042e4713eb88665c666910"}], "teams_full": [{"Rotom": {"name": "Rotom", "species": "Rotom-Heat", "speciesId": "rotomheat", "gender": "N", "shiny": false, "level": 83, "moves": ["thunderbolt", "overheat", "nastyplot", "painsplit"], "ability": "Levitate", "evs": {"hp": 85, "atk": 0, "def": 85, "spa": 85, "spd": 85, "spe": 85}, "ivs": {"hp": 31, "atk": 0, "def": 31, "spa": 31, "spd": 31, "spe": 31}, "item": "Heavy-Duty Boots", "teraType": "Electric", "role": "Bulky Attacker", "bvs": {"hp": 50, "atk": 65, "def": 107, "spa": 105, "spd": 107, "spe": 86}, "stats": {"hp": 219, "atk": 112, "def": 225, "spa": 222, "spd": 225, "spe": 190}}, "Virizion": {"name": "Virizion", "species": "Virizion", "speciesId": "virizion", "gender": "N", "shiny": false, "level": 82, "moves": ["closecombat", "stoneedge", "leafblade", "swordsdance"], "ability": "Justified", "evs": {"hp": 85, "atk": 85, "def": 85, "spa": 85, "spd": 85, "spe": 85}, "ivs": {"hp": 31, "atk": 31, "def": 31, "spa": 31, "spd": 31, "spe": 31}, "item": "Life Orb", "teraType": "Rock", "role": "Setup Sweeper", "bvs": {"hp": 91, "atk": 90, "def": 72, "spa": 90, "spd": 129, "spe": 108}, "stats": {"hp": 283, "atk": 195, "def": 165, "spa": 195, "spd": 259, "spe": 224}}, "Zacian": {"name": "Zacian", "species": "Zacian", "speciesId": "zacian", "gender": "N", "shiny": false, "level": 69, "moves": ["swordsdance", "playrough", "closecombat", "psychicfangs"], "ability": "Intrepid Sword", "evs": {"hp": 85, "atk": 85, "def": 85, "spa": 85, "spd": 85, "spe": 85}, "ivs": {"hp": 31, "atk": 31, "def": 31, "spa": 31, "spd": 31, "spe": 31}, "item": "Life Orb", "teraType": "Fighting", "role": "Fast Attacker", "bvs": {"hp": 92, "atk": 120, "def": 115, "spa": 80, "spd": 115, "spe": 138}, "stats": {"hp": 241, "atk": 206, "def": 199, "spa": 151, "spd": 199, "spe": 231}}, "Bombirdier": {"name": "Bombirdier", "species": "Bombirdier", "speciesId": "bombirdier", "gender": "M", "shiny": false, "level": 85, "moves": ["knockoff", "bravebird", "uturn", "roost"], "ability": "Big Pecks", "evs": {"hp": 85, "atk": 85, "def": 85, "spa": 85, "spd": 85, "spe": 85}, "ivs": {"hp": 31, "atk": 31, "def": 31, "spa": 31, "spd": 31, "spe": 31}, "item": "Heavy-Duty Boots", "teraType": "Dark", "role": "Bulky Support", "bvs": {"hp": 70, "atk": 103, "def": 85, "spa": 60, "spd": 85, "spe": 82}, "stats": {"hp": 258, "atk": 224, "def": 193, "spa": 151, "spd": 193, "spe": 188}}, "Toxapex": {"name": "Toxapex", "species": "Toxapex", "speciesId": "toxapex", "gender": "M", "shiny": false, "level": 82, "moves": ["haze", "liquidation", "recover", "toxic"], "ability": "Regenerator", "evs": {"hp": 85, "atk": 85, "def": 85, "spa": 85, "spd": 85, "spe": 85}, "ivs": {"hp": 31, "atk": 31, "def": 31, "spa": 31, "spd": 31, "spe": 31}, "item": "Rocky Helmet", "teraType": "Fairy", "role": "Bulky Support", "bvs": {"hp": 50, "atk": 63, "def": 152, "spa": 53, "spd": 142, "spe": 35}, "stats": {"hp": 216, "atk": 150, "def": 296, "spa": 134, "spd": 280, "spe": 105}}, "Haxorus": {"name": "Haxorus", "species": "Haxorus", "speciesId": "haxorus", "gender": "M", "shiny": false, "level": 77, "moves": ["earthquake", "ironhead", "dragondance", "outrage"], "ability": "Mold Breaker", "evs": {"hp": 85, "atk": 85, "def": 85, "spa": 85, "spd": 85, "spe": 85}, "ivs": {"hp": 31, "atk": 31, "def": 31, "spa": 31, "spd": 31, "spe": 31}, "item": "Lum Berry", "teraType": "Steel", "role": "Setup Sweeper", "bvs": {"hp": 76, "atk": 147, "def": 90, "spa": 60, "spd": 70, "spe": 97}, "stats": {"hp": 244, "atk": 271, "def": 183, "spa": 137, "spd": 152, "spe": 194}}}, {"Hydrapple": {"name": "Hydrapple", "species": "Hydrapple", "speciesId": "hydrapple", "gender": "F", "shiny": false, "level": 83, "moves": ["ficklebeam", "dragontail", "gigadrain", "earthpower"], "ability": "Regenerator", "evs": {"hp": 85, "atk": 85, "def": 85, "spa": 85, "spd": 85, "spe": 85}, "ivs": {"hp": 31, "atk": 31, "def": 31, "spa": 31, "spd": 31, "spe": 31}, "item": "Assault Vest", "teraType": "Steel", "role": "AV Pivot", "bvs": {"hp": 106, "atk": 80, "def": 110, "spa": 120, "spd": 80, "spe": 44}, "stats": {"hp": 312, "atk": 180, "def": 230, "spa": 247, "spd": 180, "spe": 121}}, "Garganacl": {"name": "Garganacl", "species": "Garganacl", "speciesId": "garganacl", "gender": "F", "shiny": false, "level": 80, "moves": ["recover", "saltcure", "stealthrock", "bodypress"], "ability": "Purifying Salt", "evs": {"hp": 85, "atk": 85, "def": 85, "spa": 85, "spd": 85, "spe": 85}, "ivs": {"hp": 31, "atk": 31, "def": 31, "spa": 31, "spd": 31, "spe": 31}, "item": "Leftovers", "teraType": "Ghost", "role": "Bulky Support", "bvs": {"hp": 100, "atk": 100, "def": 130, "spa": 45, "spd": 90, "spe": 35}, "stats": {"hp": 291, "atk": 206, "def": 254, "spa": 118, "spd": 190, "spe": 102}}, "Heatran": {"name": "Heatran", "species": "Heatran", "speciesId": "heatran", "gender": "M", "shiny": false, "level": 79, "moves": ["magmastorm", "lavaplume", "earthpower", "heavyslam"], "ability": "Flash Fire", "evs": {"hp": 85, "atk": 85, "def": 85, "spa": 85, "spd": 85, "spe": 85}, "ivs": {"hp": 31, "atk": 31, "def": 31, "spa": 31, "spd": 31, "spe": 31}, "item": "Assault Vest", "teraType": "Grass", "role": "Bulky Support", "bvs": {"hp": 91, "atk": 90, "def": 106, "spa": 130, "spd": 106, "spe": 77}, "stats": {"hp": 273, "atk": 188, "def": 213, "spa": 251, "spd": 213, "spe": 167}}, "Azelf": {"name": "Azelf", "species": "Azelf", "speciesId": "azelf", "gender": "N", "shiny": false, "level": 82, "moves": ["fireblast", "nastyplot", "dazzlinggleam", "psychic"], "ability": "Levitate", "evs": {"hp": 85, "atk": 0, "def": 85, "spa": 85, "spd": 85, "spe": 85}, "ivs": {"hp": 31, "atk": 0, "def": 31, "spa": 31, "spd": 31, "spe": 31}, "item": "Life Orb", "teraType": "Psychic", "role": "Fast Attacker", "bvs": {"hp": 75, "atk": 125, "def": 70, "spa": 125, "spd": 70, "spe": 115}, "stats": {"hp": 257, "atk": 210, "def": 162, "spa": 252, "spd": 162, "spe": 236}}, "Zebstrika": {"name": "Zebstrika", "species": "Zebstrika", "speciesId": "zebstrika", "gender": "M", "shiny": false, "level": 87, "moves": ["supercellslam", "highhorsepower", "overheat", "voltswitch"], "ability": "Sap Sipper", "evs": {"hp": 85, "atk": 85, "def": 85, "spa": 85, "spd": 85, "spe": 85}, "ivs": {"hp": 31, "atk": 31, "def": 31, "spa": 31, "spd": 31, "spe": 31}, "item": "Life Orb", "teraType": "Ground", "role": "Fast Attacker", "bvs": {"hp": 75, "atk": 100, "def": 63, "spa": 80, "spd": 63, "spe": 116}, "stats": {"hp": 272, "atk": 224, "def": 159, "spa": 189, "spd": 159, "spe": 252}}, "Mimikyu": {"name": "Mimikyu", "species": "Mimikyu", "speciesId": "mimikyu", "gender": "F", "shiny": false, "level": 79, "moves": ["shadowsneak", "shadowclaw", "playrough", "swordsdance"], "ability": "Disguise", "evs": {"hp": 85, "atk": 85, "def": 85, "spa": 85, "spd": 85, "spe": 85}, "ivs": {"hp": 31, "atk": 31, "def": 31, "spa": 31, "spd": 31, "spe": 31}, "item": "Life Orb", "teraType": "Fairy", "role": "Fast Bulky Setup", "bvs": {"hp": 55, "atk": 90, "def": 80, "spa": 50, "spd": 105, "spe": 96}, "stats": {"hp": 216, "atk": 188, "def": 172, "spa": 125, "spd": 211, "spe": 197}}}]}