{"id": "gen9randombattle-2631932037", "format": "[Gen 9] Random Battle", "players": ["DungBeetleEnjoyer", "oat consumer"], "log": "|j|\u2606DungBeetleEnjoyer\n|j|\u2606oat consumer\n|t:|1781457031\n|gametype|singles\n|player|p1|DungBeetleEnjoyer|swimmer-gen4|2020\n|player|p2|oat consumer|miku-ground|1973\n|gen|9\n|tier|[Gen 9] Random Battle\n|rated|\n|rule|Species Clause: Limit one of each Pok\u00e9mon\n|rule|HP Percentage Mod: HP is shown in percentages\n|rule|Sleep Clause Mod: Limit one foe put to sleep\n|rule|Illusion Level Mod: Illusion disguises the Pok\u00e9mon's true level\n|\n|t:|1781457031\n|teamsize|p1|6\n|teamsize|p2|6\n|start\n|switch|p1a: Misdreavus|Misdreavus, L90, F|254/254\n|switch|p2a: Oricorio|Oricorio-Pom-Pom, L82, M|257/257\n|turn|1\n|inactive|Battle timer is ON: inactive players will automatically lose when time's up. (requested by DungBeetleEnjoyer)\n|inactive|oat consumer has 120 seconds left.\n|c|\u2606oat consumer|uhh\n|inactive|oat consumer has 90 seconds left.\n|\n|t:|1781457137\n|switch|p2a: Samurott|Samurott, L88, M|310/310\n|move|p1a: Misdreavus|Will-O-Wisp|p2a: Samurott\n|-status|p2a: Samurott|brn\n|\n|-damage|p2a: Samurott|291/310 brn|[from] brn\n|upkeep\n|turn|2\n|\n|t:|1781457152\n|switch|p1a: Leafeon|Leafeon, L88, M|258/258\n|move|p2a: Samurott|Swords Dance|p2a: Samurott\n|-boost|p2a: Samurott|atk|2\n|\n|-damage|p2a: Samurott|272/310 brn|[from] brn\n|upkeep\n|turn|3\n|\n|t:|1781457169\n|switch|p2a: Oricorio|Oricorio-Pom-Pom, L82, M|257/257\n|move|p1a: Leafeon|Swords Dance|p1a: Leafeon\n|-boost|p1a: Leafeon|atk|2\n|-activate|p2a: Oricorio|ability: Dancer\n|move|p2a: Oricorio|Swords Dance|p2a: Oricorio|[from] ability: Dancer\n|-boost|p2a: Oricorio|atk|2\n|\n|upkeep\n|turn|4\n|\n|t:|1781457191\n|switch|p2a: Samurott|Samurott, L88, M|272/310 brn\n|move|p1a: Leafeon|Double-Edge|p2a: Samurott\n|-damage|p2a: Samurott|57/310 brn\n|-damage|p1a: Leafeon|187/258|[from] Recoil\n|\n|-heal|p1a: Leafeon|203/258|[from] item: Leftovers\n|-damage|p2a: Samurott|38/310 brn|[from] brn\n|upkeep\n|turn|5\n|\n|t:|1781457197\n|move|p1a: Leafeon|Leaf Blade|p2a: Samurott\n|-supereffective|p2a: Samurott\n|-damage|p2a: Samurott|0 fnt\n|faint|p2a: Samurott\n|\n|-heal|p1a: Leafeon|219/258|[from] item: Leftovers\n|upkeep\n|inactive|oat consumer has 120 seconds left.\n|\n|t:|1781457233\n|switch|p2a: Cinccino|Cinccino, L83, F|260/260\n|turn|6\n|\n|t:|1781457246\n|-terastallize|p2a: Cinccino|Ice\n|move|p2a: Cinccino|Triple Axel|p1a: Leafeon\n|-supereffective|p1a: Leafeon\n|-damage|p1a: Leafeon|175/258\n|-supereffective|p1a: Leafeon\n|-damage|p1a: Leafeon|89/258\n|-supereffective|p1a: Leafeon\n|-damage|p1a: Leafeon|0 fnt\n|faint|p1a: Leafeon\n|-hitcount|p1: Leafeon|3\n|\n|upkeep\n|\n|t:|1781457262\n|switch|p1a: Skarmory|Skarmory, L80, F|235/235\n|turn|7\n|\n|t:|1781457276\n|switch|p2a: Oricorio|Oricorio-Pom-Pom, L82, M|257/257\n|move|p1a: Skarmory|Iron Defense|p1a: Skarmory\n|-boost|p1a: Skarmory|def|2\n|\n|upkeep\n|turn|8\n|\n|t:|1781457288\n|switch|p1a: Raikou|Raikou, L81|278/278\n|-ability|p1a: Raikou|Pressure\n|move|p2a: Oricorio|Quiver Dance|p2a: Oricorio\n|-boost|p2a: Oricorio|spa|1\n|-boost|p2a: Oricorio|spd|1\n|-boost|p2a: Oricorio|spe|1\n|\n|upkeep\n|turn|9\n|\n|t:|1781457311\n|move|p2a: Oricorio|Quiver Dance|p2a: Oricorio\n|-boost|p2a: Oricorio|spa|1\n|-boost|p2a: Oricorio|spd|1\n|-boost|p2a: Oricorio|spe|1\n|move|p1a: Raikou|Calm Mind|p1a: Raikou\n|-boost|p1a: Raikou|spa|1\n|-boost|p1a: Raikou|spd|1\n|\n|upkeep\n|turn|10\n|\n|t:|1781457316\n|move|p2a: Oricorio|Quiver Dance|p2a: Oricorio\n|-boost|p2a: Oricorio|spa|1\n|-boost|p2a: Oricorio|spd|1\n|-boost|p2a: Oricorio|spe|1\n|move|p1a: Raikou|Calm Mind|p1a: Raikou\n|-boost|p1a: Raikou|spa|1\n|-boost|p1a: Raikou|spd|1\n|\n|upkeep\n|turn|11\n|\n|t:|1781457319\n|move|p2a: Oricorio|Quiver Dance|p2a: Oricorio\n|-boost|p2a: Oricorio|spa|1\n|-boost|p2a: Oricorio|spd|1\n|-boost|p2a: Oricorio|spe|1\n|move|p1a: Raikou|Calm Mind|p1a: Raikou\n|-boost|p1a: Raikou|spa|1\n|-boost|p1a: Raikou|spd|1\n|\n|upkeep\n|turn|12\n|\n|t:|1781457324\n|move|p2a: Oricorio|Quiver Dance|p2a: Oricorio\n|-boost|p2a: Oricorio|spa|1\n|-boost|p2a: Oricorio|spd|1\n|-boost|p2a: Oricorio|spe|1\n|move|p1a: Raikou|Calm Mind|p1a: Raikou\n|-boost|p1a: Raikou|spa|1\n|-boost|p1a: Raikou|spd|1\n|\n|upkeep\n|turn|13\n|\n|t:|1781457325\n|move|p2a: Oricorio|Quiver Dance|p2a: Oricorio\n|-boost|p2a: Oricorio|spa|1\n|-boost|p2a: Oricorio|spd|1\n|-boost|p2a: Oricorio|spe|1\n|move|p1a: Raikou|Calm Mind|p1a: Raikou\n|-boost|p1a: Raikou|spa|1\n|-boost|p1a: Raikou|spd|1\n|\n|upkeep\n|turn|14\n|\n|t:|1781457330\n|move|p2a: Oricorio|Hurricane|p1a: Raikou|[miss]\n|-miss|p2a: Oricorio|p1a: Raikou\n|move|p1a: Raikou|Calm Mind|p1a: Raikou\n|-boost|p1a: Raikou|spa|1\n|-boost|p1a: Raikou|spd|1\n|\n|upkeep\n|turn|15\n|\n|t:|1781457332\n|move|p2a: Oricorio|Hurricane|p1a: Raikou|[miss]\n|-miss|p2a: Oricorio|p1a: Raikou\n|move|p1a: Raikou|Thunderbolt|p2a: Oricorio\n|-damage|p2a: Oricorio|124/257\n|\n|upkeep\n|turn|16\n|\n|t:|1781457336\n|move|p2a: Oricorio|Roost|p2a: Oricorio\n|-heal|p2a: Oricorio|253/257\n|-singleturn|p2a: Oricorio|move: Roost\n|move|p1a: Raikou|Thunderbolt|p2a: Oricorio\n|-resisted|p2a: Oricorio\n|-damage|p2a: Oricorio|194/257\n|\n|upkeep\n|turn|17\n|\n|t:|1781457340\n|move|p2a: Oricorio|Hurricane|p1a: Raikou\n|-resisted|p1a: Raikou\n|-damage|p1a: Raikou|224/278\n|-start|p1a: Raikou|confusion\n|-activate|p1a: Raikou|confusion\n|move|p1a: Raikou|Scald|p2a: Oricorio\n|-damage|p2a: Oricorio|124/257\n|\n|-heal|p1a: Raikou|241/278|[from] item: Leftovers\n|upkeep\n|turn|18\n|\n|t:|1781457343\n|move|p2a: Oricorio|Roost|p2a: Oricorio\n|-heal|p2a: Oricorio|253/257\n|-singleturn|p2a: Oricorio|move: Roost\n|-activate|p1a: Raikou|confusion\n|move|p1a: Raikou|Thunderbolt|p2a: Oricorio\n|-resisted|p2a: Oricorio\n|-damage|p2a: Oricorio|196/257\n|\n|-heal|p1a: Raikou|258/278|[from] item: Leftovers\n|upkeep\n|turn|19\n|\n|t:|1781457350\n|move|p2a: Oricorio|Revelation Dance|p1a: Raikou\n|-resisted|p1a: Raikou\n|-damage|p1a: Raikou|216/278\n|-activate|p1a: Raikou|confusion\n|-damage|p1a: Raikou|195/278|[from] confusion\n|\n|-heal|p1a: Raikou|212/278|[from] item: Leftovers\n|upkeep\n|turn|20\n|\n|t:|1781457354\n|move|p2a: Oricorio|Revelation Dance|p1a: Raikou\n|-resisted|p1a: Raikou\n|-damage|p1a: Raikou|169/278\n|-end|p1a: Raikou|confusion\n|move|p1a: Raikou|Scald|p2a: Oricorio\n|-damage|p2a: Oricorio|116/257\n|\n|-heal|p1a: Raikou|186/278|[from] item: Leftovers\n|upkeep\n|turn|21\n|\n|t:|1781457358\n|move|p2a: Oricorio|Roost|p2a: Oricorio\n|-heal|p2a: Oricorio|245/257\n|-singleturn|p2a: Oricorio|move: Roost\n|move|p1a: Raikou|Scald|p2a: Oricorio\n|-damage|p2a: Oricorio|169/257\n|\n|-heal|p1a: Raikou|203/278|[from] item: Leftovers\n|upkeep\n|turn|22\n|\n|t:|1781457362\n|move|p2a: Oricorio|Hurricane|p1a: Raikou\n|-resisted|p1a: Raikou\n|-damage|p1a: Raikou|154/278\n|move|p1a: Raikou|Thunderbolt|p2a: Oricorio\n|-damage|p2a: Oricorio|42/257\n|\n|-heal|p1a: Raikou|171/278|[from] item: Leftovers\n|upkeep\n|turn|23\n|\n|t:|1781457368\n|move|p2a: Oricorio|Roost|p2a: Oricorio\n|-heal|p2a: Oricorio|171/257\n|-singleturn|p2a: Oricorio|move: Roost\n|move|p1a: Raikou|Scald|p2a: Oricorio\n|-damage|p2a: Oricorio|101/257\n|-status|p2a: Oricorio|brn\n|\n|-heal|p1a: Raikou|188/278|[from] item: Leftovers\n|-damage|p2a: Oricorio|85/257 brn|[from] brn\n|upkeep\n|turn|24\n|\n|t:|1781457374\n|move|p2a: Oricorio|Roost|p2a: Oricorio\n|-heal|p2a: Oricorio|214/257 brn\n|-singleturn|p2a: Oricorio|move: Roost\n|move|p1a: Raikou|Scald|p2a: Oricorio\n|-damage|p2a: Oricorio|139/257 brn\n|\n|-heal|p1a: Raikou|205/278|[from] item: Leftovers\n|-damage|p2a: Oricorio|123/257 brn|[from] brn\n|upkeep\n|turn|25\n|\n|t:|1781457376\n|move|p2a: Oricorio|Roost|p2a: Oricorio\n|-heal|p2a: Oricorio|252/257 brn\n|-singleturn|p2a: Oricorio|move: Roost\n|move|p1a: Raikou|Thunderbolt|p2a: Oricorio\n|-resisted|p2a: Oricorio\n|-damage|p2a: Oricorio|192/257 brn\n|\n|-heal|p1a: Raikou|222/278|[from] item: Leftovers\n|-damage|p2a: Oricorio|176/257 brn|[from] brn\n|upkeep\n|turn|26\n|\n|t:|1781457378\n|move|p2a: Oricorio|Hurricane|p1a: Raikou|[miss]\n|-miss|p2a: Oricorio|p1a: Raikou\n|move|p1a: Raikou|Thunderbolt|p2a: Oricorio\n|-damage|p2a: Oricorio|55/257 brn\n|\n|-heal|p1a: Raikou|239/278|[from] item: Leftovers\n|-damage|p2a: Oricorio|39/257 brn|[from] brn\n|upkeep\n|turn|27\n|\n|t:|1781457381\n|move|p2a: Oricorio|Roost|p2a: Oricorio\n|-heal|p2a: Oricorio|168/257 brn\n|-singleturn|p2a: Oricorio|move: Roost\n|move|p1a: Raikou|Scald|p2a: Oricorio\n|-damage|p2a: Oricorio|88/257 brn\n|\n|-heal|p1a: Raikou|256/278|[from] item: Leftovers\n|-damage|p2a: Oricorio|72/257 brn|[from] brn\n|upkeep\n|turn|28\n|\n|t:|1781457385\n|move|p2a: Oricorio|Roost|p2a: Oricorio\n|-heal|p2a: Oricorio|201/257 brn\n|-singleturn|p2a: Oricorio|move: Roost\n|move|p1a: Raikou|Scald|p2a: Oricorio\n|-damage|p2a: Oricorio|132/257 brn\n|\n|-heal|p1a: Raikou|273/278|[from] item: Leftovers\n|-damage|p2a: Oricorio|116/257 brn|[from] brn\n|upkeep\n|turn|29\n|\n|t:|1781457388\n|move|p2a: Oricorio|Hurricane|p1a: Raikou\n|-resisted|p1a: Raikou\n|-damage|p1a: Raikou|222/278\n|-start|p1a: Raikou|confusion\n|-activate|p1a: Raikou|confusion\n|move|p1a: Raikou|Thunderbolt|p2a: Oricorio\n|-damage|p2a: Oricorio|0 fnt\n|faint|p2a: Oricorio\n|\n|-heal|p1a: Raikou|239/278|[from] item: Leftovers\n|upkeep\n|\n|t:|1781457395\n|switch|p2a: Cinccino|Cinccino, L83, F, tera:Ice|260/260\n|turn|30\n|\n|t:|1781457409\n|move|p2a: Cinccino|Triple Axel|p1a: Raikou\n|-damage|p1a: Raikou|202/278\n|-damage|p1a: Raikou|126/278\n|-damage|p1a: Raikou|18/278\n|-hitcount|p1a: Raikou|3\n|-activate|p1a: Raikou|confusion\n|move|p1a: Raikou|Thunderbolt|p2a: Cinccino\n|-damage|p2a: Cinccino|0 fnt\n|faint|p2a: Cinccino\n|\n|-heal|p1a: Raikou|35/278|[from] item: Leftovers\n|upkeep\n|\n|t:|1781457427\n|switch|p2a: Regice|Regice, L88|284/284\n|turn|31\n|\n|t:|1781457436\n|-activate|p1a: Raikou|confusion\n|move|p1a: Raikou|Thunderbolt|p2a: Regice\n|-damage|p2a: Regice|70/284\n|move|p2a: Regice|Ice Beam|p1a: Raikou\n|-damage|p1a: Raikou|7/278\n|\n|-heal|p1a: Raikou|24/278|[from] item: Leftovers\n|upkeep\n|turn|32\n|\n|t:|1781457440\n|-end|p1a: Raikou|confusion\n|move|p1a: Raikou|Thunderbolt|p2a: Regice\n|-damage|p2a: Regice|0 fnt\n|faint|p2a: Regice\n|\n|-heal|p1a: Raikou|41/278|[from] item: Leftovers\n|upkeep\n|-message|oat consumer forfeited.\n|\n|win|DungBeetleEnjoyer\n", "inputlog": ">version a8376a258c1d4662feba110a92103f3664a72141\n>start {\"formatid\":\"gen9randombattle\",\"seed\":\"sodium,67cc1fa4ba8bf1b0392d1ff61b825b7a\",\"rated\":\"Rated battle\"}\n>player p1 {\"name\":\"DungBeetleEnjoyer\",\"avatar\":\"swimmer-gen4\",\"rating\":2020,\"seed\":\"sodium,b0ce938c31611e3445fea3f94d3d0c63\"}\n>player p2 {\"name\":\"oat consumer\",\"avatar\":\"miku-ground\",\"rating\":1973,\"seed\":\"sodium,bff5bfba68b10d708638919d17464173\"}\n>chat \u2606oat consumer|uhh\n>p1 move willowisp\n>p2 switch 5\n>p1 switch 2\n>p2 move swordsdance\n>p1 move swordsdance\n>p2 switch 5\n>p1 move doubleedge\n>p2 switch 5\n>p1 move leafblade\n>p2 move knockoff\n>p2 switch 6\n>p1 move leafblade\n>p2 move tripleaxel terastallize\n>p1 switch 6\n>p1 move irondefense\n>p2 switch 5\n>p1 switch 5\n>p2 move quiverdance\n>p1 move calmmind\n>p2 move quiverdance\n>p1 move calmmind\n>p2 move quiverdance\n>p1 move calmmind\n>p2 move quiverdance\n>p1 move calmmind\n>p2 move quiverdance\n>p1 move calmmind\n>p2 move quiverdance\n>p1 move calmmind\n>p2 move hurricane\n>p1 move thunderbolt\n>p2 move hurricane\n>p1 move thunderbolt\n>p2 move roost\n>p1 move scald\n>p2 move hurricane\n>p1 move thunderbolt\n>p2 move roost\n>p1 move scald\n>p2 move revelationdance\n>p1 move scald\n>p2 move revelationdance\n>p1 move scald\n>p2 move roost\n>p1 move thunderbolt\n>p2 move hurricane\n>p1 move scald\n>p2 move roost\n>p1 move scald\n>p2 move roost\n>p1 move thunderbolt\n>p2 move roost\n>p1 move thunderbolt\n>p2 move hurricane\n>p1 move scald\n>p2 move roost\n>p1 move scald\n>p2 move roost\n>p1 move thunderbolt\n>p2 move hurricane\n>p2 switch 5\n>p1 move thunderbolt\n>p2 move tripleaxel\n>p2 switch 2\n>p1 move thunderbolt\n>p2 move icebeam\n>p1 move thunderbolt\n>p2 move icebeam\n>forcelose p2", "uploadtime": 1781457033, "views": 8, "formatid": "gen9randombattle", "rating": null, "private": 0, "password": null, "player_dets": [{"name": "DungBeetleEnjoyer", "avatar": "swimmer-gen4", "rating": 2020, "seed": "sodium,b0ce938c31611e3445fea3f94d3d0c63"}, {"name": "oat consumer", "avatar": "miku-ground", "rating": 1973, "seed": "sodium,bff5bfba68b10d708638919d17464173"}], "teams_full": [{"Misdreavus": {"name": "Misdreavus", "species": "Misdreavus", "speciesId": "misdreavus", "gender": "F", "shiny": false, "level": 90, "moves": ["calmmind", "willowisp", "drainingkiss", "shadowball"], "ability": "Levitate", "evs": {"hp": 85, "atk": 0, "def": 85, "spa": 85, "spd": 85, "spe": 85}, "ivs": {"hp": 31, "atk": 0, "def": 31, "spa": 31, "spd": 31, "spe": 31}, "item": "Eviolite", "teraType": "Fairy", "role": "Bulky Setup", "bvs": {"hp": 60, "atk": 60, "def": 60, "spa": 85, "spd": 85, "spe": 85}, "stats": {"hp": 254, "atk": 113, "def": 159, "spa": 204, "spd": 204, "spe": 204}, "types": ["Ghost"]}, "Leafeon": {"name": "Leafeon", "species": "Leafeon", "speciesId": "leafeon", "gender": "M", "shiny": false, "level": 88, "moves": ["doubleedge", "swordsdance", "leafblade", "substitute"], "ability": "Chlorophyll", "evs": {"hp": 85, "atk": 85, "def": 85, "spa": 85, "spd": 85, "spe": 85}, "ivs": {"hp": 31, "atk": 31, "def": 31, "spa": 31, "spd": 31, "spe": 31}, "item": "Leftovers", "teraType": "Normal", "role": "Setup Sweeper", "bvs": {"hp": 65, "atk": 110, "def": 130, "spa": 60, "spd": 65, "spe": 95}, "stats": {"hp": 258, "atk": 244, "def": 279, "spa": 156, "spd": 165, "spe": 217}, "types": ["Grass"]}, "Jirachi": {"name": "Jirachi", "species": "Jirachi", "speciesId": "jirachi", "gender": "N", "shiny": false, "level": 80, "moves": ["healingwish", "uturn", "ironhead", "psychic"], "ability": "Serene Grace", "evs": {"hp": 85, "atk": 85, "def": 85, "spa": 85, "spd": 85, "spe": 85}, "ivs": {"hp": 31, "atk": 31, "def": 31, "spa": 31, "spd": 31, "spe": 31}, "item": "Choice Scarf", "teraType": "Water", "role": "Bulky Support", "bvs": {"hp": 100, "atk": 100, "def": 100, "spa": 100, "spd": 100, "spe": 100}, "stats": {"hp": 291, "atk": 206, "def": 206, "spa": 206, "spd": 206, "spe": 206}, "types": ["Steel", "Psychic"]}, "Uxie": {"name": "Uxie", "species": "Uxie", "speciesId": "uxie", "gender": "N", "shiny": false, "level": 83, "moves": ["knockoff", "yawn", "uturn", "psychicnoise"], "ability": "Levitate", "evs": {"hp": 85, "atk": 85, "def": 85, "spa": 85, "spd": 85, "spe": 85}, "ivs": {"hp": 31, "atk": 31, "def": 31, "spa": 31, "spd": 31, "spe": 31}, "item": "Leftovers", "teraType": "Dark", "role": "Bulky Support", "bvs": {"hp": 75, "atk": 75, "def": 130, "spa": 75, "spd": 130, "spe": 95}, "stats": {"hp": 260, "atk": 172, "def": 263, "spa": 172, "spd": 263, "spe": 205}, "types": ["Psychic"]}, "Raikou": {"name": "Raikou", "species": "Raikou", "speciesId": "raikou", "gender": "N", "shiny": false, "level": 81, "moves": ["thunderbolt", "shadowball", "scald", "calmmind"], "ability": "Pressure", "evs": {"hp": 85, "atk": 0, "def": 85, "spa": 85, "spd": 85, "spe": 85}, "ivs": {"hp": 31, "atk": 0, "def": 31, "spa": 31, "spd": 31, "spe": 31}, "item": "Leftovers", "teraType": "Water", "role": "Bulky Attacker", "bvs": {"hp": 90, "atk": 85, "def": 75, "spa": 115, "spd": 100, "spe": 115}, "stats": {"hp": 278, "atk": 142, "def": 168, "spa": 233, "spd": 209, "spe": 233}, "types": ["Electric"]}, "Skarmory": {"name": "Skarmory", "species": "Skarmory", "speciesId": "skarmory", "gender": "F", "shiny": false, "level": 80, "moves": ["roost", "bravebird", "bodypress", "irondefense"], "ability": "Sturdy", "evs": {"hp": 85, "atk": 85, "def": 85, "spa": 85, "spd": 85, "spe": 85}, "ivs": {"hp": 31, "atk": 31, "def": 31, "spa": 31, "spd": 31, "spe": 31}, "item": "Leftovers", "teraType": "Fighting", "role": "Bulky Setup", "bvs": {"hp": 65, "atk": 80, "def": 140, "spa": 40, "spd": 70, "spe": 70}, "stats": {"hp": 235, "atk": 174, "def": 270, "spa": 110, "spd": 158, "spe": 158}, "types": ["Steel", "Flying"]}}, {"Oricorio": {"name": "Oricorio", "species": "Oricorio-Pom-Pom", "speciesId": "oricoriopompom", "gender": "M", "shiny": false, "level": 82, "moves": ["hurricane", "revelationdance", "roost", "quiverdance"], "ability": "Dancer", "evs": {"hp": 85, "atk": 0, "def": 85, "spa": 85, "spd": 85, "spe": 85}, "ivs": {"hp": 31, "atk": 0, "def": 31, "spa": 31, "spd": 31, "spe": 31}, "item": "Heavy-Duty Boots", "teraType": "Ground", "role": "Setup Sweeper", "bvs": {"hp": 75, "atk": 70, "def": 70, "spa": 98, "spd": 70, "spe": 93}, "stats": {"hp": 257, "atk": 119, "def": 162, "spa": 208, "spd": 162, "spe": 200}, "types": ["Electric", "Flying"]}, "Regice": {"name": "Regice", "species": "Regice", "speciesId": "regice", "gender": "N", "shiny": false, "level": 88, "moves": ["icebeam", "thunderbolt", "rest", "sleeptalk"], "ability": "Clear Body", "evs": {"hp": 85, "atk": 0, "def": 85, "spa": 85, "spd": 85, "spe": 85}, "ivs": {"hp": 31, "atk": 0, "def": 31, "spa": 31, "spd": 31, "spe": 31}, "item": "Heavy-Duty Boots", "teraType": "Electric", "role": "Bulky Attacker", "bvs": {"hp": 80, "atk": 50, "def": 100, "spa": 100, "spd": 200, "spe": 50}, "stats": {"hp": 284, "atk": 93, "def": 226, "spa": 226, "spd": 402, "spe": 138}, "types": ["Ice"]}, "Jolteon": {"name": "Jolteon", "species": "Jolteon", "speciesId": "jolteon", "gender": "M", "shiny": false, "level": 84, "moves": ["terablast", "substitute", "thunderbolt", "calmmind"], "ability": "Volt Absorb", "evs": {"hp": 85, "atk": 0, "def": 85, "spa": 85, "spd": 85, "spe": 85}, "ivs": {"hp": 31, "atk": 0, "def": 31, "spa": 31, "spd": 31, "spe": 31}, "item": "Leftovers", "teraType": "Ice", "role": "Tera Blast user", "bvs": {"hp": 65, "atk": 65, "def": 60, "spa": 110, "spd": 95, "spe": 130}, "stats": {"hp": 246, "atk": 114, "def": 149, "spa": 233, "spd": 208, "spe": 267}, "types": ["Electric"]}, "Bronzong": {"name": "Bronzong", "species": "Bronzong", "speciesId": "bronzong", "gender": "N", "shiny": false, "level": 88, "moves": ["psychicnoise", "irondefense", "ironhead", "bodypress"], "ability": "Levitate", "evs": {"hp": 85, "atk": 85, "def": 85, "spa": 85, "spd": 85, "spe": 85}, "ivs": {"hp": 31, "atk": 31, "def": 31, "spa": 31, "spd": 31, "spe": 31}, "item": "Leftovers", "teraType": "Fighting", "role": "Bulky Setup", "bvs": {"hp": 67, "atk": 89, "def": 116, "spa": 79, "spd": 116, "spe": 33}, "stats": {"hp": 261, "atk": 207, "def": 254, "spa": 189, "spd": 254, "spe": 108}, "types": ["Steel", "Psychic"]}, "Samurott": {"name": "Samurott", "species": "Samurott", "speciesId": "samurott", "gender": "M", "shiny": false, "level": 88, "moves": ["megahorn", "liquidation", "swordsdance", "knockoff"], "ability": "Torrent", "evs": {"hp": 85, "atk": 85, "def": 85, "spa": 85, "spd": 85, "spe": 85}, "ivs": {"hp": 31, "atk": 31, "def": 31, "spa": 31, "spd": 31, "spe": 31}, "item": "Life Orb", "teraType": "Dark", "role": "Setup Sweeper", "bvs": {"hp": 95, "atk": 100, "def": 85, "spa": 108, "spd": 70, "spe": 70}, "stats": {"hp": 310, "atk": 226, "def": 200, "spa": 240, "spd": 173, "spe": 173}, "types": ["Water"]}, "Cinccino": {"name": "Cinccino", "species": "Cinccino", "speciesId": "cinccino", "gender": "F", "shiny": false, "level": 83, "moves": ["uturn", "tailslap", "tripleaxel", "bulletseed"], "ability": "Technician", "evs": {"hp": 85, "atk": 85, "def": 85, "spa": 85, "spd": 85, "spe": 85}, "ivs": {"hp": 31, "atk": 31, "def": 31, "spa": 31, "spd": 31, "spe": 31}, "item": "Loaded Dice", "teraType": "Ice", "role": "Fast Attacker", "bvs": {"hp": 75, "atk": 95, "def": 60, "spa": 65, "spd": 60, "spe": 115}, "stats": {"hp": 260, "atk": 205, "def": 147, "spa": 156, "spd": 147, "spe": 239}, "types": ["Normal"]}}]}