{"id": "gen9randombattle-2631839080", "format": "[Gen 9] Random Battle", "players": ["Mcnoodle", "ColdWaterSteam"], "log": "|j|\u2606Mcnoodle\n|j|\u2606ColdWaterSteam\n|t:|1781446638\n|gametype|singles\n|player|p1|Mcnoodle|backpacker|2086\n|player|p2|ColdWaterSteam|2|2059\n|gen|9\n|tier|[Gen 9] Random Battle\n|rated|\n|rule|Species Clause: Limit one of each Pok\u00e9mon\n|rule|HP Percentage Mod: HP is shown in percentages\n|rule|Sleep Clause Mod: Limit one foe put to sleep\n|rule|Illusion Level Mod: Illusion disguises the Pok\u00e9mon's true level\n|\n|t:|1781446638\n|teamsize|p1|6\n|teamsize|p2|6\n|start\n|switch|p1a: Dragalge|Dragalge, L88, M|258/258\n|switch|p2a: Hitmonchan|Hitmonchan, L87, M|229/229\n|turn|1\n|inactive|Battle timer is ON: inactive players will automatically lose when time's up. (requested by ColdWaterSteam)\n|inactive|Mcnoodle also wants the timer to be on.\n|inactive|Mcnoodle has 120 seconds left.\n|\n|t:|1781446696\n|move|p2a: Hitmonchan|Knock Off|p1a: Dragalge\n|-damage|p1a: Dragalge|190/258\n|-enditem|p1a: Dragalge|Assault Vest|[from] move: Knock Off|[of] p2a: Hitmonchan\n|move|p1a: Dragalge|Sludge Wave|p2a: Hitmonchan\n|-damage|p2a: Hitmonchan|99/229\n|\n|-heal|p2a: Hitmonchan|113/229|[from] item: Leftovers\n|upkeep\n|turn|2\n|\n|t:|1781446713\n|switch|p2a: Donphan|Donphan, L84, M|288/288\n|move|p1a: Dragalge|Draco Meteor|p2a: Donphan\n|-damage|p2a: Donphan|44/288\n|-unboost|p1a: Dragalge|spa|2\n|\n|-heal|p2a: Donphan|62/288|[from] item: Leftovers\n|upkeep\n|turn|3\n|\n|t:|1781446724\n|switch|p1a: Sawsbuck|Sawsbuck-Summer, L88, M|284/284\n|move|p2a: Donphan|Stealth Rock|p1a: Sawsbuck\n|-sidestart|p1: Mcnoodle|move: Stealth Rock\n|\n|-heal|p2a: Donphan|80/288|[from] item: Leftovers\n|upkeep\n|turn|4\n|\n|t:|1781446733\n|move|p1a: Sawsbuck|Horn Leech|p2a: Donphan\n|-supereffective|p2a: Donphan\n|-damage|p2a: Donphan|0 fnt\n|faint|p2a: Donphan\n|-damage|p1a: Sawsbuck|256/284|[from] item: Life Orb\n|\n|upkeep\n|\n|t:|1781446739\n|switch|p2a: Talonflame|Talonflame, L83, F|265/265\n|turn|5\n|\n|t:|1781446750\n|switch|p1a: Carbink|Carbink, L90|236/236\n|-damage|p1a: Carbink|207/236|[from] Stealth Rock\n|move|p2a: Talonflame|U-turn|p1a: Carbink\n|-resisted|p1a: Carbink\n|-damage|p1a: Carbink|194/236\n|\n|t:|1781446769\n|switch|p2a: Hitmonchan|Hitmonchan, L87, M|113/229|[from] U-turn\n|\n|-heal|p2a: Hitmonchan|127/229|[from] item: Leftovers\n|-heal|p1a: Carbink|208/236|[from] item: Leftovers\n|upkeep\n|turn|6\n|\n|t:|1781446777\n|move|p2a: Hitmonchan|Knock Off|p1a: Carbink\n|-resisted|p1a: Carbink\n|-damage|p1a: Carbink|185/236\n|-enditem|p1a: Carbink|Leftovers|[from] move: Knock Off|[of] p2a: Hitmonchan\n|move|p1a: Carbink|Moonblast|p2a: Hitmonchan\n|-supereffective|p2a: Hitmonchan\n|-crit|p2a: Hitmonchan\n|-damage|p2a: Hitmonchan|0 fnt\n|faint|p2a: Hitmonchan\n|\n|upkeep\n|\n|t:|1781446797\n|switch|p2a: Vigoroth|Vigoroth, L85, M|275/275\n|turn|7\n|\n|t:|1781446803\n|move|p2a: Vigoroth|Bulk Up|p2a: Vigoroth\n|-boost|p2a: Vigoroth|atk|1\n|-boost|p2a: Vigoroth|def|1\n|move|p1a: Carbink|Iron Defense|p1a: Carbink\n|-boost|p1a: Carbink|def|2\n|\n|upkeep\n|turn|8\n|\n|t:|1781446807\n|move|p2a: Vigoroth|Earthquake|p1a: Carbink\n|-supereffective|p1a: Carbink\n|-damage|p1a: Carbink|121/236\n|move|p1a: Carbink|Iron Defense|p1a: Carbink\n|-boost|p1a: Carbink|def|2\n|\n|upkeep\n|turn|9\n|\n|t:|1781446815\n|switch|p2a: Talonflame|Talonflame, L83, F|265/265\n|move|p1a: Carbink|Body Press|p2a: Talonflame\n|-resisted|p2a: Talonflame\n|-damage|p2a: Talonflame|106/265\n|-status|p1a: Carbink|brn|[from] ability: Flame Body|[of] p2a: Talonflame\n|\n|-damage|p1a: Carbink|107/236 brn|[from] brn\n|upkeep\n|turn|10\n|\n|t:|1781446823\n|move|p2a: Talonflame|Roost|p2a: Talonflame\n|-heal|p2a: Talonflame|239/265\n|-singleturn|p2a: Talonflame|move: Roost\n|move|p1a: Carbink|Body Press|p2a: Talonflame\n|-damage|p2a: Talonflame|68/265\n|\n|-damage|p1a: Carbink|93/236 brn|[from] brn\n|upkeep\n|turn|11\n|\n|t:|1781446827\n|move|p2a: Talonflame|Roost|p2a: Talonflame\n|-heal|p2a: Talonflame|201/265\n|-singleturn|p2a: Talonflame|move: Roost\n|move|p1a: Carbink|Body Press|p2a: Talonflame\n|-damage|p2a: Talonflame|40/265\n|\n|-damage|p1a: Carbink|79/236 brn|[from] brn\n|upkeep\n|turn|12\n|\n|t:|1781446839\n|move|p2a: Talonflame|Roost|p2a: Talonflame\n|-heal|p2a: Talonflame|173/265\n|-singleturn|p2a: Talonflame|move: Roost\n|move|p1a: Carbink|Body Press|p2a: Talonflame\n|-damage|p2a: Talonflame|0 fnt\n|faint|p2a: Talonflame\n|\n|-damage|p1a: Carbink|65/236 brn|[from] brn\n|upkeep\n|\n|t:|1781446851\n|switch|p2a: Chesnaught|Chesnaught, L84, F|285/285\n|turn|13\n|\n|t:|1781446856\n|move|p2a: Chesnaught|Iron Defense|p2a: Chesnaught\n|-boost|p2a: Chesnaught|def|2\n|move|p1a: Carbink|Body Press|p2a: Chesnaught\n|-damage|p2a: Chesnaught|230/285\n|\n|-heal|p2a: Chesnaught|247/285|[from] item: Leftovers\n|-damage|p1a: Carbink|51/236 brn|[from] brn\n|upkeep\n|turn|14\n|\n|t:|1781446859\n|move|p2a: Chesnaught|Trailblaze|p1a: Carbink\n|-supereffective|p1a: Carbink\n|-damage|p1a: Carbink|27/236 brn\n|-boost|p2a: Chesnaught|spe|1\n|move|p1a: Carbink|Moonblast|p2a: Chesnaught\n|-supereffective|p2a: Chesnaught\n|-damage|p2a: Chesnaught|71/285\n|\n|-heal|p2a: Chesnaught|88/285|[from] item: Leftovers\n|-damage|p1a: Carbink|13/236 brn|[from] brn\n|upkeep\n|turn|15\n|\n|t:|1781446870\n|-terastallize|p2a: Chesnaught|Steel\n|move|p2a: Chesnaught|Synthesis|p2a: Chesnaught\n|-heal|p2a: Chesnaught|230/285\n|move|p1a: Carbink|Moonblast|p2a: Chesnaught\n|-resisted|p2a: Chesnaught\n|-damage|p2a: Chesnaught|188/285\n|-unboost|p2a: Chesnaught|spa|1\n|\n|-heal|p2a: Chesnaught|205/285|[from] item: Leftovers\n|-damage|p1a: Carbink|0 fnt|[from] brn\n|faint|p1a: Carbink\n|upkeep\n|\n|t:|1781446875\n|switch|p1a: Dragalge|Dragalge, L88, M|190/258\n|-damage|p1a: Dragalge|158/258|[from] Stealth Rock\n|turn|16\n|l|\u2606ColdWaterSteam\n|inactive|ColdWaterSteam disconnected and has a minute to reconnect!\n|player|p2|\n|inactive|ColdWaterSteam has 30 seconds to reconnect!\n|inactive|Mcnoodle has 120 seconds left.\n|inactive|ColdWaterSteam has 20 seconds to reconnect!\n|j|\u2606ColdWaterSteam\n|inactive|ColdWaterSteam reconnected and has 95 seconds left.\n|player|p2|ColdWaterSteam|2|\n|inactive|ColdWaterSteam has 90 seconds left.\n|\n|t:|1781446949\n|move|p2a: Chesnaught|Body Press|p1a: Dragalge\n|-resisted|p1a: Dragalge\n|-damage|p1a: Dragalge|58/258\n|move|p1a: Dragalge|Focus Blast|p2a: Chesnaught\n|-immune|p2a: Chesnaught|[from] ability: Bulletproof\n|\n|-heal|p2a: Chesnaught|222/285|[from] item: Leftovers\n|upkeep\n|turn|17\n|\n|t:|1781446958\n|move|p2a: Chesnaught|Body Press|p1a: Dragalge\n|-resisted|p1a: Dragalge\n|-damage|p1a: Dragalge|0 fnt\n|faint|p1a: Dragalge\n|\n|-heal|p2a: Chesnaught|239/285|[from] item: Leftovers\n|upkeep\n|inactive|Mcnoodle has 120 seconds left.\n|\n|t:|1781446966\n|switch|p1a: Politoed|Politoed, L88, M|302/302\n|-damage|p1a: Politoed|265/302|[from] Stealth Rock\n|-weather|RainDance|[from] ability: Drizzle|[of] p1a: Politoed\n|turn|18\n|inactive|ColdWaterSteam has 90 seconds left.\n|inactive|Mcnoodle has 120 seconds left.\n|\n|t:|1781446982\n|-terastallize|p1a: Politoed|Water\n|move|p2a: Chesnaught|Body Press|p1a: Politoed\n|-damage|p1a: Politoed|66/302\n|move|p1a: Politoed|Weather Ball|p2a: Chesnaught\n|-immune|p2a: Chesnaught|[from] ability: Bulletproof\n|\n|-weather|RainDance|[upkeep]\n|-heal|p2a: Chesnaught|256/285|[from] item: Leftovers\n|upkeep\n|turn|19\n|inactive|ColdWaterSteam has 90 seconds left.\n|-message|Mcnoodle forfeited.\n|\n|win|ColdWaterSteam\n", "inputlog": ">version a8376a258c1d4662feba110a92103f3664a72141\n>start {\"formatid\":\"gen9randombattle\",\"seed\":\"sodium,d79cc9eaa4e43dcb74969cd4dd2e8ec1\",\"rated\":\"Rated battle\"}\n>player p1 {\"name\":\"Mcnoodle\",\"avatar\":\"backpacker\",\"rating\":2086,\"seed\":\"sodium,fc19baf829776430f817d6833695f2f3\"}\n>player p2 {\"name\":\"ColdWaterSteam\",\"avatar\":\"2\",\"rating\":2059,\"seed\":\"sodium,89706d4de05eb10cfc82b1f58e08a4f3\"}\n>p1 move sludgewave\n>p2 move knockoff\n>p1 move dracometeor\n>p2 switch 6\n>p1 switch 5\n>p2 move stealthrock\n>p1 move hornleech\n>p2 move icespinner\n>p2 switch 2\n>p1 switch 2\n>p2 move uturn\n>p2 switch 6\n>p1 move moonblast\n>p2 move knockoff\n>p2 switch 5\n>p1 move irondefense\n>p2 move bulkup\n>p1 move irondefense\n>p2 move earthquake\n>p1 move bodypress\n>p2 switch 6\n>p1 move bodypress\n>p2 move roost\n>p1 move bodypress\n>p2 move roost\n>p1 move bodypress\n>p2 move roost\n>p2 switch 3\n>p1 move bodypress\n>p2 move irondefense\n>p1 move moonblast\n>p2 move trailblaze\n>p1 move moonblast\n>p2 move synthesis terastallize\n>p1 switch 5\n>p1 move focusblast\n>p2 move bodypress\n>p1 move focusblast\n>p2 move bodypress\n>p1 switch 3\n>p1 move weatherball terastallize\n>p2 move bodypress\n>forcelose p1", "uploadtime": 1781446640, "views": 5, "formatid": "gen9randombattle", "rating": null, "private": 0, "password": null, "player_dets": [{"name": "Mcnoodle", "avatar": "backpacker", "rating": 2086, "seed": "sodium,fc19baf829776430f817d6833695f2f3"}, {"name": "ColdWaterSteam", "avatar": "2", "rating": 2059, "seed": "sodium,89706d4de05eb10cfc82b1f58e08a4f3"}], "teams_full": [{"Dragalge": {"name": "Dragalge", "species": "Dragalge", "speciesId": "dragalge", "gender": "M", "shiny": false, "level": 88, "moves": ["dragontail", "dracometeor", "sludgewave", "focusblast"], "ability": "Adaptability", "evs": {"hp": 85, "atk": 85, "def": 85, "spa": 85, "spd": 85, "spe": 85}, "ivs": {"hp": 31, "atk": 31, "def": 31, "spa": 31, "spd": 31, "spe": 31}, "item": "Assault Vest", "teraType": "Fighting", "role": "Bulky Attacker", "bvs": {"hp": 65, "atk": 75, "def": 90, "spa": 97, "spd": 123, "spe": 44}, "stats": {"hp": 258, "atk": 182, "def": 209, "spa": 221, "spd": 267, "spe": 128}}, "Carbink": {"name": "Carbink", "species": "Carbink", "speciesId": "carbink", "gender": "N", "shiny": false, "level": 90, "moves": ["moonblast", "irondefense", "bodypress", "rockpolish"], "ability": "Sturdy", "evs": {"hp": 85, "atk": 0, "def": 85, "spa": 85, "spd": 85, "spe": 85}, "ivs": {"hp": 31, "atk": 0, "def": 31, "spa": 31, "spd": 31, "spe": 31}, "item": "Leftovers", "teraType": "Fighting", "role": "Fast Bulky Setup", "bvs": {"hp": 50, "atk": 50, "def": 150, "spa": 50, "spd": 150, "spe": 50}, "stats": {"hp": 236, "atk": 95, "def": 321, "spa": 141, "spd": 321, "spe": 141}}, "Politoed": {"name": "Politoed", "species": "Politoed", "speciesId": "politoed", "gender": "M", "shiny": false, "level": 88, "moves": ["focusblast", "weatherball", "hydropump", "icebeam"], "ability": "Drizzle", "evs": {"hp": 85, "atk": 0, "def": 85, "spa": 85, "spd": 85, "spe": 85}, "ivs": {"hp": 31, "atk": 0, "def": 31, "spa": 31, "spd": 31, "spe": 31}, "item": "Choice Specs", "teraType": "Water", "role": "Fast Attacker", "bvs": {"hp": 90, "atk": 75, "def": 75, "spa": 90, "spd": 100, "spe": 70}, "stats": {"hp": 302, "atk": 137, "def": 182, "spa": 209, "spd": 226, "spe": 173}}, "Hariyama": {"name": "Hariyama", "species": "Hariyama", "speciesId": "hariyama", "gender": "F", "shiny": false, "level": 87, "moves": ["knockoff", "bulletpunch", "facade", "closecombat"], "ability": "Guts", "evs": {"hp": 85, "atk": 85, "def": 85, "spa": 85, "spd": 85, "spe": 85}, "ivs": {"hp": 31, "atk": 31, "def": 31, "spa": 31, "spd": 31, "spe": 31}, "item": "Flame Orb", "teraType": "Normal", "role": "Wallbreaker", "bvs": {"hp": 144, "atk": 120, "def": 60, "spa": 40, "spd": 60, "spe": 50}, "stats": {"hp": 392, "atk": 259, "def": 154, "spa": 119, "spd": 154, "spe": 137}}, "Sawsbuck": {"name": "Sawsbuck", "species": "Sawsbuck-Summer", "speciesId": "sawsbuck", "gender": "M", "shiny": false, "level": 88, "moves": ["swordsdance", "hornleech", "headbutt", "highhorsepower"], "ability": "Serene Grace", "evs": {"hp": 85, "atk": 85, "def": 85, "spa": 85, "spd": 85, "spe": 85}, "ivs": {"hp": 31, "atk": 31, "def": 31, "spa": 31, "spd": 31, "spe": 31}, "item": "Life Orb", "teraType": "Normal", "role": "Fast Attacker", "bvs": {"hp": 80, "atk": 100, "def": 70, "spa": 60, "spd": 70, "spe": 95}, "stats": {"hp": 284, "atk": 226, "def": 173, "spa": 156, "spd": 173, "spe": 217}}, "Beartic": {"name": "Beartic", "species": "Beartic", "speciesId": "beartic", "gender": "F", "shiny": false, "level": 91, "moves": ["snowscape", "closecombat", "swordsdance", "iciclecrash"], "ability": "Slush Rush", "evs": {"hp": 85, "atk": 85, "def": 85, "spa": 85, "spd": 85, "spe": 85}, "ivs": {"hp": 31, "atk": 31, "def": 31, "spa": 31, "spd": 31, "spe": 31}, "item": "Heavy-Duty Boots", "teraType": "Fighting", "role": "Wallbreaker", "bvs": {"hp": 95, "atk": 130, "def": 80, "spa": 70, "spd": 80, "spe": 50}, "stats": {"hp": 321, "atk": 288, "def": 197, "spa": 179, "spd": 197, "spe": 143}}}, {"Hitmonchan": {"name": "Hitmonchan", "species": "Hitmonchan", "speciesId": "hitmonchan", "gender": "M", "shiny": false, "level": 87, "moves": ["drainpunch", "encore", "knockoff", "rapidspin"], "ability": "Iron Fist", "evs": {"hp": 85, "atk": 85, "def": 85, "spa": 85, "spd": 85, "spe": 85}, "ivs": {"hp": 31, "atk": 31, "def": 31, "spa": 31, "spd": 31, "spe": 31}, "item": "Leftovers", "teraType": "Steel", "role": "Bulky Support", "bvs": {"hp": 50, "atk": 105, "def": 79, "spa": 35, "spd": 110, "spe": 76}, "stats": {"hp": 229, "atk": 232, "def": 187, "spa": 111, "spd": 241, "spe": 182}}, "Talonflame": {"name": "Talonflame", "species": "Talonflame", "speciesId": "talonflame", "gender": "F", "shiny": false, "level": 83, "moves": ["bravebird", "uturn", "overheat", "roost"], "ability": "Flame Body", "evs": {"hp": 85, "atk": 85, "def": 85, "spa": 85, "spd": 85, "spe": 85}, "ivs": {"hp": 31, "atk": 31, "def": 31, "spa": 31, "spd": 31, "spe": 31}, "item": "Heavy-Duty Boots", "teraType": "Ground", "role": "Bulky Attacker", "bvs": {"hp": 78, "atk": 81, "def": 71, "spa": 74, "spd": 69, "spe": 126}, "stats": {"hp": 265, "atk": 182, "def": 166, "spa": 171, "spd": 162, "spe": 257}}, "Chesnaught": {"name": "Chesnaught", "species": "Chesnaught", "speciesId": "chesnaught", "gender": "F", "shiny": false, "level": 84, "moves": ["trailblaze", "bodypress", "synthesis", "irondefense"], "ability": "Bulletproof", "evs": {"hp": 85, "atk": 85, "def": 85, "spa": 85, "spd": 85, "spe": 85}, "ivs": {"hp": 31, "atk": 31, "def": 31, "spa": 31, "spd": 31, "spe": 31}, "item": "Leftovers", "teraType": "Steel", "role": "Fast Bulky Setup", "bvs": {"hp": 88, "atk": 107, "def": 122, "spa": 74, "spd": 75, "spe": 64}, "stats": {"hp": 285, "atk": 228, "def": 253, "spa": 173, "spd": 174, "spe": 156}}, "Ting-Lu": {"name": "Ting-Lu", "species": "Ting-Lu", "speciesId": "tinglu", "gender": "N", "shiny": false, "level": 78, "moves": ["whirlwind", "earthquake", "throatchop", "spikes"], "ability": "Vessel of Ruin", "evs": {"hp": 85, "atk": 85, "def": 85, "spa": 85, "spd": 85, "spe": 85}, "ivs": {"hp": 31, "atk": 31, "def": 31, "spa": 31, "spd": 31, "spe": 31}, "item": "Leftovers", "teraType": "Poison", "role": "Bulky Support", "bvs": {"hp": 155, "atk": 110, "def": 125, "spa": 55, "spd": 80, "spe": 45}, "stats": {"hp": 370, "atk": 217, "def": 240, "spa": 131, "spd": 170, "spe": 115}}, "Vigoroth": {"name": "Vigoroth", "species": "Vigoroth", "speciesId": "vigoroth", "gender": "M", "shiny": false, "level": 85, "moves": ["bodyslam", "bulkup", "slackoff", "earthquake"], "ability": "Vital Spirit", "evs": {"hp": 85, "atk": 85, "def": 85, "spa": 85, "spd": 85, "spe": 85}, "ivs": {"hp": 31, "atk": 31, "def": 31, "spa": 31, "spd": 31, "spe": 31}, "item": "Eviolite", "teraType": "Ground", "role": "Bulky Attacker", "bvs": {"hp": 80, "atk": 80, "def": 80, "spa": 55, "spd": 55, "spe": 90}, "stats": {"hp": 275, "atk": 185, "def": 185, "spa": 142, "spd": 142, "spe": 202}}, "Donphan": {"name": "Donphan", "species": "Donphan", "speciesId": "donphan", "gender": "M", "shiny": false, "level": 84, "moves": ["icespinner", "stealthrock", "earthquake", "iceshard"], "ability": "Sturdy", "evs": {"hp": 85, "atk": 85, "def": 85, "spa": 85, "spd": 85, "spe": 85}, "ivs": {"hp": 31, "atk": 31, "def": 31, "spa": 31, "spd": 31, "spe": 31}, "item": "Leftovers", "teraType": "Dragon", "role": "Bulky Support", "bvs": {"hp": 90, "atk": 120, "def": 120, "spa": 60, "spd": 60, "spe": 50}, "stats": {"hp": 288, "atk": 250, "def": 250, "spa": 149, "spd": 149, "spe": 132}}}]}