{"id": "gen9randombattle-2632004563", "format": "[Gen 9] Random Battle", "players": ["aceguy123", "Hong hoornstaart"], "log": "|j|\u2606aceguy123\n|j|\u2606Hong hoornstaart\n|t:|1781464986\n|gametype|singles\n|player|p1|aceguy123|firebreather|2257\n|player|p2|Hong hoornstaart|1|2271\n|gen|9\n|tier|[Gen 9] Random Battle\n|rated|\n|rule|Species Clause: Limit one of each Pok\u00e9mon\n|rule|HP Percentage Mod: HP is shown in percentages\n|rule|Sleep Clause Mod: Limit one foe put to sleep\n|rule|Illusion Level Mod: Illusion disguises the Pok\u00e9mon's true level\n|\n|t:|1781464986\n|teamsize|p1|6\n|teamsize|p2|6\n|start\n|switch|p1a: Bellibolt|Bellibolt, L84, F|320/320\n|switch|p2a: Meloetta|Meloetta, L82|298/298\n|turn|1\n|\n|t:|1781465005\n|switch|p2a: Swalot|Swalot, L90, M|326/326\n|move|p1a: Bellibolt|Toxic|p2a: Swalot\n|-immune|p2a: Swalot\n|\n|upkeep\n|turn|2\n|\n|t:|1781465014\n|move|p2a: Swalot|Swords Dance|p2a: Swalot\n|-boost|p2a: Swalot|atk|2\n|move|p1a: Bellibolt|Thunderbolt|p2a: Swalot\n|-damage|p2a: Swalot|232/326\n|\n|-heal|p2a: Swalot|252/326|[from] item: Leftovers\n|upkeep\n|turn|3\n|inactive|Battle timer is ON: inactive players will automatically lose when time's up. (requested by Hong hoornstaart)\n|\n|t:|1781465067\n|switch|p1a: Araquanid|Araquanid, L82, F|246/246\n|move|p2a: Swalot|Knock Off|p1a: Araquanid\n|-crit|p1a: Araquanid\n|-damage|p1a: Araquanid|64/246\n|-enditem|p1a: Araquanid|Heavy-Duty Boots|[from] move: Knock Off|[of] p2a: Swalot\n|\n|-heal|p2a: Swalot|272/326|[from] item: Leftovers\n|upkeep\n|turn|4\n|\n|t:|1781465085\n|move|p2a: Swalot|Knock Off|p1a: Araquanid\n|-damage|p1a: Araquanid|0 fnt\n|faint|p1a: Araquanid\n|\n|-heal|p2a: Swalot|292/326|[from] item: Leftovers\n|upkeep\n|\n|t:|1781465102\n|switch|p1a: Annihilape|Annihilape, L76, M|292/292\n|turn|5\n|\n|t:|1781465118\n|move|p1a: Annihilape|Bulk Up|p1a: Annihilape\n|-boost|p1a: Annihilape|atk|1\n|-boost|p1a: Annihilape|def|1\n|move|p2a: Swalot|Knock Off|p1a: Annihilape\n|-damage|p1a: Annihilape|195/292\n|-enditem|p1a: Annihilape|Leftovers|[from] move: Knock Off|[of] p2a: Swalot\n|\n|-heal|p2a: Swalot|312/326|[from] item: Leftovers\n|upkeep\n|turn|6\n|inactive|Hong hoornstaart has 120 seconds left.\n|\n|t:|1781465150\n|move|p1a: Annihilape|Drain Punch|p2a: Swalot\n|-resisted|p2a: Swalot\n|-damage|p2a: Swalot|256/326\n|-damage|p1a: Annihilape|167/292|[from] ability: Liquid Ooze|[of] p2a: Swalot\n|move|p2a: Swalot|Earthquake|p1a: Annihilape\n|-damage|p1a: Annihilape|54/292\n|\n|-heal|p2a: Swalot|276/326|[from] item: Leftovers\n|upkeep\n|turn|7\n|inactive|Hong hoornstaart has 120 seconds left.\n|\n|t:|1781465158\n|move|p1a: Annihilape|Rage Fist|p2a: Swalot\n|-damage|p2a: Swalot|50/326\n|move|p2a: Swalot|Earthquake|p1a: Annihilape\n|-damage|p1a: Annihilape|0 fnt\n|faint|p1a: Annihilape\n|\n|-heal|p2a: Swalot|70/326|[from] item: Leftovers\n|upkeep\n|\n|t:|1781465163\n|switch|p1a: Bellibolt|Bellibolt, L84, F|320/320\n|turn|8\n|\n|t:|1781465167\n|move|p2a: Swalot|Earthquake|p1a: Bellibolt\n|-supereffective|p1a: Bellibolt\n|-damage|p1a: Bellibolt|82/320\n|-start|p1a: Bellibolt|Charge|Earthquake|[from] ability: Electromorphosis\n|move|p1a: Bellibolt|Thunderbolt|p2a: Swalot\n|-crit|p2a: Swalot\n|-damage|p2a: Swalot|0 fnt\n|faint|p2a: Swalot\n|-end|p1a: Bellibolt|Charge|[silent]\n|\n|-heal|p1a: Bellibolt|102/320|[from] item: Leftovers\n|upkeep\n|\n|t:|1781465174\n|switch|p2a: Meloetta|Meloetta, L82|298/298\n|turn|9\n|inactive|aceguy123 has 120 seconds left.\n|\n|t:|1781465214\n|move|p2a: Meloetta|Relic Song|p1a: Bellibolt\n|-damage|p1a: Bellibolt|0 fnt\n|faint|p1a: Bellibolt\n|-formechange|p2a: Meloetta|Meloetta-Pirouette|[msg]\n|-damage|p2a: Meloetta|269/298|[from] item: Life Orb\n|\n|upkeep\n|-message|aceguy123 forfeited.\n|\n|win|Hong hoornstaart\n", "uploadtime": 1781464988, "views": 5, "formatid": "gen9randombattle", "rating": null, "private": 0, "password": null}