{"id": "gen9randombattle-2631921446", "format": "[Gen 9] Random Battle", "players": ["Bigoleg", "fick runk"], "log": "|j|\u2606Bigoleg\n|j|\u2606fick runk\n|t:|1781455856\n|gametype|singles\n|player|p1|Bigoleg|102|2062\n|player|p2|fick runk|parasollady|2032\n|gen|9\n|tier|[Gen 9] Random Battle\n|rated|\n|rule|Species Clause: Limit one of each Pok\u00e9mon\n|rule|HP Percentage Mod: HP is shown in percentages\n|rule|Sleep Clause Mod: Limit one foe put to sleep\n|rule|Illusion Level Mod: Illusion disguises the Pok\u00e9mon's true level\n|\n|t:|1781455856\n|teamsize|p1|6\n|teamsize|p2|6\n|start\n|switch|p1a: Hawlucha|Hawlucha, L80, F|256/256\n|switch|p2a: Leavanny|Leavanny, L86, M|269/269\n|turn|1\n|inactive|Battle timer is ON: inactive players will automatically lose when time's up. (requested by fick runk)\n|\n|t:|1781455862\n|switch|p2a: Scream Tail|Scream Tail, L84|330/330\n|move|p1a: Hawlucha|Swords Dance|p1a: Hawlucha\n|-boost|p1a: Hawlucha|atk|2\n|\n|upkeep\n|turn|2\n|\n|t:|1781455868\n|move|p2a: Scream Tail|Thunder Wave|p1a: Hawlucha\n|-status|p1a: Hawlucha|par\n|move|p1a: Hawlucha|Close Combat|p2a: Scream Tail\n|-resisted|p2a: Scream Tail\n|-damage|p2a: Scream Tail|279/330\n|-unboost|p1a: Hawlucha|def|1\n|-unboost|p1a: Hawlucha|spd|1\n|-enditem|p1a: Hawlucha|White Herb\n|-clearnegativeboost|p1a: Hawlucha|[silent]\n|\n|-heal|p2a: Scream Tail|299/330|[from] item: Leftovers\n|upkeep\n|turn|3\n|\n|t:|1781455870\n|move|p1a: Hawlucha|Brave Bird|p2a: Scream Tail\n|-damage|p2a: Scream Tail|77/330\n|-damage|p1a: Hawlucha|183/256 par|[from] Recoil\n|move|p2a: Scream Tail|Play Rough|p1a: Hawlucha\n|-supereffective|p1a: Hawlucha\n|-damage|p1a: Hawlucha|1/256 par\n|\n|-heal|p2a: Scream Tail|97/330|[from] item: Leftovers\n|upkeep\n|turn|4\n|\n|t:|1781455879\n|move|p2a: Scream Tail|Protect|p2a: Scream Tail\n|-singleturn|p2a: Scream Tail|Protect\n|move|p1a: Hawlucha|Acrobatics|p2a: Scream Tail\n|-activate|p2a: Scream Tail|move: Protect\n|\n|-heal|p2a: Scream Tail|117/330|[from] item: Leftovers\n|upkeep\n|turn|5\n|\n|t:|1781455881\n|move|p2a: Scream Tail|Play Rough|p1a: Hawlucha\n|-supereffective|p1a: Hawlucha\n|-damage|p1a: Hawlucha|0 fnt\n|faint|p1a: Hawlucha\n|\n|-heal|p2a: Scream Tail|137/330|[from] item: Leftovers\n|upkeep\n|\n|t:|1781455886\n|switch|p1a: Jolteon|Jolteon, L84, M|246/246\n|turn|6\n|\n|t:|1781455888\n|move|p1a: Jolteon|Calm Mind|p1a: Jolteon\n|-boost|p1a: Jolteon|spa|1\n|-boost|p1a: Jolteon|spd|1\n|move|p2a: Scream Tail|Wish|p2a: Scream Tail\n|\n|-heal|p2a: Scream Tail|157/330|[from] item: Leftovers\n|upkeep\n|turn|7\n|\n|t:|1781455894\n|-end|p2a: Scream Tail|Protosynthesis|[silent]\n|switch|p2a: Morpeko|Morpeko, L88, M|245/245\n|move|p1a: Jolteon|Substitute|p1a: Jolteon\n|-start|p1a: Jolteon|Substitute\n|-damage|p1a: Jolteon|185/246\n|\n|-heal|p1a: Jolteon|200/246|[from] item: Leftovers\n|-formechange|p2a: Morpeko|Morpeko-Hangry||[from] ability: Hunger Switch\n|upkeep\n|turn|8\n|\n|t:|1781455903\n|-terastallize|p1a: Jolteon|Ice\n|move|p1a: Jolteon|Tera Blast|p2a: Morpeko|[anim] Tera Blast Ice\n|-damage|p2a: Morpeko|50/245\n|move|p2a: Morpeko|Aura Wheel|p1a: Jolteon\n|-end|p1a: Jolteon|Substitute\n|-boost|p2a: Morpeko|spe|1\n|\n|-heal|p1a: Jolteon|215/246|[from] item: Leftovers\n|-formechange|p2a: Morpeko|Morpeko||[from] ability: Hunger Switch\n|upkeep\n|turn|9\n|\n|t:|1781455914\n|move|p2a: Morpeko|Parting Shot|p1a: Jolteon\n|-unboost|p1a: Jolteon|atk|1\n|-unboost|p1a: Jolteon|spa|1\n|\n|t:|1781455927\n|switch|p2a: Swalot|Swalot, L90, M|326/326|[from] Parting Shot\n|move|p1a: Jolteon|Tera Blast|p2a: Swalot|[anim] Tera Blast Ice\n|-damage|p2a: Swalot|230/326\n|\n|-heal|p1a: Jolteon|230/246|[from] item: Leftovers\n|-heal|p2a: Swalot|250/326|[from] item: Leftovers\n|upkeep\n|turn|10\n|\n|t:|1781455931\n|move|p1a: Jolteon|Substitute|p1a: Jolteon\n|-start|p1a: Jolteon|Substitute\n|-damage|p1a: Jolteon|169/246\n|move|p2a: Swalot|Knock Off|p1a: Jolteon\n|-end|p1a: Jolteon|Substitute\n|\n|-heal|p1a: Jolteon|184/246|[from] item: Leftovers\n|-heal|p2a: Swalot|270/326|[from] item: Leftovers\n|upkeep\n|turn|11\n|\n|t:|1781455934\n|move|p1a: Jolteon|Calm Mind|p1a: Jolteon\n|-boost|p1a: Jolteon|spa|1\n|-boost|p1a: Jolteon|spd|1\n|move|p2a: Swalot|Knock Off|p1a: Jolteon\n|-damage|p1a: Jolteon|104/246\n|-enditem|p1a: Jolteon|Leftovers|[from] move: Knock Off|[of] p2a: Swalot\n|\n|-heal|p2a: Swalot|290/326|[from] item: Leftovers\n|upkeep\n|turn|12\n|\n|t:|1781455952\n|-terastallize|p2a: Swalot|Dark\n|move|p1a: Jolteon|Thunderbolt|p2a: Swalot\n|-damage|p2a: Swalot|149/326\n|move|p2a: Swalot|Knock Off|p1a: Jolteon\n|-damage|p1a: Jolteon|17/246\n|\n|-heal|p2a: Swalot|169/326|[from] item: Leftovers\n|upkeep\n|turn|13\n|\n|t:|1781455958\n|move|p1a: Jolteon|Thunderbolt|p2a: Swalot\n|-damage|p2a: Swalot|9/326\n|move|p2a: Swalot|Knock Off|p1a: Jolteon\n|-damage|p1a: Jolteon|0 fnt\n|faint|p1a: Jolteon\n|\n|-heal|p2a: Swalot|29/326|[from] item: Leftovers\n|upkeep\n|\n|t:|1781455973\n|switch|p1a: Alcremie|Alcremie-Caramel-Swirl, L90, F|263/263\n|turn|14\n|\n|t:|1781455980\n|switch|p2a: Scream Tail|Scream Tail, L84|157/330\n|move|p1a: Alcremie|Alluring Voice|p2a: Scream Tail\n|-damage|p2a: Scream Tail|67/330\n|\n|-heal|p2a: Scream Tail|87/330|[from] item: Leftovers\n|upkeep\n|turn|15\n|\n|t:|1781455985\n|move|p2a: Scream Tail|Thunder Wave|p1a: Alcremie\n|-status|p1a: Alcremie|par\n|cant|p1a: Alcremie|par\n|\n|-heal|p2a: Scream Tail|107/330|[from] item: Leftovers\n|upkeep\n|turn|16\n|\n|t:|1781455988\n|move|p2a: Scream Tail|Wish|p2a: Scream Tail\n|cant|p1a: Alcremie|par\n|\n|-heal|p2a: Scream Tail|127/330|[from] item: Leftovers\n|upkeep\n|turn|17\n|\n|t:|1781455994\n|-end|p2a: Scream Tail|Protosynthesis|[silent]\n|switch|p2a: Venomoth|Venomoth, L84, F|255/255\n|move|p1a: Alcremie|Calm Mind|p1a: Alcremie\n|-boost|p1a: Alcremie|spa|1\n|-boost|p1a: Alcremie|spd|1\n|\n|upkeep\n|turn|18\n|\n|t:|1781455999\n|move|p2a: Venomoth|Quiver Dance|p2a: Venomoth\n|-boost|p2a: Venomoth|spa|1\n|-boost|p2a: Venomoth|spd|1\n|-boost|p2a: Venomoth|spe|1\n|move|p1a: Alcremie|Psyshock|p2a: Venomoth\n|-supereffective|p2a: Venomoth\n|-damage|p2a: Venomoth|0 fnt\n|faint|p2a: Venomoth\n|\n|upkeep\n|\n|t:|1781456001\n|switch|p2a: Feraligatr|Feraligatr, L79, F|264/264\n|turn|19\n|\n|t:|1781456005\n|move|p2a: Feraligatr|Liquidation|p1a: Alcremie\n|-damage|p1a: Alcremie|98/263 par\n|cant|p1a: Alcremie|par\n|\n|-heal|p1a: Alcremie|114/263 par|[from] item: Leftovers\n|upkeep\n|turn|20\n|\n|t:|1781456008\n|move|p2a: Feraligatr|Liquidation|p1a: Alcremie\n|-damage|p1a: Alcremie|0 fnt\n|faint|p1a: Alcremie\n|\n|upkeep\n|c|\u2606Bigoleg|75 percent para is unethical\n|\n|t:|1781456026\n|switch|p1a: Vivillon|Vivillon-Ocean, L83, M|268/268\n|turn|21\n|\n|t:|1781456031\n|switch|p2a: Leavanny|Leavanny, L86, M|269/269\n|move|p1a: Vivillon|Quiver Dance|p1a: Vivillon\n|-boost|p1a: Vivillon|spa|1\n|-boost|p1a: Vivillon|spd|1\n|-boost|p1a: Vivillon|spe|1\n|\n|upkeep\n|turn|22\n|\n|t:|1781456040\n|move|p1a: Vivillon|Hurricane|p2a: Leavanny\n|-supereffective|p2a: Leavanny\n|-enditem|p2a: Leavanny|Focus Sash\n|-damage|p2a: Leavanny|1/269\n|-start|p2a: Leavanny|confusion\n|-activate|p2a: Leavanny|confusion\n|move|p2a: Leavanny|Knock Off|p1a: Vivillon\n|-damage|p1a: Vivillon|148/268\n|-enditem|p1a: Vivillon|Heavy-Duty Boots|[from] move: Knock Off|[of] p2a: Leavanny\n|\n|upkeep\n|turn|23\n|\n|t:|1781456044\n|move|p1a: Vivillon|Bug Buzz|p2a: Leavanny\n|-supereffective|p2a: Leavanny\n|-damage|p2a: Leavanny|0 fnt\n|faint|p2a: Leavanny\n|\n|upkeep\n|\n|t:|1781456047\n|switch|p2a: Feraligatr|Feraligatr, L79, F|264/264\n|turn|24\n|\n|t:|1781456051\n|move|p1a: Vivillon|Sleep Powder|p2a: Feraligatr\n|-status|p2a: Feraligatr|slp|[from] move: Sleep Powder\n|cant|p2a: Feraligatr|slp\n|\n|upkeep\n|turn|25\n|\n|t:|1781456052\n|move|p1a: Vivillon|Bug Buzz|p2a: Feraligatr\n|-damage|p2a: Feraligatr|107/264 slp\n|cant|p2a: Feraligatr|slp\n|\n|upkeep\n|turn|26\n|\n|t:|1781456056\n|move|p1a: Vivillon|Bug Buzz|p2a: Feraligatr\n|-damage|p2a: Feraligatr|0 fnt\n|faint|p2a: Feraligatr\n|\n|upkeep\n|-message|fick runk forfeited.\n|\n|win|Bigoleg\n", "inputlog": ">version a8376a258c1d4662feba110a92103f3664a72141\n>start {\"formatid\":\"gen9randombattle\",\"seed\":\"sodium,456d59c6e1f5cc8b3db84574c9ff1684\",\"rated\":\"Rated battle\"}\n>player p1 {\"name\":\"Bigoleg\",\"avatar\":\"102\",\"rating\":2062,\"seed\":\"sodium,d0c0f8e0cb1e48b51cc6f1976691abdc\"}\n>player p2 {\"name\":\"fick runk\",\"avatar\":\"parasollady\",\"rating\":2032,\"seed\":\"sodium,672fe24beecc9bb366498c54f9a8dedb\"}\n>p1 move swordsdance\n>p2 switch 5\n>p1 move closecombat\n>p2 move thunderwave\n>p1 move bravebird\n>p2 move playrough\n>p1 move acrobatics\n>p2 move protect\n>p1 move acrobatics\n>p2 move playrough\n>p1 switch 3\n>p1 move calmmind\n>p2 move wish\n>p1 move substitute\n>p2 switch 2\n>p1 move terablast terastallize\n>p2 move aurawheel\n>p1 move terablast\n>p2 move partingshot\n>p2 switch 4\n>p1 move substitute\n>p2 move knockoff\n>p1 move calmmind\n>p2 move knockoff\n>p1 move thunderbolt\n>p2 move knockoff terastallize\n>p1 move thunderbolt\n>p2 move knockoff\n>p1 switch 6\n>p1 move alluringvoice\n>p2 switch 2\n>p1 move calmmind\n>p2 move thunderwave\n>p1 move calmmind\n>p2 move wish\n>p1 move calmmind\n>p2 switch 3\n>p1 move psyshock\n>p2 move quiverdance\n>p2 switch 6\n>p1 move alluringvoice\n>p2 move liquidation\n>p1 move alluringvoice\n>p2 move liquidation\n>chat \u2606Bigoleg|75 percent para is unethical\n>p1 switch 5\n>p1 move quiverdance\n>p2 switch 5\n>p1 move hurricane\n>p2 move knockoff\n>p1 move bugbuzz\n>p2 move lunge\n>p2 switch 5\n>p1 move sleeppowder\n>p2 move icepunch\n>p1 move bugbuzz\n>p2 move icepunch\n>p1 move bugbuzz\n>p2 move icepunch\n>forcelose p2", "uploadtime": 1781455858, "views": 5, "formatid": "gen9randombattle", "rating": null, "private": 0, "password": null, "player_dets": [{"name": "Bigoleg", "avatar": "102", "rating": 2062, "seed": "sodium,d0c0f8e0cb1e48b51cc6f1976691abdc"}, {"name": "fick runk", "avatar": "parasollady", "rating": 2032, "seed": "sodium,672fe24beecc9bb366498c54f9a8dedb"}], "teams_full": [{"Hawlucha": {"name": "Hawlucha", "species": "Hawlucha", "speciesId": "hawlucha", "gender": "F", "shiny": false, "level": 80, "moves": ["closecombat", "swordsdance", "acrobatics", "bravebird"], "ability": "Unburden", "evs": {"hp": 85, "atk": 85, "def": 85, "spa": 85, "spd": 85, "spe": 85}, "ivs": {"hp": 31, "atk": 31, "def": 31, "spa": 31, "spd": 31, "spe": 31}, "item": "White Herb", "teraType": "Flying", "role": "Setup Sweeper", "bvs": {"hp": 78, "atk": 92, "def": 75, "spa": 74, "spd": 63, "spe": 118}, "stats": {"hp": 256, "atk": 193, "def": 166, "spa": 165, "spd": 147, "spe": 235}}, "Delphox": {"name": "Delphox", "species": "Delphox", "speciesId": "delphox", "gender": "M", "shiny": false, "level": 84, "moves": ["fireblast", "nastyplot", "grassknot", "psyshock"], "ability": "Blaze", "evs": {"hp": 85, "atk": 0, "def": 85, "spa": 85, "spd": 85, "spe": 85}, "ivs": {"hp": 31, "atk": 0, "def": 31, "spa": 31, "spd": 31, "spe": 31}, "item": "Heavy-Duty Boots", "teraType": "Fire", "role": "Fast Attacker", "bvs": {"hp": 75, "atk": 69, "def": 72, "spa": 114, "spd": 100, "spe": 104}, "stats": {"hp": 263, "atk": 120, "def": 169, "spa": 240, "spd": 216, "spe": 223}}, "Jolteon": {"name": "Jolteon", "species": "Jolteon", "speciesId": "jolteon", "gender": "M", "shiny": false, "level": 84, "moves": ["terablast", "substitute", "calmmind", "thunderbolt"], "ability": "Volt Absorb", "evs": {"hp": 85, "atk": 0, "def": 85, "spa": 85, "spd": 85, "spe": 85}, "ivs": {"hp": 31, "atk": 0, "def": 31, "spa": 31, "spd": 31, "spe": 31}, "item": "Leftovers", "teraType": "Ice", "role": "Tera Blast user", "bvs": {"hp": 65, "atk": 65, "def": 60, "spa": 110, "spd": 95, "spe": 130}, "stats": {"hp": 246, "atk": 114, "def": 149, "spa": 233, "spd": 208, "spe": 267}}, "Muk": {"name": "Muk", "species": "Muk", "speciesId": "muk", "gender": "M", "shiny": false, "level": 86, "moves": ["drainpunch", "shadowsneak", "knockoff", "gunkshot"], "ability": "Poison Touch", "evs": {"hp": 85, "atk": 85, "def": 85, "spa": 85, "spd": 85, "spe": 85}, "ivs": {"hp": 31, "atk": 31, "def": 31, "spa": 31, "spd": 31, "spe": 31}, "item": "Choice Band", "teraType": "Dark", "role": "Bulky Attacker", "bvs": {"hp": 105, "atk": 105, "def": 75, "spa": 65, "spd": 100, "spe": 50}, "stats": {"hp": 321, "atk": 230, "def": 178, "spa": 161, "spd": 221, "spe": 135}}, "Vivillon": {"name": "Vivillon", "species": "Vivillon-Ocean", "speciesId": "vivillon", "gender": "M", "shiny": false, "level": 83, "moves": ["bugbuzz", "sleeppowder", "hurricane", "quiverdance"], "ability": "Compound Eyes", "evs": {"hp": 85, "atk": 0, "def": 85, "spa": 85, "spd": 85, "spe": 85}, "ivs": {"hp": 31, "atk": 0, "def": 31, "spa": 31, "spd": 31, "spe": 31}, "item": "Heavy-Duty Boots", "teraType": "Steel", "role": "Fast Bulky Setup", "bvs": {"hp": 80, "atk": 52, "def": 50, "spa": 90, "spd": 50, "spe": 89}, "stats": {"hp": 268, "atk": 91, "def": 131, "spa": 197, "spd": 131, "spe": 195}}, "Alcremie": {"name": "Alcremie", "species": "Alcremie-Caramel-Swirl", "speciesId": "alcremie", "gender": "F", "shiny": false, "level": 90, "moves": ["psyshock", "alluringvoice", "calmmind", "recover"], "ability": "Aroma Veil", "evs": {"hp": 85, "atk": 0, "def": 85, "spa": 85, "spd": 85, "spe": 85}, "ivs": {"hp": 31, "atk": 0, "def": 31, "spa": 31, "spd": 31, "spe": 31}, "item": "Leftovers", "teraType": "Steel", "role": "Bulky Setup", "bvs": {"hp": 65, "atk": 60, "def": 75, "spa": 110, "spd": 121, "spe": 64}, "stats": {"hp": 263, "atk": 113, "def": 186, "spa": 249, "spd": 269, "spe": 167}}}, {"Leavanny": {"name": "Leavanny", "species": "Leavanny", "speciesId": "leavanny", "gender": "M", "shiny": false, "level": 86, "moves": ["knockoff", "lunge", "leafblade", "stickyweb"], "ability": "Swarm", "evs": {"hp": 85, "atk": 85, "def": 85, "spa": 85, "spd": 85, "spe": 85}, "ivs": {"hp": 31, "atk": 31, "def": 31, "spa": 31, "spd": 31, "spe": 31}, "item": "Focus Sash", "teraType": "Ghost", "role": "Fast Support", "bvs": {"hp": 75, "atk": 103, "def": 80, "spa": 70, "spd": 80, "spe": 92}, "stats": {"hp": 269, "atk": 226, "def": 187, "spa": 170, "spd": 187, "spe": 207}}, "Morpeko": {"name": "Morpeko", "species": "Morpeko", "speciesId": "morpeko", "gender": "M", "shiny": false, "level": 88, "moves": ["protect", "aurawheel", "partingshot", "rapidspin"], "ability": "Hunger Switch", "evs": {"hp": 85, "atk": 85, "def": 85, "spa": 85, "spd": 85, "spe": 85}, "ivs": {"hp": 31, "atk": 31, "def": 31, "spa": 31, "spd": 31, "spe": 31}, "item": "Heavy-Duty Boots", "teraType": "Electric", "role": "Fast Support", "bvs": {"hp": 58, "atk": 95, "def": 58, "spa": 70, "spd": 58, "spe": 97}, "stats": {"hp": 245, "atk": 217, "def": 152, "spa": 173, "spd": 152, "spe": 221}}, "Venomoth": {"name": "Venomoth", "species": "Venomoth", "speciesId": "venomoth", "gender": "F", "shiny": false, "level": 84, "moves": ["bugbuzz", "quiverdance", "sleeppowder", "sludgewave"], "ability": "Tinted Lens", "evs": {"hp": 85, "atk": 0, "def": 85, "spa": 85, "spd": 85, "spe": 85}, "ivs": {"hp": 31, "atk": 0, "def": 31, "spa": 31, "spd": 31, "spe": 31}, "item": "Heavy-Duty Boots", "teraType": "Steel", "role": "Setup Sweeper", "bvs": {"hp": 70, "atk": 65, "def": 60, "spa": 90, "spd": 75, "spe": 90}, "stats": {"hp": 255, "atk": 114, "def": 149, "spa": 199, "spd": 174, "spe": 199}}, "Swalot": {"name": "Swalot", "species": "Swalot", "speciesId": "swalot", "gender": "M", "shiny": false, "level": 90, "moves": ["toxicspikes", "sludgebomb", "icebeam", "knockoff"], "ability": "Liquid Ooze", "evs": {"hp": 85, "atk": 85, "def": 85, "spa": 85, "spd": 85, "spe": 85}, "ivs": {"hp": 31, "atk": 31, "def": 31, "spa": 31, "spd": 31, "spe": 31}, "item": "Leftovers", "teraType": "Dark", "role": "Bulky Attacker", "bvs": {"hp": 100, "atk": 73, "def": 83, "spa": 73, "spd": 83, "spe": 55}, "stats": {"hp": 326, "atk": 183, "def": 201, "spa": 183, "spd": 201, "spe": 150}}, "Scream Tail": {"name": "Scream Tail", "species": "Scream Tail", "speciesId": "screamtail", "gender": "N", "shiny": false, "level": 84, "moves": ["wish", "thunderwave", "protect", "playrough"], "ability": "Protosynthesis", "evs": {"hp": 85, "atk": 85, "def": 85, "spa": 85, "spd": 85, "spe": 85}, "ivs": {"hp": 31, "atk": 31, "def": 31, "spa": 31, "spd": 31, "spe": 31}, "item": "Leftovers", "teraType": "Steel", "role": "Bulky Support", "bvs": {"hp": 115, "atk": 65, "def": 99, "spa": 65, "spd": 115, "spe": 111}, "stats": {"hp": 330, "atk": 157, "def": 215, "spa": 157, "spd": 241, "spe": 235}}, "Feraligatr": {"name": "Feraligatr", "species": "Feraligatr", "speciesId": "feraligatr", "gender": "F", "shiny": false, "level": 79, "moves": ["trailblaze", "liquidation", "dragondance", "icepunch"], "ability": "Sheer Force", "evs": {"hp": 85, "atk": 85, "def": 85, "spa": 85, "spd": 85, "spe": 85}, "ivs": {"hp": 31, "atk": 31, "def": 31, "spa": 31, "spd": 31, "spe": 31}, "item": "Life Orb", "teraType": "Water", "role": "Setup Sweeper", "bvs": {"hp": 85, "atk": 105, "def": 100, "spa": 79, "spd": 83, "spe": 78}, "stats": {"hp": 264, "atk": 211, "def": 204, "spa": 170, "spd": 177, "spe": 169}}}]}