{"id": "gen9randombattle-2631720010", "format": "[Gen 9] Random Battle", "players": ["MegaSnorlaxatives", "symitry"], "log": "|j|\u203dMegaSnorlaxatives\n|j|\u2606symitry\n|t:|1781428166\n|gametype|singles\n|player|p1|MegaSnorlaxatives|veteran|1919\n|player|p2|symitry|102|1941\n|gen|9\n|tier|[Gen 9] Random Battle\n|rated|\n|rule|Species Clause: Limit one of each Pok\u00e9mon\n|rule|HP Percentage Mod: HP is shown in percentages\n|rule|Sleep Clause Mod: Limit one foe put to sleep\n|rule|Illusion Level Mod: Illusion disguises the Pok\u00e9mon's true level\n|\n|t:|1781428166\n|teamsize|p1|6\n|teamsize|p2|6\n|start\n|switch|p1a: Dunsparce|Dunsparce, L86, F|312/312\n|switch|p2a: Furret|Furret, L94, M|312/312\n|-item|p1a: Dunsparce|Eviolite|[from] ability: Frisk|[of] p2a: Furret\n|turn|1\n|inactive|Battle timer is ON: inactive players will automatically lose when time's up. (requested by MegaSnorlaxatives)\n|\n|t:|1781428172\n|move|p2a: Furret|Knock Off|p1a: Dunsparce\n|-damage|p1a: Dunsparce|239/312\n|-enditem|p1a: Dunsparce|Eviolite|[from] move: Knock Off|[of] p2a: Furret\n|-damage|p2a: Furret|281/312|[from] item: Life Orb\n|move|p1a: Dunsparce|Body Slam|p2a: Furret\n|-damage|p2a: Furret|193/312\n|-status|p2a: Furret|par\n|\n|upkeep\n|turn|2\n|\n|t:|1781428180\n|move|p1a: Dunsparce|Coil|p1a: Dunsparce\n|-boost|p1a: Dunsparce|atk|1\n|-boost|p1a: Dunsparce|def|1\n|-boost|p1a: Dunsparce|accuracy|1\n|move|p2a: Furret|Tidy Up|p2a: Furret\n|-boost|p2a: Furret|atk|1\n|-boost|p2a: Furret|spe|1\n|\n|upkeep\n|turn|3\n|\n|t:|1781428185\n|cant|p2a: Furret|par\n|move|p1a: Dunsparce|Coil|p1a: Dunsparce\n|-boost|p1a: Dunsparce|atk|1\n|-boost|p1a: Dunsparce|def|1\n|-boost|p1a: Dunsparce|accuracy|1\n|\n|upkeep\n|turn|4\n|\n|t:|1781428187\n|cant|p2a: Furret|par\n|move|p1a: Dunsparce|Coil|p1a: Dunsparce\n|-boost|p1a: Dunsparce|atk|1\n|-boost|p1a: Dunsparce|def|1\n|-boost|p1a: Dunsparce|accuracy|1\n|\n|upkeep\n|turn|5\n|\n|t:|1781428189\n|move|p2a: Furret|Brick Break|p1a: Dunsparce\n|-supereffective|p1a: Dunsparce\n|-damage|p1a: Dunsparce|130/312\n|-damage|p2a: Furret|162/312 par|[from] item: Life Orb\n|move|p1a: Dunsparce|Coil|p1a: Dunsparce\n|-boost|p1a: Dunsparce|atk|1\n|-boost|p1a: Dunsparce|def|1\n|-boost|p1a: Dunsparce|accuracy|1\n|\n|upkeep\n|turn|6\n|\n|t:|1781428193\n|move|p2a: Furret|Brick Break|p1a: Dunsparce\n|-supereffective|p1a: Dunsparce\n|-damage|p1a: Dunsparce|44/312\n|-damage|p2a: Furret|131/312 par|[from] item: Life Orb\n|move|p1a: Dunsparce|Roost|p1a: Dunsparce\n|-heal|p1a: Dunsparce|200/312\n|-singleturn|p1a: Dunsparce|move: Roost\n|\n|upkeep\n|turn|7\n|\n|t:|1781428196\n|move|p2a: Furret|Brick Break|p1a: Dunsparce\n|-supereffective|p1a: Dunsparce\n|-damage|p1a: Dunsparce|114/312\n|-damage|p2a: Furret|100/312 par|[from] item: Life Orb\n|move|p1a: Dunsparce|Roost|p1a: Dunsparce\n|-heal|p1a: Dunsparce|270/312\n|-singleturn|p1a: Dunsparce|move: Roost\n|\n|upkeep\n|turn|8\n|\n|t:|1781428199\n|cant|p2a: Furret|par\n|move|p1a: Dunsparce|Coil|p1a: Dunsparce\n|-boost|p1a: Dunsparce|atk|1\n|-boost|p1a: Dunsparce|def|1\n|-boost|p1a: Dunsparce|accuracy|1\n|\n|upkeep\n|turn|9\n|\n|t:|1781428201\n|move|p2a: Furret|Brick Break|p1a: Dunsparce\n|-supereffective|p1a: Dunsparce\n|-damage|p1a: Dunsparce|200/312\n|-damage|p2a: Furret|69/312 par|[from] item: Life Orb\n|move|p1a: Dunsparce|Coil|p1a: Dunsparce\n|-boost|p1a: Dunsparce|atk|1\n|-boost|p1a: Dunsparce|def|1\n|-boost|p1a: Dunsparce|accuracy|1\n|\n|upkeep\n|turn|10\n|\n|t:|1781428204\n|cant|p2a: Furret|par\n|move|p1a: Dunsparce|Body Slam|p2a: Furret\n|-damage|p2a: Furret|0 fnt\n|faint|p2a: Furret\n|\n|upkeep\n|\n|t:|1781428207\n|switch|p2a: Porygon-Z|Porygon-Z, L83|277/277\n|-ability|p2a: Porygon-Z|Download|boost\n|-boost|p2a: Porygon-Z|spa|1\n|turn|11\n|\n|t:|1781428213\n|-terastallize|p2a: Porygon-Z|Ghost\n|move|p2a: Porygon-Z|Trick|p1a: Dunsparce\n|-activate|p2a: Porygon-Z|move: Trick|[of] p1a: Dunsparce\n|-item|p1a: Dunsparce|Choice Scarf|[from] move: Trick\n|-enditem|p2a: Porygon-Z|Choice Scarf|[silent]|[from] move: Trick\n|move|p1a: Dunsparce|Body Slam|p2a: Porygon-Z\n|-immune|p2a: Porygon-Z\n|\n|upkeep\n|turn|12\n|\n|t:|1781428229\n|switch|p1a: Hippowdon|Hippowdon, L82, M|311/311\n|-weather|Sandstorm|[from] ability: Sand Stream|[of] p1a: Hippowdon\n|move|p2a: Porygon-Z|Tri Attack|p1a: Hippowdon\n|-damage|p1a: Hippowdon|127/311\n|\n|-weather|Sandstorm|[upkeep]\n|-damage|p2a: Porygon-Z|260/277|[from] Sandstorm\n|-heal|p1a: Hippowdon|146/311|[from] item: Leftovers\n|upkeep\n|turn|13\n|\n|t:|1781428244\n|-terastallize|p1a: Hippowdon|Rock\n|move|p2a: Porygon-Z|Shadow Ball|p1a: Hippowdon\n|-damage|p1a: Hippowdon|23/311\n|move|p1a: Hippowdon|Earthquake|p2a: Porygon-Z\n|-damage|p2a: Porygon-Z|131/277\n|\n|-weather|Sandstorm|[upkeep]\n|-damage|p2a: Porygon-Z|114/277|[from] Sandstorm\n|-heal|p1a: Hippowdon|42/311|[from] item: Leftovers\n|upkeep\n|turn|14\n|\n|t:|1781428264\n|move|p2a: Porygon-Z|Shadow Ball|p1a: Hippowdon\n|-damage|p1a: Hippowdon|0 fnt\n|faint|p1a: Hippowdon\n|\n|-weather|Sandstorm|[upkeep]\n|-damage|p2a: Porygon-Z|97/277|[from] Sandstorm\n|upkeep\n|inactive|MegaSnorlaxatives has 120 seconds left.\n|\n|t:|1781428285\n|switch|p1a: Quaquaval|Quaquaval, L79, M|264/264\n|turn|15\n|\n|t:|1781428299\n|switch|p2a: Bellossom|Bellossom, L84, M|263/263\n|move|p1a: Quaquaval|Aqua Step|p2a: Bellossom\n|-resisted|p2a: Bellossom\n|-damage|p2a: Bellossom|206/263\n|-boost|p1a: Quaquaval|spe|1\n|-damage|p1a: Quaquaval|238/264|[from] item: Life Orb\n|\n|-weather|Sandstorm|[upkeep]\n|-damage|p1a: Quaquaval|222/264|[from] Sandstorm\n|-damage|p2a: Bellossom|190/263|[from] Sandstorm\n|-heal|p2a: Bellossom|206/263|[from] item: Leftovers\n|upkeep\n|turn|16\n|\n|t:|1781428309\n|move|p1a: Quaquaval|Swords Dance|p1a: Quaquaval\n|-boost|p1a: Quaquaval|atk|2\n|move|p2a: Bellossom|Giga Drain|p1a: Quaquaval\n|-supereffective|p1a: Quaquaval\n|-crit|p1a: Quaquaval\n|-damage|p1a: Quaquaval|0 fnt\n|-heal|p2a: Bellossom|263/263|[from] drain|[of] p1a: Quaquaval\n|faint|p1a: Quaquaval\n|\n|-weather|none\n|upkeep\n|-message|MegaSnorlaxatives forfeited.\n|\n|win|symitry\n|raw|MegaSnorlaxatives's rating: 1919 &rarr; <strong>1900</strong><br />(-19 for losing)\n|raw|symitry's rating: 1941 &rarr; <strong>1960</strong><br />(+19 for winning)\n", "inputlog": ">version a8376a258c1d4662feba110a92103f3664a72141\n>start {\"formatid\":\"gen9randombattle\",\"seed\":\"sodium,d2da6da9c08c199180fac71604a95a02\",\"rated\":\"Rated battle\"}\n>player p1 {\"name\":\"MegaSnorlaxatives\",\"avatar\":\"veteran\",\"rating\":1919,\"seed\":\"sodium,48d84a6a97d8b238815232ec1a41c4e6\"}\n>player p2 {\"name\":\"symitry\",\"avatar\":\"102\",\"rating\":1941,\"seed\":\"sodium,fd906823a2e8cd4c57816b25e9fbec09\"}\n>p1 move bodyslam\n>p2 move knockoff\n>p1 move coil\n>p2 move tidyup\n>p1 move coil\n>p2 move brickbreak\n>p1 move coil\n>p2 move brickbreak\n>p1 move coil\n>p2 move brickbreak\n>p1 move roost\n>p2 move brickbreak\n>p1 move roost\n>p2 move brickbreak\n>p1 move coil\n>p2 move brickbreak\n>p1 move coil\n>p2 move brickbreak\n>p1 move bodyslam\n>p2 move brickbreak\n>p2 switch 4\n>p1 move bodyslam\n>p2 move trick terastallize\n>p1 switch 6\n>p2 move triattack\n>p1 move earthquake terastallize\n>p2 move shadowball\n>p1 move earthquake\n>p2 move shadowball\n>p1 switch 5\n>p1 move aquastep\n>p2 switch 3\n>p1 move swordsdance\n>p2 move gigadrain\n>forcelose p1", "uploadtime": 1781428167, "views": 5, "formatid": "gen9randombattle", "rating": 1900, "private": 0, "password": null, "player_dets": [{"name": "MegaSnorlaxatives", "avatar": "veteran", "rating": 1919, "seed": "sodium,48d84a6a97d8b238815232ec1a41c4e6"}, {"name": "symitry", "avatar": "102", "rating": 1941, "seed": "sodium,fd906823a2e8cd4c57816b25e9fbec09"}], "teams_full": [{"Dunsparce": {"name": "Dunsparce", "species": "Dunsparce", "speciesId": "dunsparce", "gender": "F", "shiny": false, "level": 86, "moves": ["earthquake", "bodyslam", "roost", "coil"], "ability": "Serene Grace", "evs": {"hp": 85, "atk": 85, "def": 85, "spa": 85, "spd": 85, "spe": 85}, "ivs": {"hp": 31, "atk": 31, "def": 31, "spa": 31, "spd": 31, "spe": 31}, "item": "Eviolite", "teraType": "Ground", "role": "Bulky Setup", "bvs": {"hp": 100, "atk": 70, "def": 70, "spa": 65, "spd": 65, "spe": 45}, "stats": {"hp": 312, "atk": 170, "def": 170, "spa": 161, "spd": 161, "spe": 127}, "types": ["Normal"]}, "Landorus": {"name": "Landorus", "species": "Landorus", "speciesId": "landorus", "gender": "M", "shiny": false, "level": 75, "moves": ["rockslide", "earthpower", "sludgewave", "stealthrock"], "ability": "Sheer Force", "evs": {"hp": 85, "atk": 85, "def": 85, "spa": 85, "spd": 85, "spe": 85}, "ivs": {"hp": 31, "atk": 31, "def": 31, "spa": 31, "spd": 31, "spe": 31}, "item": "Life Orb", "teraType": "Ground", "role": "Fast Attacker", "bvs": {"hp": 89, "atk": 125, "def": 90, "spa": 115, "spd": 80, "spe": 101}, "stats": {"hp": 257, "atk": 231, "def": 179, "spa": 216, "spd": 164, "spe": 195}, "types": ["Ground", "Flying"]}, "Hatterene": {"name": "Hatterene", "species": "Hatterene", "speciesId": "hatterene", "gender": "F", "shiny": false, "level": 85, "moves": ["drainingkiss", "calmmind", "psyshock", "mysticalfire"], "ability": "Magic Bounce", "evs": {"hp": 85, "atk": 0, "def": 85, "spa": 85, "spd": 85, "spe": 85}, "ivs": {"hp": 31, "atk": 0, "def": 31, "spa": 31, "spd": 31, "spe": 31}, "item": "Leftovers", "teraType": "Steel", "role": "Bulky Setup", "bvs": {"hp": 57, "atk": 90, "def": 95, "spa": 136, "spd": 103, "spe": 29}, "stats": {"hp": 236, "atk": 158, "def": 210, "spa": 280, "spd": 224, "spe": 98}, "types": ["Psychic", "Fairy"]}, "Forretress": {"name": "Forretress", "species": "Forretress", "speciesId": "forretress", "gender": "F", "shiny": false, "level": 84, "moves": ["spikes", "bodypress", "rapidspin", "ironhead"], "ability": "Sturdy", "evs": {"hp": 85, "atk": 85, "def": 85, "spa": 85, "spd": 85, "spe": 85}, "ivs": {"hp": 31, "atk": 31, "def": 31, "spa": 31, "spd": 31, "spe": 31}, "item": "Leftovers", "teraType": "Water", "role": "Bulky Attacker", "bvs": {"hp": 75, "atk": 90, "def": 140, "spa": 60, "spd": 60, "spe": 40}, "stats": {"hp": 263, "atk": 199, "def": 283, "spa": 149, "spd": 149, "spe": 115}, "types": ["Bug", "Steel"]}, "Quaquaval": {"name": "Quaquaval", "species": "Quaquaval", "speciesId": "quaquaval", "gender": "M", "shiny": false, "level": 79, "moves": ["swordsdance", "aquastep", "closecombat", "knockoff"], "ability": "Moxie", "evs": {"hp": 85, "atk": 85, "def": 85, "spa": 85, "spd": 85, "spe": 85}, "ivs": {"hp": 31, "atk": 31, "def": 31, "spa": 31, "spd": 31, "spe": 31}, "item": "Life Orb", "teraType": "Steel", "role": "Setup Sweeper", "bvs": {"hp": 85, "atk": 120, "def": 80, "spa": 85, "spd": 75, "spe": 85}, "stats": {"hp": 264, "atk": 235, "def": 172, "spa": 180, "spd": 164, "spe": 180}, "types": ["Water", "Fighting"]}, "Hippowdon": {"name": "Hippowdon", "species": "Hippowdon", "speciesId": "hippowdon", "gender": "M", "shiny": false, "level": 82, "moves": ["earthquake", "slackoff", "whirlwind", "stoneedge"], "ability": "Sand Stream", "evs": {"hp": 85, "atk": 85, "def": 85, "spa": 85, "spd": 85, "spe": 85}, "ivs": {"hp": 31, "atk": 31, "def": 31, "spa": 31, "spd": 31, "spe": 31}, "item": "Leftovers", "teraType": "Rock", "role": "Bulky Support", "bvs": {"hp": 108, "atk": 112, "def": 118, "spa": 68, "spd": 72, "spe": 47}, "stats": {"hp": 311, "atk": 231, "def": 241, "spa": 159, "spd": 165, "spe": 124}, "types": ["Ground"]}}, {"Furret": {"name": "Furret", "species": "Furret", "speciesId": "furret", "gender": "M", "shiny": false, "level": 94, "moves": ["knockoff", "brickbreak", "doubleedge", "tidyup"], "ability": "Frisk", "evs": {"hp": 85, "atk": 85, "def": 85, "spa": 85, "spd": 85, "spe": 85}, "ivs": {"hp": 31, "atk": 31, "def": 31, "spa": 31, "spd": 31, "spe": 31}, "item": "Life Orb", "teraType": "Normal", "role": "Setup Sweeper", "bvs": {"hp": 85, "atk": 76, "def": 64, "spa": 45, "spd": 55, "spe": 90}, "stats": {"hp": 312, "atk": 196, "def": 174, "spa": 138, "spd": 157, "spe": 223}, "types": ["Normal"]}, "Politoed": {"name": "Politoed", "species": "Politoed", "speciesId": "politoed", "gender": "F", "shiny": false, "level": 88, "moves": ["surf", "icebeam", "hypnosis", "rest"], "ability": "Drizzle", "evs": {"hp": 85, "atk": 0, "def": 85, "spa": 85, "spd": 85, "spe": 85}, "ivs": {"hp": 31, "atk": 0, "def": 31, "spa": 31, "spd": 31, "spe": 31}, "item": "Chesto Berry", "teraType": "Water", "role": "Bulky Attacker", "bvs": {"hp": 90, "atk": 75, "def": 75, "spa": 90, "spd": 100, "spe": 70}, "stats": {"hp": 302, "atk": 137, "def": 182, "spa": 209, "spd": 226, "spe": 173}, "types": ["Water"]}, "Bellossom": {"name": "Bellossom", "species": "Bellossom", "speciesId": "bellossom", "gender": "M", "shiny": false, "level": 84, "moves": ["quiverdance", "gigadrain", "terablast", "strengthsap"], "ability": "Chlorophyll", "evs": {"hp": 85, "atk": 0, "def": 85, "spa": 85, "spd": 85, "spe": 85}, "ivs": {"hp": 31, "atk": 0, "def": 31, "spa": 31, "spd": 31, "spe": 31}, "item": "Leftovers", "teraType": "Rock", "role": "Tera Blast user", "bvs": {"hp": 75, "atk": 80, "def": 95, "spa": 90, "spd": 100, "spe": 50}, "stats": {"hp": 263, "atk": 139, "def": 208, "spa": 199, "spd": 216, "spe": 132}, "types": ["Grass"]}, "Porygon-Z": {"name": "Porygon-Z", "species": "Porygon-Z", "speciesId": "porygonz", "gender": "N", "shiny": false, "level": 83, "moves": ["shadowball", "triattack", "icebeam", "trick"], "ability": "Download", "evs": {"hp": 85, "atk": 0, "def": 85, "spa": 85, "spd": 85, "spe": 85}, "ivs": {"hp": 31, "atk": 0, "def": 31, "spa": 31, "spd": 31, "spe": 31}, "item": "Choice Scarf", "teraType": "Ghost", "role": "Fast Attacker", "bvs": {"hp": 85, "atk": 80, "def": 70, "spa": 135, "spd": 75, "spe": 90}, "stats": {"hp": 277, "atk": 137, "def": 164, "spa": 272, "spd": 172, "spe": 197}, "types": ["Normal"]}, "Iron Jugulis": {"name": "Iron Jugulis", "species": "Iron Jugulis", "speciesId": "ironjugulis", "gender": "N", "shiny": false, "level": 77, "moves": ["earthpower", "hydropump", "darkpulse", "hurricane"], "ability": "Quark Drive", "evs": {"hp": 85, "atk": 0, "def": 85, "spa": 85, "spd": 85, "spe": 85}, "ivs": {"hp": 31, "atk": 0, "def": 31, "spa": 31, "spd": 31, "spe": 31}, "item": "Choice Specs", "teraType": "Ground", "role": "Wallbreaker", "bvs": {"hp": 94, "atk": 80, "def": 86, "spa": 122, "spd": 80, "spe": 108}, "stats": {"hp": 271, "atk": 128, "def": 177, "spa": 232, "spd": 168, "spe": 211}, "types": ["Dark", "Flying"]}, "Magcargo": {"name": "Magcargo", "species": "Magcargo", "speciesId": "magcargo", "gender": "M", "shiny": false, "level": 95, "moves": ["powergem", "recover", "lavaplume", "yawn"], "ability": "Flame Body", "evs": {"hp": 85, "atk": 0, "def": 85, "spa": 85, "spd": 85, "spe": 85}, "ivs": {"hp": 31, "atk": 0, "def": 31, "spa": 31, "spd": 31, "spe": 31}, "item": "Heavy-Duty Boots", "teraType": "Dragon", "role": "Bulky Support", "bvs": {"hp": 60, "atk": 50, "def": 120, "spa": 90, "spd": 80, "spe": 30}, "stats": {"hp": 268, "atk": 100, "def": 282, "spa": 225, "spd": 206, "spe": 111}, "types": ["Fire", "Rock"]}}]}