{"id": "gen9randombattle-2631804075", "format": "[Gen 9] Random Battle", "players": ["vCreeze", "BoboTheBobo"], "log": "|j|\u2606vCreeze\n|j|\u2606BoboTheBobo\n|t:|1781442067\n|gametype|singles\n|player|p1|vCreeze|marnie-masters|2043\n|player|p2|BoboTheBobo|fantina|2111\n|gen|9\n|tier|[Gen 9] Random Battle\n|rated|\n|rule|Species Clause: Limit one of each Pok\u00e9mon\n|rule|HP Percentage Mod: HP is shown in percentages\n|rule|Sleep Clause Mod: Limit one foe put to sleep\n|rule|Illusion Level Mod: Illusion disguises the Pok\u00e9mon's true level\n|\n|t:|1781442067\n|teamsize|p1|6\n|teamsize|p2|6\n|start\n|switch|p1a: Reshiram|Reshiram, L76|277/277\n|switch|p2a: Sceptile|Sceptile, L87, M|264/264\n|-ability|p1a: Reshiram|Turboblaze\n|turn|1\n|inactive|Battle timer is ON: inactive players will automatically lose when time's up. (requested by vCreeze)\n|\n|t:|1781442075\n|move|p2a: Sceptile|Earthquake|p1a: Reshiram\n|-supereffective|p1a: Reshiram\n|-damage|p1a: Reshiram|100/277\n|-damage|p2a: Sceptile|238/264|[from] item: Life Orb\n|move|p1a: Reshiram|Draco Meteor|p2a: Sceptile\n|-damage|p2a: Sceptile|79/264\n|-unboost|p1a: Reshiram|spa|2\n|\n|upkeep\n|turn|2\n|\n|t:|1781442083\n|switch|p1a: Ogerpon|Ogerpon, L80, F|259/259\n|move|p2a: Sceptile|Rock Slide|p1a: Ogerpon\n|-damage|p1a: Ogerpon|185/259\n|-damage|p2a: Sceptile|53/264|[from] item: Life Orb\n|\n|upkeep\n|turn|3\n|\n|t:|1781442090\n|switch|p2a: Metagross|Metagross, L79|256/256\n|move|p1a: Ogerpon|Knock Off|p2a: Metagross\n|-supereffective|p2a: Metagross\n|-damage|p2a: Metagross|113/256\n|-enditem|p2a: Metagross|Choice Band|[from] move: Knock Off|[of] p1a: Ogerpon\n|-damage|p1a: Ogerpon|160/259|[from] item: Life Orb\n|\n|upkeep\n|turn|4\n|\n|t:|1781442097\n|move|p1a: Ogerpon|Knock Off|p2a: Metagross\n|-supereffective|p2a: Metagross\n|-crit|p2a: Metagross\n|-damage|p2a: Metagross|0 fnt\n|faint|p2a: Metagross\n|-damage|p1a: Ogerpon|135/259|[from] item: Life Orb\n|\n|upkeep\n|\n|t:|1781442104\n|switch|p2a: Bellossom|Bellossom, L84, M|263/263\n|turn|5\n|\n|t:|1781442127\n|move|p1a: Ogerpon|Knock Off|p2a: Bellossom\n|-damage|p2a: Bellossom|171/263\n|-enditem|p2a: Bellossom|Leftovers|[from] move: Knock Off|[of] p1a: Ogerpon\n|-damage|p1a: Ogerpon|110/259|[from] item: Life Orb\n|move|p2a: Bellossom|Quiver Dance|p2a: Bellossom\n|-boost|p2a: Bellossom|spa|1\n|-boost|p2a: Bellossom|spd|1\n|-boost|p2a: Bellossom|spe|1\n|\n|upkeep\n|turn|6\n|\n|t:|1781442134\n|move|p1a: Ogerpon|Encore|p2a: Bellossom\n|-start|p2a: Bellossom|Encore\n|move|p2a: Bellossom|Quiver Dance|p2a: Bellossom\n|-boost|p2a: Bellossom|spa|1\n|-boost|p2a: Bellossom|spd|1\n|-boost|p2a: Bellossom|spe|1\n|\n|upkeep\n|turn|7\n|\n|t:|1781442145\n|switch|p1a: Reshiram|Reshiram, L76|100/277\n|-ability|p1a: Reshiram|Turboblaze\n|move|p2a: Bellossom|Quiver Dance|p2a: Bellossom\n|-boost|p2a: Bellossom|spa|1\n|-boost|p2a: Bellossom|spd|1\n|-boost|p2a: Bellossom|spe|1\n|\n|upkeep\n|turn|8\n|\n|t:|1781442150\n|move|p2a: Bellossom|Quiver Dance|p2a: Bellossom\n|-boost|p2a: Bellossom|spa|1\n|-boost|p2a: Bellossom|spd|1\n|-boost|p2a: Bellossom|spe|1\n|move|p1a: Reshiram|Dragon Tail|p2a: Bellossom\n|-damage|p2a: Bellossom|108/263\n|drag|p2a: Hypno|Hypno, L95, F|315/315\n|\n|upkeep\n|turn|9\n|\n|t:|1781442159\n|switch|p1a: Mandibuzz|Mandibuzz, L85, F|326/326\n|move|p2a: Hypno|Psychic Noise|p1a: Mandibuzz\n|-immune|p1a: Mandibuzz\n|\n|upkeep\n|turn|10\n|\n|t:|1781442166\n|move|p1a: Mandibuzz|U-turn|p2a: Hypno\n|-supereffective|p2a: Hypno\n|-damage|p2a: Hypno|241/315\n|\n|t:|1781442168\n|switch|p1a: Registeel|Registeel, L81|262/262|[from] U-turn\n|move|p2a: Hypno|Thunder Wave|p1a: Registeel\n|-status|p1a: Registeel|par\n|\n|-heal|p2a: Hypno|260/315|[from] item: Leftovers\n|upkeep\n|turn|11\n|\n|t:|1781442175\n|move|p2a: Hypno|Knock Off|p1a: Registeel\n|-damage|p1a: Registeel|211/262 par\n|-enditem|p1a: Registeel|Chesto Berry|[from] move: Knock Off|[of] p2a: Hypno\n|move|p1a: Registeel|Iron Defense|p1a: Registeel\n|-boost|p1a: Registeel|def|2\n|\n|-heal|p2a: Hypno|279/315|[from] item: Leftovers\n|upkeep\n|turn|12\n|\n|t:|1781442178\n|move|p2a: Hypno|Encore|p1a: Registeel\n|-start|p1a: Registeel|Encore\n|move|p1a: Registeel|Iron Defense|p1a: Registeel\n|-boost|p1a: Registeel|def|2\n|\n|-heal|p2a: Hypno|298/315|[from] item: Leftovers\n|upkeep\n|turn|13\n|\n|t:|1781442187\n|switch|p2a: Terapagos|Terapagos, L77, M|265/265\n|-activate|p2a: Terapagos|ability: Tera Shift\n|detailschange|p2a: Terapagos|Terapagos-Terastal, L77, M\n|-heal|p2a: Terapagos|273/273|[silent]\n|switch|p1a: Mandibuzz|Mandibuzz, L85, F|326/326\n|\n|upkeep\n|turn|14\n|\n|t:|1781442194\n|switch|p2a: Luvdisc|Luvdisc, M|247/247\n|move|p1a: Mandibuzz|U-turn|p2a: Luvdisc\n|-damage|p2a: Luvdisc|206/247\n|\n|t:|1781442201\n|switch|p1a: Ogerpon|Ogerpon, L80, F|110/259|[from] U-turn\n|\n|upkeep\n|turn|15\n|\n|t:|1781442205\n|move|p2a: Luvdisc|Substitute|p2a: Luvdisc\n|-start|p2a: Luvdisc|Substitute\n|-damage|p2a: Luvdisc|145/247\n|move|p1a: Ogerpon|Ivy Cudgel|p2a: Luvdisc\n|-supereffective|p2a: Luvdisc\n|-end|p2a: Luvdisc|Substitute\n|-damage|p1a: Ogerpon|85/259|[from] item: Life Orb\n|\n|upkeep\n|turn|16\n|\n|t:|1781442211\n|move|p2a: Luvdisc|Flip Turn|p1a: Ogerpon\n|-resisted|p1a: Ogerpon\n|-damage|p1a: Ogerpon|63/259\n|\n|t:|1781442215\n|switch|p2a: Bellossom|Bellossom, L84, M|108/263|[from] Flip Turn\n|move|p1a: Ogerpon|Encore||[still]\n|-fail|p1a: Ogerpon\n|\n|upkeep\n|turn|17\n|\n|t:|1781442220\n|move|p1a: Ogerpon|Superpower|p2a: Bellossom\n|-damage|p2a: Bellossom|0 fnt\n|-unboost|p1a: Ogerpon|atk|1\n|-unboost|p1a: Ogerpon|def|1\n|faint|p2a: Bellossom\n|-damage|p1a: Ogerpon|38/259|[from] item: Life Orb\n|\n|upkeep\n|\n|t:|1781442223\n|switch|p2a: Luvdisc|Luvdisc, M|145/247\n|turn|18\n|\n|t:|1781442226\n|move|p2a: Luvdisc|Surf|p1a: Ogerpon\n|-resisted|p1a: Ogerpon\n|-damage|p1a: Ogerpon|2/259\n|move|p1a: Ogerpon|Ivy Cudgel|p2a: Luvdisc\n|-supereffective|p2a: Luvdisc\n|-damage|p2a: Luvdisc|0 fnt\n|faint|p2a: Luvdisc\n|-damage|p1a: Ogerpon|0 fnt|[from] item: Life Orb\n|faint|p1a: Ogerpon\n|\n|upkeep\n|\n|t:|1781442236\n|switch|p2a: Hypno|Hypno, L95, F|298/315\n|switch|p1a: Mandibuzz|Mandibuzz, L85, F|326/326\n|turn|19\n|\n|t:|1781442241\n|move|p1a: Mandibuzz|U-turn|p2a: Hypno\n|-supereffective|p2a: Hypno\n|-damage|p2a: Hypno|222/315\n|\n|t:|1781442245\n|switch|p1a: Registeel|Registeel, L81|211/262 par|[from] U-turn\n|move|p2a: Hypno|Knock Off|p1a: Registeel\n|-damage|p1a: Registeel|176/262 par\n|\n|-heal|p2a: Hypno|241/315|[from] item: Leftovers\n|upkeep\n|turn|20\n|\n|t:|1781442250\n|move|p2a: Hypno|Psychic Noise|p1a: Registeel\n|-resisted|p1a: Registeel\n|-crit|p1a: Registeel\n|-damage|p1a: Registeel|137/262 par\n|-start|p1a: Registeel|move: Heal Block\n|cant|p1a: Registeel|par\n|\n|-heal|p2a: Hypno|260/315|[from] item: Leftovers\n|upkeep\n|turn|21\n|\n|t:|1781442257\n|move|p2a: Hypno|Psychic Noise|p1a: Registeel\n|-resisted|p1a: Registeel\n|-damage|p1a: Registeel|110/262 par\n|move|p1a: Registeel|Iron Head|p2a: Hypno\n|-damage|p2a: Hypno|185/315\n|\n|-heal|p2a: Hypno|204/315|[from] item: Leftovers\n|-end|p1a: Registeel|move: Heal Block\n|upkeep\n|turn|22\n|\n|t:|1781442274\n|move|p2a: Hypno|Psychic Noise|p1a: Registeel\n|-resisted|p1a: Registeel\n|-crit|p1a: Registeel\n|-damage|p1a: Registeel|71/262 par\n|-start|p1a: Registeel|move: Heal Block\n|move|p1a: Registeel|Iron Head|p2a: Hypno\n|-damage|p2a: Hypno|132/315\n|\n|-heal|p2a: Hypno|151/315|[from] item: Leftovers\n|upkeep\n|turn|23\n|\n|t:|1781442277\n|move|p2a: Hypno|Psychic Noise|p1a: Registeel\n|-resisted|p1a: Registeel\n|-damage|p1a: Registeel|43/262 par\n|move|p1a: Registeel|Iron Head|p2a: Hypno\n|-damage|p2a: Hypno|79/315\n|\n|-heal|p2a: Hypno|98/315|[from] item: Leftovers\n|-end|p1a: Registeel|move: Heal Block\n|upkeep\n|turn|24\n|\n|t:|1781442280\n|move|p2a: Hypno|Psychic Noise|p1a: Registeel\n|-resisted|p1a: Registeel\n|-damage|p1a: Registeel|13/262 par\n|-start|p1a: Registeel|move: Heal Block\n|move|p1a: Registeel|Iron Head|p2a: Hypno\n|-damage|p2a: Hypno|26/315\n|\n|-heal|p2a: Hypno|45/315|[from] item: Leftovers\n|upkeep\n|turn|25\n|\n|t:|1781442283\n|move|p2a: Hypno|Knock Off|p1a: Registeel\n|-damage|p1a: Registeel|0 fnt\n|faint|p1a: Registeel\n|\n|-heal|p2a: Hypno|64/315|[from] item: Leftovers\n|upkeep\n|\n|t:|1781442293\n|switch|p1a: Mandibuzz|Mandibuzz, L85, F|326/326\n|turn|26\n|\n|t:|1781442300\n|move|p1a: Mandibuzz|Foul Play|p2a: Hypno\n|-supereffective|p2a: Hypno\n|-damage|p2a: Hypno|0 fnt\n|faint|p2a: Hypno\n|\n|upkeep\n|\n|t:|1781442304\n|switch|p2a: Terapagos|Terapagos-Terastal, L77, M|273/273\n|turn|27\n|\n|t:|1781442312\n|move|p1a: Mandibuzz|U-turn|p2a: Terapagos\n|-activate|p2a: Terapagos|ability: Tera Shell\n|-resisted|p2a: Terapagos\n|-damage|p2a: Terapagos|254/273\n|\n|t:|1781442315\n|switch|p1a: Houndoom|Houndoom, L87, M|272/272|[from] U-turn\n|move|p2a: Terapagos|Calm Mind|p2a: Terapagos\n|-boost|p2a: Terapagos|spa|1\n|-boost|p2a: Terapagos|spd|1\n|\n|upkeep\n|turn|28\n|\n|t:|1781442318\n|move|p1a: Houndoom|Nasty Plot|p1a: Houndoom\n|-boost|p1a: Houndoom|spa|2\n|move|p2a: Terapagos|Calm Mind|p2a: Terapagos\n|-boost|p2a: Terapagos|spa|1\n|-boost|p2a: Terapagos|spd|1\n|\n|upkeep\n|turn|29\n|\n|t:|1781442324\n|move|p1a: Houndoom|Dark Pulse|p2a: Terapagos\n|-damage|p2a: Terapagos|161/273\n|move|p2a: Terapagos|Calm Mind|p2a: Terapagos\n|-boost|p2a: Terapagos|spa|1\n|-boost|p2a: Terapagos|spd|1\n|\n|upkeep\n|turn|30\n|\n|t:|1781442330\n|move|p1a: Houndoom|Sludge Bomb|p2a: Terapagos\n|-damage|p2a: Terapagos|110/273\n|move|p2a: Terapagos|Rest|p2a: Terapagos\n|-status|p2a: Terapagos|slp|[from] move: Rest\n|-heal|p2a: Terapagos|273/273 slp|[silent]\n|-enditem|p2a: Terapagos|Chesto Berry|[eat]\n|-curestatus|p2a: Terapagos|slp|[msg]\n|\n|upkeep\n|turn|31\n|\n|t:|1781442338\n|move|p1a: Houndoom|Sludge Bomb|p2a: Terapagos\n|-activate|p2a: Terapagos|ability: Tera Shell\n|-resisted|p2a: Terapagos\n|-damage|p2a: Terapagos|245/273\n|move|p2a: Terapagos|Earth Power|p1a: Houndoom\n|-supereffective|p1a: Houndoom\n|-damage|p1a: Houndoom|0 fnt\n|faint|p1a: Houndoom\n|\n|upkeep\n|\n|t:|1781442349\n|switch|p1a: Regidrago|Regidrago, L77|435/435\n|turn|32\n|\n|t:|1781442359\n|-terastallize|p2a: Terapagos|Stellar\n|detailschange|p2a: Terapagos|Terapagos-Stellar, L77, M, tera:Stellar\n|-heal|p2a: Terapagos|345/373|[silent]\n|move|p2a: Terapagos|Tera Starstorm|p1a: Regidrago\n|-damage|p1a: Regidrago|8/435\n|move|p1a: Regidrago|Dragon Dance|p1a: Regidrago\n|-boost|p1a: Regidrago|atk|1\n|-boost|p1a: Regidrago|spe|1\n|\n|upkeep\n|turn|33\n|\n|t:|1781442368\n|-terastallize|p1a: Regidrago|Dragon\n|move|p1a: Regidrago|Outrage|p2a: Terapagos\n|-damage|p2a: Terapagos|61/373\n|move|p2a: Terapagos|Tera Starstorm|p1a: Regidrago\n|-supereffective|p1a: Regidrago\n|-damage|p1a: Regidrago|0 fnt\n|faint|p1a: Regidrago\n|\n|upkeep\n|\n|t:|1781442376\n|switch|p1a: Mandibuzz|Mandibuzz, L85, F|326/326\n|turn|34\n|\n|t:|1781442379\n|move|p1a: Mandibuzz|Foul Play|p2a: Terapagos\n|-damage|p2a: Terapagos|0 fnt\n|faint|p2a: Terapagos\n|detailschange|p2: Terapagos|Terapagos, L77, M|[silent]\n|\n|upkeep\n|\n|t:|1781442382\n|switch|p2a: Sceptile|Sceptile, L87, M|53/264\n|turn|35\n|\n|t:|1781442384\n|move|p2a: Sceptile|Rock Slide|p1a: Mandibuzz\n|-supereffective|p1a: Mandibuzz\n|-damage|p1a: Mandibuzz|217/326\n|-damage|p2a: Sceptile|27/264|[from] item: Life Orb\n|cant|p1a: Mandibuzz|flinch\n|\n|upkeep\n|turn|36\n|\n|t:|1781442392\n|switch|p1a: Reshiram|Reshiram, L76|100/277\n|-ability|p1a: Reshiram|Turboblaze\n|move|p2a: Sceptile|Rock Slide|p1a: Reshiram\n|-supereffective|p1a: Reshiram\n|-damage|p1a: Reshiram|0 fnt\n|faint|p1a: Reshiram\n|-damage|p2a: Sceptile|1/264|[from] item: Life Orb\n|\n|upkeep\n|\n|t:|1781442394\n|switch|p1a: Mandibuzz|Mandibuzz, L85, F|217/326\n|turn|37\n|\n|t:|1781442401\n|move|p2a: Sceptile|Rock Slide|p1a: Mandibuzz\n|-supereffective|p1a: Mandibuzz\n|-damage|p1a: Mandibuzz|92/326\n|-damage|p2a: Sceptile|0 fnt|[from] item: Life Orb\n|faint|p2a: Sceptile\n|\n|win|vCreeze\n", "inputlog": ">version a8376a258c1d4662feba110a92103f3664a72141\n>start {\"formatid\":\"gen9randombattle\",\"seed\":\"sodium,549860bf1605141d54b08d882b00b340\",\"rated\":\"Rated battle\"}\n>player p1 {\"name\":\"vCreeze\",\"avatar\":\"marnie-masters\",\"rating\":2043,\"seed\":\"sodium,235c48d5813a0df4535c8a99bf3496a6\"}\n>player p2 {\"name\":\"BoboTheBobo\",\"avatar\":\"fantina\",\"rating\":2111,\"seed\":\"sodium,9e72de7d6dd576fb26c11aa10777b4c4\"}\n>p1 move dracometeor\n>p2 move earthquake\n>p1 switch 5\n>p2 move rockslide\n>p1 move knockoff\n>p2 switch 3\n>p1 move knockoff\n>p2 move heavyslam\n>p2 switch 5\n>p1 move knockoff\n>p2 move quiverdance\n>p1 move encore\n>p2 move quiverdance\n>p1 switch 5\n>p2 move quiverdance\n>p1 move dragontail\n>p2 move quiverdance\n>p1 switch 4\n>p2 move psychicnoise\n>p1 move uturn\n>p2 move thunderwave\n>p1 switch 6\n>p1 move irondefense\n>p2 move knockoff\n>p1 move irondefense\n>p2 move encore\n>p1 switch 6\n>p2 switch 2\n>p1 move uturn\n>p2 switch 6\n>p1 switch 5\n>p1 move ivycudgel\n>p2 move substitute\n>p1 move encore\n>p2 move flipturn\n>p2 switch 4\n>p1 move superpower\n>p2 move strengthsap\n>p2 switch 4\n>p1 move ivycudgel\n>p2 move surf\n>p1 switch 5\n>p2 switch 2\n>p1 move uturn\n>p2 move knockoff\n>p1 switch 6\n>p1 move ironhead\n>p2 move psychicnoise\n>p1 move ironhead\n>p2 move psychicnoise\n>p1 move ironhead\n>p2 move psychicnoise\n>p1 move ironhead\n>p2 move psychicnoise\n>p1 move ironhead\n>p2 move psychicnoise\n>p1 move ironhead\n>p2 move knockoff\n>p1 switch 6\n>p1 move foulplay\n>p2 move thunderwave\n>p2 switch 6\n>p1 move uturn\n>p2 move calmmind\n>p1 switch 2\n>p1 move nastyplot\n>p2 move calmmind\n>p1 move darkpulse\n>p2 move calmmind\n>p1 move sludgebomb\n>p2 move rest\n>p1 move sludgebomb\n>p2 move earthpower\n>p1 switch 3\n>p1 move dragondance\n>p2 move terastarstorm terastallize\n>p1 move outrage terastallize\n>p2 move terastarstorm\n>p1 switch 2\n>p1 move foulplay\n>p2 move rest\n>p2 switch 3\n>p1 move foulplay\n>p2 move rockslide\n>p1 switch 4\n>p2 move rockslide\n>p1 switch 4\n>p1 move foulplay\n>p2 move rockslide", "uploadtime": 1781442068, "views": 4, "formatid": "gen9randombattle", "rating": null, "private": 0, "password": null, "player_dets": [{"name": "vCreeze", "avatar": "marnie-masters", "rating": 2043, "seed": "sodium,235c48d5813a0df4535c8a99bf3496a6"}, {"name": "BoboTheBobo", "avatar": "fantina", "rating": 2111, "seed": "sodium,9e72de7d6dd576fb26c11aa10777b4c4"}], "teams_full": [{"Reshiram": {"name": "Reshiram", "species": "Reshiram", "speciesId": "reshiram", "gender": "N", "shiny": false, "level": 76, "moves": ["blueflare", "dracometeor", "dragontail", "earthpower"], "ability": "Turboblaze", "evs": {"hp": 85, "atk": 85, "def": 85, "spa": 85, "spd": 85, "spe": 85}, "ivs": {"hp": 31, "atk": 31, "def": 31, "spa": 31, "spd": 31, "spe": 31}, "item": "Heavy-Duty Boots", "teraType": "Fire", "role": "Fast Attacker", "bvs": {"hp": 100, "atk": 120, "def": 100, "spa": 150, "spd": 120, "spe": 90}, "stats": {"hp": 277, "atk": 226, "def": 196, "spa": 272, "spd": 226, "spe": 181}, "types": ["Dragon", "Fire"]}, "Houndoom": {"name": "Houndoom", "species": "Houndoom", "speciesId": "houndoom", "gender": "M", "shiny": false, "level": 87, "moves": ["sludgebomb", "nastyplot", "darkpulse", "fireblast"], "ability": "Flash Fire", "evs": {"hp": 85, "atk": 0, "def": 85, "spa": 85, "spd": 85, "spe": 85}, "ivs": {"hp": 31, "atk": 0, "def": 31, "spa": 31, "spd": 31, "spe": 31}, "item": "Heavy-Duty Boots", "teraType": "Fire", "role": "Fast Attacker", "bvs": {"hp": 75, "atk": 90, "def": 50, "spa": 110, "spd": 80, "spe": 95}, "stats": {"hp": 272, "atk": 161, "def": 137, "spa": 241, "spd": 189, "spe": 215}, "types": ["Dark", "Fire"]}, "Regidrago": {"name": "Regidrago", "species": "Regidrago", "speciesId": "regidrago", "gender": "N", "shiny": false, "level": 77, "moves": ["outrage", "dragondance", "earthquake", "dracometeor"], "ability": "Dragon's Maw", "evs": {"hp": 85, "atk": 85, "def": 85, "spa": 85, "spd": 85, "spe": 85}, "ivs": {"hp": 31, "atk": 31, "def": 31, "spa": 31, "spd": 31, "spe": 31}, "item": "Lum Berry", "teraType": "Dragon", "role": "Setup Sweeper", "bvs": {"hp": 200, "atk": 100, "def": 50, "spa": 100, "spd": 50, "spe": 80}, "stats": {"hp": 435, "atk": 199, "def": 122, "spa": 199, "spd": 122, "spe": 168}, "types": ["Dragon"]}, "Mandibuzz": {"name": "Mandibuzz", "species": "Mandibuzz", "speciesId": "mandibuzz", "gender": "F", "shiny": false, "level": 85, "moves": ["defog", "uturn", "roost", "foulplay"], "ability": "Overcoat", "evs": {"hp": 85, "atk": 85, "def": 85, "spa": 85, "spd": 85, "spe": 85}, "ivs": {"hp": 31, "atk": 31, "def": 31, "spa": 31, "spd": 31, "spe": 31}, "item": "Heavy-Duty Boots", "teraType": "Steel", "role": "Bulky Support", "bvs": {"hp": 110, "atk": 65, "def": 105, "spa": 55, "spd": 95, "spe": 80}, "stats": {"hp": 326, "atk": 159, "def": 227, "spa": 142, "spd": 210, "spe": 185}, "types": ["Dark", "Flying"]}, "Ogerpon": {"name": "Ogerpon", "species": "Ogerpon", "speciesId": "ogerpon", "gender": "F", "shiny": false, "level": 80, "moves": ["ivycudgel", "superpower", "encore", "knockoff"], "ability": "Defiant", "evs": {"hp": 85, "atk": 85, "def": 85, "spa": 85, "spd": 85, "spe": 85}, "ivs": {"hp": 31, "atk": 31, "def": 31, "spa": 31, "spd": 31, "spe": 31}, "item": "Life Orb", "teraType": "Grass", "role": "Fast Support", "bvs": {"hp": 80, "atk": 120, "def": 84, "spa": 60, "spd": 96, "spe": 110}, "stats": {"hp": 259, "atk": 238, "def": 181, "spa": 142, "spd": 200, "spe": 222}, "types": ["Grass"]}, "Registeel": {"name": "Registeel", "species": "Registeel", "speciesId": "registeel", "gender": "N", "shiny": false, "level": 81, "moves": ["bodypress", "ironhead", "irondefense", "rest"], "ability": "Clear Body", "evs": {"hp": 85, "atk": 85, "def": 85, "spa": 85, "spd": 85, "spe": 85}, "ivs": {"hp": 31, "atk": 31, "def": 31, "spa": 31, "spd": 31, "spe": 31}, "item": "Chesto Berry", "teraType": "Fighting", "role": "Bulky Setup", "bvs": {"hp": 80, "atk": 75, "def": 150, "spa": 75, "spd": 150, "spe": 50}, "stats": {"hp": 262, "atk": 168, "def": 290, "spa": 168, "spd": 290, "spe": 128}, "types": ["Steel"]}}, {"Sceptile": {"name": "Sceptile", "species": "Sceptile", "speciesId": "sceptile", "gender": "M", "shiny": false, "level": 87, "moves": ["swordsdance", "earthquake", "leafblade", "rockslide"], "ability": "Overgrow", "evs": {"hp": 85, "atk": 85, "def": 85, "spa": 85, "spd": 85, "spe": 85}, "ivs": {"hp": 31, "atk": 31, "def": 31, "spa": 31, "spd": 31, "spe": 31}, "item": "Life Orb", "teraType": "Rock", "role": "Setup Sweeper", "bvs": {"hp": 70, "atk": 85, "def": 65, "spa": 105, "spd": 85, "spe": 120}, "stats": {"hp": 264, "atk": 198, "def": 163, "spa": 232, "spd": 198, "spe": 259}, "types": ["Grass"]}, "Terapagos": {"name": "Terapagos", "species": "Terapagos", "speciesId": "terapagos", "gender": "M", "shiny": false, "level": 77, "moves": ["earthpower", "terastarstorm", "rest", "calmmind"], "ability": "Tera Shift", "evs": {"hp": 85, "atk": 0, "def": 85, "spa": 85, "spd": 85, "spe": 85}, "ivs": {"hp": 31, "atk": 0, "def": 31, "spa": 31, "spd": 31, "spe": 31}, "item": "Chesto Berry", "teraType": "Stellar", "role": "Fast Bulky Setup", "bvs": {"hp": 90, "atk": 65, "def": 85, "spa": 65, "spd": 85, "spe": 60}, "stats": {"hp": 265, "atk": 105, "def": 175, "spa": 145, "spd": 175, "spe": 137}, "types": ["Normal"]}, "Metagross": {"name": "Metagross", "species": "Metagross", "speciesId": "metagross", "gender": "N", "shiny": false, "level": 79, "moves": ["heavyslam", "psychicfangs", "bulletpunch", "earthquake"], "ability": "Clear Body", "evs": {"hp": 85, "atk": 85, "def": 85, "spa": 85, "spd": 85, "spe": 85}, "ivs": {"hp": 31, "atk": 31, "def": 31, "spa": 31, "spd": 31, "spe": 31}, "item": "Choice Band", "teraType": "Water", "role": "Bulky Support", "bvs": {"hp": 80, "atk": 135, "def": 130, "spa": 95, "spd": 90, "spe": 70}, "stats": {"hp": 256, "atk": 259, "def": 251, "spa": 196, "spd": 188, "spe": 156}, "types": ["Steel", "Psychic"]}, "Hypno": {"name": "Hypno", "species": "Hypno", "speciesId": "hypno", "gender": "F", "shiny": false, "level": 95, "moves": ["knockoff", "thunderwave", "encore", "psychicnoise"], "ability": "Insomnia", "evs": {"hp": 85, "atk": 85, "def": 85, "spa": 85, "spd": 85, "spe": 85}, "ivs": {"hp": 31, "atk": 31, "def": 31, "spa": 31, "spd": 31, "spe": 31}, "item": "Leftovers", "teraType": "Steel", "role": "Bulky Support", "bvs": {"hp": 85, "atk": 73, "def": 70, "spa": 73, "spd": 115, "spe": 67}, "stats": {"hp": 315, "atk": 193, "def": 187, "spa": 193, "spd": 272, "spe": 181}, "types": ["Psychic"]}, "Bellossom": {"name": "Bellossom", "species": "Bellossom", "speciesId": "bellossom", "gender": "M", "shiny": false, "level": 84, "moves": ["quiverdance", "gigadrain", "strengthsap", "sludgebomb"], "ability": "Chlorophyll", "evs": {"hp": 85, "atk": 0, "def": 85, "spa": 85, "spd": 85, "spe": 85}, "ivs": {"hp": 31, "atk": 0, "def": 31, "spa": 31, "spd": 31, "spe": 31}, "item": "Leftovers", "teraType": "Poison", "role": "Bulky Setup", "bvs": {"hp": 75, "atk": 80, "def": 95, "spa": 90, "spd": 100, "spe": 50}, "stats": {"hp": 263, "atk": 139, "def": 208, "spa": 199, "spd": 216, "spe": 132}, "types": ["Grass"]}, "Luvdisc": {"name": "Luvdisc", "species": "Luvdisc", "speciesId": "luvdisc", "gender": "M", "shiny": false, "level": 100, "moves": ["surf", "endeavor", "flipturn", "substitute"], "ability": "Swift Swim", "evs": {"hp": 81, "atk": 85, "def": 85, "spa": 85, "spd": 85, "spe": 85}, "ivs": {"hp": 31, "atk": 31, "def": 31, "spa": 31, "spd": 31, "spe": 31}, "item": "Heavy-Duty Boots", "teraType": "Ground", "role": "Fast Support", "bvs": {"hp": 43, "atk": 30, "def": 55, "spa": 40, "spd": 65, "spe": 97}, "stats": {"hp": 247, "atk": 117, "def": 167, "spa": 137, "spd": 187, "spe": 251}, "types": ["Water"]}}]}