{"id": "gen9randombattle-2631860226", "format": "[Gen 9] Random Battle", "players": ["SSlimeyy", "lopunny luvr"], "log": "|j|\u2606SSlimeyy\n|j|\u2606lopunny luvr\n|t:|1781449157\n|gametype|singles\n|player|p1|SSlimeyy|170|2176\n|player|p2|lopunny luvr|sailor|2115\n|gen|9\n|tier|[Gen 9] Random Battle\n|rated|\n|rule|Species Clause: Limit one of each Pok\u00e9mon\n|rule|HP Percentage Mod: HP is shown in percentages\n|rule|Sleep Clause Mod: Limit one foe put to sleep\n|rule|Illusion Level Mod: Illusion disguises the Pok\u00e9mon's true level\n|\n|t:|1781449157\n|teamsize|p1|6\n|teamsize|p2|6\n|start\n|switch|p1a: Dialga|Dialga-Origin, L73|266/266\n|switch|p2a: Wyrdeer|Wyrdeer, L87, M|321/321\n|-ability|p1a: Dialga|Pressure\n|-ability|p2a: Wyrdeer|Intimidate|boost\n|-unboost|p1a: Dialga|atk|1\n|turn|1\n|j| Rabiesdfsdf\n|inactive|Battle timer is ON: inactive players will automatically lose when time's up. (requested by SSlimeyy)\n|j| PokemonCestDur\n|\n|t:|1781449185\n|move|p1a: Dialga|Thunder Wave|p2a: Wyrdeer\n|-status|p2a: Wyrdeer|par\n|cant|p2a: Wyrdeer|par\n|\n|upkeep\n|turn|2\n|\n|t:|1781449191\n|move|p1a: Dialga|Stealth Rock|p2a: Wyrdeer\n|-sidestart|p2: lopunny luvr|move: Stealth Rock\n|move|p2a: Wyrdeer|Thunder Wave|p1a: Dialga\n|-status|p1a: Dialga|par\n|\n|upkeep\n|turn|3\n|\n|t:|1781449211\n|move|p1a: Dialga|Flash Cannon|p2a: Wyrdeer\n|-damage|p2a: Wyrdeer|210/321 par\n|move|p2a: Wyrdeer|Earthquake|p1a: Dialga\n|-supereffective|p1a: Dialga\n|-damage|p1a: Dialga|124/266 par\n|\n|-heal|p2a: Wyrdeer|230/321 par|[from] item: Leftovers\n|upkeep\n|turn|4\n|\n|t:|1781449215\n|move|p1a: Dialga|Flash Cannon|p2a: Wyrdeer\n|-damage|p2a: Wyrdeer|104/321 par\n|move|p2a: Wyrdeer|Earthquake|p1a: Dialga\n|-supereffective|p1a: Dialga\n|-damage|p1a: Dialga|0 fnt\n|faint|p1a: Dialga\n|\n|-heal|p2a: Wyrdeer|124/321 par|[from] item: Leftovers\n|upkeep\n|\n|t:|1781449219\n|switch|p1a: Mamoswine|Mamoswine, L81, F|311/311\n|turn|5\n|\n|t:|1781449241\n|move|p1a: Mamoswine|Knock Off|p2a: Wyrdeer\n|-supereffective|p2a: Wyrdeer\n|-damage|p2a: Wyrdeer|0 fnt\n|-enditem|p2a: Wyrdeer|Leftovers|[from] move: Knock Off|[of] p1a: Mamoswine\n|faint|p2a: Wyrdeer\n|\n|upkeep\n|\n|t:|1781449250\n|switch|p2a: Samurott|Samurott-Hisui, L77, M|265/265\n|-damage|p2a: Samurott|232/265|[from] Stealth Rock\n|turn|6\n|\n|t:|1781449255\n|switch|p1a: Keldeo|Keldeo-Resolute, L79|273/273\n|move|p2a: Samurott|Ceaseless Edge|p1a: Keldeo\n|-resisted|p1a: Keldeo\n|-damage|p1a: Keldeo|194/273\n|-ability|p1a: Keldeo|Justified|boost\n|-boost|p1a: Keldeo|atk|1\n|-sidestart|p1: SSlimeyy|Spikes\n|\n|upkeep\n|turn|7\n|inactive|lopunny luvr has 120 seconds left.\n|\n|t:|1781449297\n|switch|p2a: Jirachi|Jirachi, L80|291/291\n|-damage|p2a: Jirachi|273/291|[from] Stealth Rock\n|move|p1a: Keldeo|Calm Mind|p1a: Keldeo\n|-boost|p1a: Keldeo|spa|1\n|-boost|p1a: Keldeo|spd|1\n|\n|-heal|p2a: Jirachi|291/291|[from] item: Leftovers\n|upkeep\n|turn|8\n|inactive|lopunny luvr has 90 seconds left.\n|\n|t:|1781449342\n|move|p1a: Keldeo|Secret Sword|p2a: Jirachi\n|-damage|p2a: Jirachi|122/291\n|-damage|p1a: Keldeo|167/273|[from] item: Life Orb\n|move|p2a: Jirachi|Iron Head|p1a: Keldeo\n|-resisted|p1a: Keldeo\n|-damage|p1a: Keldeo|125/273\n|\n|-heal|p2a: Jirachi|140/291|[from] item: Leftovers\n|upkeep\n|turn|9\n|\n|t:|1781449347\n|move|p1a: Keldeo|Secret Sword|p2a: Jirachi\n|-damage|p2a: Jirachi|0 fnt\n|faint|p2a: Jirachi\n|-damage|p1a: Keldeo|98/273|[from] item: Life Orb\n|\n|upkeep\n|\n|t:|1781449358\n|switch|p2a: Wugtrio|Wugtrio, L91, M|212/212\n|-damage|p2a: Wugtrio|186/212|[from] Stealth Rock\n|turn|10\n|\n|t:|1781449372\n|move|p1a: Keldeo|Vacuum Wave|p2a: Wugtrio\n|-damage|p2a: Wugtrio|91/212\n|-damage|p1a: Keldeo|71/273|[from] item: Life Orb\n|move|p2a: Wugtrio|Stomping Tantrum|p1a: Keldeo\n|-damage|p1a: Keldeo|0 fnt\n|faint|p1a: Keldeo\n|\n|upkeep\n|\n|t:|1781449377\n|switch|p1a: Flapple|Flapple, L88, M|266/266\n|-damage|p1a: Flapple|233/266|[from] Spikes\n|turn|11\n|inactive|lopunny luvr has 90 seconds left.\n|inactive|lopunny luvr has 60 seconds left.\n|\n|t:|1781449413\n|switch|p2a: Umbreon|Umbreon, L84, F|297/297\n|-damage|p2a: Umbreon|260/297|[from] Stealth Rock\n|move|p1a: Flapple|Grav Apple|p2a: Umbreon\n|-damage|p2a: Umbreon|52/297\n|-unboost|p2a: Umbreon|def|1\n|\n|-heal|p2a: Umbreon|70/297|[from] item: Leftovers\n|upkeep\n|turn|12\n|\n|t:|1781449419\n|move|p1a: Flapple|Grav Apple|p2a: Umbreon\n|-damage|p2a: Umbreon|0 fnt\n|faint|p2a: Umbreon\n|\n|upkeep\n|inactive|lopunny luvr has 60 seconds left.\n|\n|t:|1781449440\n|switch|p2a: Eiscue|Eiscue, L88, M|274/274\n|-damage|p2a: Eiscue|206/274|[from] Stealth Rock\n|turn|13\n|\n|t:|1781449449\n|switch|p1a: Jolteon|Jolteon, L84, F|246/246\n|-damage|p1a: Jolteon|216/246|[from] Spikes\n|move|p2a: Eiscue|Belly Drum|p2a: Eiscue\n|-damage|p2a: Eiscue|69/274\n|-setboost|p2a: Eiscue|atk|6|[from] move: Belly Drum\n|-enditem|p2a: Eiscue|Sitrus Berry|[eat]\n|-heal|p2a: Eiscue|137/274|[from] item: Sitrus Berry\n|\n|upkeep\n|turn|14\n|inactive|lopunny luvr has 60 seconds left.\n|\n|t:|1781449463\n|move|p1a: Jolteon|Thunderbolt|p2a: Eiscue\n|-damage|p2a: Eiscue|19/274\n|-damage|p1a: Jolteon|192/246|[from] item: Life Orb\n|move|p2a: Eiscue|Liquidation|p1a: Jolteon\n|-damage|p1a: Jolteon|0 fnt\n|faint|p1a: Jolteon\n|\n|upkeep\n|\n|t:|1781449468\n|switch|p1a: Garganacl|Garganacl, L80, M|291/291\n|-damage|p1a: Garganacl|255/291|[from] Spikes\n|turn|15\n|\n|t:|1781449483\n|-terastallize|p1a: Garganacl|Ghost\n|move|p2a: Eiscue|Ice Spinner|p1a: Garganacl\n|-damage|p1a: Garganacl|11/291\n|move|p1a: Garganacl|Salt Cure|p2a: Eiscue\n|-activate|p2a: Eiscue|ability: Ice Face\n|-damage|p2a: Eiscue|19/274\n|-start|p2a: Eiscue|Salt Cure\n|detailschange|p2a: Eiscue|Eiscue-Noice, L88, M\n|\n|-heal|p1a: Garganacl|29/291|[from] item: Leftovers\n|-damage|p2a: Eiscue|0 fnt|[from] Salt Cure\n|faint|p2a: Eiscue\n|upkeep\n|inactive|lopunny luvr has 60 seconds left.\n|\n|t:|1781449493\n|switch|p2a: Samurott|Samurott-Hisui, L77, M|232/265\n|-damage|p2a: Samurott|199/265|[from] Stealth Rock\n|turn|16\n|\n|t:|1781449498\n|move|p2a: Samurott|Ceaseless Edge|p1a: Garganacl\n|-supereffective|p1a: Garganacl\n|-damage|p1a: Garganacl|0 fnt\n|-sidestart|p1: SSlimeyy|Spikes\n|faint|p1a: Garganacl\n|\n|upkeep\n|\n|t:|1781449508\n|switch|p1a: Mamoswine|Mamoswine, L81, F|311/311\n|-damage|p1a: Mamoswine|260/311|[from] Spikes\n|turn|17\n|inactive|lopunny luvr has 60 seconds left.\n|\n|t:|1781449550\n|switch|p2a: Wugtrio|Wugtrio, L91, M|91/212\n|-damage|p2a: Wugtrio|65/212|[from] Stealth Rock\n|move|p1a: Mamoswine|Earthquake|p2a: Wugtrio\n|-damage|p2a: Wugtrio|0 fnt\n|faint|p2a: Wugtrio\n|\n|upkeep\n|\n|t:|1781449552\n|switch|p2a: Samurott|Samurott-Hisui, L77, M|199/265\n|-damage|p2a: Samurott|166/265|[from] Stealth Rock\n|turn|18\n|\n|t:|1781449557\n|move|p1a: Mamoswine|Earthquake|p2a: Samurott\n|-damage|p2a: Samurott|0 fnt\n|faint|p2a: Samurott\n|\n|win|SSlimeyy\n", "inputlog": ">version a8376a258c1d4662feba110a92103f3664a72141\n>start {\"formatid\":\"gen9randombattle\",\"seed\":\"sodium,b9519845c120cc5bc566d86a2f3c24e7\",\"rated\":\"Rated battle\"}\n>player p1 {\"name\":\"SSlimeyy\",\"avatar\":\"170\",\"rating\":2176,\"seed\":\"sodium,5466a47de9f7feba9603032b396302f5\"}\n>player p2 {\"name\":\"lopunny luvr\",\"avatar\":\"sailor\",\"rating\":2115,\"seed\":\"sodium,91e83426d30f0102b980513724dd4676\"}\n>p1 move thunderwave\n>p2 move earthquake\n>p1 move stealthrock\n>p2 move thunderwave\n>p1 move flashcannon\n>p2 move earthquake\n>p1 move flashcannon\n>p2 move earthquake\n>p1 switch 2\n>p1 move knockoff\n>p2 move psychicnoise\n>p2 switch 6\n>p1 switch 5\n>p2 move ceaselessedge\n>p1 move calmmind\n>p2 switch 2\n>p1 move secretsword\n>p2 move ironhead\n>p1 move secretsword\n>p2 move uturn\n>p2 switch 4\n>p1 move vacuumwave\n>p2 move stompingtantrum\n>p1 switch 6\n>p1 move gravapple\n>p2 switch 5\n>p1 move gravapple\n>p2 move foulplay\n>p2 switch 3\n>p1 switch 4\n>p2 move bellydrum\n>p1 move thunderbolt\n>p2 move liquidation\n>p1 switch 3\n>p1 move saltcure terastallize\n>p2 move icespinner\n>p2 switch 2\n>p1 move saltcure\n>p2 move ceaselessedge\n>p1 switch 5\n>p1 move earthquake\n>p2 switch 5\n>p2 switch 5\n>p1 move earthquake\n>p2 move sacredsword", "uploadtime": 1781449159, "views": 9, "formatid": "gen9randombattle", "rating": null, "private": 0, "password": null, "player_dets": [{"name": "SSlimeyy", "avatar": "170", "rating": 2176, "seed": "sodium,5466a47de9f7feba9603032b396302f5"}, {"name": "lopunny luvr", "avatar": "sailor", "rating": 2115, "seed": "sodium,91e83426d30f0102b980513724dd4676"}], "teams_full": [{"Dialga": {"name": "Dialga", "species": "Dialga-Origin", "speciesId": "dialgaorigin", "gender": "N", "shiny": false, "level": 73, "moves": ["flashcannon", "dracometeor", "stealthrock", "thunderwave"], "ability": "Pressure", "evs": {"hp": 85, "atk": 0, "def": 85, "spa": 85, "spd": 85, "spe": 85}, "ivs": {"hp": 31, "atk": 0, "def": 31, "spa": 31, "spd": 31, "spe": 31}, "item": "Adamant Crystal", "teraType": "Flying", "role": "Fast Attacker", "bvs": {"hp": 100, "atk": 100, "def": 120, "spa": 150, "spd": 120, "spe": 90}, "stats": {"hp": 266, "atk": 151, "def": 218, "spa": 261, "spd": 218, "spe": 174}}, "Mamoswine": {"name": "Mamoswine", "species": "Mamoswine", "speciesId": "mamoswine", "gender": "F", "shiny": false, "level": 81, "moves": ["iciclecrash", "iceshard", "knockoff", "earthquake"], "ability": "Thick Fat", "evs": {"hp": 85, "atk": 85, "def": 85, "spa": 85, "spd": 85, "spe": 85}, "ivs": {"hp": 31, "atk": 31, "def": 31, "spa": 31, "spd": 31, "spe": 31}, "item": "Choice Band", "teraType": "Ground", "role": "Wallbreaker", "bvs": {"hp": 110, "atk": 130, "def": 80, "spa": 70, "spd": 60, "spe": 80}, "stats": {"hp": 311, "atk": 257, "def": 176, "spa": 160, "spd": 144, "spe": 176}}, "Garganacl": {"name": "Garganacl", "species": "Garganacl", "speciesId": "garganacl", "gender": "M", "shiny": false, "level": 80, "moves": ["saltcure", "protect", "earthquake", "recover"], "ability": "Purifying Salt", "evs": {"hp": 85, "atk": 85, "def": 85, "spa": 85, "spd": 85, "spe": 85}, "ivs": {"hp": 31, "atk": 31, "def": 31, "spa": 31, "spd": 31, "spe": 31}, "item": "Leftovers", "teraType": "Ghost", "role": "Bulky Attacker", "bvs": {"hp": 100, "atk": 100, "def": 130, "spa": 45, "spd": 90, "spe": 35}, "stats": {"hp": 291, "atk": 206, "def": 254, "spa": 118, "spd": 190, "spe": 102}}, "Jolteon": {"name": "Jolteon", "species": "Jolteon", "speciesId": "jolteon", "gender": "F", "shiny": false, "level": 84, "moves": ["thunderbolt", "calmmind", "alluringvoice", "shadowball"], "ability": "Volt Absorb", "evs": {"hp": 85, "atk": 0, "def": 85, "spa": 85, "spd": 85, "spe": 85}, "ivs": {"hp": 31, "atk": 0, "def": 31, "spa": 31, "spd": 31, "spe": 31}, "item": "Life Orb", "teraType": "Fairy", "role": "Fast Attacker", "bvs": {"hp": 65, "atk": 65, "def": 60, "spa": 110, "spd": 95, "spe": 130}, "stats": {"hp": 246, "atk": 114, "def": 149, "spa": 233, "spd": 208, "spe": 267}}, "Keldeo": {"name": "Keldeo", "species": "Keldeo-Resolute", "speciesId": "keldeoresolute", "gender": "N", "shiny": false, "level": 79, "moves": ["hydropump", "calmmind", "secretsword", "vacuumwave"], "ability": "Justified", "evs": {"hp": 85, "atk": 0, "def": 85, "spa": 85, "spd": 85, "spe": 85}, "ivs": {"hp": 31, "atk": 0, "def": 31, "spa": 31, "spd": 31, "spe": 31}, "item": "Life Orb", "teraType": "Fighting", "role": "Fast Attacker", "bvs": {"hp": 91, "atk": 72, "def": 90, "spa": 129, "spd": 90, "spe": 108}, "stats": {"hp": 273, "atk": 118, "def": 188, "spa": 249, "spd": 188, "spe": 216}}, "Flapple": {"name": "Flapple", "species": "Flapple", "speciesId": "flapple", "gender": "M", "shiny": false, "level": 88, "moves": ["suckerpunch", "uturn", "gravapple", "outrage"], "ability": "Hustle", "evs": {"hp": 85, "atk": 85, "def": 85, "spa": 85, "spd": 85, "spe": 85}, "ivs": {"hp": 31, "atk": 31, "def": 31, "spa": 31, "spd": 31, "spe": 31}, "item": "Choice Band", "teraType": "Dragon", "role": "Fast Attacker", "bvs": {"hp": 70, "atk": 110, "def": 80, "spa": 95, "spd": 60, "spe": 70}, "stats": {"hp": 266, "atk": 244, "def": 191, "spa": 217, "spd": 156, "spe": 173}}}, {"Wyrdeer": {"name": "Wyrdeer", "species": "Wyrdeer", "speciesId": "wyrdeer", "gender": "M", "shiny": false, "level": 87, "moves": ["earthquake", "thunderwave", "psychicnoise", "megahorn"], "ability": "Intimidate", "evs": {"hp": 85, "atk": 85, "def": 85, "spa": 85, "spd": 85, "spe": 85}, "ivs": {"hp": 31, "atk": 31, "def": 31, "spa": 31, "spd": 31, "spe": 31}, "item": "Leftovers", "teraType": "Ground", "role": "Bulky Attacker", "bvs": {"hp": 103, "atk": 105, "def": 72, "spa": 105, "spd": 75, "spe": 65}, "stats": {"hp": 321, "atk": 232, "def": 175, "spa": 232, "spd": 180, "spe": 163}}, "Jirachi": {"name": "Jirachi", "species": "Jirachi", "speciesId": "jirachi", "gender": "N", "shiny": false, "level": 80, "moves": ["wish", "uturn", "protect", "ironhead"], "ability": "Serene Grace", "evs": {"hp": 85, "atk": 85, "def": 85, "spa": 85, "spd": 85, "spe": 85}, "ivs": {"hp": 31, "atk": 31, "def": 31, "spa": 31, "spd": 31, "spe": 31}, "item": "Leftovers", "teraType": "Water", "role": "Bulky Support", "bvs": {"hp": 100, "atk": 100, "def": 100, "spa": 100, "spd": 100, "spe": 100}, "stats": {"hp": 291, "atk": 206, "def": 206, "spa": 206, "spd": 206, "spe": 206}}, "Eiscue": {"name": "Eiscue", "species": "Eiscue", "speciesId": "eiscue", "gender": "M", "shiny": false, "level": 88, "moves": ["bellydrum", "liquidation", "icespinner", "zenheadbutt"], "ability": "Ice Face", "evs": {"hp": 81, "atk": 85, "def": 85, "spa": 85, "spd": 85, "spe": 85}, "ivs": {"hp": 31, "atk": 31, "def": 31, "spa": 31, "spd": 31, "spe": 31}, "item": "Sitrus Berry", "teraType": "Water", "role": "Setup Sweeper", "bvs": {"hp": 75, "atk": 80, "def": 110, "spa": 65, "spd": 90, "spe": 50}, "stats": {"hp": 274, "atk": 191, "def": 244, "spa": 165, "spd": 209, "spe": 138}}, "Wugtrio": {"name": "Wugtrio", "species": "Wugtrio", "speciesId": "wugtrio", "gender": "M", "shiny": false, "level": 91, "moves": ["liquidation", "aquajet", "stompingtantrum", "throatchop"], "ability": "Gooey", "evs": {"hp": 85, "atk": 85, "def": 85, "spa": 85, "spd": 85, "spe": 85}, "ivs": {"hp": 31, "atk": 31, "def": 31, "spa": 31, "spd": 31, "spe": 31}, "item": "Choice Band", "teraType": "Ground", "role": "Fast Attacker", "bvs": {"hp": 35, "atk": 100, "def": 50, "spa": 50, "spd": 70, "spe": 120}, "stats": {"hp": 212, "atk": 234, "def": 143, "spa": 143, "spd": 179, "spe": 270}}, "Umbreon": {"name": "Umbreon", "species": "Umbreon", "speciesId": "umbreon", "gender": "F", "shiny": false, "level": 84, "moves": ["protect", "toxic", "wish", "foulplay"], "ability": "Synchronize", "evs": {"hp": 85, "atk": 0, "def": 85, "spa": 85, "spd": 85, "spe": 85}, "ivs": {"hp": 31, "atk": 0, "def": 31, "spa": 31, "spd": 31, "spe": 31}, "item": "Leftovers", "teraType": "Poison", "role": "Bulky Support", "bvs": {"hp": 95, "atk": 65, "def": 110, "spa": 60, "spd": 130, "spe": 65}, "stats": {"hp": 297, "atk": 114, "def": 233, "spa": 149, "spd": 267, "spe": 157}}, "Samurott": {"name": "Samurott", "species": "Samurott-Hisui", "speciesId": "samurotthisui", "gender": "M", "shiny": false, "level": 77, "moves": ["sacredsword", "ceaselessedge", "razorshell", "suckerpunch"], "ability": "Sharpness", "evs": {"hp": 85, "atk": 85, "def": 85, "spa": 85, "spd": 85, "spe": 85}, "ivs": {"hp": 31, "atk": 31, "def": 31, "spa": 31, "spd": 31, "spe": 31}, "item": "Choice Band", "teraType": "Poison", "role": "Fast Attacker", "bvs": {"hp": 90, "atk": 108, "def": 80, "spa": 100, "spd": 65, "spe": 85}, "stats": {"hp": 265, "atk": 211, "def": 168, "spa": 199, "spd": 145, "spe": 175}}}]}