{"id": "gen9randombattle-2632020117", "format": "[Gen 9] Random Battle", "players": ["joebidenfan1245", "Charizard is Mid"], "log": "|j|\u203djoebidenfan1245\n|j|\u2606Charizard is Mid\n|t:|1781466696\n|gametype|singles\n|player|p1|joebidenfan1245|265|1925\n|player|p2|Charizard is Mid|pokekid|1902\n|gen|9\n|tier|[Gen 9] Random Battle\n|rated|\n|rule|Species Clause: Limit one of each Pok\u00e9mon\n|rule|HP Percentage Mod: HP is shown in percentages\n|rule|Sleep Clause Mod: Limit one foe put to sleep\n|rule|Illusion Level Mod: Illusion disguises the Pok\u00e9mon's true level\n|\n|t:|1781466696\n|teamsize|p1|6\n|teamsize|p2|6\n|start\n|switch|p1a: Braviary|Braviary, L85, M|309/309\n|switch|p2a: Victreebel|Victreebel, L90, F|290/290\n|turn|1\n|inactive|Battle timer is ON: inactive players will automatically lose when time's up. (requested by Charizard is Mid)\n|\n|t:|1781466708\n|switch|p2a: Dedenne|Dedenne, L88, F|261/261\n|move|p1a: Braviary|Brave Bird|p2a: Dedenne\n|-resisted|p2a: Dedenne\n|-damage|p2a: Dedenne|158/261\n|-damage|p1a: Braviary|275/309|[from] Recoil\n|\n|upkeep\n|turn|2\n|\n|t:|1781466728\n|switch|p1a: Gouging Fire|Gouging Fire, L74|277/277\n|move|p2a: Dedenne|Nuzzle|p1a: Gouging Fire\n|-resisted|p1a: Gouging Fire\n|-damage|p1a: Gouging Fire|268/277\n|-status|p1a: Gouging Fire|par\n|\n|upkeep\n|turn|3\n|\n|t:|1781466754\n|switch|p2a: Squawkabilly|Squawkabilly-Yellow, L89, M|291/291\n|move|p1a: Gouging Fire|Heat Crash|p2a: Squawkabilly\n|-damage|p2a: Squawkabilly|147/291\n|\n|upkeep\n|turn|4\n|\n|t:|1781466771\n|move|p2a: Squawkabilly|Brave Bird|p1a: Gouging Fire\n|-damage|p1a: Gouging Fire|0 fnt\n|faint|p1a: Gouging Fire\n|-end|p1a: Gouging Fire|Protosynthesis|[silent]\n|-damage|p2a: Squawkabilly|59/291|[from] Recoil\n|\n|upkeep\n|inactive|joebidenfan1245 has 120 seconds left.\n|\n|t:|1781466809\n|switch|p1a: Iron Boulder|Iron Boulder, L77|265/265\n|turn|5\n|\n|t:|1781466817\n|switch|p2a: Hitmontop|Hitmontop, L88, M|231/231\n|-ability|p2a: Hitmontop|Intimidate|boost\n|-unboost|p1a: Iron Boulder|atk|1\n|move|p1a: Iron Boulder|Swords Dance|p1a: Iron Boulder\n|-boost|p1a: Iron Boulder|atk|2\n|\n|upkeep\n|turn|6\n|inactive|Charizard is Mid has 120 seconds left.\n|\n|t:|1781466856\n|switch|p2a: Squawkabilly|Squawkabilly-Yellow, L89, M|59/291\n|move|p1a: Iron Boulder|Zen Headbutt|p2a: Squawkabilly|[miss]\n|-miss|p1a: Iron Boulder|p2a: Squawkabilly\n|\n|upkeep\n|turn|7\n|\n|t:|1781466861\n|move|p1a: Iron Boulder|Mighty Cleave|p2a: Squawkabilly\n|-supereffective|p2a: Squawkabilly\n|-damage|p2a: Squawkabilly|0 fnt\n|faint|p2a: Squawkabilly\n|-damage|p1a: Iron Boulder|239/265|[from] item: Life Orb\n|\n|upkeep\n|\n|t:|1781466866\n|switch|p2a: Hitmontop|Hitmontop, L88, M|231/231\n|-ability|p2a: Hitmontop|Intimidate|boost\n|-unboost|p1a: Iron Boulder|atk|1\n|turn|8\n|\n|t:|1781466879\n|move|p1a: Iron Boulder|Swords Dance|p1a: Iron Boulder\n|-boost|p1a: Iron Boulder|atk|2\n|move|p2a: Hitmontop|Close Combat|p1a: Iron Boulder\n|-damage|p1a: Iron Boulder|70/265\n|-unboost|p2a: Hitmontop|def|1\n|-unboost|p2a: Hitmontop|spd|1\n|\n|upkeep\n|turn|9\n|\n|t:|1781466882\n|move|p2a: Hitmontop|Sucker Punch|p1a: Iron Boulder\n|-supereffective|p1a: Iron Boulder\n|-damage|p1a: Iron Boulder|0 fnt\n|faint|p1a: Iron Boulder\n|-end|p1a: Iron Boulder|Quark Drive|[silent]\n|\n|upkeep\n|inactive|joebidenfan1245 has 120 seconds left.\n|\n|t:|1781466898\n|switch|p1a: Dragapult|Dragapult, L77, M|262/262\n|turn|10\n|inactive|Charizard is Mid has 120 seconds left.\n|inactive|Charizard is Mid has 90 seconds left.\n|inactive|Charizard is Mid has 60 seconds left.\n|inactive|Charizard is Mid has 30 seconds left.\n|inactive|Charizard is Mid has 20 seconds left.\n|inactive|Charizard is Mid has 15 seconds left.\n|inactive|Charizard is Mid has 10 seconds left.\n|inactive|Charizard is Mid has 5 seconds left.\n|-message|Charizard is Mid lost due to inactivity.\n|\n|win|joebidenfan1245\n", "inputlog": ">version a8376a258c1d4662feba110a92103f3664a72141\n>start {\"formatid\":\"gen9randombattle\",\"seed\":\"sodium,f39f7880ec411af7648d9aae9a2b81ec\",\"rated\":\"Rated battle\"}\n>player p1 {\"name\":\"joebidenfan1245\",\"avatar\":\"265\",\"rating\":1925,\"seed\":\"sodium,42a966cd4e4416c1a0192ed09aa25e8c\"}\n>player p2 {\"name\":\"Charizard is Mid\",\"avatar\":\"pokekid\",\"rating\":1902,\"seed\":\"sodium,62aa8c5474aacce2a172e4559960185f\"}\n>p1 move bravebird\n>p2 switch 6\n>p1 switch 4\n>p2 move nuzzle\n>p1 move heatcrash\n>p2 switch 3\n>p1 move heatcrash\n>p2 move bravebird\n>p1 switch 5\n>p1 move swordsdance\n>p2 switch 4\n>p1 move zenheadbutt\n>p2 switch 4\n>p1 move mightycleave\n>p2 move foulplay\n>p2 switch 4\n>p1 move swordsdance\n>p2 move closecombat\n>p1 move zenheadbutt\n>p2 move suckerpunch\n>p1 switch 2\n>forcelose p2", "uploadtime": 1781466698, "views": 6, "formatid": "gen9randombattle", "rating": null, "private": 0, "password": null}