{"id": "gen9randombattle-2631561859", "format": "[Gen 9] Random Battle", "players": ["gatonet_gnr", "schleeby"], "log": "|j|\u2606gatonet_gnr\n|j|\u2606schleeby\n|t:|1781401624\n|gametype|singles\n|player|p1|gatonet_gnr|jacinthe|2017\n|player|p2|schleeby|rosa|2019\n|gen|9\n|tier|[Gen 9] Random Battle\n|rated|\n|rule|Species Clause: Limit one of each Pok\u00e9mon\n|rule|HP Percentage Mod: HP is shown in percentages\n|rule|Sleep Clause Mod: Limit one foe put to sleep\n|rule|Illusion Level Mod: Illusion disguises the Pok\u00e9mon's true level\n|\n|t:|1781401624\n|teamsize|p1|6\n|teamsize|p2|6\n|start\n|switch|p1a: Ditto|Ditto, L87|225/225\n|switch|p2a: Abomasnow|Abomasnow, L84, F|287/287\n|-transform|p1a: Ditto|p2a: Abomasnow|[from] ability: Imposter\n|-weather|Snowscape|[from] ability: Snow Warning|[of] p1a: Ditto\n|turn|1\n|inactive|Battle timer is ON: inactive players will automatically lose when time's up. (requested by gatonet_gnr)\n|\n|t:|1781401634\n|move|p1a: Ditto|Aurora Veil|p1a: Ditto\n|-sidestart|p1: gatonet_gnr|move: Aurora Veil\n|move|p2a: Abomasnow|Blizzard|p1a: Ditto\n|-damage|p1a: Ditto|171/225\n|\n|-weather|Snowscape|[upkeep]\n|upkeep\n|turn|2\n|\n|t:|1781401640\n|switch|p1a: Snorlax|Snorlax, L82, F|397/397\n|move|p2a: Abomasnow|Aurora Veil|p2a: Abomasnow\n|-sidestart|p2: schleeby|move: Aurora Veil\n|\n|-weather|Snowscape|[upkeep]\n|upkeep\n|turn|3\n|\n|t:|1781401655\n|switch|p2a: Appletun|Appletun, L92, M|352/352\n|move|p1a: Snorlax|Curse|p1a: Snorlax\n|-unboost|p1a: Snorlax|spe|1\n|-boost|p1a: Snorlax|atk|1\n|-boost|p1a: Snorlax|def|1\n|\n|-weather|Snowscape|[upkeep]\n|upkeep\n|turn|4\n|\n|t:|1781401660\n|move|p2a: Appletun|Apple Acid|p1a: Snorlax\n|-crit|p1a: Snorlax\n|-damage|p1a: Snorlax|264/397\n|-unboost|p1a: Snorlax|spd|1\n|move|p1a: Snorlax|Curse|p1a: Snorlax\n|-unboost|p1a: Snorlax|spe|1\n|-boost|p1a: Snorlax|atk|1\n|-boost|p1a: Snorlax|def|1\n|\n|-weather|Snowscape|[upkeep]\n|-heal|p1a: Snorlax|288/397|[from] item: Leftovers\n|upkeep\n|turn|5\n|\n|t:|1781401663\n|move|p2a: Appletun|Apple Acid|p1a: Snorlax\n|-damage|p1a: Snorlax|225/397\n|-unboost|p1a: Snorlax|spd|1\n|move|p1a: Snorlax|Body Slam|p2a: Appletun\n|-damage|p2a: Appletun|253/352\n|\n|-weather|none\n|-heal|p2a: Appletun|275/352|[from] item: Leftovers\n|-heal|p1a: Snorlax|249/397|[from] item: Leftovers\n|-sideend|p1: gatonet_gnr|move: Aurora Veil\n|upkeep\n|turn|6\n|\n|t:|1781401671\n|move|p2a: Appletun|Apple Acid|p1a: Snorlax\n|-damage|p1a: Snorlax|86/397\n|-unboost|p1a: Snorlax|spd|1\n|move|p1a: Snorlax|Body Slam|p2a: Appletun\n|-crit|p2a: Appletun\n|-damage|p2a: Appletun|0 fnt\n|faint|p2a: Appletun\n|\n|-heal|p1a: Snorlax|110/397|[from] item: Leftovers\n|upkeep\n|\n|t:|1781401680\n|switch|p2a: Glimmora|Glimmora, L75, M|248/248\n|turn|7\n|\n|t:|1781401685\n|move|p2a: Glimmora|Earth Power|p1a: Snorlax\n|-damage|p1a: Snorlax|0 fnt\n|faint|p1a: Snorlax\n|\n|upkeep\n|\n|t:|1781401692\n|switch|p1a: Weezing|Weezing-Galar, L86, F|252/252\n|turn|8\n|\n|t:|1781401699\n|move|p2a: Glimmora|Sludge Wave|p1a: Weezing\n|-damage|p1a: Weezing|143/252\n|move|p1a: Weezing|Will-O-Wisp|p2a: Glimmora\n|-status|p2a: Glimmora|brn\n|\n|-heal|p1a: Weezing|158/252|[from] item: Leftovers\n|-damage|p2a: Glimmora|233/248 brn|[from] brn\n|upkeep\n|turn|9\n|\n|t:|1781401728\n|switch|p1a: Golurk|Golurk, L87|297/297\n|move|p2a: Glimmora|Sludge Wave|p1a: Golurk\n|-resisted|p1a: Golurk\n|-damage|p1a: Golurk|271/297\n|\n|-damage|p2a: Glimmora|218/248 brn|[from] brn\n|-sideend|p2: schleeby|move: Aurora Veil\n|upkeep\n|turn|10\n|\n|t:|1781401735\n|switch|p2a: Mightyena|Mightyena, L96, F|290/290\n|-ability|p2a: Mightyena|Intimidate|boost\n|-unboost|p1a: Golurk|atk|1\n|move|p1a: Golurk|Stealth Rock|p2a: Mightyena\n|-sidestart|p2: schleeby|move: Stealth Rock\n|\n|upkeep\n|turn|11\n|\n|t:|1781401746\n|switch|p1a: Weezing|Weezing-Galar, L86, F|158/252\n|move|p2a: Mightyena|Crunch|p1a: Weezing\n|-resisted|p1a: Weezing\n|-damage|p1a: Weezing|115/252\n|\n|-heal|p1a: Weezing|130/252|[from] item: Leftovers\n|upkeep\n|turn|12\n|\n|t:|1781401751\n|switch|p2a: Glimmora|Glimmora, L75, M|218/248 brn\n|move|p1a: Weezing|Strange Steam|p2a: Glimmora\n|-resisted|p2a: Glimmora\n|-damage|p2a: Glimmora|167/248 brn\n|\n|-heal|p1a: Weezing|145/252|[from] item: Leftovers\n|-damage|p2a: Glimmora|152/248 brn|[from] brn\n|upkeep\n|turn|13\n|\n|t:|1781401764\n|move|p2a: Glimmora|Stealth Rock|p1a: Weezing\n|-sidestart|p1: gatonet_gnr|move: Stealth Rock\n|move|p1a: Weezing|Strange Steam|p2a: Glimmora\n|-resisted|p2a: Glimmora\n|-crit|p2a: Glimmora\n|-damage|p2a: Glimmora|65/248 brn\n|-start|p2a: Glimmora|confusion\n|\n|-heal|p1a: Weezing|160/252|[from] item: Leftovers\n|-damage|p2a: Glimmora|50/248 brn|[from] brn\n|upkeep\n|turn|14\n|\n|t:|1781401775\n|-activate|p2a: Glimmora|confusion\n|move|p2a: Glimmora|Sludge Wave|p1a: Weezing\n|-damage|p1a: Weezing|43/252\n|move|p1a: Weezing|Strange Steam|p2a: Glimmora\n|-resisted|p2a: Glimmora\n|-damage|p2a: Glimmora|0 fnt\n|faint|p2a: Glimmora\n|\n|-heal|p1a: Weezing|58/252|[from] item: Leftovers\n|upkeep\n|\n|t:|1781401792\n|switch|p2a: Abomasnow|Abomasnow, L84, F|287/287\n|-damage|p2a: Abomasnow|216/287|[from] Stealth Rock\n|-weather|Snowscape|[from] ability: Snow Warning|[of] p2a: Abomasnow\n|turn|15\n|\n|t:|1781401801\n|move|p1a: Weezing|Fire Blast|p2a: Abomasnow\n|-supereffective|p2a: Abomasnow\n|-crit|p2a: Abomasnow\n|-damage|p2a: Abomasnow|0 fnt\n|faint|p2a: Abomasnow\n|\n|-weather|Snowscape|[upkeep]\n|-heal|p1a: Weezing|73/252|[from] item: Leftovers\n|upkeep\n|\n|t:|1781401808\n|switch|p2a: Sylveon|Sylveon, L85, M|300/300\n|-damage|p2a: Sylveon|263/300|[from] Stealth Rock\n|turn|16\n|\n|t:|1781401813\n|move|p1a: Weezing|Gunk Shot|p2a: Sylveon\n|-supereffective|p2a: Sylveon\n|-damage|p2a: Sylveon|0 fnt\n|faint|p2a: Sylveon\n|\n|-weather|Snowscape|[upkeep]\n|-heal|p1a: Weezing|88/252|[from] item: Leftovers\n|upkeep\n|-message|schleeby forfeited.\n|\n|win|gatonet_gnr\n|raw|gatonet_gnr's rating: 2017 &rarr; <strong>2037</strong><br />(+20 for winning)\n|raw|schleeby's rating: 2019 &rarr; <strong>1999</strong><br />(-20 for losing)\n", "inputlog": ">version a8376a258c1d4662feba110a92103f3664a72141\n>start {\"formatid\":\"gen9randombattle\",\"seed\":\"sodium,8ac2a3c76e2e0884f997997032de70f4\",\"rated\":\"Rated battle\"}\n>player p1 {\"name\":\"gatonet_gnr\",\"avatar\":\"jacinthe\",\"rating\":2017,\"seed\":\"sodium,075138661abcfbeda1953d52ac692af8\"}\n>player p2 {\"name\":\"schleeby\",\"avatar\":\"rosa\",\"rating\":2019,\"seed\":\"sodium,2f2c3275ac87d4bf6cdbc038fb7f8caa\"}\n>p1 move auroraveil\n>p2 move blizzard\n>p1 switch 2\n>p2 move auroraveil\n>p1 move curse\n>p2 switch 2\n>p1 move curse\n>p2 move appleacid\n>p1 move bodyslam\n>p2 move appleacid\n>p1 move bodyslam\n>p2 move appleacid\n>p2 switch 4\n>p1 move earthquake\n>p2 move earthpower\n>p1 switch 6\n>p1 move willowisp\n>p2 move sludgewave\n>p1 switch 3\n>p2 move sludgewave\n>p1 move stealthrock\n>p2 switch 5\n>p1 switch 3\n>p2 move crunch\n>p1 move strangesteam\n>p2 switch 5\n>p1 move strangesteam\n>p2 move stealthrock\n>p1 move strangesteam\n>p2 move sludgewave\n>p2 switch 2\n>p1 move fireblast\n>p2 move auroraveil\n>p2 switch 3\n>p1 move gunkshot\n>p2 move calmmind\n>forcelose p2", "uploadtime": 1781401627, "views": 6, "formatid": "gen9randombattle", "rating": 1999, "private": 0, "password": null, "player_dets": [{"name": "gatonet_gnr", "avatar": "jacinthe", "rating": 2017, "seed": "sodium,075138661abcfbeda1953d52ac692af8"}, {"name": "schleeby", "avatar": "rosa", "rating": 2019, "seed": "sodium,2f2c3275ac87d4bf6cdbc038fb7f8caa"}], "teams_full": [{"Ditto": {"name": "Ditto", "species": "Ditto", "speciesId": "ditto", "gender": "N", "shiny": false, "level": 87, "moves": ["transform"], "ability": "Imposter", "evs": {"hp": 85, "atk": 85, "def": 85, "spa": 85, "spd": 85, "spe": 85}, "ivs": {"hp": 31, "atk": 31, "def": 31, "spa": 31, "spd": 31, "spe": 31}, "item": "Choice Scarf", "teraType": "Steel", "role": "Fast Support", "bvs": {"hp": 48, "atk": 48, "def": 48, "spa": 48, "spd": 48, "spe": 48}, "stats": {"hp": 225, "atk": 133, "def": 133, "spa": 133, "spd": 133, "spe": 133}, "types": ["Normal"]}, "Snorlax": {"name": "Snorlax", "species": "Snorlax", "speciesId": "snorlax", "gender": "F", "shiny": false, "level": 82, "moves": ["crunch", "earthquake", "curse", "bodyslam"], "ability": "Thick Fat", "evs": {"hp": 85, "atk": 85, "def": 85, "spa": 85, "spd": 85, "spe": 85}, "ivs": {"hp": 31, "atk": 31, "def": 31, "spa": 31, "spd": 31, "spe": 31}, "item": "Leftovers", "teraType": "Ground", "role": "Bulky Setup", "bvs": {"hp": 160, "atk": 110, "def": 65, "spa": 65, "spd": 110, "spe": 30}, "stats": {"hp": 397, "atk": 228, "def": 154, "spa": 154, "spd": 228, "spe": 96}, "types": ["Normal"]}, "Golurk": {"name": "Golurk", "species": "Golurk", "speciesId": "golurk", "gender": "N", "shiny": false, "level": 87, "moves": ["poltergeist", "stoneedge", "stealthrock", "earthquake"], "ability": "No Guard", "evs": {"hp": 85, "atk": 85, "def": 85, "spa": 85, "spd": 85, "spe": 85}, "ivs": {"hp": 31, "atk": 31, "def": 31, "spa": 31, "spd": 31, "spe": 31}, "item": "Life Orb", "teraType": "Ghost", "role": "Wallbreaker", "bvs": {"hp": 89, "atk": 124, "def": 80, "spa": 55, "spd": 80, "spe": 55}, "stats": {"hp": 297, "atk": 266, "def": 189, "spa": 145, "spd": 189, "spe": 145}, "types": ["Ground", "Ghost"]}, "Bellibolt": {"name": "Bellibolt", "species": "Bellibolt", "speciesId": "bellibolt", "gender": "F", "shiny": false, "level": 84, "moves": ["muddywater", "thunderbolt", "slackoff", "toxic"], "ability": "Electromorphosis", "evs": {"hp": 85, "atk": 0, "def": 85, "spa": 85, "spd": 85, "spe": 85}, "ivs": {"hp": 31, "atk": 0, "def": 31, "spa": 31, "spd": 31, "spe": 31}, "item": "Leftovers", "teraType": "Electric", "role": "Bulky Attacker", "bvs": {"hp": 109, "atk": 64, "def": 91, "spa": 103, "spd": 83, "spe": 45}, "stats": {"hp": 320, "atk": 112, "def": 201, "spa": 221, "spd": 188, "spe": 124}, "types": ["Electric"]}, "Delibird": {"name": "Delibird", "species": "Delibird", "speciesId": "delibird", "gender": "M", "shiny": false, "level": 100, "moves": ["rapidspin", "freezedry", "bravebird", "spikes"], "ability": "Insomnia", "evs": {"hp": 85, "atk": 85, "def": 85, "spa": 85, "spd": 85, "spe": 85}, "ivs": {"hp": 31, "atk": 31, "def": 31, "spa": 31, "spd": 31, "spe": 31}, "item": "Heavy-Duty Boots", "teraType": "Ghost", "role": "Fast Support", "bvs": {"hp": 45, "atk": 55, "def": 45, "spa": 65, "spd": 45, "spe": 75}, "stats": {"hp": 252, "atk": 167, "def": 147, "spa": 187, "spd": 147, "spe": 207}, "types": ["Ice", "Flying"]}, "Weezing": {"name": "Weezing", "species": "Weezing-Galar", "speciesId": "weezinggalar", "gender": "F", "shiny": false, "level": 86, "moves": ["gunkshot", "willowisp", "strangesteam", "fireblast"], "ability": "Levitate", "evs": {"hp": 85, "atk": 85, "def": 85, "spa": 85, "spd": 85, "spe": 85}, "ivs": {"hp": 31, "atk": 31, "def": 31, "spa": 31, "spd": 31, "spe": 31}, "item": "Leftovers", "teraType": "Steel", "role": "Bulky Support", "bvs": {"hp": 65, "atk": 90, "def": 120, "spa": 85, "spd": 70, "spe": 60}, "stats": {"hp": 252, "atk": 204, "def": 256, "spa": 195, "spd": 170, "spe": 152}, "types": ["Poison", "Fairy"]}}, {"Abomasnow": {"name": "Abomasnow", "species": "Abomasnow", "speciesId": "abomasnow", "gender": "F", "shiny": false, "level": 84, "moves": ["blizzard", "auroraveil", "woodhammer", "iceshard"], "ability": "Snow Warning", "evs": {"hp": 77, "atk": 85, "def": 85, "spa": 85, "spd": 85, "spe": 85}, "ivs": {"hp": 31, "atk": 31, "def": 31, "spa": 31, "spd": 31, "spe": 31}, "item": "Light Clay", "teraType": "Water", "role": "Bulky Support", "bvs": {"hp": 90, "atk": 92, "def": 75, "spa": 92, "spd": 85, "spe": 60}, "stats": {"hp": 287, "atk": 203, "def": 174, "spa": 203, "spd": 191, "spe": 149}, "types": ["Grass", "Ice"]}, "Appletun": {"name": "Appletun", "species": "Appletun", "speciesId": "appletun", "gender": "M", "shiny": false, "level": 92, "moves": ["leechseed", "appleacid", "dragonpulse", "recover"], "ability": "Thick Fat", "evs": {"hp": 85, "atk": 0, "def": 85, "spa": 85, "spd": 85, "spe": 85}, "ivs": {"hp": 31, "atk": 0, "def": 31, "spa": 31, "spd": 31, "spe": 31}, "item": "Leftovers", "teraType": "Steel", "role": "Bulky Attacker", "bvs": {"hp": 110, "atk": 85, "def": 80, "spa": 100, "spd": 80, "spe": 30}, "stats": {"hp": 352, "atk": 161, "def": 200, "spa": 236, "spd": 200, "spe": 108}, "types": ["Grass", "Dragon"]}, "Sylveon": {"name": "Sylveon", "species": "Sylveon", "speciesId": "sylveon", "gender": "M", "shiny": false, "level": 85, "moves": ["hypervoice", "calmmind", "protect", "wish"], "ability": "Pixilate", "evs": {"hp": 85, "atk": 0, "def": 85, "spa": 85, "spd": 85, "spe": 85}, "ivs": {"hp": 31, "atk": 0, "def": 31, "spa": 31, "spd": 31, "spe": 31}, "item": "Leftovers", "teraType": "Steel", "role": "Bulky Setup", "bvs": {"hp": 95, "atk": 65, "def": 65, "spa": 110, "spd": 130, "spe": 60}, "stats": {"hp": 300, "atk": 115, "def": 159, "spa": 236, "spd": 270, "spe": 151}, "types": ["Fairy"]}, "Glimmora": {"name": "Glimmora", "species": "Glimmora", "speciesId": "glimmora", "gender": "M", "shiny": false, "level": 75, "moves": ["stealthrock", "mortalspin", "sludgewave", "earthpower"], "ability": "Toxic Debris", "evs": {"hp": 85, "atk": 85, "def": 85, "spa": 85, "spd": 85, "spe": 85}, "ivs": {"hp": 31, "atk": 31, "def": 31, "spa": 31, "spd": 31, "spe": 31}, "item": "Heavy-Duty Boots", "teraType": "Ground", "role": "Fast Support", "bvs": {"hp": 83, "atk": 55, "def": 90, "spa": 130, "spd": 81, "spe": 86}, "stats": {"hp": 248, "atk": 126, "def": 179, "spa": 239, "spd": 165, "spe": 173}, "types": ["Rock", "Poison"]}, "Mightyena": {"name": "Mightyena", "species": "Mightyena", "speciesId": "mightyena", "gender": "F", "shiny": false, "level": 96, "moves": ["superfang", "poisonfang", "playrough", "crunch"], "ability": "Intimidate", "evs": {"hp": 85, "atk": 85, "def": 85, "spa": 85, "spd": 85, "spe": 85}, "ivs": {"hp": 31, "atk": 31, "def": 31, "spa": 31, "spd": 31, "spe": 31}, "item": "Assault Vest", "teraType": "Poison", "role": "AV Pivot", "bvs": {"hp": 70, "atk": 90, "def": 70, "spa": 60, "spd": 60, "spe": 70}, "stats": {"hp": 290, "atk": 227, "def": 189, "spa": 170, "spd": 170, "spe": 189}, "types": ["Dark"]}, "Hitmonlee": {"name": "Hitmonlee", "species": "Hitmonlee", "speciesId": "hitmonlee", "gender": "M", "shiny": false, "level": 85, "moves": ["closecombat", "knockoff", "poisonjab", "swordsdance"], "ability": "Unburden", "evs": {"hp": 85, "atk": 85, "def": 85, "spa": 85, "spd": 85, "spe": 85}, "ivs": {"hp": 31, "atk": 31, "def": 31, "spa": 31, "spd": 31, "spe": 31}, "item": "White Herb", "teraType": "Fighting", "role": "Setup Sweeper", "bvs": {"hp": 50, "atk": 120, "def": 53, "spa": 35, "spd": 110, "spe": 87}, "stats": {"hp": 224, "atk": 253, "def": 139, "spa": 108, "spd": 236, "spe": 197}, "types": ["Fighting"]}}]}