{"id": "gen9randombattle-2631444535", "format": "[Gen 9] Random Battle", "players": ["Goundas05", "nooks n grannies"], "log": "|j|\u2606Goundas05\n|j|\u2606nooks n grannies\n|t:|1781385449\n|gametype|singles\n|player|p1|Goundas05|cynthia|2197\n|player|p2|nooks n grannies|madame|2240\n|gen|9\n|tier|[Gen 9] Random Battle\n|rated|\n|rule|Species Clause: Limit one of each Pok\u00e9mon\n|rule|HP Percentage Mod: HP is shown in percentages\n|rule|Sleep Clause Mod: Limit one foe put to sleep\n|rule|Illusion Level Mod: Illusion disguises the Pok\u00e9mon's true level\n|\n|t:|1781385449\n|teamsize|p1|6\n|teamsize|p2|6\n|start\n|switch|p1a: Garchomp|Garchomp, L74, F|282/282\n|switch|p2a: Hitmontop|Hitmontop, L88, M|231/231\n|turn|1\n|inactive|Battle timer is ON: inactive players will automatically lose when time's up. (requested by nooks n grannies)\n|inactive|Goundas05 also wants the timer to be on.\n|inactive|nooks n grannies has 120 seconds left.\n|\n|t:|1781385483\n|move|p1a: Garchomp|Stealth Rock|p2a: Hitmontop\n|-sidestart|p2: nooks n grannies|move: Stealth Rock\n|move|p2a: Hitmontop|Triple Axel|p1a: Garchomp\n|-supereffective|p1a: Garchomp\n|-damage|p1a: Garchomp|174/282\n|-damage|p2a: Hitmontop|203/231|[from] ability: Rough Skin|[of] p1a: Garchomp\n|-damage|p2a: Hitmontop|165/231|[from] item: Rocky Helmet|[of] p1a: Garchomp\n|-supereffective|p1a: Garchomp\n|-damage|p1a: Garchomp|0 fnt\n|-damage|p2a: Hitmontop|137/231|[from] ability: Rough Skin|[of] p1a: Garchomp\n|-damage|p2a: Hitmontop|99/231|[from] item: Rocky Helmet|[of] p1a: Garchomp\n|faint|p1a: Garchomp\n|-hitcount|p1: Garchomp|2\n|\n|-heal|p2a: Hitmontop|113/231|[from] item: Leftovers\n|upkeep\n|\n|t:|1781385487\n|switch|p1a: Tauros|Tauros, L82, M|257/257\n|turn|2\n|\n|t:|1781385505\n|move|p1a: Tauros|Body Slam|p2a: Hitmontop\n|-damage|p2a: Hitmontop|0 fnt\n|faint|p2a: Hitmontop\n|\n|upkeep\n|\n|t:|1781385514\n|switch|p2a: Quagsire|Quagsire, L84, F|297/297\n|-damage|p2a: Quagsire|279/297|[from] Stealth Rock\n|turn|3\n|\n|t:|1781385520\n|move|p1a: Tauros|Body Slam|p2a: Quagsire\n|-damage|p2a: Quagsire|131/297\n|move|p2a: Quagsire|Toxic|p1a: Tauros\n|-status|p1a: Tauros|tox\n|\n|-heal|p2a: Quagsire|149/297|[from] item: Leftovers\n|-damage|p1a: Tauros|241/257 tox|[from] psn\n|upkeep\n|turn|4\n|\n|t:|1781385525\n|move|p1a: Tauros|Body Slam|p2a: Quagsire\n|-damage|p2a: Quagsire|9/297\n|move|p2a: Quagsire|Recover|p2a: Quagsire\n|-heal|p2a: Quagsire|158/297\n|\n|-heal|p2a: Quagsire|176/297|[from] item: Leftovers\n|-damage|p1a: Tauros|209/257 tox|[from] psn\n|upkeep\n|turn|5\n|\n|t:|1781385529\n|switch|p1a: Serperior|Serperior, L79, F|248/248\n|move|p2a: Quagsire|Recover|p2a: Quagsire\n|-heal|p2a: Quagsire|297/297\n|\n|upkeep\n|turn|6\n|\n|t:|1781385540\n|switch|p2a: Noivern|Noivern, L82, F|274/274\n|move|p1a: Serperior|Substitute|p1a: Serperior\n|-start|p1a: Serperior|Substitute\n|-damage|p1a: Serperior|186/248\n|\n|-heal|p1a: Serperior|201/248|[from] item: Leftovers\n|upkeep\n|turn|7\n|\n|t:|1781385553\n|switch|p1a: Reshiram|Reshiram, L76|277/277\n|-ability|p1a: Reshiram|Turboblaze\n|move|p2a: Noivern|Hurricane|p1a: Reshiram\n|-damage|p1a: Reshiram|178/277\n|\n|upkeep\n|turn|8\n|j| Kyoshi3\n|\n|t:|1781385569\n|switch|p2a: Primarina|Primarina, L83, F|268/268\n|-damage|p2a: Primarina|235/268|[from] Stealth Rock\n|move|p1a: Reshiram|Dragon Dance|p1a: Reshiram\n|-boost|p1a: Reshiram|atk|1\n|-boost|p1a: Reshiram|spe|1\n|\n|-heal|p2a: Primarina|251/268|[from] item: Leftovers\n|upkeep\n|turn|9\n|\n|t:|1781385582\n|switch|p1a: Serperior|Serperior, L79, F|201/248\n|move|p2a: Primarina|Moonblast|p1a: Serperior\n|-damage|p1a: Serperior|77/248\n|\n|-heal|p1a: Serperior|92/248|[from] item: Leftovers\n|-heal|p2a: Primarina|267/268|[from] item: Leftovers\n|upkeep\n|turn|10\n|\n|t:|1781385592\n|move|p1a: Serperior|Dragon Pulse|p2a: Primarina\n|-immune|p2a: Primarina\n|move|p2a: Primarina|Moonblast|p1a: Serperior\n|-damage|p1a: Serperior|0 fnt\n|faint|p1a: Serperior\n|\n|-heal|p2a: Primarina|268/268|[from] item: Leftovers\n|upkeep\n|\n|t:|1781385597\n|switch|p1a: Indeedee|Indeedee-F, L90, F|272/272\n|-fieldstart|move: Psychic Terrain|[from] ability: Psychic Surge|[of] p1a: Indeedee\n|turn|11\n|\n|t:|1781385620\n|move|p1a: Indeedee|Psyshock|p2a: Primarina\n|-damage|p2a: Primarina|64/268\n|move|p2a: Primarina|Moonblast|p1a: Indeedee\n|-damage|p1a: Indeedee|173/272\n|\n|-heal|p2a: Primarina|80/268|[from] item: Leftovers\n|upkeep\n|turn|12\n|\n|t:|1781385628\n|move|p1a: Indeedee|Psyshock|p2a: Primarina\n|-damage|p2a: Primarina|0 fnt\n|faint|p2a: Primarina\n|\n|upkeep\n|inactive|nooks n grannies has 120 seconds left.\n|\n|t:|1781385651\n|switch|p2a: Noivern|Noivern, L82, F|274/274\n|turn|13\n|\n|t:|1781385656\n|move|p2a: Noivern|Draco Meteor|p1a: Indeedee\n|-damage|p1a: Indeedee|58/272\n|-unboost|p2a: Noivern|spa|2\n|move|p1a: Indeedee|Psyshock|p2a: Noivern\n|-damage|p2a: Noivern|81/274\n|\n|upkeep\n|turn|14\n|\n|t:|1781385667\n|move|p2a: Noivern|Draco Meteor|p1a: Indeedee\n|-damage|p1a: Indeedee|4/272\n|-unboost|p2a: Noivern|spa|2\n|move|p1a: Indeedee|Psyshock|p2a: Noivern\n|-damage|p2a: Noivern|0 fnt\n|faint|p2a: Noivern\n|\n|upkeep\n|\n|t:|1781385678\n|switch|p2a: Electivire|Electivire, L84, F|263/263\n|-damage|p2a: Electivire|231/263|[from] Stealth Rock\n|turn|15\n|\n|t:|1781385687\n|switch|p1a: Tauros|Tauros, L82, M|209/257 tox\n|move|p2a: Electivire|Earthquake|p1a: Tauros\n|-damage|p1a: Tauros|97/257 tox\n|-damage|p2a: Electivire|205/263|[from] item: Life Orb\n|\n|-damage|p1a: Tauros|81/257 tox|[from] psn\n|-fieldend|move: Psychic Terrain\n|upkeep\n|turn|16\n|\n|t:|1781385702\n|switch|p2a: Slither Wing|Slither Wing, L81|270/270\n|-damage|p2a: Slither Wing|237/270|[from] Stealth Rock\n|move|p1a: Tauros|Body Slam|p2a: Slither Wing\n|-damage|p2a: Slither Wing|65/270\n|\n|-damage|p1a: Tauros|49/257 tox|[from] psn\n|upkeep\n|turn|17\n|\n|t:|1781385714\n|move|p2a: Slither Wing|First Impression|p1a: Tauros\n|-damage|p1a: Tauros|0 fnt\n|faint|p1a: Tauros\n|-damage|p2a: Slither Wing|38/270|[from] item: Life Orb\n|\n|upkeep\n|\n|t:|1781385727\n|switch|p1a: Indeedee|Indeedee-F, L90, F|4/272\n|-fieldstart|move: Psychic Terrain|[from] ability: Psychic Surge|[of] p1a: Indeedee\n|turn|18\n|\n|t:|1781385733\n|move|p1a: Indeedee|Psyshock|p2a: Slither Wing\n|-supereffective|p2a: Slither Wing\n|-crit|p2a: Slither Wing\n|-damage|p2a: Slither Wing|0 fnt\n|faint|p2a: Slither Wing\n|-end|p2a: Slither Wing|Protosynthesis|[silent]\n|\n|upkeep\n|\n|t:|1781385736\n|switch|p2a: Electivire|Electivire, L84, F|205/263\n|-damage|p2a: Electivire|173/263|[from] Stealth Rock\n|turn|19\n|\n|t:|1781385741\n|move|p2a: Electivire|Ice Punch|p1a: Indeedee\n|-damage|p1a: Indeedee|0 fnt\n|faint|p1a: Indeedee\n|-damage|p2a: Electivire|147/263|[from] item: Life Orb\n|\n|upkeep\n|\n|t:|1781385744\n|switch|p1a: Malamar|Malamar, L82, M|275/275\n|turn|20\n|\n|t:|1781385759\n|move|p2a: Electivire|Supercell Slam|p1a: Malamar\n|-damage|p1a: Malamar|110/275\n|-damage|p2a: Electivire|121/263|[from] item: Life Orb\n|move|p1a: Malamar|Superpower|p2a: Electivire\n|-damage|p2a: Electivire|27/263\n|-boost|p1a: Malamar|atk|1\n|-boost|p1a: Malamar|def|1\n|\n|-heal|p1a: Malamar|127/275|[from] item: Leftovers\n|upkeep\n|turn|21\n|\n|t:|1781385766\n|move|p2a: Electivire|Supercell Slam|p1a: Malamar\n|-damage|p1a: Malamar|18/275\n|-damage|p2a: Electivire|1/263|[from] item: Life Orb\n|move|p1a: Malamar|Superpower|p2a: Electivire\n|-damage|p2a: Electivire|0 fnt\n|-boost|p1a: Malamar|atk|1\n|-boost|p1a: Malamar|def|1\n|faint|p2a: Electivire\n|\n|-heal|p1a: Malamar|35/275|[from] item: Leftovers\n|upkeep\n|\n|t:|1781385770\n|switch|p2a: Quagsire|Quagsire, L84, F|297/297\n|-damage|p2a: Quagsire|279/297|[from] Stealth Rock\n|turn|22\n|\n|t:|1781385774\n|move|p1a: Malamar|Rest|p1a: Malamar\n|-status|p1a: Malamar|slp|[from] move: Rest\n|-heal|p1a: Malamar|275/275 slp|[silent]\n|move|p2a: Quagsire|Earthquake|p1a: Malamar\n|-crit|p1a: Malamar\n|-damage|p1a: Malamar|125/275 slp\n|\n|-heal|p1a: Malamar|142/275 slp|[from] item: Leftovers\n|-heal|p2a: Quagsire|297/297|[from] item: Leftovers\n|-fieldend|move: Psychic Terrain\n|upkeep\n|turn|23\n|\n|t:|1781385780\n|cant|p1a: Malamar|slp\n|move|p1a: Malamar|Sleep Talk|p1a: Malamar\n|move|p1a: Malamar|Superpower|p2a: Quagsire|[from] move: Sleep Talk\n|-damage|p2a: Quagsire|223/297\n|-boost|p1a: Malamar|atk|1\n|-boost|p1a: Malamar|def|1\n|move|p2a: Quagsire|Earthquake|p1a: Malamar\n|-damage|p1a: Malamar|51/275 slp\n|\n|-heal|p1a: Malamar|68/275 slp|[from] item: Leftovers\n|-heal|p2a: Quagsire|241/297|[from] item: Leftovers\n|upkeep\n|turn|24\n|\n|t:|1781385784\n|cant|p1a: Malamar|slp\n|move|p1a: Malamar|Sleep Talk|p1a: Malamar\n|move|p1a: Malamar|Rest||[from] move: Sleep Talk|[still]\n|-fail|p1a: Malamar\n|move|p2a: Quagsire|Earthquake|p1a: Malamar\n|-crit|p1a: Malamar\n|-damage|p1a: Malamar|0 fnt\n|faint|p1a: Malamar\n|\n|-heal|p2a: Quagsire|259/297|[from] item: Leftovers\n|upkeep\n|\n|t:|1781385790\n|switch|p1a: Reshiram|Reshiram, L76|178/277\n|-ability|p1a: Reshiram|Turboblaze\n|turn|25\n|\n|t:|1781385796\n|move|p1a: Reshiram|Outrage|p2a: Quagsire\n|-damage|p2a: Quagsire|142/297\n|move|p2a: Quagsire|Earthquake|p1a: Reshiram\n|-supereffective|p1a: Reshiram\n|-damage|p1a: Reshiram|0 fnt\n|faint|p1a: Reshiram\n|\n|win|nooks n grannies\n", "inputlog": ">version a8376a258c1d4662feba110a92103f3664a72141\n>start {\"formatid\":\"gen9randombattle\",\"seed\":\"sodium,c1a413b0de61bab376834b20bdde081d\",\"rated\":\"Rated battle\"}\n>player p1 {\"name\":\"Goundas05\",\"avatar\":\"cynthia\",\"rating\":2197,\"seed\":\"sodium,3880f7af9fadc6da59349cba0b9d259a\"}\n>player p2 {\"name\":\"nooks n grannies\",\"avatar\":\"madame\",\"rating\":2240,\"seed\":\"sodium,fa2aa69749a3159c28e7fa0320aedf1a\"}\n>p1 move stealthrock\n>p2 move tripleaxel\n>p1 switch 3\n>p1 move bodyslam\n>p2 move rapidspin\n>p2 switch 6\n>p1 move bodyslam\n>p2 move toxic\n>p1 move bodyslam\n>p2 move recover\n>p1 switch 6\n>p2 move recover\n>p1 move substitute\n>p2 switch 3\n>p1 switch 4\n>p2 move hurricane\n>p1 move dragondance\n>p2 switch 4\n>p1 switch 4\n>p2 move moonblast\n>p1 move dragonpulse\n>p2 move moonblast\n>p1 switch 5\n>p1 move psyshock\n>p2 move moonblast\n>p1 move psyshock\n>p2 move moonblast\n>p2 switch 4\n>p1 move psyshock\n>p2 move dracometeor\n>p1 move psyshock\n>p2 move dracometeor\n>p2 switch 5\n>p1 switch 6\n>p2 move earthquake\n>p1 move bodyslam\n>p2 switch 2\n>p1 move bodyslam\n>p2 move firstimpression\n>p1 switch 6\n>p1 move psyshock\n>p2 move uturn\n>p2 switch 2\n>p1 move psyshock\n>p2 move icepunch\n>p1 switch 2\n>p1 move superpower\n>p2 move supercellslam\n>p1 move superpower\n>p2 move supercellslam\n>p2 switch 3\n>p1 move rest\n>p2 move earthquake\n>p1 move sleeptalk\n>p2 move earthquake\n>p1 move sleeptalk\n>p2 move earthquake\n>p1 switch 4\n>p1 move outrage\n>p2 move earthquake", "uploadtime": 1781385451, "views": 8, "formatid": "gen9randombattle", "rating": null, "private": 0, "password": null, "player_dets": [{"name": "Goundas05", "avatar": "cynthia", "rating": 2197, "seed": "sodium,3880f7af9fadc6da59349cba0b9d259a"}, {"name": "nooks n grannies", "avatar": "madame", "rating": 2240, "seed": "sodium,fa2aa69749a3159c28e7fa0320aedf1a"}], "teams_full": [{"Garchomp": {"name": "Garchomp", "species": "Garchomp", "speciesId": "garchomp", "gender": "F", "shiny": false, "level": 74, "moves": ["spikes", "stealthrock", "earthquake", "outrage"], "ability": "Rough Skin", "evs": {"hp": 85, "atk": 85, "def": 85, "spa": 85, "spd": 85, "spe": 85}, "ivs": {"hp": 31, "atk": 31, "def": 31, "spa": 31, "spd": 31, "spe": 31}, "item": "Rocky Helmet", "teraType": "Steel", "role": "Fast Support", "bvs": {"hp": 108, "atk": 130, "def": 95, "spa": 80, "spd": 85, "spe": 102}, "stats": {"hp": 282, "atk": 235, "def": 184, "spa": 161, "spd": 169, "spe": 194}}, "Malamar": {"name": "Malamar", "species": "Malamar", "speciesId": "malamar", "gender": "M", "shiny": false, "level": 82, "moves": ["sleeptalk", "knockoff", "superpower", "rest"], "ability": "Contrary", "evs": {"hp": 85, "atk": 85, "def": 85, "spa": 85, "spd": 85, "spe": 85}, "ivs": {"hp": 31, "atk": 31, "def": 31, "spa": 31, "spd": 31, "spe": 31}, "item": "Leftovers", "teraType": "Poison", "role": "Bulky Setup", "bvs": {"hp": 86, "atk": 92, "def": 88, "spa": 68, "spd": 75, "spe": 73}, "stats": {"hp": 275, "atk": 198, "def": 191, "spa": 159, "spd": 170, "spe": 167}}, "Tauros": {"name": "Tauros", "species": "Tauros", "speciesId": "tauros", "gender": "M", "shiny": false, "level": 82, "moves": ["earthquake", "closecombat", "throatchop", "bodyslam"], "ability": "Sheer Force", "evs": {"hp": 85, "atk": 85, "def": 85, "spa": 85, "spd": 85, "spe": 85}, "ivs": {"hp": 31, "atk": 31, "def": 31, "spa": 31, "spd": 31, "spe": 31}, "item": "Life Orb", "teraType": "Normal", "role": "Fast Attacker", "bvs": {"hp": 75, "atk": 100, "def": 95, "spa": 40, "spd": 70, "spe": 110}, "stats": {"hp": 257, "atk": 211, "def": 203, "spa": 113, "spd": 162, "spe": 228}}, "Reshiram": {"name": "Reshiram", "species": "Reshiram", "speciesId": "reshiram", "gender": "N", "shiny": false, "level": 76, "moves": ["outrage", "flareblitz", "dragondance", "stoneedge"], "ability": "Turboblaze", "evs": {"hp": 85, "atk": 85, "def": 85, "spa": 85, "spd": 85, "spe": 85}, "ivs": {"hp": 31, "atk": 31, "def": 31, "spa": 31, "spd": 31, "spe": 31}, "item": "Heavy-Duty Boots", "teraType": "Fire", "role": "Setup Sweeper", "bvs": {"hp": 100, "atk": 120, "def": 100, "spa": 150, "spd": 120, "spe": 90}, "stats": {"hp": 277, "atk": 226, "def": 196, "spa": 272, "spd": 226, "spe": 181}}, "Indeedee": {"name": "Indeedee", "species": "Indeedee-F", "speciesId": "indeedeef", "gender": "F", "shiny": false, "level": 90, "moves": ["psyshock", "shadowball", "dazzlinggleam", "hypervoice"], "ability": "Psychic Surge", "evs": {"hp": 85, "atk": 0, "def": 85, "spa": 85, "spd": 85, "spe": 85}, "ivs": {"hp": 31, "atk": 0, "def": 31, "spa": 31, "spd": 31, "spe": 31}, "item": "Choice Specs", "teraType": "Fairy", "role": "Fast Attacker", "bvs": {"hp": 70, "atk": 55, "def": 65, "spa": 95, "spd": 105, "spe": 85}, "stats": {"hp": 272, "atk": 104, "def": 168, "spa": 222, "spd": 240, "spe": 204}}, "Serperior": {"name": "Serperior", "species": "Serperior", "speciesId": "serperior", "gender": "F", "shiny": false, "level": 79, "moves": ["substitute", "dragonpulse", "leafstorm", "leechseed"], "ability": "Contrary", "evs": {"hp": 85, "atk": 0, "def": 85, "spa": 85, "spd": 85, "spe": 85}, "ivs": {"hp": 31, "atk": 0, "def": 31, "spa": 31, "spd": 31, "spe": 31}, "item": "Leftovers", "teraType": "Grass", "role": "Fast Attacker", "bvs": {"hp": 75, "atk": 75, "def": 95, "spa": 75, "spd": 95, "spe": 113}, "stats": {"hp": 248, "atk": 123, "def": 196, "spa": 164, "spd": 196, "spe": 224}}}, {"Hitmontop": {"name": "Hitmontop", "species": "Hitmontop", "speciesId": "hitmontop", "gender": "M", "shiny": false, "level": 88, "moves": ["rapidspin", "tripleaxel", "bulkup", "closecombat"], "ability": "Technician", "evs": {"hp": 85, "atk": 85, "def": 85, "spa": 85, "spd": 85, "spe": 85}, "ivs": {"hp": 31, "atk": 31, "def": 31, "spa": 31, "spd": 31, "spe": 31}, "item": "Leftovers", "teraType": "Ice", "role": "Bulky Setup", "bvs": {"hp": 50, "atk": 95, "def": 95, "spa": 35, "spd": 110, "spe": 70}, "stats": {"hp": 231, "atk": 217, "def": 217, "spa": 112, "spd": 244, "spe": 173}}, "Slither Wing": {"name": "Slither Wing", "species": "Slither Wing", "speciesId": "slitherwing", "gender": "N", "shiny": false, "level": 81, "moves": ["uturn", "closecombat", "firstimpression", "earthquake"], "ability": "Protosynthesis", "evs": {"hp": 85, "atk": 85, "def": 85, "spa": 85, "spd": 85, "spe": 85}, "ivs": {"hp": 31, "atk": 31, "def": 31, "spa": 31, "spd": 31, "spe": 31}, "item": "Life Orb", "teraType": "Fighting", "role": "Fast Attacker", "bvs": {"hp": 85, "atk": 135, "def": 79, "spa": 85, "spd": 105, "spe": 81}, "stats": {"hp": 270, "atk": 265, "def": 175, "spa": 184, "spd": 217, "spe": 178}}, "Noivern": {"name": "Noivern", "species": "Noivern", "speciesId": "noivern", "gender": "F", "shiny": false, "level": 82, "moves": ["roost", "dracometeor", "flamethrower", "hurricane"], "ability": "Infiltrator", "evs": {"hp": 85, "atk": 0, "def": 85, "spa": 85, "spd": 85, "spe": 85}, "ivs": {"hp": 31, "atk": 0, "def": 31, "spa": 31, "spd": 31, "spe": 31}, "item": "Heavy-Duty Boots", "teraType": "Fire", "role": "Fast Support", "bvs": {"hp": 85, "atk": 70, "def": 80, "spa": 97, "spd": 80, "spe": 123}, "stats": {"hp": 274, "atk": 119, "def": 178, "spa": 206, "spd": 178, "spe": 249}}, "Primarina": {"name": "Primarina", "species": "Primarina", "speciesId": "primarina", "gender": "F", "shiny": false, "level": 83, "moves": ["psychicnoise", "moonblast", "drainingkiss", "calmmind"], "ability": "Liquid Voice", "evs": {"hp": 85, "atk": 0, "def": 85, "spa": 85, "spd": 85, "spe": 85}, "ivs": {"hp": 31, "atk": 0, "def": 31, "spa": 31, "spd": 31, "spe": 31}, "item": "Leftovers", "teraType": "Poison", "role": "Bulky Setup", "bvs": {"hp": 80, "atk": 74, "def": 74, "spa": 126, "spd": 116, "spe": 60}, "stats": {"hp": 268, "atk": 127, "def": 171, "spa": 257, "spd": 240, "spe": 147}}, "Electivire": {"name": "Electivire", "species": "Electivire", "speciesId": "electivire", "gender": "F", "shiny": false, "level": 84, "moves": ["icepunch", "supercellslam", "bulkup", "earthquake"], "ability": "Motor Drive", "evs": {"hp": 85, "atk": 85, "def": 85, "spa": 85, "spd": 85, "spe": 85}, "ivs": {"hp": 31, "atk": 31, "def": 31, "spa": 31, "spd": 31, "spe": 31}, "item": "Life Orb", "teraType": "Ground", "role": "Setup Sweeper", "bvs": {"hp": 75, "atk": 123, "def": 67, "spa": 95, "spd": 85, "spe": 95}, "stats": {"hp": 263, "atk": 255, "def": 161, "spa": 208, "spd": 191, "spe": 208}}, "Quagsire": {"name": "Quagsire", "species": "Quagsire", "speciesId": "quagsire", "gender": "F", "shiny": false, "level": 84, "moves": ["toxic", "earthquake", "icebeam", "recover"], "ability": "Unaware", "evs": {"hp": 85, "atk": 85, "def": 85, "spa": 85, "spd": 85, "spe": 85}, "ivs": {"hp": 31, "atk": 31, "def": 31, "spa": 31, "spd": 31, "spe": 31}, "item": "Leftovers", "teraType": "Steel", "role": "Bulky Support", "bvs": {"hp": 95, "atk": 85, "def": 85, "spa": 65, "spd": 65, "spe": 35}, "stats": {"hp": 297, "atk": 191, "def": 191, "spa": 157, "spd": 157, "spe": 107}}}]}