{"id": "gen9randombattle-2631426250", "format": "[Gen 9] Random Battle", "players": ["Sparrow666x", "rhinoshark007"], "log": "|badge|p2|bronze|gen9randombattle|100-9\n|uhtml|medal-msg|<div class=\"broadcast-blue\">Curious what those medals under the avatar are? PS now has Ladder Seasons! For more information, check out the <a href=\"https://www.smogon.com/forums/threads/3740067/\">thread on Smogon.</a></div>\n|j|\u203dSparrow666x\n|j|\u2606rhinoshark007\n|t:|1781383199\n|gametype|singles\n|player|p1|Sparrow666x|2|2246\n|player|p2|rhinoshark007|elesa|2360\n|gen|9\n|tier|[Gen 9] Random Battle\n|rated|\n|rule|Species Clause: Limit one of each Pok\u00e9mon\n|rule|HP Percentage Mod: HP is shown in percentages\n|rule|Sleep Clause Mod: Limit one foe put to sleep\n|rule|Illusion Level Mod: Illusion disguises the Pok\u00e9mon's true level\n|\n|t:|1781383199\n|teamsize|p1|6\n|teamsize|p2|6\n|start\n|switch|p1a: Munkidori|Munkidori, L79, M|269/269\n|switch|p2a: Avalugg|Avalugg, L88, F|310/310\n|turn|1\n|inactive|Battle timer is ON: inactive players will automatically lose when time's up. (requested by rhinoshark007)\n|\n|t:|1781383209\n|move|p1a: Munkidori|Fake Out|p2a: Avalugg\n|-damage|p2a: Avalugg|298/310\n|-status|p2a: Avalugg|tox|[from] ability: Toxic Chain|[of] p1a: Munkidori\n|cant|p2a: Avalugg|flinch\n|\n|-damage|p2a: Avalugg|279/310 tox|[from] psn\n|upkeep\n|turn|2\n|inactive|Sparrow666x has 120 seconds left.\n|\n|t:|1781383245\n|move|p1a: Munkidori|U-turn|p2a: Avalugg\n|-damage|p2a: Avalugg|259/310 tox\n|\n|t:|1781383248\n|switch|p1a: Toxapex|Toxapex, L82, M|216/216|[from] U-turn\n|move|p2a: Avalugg|Avalanche|p1a: Toxapex\n|-resisted|p1a: Toxapex\n|-damage|p1a: Toxapex|188/216\n|\n|-heal|p1a: Toxapex|201/216|[from] item: Leftovers\n|-damage|p2a: Avalugg|221/310 tox|[from] psn\n|upkeep\n|turn|3\n|inactive|Sparrow666x has 120 seconds left.\n|\n|t:|1781383270\n|switch|p2a: Noctowl|Noctowl, L95, F|344/344\n|move|p1a: Toxapex|Toxic|p2a: Noctowl\n|-status|p2a: Noctowl|tox\n|\n|-heal|p1a: Toxapex|214/216|[from] item: Leftovers\n|-damage|p2a: Noctowl|323/344 tox|[from] psn\n|upkeep\n|turn|4\n|\n|t:|1781383280\n|move|p2a: Noctowl|Nasty Plot|p2a: Noctowl\n|-boost|p2a: Noctowl|spa|2\n|move|p1a: Toxapex|Liquidation|p2a: Noctowl\n|-damage|p2a: Noctowl|241/344 tox\n|\n|-heal|p1a: Toxapex|216/216|[from] item: Leftovers\n|-damage|p2a: Noctowl|199/344 tox|[from] psn\n|upkeep\n|turn|5\n|inactive|Sparrow666x has 120 seconds left.\n|\n|t:|1781383293\n|move|p2a: Noctowl|Hurricane|p1a: Toxapex\n|-damage|p1a: Toxapex|27/216\n|-start|p1a: Toxapex|confusion\n|-activate|p1a: Toxapex|confusion\n|move|p1a: Toxapex|Haze|p1a: Toxapex\n|-clearallboost\n|\n|-heal|p1a: Toxapex|40/216|[from] item: Leftovers\n|-damage|p2a: Noctowl|136/344 tox|[from] psn\n|upkeep\n|turn|6\n|inactive|Sparrow666x has 120 seconds left.\n|\n|t:|1781383304\n|switch|p1a: Munkidori|Munkidori, L79, M|269/269\n|move|p2a: Noctowl|Hyper Voice|p1a: Munkidori\n|-damage|p1a: Munkidori|187/269\n|\n|-damage|p2a: Noctowl|52/344 tox|[from] psn\n|upkeep\n|turn|7\n|inactive|Sparrow666x has 120 seconds left.\n|\n|t:|1781383312\n|move|p1a: Munkidori|Fake Out|p2a: Noctowl\n|-damage|p2a: Noctowl|26/344 tox\n|cant|p2a: Noctowl|flinch\n|\n|-damage|p2a: Noctowl|0 fnt|[from] psn\n|faint|p2a: Noctowl\n|upkeep\n|\n|t:|1781383315\n|switch|p2a: Basculegion|Basculegion-F, L83, F|335/335\n|turn|8\n|inactive|Sparrow666x has 120 seconds left.\n|\n|t:|1781383345\n|move|p1a: Munkidori|U-turn|p2a: Basculegion\n|-resisted|p2a: Basculegion\n|-damage|p2a: Basculegion|313/335\n|-status|p2a: Basculegion|tox|[from] ability: Toxic Chain|[of] p1a: Munkidori\n|\n|t:|1781383355\n|switch|p1a: Furret|Furret, L94, F|312/312|[from] U-turn\n|-item|p2a: Basculegion|Choice Specs|[from] ability: Frisk|[of] p1a: Furret\n|move|p2a: Basculegion|Shadow Ball|p1a: Furret\n|-immune|p1a: Furret\n|\n|-damage|p2a: Basculegion|293/335 tox|[from] psn\n|upkeep\n|turn|9\n|\n|t:|1781383369\n|switch|p2a: Avalugg|Avalugg, L88, F|221/310 tox\n|move|p1a: Furret|Knock Off|p2a: Avalugg\n|-damage|p2a: Avalugg|162/310 tox\n|-enditem|p2a: Avalugg|Heavy-Duty Boots|[from] move: Knock Off|[of] p1a: Furret\n|\n|-damage|p2a: Avalugg|143/310 tox|[from] psn\n|upkeep\n|turn|10\n|\n|t:|1781383376\n|switch|p1a: Toxapex|Toxapex, L82, M|112/216\n|switch|p2a: Brambleghast|Brambleghast, L88, F|240/240\n|\n|-heal|p1a: Toxapex|125/216|[from] item: Leftovers\n|upkeep\n|turn|11\n|inactive|Sparrow666x has 120 seconds left.\n|\n|t:|1781383392\n|switch|p1a: Staraptor|Staraptor, L79, M|263/263\n|move|p2a: Brambleghast|Substitute|p2a: Brambleghast\n|-start|p2a: Brambleghast|Substitute\n|-damage|p2a: Brambleghast|180/240\n|\n|-heal|p2a: Brambleghast|195/240|[from] item: Leftovers\n|upkeep\n|turn|12\n|inactive|Sparrow666x has 120 seconds left.\n|\n|t:|1781383408\n|move|p1a: Staraptor|Brave Bird|p2a: Brambleghast\n|-supereffective|p2a: Brambleghast\n|-end|p2a: Brambleghast|Substitute\n|-damage|p1a: Staraptor|243/263|[from] Recoil|[of] p2a: Brambleghast\n|move|p2a: Brambleghast|Leech Seed|p1a: Staraptor\n|-start|p1a: Staraptor|move: Leech Seed\n|\n|-heal|p2a: Brambleghast|210/240|[from] item: Leftovers\n|-damage|p1a: Staraptor|211/263|[from] Leech Seed|[of] p2a: Brambleghast\n|-heal|p2a: Brambleghast|240/240|[silent]\n|upkeep\n|turn|13\n|\n|t:|1781383416\n|switch|p2a: Avalugg|Avalugg, L88, F|143/310 tox\n|move|p1a: Staraptor|Brave Bird|p2a: Avalugg\n|-damage|p2a: Avalugg|58/310 tox\n|-damage|p1a: Staraptor|183/263|[from] Recoil\n|\n|-damage|p1a: Staraptor|151/263|[from] Leech Seed|[of] p2a: Avalugg\n|-heal|p2a: Avalugg|90/310 tox|[silent]\n|-damage|p2a: Avalugg|71/310 tox|[from] psn\n|upkeep\n|turn|14\n|inactive|Sparrow666x has 120 seconds left.\n|\n|t:|1781383425\n|switch|p1a: Toxapex|Toxapex, L82, M|197/216\n|move|p2a: Avalugg|Recover|p2a: Avalugg\n|-heal|p2a: Avalugg|226/310 tox\n|\n|-heal|p1a: Toxapex|210/216|[from] item: Leftovers\n|-damage|p2a: Avalugg|188/310 tox|[from] psn\n|upkeep\n|turn|15\n|inactive|Sparrow666x has 120 seconds left.\n|\n|t:|1781383436\n|switch|p2a: Brambleghast|Brambleghast, L88, F|240/240\n|move|p1a: Toxapex|Toxic|p2a: Brambleghast\n|-status|p2a: Brambleghast|tox\n|\n|-heal|p1a: Toxapex|216/216|[from] item: Leftovers\n|-damage|p2a: Brambleghast|225/240 tox|[from] psn\n|upkeep\n|turn|16\n|-message|rhinoshark007 forfeited.\n|\n|win|Sparrow666x\n", "inputlog": ">version a8376a258c1d4662feba110a92103f3664a72141\n>start {\"formatid\":\"gen9randombattle\",\"seed\":\"sodium,559f15521f943bc5b39e2ca994032da6\",\"rated\":\"Rated battle\"}\n>player p1 {\"name\":\"Sparrow666x\",\"avatar\":\"2\",\"rating\":2246,\"seed\":\"sodium,3350a5e512ce4c19bbed3373a168d2e0\"}\n>player p2 {\"name\":\"rhinoshark007\",\"avatar\":\"elesa\",\"rating\":2360,\"seed\":\"sodium,dad94f5534d6f3ac3b223b6de2be3c8b\"}\n>p1 move fakeout\n>p2 move avalanche\n>p1 move uturn\n>p2 move avalanche\n>p1 switch 6\n>p1 move toxic\n>p2 switch 2\n>p1 move liquidation\n>p2 move nastyplot\n>p1 move haze\n>p2 move hurricane\n>p1 switch 6\n>p2 move hypervoice\n>p1 move fakeout\n>p2 move roost\n>p2 switch 4\n>p1 move uturn\n>p2 move shadowball\n>p1 switch 5\n>p1 move knockoff\n>p2 switch 2\n>p1 switch 6\n>p2 switch 6\n>p1 switch 4\n>p2 move substitute\n>p1 move bravebird\n>p2 move leechseed\n>p1 move bravebird\n>p2 switch 6\n>p1 switch 4\n>p2 move recover\n>p1 move toxic\n>p2 switch 6\n>forcelose p2", "uploadtime": 1781383201, "views": 9, "formatid": "gen9randombattle", "rating": null, "private": 0, "password": null, "player_dets": [{"name": "Sparrow666x", "avatar": "2", "rating": 2246, "seed": "sodium,3350a5e512ce4c19bbed3373a168d2e0"}, {"name": "rhinoshark007", "avatar": "elesa", "rating": 2360, "seed": "sodium,dad94f5534d6f3ac3b223b6de2be3c8b"}], "teams_full": [{"Munkidori": {"name": "Munkidori", "species": "Munkidori", "speciesId": "munkidori", "gender": "M", "shiny": false, "level": 79, "moves": ["psychicnoise", "sludgewave", "fakeout", "uturn"], "ability": "Toxic Chain", "evs": {"hp": 85, "atk": 85, "def": 85, "spa": 85, "spd": 85, "spe": 85}, "ivs": {"hp": 31, "atk": 31, "def": 31, "spa": 31, "spd": 31, "spe": 31}, "item": "Assault Vest", "teraType": "Dark", "role": "AV Pivot", "bvs": {"hp": 88, "atk": 75, "def": 66, "spa": 130, "spd": 90, "spe": 106}, "stats": {"hp": 269, "atk": 164, "def": 150, "spa": 251, "spd": 188, "spe": 213}}, "Mismagius": {"name": "Mismagius", "species": "Mismagius", "speciesId": "mismagius", "gender": "M", "shiny": false, "level": 86, "moves": ["substitute", "shadowball", "terablast", "nastyplot"], "ability": "Levitate", "evs": {"hp": 85, "atk": 0, "def": 85, "spa": 85, "spd": 85, "spe": 85}, "ivs": {"hp": 31, "atk": 0, "def": 31, "spa": 31, "spd": 31, "spe": 31}, "item": "Leftovers", "teraType": "Fighting", "role": "Tera Blast user", "bvs": {"hp": 60, "atk": 60, "def": 60, "spa": 105, "spd": 105, "spe": 105}, "stats": {"hp": 243, "atk": 108, "def": 152, "spa": 230, "spd": 230, "spe": 230}}, "Chandelure": {"name": "Chandelure", "species": "Chandelure", "speciesId": "chandelure", "gender": "F", "shiny": false, "level": 83, "moves": ["shadowball", "energyball", "fireblast", "trick"], "ability": "Flash Fire", "evs": {"hp": 85, "atk": 0, "def": 85, "spa": 85, "spd": 85, "spe": 85}, "ivs": {"hp": 31, "atk": 0, "def": 31, "spa": 31, "spd": 31, "spe": 31}, "item": "Choice Scarf", "teraType": "Ghost", "role": "Fast Attacker", "bvs": {"hp": 60, "atk": 55, "def": 90, "spa": 145, "spd": 90, "spe": 80}, "stats": {"hp": 235, "atk": 96, "def": 197, "spa": 288, "spd": 197, "spe": 180}}, "Staraptor": {"name": "Staraptor", "species": "Staraptor", "speciesId": "staraptor", "gender": "M", "shiny": false, "level": 79, "moves": ["doubleedge", "bravebird", "uturn", "closecombat"], "ability": "Reckless", "evs": {"hp": 81, "atk": 85, "def": 85, "spa": 85, "spd": 85, "spe": 85}, "ivs": {"hp": 31, "atk": 31, "def": 31, "spa": 31, "spd": 31, "spe": 31}, "item": "Choice Scarf", "teraType": "Fighting", "role": "Fast Attacker", "bvs": {"hp": 85, "atk": 120, "def": 70, "spa": 50, "spd": 60, "spe": 100}, "stats": {"hp": 263, "atk": 235, "def": 156, "spa": 125, "spd": 140, "spe": 204}}, "Furret": {"name": "Furret", "species": "Furret", "speciesId": "furret", "gender": "F", "shiny": false, "level": 94, "moves": ["knockoff", "trick", "uturn", "doubleedge"], "ability": "Frisk", "evs": {"hp": 85, "atk": 85, "def": 85, "spa": 85, "spd": 85, "spe": 85}, "ivs": {"hp": 31, "atk": 31, "def": 31, "spa": 31, "spd": 31, "spe": 31}, "item": "Choice Band", "teraType": "Normal", "role": "Wallbreaker", "bvs": {"hp": 85, "atk": 76, "def": 64, "spa": 45, "spd": 55, "spe": 90}, "stats": {"hp": 312, "atk": 196, "def": 174, "spa": 138, "spd": 157, "spe": 223}}, "Toxapex": {"name": "Toxapex", "species": "Toxapex", "speciesId": "toxapex", "gender": "M", "shiny": false, "level": 82, "moves": ["toxic", "recover", "haze", "liquidation"], "ability": "Regenerator", "evs": {"hp": 85, "atk": 85, "def": 85, "spa": 85, "spd": 85, "spe": 85}, "ivs": {"hp": 31, "atk": 31, "def": 31, "spa": 31, "spd": 31, "spe": 31}, "item": "Leftovers", "teraType": "Grass", "role": "Bulky Support", "bvs": {"hp": 50, "atk": 63, "def": 152, "spa": 53, "spd": 142, "spe": 35}, "stats": {"hp": 216, "atk": 150, "def": 296, "spa": 134, "spd": 280, "spe": 105}}}, {"Avalugg": {"name": "Avalugg", "species": "Avalugg", "speciesId": "avalugg", "gender": "F", "shiny": false, "level": 88, "moves": ["avalanche", "bodypress", "rapidspin", "recover"], "ability": "Sturdy", "evs": {"hp": 85, "atk": 85, "def": 85, "spa": 85, "spd": 85, "spe": 85}, "ivs": {"hp": 31, "atk": 31, "def": 31, "spa": 31, "spd": 31, "spe": 31}, "item": "Heavy-Duty Boots", "teraType": "Fighting", "role": "Bulky Support", "bvs": {"hp": 95, "atk": 117, "def": 184, "spa": 44, "spd": 46, "spe": 28}, "stats": {"hp": 310, "atk": 256, "def": 374, "spa": 128, "spd": 131, "spe": 100}}, "Noctowl": {"name": "Noctowl", "species": "Noctowl", "speciesId": "noctowl", "gender": "F", "shiny": false, "level": 95, "moves": ["nastyplot", "hypervoice", "roost", "hurricane"], "ability": "Tinted Lens", "evs": {"hp": 85, "atk": 0, "def": 85, "spa": 85, "spd": 85, "spe": 85}, "ivs": {"hp": 31, "atk": 0, "def": 31, "spa": 31, "spd": 31, "spe": 31}, "item": "Heavy-Duty Boots", "teraType": "Steel", "role": "Bulky Attacker", "bvs": {"hp": 100, "atk": 50, "def": 50, "spa": 86, "spd": 96, "spe": 70}, "stats": {"hp": 344, "atk": 100, "def": 149, "spa": 217, "spd": 236, "spe": 187}}, "Florges": {"name": "Florges", "species": "Florges-Blue", "speciesId": "florges", "gender": "F", "shiny": false, "level": 85, "moves": ["terablast", "synthesis", "calmmind", "moonblast"], "ability": "Flower Veil", "evs": {"hp": 85, "atk": 0, "def": 85, "spa": 85, "spd": 85, "spe": 85}, "ivs": {"hp": 31, "atk": 0, "def": 31, "spa": 31, "spd": 31, "spe": 31}, "item": "Leftovers", "teraType": "Ground", "role": "Tera Blast user", "bvs": {"hp": 78, "atk": 65, "def": 68, "spa": 112, "spd": 154, "spe": 75}, "stats": {"hp": 271, "atk": 115, "def": 164, "spa": 239, "spd": 311, "spe": 176}}, "Basculegion": {"name": "Basculegion", "species": "Basculegion-F", "speciesId": "basculegionf", "gender": "F", "shiny": false, "level": 83, "moves": ["flipturn", "hydropump", "icebeam", "shadowball"], "ability": "Adaptability", "evs": {"hp": 85, "atk": 85, "def": 85, "spa": 85, "spd": 85, "spe": 85}, "ivs": {"hp": 31, "atk": 31, "def": 31, "spa": 31, "spd": 31, "spe": 31}, "item": "Choice Specs", "teraType": "Water", "role": "Wallbreaker", "bvs": {"hp": 120, "atk": 92, "def": 65, "spa": 100, "spd": 75, "spe": 78}, "stats": {"hp": 335, "atk": 200, "def": 156, "spa": 214, "spd": 172, "spe": 177}}, "Bellossom": {"name": "Bellossom", "species": "Bellossom", "speciesId": "bellossom", "gender": "M", "shiny": false, "level": 84, "moves": ["moonblast", "strengthsap", "quiverdance", "gigadrain"], "ability": "Chlorophyll", "evs": {"hp": 85, "atk": 0, "def": 85, "spa": 85, "spd": 85, "spe": 85}, "ivs": {"hp": 31, "atk": 0, "def": 31, "spa": 31, "spd": 31, "spe": 31}, "item": "Leftovers", "teraType": "Fairy", "role": "Bulky Setup", "bvs": {"hp": 75, "atk": 80, "def": 95, "spa": 90, "spd": 100, "spe": 50}, "stats": {"hp": 263, "atk": 139, "def": 208, "spa": 199, "spd": 216, "spe": 132}}, "Brambleghast": {"name": "Brambleghast", "species": "Brambleghast", "speciesId": "brambleghast", "gender": "F", "shiny": false, "level": 88, "moves": ["leechseed", "substitute", "poltergeist", "powerwhip"], "ability": "Wind Rider", "evs": {"hp": 85, "atk": 85, "def": 85, "spa": 85, "spd": 85, "spe": 85}, "ivs": {"hp": 31, "atk": 31, "def": 31, "spa": 31, "spd": 31, "spe": 31}, "item": "Leftovers", "teraType": "Water", "role": "Fast Support", "bvs": {"hp": 55, "atk": 115, "def": 70, "spa": 80, "spd": 70, "spe": 90}, "stats": {"hp": 240, "atk": 253, "def": 173, "spa": 191, "spd": 173, "spe": 209}}}]}