{"id": "gen9randombattle-2631581277", "format": "[Gen 9] Random Battle", "players": ["UU Fent Dealer", "nViDiaaaaa"], "log": "|j|\u2606UU Fent Dealer\n|j|\u2606nViDiaaaaa\n|t:|1781404269\n|gametype|singles\n|player|p1|UU Fent Dealer|170|1347\n|player|p2|nViDiaaaaa|170|1297\n|gen|9\n|tier|[Gen 9] Random Battle\n|rated|\n|rule|Species Clause: Limit one of each Pok\u00e9mon\n|rule|HP Percentage Mod: HP is shown in percentages\n|rule|Sleep Clause Mod: Limit one foe put to sleep\n|rule|Illusion Level Mod: Illusion disguises the Pok\u00e9mon's true level\n|\n|t:|1781404269\n|teamsize|p1|6\n|teamsize|p2|6\n|start\n|switch|p1a: Gholdengo|Gholdengo, L77|261/261\n|switch|p2a: Snorlax|Snorlax, L82, F|397/397\n|turn|1\n|inactive|Battle timer is ON: inactive players will automatically lose when time's up. (requested by nViDiaaaaa)\n|\n|t:|1781404289\n|switch|p2a: Scovillain|Scovillain, L91, M|266/266\n|move|p1a: Gholdengo|Nasty Plot|p1a: Gholdengo\n|-boost|p1a: Gholdengo|spa|2\n|\n|upkeep\n|turn|2\n|\n|t:|1781404301\n|-terastallize|p1a: Gholdengo|Water\n|move|p2a: Scovillain|Overheat|p1a: Gholdengo\n|-resisted|p1a: Gholdengo\n|-damage|p1a: Gholdengo|171/261\n|-unboost|p2a: Scovillain|spa|2\n|move|p1a: Gholdengo|Shadow Ball|p2a: Scovillain\n|-damage|p2a: Scovillain|43/266\n|\n|-heal|p1a: Gholdengo|187/261|[from] item: Leftovers\n|upkeep\n|turn|3\n|\n|t:|1781404312\n|move|p2a: Scovillain|Overheat|p1a: Gholdengo|[miss]\n|-miss|p2a: Scovillain|p1a: Gholdengo\n|move|p1a: Gholdengo|Recover|p1a: Gholdengo\n|-heal|p1a: Gholdengo|261/261\n|\n|upkeep\n|turn|4\n|\n|t:|1781404319\n|move|p2a: Scovillain|Overheat|p1a: Gholdengo\n|-resisted|p1a: Gholdengo\n|-damage|p1a: Gholdengo|217/261\n|-unboost|p2a: Scovillain|spa|2\n|move|p1a: Gholdengo|Nasty Plot|p1a: Gholdengo\n|-boost|p1a: Gholdengo|spa|2\n|\n|-heal|p1a: Gholdengo|233/261|[from] item: Leftovers\n|upkeep\n|turn|5\n|\n|t:|1781404328\n|switch|p2a: Pelipper|Pelipper, L86, M|243/243\n|-weather|RainDance|[from] ability: Drizzle|[of] p2a: Pelipper\n|move|p1a: Gholdengo|Nasty Plot|p1a: Gholdengo\n|-boost|p1a: Gholdengo|spa|2\n|\n|-weather|RainDance|[upkeep]\n|-heal|p1a: Gholdengo|249/261|[from] item: Leftovers\n|upkeep\n|turn|6\n|\n|t:|1781404333\n|move|p1a: Gholdengo|Shadow Ball|p2a: Pelipper\n|-damage|p2a: Pelipper|0 fnt\n|faint|p2a: Pelipper\n|\n|-weather|RainDance|[upkeep]\n|-heal|p1a: Gholdengo|261/261|[from] item: Leftovers\n|upkeep\n|\n|t:|1781404339\n|switch|p2a: Spectrier|Spectrier, L75|274/274\n|turn|7\n|\n|t:|1781404344\n|-terastallize|p2a: Spectrier|Fairy\n|move|p2a: Spectrier|Nasty Plot|p2a: Spectrier\n|-boost|p2a: Spectrier|spa|2\n|move|p1a: Gholdengo|Shadow Ball|p2a: Spectrier\n|-damage|p2a: Spectrier|0 fnt\n|faint|p2a: Spectrier\n|\n|-weather|RainDance|[upkeep]\n|upkeep\n|-message|nViDiaaaaa forfeited.\n|\n|win|UU Fent Dealer\n|raw|UU Fent Dealer's rating: 1347 &rarr; <strong>1364</strong><br />(+17 for winning)\n|raw|nViDiaaaaa's rating: 1297 &rarr; <strong>1276</strong><br />(-21 for losing)\n|l|\u2606nViDiaaaaa\n|player|p2|\n", "inputlog": ">version a8376a258c1d4662feba110a92103f3664a72141\n>start {\"formatid\":\"gen9randombattle\",\"seed\":\"sodium,110caaaf7c00b343d232c739faee464d\",\"rated\":\"Rated battle\"}\n>player p1 {\"name\":\"UU Fent Dealer\",\"avatar\":\"170\",\"rating\":1347,\"seed\":\"sodium,54a7c4ea1750927b08eb36fc852f59a3\"}\n>player p2 {\"name\":\"nViDiaaaaa\",\"avatar\":\"170\",\"rating\":1297,\"seed\":\"sodium,5b4dad7b6db1bea6abf59cfcb6e6786c\"}\n>p1 move nastyplot\n>p2 switch 6\n>p1 move shadowball terastallize\n>p2 move overheat\n>p1 move recover\n>p2 move overheat\n>p1 move nastyplot\n>p2 move overheat\n>p1 move nastyplot\n>p2 switch 3\n>p1 move shadowball\n>p2 move weatherball\n>p2 switch 5\n>p1 move shadowball\n>p2 move nastyplot terastallize\n>forcelose p2", "uploadtime": 1781404355, "views": 9, "formatid": "gen9randombattle", "rating": 1276, "private": 0, "password": null, "player_dets": [{"name": "UU Fent Dealer", "avatar": "170", "rating": 1347, "seed": "sodium,54a7c4ea1750927b08eb36fc852f59a3"}, {"name": "nViDiaaaaa", "avatar": "170", "rating": 1297, "seed": "sodium,5b4dad7b6db1bea6abf59cfcb6e6786c"}], "teams_full": [{"Gholdengo": {"name": "Gholdengo", "species": "Gholdengo", "speciesId": "gholdengo", "gender": "N", "shiny": false, "level": 77, "moves": ["recover", "nastyplot", "makeitrain", "shadowball"], "ability": "Good as Gold", "evs": {"hp": 85, "atk": 0, "def": 85, "spa": 85, "spd": 85, "spe": 85}, "ivs": {"hp": 31, "atk": 0, "def": 31, "spa": 31, "spd": 31, "spe": 31}, "item": "Leftovers", "teraType": "Water", "role": "Bulky Support", "bvs": {"hp": 87, "atk": 60, "def": 95, "spa": 133, "spd": 91, "spe": 84}, "stats": {"hp": 261, "atk": 97, "def": 191, "spa": 249, "spd": 185, "spe": 174}}, "Hitmonlee": {"name": "Hitmonlee", "species": "Hitmonlee", "speciesId": "hitmonlee", "gender": "M", "shiny": false, "level": 85, "moves": ["knockoff", "machpunch", "poisonjab", "highjumpkick"], "ability": "Reckless", "evs": {"hp": 81, "atk": 85, "def": 85, "spa": 85, "spd": 85, "spe": 85}, "ivs": {"hp": 31, "atk": 31, "def": 31, "spa": 31, "spd": 31, "spe": 31}, "item": "Choice Band", "teraType": "Fighting", "role": "Fast Attacker", "bvs": {"hp": 50, "atk": 120, "def": 53, "spa": 35, "spd": 110, "spe": 87}, "stats": {"hp": 223, "atk": 253, "def": 139, "spa": 108, "spd": 236, "spe": 197}}, "Tornadus": {"name": "Tornadus", "species": "Tornadus-Therian", "speciesId": "tornadustherian", "gender": "M", "shiny": false, "level": 79, "moves": ["knockoff", "bleakwindstorm", "uturn", "heatwave"], "ability": "Regenerator", "evs": {"hp": 85, "atk": 85, "def": 85, "spa": 85, "spd": 85, "spe": 85}, "ivs": {"hp": 31, "atk": 31, "def": 31, "spa": 31, "spd": 31, "spe": 31}, "item": "Assault Vest", "teraType": "Steel", "role": "AV Pivot", "bvs": {"hp": 79, "atk": 100, "def": 80, "spa": 110, "spd": 90, "spe": 121}, "stats": {"hp": 254, "atk": 204, "def": 172, "spa": 219, "spd": 188, "spe": 237}}, "Probopass": {"name": "Probopass", "species": "Probopass", "speciesId": "probopass", "gender": "F", "shiny": false, "level": 91, "moves": ["bodypress", "powergem", "thunderwave", "irondefense"], "ability": "Magnet Pull", "evs": {"hp": 85, "atk": 0, "def": 85, "spa": 85, "spd": 85, "spe": 85}, "ivs": {"hp": 31, "atk": 0, "def": 31, "spa": 31, "spd": 31, "spe": 31}, "item": "Leftovers", "teraType": "Fighting", "role": "Bulky Setup", "bvs": {"hp": 60, "atk": 55, "def": 145, "spa": 75, "spd": 150, "spe": 40}, "stats": {"hp": 257, "atk": 105, "def": 316, "spa": 188, "spd": 325, "spe": 125}}, "Mamoswine": {"name": "Mamoswine", "species": "Mamoswine", "speciesId": "mamoswine", "gender": "F", "shiny": false, "level": 81, "moves": ["earthquake", "iceshard", "knockoff", "iciclecrash"], "ability": "Thick Fat", "evs": {"hp": 85, "atk": 85, "def": 85, "spa": 85, "spd": 85, "spe": 85}, "ivs": {"hp": 31, "atk": 31, "def": 31, "spa": 31, "spd": 31, "spe": 31}, "item": "Choice Band", "teraType": "Ice", "role": "Wallbreaker", "bvs": {"hp": 110, "atk": 130, "def": 80, "spa": 70, "spd": 60, "spe": 80}, "stats": {"hp": 311, "atk": 257, "def": 176, "spa": 160, "spd": 144, "spe": 176}}, "Slowbro": {"name": "Slowbro", "species": "Slowbro", "speciesId": "slowbro", "gender": "F", "shiny": false, "level": 85, "moves": ["fireblast", "scald", "psychicnoise", "futuresight"], "ability": "Regenerator", "evs": {"hp": 85, "atk": 0, "def": 85, "spa": 85, "spd": 85, "spe": 85}, "ivs": {"hp": 31, "atk": 0, "def": 31, "spa": 31, "spd": 31, "spe": 31}, "item": "Assault Vest", "teraType": "Fairy", "role": "AV Pivot", "bvs": {"hp": 95, "atk": 75, "def": 110, "spa": 100, "spd": 80, "spe": 30}, "stats": {"hp": 300, "atk": 132, "def": 236, "spa": 219, "spd": 185, "spe": 100}}}, {"Snorlax": {"name": "Snorlax", "species": "Snorlax", "speciesId": "snorlax", "gender": "F", "shiny": false, "level": 82, "moves": ["rest", "bodyslam", "sleeptalk", "curse"], "ability": "Thick Fat", "evs": {"hp": 85, "atk": 85, "def": 85, "spa": 85, "spd": 85, "spe": 85}, "ivs": {"hp": 31, "atk": 31, "def": 31, "spa": 31, "spd": 31, "spe": 31}, "item": "Leftovers", "teraType": "Poison", "role": "Bulky Attacker", "bvs": {"hp": 160, "atk": 110, "def": 65, "spa": 65, "spd": 110, "spe": 30}, "stats": {"hp": 397, "atk": 228, "def": 154, "spa": 154, "spd": 228, "spe": 96}}, "Sinistcha": {"name": "Sinistcha", "species": "Sinistcha-Masterpiece", "speciesId": "sinistcha", "gender": "N", "shiny": false, "level": 83, "moves": ["calmmind", "strengthsap", "matchagotcha", "shadowball"], "ability": "Heatproof", "evs": {"hp": 85, "atk": 0, "def": 85, "spa": 85, "spd": 85, "spe": 85}, "ivs": {"hp": 31, "atk": 0, "def": 31, "spa": 31, "spd": 31, "spe": 31}, "item": "Leftovers", "teraType": "Steel", "role": "Bulky Setup", "bvs": {"hp": 71, "atk": 60, "def": 106, "spa": 121, "spd": 80, "spe": 70}, "stats": {"hp": 254, "atk": 104, "def": 224, "spa": 249, "spd": 180, "spe": 164}}, "Pelipper": {"name": "Pelipper", "species": "Pelipper", "speciesId": "pelipper", "gender": "M", "shiny": false, "level": 86, "moves": ["weatherball", "uturn", "hydropump", "hurricane"], "ability": "Drizzle", "evs": {"hp": 85, "atk": 85, "def": 85, "spa": 85, "spd": 85, "spe": 85}, "ivs": {"hp": 31, "atk": 31, "def": 31, "spa": 31, "spd": 31, "spe": 31}, "item": "Choice Specs", "teraType": "Water", "role": "Wallbreaker", "bvs": {"hp": 60, "atk": 50, "def": 100, "spa": 95, "spd": 70, "spe": 65}, "stats": {"hp": 243, "atk": 135, "def": 221, "spa": 213, "spd": 170, "spe": 161}}, "Arceus": {"name": "Arceus", "species": "Arceus-Electric", "speciesId": "arceuselectric", "gender": "N", "shiny": false, "level": 70, "moves": ["icebeam", "recover", "judgment", "calmmind"], "ability": "Multitype", "evs": {"hp": 85, "atk": 0, "def": 85, "spa": 85, "spd": 85, "spe": 85}, "ivs": {"hp": 31, "atk": 0, "def": 31, "spa": 31, "spd": 31, "spe": 31}, "item": "Zap Plate", "teraType": "Electric", "role": "Bulky Setup", "bvs": {"hp": 120, "atk": 120, "def": 120, "spa": 120, "spd": 120, "spe": 120}, "stats": {"hp": 284, "atk": 173, "def": 209, "spa": 209, "spd": 209, "spe": 209}}, "Spectrier": {"name": "Spectrier", "species": "Spectrier", "speciesId": "spectrier", "gender": "N", "shiny": false, "level": 75, "moves": ["darkpulse", "drainingkiss", "nastyplot", "shadowball"], "ability": "Grim Neigh", "evs": {"hp": 85, "atk": 0, "def": 85, "spa": 85, "spd": 85, "spe": 85}, "ivs": {"hp": 31, "atk": 0, "def": 31, "spa": 31, "spd": 31, "spe": 31}, "item": "Life Orb", "teraType": "Fairy", "role": "Setup Sweeper", "bvs": {"hp": 100, "atk": 65, "def": 60, "spa": 145, "spd": 80, "spe": 130}, "stats": {"hp": 274, "atk": 102, "def": 134, "spa": 261, "spd": 164, "spe": 239}}, "Scovillain": {"name": "Scovillain", "species": "Scovillain", "speciesId": "scovillain", "gender": "M", "shiny": false, "level": 91, "moves": ["leafstorm", "energyball", "flamethrower", "overheat"], "ability": "Chlorophyll", "evs": {"hp": 85, "atk": 0, "def": 85, "spa": 85, "spd": 85, "spe": 85}, "ivs": {"hp": 31, "atk": 0, "def": 31, "spa": 31, "spd": 31, "spe": 31}, "item": "Choice Scarf", "teraType": "Fire", "role": "Fast Attacker", "bvs": {"hp": 65, "atk": 108, "def": 65, "spa": 108, "spd": 65, "spe": 75}, "stats": {"hp": 266, "atk": 201, "def": 170, "spa": 248, "spd": 170, "spe": 188}}}]}