{"id": "gen9randombattle-2631374965", "format": "[Gen 9] Random Battle", "players": ["RedDudeN64", "Dfrrnspa97"], "log": "|badge|p2|bronze|gen9randombattle|100-9\n|uhtml|medal-msg|<div class=\"broadcast-blue\">Curious what those medals under the avatar are? PS now has Ladder Seasons! For more information, check out the <a href=\"https://www.smogon.com/forums/threads/3740067/\">thread on Smogon.</a></div>\n|j|\u2606RedDudeN64\n|j|\u203dDfrrnspa97\n|t:|1781377198\n|gametype|singles\n|player|p1|RedDudeN64|red|2164\n|player|p2|Dfrrnspa97|265|2269\n|gen|9\n|tier|[Gen 9] Random Battle\n|rated|\n|rule|Species Clause: Limit one of each Pok\u00e9mon\n|rule|HP Percentage Mod: HP is shown in percentages\n|rule|Sleep Clause Mod: Limit one foe put to sleep\n|rule|Illusion Level Mod: Illusion disguises the Pok\u00e9mon's true level\n|\n|t:|1781377198\n|teamsize|p1|6\n|teamsize|p2|6\n|start\n|switch|p1a: Fezandipiti|Fezandipiti, L82, M|278/278\n|switch|p2a: Hippowdon|Hippowdon, L82, F|311/311\n|-weather|Sandstorm|[from] ability: Sand Stream|[of] p2a: Hippowdon\n|turn|1\n|inactive|Battle timer is ON: inactive players will automatically lose when time's up. (requested by RedDudeN64)\n|\n|t:|1781377217\n|switch|p1a: Cramorant|Cramorant, L86, M|261/261\n|move|p2a: Hippowdon|Curse|p2a: Hippowdon\n|-unboost|p2a: Hippowdon|spe|1\n|-boost|p2a: Hippowdon|atk|1\n|-boost|p2a: Hippowdon|def|1\n|\n|-weather|Sandstorm|[upkeep]\n|-damage|p1a: Cramorant|245/261|[from] Sandstorm\n|upkeep\n|turn|2\n|\n|t:|1781377221\n|move|p1a: Cramorant|Surf|p2a: Hippowdon\n|-formechange|p1a: Cramorant|Cramorant-Gulping|\n|-supereffective|p2a: Hippowdon\n|-damage|p2a: Hippowdon|101/311\n|move|p2a: Hippowdon|Stone Edge|p1a: Cramorant\n|-supereffective|p1a: Cramorant\n|-crit|p1a: Cramorant\n|-damage|p1a: Cramorant|0 fnt\n|-damage|p2a: Hippowdon|24/311|[from] ability: Gulp Missile|[of] p1a: Cramorant\n|-unboost|p2a: Hippowdon|def|1\n|-formechange|p1a: Cramorant|Cramorant|\n|faint|p1a: Cramorant\n|\n|-weather|Sandstorm|[upkeep]\n|-heal|p2a: Hippowdon|43/311|[from] item: Leftovers\n|upkeep\n|\n|t:|1781377231\n|switch|p1a: Fezandipiti|Fezandipiti, L82, M|278/278\n|turn|3\n|\n|t:|1781377234\n|move|p1a: Fezandipiti|Moonblast|p2a: Hippowdon\n|-damage|p2a: Hippowdon|0 fnt\n|faint|p2a: Hippowdon\n|\n|-weather|Sandstorm|[upkeep]\n|-damage|p1a: Fezandipiti|261/278|[from] Sandstorm\n|-heal|p1a: Fezandipiti|278/278|[from] item: Leftovers\n|upkeep\n|\n|t:|1781377248\n|switch|p2a: Banette|Banette, L93, M|270/270\n|turn|4\n|\n|t:|1781377255\n|switch|p1a: Furret|Furret, L94, F|312/312\n|-item|p2a: Banette|Life Orb|[from] ability: Frisk|[of] p1a: Furret\n|move|p2a: Banette|Poltergeist|p1a: Furret\n|-immune|p1a: Furret\n|\n|-weather|Sandstorm|[upkeep]\n|-damage|p1a: Furret|293/312|[from] Sandstorm\n|-damage|p2a: Banette|254/270|[from] Sandstorm\n|upkeep\n|turn|5\n|\n|t:|1781377263\n|switch|p2a: Heracross|Heracross, L80, M|259/259\n|move|p1a: Furret|Knock Off|p2a: Heracross\n|-resisted|p2a: Heracross\n|-damage|p2a: Heracross|196/259\n|-enditem|p2a: Heracross|Choice Scarf|[from] move: Knock Off|[of] p1a: Furret\n|\n|-weather|none\n|upkeep\n|turn|6\n|\n|t:|1781377275\n|switch|p1a: Fezandipiti|Fezandipiti, L82, M|278/278\n|move|p2a: Heracross|Earthquake|p1a: Fezandipiti\n|-supereffective|p1a: Fezandipiti\n|-damage|p1a: Fezandipiti|108/278\n|\n|-heal|p1a: Fezandipiti|125/278|[from] item: Leftovers\n|upkeep\n|turn|7\n|\n|t:|1781377281\n|switch|p2a: Volcanion|Volcanion, L79|255/255\n|move|p1a: Fezandipiti|Moonblast|p2a: Volcanion\n|-resisted|p2a: Volcanion\n|-damage|p2a: Volcanion|231/255\n|-unboost|p2a: Volcanion|spa|1\n|\n|-heal|p1a: Fezandipiti|142/278|[from] item: Leftovers\n|upkeep\n|turn|8\n|\n|t:|1781377289\n|switch|p2a: Heracross|Heracross, L80, M|196/259\n|move|p1a: Fezandipiti|Beat Up|p2a: Heracross\n|-resisted|p2a: Heracross\n|-damage|p2a: Heracross|190/259\n|-status|p2a: Heracross|tox|[from] ability: Toxic Chain|[of] p1a: Fezandipiti\n|-resisted|p2a: Heracross\n|-damage|p2a: Heracross|186/259 tox\n|-resisted|p2a: Heracross\n|-crit|p2a: Heracross\n|-damage|p2a: Heracross|176/259 tox\n|-resisted|p2a: Heracross\n|-damage|p2a: Heracross|171/259 tox\n|-resisted|p2a: Heracross\n|-damage|p2a: Heracross|167/259 tox\n|-hitcount|p2a: Heracross|5\n|\n|-heal|p1a: Fezandipiti|159/278|[from] item: Leftovers\n|-damage|p2a: Heracross|151/259 tox|[from] psn\n|upkeep\n|turn|9\n|\n|t:|1781377301\n|switch|p2a: Volcanion|Volcanion, L79|231/255\n|move|p1a: Fezandipiti|Moonblast|p2a: Volcanion\n|-resisted|p2a: Volcanion\n|-damage|p2a: Volcanion|203/255\n|-status|p2a: Volcanion|tox|[from] ability: Toxic Chain|[of] p1a: Fezandipiti\n|\n|-heal|p1a: Fezandipiti|176/278|[from] item: Leftovers\n|-damage|p2a: Volcanion|188/255 tox|[from] psn\n|upkeep\n|turn|10\n|\n|t:|1781377308\n|move|p1a: Fezandipiti|Gunk Shot|p2a: Volcanion|[miss]\n|-miss|p1a: Fezandipiti|p2a: Volcanion\n|move|p2a: Volcanion|Flame Charge|p1a: Fezandipiti\n|-damage|p1a: Fezandipiti|119/278\n|-boost|p2a: Volcanion|spe|1\n|\n|-heal|p1a: Fezandipiti|136/278|[from] item: Leftovers\n|-damage|p2a: Volcanion|158/255 tox|[from] psn\n|upkeep\n|turn|11\n|\n|t:|1781377310\n|move|p2a: Volcanion|Sludge Bomb|p1a: Fezandipiti\n|-damage|p1a: Fezandipiti|75/278\n|move|p1a: Fezandipiti|Roost|p1a: Fezandipiti\n|-heal|p1a: Fezandipiti|214/278\n|-singleturn|p1a: Fezandipiti|move: Roost\n|\n|-heal|p1a: Fezandipiti|231/278|[from] item: Leftovers\n|-damage|p2a: Volcanion|113/255 tox|[from] psn\n|upkeep\n|turn|12\n|\n|t:|1781377315\n|move|p2a: Volcanion|Steam Eruption|p1a: Fezandipiti\n|-crit|p1a: Fezandipiti\n|-damage|p1a: Fezandipiti|90/278\n|move|p1a: Fezandipiti|Moonblast|p2a: Volcanion\n|-resisted|p2a: Volcanion\n|-damage|p2a: Volcanion|86/255 tox\n|\n|-heal|p1a: Fezandipiti|107/278|[from] item: Leftovers\n|-damage|p2a: Volcanion|26/255 tox|[from] psn\n|upkeep\n|turn|13\n|\n|t:|1781377318\n|move|p2a: Volcanion|Steam Eruption|p1a: Fezandipiti\n|-damage|p1a: Fezandipiti|0 fnt\n|faint|p1a: Fezandipiti\n|\n|-damage|p2a: Volcanion|0 fnt|[from] psn\n|faint|p2a: Volcanion\n|upkeep\n|\n|t:|1781377330\n|switch|p1a: Indeedee|Indeedee-F, L90, F|272/272\n|switch|p2a: Mimikyu|Mimikyu, L79, F|216/216\n|-fieldstart|move: Psychic Terrain|[from] ability: Psychic Surge|[of] p1a: Indeedee\n|turn|14\n|\n|t:|1781377342\n|move|p1a: Indeedee|Psyshock|p2a: Mimikyu\n|-activate|p2a: Mimikyu|ability: Disguise\n|-damage|p2a: Mimikyu|216/216\n|detailschange|p2a: Mimikyu|Mimikyu-Busted, L79, F\n|-damage|p2a: Mimikyu|189/216|[from] pokemon: Mimikyu-Busted\n|move|p2a: Mimikyu|Play Rough|p1a: Indeedee\n|-damage|p1a: Indeedee|158/272\n|-damage|p2a: Mimikyu|168/216|[from] item: Life Orb\n|\n|upkeep\n|turn|15\n|\n|t:|1781377346\n|switch|p2a: Gardevoir|Gardevoir, L83, F|249/249\n|-ability|p2a: Gardevoir|Psychic Surge|Trace|[from] ability: Trace|[of] p1a: Indeedee\n|move|p1a: Indeedee|Psyshock|p2a: Gardevoir\n|-resisted|p2a: Gardevoir\n|-damage|p2a: Gardevoir|132/249\n|\n|upkeep\n|turn|16\n|\n|t:|1781377360\n|move|p2a: Gardevoir|Psychic|p1a: Indeedee\n|-resisted|p1a: Indeedee\n|-damage|p1a: Indeedee|101/272\n|move|p1a: Indeedee|Psyshock|p2a: Gardevoir\n|-resisted|p2a: Gardevoir\n|-damage|p2a: Gardevoir|14/249\n|\n|upkeep\n|turn|17\n|\n|t:|1781377365\n|move|p2a: Gardevoir|Psychic|p1a: Indeedee\n|-resisted|p1a: Indeedee\n|-damage|p1a: Indeedee|41/272\n|move|p1a: Indeedee|Psyshock|p2a: Gardevoir\n|-resisted|p2a: Gardevoir\n|-damage|p2a: Gardevoir|0 fnt\n|faint|p2a: Gardevoir\n|\n|upkeep\n|\n|t:|1781377371\n|switch|p2a: Mimikyu|Mimikyu-Busted, L79, F|168/216\n|turn|18\n|\n|t:|1781377376\n|move|p1a: Indeedee|Psyshock|p2a: Mimikyu\n|-damage|p2a: Mimikyu|0 fnt\n|faint|p2a: Mimikyu\n|\n|-fieldend|move: Psychic Terrain\n|upkeep\n|-message|Dfrrnspa97 forfeited.\n|\n|win|RedDudeN64\n", "inputlog": ">version a8376a258c1d4662feba110a92103f3664a72141\n>start {\"formatid\":\"gen9randombattle\",\"seed\":\"sodium,2db1a537aeb00ccc0692c7f7921ff20f\",\"rated\":\"Rated battle\"}\n>player p1 {\"name\":\"RedDudeN64\",\"avatar\":\"red\",\"rating\":2164,\"seed\":\"sodium,371cc07b3d866a3c93a66e8daeb65ed5\"}\n>player p2 {\"name\":\"Dfrrnspa97\",\"avatar\":\"265\",\"rating\":2269,\"seed\":\"sodium,473b53e90b9ad31dad889d9fa4a81529\"}\n>p1 switch 2\n>p2 move curse\n>p1 move surf\n>p2 move stoneedge\n>p1 switch 2\n>p1 move moonblast\n>p2 move slackoff\n>p2 switch 6\n>p1 switch 3\n>p2 move poltergeist\n>p1 move knockoff\n>p2 switch 5\n>p1 switch 3\n>p2 move earthquake\n>p1 move moonblast\n>p2 switch 4\n>p1 move beatup\n>p2 switch 4\n>p1 move moonblast\n>p2 switch 4\n>p1 move gunkshot\n>p2 move flamecharge\n>p1 move roost\n>p2 move sludgebomb\n>p1 move moonblast\n>p2 move steameruption\n>p1 move roost\n>p2 move steameruption\n>p1 switch 6\n>p2 switch 2\n>p1 move psyshock\n>p2 move playrough\n>p1 move psyshock\n>p2 switch 3\n>p1 move psyshock\n>p2 move psychic\n>p1 move psyshock\n>p2 move psychic\n>p2 switch 3\n>p1 move psyshock\n>p2 move drainpunch\n>forcelose p2", "uploadtime": 1781377201, "views": 10, "formatid": "gen9randombattle", "rating": null, "private": 0, "password": null, "player_dets": [{"name": "RedDudeN64", "avatar": "red", "rating": 2164, "seed": "sodium,371cc07b3d866a3c93a66e8daeb65ed5"}, {"name": "Dfrrnspa97", "avatar": "265", "rating": 2269, "seed": "sodium,473b53e90b9ad31dad889d9fa4a81529"}], "teams_full": [{"Fezandipiti": {"name": "Fezandipiti", "species": "Fezandipiti", "speciesId": "fezandipiti", "gender": "M", "shiny": false, "level": 82, "moves": ["gunkshot", "beatup", "moonblast", "roost"], "ability": "Toxic Chain", "evs": {"hp": 85, "atk": 85, "def": 85, "spa": 85, "spd": 85, "spe": 85}, "ivs": {"hp": 31, "atk": 31, "def": 31, "spa": 31, "spd": 31, "spe": 31}, "item": "Leftovers", "teraType": "Steel", "role": "Bulky Attacker", "bvs": {"hp": 88, "atk": 91, "def": 82, "spa": 70, "spd": 125, "spe": 99}, "stats": {"hp": 278, "atk": 196, "def": 182, "spa": 162, "spd": 252, "spe": 210}, "types": ["Poison", "Fairy"]}, "Cramorant": {"name": "Cramorant", "species": "Cramorant", "speciesId": "cramorant", "gender": "M", "shiny": false, "level": 86, "moves": ["roost", "bravebird", "surf", "defog"], "ability": "Gulp Missile", "evs": {"hp": 85, "atk": 85, "def": 85, "spa": 85, "spd": 85, "spe": 85}, "ivs": {"hp": 31, "atk": 31, "def": 31, "spa": 31, "spd": 31, "spe": 31}, "item": "Heavy-Duty Boots", "teraType": "Ground", "role": "Bulky Support", "bvs": {"hp": 70, "atk": 85, "def": 55, "spa": 85, "spd": 95, "spe": 85}, "stats": {"hp": 261, "atk": 195, "def": 144, "spa": 195, "spd": 213, "spe": 195}, "types": ["Flying", "Water"]}, "Furret": {"name": "Furret", "species": "Furret", "speciesId": "furret", "gender": "F", "shiny": false, "level": 94, "moves": ["uturn", "doubleedge", "trick", "knockoff"], "ability": "Frisk", "evs": {"hp": 85, "atk": 85, "def": 85, "spa": 85, "spd": 85, "spe": 85}, "ivs": {"hp": 31, "atk": 31, "def": 31, "spa": 31, "spd": 31, "spe": 31}, "item": "Choice Band", "teraType": "Ghost", "role": "Wallbreaker", "bvs": {"hp": 85, "atk": 76, "def": 64, "spa": 45, "spd": 55, "spe": 90}, "stats": {"hp": 312, "atk": 196, "def": 174, "spa": 138, "spd": 157, "spe": 223}, "types": ["Normal"]}, "Passimian": {"name": "Passimian", "species": "Passimian", "speciesId": "passimian", "gender": "M", "shiny": false, "level": 83, "moves": ["drainpunch", "bulkup", "gunkshot", "knockoff"], "ability": "Defiant", "evs": {"hp": 85, "atk": 85, "def": 85, "spa": 85, "spd": 85, "spe": 85}, "ivs": {"hp": 31, "atk": 31, "def": 31, "spa": 31, "spd": 31, "spe": 31}, "item": "Leftovers", "teraType": "Poison", "role": "Bulky Setup", "bvs": {"hp": 100, "atk": 120, "def": 90, "spa": 40, "spd": 60, "spe": 80}, "stats": {"hp": 302, "atk": 247, "def": 197, "spa": 114, "spd": 147, "spe": 180}, "types": ["Fighting"]}, "Iron Bundle": {"name": "Iron Bundle", "species": "Iron Bundle", "speciesId": "ironbundle", "gender": "N", "shiny": false, "level": 78, "moves": ["freezedry", "icebeam", "hydropump", "encore"], "ability": "Quark Drive", "evs": {"hp": 85, "atk": 0, "def": 85, "spa": 85, "spd": 85, "spe": 85}, "ivs": {"hp": 31, "atk": 0, "def": 31, "spa": 31, "spd": 31, "spe": 31}, "item": "Heavy-Duty Boots", "teraType": "Water", "role": "Fast Attacker", "bvs": {"hp": 56, "atk": 80, "def": 114, "spa": 124, "spd": 60, "spe": 136}, "stats": {"hp": 215, "atk": 129, "def": 223, "spa": 239, "spd": 139, "spe": 257}, "types": ["Ice", "Water"]}, "Indeedee": {"name": "Indeedee", "species": "Indeedee-F", "speciesId": "indeedeef", "gender": "F", "shiny": false, "level": 90, "moves": ["shadowball", "hypervoice", "psyshock", "dazzlinggleam"], "ability": "Psychic Surge", "evs": {"hp": 85, "atk": 0, "def": 85, "spa": 85, "spd": 85, "spe": 85}, "ivs": {"hp": 31, "atk": 0, "def": 31, "spa": 31, "spd": 31, "spe": 31}, "item": "Choice Specs", "teraType": "Fairy", "role": "Fast Attacker", "bvs": {"hp": 70, "atk": 55, "def": 65, "spa": 95, "spd": 105, "spe": 85}, "stats": {"hp": 272, "atk": 104, "def": 168, "spa": 222, "spd": 240, "spe": 204}, "types": ["Psychic", "Normal"]}}, {"Hippowdon": {"name": "Hippowdon", "species": "Hippowdon", "speciesId": "hippowdon", "gender": "F", "shiny": false, "level": 82, "moves": ["stoneedge", "slackoff", "curse", "earthquake"], "ability": "Sand Stream", "evs": {"hp": 85, "atk": 85, "def": 85, "spa": 85, "spd": 85, "spe": 85}, "ivs": {"hp": 31, "atk": 31, "def": 31, "spa": 31, "spd": 31, "spe": 31}, "item": "Leftovers", "teraType": "Rock", "role": "Bulky Setup", "bvs": {"hp": 108, "atk": 112, "def": 118, "spa": 68, "spd": 72, "spe": 47}, "stats": {"hp": 311, "atk": 231, "def": 241, "spa": 159, "spd": 165, "spe": 124}, "types": ["Ground"]}, "Mimikyu": {"name": "Mimikyu", "species": "Mimikyu", "speciesId": "mimikyu", "gender": "F", "shiny": false, "level": 79, "moves": ["playrough", "drainpunch", "shadowsneak", "swordsdance"], "ability": "Disguise", "evs": {"hp": 85, "atk": 85, "def": 85, "spa": 85, "spd": 85, "spe": 85}, "ivs": {"hp": 31, "atk": 31, "def": 31, "spa": 31, "spd": 31, "spe": 31}, "item": "Life Orb", "teraType": "Fighting", "role": "Setup Sweeper", "bvs": {"hp": 55, "atk": 90, "def": 80, "spa": 50, "spd": 105, "spe": 96}, "stats": {"hp": 216, "atk": 188, "def": 172, "spa": 125, "spd": 211, "spe": 197}, "types": ["Ghost", "Fairy"]}, "Gardevoir": {"name": "Gardevoir", "species": "Gardevoir", "speciesId": "gardevoir", "gender": "F", "shiny": false, "level": 83, "moves": ["moonblast", "healingwish", "psychic", "mysticalfire"], "ability": "Trace", "evs": {"hp": 85, "atk": 0, "def": 85, "spa": 85, "spd": 85, "spe": 85}, "ivs": {"hp": 31, "atk": 0, "def": 31, "spa": 31, "spd": 31, "spe": 31}, "item": "Choice Scarf", "teraType": "Fire", "role": "Fast Attacker", "bvs": {"hp": 68, "atk": 65, "def": 65, "spa": 125, "spd": 115, "spe": 80}, "stats": {"hp": 249, "atk": 112, "def": 156, "spa": 255, "spd": 239, "spe": 180}, "types": ["Psychic", "Fairy"]}, "Volcanion": {"name": "Volcanion", "species": "Volcanion", "speciesId": "volcanion", "gender": "N", "shiny": false, "level": 79, "moves": ["flamecharge", "steameruption", "sludgebomb", "flamethrower"], "ability": "Water Absorb", "evs": {"hp": 81, "atk": 85, "def": 85, "spa": 85, "spd": 85, "spe": 85}, "ivs": {"hp": 31, "atk": 31, "def": 31, "spa": 31, "spd": 31, "spe": 31}, "item": "Assault Vest", "teraType": "Fire", "role": "Bulky Attacker", "bvs": {"hp": 80, "atk": 110, "def": 120, "spa": 130, "spd": 90, "spe": 70}, "stats": {"hp": 255, "atk": 219, "def": 235, "spa": 251, "spd": 188, "spe": 156}, "types": ["Fire", "Water"]}, "Heracross": {"name": "Heracross", "species": "Heracross", "speciesId": "heracross", "gender": "M", "shiny": false, "level": 80, "moves": ["closecombat", "stoneedge", "earthquake", "megahorn"], "ability": "Moxie", "evs": {"hp": 85, "atk": 85, "def": 85, "spa": 85, "spd": 85, "spe": 85}, "ivs": {"hp": 31, "atk": 31, "def": 31, "spa": 31, "spd": 31, "spe": 31}, "item": "Choice Scarf", "teraType": "Bug", "role": "Fast Attacker", "bvs": {"hp": 80, "atk": 125, "def": 75, "spa": 40, "spd": 95, "spe": 85}, "stats": {"hp": 259, "atk": 246, "def": 166, "spa": 110, "spd": 198, "spe": 182}, "types": ["Bug", "Fighting"]}, "Banette": {"name": "Banette", "species": "Banette", "speciesId": "banette", "gender": "M", "shiny": false, "level": 93, "moves": ["poltergeist", "shadowsneak", "gunkshot", "swordsdance"], "ability": "Insomnia", "evs": {"hp": 85, "atk": 85, "def": 85, "spa": 85, "spd": 85, "spe": 85}, "ivs": {"hp": 31, "atk": 31, "def": 31, "spa": 31, "spd": 31, "spe": 31}, "item": "Life Orb", "teraType": "Ghost", "role": "Wallbreaker", "bvs": {"hp": 64, "atk": 115, "def": 65, "spa": 83, "spd": 63, "spe": 65}, "stats": {"hp": 270, "atk": 267, "def": 174, "spa": 207, "spd": 170, "spe": 174}, "types": ["Ghost"]}}]}