{"id": "gen9randombattle-2631660412", "format": "[Gen 9] Random Battle", "players": ["TYQSYDGWXNEHJ", "DuelKNinja"], "log": "|j|\u2606TYQSYDGWXNEHJ\n|j|\u2606DuelKNinja\n|t:|1781416758\n|gametype|singles\n|player|p1|TYQSYDGWXNEHJ|2|1045\n|player|p2|DuelKNinja|hiker-gen4|1080\n|gen|9\n|tier|[Gen 9] Random Battle\n|rated|\n|rule|Species Clause: Limit one of each Pok\u00e9mon\n|rule|HP Percentage Mod: HP is shown in percentages\n|rule|Sleep Clause Mod: Limit one foe put to sleep\n|rule|Illusion Level Mod: Illusion disguises the Pok\u00e9mon's true level\n|\n|t:|1781416758\n|teamsize|p1|6\n|teamsize|p2|6\n|start\n|switch|p1a: Houndoom|Houndoom, L87, M|272/272\n|switch|p2a: Arceus|Arceus-Rock, L74|300/300\n|turn|1\n|inactive|Battle timer is ON: inactive players will automatically lose when time's up. (requested by DuelKNinja)\n|\n|t:|1781416778\n|move|p2a: Arceus|Judgment|p1a: Houndoom\n|-supereffective|p1a: Houndoom\n|-damage|p1a: Houndoom|24/272\n|move|p1a: Houndoom|Dark Pulse|p2a: Arceus\n|-damage|p2a: Arceus|216/300\n|\n|upkeep\n|turn|2\n|\n|t:|1781416787\n|move|p1a: Houndoom|Sucker Punch||[still]\n|-fail|p1a: Houndoom\n|move|p2a: Arceus|Calm Mind|p2a: Arceus\n|-boost|p2a: Arceus|spa|1\n|-boost|p2a: Arceus|spd|1\n|\n|upkeep\n|turn|3\n|\n|t:|1781416793\n|move|p1a: Houndoom|Sucker Punch||[still]\n|-fail|p1a: Houndoom\n|move|p2a: Arceus|Calm Mind|p2a: Arceus\n|-boost|p2a: Arceus|spa|1\n|-boost|p2a: Arceus|spd|1\n|\n|upkeep\n|turn|4\n|\n|t:|1781416800\n|move|p2a: Arceus|Judgment|p1a: Houndoom\n|-supereffective|p1a: Houndoom\n|-damage|p1a: Houndoom|0 fnt\n|faint|p1a: Houndoom\n|\n|upkeep\n|\n|t:|1781416807\n|switch|p1a: Sunflora|Sunflora, M|312/312\n|turn|5\n|\n|t:|1781416816\n|move|p2a: Arceus|Judgment|p1a: Sunflora\n|-damage|p1a: Sunflora|107/312\n|move|p1a: Sunflora|Earth Power|p2a: Arceus\n|-supereffective|p2a: Arceus\n|-damage|p2a: Arceus|86/300\n|\n|upkeep\n|turn|6\n|\n|t:|1781416829\n|switch|p1a: Girafarig|Girafarig, L89, M|269/269\n|move|p2a: Arceus|Judgment|p1a: Girafarig\n|-damage|p1a: Girafarig|89/269\n|\n|upkeep\n|turn|7\n|\n|t:|1781416836\n|move|p2a: Arceus|Recover|p2a: Arceus\n|-heal|p2a: Arceus|236/300\n|move|p1a: Girafarig|Psyshock|p2a: Arceus\n|-damage|p2a: Arceus|163/300\n|\n|upkeep\n|turn|8\n|\n|t:|1781416843\n|move|p2a: Arceus|Recover|p2a: Arceus\n|-heal|p2a: Arceus|300/300\n|move|p1a: Girafarig|Hyper Voice|p2a: Arceus\n|-resisted|p2a: Arceus\n|-damage|p2a: Arceus|277/300\n|\n|upkeep\n|turn|9\n|\n|t:|1781416851\n|move|p2a: Arceus|Judgment|p1a: Girafarig\n|-damage|p1a: Girafarig|0 fnt\n|faint|p1a: Girafarig\n|\n|upkeep\n|\n|t:|1781416855\n|switch|p1a: Sunflora|Sunflora, M|107/312\n|turn|10\n|\n|t:|1781416860\n|move|p2a: Arceus|Judgment|p1a: Sunflora\n|-damage|p1a: Sunflora|0 fnt\n|faint|p1a: Sunflora\n|\n|upkeep\n|\n|t:|1781416868\n|switch|p1a: Ampharos|Ampharos, L88, M|302/302\n|turn|11\n|\n|t:|1781416873\n|move|p2a: Arceus|Earth Power|p1a: Ampharos\n|-supereffective|p1a: Ampharos\n|-damage|p1a: Ampharos|142/302\n|move|p1a: Ampharos|Dragon Tail|p2a: Arceus\n|-damage|p2a: Arceus|244/300\n|drag|p2a: Deoxys|Deoxys, L74|196/196\n|-ability|p2a: Deoxys|Pressure\n|\n|upkeep\n|turn|12\n|\n|t:|1781416884\n|move|p2a: Deoxys|Psycho Boost|p1a: Ampharos\n|-damage|p1a: Ampharos|13/302\n|-unboost|p2a: Deoxys|spa|2\n|-damage|p2a: Deoxys|177/196|[from] item: Life Orb\n|move|p1a: Ampharos|Thunderbolt|p2a: Deoxys\n|-crit|p2a: Deoxys\n|-damage|p2a: Deoxys|0 fnt\n|faint|p2a: Deoxys\n|\n|upkeep\n|\n|t:|1781416889\n|switch|p2a: Arceus|Arceus-Rock, L74|244/300\n|turn|13\n|\n|t:|1781416894\n|move|p2a: Arceus|Earth Power|p1a: Ampharos\n|-supereffective|p1a: Ampharos\n|-damage|p1a: Ampharos|0 fnt\n|faint|p1a: Ampharos\n|\n|upkeep\n|\n|t:|1781416900\n|switch|p1a: Greedent|Greedent, L86, M|347/347\n|turn|14\n|\n|t:|1781416908\n|move|p2a: Arceus|Calm Mind|p2a: Arceus\n|-boost|p2a: Arceus|spa|1\n|-boost|p2a: Arceus|spd|1\n|move|p1a: Greedent|Earthquake|p2a: Arceus\n|-supereffective|p2a: Arceus\n|-damage|p2a: Arceus|122/300\n|\n|upkeep\n|turn|15\n|\n|t:|1781416914\n|move|p2a: Arceus|Recover|p2a: Arceus\n|-heal|p2a: Arceus|272/300\n|move|p1a: Greedent|Earthquake|p2a: Arceus\n|-supereffective|p2a: Arceus\n|-damage|p2a: Arceus|136/300\n|\n|upkeep\n|turn|16\n|\n|t:|1781416920\n|move|p2a: Arceus|Calm Mind|p2a: Arceus\n|-boost|p2a: Arceus|spa|1\n|-boost|p2a: Arceus|spd|1\n|move|p1a: Greedent|Earthquake|p2a: Arceus\n|-supereffective|p2a: Arceus\n|-damage|p2a: Arceus|12/300\n|\n|upkeep\n|turn|17\n|\n|t:|1781416927\n|move|p2a: Arceus|Recover|p2a: Arceus\n|-heal|p2a: Arceus|162/300\n|move|p1a: Greedent|Earthquake|p2a: Arceus\n|-supereffective|p2a: Arceus\n|-damage|p2a: Arceus|26/300\n|\n|upkeep\n|turn|18\n|\n|t:|1781416933\n|move|p2a: Arceus|Recover|p2a: Arceus\n|-heal|p2a: Arceus|176/300\n|move|p1a: Greedent|Earthquake|p2a: Arceus\n|-supereffective|p2a: Arceus\n|-damage|p2a: Arceus|50/300\n|\n|upkeep\n|turn|19\n|\n|t:|1781416940\n|move|p2a: Arceus|Recover|p2a: Arceus\n|-heal|p2a: Arceus|200/300\n|move|p1a: Greedent|Earthquake|p2a: Arceus\n|-supereffective|p2a: Arceus\n|-damage|p2a: Arceus|70/300\n|\n|upkeep\n|turn|20\n|\n|t:|1781416949\n|move|p2a: Arceus|Recover|p2a: Arceus\n|-heal|p2a: Arceus|220/300\n|move|p1a: Greedent|Earthquake|p2a: Arceus\n|-supereffective|p2a: Arceus\n|-damage|p2a: Arceus|82/300\n|\n|upkeep\n|turn|21\n|\n|t:|1781416956\n|move|p2a: Arceus|Earth Power|p1a: Greedent\n|-damage|p1a: Greedent|224/347\n|move|p1a: Greedent|Earthquake|p2a: Arceus\n|-supereffective|p2a: Arceus\n|-damage|p2a: Arceus|0 fnt\n|faint|p2a: Arceus\n|\n|upkeep\n|\n|t:|1781416964\n|switch|p2a: Oricorio|Oricorio, L84, M|263/263\n|turn|22\n|\n|t:|1781416975\n|move|p2a: Oricorio|Quiver Dance|p2a: Oricorio\n|-boost|p2a: Oricorio|spa|1\n|-boost|p2a: Oricorio|spd|1\n|-boost|p2a: Oricorio|spe|1\n|move|p1a: Greedent|Double-Edge|p2a: Oricorio\n|-damage|p2a: Oricorio|106/263\n|-damage|p1a: Greedent|172/347|[from] Recoil\n|-enditem|p1a: Greedent|Sitrus Berry|[eat]\n|-heal|p1a: Greedent|258/347|[from] item: Sitrus Berry\n|-heal|p1a: Greedent|347/347|[from] ability: Cheek Pouch\n|\n|upkeep\n|turn|23\n|\n|t:|1781416990\n|move|p2a: Oricorio|Hurricane|p1a: Greedent\n|-damage|p1a: Greedent|170/347\n|-start|p1a: Greedent|confusion\n|-activate|p1a: Greedent|confusion\n|-damage|p1a: Greedent|143/347|[from] confusion\n|\n|upkeep\n|turn|24\n|\n|t:|1781416999\n|move|p2a: Oricorio|Roost|p2a: Oricorio\n|-heal|p2a: Oricorio|238/263\n|-singleturn|p2a: Oricorio|move: Roost\n|-activate|p1a: Greedent|confusion\n|move|p1a: Greedent|Double-Edge|p2a: Oricorio\n|-damage|p2a: Oricorio|88/263\n|-damage|p1a: Greedent|93/347|[from] Recoil\n|\n|upkeep\n|turn|25\n|\n|t:|1781417007\n|move|p2a: Oricorio|Roost|p2a: Oricorio\n|-heal|p2a: Oricorio|220/263\n|-singleturn|p2a: Oricorio|move: Roost\n|-activate|p1a: Greedent|confusion\n|move|p1a: Greedent|Double-Edge|p2a: Oricorio\n|-damage|p2a: Oricorio|75/263\n|-damage|p1a: Greedent|45/347|[from] Recoil\n|\n|upkeep\n|turn|26\n|\n|t:|1781417015\n|move|p2a: Oricorio|Revelation Dance|p1a: Greedent\n|-damage|p1a: Greedent|0 fnt\n|faint|p1a: Greedent\n|\n|upkeep\n|\n|t:|1781417020\n|switch|p1a: Beartic|Beartic, L91, M|321/321\n|turn|27\n|\n|t:|1781417039\n|move|p1a: Beartic|Aqua Jet|p2a: Oricorio\n|-supereffective|p2a: Oricorio\n|-damage|p2a: Oricorio|0 fnt\n|faint|p2a: Oricorio\n|\n|upkeep\n|\n|t:|1781417043\n|switch|p2a: Volcanion|Volcanion, L79|256/256\n|turn|28\n|\n|t:|1781417052\n|move|p1a: Beartic|Aqua Jet|p2a: Volcanion\n|-immune|p2a: Volcanion|[from] ability: Water Absorb\n|move|p2a: Volcanion|Flamethrower|p1a: Beartic\n|-supereffective|p1a: Beartic\n|-damage|p1a: Beartic|123/321\n|\n|upkeep\n|turn|29\n|\n|t:|1781417064\n|-terastallize|p1a: Beartic|Ground\n|move|p1a: Beartic|Aqua Jet|p2a: Volcanion\n|-immune|p2a: Volcanion|[from] ability: Water Absorb\n|move|p2a: Volcanion|Flamethrower|p1a: Beartic\n|-damage|p1a: Beartic|18/321\n|-status|p1a: Beartic|brn\n|\n|-damage|p1a: Beartic|0 fnt|[from] brn\n|faint|p1a: Beartic\n|\n|win|DuelKNinja\n|raw|TYQSYDGWXNEHJ's rating: 1045 &rarr; <strong>1030</strong><br />(-15 for losing)\n|raw|DuelKNinja's rating: 1080 &rarr; <strong>1105</strong><br />(+25 for winning)\n|l|\u2606DuelKNinja\n|player|p2|\n|j|\u2606DuelKNinja\n|player|p2|DuelKNinja|hiker-gen4|\n|l|\u2606TYQSYDGWXNEHJ\n|player|p1|\n|l|\u2606DuelKNinja\n|player|p2|\n|j|\u2606DuelKNinja\n|player|p2|DuelKNinja|hiker-gen4|\n", "inputlog": ">version a8376a258c1d4662feba110a92103f3664a72141\n>start {\"formatid\":\"gen9randombattle\",\"seed\":\"sodium,9d941cfa9e5534459db1ca2ccc3a206f\",\"rated\":\"Rated battle\"}\n>player p1 {\"name\":\"TYQSYDGWXNEHJ\",\"avatar\":\"2\",\"rating\":1045,\"seed\":\"sodium,71891e94837a53eda98d20ec4105e045\"}\n>player p2 {\"name\":\"DuelKNinja\",\"avatar\":\"hiker-gen4\",\"rating\":1080,\"seed\":\"sodium,e90aae6efb97f52e41c59c08e6807839\"}\n>p1 move darkpulse\n>p2 move judgment\n>p1 move suckerpunch\n>p2 move calmmind\n>p1 move suckerpunch\n>p2 move calmmind\n>p1 move darkpulse\n>p2 move judgment\n>p1 switch 6\n>p1 move earthpower\n>p2 move judgment\n>p1 switch 2\n>p2 move judgment\n>p1 move psyshock\n>p2 move recover\n>p1 move hypervoice\n>p2 move recover\n>p1 move thunderbolt\n>p2 move judgment\n>p1 switch 2\n>p1 move earthpower\n>p2 move judgment\n>p1 switch 3\n>p1 move dragontail\n>p2 move earthpower\n>p1 move thunderbolt\n>p2 move psychoboost\n>p2 switch 6\n>p1 move thunderbolt\n>p2 move earthpower\n>p1 switch 5\n>p1 move earthquake\n>p2 move calmmind\n>p1 move earthquake\n>p2 move recover\n>p1 move earthquake\n>p2 move calmmind\n>p1 move earthquake\n>p2 move recover\n>p1 move earthquake\n>p2 move recover\n>p1 move earthquake\n>p2 move recover\n>p1 move earthquake\n>p2 move recover\n>p1 move earthquake\n>p2 move earthpower\n>p2 switch 5\n>p1 move doubleedge\n>p2 move quiverdance\n>p1 move doubleedge\n>p2 move hurricane\n>p1 move doubleedge\n>p2 move roost\n>p1 move doubleedge\n>p2 move roost\n>p1 move doubleedge\n>p2 move revelationdance\n>p1 switch 4\n>p1 move aquajet\n>p2 move roost\n>p2 switch 2\n>p1 move aquajet\n>p2 move flamethrower\n>p1 move aquajet terastallize\n>p2 move flamethrower", "uploadtime": 1781417098, "views": 5, "formatid": "gen9randombattle", "rating": 1030, "private": 0, "password": null, "player_dets": [{"name": "TYQSYDGWXNEHJ", "avatar": "2", "rating": 1045, "seed": "sodium,71891e94837a53eda98d20ec4105e045"}, {"name": "DuelKNinja", "avatar": "hiker-gen4", "rating": 1080, "seed": "sodium,e90aae6efb97f52e41c59c08e6807839"}], "teams_full": [{"Houndoom": {"name": "Houndoom", "species": "Houndoom", "speciesId": "houndoom", "gender": "M", "shiny": false, "level": 87, "moves": ["nastyplot", "darkpulse", "suckerpunch", "fireblast"], "ability": "Flash Fire", "evs": {"hp": 85, "atk": 85, "def": 85, "spa": 85, "spd": 85, "spe": 85}, "ivs": {"hp": 31, "atk": 31, "def": 31, "spa": 31, "spd": 31, "spe": 31}, "item": "Heavy-Duty Boots", "teraType": "Fire", "role": "Fast Attacker", "bvs": {"hp": 75, "atk": 90, "def": 50, "spa": 110, "spd": 80, "spe": 95}, "stats": {"hp": 272, "atk": 206, "def": 137, "spa": 241, "spd": 189, "spe": 215}, "types": ["Dark", "Fire"]}, "Girafarig": {"name": "Girafarig", "species": "Girafarig", "speciesId": "girafarig", "gender": "M", "shiny": false, "level": 89, "moves": ["hypervoice", "nastyplot", "psyshock", "thunderbolt"], "ability": "Sap Sipper", "evs": {"hp": 85, "atk": 0, "def": 85, "spa": 85, "spd": 85, "spe": 85}, "ivs": {"hp": 31, "atk": 0, "def": 31, "spa": 31, "spd": 31, "spe": 31}, "item": "Eviolite", "teraType": "Electric", "role": "Fast Bulky Setup", "bvs": {"hp": 70, "atk": 80, "def": 65, "spa": 90, "spd": 65, "spe": 85}, "stats": {"hp": 269, "atk": 147, "def": 166, "spa": 211, "spd": 166, "spe": 202}, "types": ["Normal", "Psychic"]}, "Ampharos": {"name": "Ampharos", "species": "Ampharos", "speciesId": "ampharos", "gender": "M", "shiny": false, "level": 88, "moves": ["thunderbolt", "voltswitch", "dragontail", "dazzlinggleam"], "ability": "Static", "evs": {"hp": 85, "atk": 85, "def": 85, "spa": 85, "spd": 85, "spe": 85}, "ivs": {"hp": 31, "atk": 31, "def": 31, "spa": 31, "spd": 31, "spe": 31}, "item": "Assault Vest", "teraType": "Fairy", "role": "AV Pivot", "bvs": {"hp": 90, "atk": 75, "def": 85, "spa": 115, "spd": 90, "spe": 55}, "stats": {"hp": 302, "atk": 182, "def": 200, "spa": 253, "spd": 209, "spe": 147}, "types": ["Electric"]}, "Beartic": {"name": "Beartic", "species": "Beartic", "speciesId": "beartic", "gender": "M", "shiny": false, "level": 91, "moves": ["aquajet", "earthquake", "iciclecrash", "closecombat"], "ability": "Swift Swim", "evs": {"hp": 85, "atk": 85, "def": 85, "spa": 85, "spd": 85, "spe": 85}, "ivs": {"hp": 31, "atk": 31, "def": 31, "spa": 31, "spd": 31, "spe": 31}, "item": "Choice Band", "teraType": "Ground", "role": "Wallbreaker", "bvs": {"hp": 95, "atk": 130, "def": 80, "spa": 70, "spd": 80, "spe": 50}, "stats": {"hp": 321, "atk": 288, "def": 197, "spa": 179, "spd": 197, "spe": 143}, "types": ["Ice"]}, "Greedent": {"name": "Greedent", "species": "Greedent", "speciesId": "greedent", "gender": "M", "shiny": false, "level": 86, "moves": ["doubleedge", "knockoff", "swordsdance", "earthquake"], "ability": "Cheek Pouch", "evs": {"hp": 85, "atk": 85, "def": 85, "spa": 85, "spd": 85, "spe": 85}, "ivs": {"hp": 31, "atk": 31, "def": 31, "spa": 31, "spd": 31, "spe": 31}, "item": "Sitrus Berry", "teraType": "Ground", "role": "Bulky Setup", "bvs": {"hp": 120, "atk": 95, "def": 95, "spa": 55, "spd": 75, "spe": 20}, "stats": {"hp": 347, "atk": 213, "def": 213, "spa": 144, "spd": 178, "spe": 84}, "types": ["Normal"]}, "Sunflora": {"name": "Sunflora", "species": "Sunflora", "speciesId": "sunflora", "gender": "M", "shiny": false, "level": 100, "moves": ["leafstorm", "earthpower", "sludgebomb", "dazzlinggleam"], "ability": "Chlorophyll", "evs": {"hp": 85, "atk": 0, "def": 85, "spa": 85, "spd": 85, "spe": 85}, "ivs": {"hp": 31, "atk": 0, "def": 31, "spa": 31, "spd": 31, "spe": 31}, "item": "Choice Specs", "teraType": "Poison", "role": "Wallbreaker", "bvs": {"hp": 75, "atk": 75, "def": 55, "spa": 105, "spd": 85, "spe": 30}, "stats": {"hp": 312, "atk": 155, "def": 167, "spa": 267, "spd": 227, "spe": 117}, "types": ["Grass"]}}, {"Arceus": {"name": "Arceus", "species": "Arceus-Rock", "speciesId": "arceusrock", "gender": "N", "shiny": false, "level": 74, "moves": ["recover", "earthpower", "calmmind", "judgment"], "ability": "Multitype", "evs": {"hp": 85, "atk": 0, "def": 85, "spa": 85, "spd": 85, "spe": 85}, "ivs": {"hp": 31, "atk": 0, "def": 31, "spa": 31, "spd": 31, "spe": 31}, "item": "Stone Plate", "teraType": "Ground", "role": "Bulky Setup", "bvs": {"hp": 120, "atk": 120, "def": 120, "spa": 120, "spd": 120, "spe": 120}, "stats": {"hp": 300, "atk": 182, "def": 221, "spa": 221, "spd": 221, "spe": 221}, "types": ["Rock"]}, "Volcanion": {"name": "Volcanion", "species": "Volcanion", "speciesId": "volcanion", "gender": "N", "shiny": false, "level": 79, "moves": ["flamethrower", "steameruption", "earthpower", "haze"], "ability": "Water Absorb", "evs": {"hp": 85, "atk": 0, "def": 85, "spa": 85, "spd": 85, "spe": 85}, "ivs": {"hp": 31, "atk": 0, "def": 31, "spa": 31, "spd": 31, "spe": 31}, "item": "Heavy-Duty Boots", "teraType": "Water", "role": "Bulky Attacker", "bvs": {"hp": 80, "atk": 110, "def": 120, "spa": 130, "spd": 90, "spe": 70}, "stats": {"hp": 256, "atk": 178, "def": 235, "spa": 251, "spd": 188, "spe": 156}, "types": ["Fire", "Water"]}, "Regice": {"name": "Regice", "species": "Regice", "speciesId": "regice", "gender": "N", "shiny": false, "level": 88, "moves": ["icebeam", "bodypress", "thunderwave", "thunderbolt"], "ability": "Clear Body", "evs": {"hp": 85, "atk": 0, "def": 85, "spa": 85, "spd": 85, "spe": 85}, "ivs": {"hp": 31, "atk": 0, "def": 31, "spa": 31, "spd": 31, "spe": 31}, "item": "Heavy-Duty Boots", "teraType": "Electric", "role": "Bulky Attacker", "bvs": {"hp": 80, "atk": 50, "def": 100, "spa": 100, "spd": 200, "spe": 50}, "stats": {"hp": 284, "atk": 93, "def": 226, "spa": 226, "spd": 402, "spe": 138}, "types": ["Ice"]}, "Blastoise": {"name": "Blastoise", "species": "Blastoise", "speciesId": "blastoise", "gender": "F", "shiny": false, "level": 80, "moves": ["terablast", "icebeam", "hydropump", "shellsmash"], "ability": "Torrent", "evs": {"hp": 85, "atk": 0, "def": 85, "spa": 85, "spd": 85, "spe": 85}, "ivs": {"hp": 31, "atk": 0, "def": 31, "spa": 31, "spd": 31, "spe": 31}, "item": "White Herb", "teraType": "Grass", "role": "Tera Blast user", "bvs": {"hp": 79, "atk": 83, "def": 100, "spa": 85, "spd": 105, "spe": 78}, "stats": {"hp": 258, "atk": 137, "def": 206, "spa": 182, "spd": 214, "spe": 171}, "types": ["Water"]}, "Oricorio": {"name": "Oricorio", "species": "Oricorio", "speciesId": "oricorio", "gender": "M", "shiny": false, "level": 84, "moves": ["quiverdance", "hurricane", "roost", "revelationdance"], "ability": "Dancer", "evs": {"hp": 85, "atk": 0, "def": 85, "spa": 85, "spd": 85, "spe": 85}, "ivs": {"hp": 31, "atk": 0, "def": 31, "spa": 31, "spd": 31, "spe": 31}, "item": "Heavy-Duty Boots", "teraType": "Ground", "role": "Setup Sweeper", "bvs": {"hp": 75, "atk": 70, "def": 70, "spa": 98, "spd": 70, "spe": 93}, "stats": {"hp": 263, "atk": 122, "def": 166, "spa": 213, "spd": 166, "spe": 204}, "types": ["Fire", "Flying"]}, "Deoxys": {"name": "Deoxys", "species": "Deoxys", "speciesId": "deoxys", "gender": "N", "shiny": false, "level": 74, "moves": ["superpower", "icebeam", "knockoff", "psychoboost"], "ability": "Pressure", "evs": {"hp": 85, "atk": 85, "def": 85, "spa": 85, "spd": 85, "spe": 85}, "ivs": {"hp": 31, "atk": 31, "def": 31, "spa": 31, "spd": 31, "spe": 31}, "item": "Life Orb", "teraType": "Psychic", "role": "Wallbreaker", "bvs": {"hp": 50, "atk": 150, "def": 50, "spa": 150, "spd": 50, "spe": 150}, "stats": {"hp": 196, "atk": 265, "def": 117, "spa": 265, "spd": 117, "spe": 265}, "types": ["Psychic"]}}]}