{"id": "gen9randombattle-2631821196", "format": "[Gen 9] Random Battle", "players": ["devamm", "kainotaguy"], "log": "|j|\u2606devamm\n|j|\u203dkainotaguy\n|t:|1781444410\n|gametype|singles\n|player|p1|devamm|169|1080\n|player|p2|kainotaguy|iris-gen5bw2|1130\n|gen|9\n|tier|[Gen 9] Random Battle\n|rated|\n|rule|Species Clause: Limit one of each Pok\u00e9mon\n|rule|HP Percentage Mod: HP is shown in percentages\n|rule|Sleep Clause Mod: Limit one foe put to sleep\n|rule|Illusion Level Mod: Illusion disguises the Pok\u00e9mon's true level\n|\n|t:|1781444410\n|teamsize|p1|6\n|teamsize|p2|6\n|start\n|switch|p1a: Hatterene|Hatterene, L85, F|236/236\n|switch|p2a: Bellossom|Bellossom, L84, M|263/263\n|turn|1\n|inactive|Battle timer is ON: inactive players will automatically lose when time's up. (requested by kainotaguy)\n|\n|t:|1781444426\n|switch|p2a: Drifblim|Drifblim, L86, M|398/398\n|move|p1a: Hatterene|Mystical Fire|p2a: Drifblim\n|-damage|p2a: Drifblim|305/398\n|-unboost|p2a: Drifblim|spa|1\n|\n|upkeep\n|turn|2\n|\n|t:|1781444444\n|-terastallize|p1a: Hatterene|Fairy\n|move|p2a: Drifblim|Shadow Ball|p1a: Hatterene\n|-damage|p1a: Hatterene|191/236\n|move|p1a: Hatterene|Draining Kiss|p2a: Drifblim\n|-damage|p2a: Drifblim|137/398\n|-heal|p1a: Hatterene|236/236|[from] drain|[of] p2a: Drifblim\n|\n|upkeep\n|turn|3\n|\n|t:|1781444463\n|move|p2a: Drifblim|Shadow Ball|p1a: Hatterene\n|-damage|p1a: Hatterene|185/236\n|-unboost|p1a: Hatterene|spd|1\n|move|p1a: Hatterene|Draining Kiss|p2a: Drifblim\n|-damage|p2a: Drifblim|0 fnt\n|-heal|p1a: Hatterene|236/236|[from] drain|[of] p2a: Drifblim\n|-damage|p1a: Hatterene|177/236|[from] ability: Aftermath|[of] p2a: Drifblim\n|faint|p2a: Drifblim\n|\n|-heal|p1a: Hatterene|191/236|[from] item: Leftovers\n|upkeep\n|\n|t:|1781444472\n|switch|p2a: Reuniclus|Reuniclus, L88, F|337/337\n|turn|4\n|\n|t:|1781444486\n|move|p2a: Reuniclus|Calm Mind|p2a: Reuniclus\n|-boost|p2a: Reuniclus|spa|1\n|-boost|p2a: Reuniclus|spd|1\n|move|p1a: Hatterene|Draining Kiss|p2a: Reuniclus\n|-damage|p2a: Reuniclus|265/337\n|-heal|p1a: Hatterene|236/236|[from] drain|[of] p2a: Reuniclus\n|\n|upkeep\n|turn|5\n|\n|t:|1781444493\n|move|p2a: Reuniclus|Calm Mind|p2a: Reuniclus\n|-boost|p2a: Reuniclus|spa|1\n|-boost|p2a: Reuniclus|spd|1\n|move|p1a: Hatterene|Psychic|p2a: Reuniclus\n|-resisted|p2a: Reuniclus\n|-damage|p2a: Reuniclus|232/337\n|\n|upkeep\n|turn|6\n|\n|t:|1781444502\n|move|p2a: Reuniclus|Calm Mind|p2a: Reuniclus\n|-boost|p2a: Reuniclus|spa|1\n|-boost|p2a: Reuniclus|spd|1\n|move|p1a: Hatterene|Calm Mind|p1a: Hatterene\n|-boost|p1a: Hatterene|spa|1\n|-boost|p1a: Hatterene|spd|1\n|\n|upkeep\n|turn|7\n|\n|t:|1781444510\n|move|p2a: Reuniclus|Psychic|p1a: Hatterene\n|-damage|p1a: Hatterene|0 fnt\n|faint|p1a: Hatterene\n|\n|upkeep\n|\n|t:|1781444521\n|switch|p1a: Iron Jugulis|Iron Jugulis, L77|271/271\n|turn|8\n|\n|t:|1781444530\n|-terastallize|p2a: Reuniclus|Steel\n|move|p1a: Iron Jugulis|Dark Pulse|p2a: Reuniclus\n|-damage|p2a: Reuniclus|178/337\n|move|p2a: Reuniclus|Recover|p2a: Reuniclus\n|-heal|p2a: Reuniclus|337/337\n|\n|upkeep\n|turn|9\n|\n|t:|1781444537\n|move|p1a: Iron Jugulis|Dark Pulse|p2a: Reuniclus\n|-damage|p2a: Reuniclus|289/337\n|move|p2a: Reuniclus|Focus Blast|p1a: Iron Jugulis|[miss]\n|-miss|p2a: Reuniclus|p1a: Iron Jugulis\n|\n|upkeep\n|turn|10\n|\n|t:|1781444557\n|move|p1a: Iron Jugulis|Dark Pulse|p2a: Reuniclus\n|-damage|p2a: Reuniclus|237/337\n|move|p2a: Reuniclus|Calm Mind|p2a: Reuniclus\n|-boost|p2a: Reuniclus|spa|1\n|-boost|p2a: Reuniclus|spd|1\n|\n|upkeep\n|turn|11\n|\n|t:|1781444565\n|-end|p1a: Iron Jugulis|Quark Drive|[silent]\n|switch|p1a: Kommo-o|Kommo-o, L78, F|245/245\n|move|p2a: Reuniclus|Focus Blast|p1a: Kommo-o\n|-damage|p1a: Kommo-o|0 fnt\n|faint|p1a: Kommo-o\n|\n|upkeep\n|\n|t:|1781444574\n|switch|p1a: Iron Jugulis|Iron Jugulis, L77|271/271\n|turn|12\n|\n|t:|1781444587\n|move|p1a: Iron Jugulis|Fire Blast|p2a: Reuniclus|[miss]\n|-miss|p1a: Iron Jugulis|p2a: Reuniclus\n|move|p2a: Reuniclus|Focus Blast|p1a: Iron Jugulis\n|-damage|p1a: Iron Jugulis|0 fnt\n|faint|p1a: Iron Jugulis\n|-end|p1a: Iron Jugulis|Quark Drive|[silent]\n|\n|upkeep\n|\n|t:|1781444597\n|switch|p1a: Iron Thorns|Iron Thorns, L83|302/302\n|-item|p1a: Iron Thorns|Air Balloon\n|turn|13\n|\n|t:|1781444602\n|move|p1a: Iron Thorns|Wild Charge|p2a: Reuniclus\n|-damage|p2a: Reuniclus|104/337\n|-damage|p1a: Iron Thorns|269/302|[from] Recoil\n|move|p2a: Reuniclus|Focus Blast|p1a: Iron Thorns|[miss]\n|-miss|p2a: Reuniclus|p1a: Iron Thorns\n|\n|upkeep\n|turn|14\n|\n|t:|1781444609\n|move|p1a: Iron Thorns|Wild Charge|p2a: Reuniclus\n|-damage|p2a: Reuniclus|0 fnt\n|faint|p2a: Reuniclus\n|-damage|p1a: Iron Thorns|243/302|[from] Recoil\n|\n|upkeep\n|\n|t:|1781444616\n|switch|p2a: Bellossom|Bellossom, L84, M|263/263\n|turn|15\n|\n|t:|1781444628\n|move|p1a: Iron Thorns|Earthquake|p2a: Bellossom\n|-resisted|p2a: Bellossom\n|-damage|p2a: Bellossom|223/263\n|move|p2a: Bellossom|Quiver Dance|p2a: Bellossom\n|-boost|p2a: Bellossom|spa|1\n|-boost|p2a: Bellossom|spd|1\n|-boost|p2a: Bellossom|spe|1\n|\n|-heal|p2a: Bellossom|239/263|[from] item: Leftovers\n|upkeep\n|turn|16\n|\n|t:|1781444640\n|move|p2a: Bellossom|Quiver Dance|p2a: Bellossom\n|-boost|p2a: Bellossom|spa|1\n|-boost|p2a: Bellossom|spd|1\n|-boost|p2a: Bellossom|spe|1\n|move|p1a: Iron Thorns|Wild Charge|p2a: Bellossom\n|-resisted|p2a: Bellossom\n|-damage|p2a: Bellossom|185/263\n|-damage|p1a: Iron Thorns|229/302|[from] Recoil\n|\n|-heal|p2a: Bellossom|201/263|[from] item: Leftovers\n|upkeep\n|turn|17\n|\n|t:|1781444651\n|move|p2a: Bellossom|Quiver Dance|p2a: Bellossom\n|-boost|p2a: Bellossom|spa|1\n|-boost|p2a: Bellossom|spd|1\n|-boost|p2a: Bellossom|spe|1\n|move|p1a: Iron Thorns|Stealth Rock|p2a: Bellossom\n|-sidestart|p2: kainotaguy|move: Stealth Rock\n|\n|-heal|p2a: Bellossom|217/263|[from] item: Leftovers\n|upkeep\n|turn|18\n|\n|t:|1781444659\n|move|p2a: Bellossom|Quiver Dance|p2a: Bellossom\n|-boost|p2a: Bellossom|spa|1\n|-boost|p2a: Bellossom|spd|1\n|-boost|p2a: Bellossom|spe|1\n|move|p1a: Iron Thorns|Stone Edge|p2a: Bellossom\n|-damage|p2a: Bellossom|99/263\n|\n|-heal|p2a: Bellossom|115/263|[from] item: Leftovers\n|upkeep\n|turn|19\n|\n|t:|1781444667\n|move|p2a: Bellossom|Giga Drain|p1a: Iron Thorns\n|-supereffective|p1a: Iron Thorns\n|-damage|p1a: Iron Thorns|0 fnt\n|-heal|p2a: Bellossom|230/263|[from] drain|[of] p1a: Iron Thorns\n|-enditem|p1a: Iron Thorns|Air Balloon\n|faint|p1a: Iron Thorns\n|-end|p1a: Iron Thorns|Quark Drive|[silent]\n|\n|-heal|p2a: Bellossom|246/263|[from] item: Leftovers\n|upkeep\n|\n|t:|1781444677\n|switch|p1a: Clawitzer|Clawitzer, L87, F|265/265\n|turn|20\n|\n|t:|1781444681\n|move|p2a: Bellossom|Giga Drain|p1a: Clawitzer\n|-supereffective|p1a: Clawitzer\n|-damage|p1a: Clawitzer|0 fnt\n|-heal|p2a: Bellossom|263/263|[from] drain|[of] p1a: Clawitzer\n|faint|p1a: Clawitzer\n|\n|upkeep\n|\n|t:|1781444694\n|switch|p1a: Azumarill|Azumarill, L82, F|298/298\n|turn|21\n|\n|t:|1781444699\n|move|p2a: Bellossom|Giga Drain|p1a: Azumarill\n|-supereffective|p1a: Azumarill\n|-damage|p1a: Azumarill|0 fnt\n|faint|p1a: Azumarill\n|\n|win|kainotaguy\n|raw|devamm's rating: 1080 &rarr; <strong>1061</strong><br />(-19 for losing)\n|raw|kainotaguy's rating: 1130 &rarr; <strong>1151</strong><br />(+21 for winning)\n", "inputlog": ">version a8376a258c1d4662feba110a92103f3664a72141\n>start {\"formatid\":\"gen9randombattle\",\"seed\":\"sodium,80cadaf9b587844e704e4717fc168fc6\",\"rated\":\"Rated battle\"}\n>player p1 {\"name\":\"devamm\",\"avatar\":\"169\",\"rating\":1080,\"seed\":\"sodium,56f6e20f62e7a3b8810962512bdcbf3e\"}\n>player p2 {\"name\":\"kainotaguy\",\"avatar\":\"iris-gen5bw2\",\"rating\":1130,\"seed\":\"sodium,e850378bd18cf38be4d7557bae75b9c1\"}\n>p1 move mysticalfire\n>p2 switch 2\n>p1 move drainingkiss terastallize\n>p2 move shadowball\n>p1 move drainingkiss\n>p2 move shadowball\n>p2 switch 4\n>p1 move drainingkiss\n>p2 move calmmind\n>p1 move psychic\n>p2 move calmmind\n>p1 move calmmind\n>p2 move calmmind\n>p1 move calmmind\n>p2 move psychic\n>p1 switch 6\n>p1 move darkpulse\n>p2 move recover terastallize\n>p1 move darkpulse\n>p2 move focusblast\n>p1 move darkpulse\n>p2 move calmmind\n>p1 switch 3\n>p2 move focusblast\n>p1 switch 3\n>p1 move fireblast\n>p2 move focusblast\n>p1 switch 2\n>p1 move wildcharge\n>p2 move focusblast\n>p1 move wildcharge\n>p2 move recover\n>p2 switch 2\n>p1 move earthquake\n>p2 move quiverdance\n>p1 move wildcharge\n>p2 move quiverdance\n>p1 move stealthrock\n>p2 move quiverdance\n>p1 move stoneedge\n>p2 move quiverdance\n>p1 move stoneedge\n>p2 move gigadrain\n>p1 switch 5\n>p1 move aurasphere\n>p2 move gigadrain\n>p1 switch 4\n>p1 move superpower\n>p2 move gigadrain", "uploadtime": 1781444701, "views": 7, "formatid": "gen9randombattle", "rating": 1061, "private": 0, "password": null, "player_dets": [{"name": "devamm", "avatar": "169", "rating": 1080, "seed": "sodium,56f6e20f62e7a3b8810962512bdcbf3e"}, {"name": "kainotaguy", "avatar": "iris-gen5bw2", "rating": 1130, "seed": "sodium,e850378bd18cf38be4d7557bae75b9c1"}], "teams_full": [{"Hatterene": {"name": "Hatterene", "species": "Hatterene", "speciesId": "hatterene", "gender": "F", "shiny": false, "level": 85, "moves": ["drainingkiss", "psychic", "mysticalfire", "calmmind"], "ability": "Magic Bounce", "evs": {"hp": 85, "atk": 0, "def": 85, "spa": 85, "spd": 85, "spe": 85}, "ivs": {"hp": 31, "atk": 0, "def": 31, "spa": 31, "spd": 31, "spe": 31}, "item": "Leftovers", "teraType": "Fairy", "role": "Bulky Setup", "bvs": {"hp": 57, "atk": 90, "def": 95, "spa": 136, "spd": 103, "spe": 29}, "stats": {"hp": 236, "atk": 158, "def": 210, "spa": 280, "spd": 224, "spe": 98}, "types": ["Psychic", "Fairy"]}, "Iron Thorns": {"name": "Iron Thorns", "species": "Iron Thorns", "speciesId": "ironthorns", "gender": "N", "shiny": false, "level": 83, "moves": ["wildcharge", "stealthrock", "stoneedge", "earthquake"], "ability": "Quark Drive", "evs": {"hp": 85, "atk": 85, "def": 85, "spa": 85, "spd": 85, "spe": 85}, "ivs": {"hp": 31, "atk": 31, "def": 31, "spa": 31, "spd": 31, "spe": 31}, "item": "Air Balloon", "teraType": "Water", "role": "Fast Support", "bvs": {"hp": 100, "atk": 134, "def": 110, "spa": 70, "spd": 84, "spe": 72}, "stats": {"hp": 302, "atk": 270, "def": 230, "spa": 164, "spd": 187, "spe": 167}, "types": ["Rock", "Electric"]}, "Kommo-o": {"name": "Kommo-o", "species": "Kommo-o", "speciesId": "kommoo", "gender": "F", "shiny": false, "level": 78, "moves": ["clangoroussoul", "boomburst", "drainpunch", "clangingscales"], "ability": "Soundproof", "evs": {"hp": 85, "atk": 85, "def": 85, "spa": 85, "spd": 85, "spe": 85}, "ivs": {"hp": 31, "atk": 31, "def": 31, "spa": 31, "spd": 31, "spe": 31}, "item": "Throat Spray", "teraType": "Normal", "role": "Fast Bulky Setup", "bvs": {"hp": 75, "atk": 110, "def": 125, "spa": 100, "spd": 105, "spe": 85}, "stats": {"hp": 245, "atk": 217, "def": 240, "spa": 201, "spd": 209, "spe": 178}, "types": ["Dragon", "Fighting"]}, "Azumarill": {"name": "Azumarill", "species": "Azumarill", "speciesId": "azumarill", "gender": "F", "shiny": false, "level": 82, "moves": ["playrough", "aquajet", "superpower", "liquidation"], "ability": "Huge Power", "evs": {"hp": 85, "atk": 85, "def": 85, "spa": 85, "spd": 85, "spe": 85}, "ivs": {"hp": 31, "atk": 31, "def": 31, "spa": 31, "spd": 31, "spe": 31}, "item": "Choice Band", "teraType": "Water", "role": "Bulky Attacker", "bvs": {"hp": 100, "atk": 50, "def": 80, "spa": 60, "spd": 80, "spe": 50}, "stats": {"hp": 298, "atk": 129, "def": 178, "spa": 146, "spd": 178, "spe": 129}, "types": ["Water", "Fairy"]}, "Clawitzer": {"name": "Clawitzer", "species": "Clawitzer", "speciesId": "clawitzer", "gender": "F", "shiny": false, "level": 87, "moves": ["uturn", "waterpulse", "dragonpulse", "aurasphere"], "ability": "Mega Launcher", "evs": {"hp": 85, "atk": 85, "def": 85, "spa": 85, "spd": 85, "spe": 85}, "ivs": {"hp": 31, "atk": 31, "def": 31, "spa": 31, "spd": 31, "spe": 31}, "item": "Assault Vest", "teraType": "Dragon", "role": "AV Pivot", "bvs": {"hp": 71, "atk": 73, "def": 88, "spa": 120, "spd": 89, "spe": 59}, "stats": {"hp": 265, "atk": 177, "def": 203, "spa": 259, "spd": 205, "spe": 152}, "types": ["Water"]}, "Iron Jugulis": {"name": "Iron Jugulis", "species": "Iron Jugulis", "speciesId": "ironjugulis", "gender": "N", "shiny": false, "level": 77, "moves": ["darkpulse", "hurricane", "fireblast", "earthpower"], "ability": "Quark Drive", "evs": {"hp": 85, "atk": 0, "def": 85, "spa": 85, "spd": 85, "spe": 85}, "ivs": {"hp": 31, "atk": 0, "def": 31, "spa": 31, "spd": 31, "spe": 31}, "item": "Choice Specs", "teraType": "Dark", "role": "Wallbreaker", "bvs": {"hp": 94, "atk": 80, "def": 86, "spa": 122, "spd": 80, "spe": 108}, "stats": {"hp": 271, "atk": 128, "def": 177, "spa": 232, "spd": 168, "spe": 211}, "types": ["Dark", "Flying"]}}, {"Bellossom": {"name": "Bellossom", "species": "Bellossom", "speciesId": "bellossom", "gender": "M", "shiny": false, "level": 84, "moves": ["terablast", "quiverdance", "strengthsap", "gigadrain"], "ability": "Chlorophyll", "evs": {"hp": 85, "atk": 0, "def": 85, "spa": 85, "spd": 85, "spe": 85}, "ivs": {"hp": 31, "atk": 0, "def": 31, "spa": 31, "spd": 31, "spe": 31}, "item": "Leftovers", "teraType": "Fire", "role": "Tera Blast user", "bvs": {"hp": 75, "atk": 80, "def": 95, "spa": 90, "spd": 100, "spe": 50}, "stats": {"hp": 263, "atk": 139, "def": 208, "spa": 199, "spd": 216, "spe": 132}, "types": ["Grass"]}, "Drifblim": {"name": "Drifblim", "species": "Drifblim", "speciesId": "drifblim", "gender": "M", "shiny": false, "level": 86, "moves": ["strengthsap", "defog", "airslash", "shadowball"], "ability": "Aftermath", "evs": {"hp": 85, "atk": 0, "def": 85, "spa": 85, "spd": 85, "spe": 85}, "ivs": {"hp": 31, "atk": 0, "def": 31, "spa": 31, "spd": 31, "spe": 31}, "item": "Heavy-Duty Boots", "teraType": "Fairy", "role": "Bulky Attacker", "bvs": {"hp": 150, "atk": 80, "def": 44, "spa": 90, "spd": 54, "spe": 80}, "stats": {"hp": 398, "atk": 142, "def": 125, "spa": 204, "spd": 142, "spe": 187}, "types": ["Ghost", "Flying"]}, "Ludicolo": {"name": "Ludicolo", "species": "Ludicolo", "speciesId": "ludicolo", "gender": "F", "shiny": false, "level": 90, "moves": ["gigadrain", "icebeam", "raindance", "hydropump"], "ability": "Swift Swim", "evs": {"hp": 85, "atk": 0, "def": 85, "spa": 85, "spd": 85, "spe": 85}, "ivs": {"hp": 31, "atk": 0, "def": 31, "spa": 31, "spd": 31, "spe": 31}, "item": "Life Orb", "teraType": "Steel", "role": "Setup Sweeper", "bvs": {"hp": 80, "atk": 70, "def": 70, "spa": 90, "spd": 100, "spe": 70}, "stats": {"hp": 290, "atk": 131, "def": 177, "spa": 213, "spd": 231, "spe": 177}, "types": ["Water", "Grass"]}, "Reuniclus": {"name": "Reuniclus", "species": "Reuniclus", "speciesId": "reuniclus", "gender": "F", "shiny": false, "level": 88, "moves": ["focusblast", "psychic", "recover", "calmmind"], "ability": "Magic Guard", "evs": {"hp": 85, "atk": 0, "def": 85, "spa": 85, "spd": 85, "spe": 85}, "ivs": {"hp": 31, "atk": 0, "def": 31, "spa": 31, "spd": 31, "spe": 31}, "item": "Life Orb", "teraType": "Steel", "role": "Bulky Setup", "bvs": {"hp": 110, "atk": 65, "def": 75, "spa": 125, "spd": 85, "spe": 30}, "stats": {"hp": 337, "atk": 119, "def": 182, "spa": 270, "spd": 200, "spe": 103}, "types": ["Psychic"]}, "Ninetales": {"name": "Ninetales", "species": "Ninetales", "speciesId": "ninetales", "gender": "F", "shiny": false, "level": 85, "moves": ["scorchingsands", "fireblast", "nastyplot", "solarbeam"], "ability": "Drought", "evs": {"hp": 85, "atk": 0, "def": 85, "spa": 85, "spd": 85, "spe": 85}, "ivs": {"hp": 31, "atk": 0, "def": 31, "spa": 31, "spd": 31, "spe": 31}, "item": "Heavy-Duty Boots", "teraType": "Fire", "role": "Setup Sweeper", "bvs": {"hp": 73, "atk": 76, "def": 75, "spa": 81, "spd": 100, "spe": 100}, "stats": {"hp": 263, "atk": 134, "def": 176, "spa": 186, "spd": 219, "spe": 219}, "types": ["Fire"]}, "Feraligatr": {"name": "Feraligatr", "species": "Feraligatr", "speciesId": "feraligatr", "gender": "F", "shiny": false, "level": 79, "moves": ["icepunch", "dragondance", "liquidation", "crunch"], "ability": "Sheer Force", "evs": {"hp": 85, "atk": 85, "def": 85, "spa": 85, "spd": 85, "spe": 85}, "ivs": {"hp": 31, "atk": 31, "def": 31, "spa": 31, "spd": 31, "spe": 31}, "item": "Life Orb", "teraType": "Steel", "role": "Fast Bulky Setup", "bvs": {"hp": 85, "atk": 105, "def": 100, "spa": 79, "spd": 83, "spe": 78}, "stats": {"hp": 264, "atk": 211, "def": 204, "spa": 170, "spd": 177, "spe": 169}, "types": ["Water"]}}]}