{"id": "gen9randombattle-2631563953", "format": "[Gen 9] Random Battle", "players": ["probablyloosing", "gpuhijo"], "log": "|j|\u2606probablyloosing\n|j|\u2606gpuhijo\n|t:|1781401906\n|gametype|singles\n|player|p1|probablyloosing|clown|1348\n|player|p2|gpuhijo|101|1339\n|gen|9\n|tier|[Gen 9] Random Battle\n|rated|\n|rule|Species Clause: Limit one of each Pok\u00e9mon\n|rule|HP Percentage Mod: HP is shown in percentages\n|rule|Sleep Clause Mod: Limit one foe put to sleep\n|rule|Illusion Level Mod: Illusion disguises the Pok\u00e9mon's true level\n|\n|t:|1781401906\n|teamsize|p1|6\n|teamsize|p2|6\n|start\n|switch|p1a: Eiscue|Eiscue, L88, M|274/274\n|switch|p2a: Muk|Muk-Alola, L82, F|306/306\n|turn|1\n|\n|t:|1781401921\n|switch|p2a: Noivern|Noivern, L82, F|274/274\n|move|p1a: Eiscue|Belly Drum|p1a: Eiscue\n|-damage|p1a: Eiscue|137/274\n|-setboost|p1a: Eiscue|atk|6|[from] move: Belly Drum\n|-enditem|p1a: Eiscue|Sitrus Berry|[eat]\n|-heal|p1a: Eiscue|205/274|[from] item: Sitrus Berry\n|\n|upkeep\n|turn|2\n|\n|t:|1781401927\n|move|p2a: Noivern|Draco Meteor|p1a: Eiscue\n|-damage|p1a: Eiscue|19/274\n|-unboost|p2a: Noivern|spa|2\n|move|p1a: Eiscue|Ice Spinner|p2a: Noivern\n|-supereffective|p2a: Noivern\n|-damage|p2a: Noivern|0 fnt\n|faint|p2a: Noivern\n|\n|upkeep\n|\n|t:|1781401941\n|switch|p2a: Porygon2|Porygon2, L81|270/270\n|-ability|p2a: Porygon2|Download|boost\n|-boost|p2a: Porygon2|spa|1\n|turn|3\n|\n|t:|1781401944\n|move|p2a: Porygon2|Tera Blast|p1a: Eiscue\n|-damage|p1a: Eiscue|0 fnt\n|faint|p1a: Eiscue\n|\n|upkeep\n|\n|t:|1781401952\n|switch|p1a: Munkidori|Munkidori, L79, M|269/269\n|turn|4\n|\n|t:|1781401957\n|switch|p2a: Muk|Muk-Alola, L82, F|306/306\n|move|p1a: Munkidori|Fake Out|p2a: Muk\n|-damage|p2a: Muk|282/306\n|\n|upkeep\n|turn|5\n|\n|t:|1781401960\n|move|p1a: Munkidori|U-turn|p2a: Muk\n|-damage|p2a: Muk|242/306\n|\n|t:|1781401967\n|switch|p1a: Articuno|Articuno, L86|295/295|[from] U-turn\n|-ability|p1a: Articuno|Pressure\n|move|p2a: Muk|Knock Off|p1a: Articuno\n|-damage|p1a: Articuno|199/295\n|-enditem|p1a: Articuno|Heavy-Duty Boots|[from] move: Knock Off|[of] p2a: Muk\n|\n|upkeep\n|turn|6\n|\n|t:|1781401972\n|switch|p2a: Porygon2|Porygon2, L81|270/270\n|-ability|p2a: Porygon2|Download|boost\n|-boost|p2a: Porygon2|atk|1\n|move|p1a: Articuno|Substitute|p1a: Articuno\n|-start|p1a: Articuno|Substitute\n|-damage|p1a: Articuno|126/295\n|\n|upkeep\n|turn|7\n|\n|t:|1781401984\n|move|p1a: Articuno|Freeze-Dry|p2a: Porygon2\n|-damage|p2a: Porygon2|219/270\n|-status|p2a: Porygon2|frz\n|cant|p2a: Porygon2|frz\n|\n|upkeep\n|turn|8\n|\n|t:|1781401991\n|move|p1a: Articuno|Roost|p1a: Articuno\n|-heal|p1a: Articuno|274/295\n|-singleturn|p1a: Articuno|move: Roost\n|-curestatus|p2a: Porygon2|frz|[msg]\n|move|p2a: Porygon2|Tera Blast|p1a: Articuno\n|-activate|p1a: Articuno|move: Substitute|[damage]\n|\n|upkeep\n|turn|9\n|\n|t:|1781401996\n|move|p1a: Articuno|Freeze-Dry|p2a: Porygon2\n|-damage|p2a: Porygon2|167/270\n|move|p2a: Porygon2|Recover|p2a: Porygon2\n|-heal|p2a: Porygon2|270/270\n|\n|upkeep\n|turn|10\n|\n|t:|1781402013\n|switch|p2a: Sandslash|Sandslash-Alola, L88, F|275/275\n|move|p1a: Articuno|Freeze-Dry|p2a: Sandslash\n|-resisted|p2a: Sandslash\n|-crit|p2a: Sandslash\n|-damage|p2a: Sandslash|252/275\n|\n|upkeep\n|turn|11\n|\n|t:|1781402019\n|move|p1a: Articuno|Freeze-Dry|p2a: Sandslash\n|-resisted|p2a: Sandslash\n|-damage|p2a: Sandslash|237/275\n|move|p2a: Sandslash|Rapid Spin|p1a: Articuno\n|-end|p1a: Articuno|Substitute\n|-boost|p2a: Sandslash|spe|1\n|\n|upkeep\n|turn|12\n|\n|t:|1781402040\n|switch|p1a: Meowstic|Meowstic-F, L89, F|277/277\n|move|p2a: Sandslash|Iron Head|p1a: Meowstic\n|-damage|p1a: Meowstic|181/277\n|\n|upkeep\n|turn|13\n|\n|t:|1781402051\n|move|p2a: Sandslash|Iron Head|p1a: Meowstic\n|-damage|p1a: Meowstic|87/277\n|move|p1a: Meowstic|Dark Pulse|p2a: Sandslash\n|-damage|p2a: Sandslash|173/275\n|-damage|p1a: Meowstic|60/277|[from] item: Life Orb\n|\n|upkeep\n|turn|14\n|\n|t:|1781402056\n|move|p2a: Sandslash|Iron Head|p1a: Meowstic\n|-damage|p1a: Meowstic|0 fnt\n|faint|p1a: Meowstic\n|\n|upkeep\n|\n|t:|1781402060\n|switch|p1a: Greninja|Greninja, L80, M|246/246\n|turn|15\n|\n|t:|1781402070\n|switch|p2a: Porygon2|Porygon2, L81|270/270\n|-ability|p2a: Porygon2|Download|boost\n|-boost|p2a: Porygon2|atk|1\n|move|p1a: Greninja|Hydro Pump|p2a: Porygon2\n|-start|p1a: Greninja|typechange|Water|[from] ability: Protean\n|-damage|p2a: Porygon2|162/270\n|\n|upkeep\n|turn|16\n|\n|t:|1781402086\n|switch|p1a: Munkidori|Munkidori, L79, M|269/269\n|move|p2a: Porygon2|Thunder Wave|p1a: Munkidori\n|-status|p1a: Munkidori|par\n|\n|upkeep\n|turn|17\n|\n|t:|1781402093\n|switch|p2a: Muk|Muk-Alola, L82, F|242/306\n|move|p1a: Munkidori|Fake Out|p2a: Muk\n|-damage|p2a: Muk|219/306\n|\n|upkeep\n|turn|18\n|\n|t:|1781402099\n|move|p2a: Muk|Poison Jab|p1a: Munkidori\n|-resisted|p1a: Munkidori\n|-crit|p1a: Munkidori\n|-damage|p1a: Munkidori|184/269 par\n|cant|p1a: Munkidori|par\n|\n|upkeep\n|turn|19\n|-message|probablyloosing forfeited.\n|\n|win|gpuhijo\n|raw|probablyloosing's rating: 1348 &rarr; <strong>1327</strong><br />(-21 for losing)\n|raw|gpuhijo's rating: 1339 &rarr; <strong>1360</strong><br />(+21 for winning)\n|l|\u2606probablyloosing\n|player|p1|\n|n|\u2606gpuhijo|gpuhijo\n", "inputlog": ">version a8376a258c1d4662feba110a92103f3664a72141\n>start {\"formatid\":\"gen9randombattle\",\"seed\":\"sodium,e3f6b4ad4273ca68f5a98f876b49ae76\",\"rated\":\"Rated battle\"}\n>player p1 {\"name\":\"probablyloosing\",\"avatar\":\"clown\",\"rating\":1348,\"seed\":\"sodium,0e59ac7f3afd8f91f9d3ca5060ad7725\"}\n>player p2 {\"name\":\"gpuhijo\",\"avatar\":\"101\",\"rating\":1339,\"seed\":\"sodium,b8dcd0dca095aa71e794217876e1f69b\"}\n>p1 move bellydrum\n>p2 switch 5\n>p1 move icespinner\n>p2 move dracometeor\n>p2 switch 6\n>p1 move icespinner\n>p2 move terablast\n>p1 switch 3\n>p1 move fakeout\n>p2 switch 5\n>p1 move uturn\n>p2 move knockoff\n>p1 switch 2\n>p1 move substitute\n>p2 switch 5\n>p1 move freezedry\n>p2 move terablast\n>p1 move roost\n>p2 move terablast\n>p1 move freezedry\n>p2 move recover\n>p1 move freezedry\n>p2 switch 4\n>p1 move freezedry\n>p2 move rapidspin\n>p1 switch 4\n>p2 move ironhead\n>p1 move darkpulse\n>p2 move ironhead\n>p1 move darkpulse\n>p2 move ironhead\n>p1 switch 6\n>p1 move hydropump\n>p2 switch 4\n>p1 switch 2\n>p2 move thunderwave\n>p1 move fakeout\n>p2 switch 5\n>p1 move uturn\n>p2 move poisonjab\n>forcelose p1", "uploadtime": 1781402961, "views": 10, "formatid": "gen9randombattle", "rating": 1327, "private": 0, "password": null, "player_dets": [{"name": "probablyloosing", "avatar": "clown", "rating": 1348, "seed": "sodium,0e59ac7f3afd8f91f9d3ca5060ad7725"}, {"name": "gpuhijo", "avatar": "101", "rating": 1339, "seed": "sodium,b8dcd0dca095aa71e794217876e1f69b"}], "teams_full": [{"Eiscue": {"name": "Eiscue", "species": "Eiscue", "speciesId": "eiscue", "gender": "M", "shiny": false, "level": 88, "moves": ["liquidation", "terablast", "icespinner", "bellydrum"], "ability": "Ice Face", "evs": {"hp": 81, "atk": 85, "def": 85, "spa": 85, "spd": 85, "spe": 85}, "ivs": {"hp": 31, "atk": 31, "def": 31, "spa": 31, "spd": 31, "spe": 31}, "item": "Sitrus Berry", "teraType": "Electric", "role": "Tera Blast user", "bvs": {"hp": 75, "atk": 80, "def": 110, "spa": 65, "spd": 90, "spe": 50}, "stats": {"hp": 274, "atk": 191, "def": 244, "spa": 165, "spd": 209, "spe": 138}}, "Articuno": {"name": "Articuno", "species": "Articuno", "speciesId": "articuno", "gender": "N", "shiny": false, "level": 86, "moves": ["substitute", "bravebird", "freezedry", "roost"], "ability": "Pressure", "evs": {"hp": 85, "atk": 85, "def": 85, "spa": 85, "spd": 85, "spe": 85}, "ivs": {"hp": 31, "atk": 31, "def": 31, "spa": 31, "spd": 31, "spe": 31}, "item": "Heavy-Duty Boots", "teraType": "Steel", "role": "Bulky Support", "bvs": {"hp": 90, "atk": 85, "def": 100, "spa": 95, "spd": 125, "spe": 85}, "stats": {"hp": 295, "atk": 195, "def": 221, "spa": 213, "spd": 264, "spe": 195}}, "Munkidori": {"name": "Munkidori", "species": "Munkidori", "speciesId": "munkidori", "gender": "M", "shiny": false, "level": 79, "moves": ["uturn", "psychicnoise", "fakeout", "sludgewave"], "ability": "Toxic Chain", "evs": {"hp": 85, "atk": 85, "def": 85, "spa": 85, "spd": 85, "spe": 85}, "ivs": {"hp": 31, "atk": 31, "def": 31, "spa": 31, "spd": 31, "spe": 31}, "item": "Assault Vest", "teraType": "Dark", "role": "AV Pivot", "bvs": {"hp": 88, "atk": 75, "def": 66, "spa": 130, "spd": 90, "spe": 106}, "stats": {"hp": 269, "atk": 164, "def": 150, "spa": 251, "spd": 188, "spe": 213}}, "Meowstic": {"name": "Meowstic", "species": "Meowstic-F", "speciesId": "meowsticf", "gender": "F", "shiny": false, "level": 89, "moves": ["psychic", "alluringvoice", "darkpulse", "nastyplot"], "ability": "Competitive", "evs": {"hp": 85, "atk": 0, "def": 85, "spa": 85, "spd": 85, "spe": 85}, "ivs": {"hp": 31, "atk": 0, "def": 31, "spa": 31, "spd": 31, "spe": 31}, "item": "Life Orb", "teraType": "Dark", "role": "Setup Sweeper", "bvs": {"hp": 74, "atk": 48, "def": 76, "spa": 83, "spd": 81, "spe": 104}, "stats": {"hp": 277, "atk": 90, "def": 186, "spa": 199, "spd": 195, "spe": 236}}, "Meowscarada": {"name": "Meowscarada", "species": "Meowscarada", "speciesId": "meowscarada", "gender": "M", "shiny": false, "level": 78, "moves": ["flowertrick", "knockoff", "toxicspikes", "uturn"], "ability": "Protean", "evs": {"hp": 85, "atk": 85, "def": 85, "spa": 85, "spd": 85, "spe": 85}, "ivs": {"hp": 31, "atk": 31, "def": 31, "spa": 31, "spd": 31, "spe": 31}, "item": "Heavy-Duty Boots", "teraType": "Dark", "role": "Fast Support", "bvs": {"hp": 76, "atk": 110, "def": 70, "spa": 81, "spd": 70, "spe": 123}, "stats": {"hp": 247, "atk": 217, "def": 154, "spa": 171, "spd": 154, "spe": 237}}, "Greninja": {"name": "Greninja", "species": "Greninja", "speciesId": "greninja", "gender": "M", "shiny": false, "level": 80, "moves": ["icebeam", "hydropump", "uturn", "darkpulse"], "ability": "Protean", "evs": {"hp": 85, "atk": 85, "def": 85, "spa": 85, "spd": 85, "spe": 85}, "ivs": {"hp": 31, "atk": 31, "def": 31, "spa": 31, "spd": 31, "spe": 31}, "item": "Choice Specs", "teraType": "Dark", "role": "Fast Attacker", "bvs": {"hp": 72, "atk": 95, "def": 67, "spa": 103, "spd": 71, "spe": 122}, "stats": {"hp": 246, "atk": 198, "def": 153, "spa": 211, "spd": 160, "spe": 241}}}, {"Muk": {"name": "Muk", "species": "Muk-Alola", "speciesId": "mukalola", "gender": "F", "shiny": false, "level": 82, "moves": ["drainpunch", "knockoff", "shadowsneak", "poisonjab"], "ability": "Poison Touch", "evs": {"hp": 85, "atk": 85, "def": 85, "spa": 85, "spd": 85, "spe": 85}, "ivs": {"hp": 31, "atk": 31, "def": 31, "spa": 31, "spd": 31, "spe": 31}, "item": "Assault Vest", "teraType": "Fighting", "role": "AV Pivot", "bvs": {"hp": 105, "atk": 105, "def": 75, "spa": 65, "spd": 100, "spe": 50}, "stats": {"hp": 306, "atk": 219, "def": 170, "spa": 154, "spd": 211, "spe": 129}}, "Oricorio": {"name": "Oricorio", "species": "Oricorio-Pom-Pom", "speciesId": "oricoriopompom", "gender": "F", "shiny": false, "level": 82, "moves": ["roost", "quiverdance", "revelationdance", "hurricane"], "ability": "Dancer", "evs": {"hp": 85, "atk": 0, "def": 85, "spa": 85, "spd": 85, "spe": 85}, "ivs": {"hp": 31, "atk": 0, "def": 31, "spa": 31, "spd": 31, "spe": 31}, "item": "Heavy-Duty Boots", "teraType": "Ground", "role": "Setup Sweeper", "bvs": {"hp": 75, "atk": 70, "def": 70, "spa": 98, "spd": 70, "spe": 93}, "stats": {"hp": 257, "atk": 119, "def": 162, "spa": 208, "spd": 162, "spe": 200}}, "Walking Wake": {"name": "Walking Wake", "species": "Walking Wake", "speciesId": "walkingwake", "gender": "N", "shiny": false, "level": 79, "moves": ["hydropump", "dracometeor", "flamethrower", "flipturn"], "ability": "Protosynthesis", "evs": {"hp": 85, "atk": 85, "def": 85, "spa": 85, "spd": 85, "spe": 85}, "ivs": {"hp": 31, "atk": 31, "def": 31, "spa": 31, "spd": 31, "spe": 31}, "item": "Choice Specs", "teraType": "Fire", "role": "Wallbreaker", "bvs": {"hp": 99, "atk": 83, "def": 91, "spa": 125, "spd": 83, "spe": 109}, "stats": {"hp": 286, "atk": 177, "def": 189, "spa": 243, "spd": 177, "spe": 218}}, "Sandslash": {"name": "Sandslash", "species": "Sandslash-Alola", "speciesId": "sandslashalola", "gender": "F", "shiny": false, "level": 88, "moves": ["ironhead", "tripleaxel", "knockoff", "rapidspin"], "ability": "Slush Rush", "evs": {"hp": 85, "atk": 85, "def": 85, "spa": 85, "spd": 85, "spe": 85}, "ivs": {"hp": 31, "atk": 31, "def": 31, "spa": 31, "spd": 31, "spe": 31}, "item": "Assault Vest", "teraType": "Flying", "role": "Bulky Support", "bvs": {"hp": 75, "atk": 100, "def": 120, "spa": 25, "spd": 65, "spe": 65}, "stats": {"hp": 275, "atk": 226, "def": 261, "spa": 94, "spd": 165, "spe": 165}}, "Noivern": {"name": "Noivern", "species": "Noivern", "speciesId": "noivern", "gender": "F", "shiny": false, "level": 82, "moves": ["hurricane", "dracometeor", "boomburst", "flamethrower"], "ability": "Infiltrator", "evs": {"hp": 85, "atk": 0, "def": 85, "spa": 85, "spd": 85, "spe": 85}, "ivs": {"hp": 31, "atk": 0, "def": 31, "spa": 31, "spd": 31, "spe": 31}, "item": "Choice Specs", "teraType": "Normal", "role": "Fast Attacker", "bvs": {"hp": 85, "atk": 70, "def": 80, "spa": 97, "spd": 80, "spe": 123}, "stats": {"hp": 274, "atk": 119, "def": 178, "spa": 206, "spd": 178, "spe": 249}}, "Porygon2": {"name": "Porygon2", "species": "Porygon2", "speciesId": "porygon2", "gender": "N", "shiny": false, "level": 81, "moves": ["terablast", "shadowball", "thunderwave", "recover"], "ability": "Download", "evs": {"hp": 85, "atk": 85, "def": 85, "spa": 85, "spd": 85, "spe": 85}, "ivs": {"hp": 31, "atk": 31, "def": 31, "spa": 31, "spd": 31, "spe": 31}, "item": "Eviolite", "teraType": "Fairy", "role": "Tera Blast user", "bvs": {"hp": 85, "atk": 80, "def": 90, "spa": 105, "spd": 95, "spe": 60}, "stats": {"hp": 270, "atk": 176, "def": 192, "spa": 217, "spd": 201, "spe": 144}}}]}