{"id": "gen9randombattle-2631737586", "format": "[Gen 9] Random Battle", "players": ["vogabal", "green8Bit"], "log": "|j|\u2606vogabal\n|j|\u2606green8Bit\n|t:|1781431367\n|gametype|singles\n|player|p1|vogabal|169|1947\n|player|p2|green8Bit|102|2031\n|gen|9\n|tier|[Gen 9] Random Battle\n|rated|\n|rule|Species Clause: Limit one of each Pok\u00e9mon\n|rule|HP Percentage Mod: HP is shown in percentages\n|rule|Sleep Clause Mod: Limit one foe put to sleep\n|rule|Illusion Level Mod: Illusion disguises the Pok\u00e9mon's true level\n|\n|t:|1781431367\n|teamsize|p1|6\n|teamsize|p2|6\n|start\n|switch|p1a: Yanmega|Yanmega, L82, F|275/275\n|switch|p2a: Squawkabilly|Squawkabilly-Yellow, L89, M|291/291\n|turn|1\n|\n|t:|1781431389\n|switch|p1a: Braviary|Braviary, L85, M|309/309\n|move|p2a: Squawkabilly|Brave Bird|p1a: Braviary\n|-damage|p1a: Braviary|72/309\n|-damage|p2a: Squawkabilly|213/291|[from] Recoil\n|\n|upkeep\n|turn|2\n|\n|t:|1781431414\n|move|p2a: Squawkabilly|Brave Bird|p1a: Braviary\n|-damage|p1a: Braviary|0 fnt\n|faint|p1a: Braviary\n|-damage|p2a: Squawkabilly|189/291|[from] Recoil\n|\n|upkeep\n|\n|t:|1781431416\n|switch|p1a: Volbeat|Volbeat, L90, M|263/263\n|turn|3\n|\n|t:|1781431426\n|-terastallize|p1a: Volbeat|Steel\n|move|p1a: Volbeat|Thunder Wave|p2a: Squawkabilly\n|-status|p2a: Squawkabilly|par\n|move|p2a: Squawkabilly|Brave Bird|p1a: Volbeat\n|-resisted|p1a: Volbeat\n|-damage|p1a: Volbeat|155/263\n|-damage|p2a: Squawkabilly|153/291 par|[from] Recoil\n|\n|upkeep\n|turn|4\n|\n|t:|1781431436\n|move|p1a: Volbeat|Roost|p1a: Volbeat\n|-heal|p1a: Volbeat|263/263\n|move|p2a: Squawkabilly|Parting Shot|p1a: Volbeat\n|-unboost|p1a: Volbeat|atk|1\n|-unboost|p1a: Volbeat|spa|1\n|\n|t:|1781431461\n|switch|p2a: Swampert|Swampert, L83, F|302/302|[from] Parting Shot\n|\n|upkeep\n|turn|5\n|\n|t:|1781431465\n|switch|p1a: Yanmega|Yanmega, L82, F|275/275\n|move|p2a: Swampert|Stealth Rock|p1a: Yanmega\n|-sidestart|p1: vogabal|move: Stealth Rock\n|\n|upkeep\n|turn|6\n|inactive|Battle timer is ON: inactive players will automatically lose when time's up. (requested by vogabal)\n|\n|t:|1781431512\n|switch|p2a: Arbok|Arbok, L87, F|246/246\n|-ability|p2a: Arbok|Intimidate|boost\n|-unboost|p1a: Yanmega|atk|1\n|move|p1a: Yanmega|Giga Drain|p2a: Arbok\n|-resisted|p2a: Arbok\n|-damage|p2a: Arbok|150/246\n|\n|-heal|p2a: Arbok|165/246|[from] item: Leftovers\n|upkeep\n|turn|7\n|\n|t:|1781431530\n|switch|p1a: Meloetta|Meloetta, L82|298/298\n|-damage|p1a: Meloetta|261/298|[from] Stealth Rock\n|move|p2a: Arbok|Earthquake|p1a: Meloetta\n|-damage|p1a: Meloetta|180/298\n|\n|-heal|p2a: Arbok|180/246|[from] item: Leftovers\n|upkeep\n|turn|8\n|inactive|green8Bit has 120 seconds left.\n|\n|t:|1781431569\n|move|p1a: Meloetta|Relic Song|p2a: Arbok\n|-damage|p2a: Arbok|62/246\n|-formechange|p1a: Meloetta|Meloetta-Pirouette|[msg]\n|-damage|p1a: Meloetta|151/298|[from] item: Life Orb\n|move|p2a: Arbok|Gunk Shot|p1a: Meloetta\n|-damage|p1a: Meloetta|24/298\n|\n|-heal|p2a: Arbok|77/246|[from] item: Leftovers\n|upkeep\n|turn|9\n|-message|vogabal forfeited.\n|\n|win|green8Bit\n|raw|vogabal's rating: 1947 &rarr; <strong>1932</strong><br />(-15 for losing)\n|raw|green8Bit's rating: 2031 &rarr; <strong>2046</strong><br />(+15 for winning)\n", "inputlog": ">version a8376a258c1d4662feba110a92103f3664a72141\n>start {\"formatid\":\"gen9randombattle\",\"seed\":\"sodium,62e842167fc4418291cddaf4d143347d\",\"rated\":\"Rated battle\"}\n>player p1 {\"name\":\"vogabal\",\"avatar\":\"169\",\"rating\":1947,\"seed\":\"sodium,d59344049559c564ff38eb02396b0e11\"}\n>player p2 {\"name\":\"green8Bit\",\"avatar\":\"102\",\"rating\":2031,\"seed\":\"sodium,c7e7b6fb1d8c196bf7fef7b7c6119d73\"}\n>p1 switch 5\n>p2 move bravebird\n>p1 move bravebird\n>p2 move bravebird\n>p1 switch 6\n>p1 move thunderwave terastallize\n>p2 move bravebird\n>p1 move roost\n>p2 move partingshot\n>p2 switch 2\n>p1 switch 5\n>p2 move stealthrock\n>p1 move gigadrain\n>p2 switch 3\n>p1 switch 4\n>p2 move earthquake\n>p1 move relicsong\n>p2 move gunkshot\n>forcelose p1", "uploadtime": 1781431369, "views": 6, "formatid": "gen9randombattle", "rating": 1932, "private": 0, "password": null, "player_dets": [{"name": "vogabal", "avatar": "169", "rating": 1947, "seed": "sodium,d59344049559c564ff38eb02396b0e11"}, {"name": "green8Bit", "avatar": "102", "rating": 2031, "seed": "sodium,c7e7b6fb1d8c196bf7fef7b7c6119d73"}], "teams_full": [{"Yanmega": {"name": "Yanmega", "species": "Yanmega", "speciesId": "yanmega", "gender": "F", "shiny": false, "level": 82, "moves": ["bugbuzz", "airslash", "uturn", "gigadrain"], "ability": "Tinted Lens", "evs": {"hp": 85, "atk": 85, "def": 85, "spa": 85, "spd": 85, "spe": 85}, "ivs": {"hp": 31, "atk": 31, "def": 31, "spa": 31, "spd": 31, "spe": 31}, "item": "Choice Specs", "teraType": "Bug", "role": "Wallbreaker", "bvs": {"hp": 86, "atk": 76, "def": 86, "spa": 116, "spd": 56, "spe": 95}, "stats": {"hp": 275, "atk": 172, "def": 188, "spa": 237, "spd": 139, "spe": 203}}, "Clodsire": {"name": "Clodsire", "species": "Clodsire", "speciesId": "clodsire", "gender": "M", "shiny": false, "level": 81, "moves": ["poisonjab", "recover", "earthquake", "spikes"], "ability": "Water Absorb", "evs": {"hp": 85, "atk": 85, "def": 85, "spa": 85, "spd": 85, "spe": 85}, "ivs": {"hp": 31, "atk": 31, "def": 31, "spa": 31, "spd": 31, "spe": 31}, "item": "Leftovers", "teraType": "Flying", "role": "Bulky Support", "bvs": {"hp": 130, "atk": 75, "def": 60, "spa": 45, "spd": 100, "spe": 20}, "stats": {"hp": 343, "atk": 168, "def": 144, "spa": 120, "spd": 209, "spe": 79}}, "Alcremie": {"name": "Alcremie", "species": "Alcremie-Caramel-Swirl", "speciesId": "alcremie", "gender": "F", "shiny": false, "level": 90, "moves": ["alluringvoice", "recover", "psyshock", "calmmind"], "ability": "Aroma Veil", "evs": {"hp": 85, "atk": 0, "def": 85, "spa": 85, "spd": 85, "spe": 85}, "ivs": {"hp": 31, "atk": 0, "def": 31, "spa": 31, "spd": 31, "spe": 31}, "item": "Leftovers", "teraType": "Poison", "role": "Bulky Setup", "bvs": {"hp": 65, "atk": 60, "def": 75, "spa": 110, "spd": 121, "spe": 64}, "stats": {"hp": 263, "atk": 113, "def": 186, "spa": 249, "spd": 269, "spe": 167}}, "Meloetta": {"name": "Meloetta", "species": "Meloetta", "speciesId": "meloetta", "gender": "N", "shiny": false, "level": 82, "moves": ["tripleaxel", "closecombat", "knockoff", "relicsong"], "ability": "Serene Grace", "evs": {"hp": 85, "atk": 85, "def": 85, "spa": 85, "spd": 85, "spe": 85}, "ivs": {"hp": 31, "atk": 31, "def": 31, "spa": 31, "spd": 31, "spe": 31}, "item": "Life Orb", "teraType": "Fighting", "role": "Wallbreaker", "bvs": {"hp": 100, "atk": 77, "def": 77, "spa": 128, "spd": 128, "spe": 90}, "stats": {"hp": 298, "atk": 173, "def": 173, "spa": 257, "spd": 257, "spe": 195}}, "Braviary": {"name": "Braviary", "species": "Braviary", "speciesId": "braviary", "gender": "M", "shiny": false, "level": 85, "moves": ["bulkup", "bravebird", "closecombat", "roost"], "ability": "Defiant", "evs": {"hp": 85, "atk": 85, "def": 85, "spa": 85, "spd": 85, "spe": 85}, "ivs": {"hp": 31, "atk": 31, "def": 31, "spa": 31, "spd": 31, "spe": 31}, "item": "Heavy-Duty Boots", "teraType": "Fighting", "role": "Fast Bulky Setup", "bvs": {"hp": 100, "atk": 123, "def": 75, "spa": 57, "spd": 75, "spe": 80}, "stats": {"hp": 309, "atk": 258, "def": 176, "spa": 146, "spd": 176, "spe": 185}}, "Volbeat": {"name": "Volbeat", "species": "Volbeat", "speciesId": "volbeat", "gender": "M", "shiny": false, "level": 90, "moves": ["lunge", "roost", "thunderwave", "encore"], "ability": "Prankster", "evs": {"hp": 85, "atk": 85, "def": 85, "spa": 85, "spd": 85, "spe": 85}, "ivs": {"hp": 31, "atk": 31, "def": 31, "spa": 31, "spd": 31, "spe": 31}, "item": "Heavy-Duty Boots", "teraType": "Steel", "role": "Bulky Attacker", "bvs": {"hp": 65, "atk": 73, "def": 75, "spa": 47, "spd": 85, "spe": 85}, "stats": {"hp": 263, "atk": 183, "def": 186, "spa": 136, "spd": 204, "spe": 204}}}, {"Squawkabilly": {"name": "Squawkabilly", "species": "Squawkabilly-Yellow", "speciesId": "squawkabillyyellow", "gender": "M", "shiny": false, "level": 89, "moves": ["partingshot", "bravebird", "doubleedge", "quickattack"], "ability": "Hustle", "evs": {"hp": 85, "atk": 85, "def": 85, "spa": 85, "spd": 85, "spe": 85}, "ivs": {"hp": 31, "atk": 31, "def": 31, "spa": 31, "spd": 31, "spe": 31}, "item": "Heavy-Duty Boots", "teraType": "Normal", "role": "Wallbreaker", "bvs": {"hp": 82, "atk": 96, "def": 51, "spa": 45, "spd": 51, "spe": 92}, "stats": {"hp": 291, "atk": 222, "def": 142, "spa": 131, "spd": 142, "spe": 215}}, "Swampert": {"name": "Swampert", "species": "Swampert", "speciesId": "swampert", "gender": "F", "shiny": false, "level": 83, "moves": ["yawn", "stealthrock", "earthquake", "flipturn"], "ability": "Torrent", "evs": {"hp": 85, "atk": 85, "def": 85, "spa": 85, "spd": 85, "spe": 85}, "ivs": {"hp": 31, "atk": 31, "def": 31, "spa": 31, "spd": 31, "spe": 31}, "item": "Leftovers", "teraType": "Steel", "role": "Bulky Support", "bvs": {"hp": 100, "atk": 110, "def": 90, "spa": 85, "spd": 90, "spe": 60}, "stats": {"hp": 302, "atk": 230, "def": 197, "spa": 189, "spd": 197, "spe": 147}}, "Arbok": {"name": "Arbok", "species": "Arbok", "speciesId": "arbok", "gender": "F", "shiny": false, "level": 87, "moves": ["earthquake", "coil", "suckerpunch", "gunkshot"], "ability": "Intimidate", "evs": {"hp": 85, "atk": 85, "def": 85, "spa": 85, "spd": 85, "spe": 85}, "ivs": {"hp": 31, "atk": 31, "def": 31, "spa": 31, "spd": 31, "spe": 31}, "item": "Leftovers", "teraType": "Dark", "role": "Bulky Attacker", "bvs": {"hp": 60, "atk": 95, "def": 69, "spa": 65, "spd": 79, "spe": 80}, "stats": {"hp": 246, "atk": 215, "def": 170, "spa": 163, "spd": 187, "spe": 189}}, "Cinccino": {"name": "Cinccino", "species": "Cinccino", "speciesId": "cinccino", "gender": "F", "shiny": false, "level": 83, "moves": ["tailslap", "bulletseed", "tidyup", "tripleaxel"], "ability": "Technician", "evs": {"hp": 85, "atk": 85, "def": 85, "spa": 85, "spd": 85, "spe": 85}, "ivs": {"hp": 31, "atk": 31, "def": 31, "spa": 31, "spd": 31, "spe": 31}, "item": "Loaded Dice", "teraType": "Grass", "role": "Fast Attacker", "bvs": {"hp": 75, "atk": 95, "def": 60, "spa": 65, "spd": 60, "spe": 115}, "stats": {"hp": 260, "atk": 205, "def": 147, "spa": 156, "spd": 147, "spe": 239}}, "Toxtricity": {"name": "Toxtricity", "species": "Toxtricity", "speciesId": "toxtricity", "gender": "F", "shiny": false, "level": 82, "moves": ["overdrive", "shiftgear", "gunkshot", "boomburst"], "ability": "Punk Rock", "evs": {"hp": 85, "atk": 85, "def": 85, "spa": 85, "spd": 85, "spe": 85}, "ivs": {"hp": 31, "atk": 31, "def": 31, "spa": 31, "spd": 31, "spe": 31}, "item": "Throat Spray", "teraType": "Normal", "role": "Setup Sweeper", "bvs": {"hp": 75, "atk": 98, "def": 70, "spa": 114, "spd": 70, "spe": 75}, "stats": {"hp": 257, "atk": 208, "def": 162, "spa": 234, "spd": 162, "spe": 170}}, "Keldeo": {"name": "Keldeo", "species": "Keldeo-Resolute", "speciesId": "keldeoresolute", "gender": "N", "shiny": false, "level": 79, "moves": ["secretsword", "vacuumwave", "hydropump", "airslash"], "ability": "Justified", "evs": {"hp": 85, "atk": 0, "def": 85, "spa": 85, "spd": 85, "spe": 85}, "ivs": {"hp": 31, "atk": 0, "def": 31, "spa": 31, "spd": 31, "spe": 31}, "item": "Choice Specs", "teraType": "Water", "role": "Fast Attacker", "bvs": {"hp": 91, "atk": 72, "def": 90, "spa": 129, "spd": 90, "spe": 108}, "stats": {"hp": 273, "atk": 118, "def": 188, "spa": 249, "spd": 188, "spe": 216}}}]}