{"id": "gen9randombattle-2631907017", "format": "[Gen 9] Random Battle", "players": ["KnightsOfNi", "orenado8"], "log": "|j|\u2606KnightsOfNi\n|j|\u2606orenado8\n|t:|1781454310\n|gametype|singles\n|player|p1|KnightsOfNi|plasmagrunt-gen5bw|2263\n|player|p2|orenado8|palmer|2186\n|gen|9\n|tier|[Gen 9] Random Battle\n|rated|\n|rule|Species Clause: Limit one of each Pok\u00e9mon\n|rule|HP Percentage Mod: HP is shown in percentages\n|rule|Sleep Clause Mod: Limit one foe put to sleep\n|rule|Illusion Level Mod: Illusion disguises the Pok\u00e9mon's true level\n|\n|t:|1781454310\n|teamsize|p1|6\n|teamsize|p2|6\n|start\n|switch|p1a: Diancie|Diancie, L82|216/216\n|switch|p2a: Vikavolt|Vikavolt, L83, F|263/263\n|turn|1\n|inactive|Battle timer is ON: inactive players will automatically lose when time's up. (requested by KnightsOfNi)\n|\n|t:|1781454339\n|move|p1a: Diancie|Diamond Storm|p2a: Vikavolt\n|-supereffective|p2a: Vikavolt\n|-damage|p2a: Vikavolt|75/263\n|move|p2a: Vikavolt|Sticky Web|p1a: Diancie\n|-sidestart|p1: KnightsOfNi|move: Sticky Web\n|\n|upkeep\n|turn|2\n|\n|t:|1781454346\n|switch|p2a: Piloswine|Piloswine, L85, M|309/309\n|move|p1a: Diancie|Diamond Storm|p2a: Piloswine|[miss]\n|-miss|p1a: Diancie|p2a: Piloswine\n|\n|upkeep\n|turn|3\n|\n|t:|1781454366\n|move|p2a: Piloswine|Stealth Rock|p1a: Diancie\n|-sidestart|p1: KnightsOfNi|move: Stealth Rock\n|move|p1a: Diancie|Diamond Storm|p2a: Piloswine\n|-damage|p2a: Piloswine|237/309\n|-boost|p1a: Diancie|def|2\n|\n|upkeep\n|turn|4\n|\n|t:|1781454379\n|move|p1a: Diancie|Diamond Storm|p2a: Piloswine\n|-damage|p2a: Piloswine|170/309\n|-boost|p1a: Diancie|def|2\n|move|p2a: Piloswine|Roar|p1a: Diancie\n|drag|p1a: Kyurem|Kyurem-White, L73|303/303\n|-activate|p1a: Kyurem|move: Sticky Web\n|-unboost|p1a: Kyurem|spe|1\n|-damage|p1a: Kyurem|228/303|[from] Stealth Rock\n|-ability|p1a: Kyurem|Turboblaze\n|\n|upkeep\n|turn|5\n|\n|t:|1781454389\n|move|p1a: Kyurem|Draco Meteor|p2a: Piloswine|[miss]\n|-miss|p1a: Kyurem|p2a: Piloswine\n|move|p2a: Piloswine|Roar|p1a: Kyurem\n|drag|p1a: Mienshao|Mienshao, L83, M|244/244\n|-activate|p1a: Mienshao|move: Sticky Web\n|-unboost|p1a: Mienshao|spe|1\n|-damage|p1a: Mienshao|229/244|[from] Stealth Rock\n|\n|upkeep\n|turn|6\n|\n|t:|1781454400\n|switch|p2a: Vikavolt|Vikavolt, L83, F|75/263\n|move|p1a: Mienshao|Close Combat|p2a: Vikavolt\n|-resisted|p2a: Vikavolt\n|-damage|p2a: Vikavolt|0 fnt\n|-unboost|p1a: Mienshao|def|1\n|-unboost|p1a: Mienshao|spd|1\n|faint|p2a: Vikavolt\n|\n|upkeep\n|\n|t:|1781454422\n|switch|p2a: Palafin|Palafin, L77, M|281/281\n|turn|7\n|\n|t:|1781454431\n|move|p2a: Palafin|Flip Turn|p1a: Mienshao\n|-damage|p1a: Mienshao|111/244\n|\n|t:|1781454439\n|detailschange|p2a: Palafin|Palafin-Hero, L77, M\n|switch|p2a: Iron Jugulis|Iron Jugulis, L77|271/271|[from] Flip Turn\n|move|p1a: Mienshao|U-turn|p2a: Iron Jugulis\n|-damage|p2a: Iron Jugulis|204/271\n|\n|t:|1781454446\n|switch|p1a: Excadrill|Excadrill, L79, M|303/303|[from] U-turn\n|-activate|p1a: Excadrill|move: Sticky Web\n|-unboost|p1a: Excadrill|spe|1\n|-damage|p1a: Excadrill|294/303|[from] Stealth Rock\n|-ability|p1a: Excadrill|Mold Breaker\n|\n|-heal|p1a: Excadrill|303/303|[from] item: Leftovers\n|upkeep\n|turn|8\n|\n|t:|1781454459\n|move|p2a: Iron Jugulis|Fire Blast|p1a: Excadrill|[miss]\n|-miss|p2a: Iron Jugulis|p1a: Excadrill\n|move|p1a: Excadrill|Rapid Spin|p2a: Iron Jugulis\n|-damage|p2a: Iron Jugulis|160/271\n|-boost|p1a: Excadrill|spe|1\n|-sideend|p1: KnightsOfNi|Stealth Rock|[from] move: Rapid Spin|[of] p1a: Excadrill\n|-sideend|p1: KnightsOfNi|Sticky Web|[from] move: Rapid Spin|[of] p1a: Excadrill\n|\n|upkeep\n|turn|9\n|\n|t:|1781454465\n|switch|p1a: Diancie|Diancie, L82|216/216\n|move|p2a: Iron Jugulis|Fire Blast|p1a: Diancie\n|-resisted|p1a: Diancie\n|-damage|p1a: Diancie|177/216\n|\n|-heal|p1a: Diancie|190/216|[from] item: Leftovers\n|upkeep\n|turn|10\n|\n|t:|1781454473\n|-end|p2a: Iron Jugulis|Quark Drive|[silent]\n|switch|p2a: Piloswine|Piloswine, L85, M|170/309\n|move|p1a: Diancie|Diamond Storm|p2a: Piloswine|[miss]\n|-miss|p1a: Diancie|p2a: Piloswine\n|\n|-heal|p1a: Diancie|203/216|[from] item: Leftovers\n|upkeep\n|turn|11\n|\n|t:|1781454482\n|move|p2a: Piloswine|Stealth Rock|p1a: Diancie\n|-sidestart|p1: KnightsOfNi|move: Stealth Rock\n|move|p1a: Diancie|Diamond Storm|p2a: Piloswine\n|-damage|p2a: Piloswine|91/309\n|-boost|p1a: Diancie|def|2\n|\n|-heal|p1a: Diancie|216/216|[from] item: Leftovers\n|upkeep\n|turn|12\n|\n|t:|1781454490\n|move|p2a: Piloswine|Earthquake|p1a: Diancie\n|-supereffective|p1a: Diancie\n|-damage|p1a: Diancie|136/216\n|move|p1a: Diancie|Diamond Storm|p2a: Piloswine\n|-damage|p2a: Piloswine|16/309\n|-boost|p1a: Diancie|def|2\n|\n|-heal|p1a: Diancie|149/216|[from] item: Leftovers\n|upkeep\n|turn|13\n|\n|t:|1781454502\n|move|p2a: Piloswine|Earthquake|p1a: Diancie\n|-supereffective|p1a: Diancie\n|-damage|p1a: Diancie|95/216\n|move|p1a: Diancie|Calm Mind|p1a: Diancie\n|-boost|p1a: Diancie|spa|1\n|-boost|p1a: Diancie|spd|1\n|\n|-heal|p1a: Diancie|108/216|[from] item: Leftovers\n|upkeep\n|turn|14\n|\n|t:|1781454510\n|move|p2a: Piloswine|Earthquake|p1a: Diancie\n|-supereffective|p1a: Diancie\n|-damage|p1a: Diancie|60/216\n|move|p1a: Diancie|Draining Kiss|p2a: Piloswine\n|-damage|p2a: Piloswine|0 fnt\n|-heal|p1a: Diancie|72/216|[from] drain|[of] p2a: Piloswine\n|faint|p2a: Piloswine\n|\n|-heal|p1a: Diancie|85/216|[from] item: Leftovers\n|upkeep\n|\n|t:|1781454519\n|switch|p2a: Palafin|Palafin-Hero, L77, M|281/281\n|-activate|p2a: Palafin|ability: Zero to Hero\n|turn|15\n|\n|t:|1781454532\n|-terastallize|p1a: Diancie|Water\n|move|p2a: Palafin|Flip Turn|p1a: Diancie\n|-resisted|p1a: Diancie\n|-damage|p1a: Diancie|71/216\n|\n|t:|1781454548\n|switch|p2a: Snorlax|Snorlax, L82, M|397/397|[from] Flip Turn\n|move|p1a: Diancie|Draining Kiss|p2a: Snorlax\n|-damage|p2a: Snorlax|328/397\n|-heal|p1a: Diancie|123/216|[from] drain|[of] p2a: Snorlax\n|\n|-heal|p1a: Diancie|136/216|[from] item: Leftovers\n|upkeep\n|turn|16\n|\n|t:|1781454556\n|move|p1a: Diancie|Diamond Storm|p2a: Snorlax|[miss]\n|-miss|p1a: Diancie|p2a: Snorlax\n|move|p2a: Snorlax|Curse|p2a: Snorlax\n|-unboost|p2a: Snorlax|spe|1\n|-boost|p2a: Snorlax|atk|1\n|-boost|p2a: Snorlax|def|1\n|\n|-heal|p1a: Diancie|149/216|[from] item: Leftovers\n|upkeep\n|turn|17\n|\n|t:|1781454559\n|move|p1a: Diancie|Calm Mind|p1a: Diancie\n|-boost|p1a: Diancie|spa|1\n|-boost|p1a: Diancie|spd|1\n|move|p2a: Snorlax|Curse|p2a: Snorlax\n|-unboost|p2a: Snorlax|spe|1\n|-boost|p2a: Snorlax|atk|1\n|-boost|p2a: Snorlax|def|1\n|\n|-heal|p1a: Diancie|162/216|[from] item: Leftovers\n|upkeep\n|turn|18\n|\n|t:|1781454566\n|move|p1a: Diancie|Calm Mind|p1a: Diancie\n|-boost|p1a: Diancie|spa|1\n|-boost|p1a: Diancie|spd|1\n|move|p2a: Snorlax|Body Slam|p1a: Diancie\n|-damage|p1a: Diancie|120/216\n|\n|-heal|p1a: Diancie|133/216|[from] item: Leftovers\n|upkeep\n|turn|19\n|\n|t:|1781454572\n|move|p1a: Diancie|Draining Kiss|p2a: Snorlax\n|-damage|p2a: Snorlax|208/397\n|-heal|p1a: Diancie|216/216|[from] drain|[of] p2a: Snorlax\n|move|p2a: Snorlax|Body Slam|p1a: Diancie\n|-damage|p1a: Diancie|176/216\n|-status|p1a: Diancie|par\n|\n|-heal|p1a: Diancie|189/216 par|[from] item: Leftovers\n|upkeep\n|turn|20\n|\n|t:|1781454580\n|move|p1a: Diancie|Draining Kiss|p2a: Snorlax\n|-damage|p2a: Snorlax|94/397\n|-heal|p1a: Diancie|216/216 par|[from] drain|[of] p2a: Snorlax\n|move|p2a: Snorlax|Body Slam|p1a: Diancie\n|-damage|p1a: Diancie|173/216 par\n|\n|-heal|p1a: Diancie|186/216 par|[from] item: Leftovers\n|upkeep\n|turn|21\n|\n|t:|1781454585\n|cant|p1a: Diancie|par\n|move|p2a: Snorlax|Rest|p2a: Snorlax\n|-status|p2a: Snorlax|slp|[from] move: Rest\n|-heal|p2a: Snorlax|397/397 slp|[silent]\n|-enditem|p2a: Snorlax|Chesto Berry|[eat]\n|-curestatus|p2a: Snorlax|slp|[msg]\n|\n|-heal|p1a: Diancie|199/216 par|[from] item: Leftovers\n|upkeep\n|turn|22\n|\n|t:|1781454600\n|cant|p1a: Diancie|par\n|move|p2a: Snorlax|Curse|p2a: Snorlax\n|-unboost|p2a: Snorlax|spe|1\n|-boost|p2a: Snorlax|atk|1\n|-boost|p2a: Snorlax|def|1\n|\n|-heal|p1a: Diancie|212/216 par|[from] item: Leftovers\n|upkeep\n|turn|23\n|\n|t:|1781454602\n|move|p1a: Diancie|Calm Mind|p1a: Diancie\n|-boost|p1a: Diancie|spa|1\n|-boost|p1a: Diancie|spd|1\n|move|p2a: Snorlax|Curse|p2a: Snorlax\n|-unboost|p2a: Snorlax|spe|1\n|-boost|p2a: Snorlax|atk|1\n|-boost|p2a: Snorlax|def|1\n|\n|-heal|p1a: Diancie|216/216 par|[from] item: Leftovers\n|upkeep\n|turn|24\n|\n|t:|1781454605\n|move|p1a: Diancie|Draining Kiss|p2a: Snorlax\n|-damage|p2a: Snorlax|256/397\n|move|p2a: Snorlax|Curse|p2a: Snorlax\n|-unboost|p2a: Snorlax|spe|1\n|-boost|p2a: Snorlax|atk|1\n|-boost|p2a: Snorlax|def|1\n|\n|upkeep\n|turn|25\n|\n|t:|1781454609\n|move|p1a: Diancie|Draining Kiss|p2a: Snorlax\n|-damage|p2a: Snorlax|132/397\n|move|p2a: Snorlax|Body Slam|p1a: Diancie\n|-damage|p1a: Diancie|137/216 par\n|\n|-heal|p1a: Diancie|150/216 par|[from] item: Leftovers\n|upkeep\n|turn|26\n|\n|t:|1781454614\n|move|p1a: Diancie|Draining Kiss|p2a: Snorlax\n|-damage|p2a: Snorlax|2/397\n|-heal|p1a: Diancie|216/216 par|[from] drain|[of] p2a: Snorlax\n|move|p2a: Snorlax|Body Slam|p1a: Diancie\n|-damage|p1a: Diancie|140/216 par\n|\n|-heal|p1a: Diancie|153/216 par|[from] item: Leftovers\n|upkeep\n|turn|27\n|\n|t:|1781454619\n|move|p1a: Diancie|Earth Power|p2a: Snorlax\n|-damage|p2a: Snorlax|0 fnt\n|faint|p2a: Snorlax\n|\n|-heal|p1a: Diancie|166/216 par|[from] item: Leftovers\n|upkeep\n|\n|t:|1781454625\n|switch|p2a: Iron Jugulis|Iron Jugulis, L77|160/271\n|turn|28\n|\n|t:|1781454628\n|move|p2a: Iron Jugulis|Hurricane|p1a: Diancie|[miss]\n|-miss|p2a: Iron Jugulis|p1a: Diancie\n|move|p1a: Diancie|Draining Kiss|p2a: Iron Jugulis\n|-supereffective|p2a: Iron Jugulis\n|-damage|p2a: Iron Jugulis|0 fnt\n|-heal|p1a: Diancie|216/216 par|[from] drain|[of] p2a: Iron Jugulis\n|faint|p2a: Iron Jugulis\n|-end|p2a: Iron Jugulis|Quark Drive|[silent]\n|\n|upkeep\n|\n|t:|1781454629\n|switch|p2a: Houndoom|Houndoom, L87, M|272/272\n|turn|29\n|\n|t:|1781454635\n|move|p2a: Houndoom|Dark Pulse|p1a: Diancie\n|-damage|p1a: Diancie|192/216 par\n|cant|p1a: Diancie|par\n|\n|-heal|p1a: Diancie|205/216 par|[from] item: Leftovers\n|upkeep\n|turn|30\n|\n|t:|1781454637\n|move|p2a: Houndoom|Dark Pulse|p1a: Diancie\n|-damage|p1a: Diancie|183/216 par\n|cant|p1a: Diancie|flinch\n|\n|-heal|p1a: Diancie|196/216 par|[from] item: Leftovers\n|upkeep\n|turn|31\n|\n|t:|1781454639\n|move|p2a: Houndoom|Dark Pulse|p1a: Diancie\n|-damage|p1a: Diancie|175/216 par\n|cant|p1a: Diancie|par\n|\n|-heal|p1a: Diancie|188/216 par|[from] item: Leftovers\n|upkeep\n|turn|32\n|\n|t:|1781454640\n|move|p2a: Houndoom|Dark Pulse|p1a: Diancie\n|-damage|p1a: Diancie|166/216 par\n|cant|p1a: Diancie|par\n|\n|-heal|p1a: Diancie|179/216 par|[from] item: Leftovers\n|upkeep\n|turn|33\n|\n|t:|1781454642\n|move|p2a: Houndoom|Dark Pulse|p1a: Diancie\n|-damage|p1a: Diancie|157/216 par\n|move|p1a: Diancie|Earth Power|p2a: Houndoom\n|-supereffective|p2a: Houndoom\n|-damage|p2a: Houndoom|0 fnt\n|faint|p2a: Houndoom\n|\n|-heal|p1a: Diancie|170/216 par|[from] item: Leftovers\n|upkeep\n|\n|t:|1781454643\n|switch|p2a: Palafin|Palafin-Hero, L77, M|281/281\n|turn|34\n|\n|t:|1781454648\n|-terastallize|p2a: Palafin|Fighting\n|move|p2a: Palafin|Close Combat|p1a: Diancie\n|-damage|p1a: Diancie|113/216 par\n|-unboost|p2a: Palafin|def|1\n|-unboost|p2a: Palafin|spd|1\n|move|p1a: Diancie|Draining Kiss|p2a: Palafin\n|-supereffective|p2a: Palafin\n|-damage|p2a: Palafin|0 fnt\n|-heal|p1a: Diancie|216/216 par|[from] drain|[of] p2a: Palafin\n|faint|p2a: Palafin\n|\n|win|KnightsOfNi\n", "inputlog": ">version a8376a258c1d4662feba110a92103f3664a72141\n>start {\"formatid\":\"gen9randombattle\",\"seed\":\"sodium,1bbdc25e725a644e92c91c489cd3d6bf\",\"rated\":\"Rated battle\"}\n>player p1 {\"name\":\"KnightsOfNi\",\"avatar\":\"plasmagrunt-gen5bw\",\"rating\":2263,\"seed\":\"sodium,14d71ddc79a15c36cf57e3c42bc1846a\"}\n>player p2 {\"name\":\"orenado8\",\"avatar\":\"palmer\",\"rating\":2186,\"seed\":\"sodium,856cf6748ca1a3623a442a96f1944f5a\"}\n>p1 move diamondstorm\n>p2 move stickyweb\n>p1 move diamondstorm\n>p2 switch 4\n>p1 move diamondstorm\n>p2 move stealthrock\n>p1 move diamondstorm\n>p2 move roar\n>p1 move dracometeor\n>p2 move roar\n>p1 move closecombat\n>p2 switch 4\n>p2 switch 6\n>p1 move uturn\n>p2 move flipturn\n>p2 switch 5\n>p1 switch 4\n>p1 move rapidspin\n>p2 move fireblast\n>p1 switch 2\n>p2 move fireblast\n>p1 move diamondstorm\n>p2 switch 4\n>p1 move diamondstorm\n>p2 move stealthrock\n>p1 move diamondstorm\n>p2 move earthquake\n>p1 move calmmind\n>p2 move earthquake\n>p1 move drainingkiss\n>p2 move earthquake\n>p2 switch 5\n>p1 move drainingkiss terastallize\n>p2 move flipturn\n>p2 switch 2\n>p1 move diamondstorm\n>p2 move curse\n>p1 move calmmind\n>p2 move curse\n>p1 move calmmind\n>p2 move bodyslam\n>p1 move drainingkiss\n>p2 move bodyslam\n>p1 move drainingkiss\n>p2 move bodyslam\n>p1 move drainingkiss\n>p2 move rest\n>p1 move calmmind\n>p2 move curse\n>p1 move calmmind\n>p2 move curse\n>p1 move drainingkiss\n>p2 move curse\n>p1 move drainingkiss\n>p2 move bodyslam\n>p1 move drainingkiss\n>p2 move bodyslam\n>p1 move earthpower\n>p2 move rest\n>p2 switch 4\n>p1 move drainingkiss\n>p2 move hurricane\n>p2 switch 3\n>p1 move earthpower\n>p2 move darkpulse\n>p1 move earthpower\n>p2 move darkpulse\n>p1 move earthpower\n>p2 move darkpulse\n>p1 move earthpower\n>p2 move darkpulse\n>p1 move earthpower\n>p2 move darkpulse\n>p2 switch 2\n>p1 move drainingkiss\n>p2 move closecombat terastallize", "uploadtime": 1781454312, "views": 11, "formatid": "gen9randombattle", "rating": null, "private": 0, "password": null, "player_dets": [{"name": "KnightsOfNi", "avatar": "plasmagrunt-gen5bw", "rating": 2263, "seed": "sodium,14d71ddc79a15c36cf57e3c42bc1846a"}, {"name": "orenado8", "avatar": "palmer", "rating": 2186, "seed": "sodium,856cf6748ca1a3623a442a96f1944f5a"}], "teams_full": [{"Diancie": {"name": "Diancie", "species": "Diancie", "speciesId": "diancie", "gender": "N", "shiny": false, "level": 82, "moves": ["diamondstorm", "drainingkiss", "calmmind", "earthpower"], "ability": "Clear Body", "evs": {"hp": 85, "atk": 85, "def": 85, "spa": 85, "spd": 85, "spe": 85}, "ivs": {"hp": 31, "atk": 31, "def": 31, "spa": 31, "spd": 31, "spe": 31}, "item": "Leftovers", "teraType": "Water", "role": "Bulky Setup", "bvs": {"hp": 50, "atk": 100, "def": 150, "spa": 100, "spd": 150, "spe": 50}, "stats": {"hp": 216, "atk": 211, "def": 293, "spa": 211, "spd": 293, "spe": 129}, "types": ["Rock", "Fairy"]}, "Kyurem": {"name": "Kyurem", "species": "Kyurem-White", "speciesId": "kyuremwhite", "gender": "N", "shiny": false, "level": 73, "moves": ["freezedry", "icebeam", "dracometeor", "fusionflare"], "ability": "Turboblaze", "evs": {"hp": 85, "atk": 0, "def": 85, "spa": 85, "spd": 85, "spe": 85}, "ivs": {"hp": 31, "atk": 0, "def": 31, "spa": 31, "spd": 31, "spe": 31}, "item": "Choice Specs", "teraType": "Dragon", "role": "Bulky Attacker", "bvs": {"hp": 125, "atk": 120, "def": 90, "spa": 170, "spd": 100, "spe": 95}, "stats": {"hp": 303, "atk": 180, "def": 174, "spa": 291, "spd": 188, "spe": 181}, "types": ["Dragon", "Ice"]}, "Mienshao": {"name": "Mienshao", "species": "Mienshao", "speciesId": "mienshao", "gender": "M", "shiny": false, "level": 83, "moves": ["uturn", "closecombat", "fakeout", "knockoff"], "ability": "Regenerator", "evs": {"hp": 85, "atk": 85, "def": 85, "spa": 85, "spd": 85, "spe": 85}, "ivs": {"hp": 31, "atk": 31, "def": 31, "spa": 31, "spd": 31, "spe": 31}, "item": "Assault Vest", "teraType": "Dark", "role": "AV Pivot", "bvs": {"hp": 65, "atk": 125, "def": 60, "spa": 95, "spd": 60, "spe": 105}, "stats": {"hp": 244, "atk": 255, "def": 147, "spa": 205, "spd": 147, "spe": 222}, "types": ["Fighting"]}, "Excadrill": {"name": "Excadrill", "species": "Excadrill", "speciesId": "excadrill", "gender": "M", "shiny": false, "level": 79, "moves": ["earthquake", "swordsdance", "rapidspin", "ironhead"], "ability": "Mold Breaker", "evs": {"hp": 85, "atk": 85, "def": 85, "spa": 85, "spd": 85, "spe": 85}, "ivs": {"hp": 31, "atk": 31, "def": 31, "spa": 31, "spd": 31, "spe": 31}, "item": "Leftovers", "teraType": "Ground", "role": "Bulky Setup", "bvs": {"hp": 110, "atk": 135, "def": 60, "spa": 50, "spd": 65, "spe": 88}, "stats": {"hp": 303, "atk": 259, "def": 140, "spa": 125, "spd": 148, "spe": 185}, "types": ["Ground", "Steel"]}, "Golduck": {"name": "Golduck", "species": "Golduck", "speciesId": "golduck", "gender": "M", "shiny": false, "level": 90, "moves": ["grassknot", "encore", "nastyplot", "hydropump"], "ability": "Cloud Nine", "evs": {"hp": 85, "atk": 0, "def": 85, "spa": 85, "spd": 85, "spe": 85}, "ivs": {"hp": 31, "atk": 0, "def": 31, "spa": 31, "spd": 31, "spe": 31}, "item": "Leftovers", "teraType": "Water", "role": "Bulky Setup", "bvs": {"hp": 80, "atk": 82, "def": 78, "spa": 95, "spd": 80, "spe": 85}, "stats": {"hp": 290, "atk": 152, "def": 192, "spa": 222, "spd": 195, "spe": 204}, "types": ["Water"]}, "Thundurus": {"name": "Thundurus", "species": "Thundurus-Therian", "speciesId": "thundurustherian", "gender": "M", "shiny": false, "level": 80, "moves": ["terablast", "nastyplot", "thunderbolt", "focusblast"], "ability": "Volt Absorb", "evs": {"hp": 85, "atk": 0, "def": 85, "spa": 85, "spd": 85, "spe": 85}, "ivs": {"hp": 31, "atk": 0, "def": 31, "spa": 31, "spd": 31, "spe": 31}, "item": "Heavy-Duty Boots", "teraType": "Flying", "role": "Tera Blast user", "bvs": {"hp": 79, "atk": 105, "def": 70, "spa": 145, "spd": 80, "spe": 101}, "stats": {"hp": 258, "atk": 173, "def": 158, "spa": 278, "spd": 174, "spe": 208}, "types": ["Electric", "Flying"]}}, {"Vikavolt": {"name": "Vikavolt", "species": "Vikavolt", "speciesId": "vikavolt", "gender": "F", "shiny": false, "level": 83, "moves": ["bugbuzz", "thunderbolt", "stickyweb", "voltswitch"], "ability": "Levitate", "evs": {"hp": 85, "atk": 0, "def": 85, "spa": 85, "spd": 85, "spe": 85}, "ivs": {"hp": 31, "atk": 0, "def": 31, "spa": 31, "spd": 31, "spe": 31}, "item": "Heavy-Duty Boots", "teraType": "Electric", "role": "Bulky Support", "bvs": {"hp": 77, "atk": 70, "def": 90, "spa": 145, "spd": 75, "spe": 43}, "stats": {"hp": 263, "atk": 121, "def": 197, "spa": 288, "spd": 172, "spe": 119}, "types": ["Bug", "Electric"]}, "Snorlax": {"name": "Snorlax", "species": "Snorlax", "speciesId": "snorlax", "gender": "M", "shiny": false, "level": 82, "moves": ["curse", "earthquake", "bodyslam", "rest"], "ability": "Thick Fat", "evs": {"hp": 85, "atk": 85, "def": 85, "spa": 85, "spd": 85, "spe": 85}, "ivs": {"hp": 31, "atk": 31, "def": 31, "spa": 31, "spd": 31, "spe": 31}, "item": "Chesto Berry", "teraType": "Poison", "role": "Bulky Setup", "bvs": {"hp": 160, "atk": 110, "def": 65, "spa": 65, "spd": 110, "spe": 30}, "stats": {"hp": 397, "atk": 228, "def": 154, "spa": 154, "spd": 228, "spe": 96}, "types": ["Normal"]}, "Houndoom": {"name": "Houndoom", "species": "Houndoom", "speciesId": "houndoom", "gender": "M", "shiny": false, "level": 87, "moves": ["darkpulse", "suckerpunch", "sludgebomb", "fireblast"], "ability": "Flash Fire", "evs": {"hp": 85, "atk": 85, "def": 85, "spa": 85, "spd": 85, "spe": 85}, "ivs": {"hp": 31, "atk": 31, "def": 31, "spa": 31, "spd": 31, "spe": 31}, "item": "Heavy-Duty Boots", "teraType": "Dark", "role": "Fast Attacker", "bvs": {"hp": 75, "atk": 90, "def": 50, "spa": 110, "spd": 80, "spe": 95}, "stats": {"hp": 272, "atk": 206, "def": 137, "spa": 241, "spd": 189, "spe": 215}, "types": ["Dark", "Fire"]}, "Piloswine": {"name": "Piloswine", "species": "Piloswine", "speciesId": "piloswine", "gender": "M", "shiny": false, "level": 85, "moves": ["iciclecrash", "stealthrock", "roar", "earthquake"], "ability": "Thick Fat", "evs": {"hp": 85, "atk": 85, "def": 85, "spa": 85, "spd": 85, "spe": 85}, "ivs": {"hp": 31, "atk": 31, "def": 31, "spa": 31, "spd": 31, "spe": 31}, "item": "Eviolite", "teraType": "Dragon", "role": "Bulky Support", "bvs": {"hp": 100, "atk": 100, "def": 80, "spa": 60, "spd": 60, "spe": 50}, "stats": {"hp": 309, "atk": 219, "def": 185, "spa": 151, "spd": 151, "spe": 134}, "types": ["Ice", "Ground"]}, "Iron Jugulis": {"name": "Iron Jugulis", "species": "Iron Jugulis", "speciesId": "ironjugulis", "gender": "N", "shiny": false, "level": 77, "moves": ["fireblast", "hydropump", "darkpulse", "hurricane"], "ability": "Quark Drive", "evs": {"hp": 85, "atk": 0, "def": 85, "spa": 85, "spd": 85, "spe": 85}, "ivs": {"hp": 31, "atk": 0, "def": 31, "spa": 31, "spd": 31, "spe": 31}, "item": "Choice Specs", "teraType": "Dark", "role": "Wallbreaker", "bvs": {"hp": 94, "atk": 80, "def": 86, "spa": 122, "spd": 80, "spe": 108}, "stats": {"hp": 271, "atk": 128, "def": 177, "spa": 232, "spd": 168, "spe": 211}, "types": ["Dark", "Flying"]}, "Palafin": {"name": "Palafin", "species": "Palafin", "speciesId": "palafin", "gender": "M", "shiny": false, "level": 77, "moves": ["jetpunch", "flipturn", "wavecrash", "closecombat"], "ability": "Zero to Hero", "evs": {"hp": 85, "atk": 85, "def": 85, "spa": 85, "spd": 85, "spe": 85}, "ivs": {"hp": 31, "atk": 31, "def": 31, "spa": 31, "spd": 31, "spe": 31}, "item": "Choice Band", "teraType": "Fighting", "role": "Wallbreaker", "bvs": {"hp": 100, "atk": 70, "def": 72, "spa": 53, "spd": 62, "spe": 100}, "stats": {"hp": 281, "atk": 152, "def": 155, "spa": 126, "spd": 140, "spe": 199}, "types": ["Water"]}}]}