{"id": "gen9randombattle-2631487840", "format": "[Gen 9] Random Battle", "players": ["toxicwyvern", "dragoncoolguy6ix"], "log": "|j|\u2606toxicwyvern\n|j|\u2606dragoncoolguy6ix\n|t:|1781391335\n|gametype|singles\n|player|p1|toxicwyvern|1|1447\n|player|p2|dragoncoolguy6ix|lucian|1490\n|gen|9\n|tier|[Gen 9] Random Battle\n|rated|\n|rule|Species Clause: Limit one of each Pok\u00e9mon\n|rule|HP Percentage Mod: HP is shown in percentages\n|rule|Sleep Clause Mod: Limit one foe put to sleep\n|rule|Illusion Level Mod: Illusion disguises the Pok\u00e9mon's true level\n|\n|t:|1781391335\n|teamsize|p1|6\n|teamsize|p2|6\n|start\n|switch|p1a: Oinkologne|Oinkologne, L92, M|352/352\n|switch|p2a: Beartic|Beartic, L91, F|321/321\n|turn|1\n|inactive|Battle timer is ON: inactive players will automatically lose when time's up. (requested by dragoncoolguy6ix)\n|\n|t:|1781391364\n|switch|p2a: Skarmory|Skarmory, L80, F|235/235\n|move|p1a: Oinkologne|Curse|p1a: Oinkologne\n|-unboost|p1a: Oinkologne|spe|1\n|-boost|p1a: Oinkologne|atk|1\n|-boost|p1a: Oinkologne|def|1\n|\n|upkeep\n|turn|2\n|\n|t:|1781391369\n|move|p2a: Skarmory|Spikes|p1a: Oinkologne\n|-sidestart|p1: toxicwyvern|Spikes\n|move|p1a: Oinkologne|Lash Out|p2a: Skarmory\n|-damage|p2a: Skarmory|160/235\n|-damage|p1a: Oinkologne|294/352|[from] item: Rocky Helmet|[of] p2a: Skarmory\n|\n|-heal|p1a: Oinkologne|316/352|[from] item: Leftovers\n|upkeep\n|turn|3\n|\n|t:|1781391375\n|move|p2a: Skarmory|Spikes|p1a: Oinkologne\n|-sidestart|p1: toxicwyvern|Spikes\n|move|p1a: Oinkologne|Lash Out|p2a: Skarmory\n|-damage|p2a: Skarmory|94/235\n|-damage|p1a: Oinkologne|258/352|[from] item: Rocky Helmet|[of] p2a: Skarmory\n|\n|-heal|p1a: Oinkologne|280/352|[from] item: Leftovers\n|upkeep\n|turn|4\n|\n|t:|1781391380\n|move|p1a: Oinkologne|Curse|p1a: Oinkologne\n|-unboost|p1a: Oinkologne|spe|1\n|-boost|p1a: Oinkologne|atk|1\n|-boost|p1a: Oinkologne|def|1\n|move|p2a: Skarmory|Whirlwind|p1a: Oinkologne\n|drag|p1a: Rhydon|Rhydon, L85, M|317/317\n|-damage|p1a: Rhydon|265/317|[from] Spikes\n|\n|upkeep\n|turn|5\n|\n|t:|1781391405\n|move|p2a: Skarmory|Roost|p2a: Skarmory\n|-heal|p2a: Skarmory|212/235\n|-singleturn|p2a: Skarmory|move: Roost\n|move|p1a: Rhydon|Stone Edge|p2a: Skarmory\n|-resisted|p2a: Skarmory\n|-damage|p2a: Skarmory|161/235\n|\n|upkeep\n|turn|6\n|inactive|dragoncoolguy6ix has 120 seconds left.\n|\n|t:|1781391432\n|switch|p2a: Annihilape|Annihilape, L76, F|292/292\n|move|p1a: Rhydon|Swords Dance|p1a: Rhydon\n|-boost|p1a: Rhydon|atk|2\n|\n|upkeep\n|turn|7\n|inactive|dragoncoolguy6ix has 120 seconds left.\n|\n|t:|1781391463\n|switch|p2a: Flamigo|Flamigo, L82, F|269/269\n|move|p1a: Rhydon|Swords Dance|p1a: Rhydon\n|-boost|p1a: Rhydon|atk|2\n|\n|upkeep\n|turn|8\n|\n|t:|1781391474\n|-terastallize|p2a: Flamigo|Fighting\n|-terastallize|p1a: Rhydon|Flying\n|move|p2a: Flamigo|Close Combat|p1a: Rhydon\n|-resisted|p1a: Rhydon\n|-damage|p1a: Rhydon|191/317\n|-unboost|p2a: Flamigo|def|1\n|-unboost|p2a: Flamigo|spd|1\n|move|p1a: Rhydon|Stone Edge|p2a: Flamigo\n|-resisted|p2a: Flamigo\n|-damage|p2a: Flamigo|0 fnt\n|faint|p2a: Flamigo\n|\n|upkeep\n|\n|t:|1781391485\n|switch|p2a: Beartic|Beartic, L91, F|321/321\n|turn|9\n|\n|t:|1781391489\n|move|p2a: Beartic|Icicle Crash|p1a: Rhydon\n|-supereffective|p1a: Rhydon\n|-damage|p1a: Rhydon|45/317\n|cant|p1a: Rhydon|flinch\n|\n|upkeep\n|turn|10\n|\n|t:|1781391506\n|move|p2a: Beartic|Icicle Crash|p1a: Rhydon|[miss]\n|-miss|p2a: Beartic|p1a: Rhydon\n|move|p1a: Rhydon|Stone Edge|p2a: Beartic\n|-supereffective|p2a: Beartic\n|-damage|p2a: Beartic|0 fnt\n|faint|p2a: Beartic\n|\n|upkeep\n|\n|t:|1781391512\n|switch|p2a: Annihilape|Annihilape, L76, F|292/292\n|turn|11\n|\n|t:|1781391515\n|move|p2a: Annihilape|Rage Fist|p1a: Rhydon\n|-damage|p1a: Rhydon|18/317\n|move|p1a: Rhydon|Earthquake|p2a: Annihilape\n|-damage|p2a: Annihilape|0 fnt\n|faint|p2a: Annihilape\n|\n|upkeep\n|\n|t:|1781391521\n|switch|p2a: Skarmory|Skarmory, L80, F|161/235\n|turn|12\n|\n|t:|1781391524\n|move|p2a: Skarmory|Brave Bird|p1a: Rhydon\n|-damage|p1a: Rhydon|0 fnt\n|faint|p1a: Rhydon\n|-damage|p2a: Skarmory|155/235|[from] Recoil\n|\n|upkeep\n|\n|t:|1781391530\n|switch|p1a: Braviary|Braviary-Hisui, L85, M|326/326\n|turn|13\n|-message|dragoncoolguy6ix forfeited.\n|\n|win|toxicwyvern\n|raw|toxicwyvern's rating: 1447 &rarr; <strong>1469</strong><br />(+22 for winning)\n|raw|dragoncoolguy6ix's rating: 1490 &rarr; <strong>1468</strong><br />(-22 for losing)\n|l|\u2606dragoncoolguy6ix\n|player|p2|\n", "inputlog": ">version a8376a258c1d4662feba110a92103f3664a72141\n>start {\"formatid\":\"gen9randombattle\",\"seed\":\"sodium,bdb48283d82ff96e4e89c843e63d13b6\",\"rated\":\"Rated battle\"}\n>player p1 {\"name\":\"toxicwyvern\",\"avatar\":\"1\",\"rating\":1447,\"seed\":\"sodium,dba2c3ffd2953a3176658f2002c1a9d9\"}\n>player p2 {\"name\":\"dragoncoolguy6ix\",\"avatar\":\"lucian\",\"rating\":1490,\"seed\":\"sodium,8dda090c8967825ac726e9f9ba711f70\"}\n>p1 move curse\n>p2 switch 6\n>p1 move lashout\n>p2 move spikes\n>p1 move lashout\n>p2 move spikes\n>p1 move curse\n>p2 move whirlwind\n>p1 move stoneedge\n>p2 move roost\n>p1 move swordsdance\n>p2 switch 2\n>p1 move swordsdance\n>p2 switch 5\n>p1 move stoneedge terastallize\n>p2 move closecombat terastallize\n>p2 switch 6\n>p1 move stoneedge\n>p2 move iciclecrash\n>p1 move stoneedge\n>p2 move iciclecrash\n>p2 switch 5\n>p1 move earthquake\n>p2 move ragefist\n>p2 switch 2\n>p1 move stoneedge\n>p2 move bravebird\n>p1 switch 6\n>forcelose p2", "uploadtime": 1781391540, "views": 3, "formatid": "gen9randombattle", "rating": 1468, "private": 0, "password": null, "player_dets": [{"name": "toxicwyvern", "avatar": "1", "rating": 1447, "seed": "sodium,dba2c3ffd2953a3176658f2002c1a9d9"}, {"name": "dragoncoolguy6ix", "avatar": "lucian", "rating": 1490, "seed": "sodium,8dda090c8967825ac726e9f9ba711f70"}], "teams_full": [{"Oinkologne": {"name": "Oinkologne", "species": "Oinkologne", "speciesId": "oinkologne", "gender": "M", "shiny": false, "level": 92, "moves": ["doubleedge", "lashout", "curse", "highhorsepower"], "ability": "Thick Fat", "evs": {"hp": 85, "atk": 85, "def": 85, "spa": 85, "spd": 85, "spe": 85}, "ivs": {"hp": 31, "atk": 31, "def": 31, "spa": 31, "spd": 31, "spe": 31}, "item": "Leftovers", "teraType": "Ground", "role": "Bulky Setup", "bvs": {"hp": 110, "atk": 100, "def": 75, "spa": 59, "spd": 80, "spe": 65}, "stats": {"hp": 352, "atk": 236, "def": 190, "spa": 161, "spd": 200, "spe": 172}}, "Perrserker": {"name": "Perrserker", "species": "Perrserker", "speciesId": "perrserker", "gender": "M", "shiny": false, "level": 89, "moves": ["closecombat", "ironhead", "knockoff", "stealthrock"], "ability": "Tough Claws", "evs": {"hp": 85, "atk": 85, "def": 85, "spa": 85, "spd": 85, "spe": 85}, "ivs": {"hp": 31, "atk": 31, "def": 31, "spa": 31, "spd": 31, "spe": 31}, "item": "Life Orb", "teraType": "Fighting", "role": "Fast Attacker", "bvs": {"hp": 70, "atk": 110, "def": 100, "spa": 50, "spd": 60, "spe": 50}, "stats": {"hp": 269, "atk": 247, "def": 229, "spa": 140, "spd": 158, "spe": 140}}, "Floatzel": {"name": "Floatzel", "species": "Floatzel", "speciesId": "floatzel", "gender": "F", "shiny": false, "level": 86, "moves": ["wavecrash", "flipturn", "icespinner", "crunch"], "ability": "Water Veil", "evs": {"hp": 85, "atk": 85, "def": 85, "spa": 85, "spd": 85, "spe": 85}, "ivs": {"hp": 31, "atk": 31, "def": 31, "spa": 31, "spd": 31, "spe": 31}, "item": "Choice Band", "teraType": "Water", "role": "Wallbreaker", "bvs": {"hp": 85, "atk": 105, "def": 55, "spa": 85, "spd": 50, "spe": 115}, "stats": {"hp": 286, "atk": 230, "def": 144, "spa": 195, "spd": 135, "spe": 247}}, "Ariados": {"name": "Ariados", "species": "Ariados", "speciesId": "ariados", "gender": "F", "shiny": false, "level": 95, "moves": ["poisonjab", "knockoff", "megahorn", "stickyweb"], "ability": "Insomnia", "evs": {"hp": 85, "atk": 85, "def": 85, "spa": 85, "spd": 85, "spe": 85}, "ivs": {"hp": 31, "atk": 31, "def": 31, "spa": 31, "spd": 31, "spe": 31}, "item": "Heavy-Duty Boots", "teraType": "Ghost", "role": "Fast Support", "bvs": {"hp": 70, "atk": 90, "def": 70, "spa": 60, "spd": 70, "spe": 40}, "stats": {"hp": 287, "atk": 225, "def": 187, "spa": 168, "spd": 187, "spe": 130}}, "Rhydon": {"name": "Rhydon", "species": "Rhydon", "speciesId": "rhydon", "gender": "M", "shiny": false, "level": 85, "moves": ["stoneedge", "swordsdance", "megahorn", "earthquake"], "ability": "Lightning Rod", "evs": {"hp": 85, "atk": 85, "def": 85, "spa": 85, "spd": 85, "spe": 85}, "ivs": {"hp": 31, "atk": 31, "def": 31, "spa": 31, "spd": 31, "spe": 31}, "item": "Eviolite", "teraType": "Flying", "role": "Bulky Attacker", "bvs": {"hp": 105, "atk": 130, "def": 120, "spa": 45, "spd": 45, "spe": 40}, "stats": {"hp": 317, "atk": 270, "def": 253, "spa": 125, "spd": 125, "spe": 117}}, "Braviary": {"name": "Braviary", "species": "Braviary-Hisui", "speciesId": "braviaryhisui", "gender": "M", "shiny": false, "level": 85, "moves": ["roost", "esperwing", "hurricane", "defog"], "ability": "Tinted Lens", "evs": {"hp": 85, "atk": 0, "def": 85, "spa": 85, "spd": 85, "spe": 85}, "ivs": {"hp": 31, "atk": 0, "def": 31, "spa": 31, "spd": 31, "spe": 31}, "item": "Heavy-Duty Boots", "teraType": "Fairy", "role": "Bulky Attacker", "bvs": {"hp": 110, "atk": 83, "def": 70, "spa": 112, "spd": 70, "spe": 65}, "stats": {"hp": 326, "atk": 146, "def": 168, "spa": 239, "spd": 168, "spe": 159}}}, {"Beartic": {"name": "Beartic", "species": "Beartic", "speciesId": "beartic", "gender": "F", "shiny": false, "level": 91, "moves": ["iciclecrash", "aquajet", "swordsdance", "earthquake"], "ability": "Swift Swim", "evs": {"hp": 85, "atk": 85, "def": 85, "spa": 85, "spd": 85, "spe": 85}, "ivs": {"hp": 31, "atk": 31, "def": 31, "spa": 31, "spd": 31, "spe": 31}, "item": "Heavy-Duty Boots", "teraType": "Ground", "role": "Wallbreaker", "bvs": {"hp": 95, "atk": 130, "def": 80, "spa": 70, "spd": 80, "spe": 50}, "stats": {"hp": 321, "atk": 288, "def": 197, "spa": 179, "spd": 197, "spe": 143}}, "Annihilape": {"name": "Annihilape", "species": "Annihilape", "speciesId": "annihilape", "gender": "F", "shiny": false, "level": 76, "moves": ["gunkshot", "ragefist", "drainpunch", "bulkup"], "ability": "Defiant", "evs": {"hp": 85, "atk": 85, "def": 85, "spa": 85, "spd": 85, "spe": 85}, "ivs": {"hp": 31, "atk": 31, "def": 31, "spa": 31, "spd": 31, "spe": 31}, "item": "Leftovers", "teraType": "Ghost", "role": "Bulky Setup", "bvs": {"hp": 110, "atk": 115, "def": 80, "spa": 50, "spd": 90, "spe": 90}, "stats": {"hp": 292, "atk": 219, "def": 166, "spa": 120, "spd": 181, "spe": 181}}, "Dialga": {"name": "Dialga", "species": "Dialga", "speciesId": "dialga", "gender": "N", "shiny": false, "level": 73, "moves": ["dracometeor", "dragontail", "heavyslam", "fireblast"], "ability": "Pressure", "evs": {"hp": 85, "atk": 85, "def": 85, "spa": 85, "spd": 85, "spe": 85}, "ivs": {"hp": 31, "atk": 31, "def": 31, "spa": 31, "spd": 31, "spe": 31}, "item": "Assault Vest", "teraType": "Steel", "role": "AV Pivot", "bvs": {"hp": 100, "atk": 120, "def": 120, "spa": 150, "spd": 100, "spe": 90}, "stats": {"hp": 266, "atk": 218, "def": 218, "spa": 261, "spd": 188, "spe": 174}}, "Weezing": {"name": "Weezing", "species": "Weezing-Galar", "speciesId": "weezinggalar", "gender": "M", "shiny": false, "level": 86, "moves": ["fireblast", "strangesteam", "gunkshot", "defog"], "ability": "Levitate", "evs": {"hp": 85, "atk": 85, "def": 85, "spa": 85, "spd": 85, "spe": 85}, "ivs": {"hp": 31, "atk": 31, "def": 31, "spa": 31, "spd": 31, "spe": 31}, "item": "Leftovers", "teraType": "Steel", "role": "Bulky Support", "bvs": {"hp": 65, "atk": 90, "def": 120, "spa": 85, "spd": 70, "spe": 60}, "stats": {"hp": 252, "atk": 204, "def": 256, "spa": 195, "spd": 170, "spe": 152}}, "Flamigo": {"name": "Flamigo", "species": "Flamigo", "speciesId": "flamigo", "gender": "F", "shiny": false, "level": 82, "moves": ["bravebird", "throatchop", "closecombat", "uturn"], "ability": "Scrappy", "evs": {"hp": 85, "atk": 85, "def": 85, "spa": 85, "spd": 85, "spe": 85}, "ivs": {"hp": 31, "atk": 31, "def": 31, "spa": 31, "spd": 31, "spe": 31}, "item": "Choice Band", "teraType": "Fighting", "role": "Fast Attacker", "bvs": {"hp": 82, "atk": 115, "def": 74, "spa": 75, "spd": 64, "spe": 90}, "stats": {"hp": 269, "atk": 236, "def": 169, "spa": 170, "spd": 152, "spe": 195}}, "Skarmory": {"name": "Skarmory", "species": "Skarmory", "speciesId": "skarmory", "gender": "F", "shiny": false, "level": 80, "moves": ["bravebird", "roost", "spikes", "whirlwind"], "ability": "Sturdy", "evs": {"hp": 85, "atk": 85, "def": 85, "spa": 85, "spd": 85, "spe": 85}, "ivs": {"hp": 31, "atk": 31, "def": 31, "spa": 31, "spd": 31, "spe": 31}, "item": "Rocky Helmet", "teraType": "Dragon", "role": "Bulky Support", "bvs": {"hp": 65, "atk": 80, "def": 140, "spa": 40, "spd": 70, "spe": 70}, "stats": {"hp": 235, "atk": 174, "def": 270, "spa": 110, "spd": 158, "spe": 158}}}]}