{"id": "gen9randombattle-2631838611", "format": "[Gen 9] Random Battle", "players": ["Batram", "holy s m i t e"], "log": "|badge|p1|silver|gen9randombattle|30-9\n|uhtml|medal-msg|<div class=\"broadcast-blue\">Curious what those medals under the avatar are? PS now has Ladder Seasons! For more information, check out the <a href=\"https://www.smogon.com/forums/threads/3740067/\">thread on Smogon.</a></div>\n|badge|p2|silver|gen9randombattle|30-9\n|uhtml|medal-msg|<div class=\"broadcast-blue\">Curious what those medals under the avatar are? PS now has Ladder Seasons! For more information, check out the <a href=\"https://www.smogon.com/forums/threads/3740067/\">thread on Smogon.</a></div>\n|j|\u2606Batram\n|j|\u2606holy s m i t e\n|t:|1781446583\n|gametype|singles\n|player|p1|Batram|#wcor2025canada|2408\n|player|p2|holy s m i t e|101|2367\n|gen|9\n|tier|[Gen 9] Random Battle\n|rated|\n|rule|Species Clause: Limit one of each Pok\u00e9mon\n|rule|HP Percentage Mod: HP is shown in percentages\n|rule|Sleep Clause Mod: Limit one foe put to sleep\n|rule|Illusion Level Mod: Illusion disguises the Pok\u00e9mon's true level\n|\n|t:|1781446583\n|teamsize|p1|6\n|teamsize|p2|6\n|start\n|switch|p1a: Kyogre|Kyogre, L71|259/259\n|switch|p2a: Vivillon|Vivillon-Jungle, L83, M|268/268\n|-weather|RainDance|[from] ability: Drizzle|[of] p1a: Kyogre\n|turn|1\n|inactive|Battle timer is ON: inactive players will automatically lose when time's up. (requested by holy s m i t e)\n|\n|t:|1781446598\n|move|p2a: Vivillon|Sleep Powder|p1a: Kyogre\n|-status|p1a: Kyogre|slp|[from] move: Sleep Powder\n|cant|p1a: Kyogre|slp\n|\n|-weather|RainDance|[upkeep]\n|upkeep\n|turn|2\n|\n|t:|1781446616\n|switch|p1a: Iron Thorns|Iron Thorns, L83|302/302\n|-item|p1a: Iron Thorns|Air Balloon\n|move|p2a: Vivillon|Quiver Dance|p2a: Vivillon\n|-boost|p2a: Vivillon|spa|1\n|-boost|p2a: Vivillon|spd|1\n|-boost|p2a: Vivillon|spe|1\n|\n|-weather|RainDance|[upkeep]\n|upkeep\n|turn|3\n|\n|t:|1781446627\n|move|p2a: Vivillon|Bug Buzz|p1a: Iron Thorns\n|-damage|p1a: Iron Thorns|157/302\n|-enditem|p1a: Iron Thorns|Air Balloon\n|move|p1a: Iron Thorns|Stone Edge|p2a: Vivillon\n|-supereffective|p2a: Vivillon\n|-damage|p2a: Vivillon|0 fnt\n|faint|p2a: Vivillon\n|\n|-weather|RainDance|[upkeep]\n|upkeep\n|\n|t:|1781446632\n|switch|p2a: Tentacruel|Tentacruel, L84, M|272/272\n|turn|4\n|\n|t:|1781446651\n|-terastallize|p1a: Iron Thorns|Water\n|move|p2a: Tentacruel|Surf|p1a: Iron Thorns\n|-resisted|p1a: Iron Thorns\n|-damage|p1a: Iron Thorns|91/302\n|move|p1a: Iron Thorns|Wild Charge|p2a: Tentacruel\n|-supereffective|p2a: Tentacruel\n|-damage|p2a: Tentacruel|0 fnt\n|faint|p2a: Tentacruel\n|-damage|p1a: Iron Thorns|23/302|[from] Recoil\n|\n|-weather|RainDance|[upkeep]\n|upkeep\n|\n|t:|1781446658\n|switch|p2a: Urshifu|Urshifu-Rapid-Strike, L75, F|274/274\n|turn|5\n|\n|t:|1781446666\n|move|p2a: Urshifu|U-turn|p1a: Iron Thorns\n|-damage|p1a: Iron Thorns|0 fnt\n|faint|p1a: Iron Thorns\n|-end|p1a: Iron Thorns|Quark Drive|[silent]\n|\n|t:|1781446669\n|switch|p2a: Exeggutor|Exeggutor-Alola, L89, M|314/314|[from] U-turn\n|\n|-weather|none\n|upkeep\n|\n|t:|1781446675\n|switch|p1a: Baxcalibur|Baxcalibur, L75, F|295/295\n|turn|6\n|\n|t:|1781446682\n|switch|p2a: Dunsparce|Dunsparce, L86, M|312/312\n|move|p1a: Baxcalibur|Glaive Rush|p2a: Dunsparce\n|-damage|p2a: Dunsparce|137/312\n|-singlemove|p1a: Baxcalibur|Glaive Rush|[silent]\n|\n|upkeep\n|turn|7\n|\n|t:|1781446688\n|move|p1a: Baxcalibur|Glaive Rush|p2a: Dunsparce\n|-damage|p2a: Dunsparce|0 fnt\n|-singlemove|p1a: Baxcalibur|Glaive Rush|[silent]\n|faint|p2a: Dunsparce\n|\n|upkeep\n|\n|t:|1781446689\n|switch|p2a: Urshifu|Urshifu-Rapid-Strike, L75, F|274/274\n|turn|8\n|\n|t:|1781446695\n|switch|p1a: Kyogre|Kyogre, L71|259/259 slp\n|-weather|RainDance|[from] ability: Drizzle|[of] p1a: Kyogre\n|move|p2a: Urshifu|Close Combat|p1a: Kyogre\n|-damage|p1a: Kyogre|99/259 slp\n|-unboost|p2a: Urshifu|def|1\n|-unboost|p2a: Urshifu|spd|1\n|\n|-weather|RainDance|[upkeep]\n|-heal|p1a: Kyogre|115/259 slp|[from] item: Leftovers\n|upkeep\n|turn|9\n|\n|t:|1781446700\n|move|p2a: Urshifu|Close Combat|p1a: Kyogre\n|-damage|p1a: Kyogre|0 fnt\n|-unboost|p2a: Urshifu|def|1\n|-unboost|p2a: Urshifu|spd|1\n|faint|p1a: Kyogre\n|\n|-weather|RainDance|[upkeep]\n|upkeep\n|\n|t:|1781446711\n|switch|p1a: Urshifu|Urshifu-Rapid-Strike, L75, M|274/274\n|turn|10\n|\n|t:|1781446715\n|switch|p2a: Dusknoir|Dusknoir, L89, M|225/225\n|-item|p1a: Urshifu|Choice Scarf|[from] ability: Frisk|[of] p2a: Dusknoir\n|move|p1a: Urshifu|Ice Spinner|p2a: Dusknoir\n|-damage|p2a: Dusknoir|188/225\n|\n|-weather|RainDance|[upkeep]\n|upkeep\n|turn|11\n|\n|t:|1781446721\n|switch|p1a: Ursaring|Ursaring, L84, F|288/288\n|move|p2a: Dusknoir|Poltergeist|p1a: Ursaring\n|-immune|p1a: Ursaring\n|\n|-weather|RainDance|[upkeep]\n|-status|p1a: Ursaring|tox|[from] item: Toxic Orb\n|upkeep\n|turn|12\n|\n|t:|1781446730\n|switch|p2a: Urshifu|Urshifu-Rapid-Strike, L75, F|274/274\n|move|p1a: Ursaring|Facade|p2a: Urshifu\n|-damage|p2a: Urshifu|81/274\n|\n|-weather|none\n|-damage|p1a: Ursaring|270/288 tox|[from] psn\n|upkeep\n|turn|13\n|\n|t:|1781446735\n|move|p2a: Urshifu|Close Combat|p1a: Ursaring\n|-supereffective|p1a: Ursaring\n|-damage|p1a: Ursaring|0 fnt\n|-unboost|p2a: Urshifu|def|1\n|-unboost|p2a: Urshifu|spd|1\n|faint|p1a: Ursaring\n|\n|upkeep\n|\n|t:|1781446756\n|switch|p1a: Urshifu|Urshifu-Rapid-Strike, L75, M|274/274\n|turn|14\n|\n|t:|1781446759\n|switch|p2a: Exeggutor|Exeggutor-Alola, L89, M|314/314\n|-item|p1a: Urshifu|Choice Scarf|[from] ability: Frisk|[of] p2a: Exeggutor\n|move|p1a: Urshifu|U-turn|p2a: Exeggutor\n|-supereffective|p2a: Exeggutor\n|-damage|p2a: Exeggutor|210/314\n|\n|t:|1781446763\n|switch|p1a: Baxcalibur|Baxcalibur, L75, F|295/295|[from] U-turn\n|\n|upkeep\n|turn|15\n|\n|t:|1781446769\n|move|p1a: Baxcalibur|Glaive Rush|p2a: Exeggutor\n|-supereffective|p2a: Exeggutor\n|-damage|p2a: Exeggutor|0 fnt\n|-singlemove|p1a: Baxcalibur|Glaive Rush|[silent]\n|faint|p2a: Exeggutor\n|\n|upkeep\n|\n|t:|1781446771\n|switch|p2a: Urshifu|Urshifu-Rapid-Strike, L75, F|81/274\n|turn|16\n|\n|t:|1781446782\n|switch|p1a: Urshifu|Urshifu-Rapid-Strike, L75, M|274/274\n|move|p2a: Urshifu|Close Combat|p1a: Urshifu\n|-damage|p1a: Urshifu|147/274\n|-unboost|p2a: Urshifu|def|1\n|-unboost|p2a: Urshifu|spd|1\n|\n|upkeep\n|turn|17\n|\n|t:|1781446788\n|move|p1a: Urshifu|Surging Strikes|p2a: Urshifu\n|-resisted|p2a: Urshifu\n|-crit|p2a: Urshifu\n|-damage|p2a: Urshifu|48/274\n|-resisted|p2a: Urshifu\n|-crit|p2a: Urshifu\n|-damage|p2a: Urshifu|17/274\n|-resisted|p2a: Urshifu\n|-crit|p2a: Urshifu\n|-damage|p2a: Urshifu|0 fnt\n|faint|p2a: Urshifu\n|-hitcount|p2: Urshifu|3\n|\n|upkeep\n|\n|t:|1781446790\n|switch|p2a: Dusknoir|Dusknoir, L89, M|188/225\n|-item|p1a: Urshifu|Choice Scarf|[from] ability: Frisk|[of] p2a: Dusknoir\n|turn|18\n|\n|t:|1781446793\n|move|p1a: Urshifu|Surging Strikes|p2a: Dusknoir\n|-crit|p2a: Dusknoir\n|-damage|p2a: Dusknoir|157/225\n|-crit|p2a: Dusknoir\n|-damage|p2a: Dusknoir|127/225\n|-crit|p2a: Dusknoir\n|-damage|p2a: Dusknoir|99/225\n|-hitcount|p2a: Dusknoir|3\n|move|p2a: Dusknoir|Poltergeist|p1a: Urshifu\n|-activate|p1a: Urshifu|move: Poltergeist|Choice Scarf\n|-crit|p1a: Urshifu\n|-damage|p1a: Urshifu|0 fnt\n|faint|p1a: Urshifu\n|\n|upkeep\n|\n|t:|1781446795\n|switch|p1a: Baxcalibur|Baxcalibur, L75, F|295/295\n|turn|19\n|\n|t:|1781446796\n|move|p1a: Baxcalibur|Glaive Rush|p2a: Dusknoir\n|-damage|p2a: Dusknoir|0 fnt\n|-singlemove|p1a: Baxcalibur|Glaive Rush|[silent]\n|faint|p2a: Dusknoir\n|\n|win|Batram\n", "inputlog": ">version a8376a258c1d4662feba110a92103f3664a72141\n>start {\"formatid\":\"gen9randombattle\",\"seed\":\"sodium,1b97b2ffa91bff7467dced3d075a0595\",\"rated\":\"Rated battle\"}\n>player p1 {\"name\":\"Batram\",\"avatar\":\"#wcor2025canada\",\"rating\":2408,\"seed\":\"sodium,1cb6c8b9f0c7072fd51faadd71e88b1f\"}\n>player p2 {\"name\":\"holy s m i t e\",\"avatar\":\"101\",\"rating\":2367,\"seed\":\"sodium,2ed6e5bceb6c298000fac0039239e08b\"}\n>p1 move thunder\n>p2 move sleeppowder\n>p1 switch 4\n>p2 move quiverdance\n>p1 move stoneedge\n>p2 move bugbuzz\n>p2 switch 4\n>p1 move wildcharge terastallize\n>p2 move surf\n>p2 switch 2\n>p1 move wildcharge\n>p2 move uturn\n>p2 switch 5\n>p1 switch 6\n>p1 move glaiverush\n>p2 switch 6\n>p1 move glaiverush\n>p2 move bodyslam\n>p2 switch 5\n>p1 switch 4\n>p2 move closecombat\n>p1 move thunder\n>p2 move closecombat\n>p1 switch 2\n>p1 move icespinner\n>p2 switch 3\n>p1 switch 3\n>p2 move poltergeist\n>p1 move facade\n>p2 switch 3\n>p1 move facade\n>p2 move closecombat\n>p1 switch 3\n>p1 move uturn\n>p2 switch 6\n>p1 switch 4\n>p1 move glaiverush\n>p2 move dracometeor\n>p2 switch 6\n>p1 switch 4\n>p2 move closecombat\n>p1 move surgingstrikes\n>p2 move closecombat\n>p2 switch 3\n>p1 move surgingstrikes\n>p2 move poltergeist\n>p1 switch 4\n>p1 move glaiverush\n>p2 move poltergeist", "uploadtime": 1781446585, "views": 5, "formatid": "gen9randombattle", "rating": null, "private": 0, "password": null, "player_dets": [{"name": "Batram", "avatar": "#wcor2025canada", "rating": 2408, "seed": "sodium,1cb6c8b9f0c7072fd51faadd71e88b1f"}, {"name": "holy s m i t e", "avatar": "101", "rating": 2367, "seed": "sodium,2ed6e5bceb6c298000fac0039239e08b"}], "teams_full": [{"Kyogre": {"name": "Kyogre", "species": "Kyogre", "speciesId": "kyogre", "gender": "N", "shiny": false, "level": 71, "moves": ["originpulse", "icebeam", "thunder", "calmmind"], "ability": "Drizzle", "evs": {"hp": 85, "atk": 0, "def": 85, "spa": 85, "spd": 85, "spe": 85}, "ivs": {"hp": 31, "atk": 0, "def": 31, "spa": 31, "spd": 31, "spe": 31}, "item": "Leftovers", "teraType": "Electric", "role": "Bulky Setup", "bvs": {"hp": 100, "atk": 100, "def": 90, "spa": 150, "spd": 140, "spe": 90}, "stats": {"hp": 259, "atk": 147, "def": 169, "spa": 254, "spd": 240, "spe": 169}}, "Urshifu": {"name": "Urshifu", "species": "Urshifu-Rapid-Strike", "speciesId": "urshifurapidstrike", "gender": "M", "shiny": false, "level": 75, "moves": ["icespinner", "uturn", "closecombat", "surgingstrikes"], "ability": "Unseen Fist", "evs": {"hp": 85, "atk": 85, "def": 85, "spa": 85, "spd": 85, "spe": 85}, "ivs": {"hp": 31, "atk": 31, "def": 31, "spa": 31, "spd": 31, "spe": 31}, "item": "Choice Scarf", "teraType": "Water", "role": "Fast Attacker", "bvs": {"hp": 100, "atk": 130, "def": 100, "spa": 63, "spd": 60, "spe": 97}, "stats": {"hp": 274, "atk": 239, "def": 194, "spa": 138, "spd": 134, "spe": 189}}, "Ursaring": {"name": "Ursaring", "species": "Ursaring", "speciesId": "ursaring", "gender": "F", "shiny": false, "level": 84, "moves": ["swordsdance", "crunch", "facade", "closecombat"], "ability": "Quick Feet", "evs": {"hp": 85, "atk": 85, "def": 85, "spa": 85, "spd": 85, "spe": 85}, "ivs": {"hp": 31, "atk": 31, "def": 31, "spa": 31, "spd": 31, "spe": 31}, "item": "Toxic Orb", "teraType": "Normal", "role": "Setup Sweeper", "bvs": {"hp": 90, "atk": 130, "def": 75, "spa": 75, "spd": 75, "spe": 55}, "stats": {"hp": 288, "atk": 267, "def": 174, "spa": 174, "spd": 174, "spe": 141}}, "Iron Thorns": {"name": "Iron Thorns", "species": "Iron Thorns", "speciesId": "ironthorns", "gender": "N", "shiny": false, "level": 83, "moves": ["wildcharge", "stealthrock", "spikes", "stoneedge"], "ability": "Quark Drive", "evs": {"hp": 85, "atk": 85, "def": 85, "spa": 85, "spd": 85, "spe": 85}, "ivs": {"hp": 31, "atk": 31, "def": 31, "spa": 31, "spd": 31, "spe": 31}, "item": "Air Balloon", "teraType": "Water", "role": "Fast Support", "bvs": {"hp": 100, "atk": 134, "def": 110, "spa": 70, "spd": 84, "spe": 72}, "stats": {"hp": 302, "atk": 270, "def": 230, "spa": 164, "spd": 187, "spe": 167}}, "Raikou": {"name": "Raikou", "species": "Raikou", "speciesId": "raikou", "gender": "N", "shiny": false, "level": 81, "moves": ["thunderbolt", "substitute", "calmmind", "scald"], "ability": "Pressure", "evs": {"hp": 85, "atk": 0, "def": 85, "spa": 85, "spd": 85, "spe": 85}, "ivs": {"hp": 31, "atk": 0, "def": 31, "spa": 31, "spd": 31, "spe": 31}, "item": "Leftovers", "teraType": "Grass", "role": "Bulky Setup", "bvs": {"hp": 90, "atk": 85, "def": 75, "spa": 115, "spd": 100, "spe": 115}, "stats": {"hp": 278, "atk": 142, "def": 168, "spa": 233, "spd": 209, "spe": 233}}, "Baxcalibur": {"name": "Baxcalibur", "species": "Baxcalibur", "speciesId": "baxcalibur", "gender": "F", "shiny": false, "level": 75, "moves": ["glaiverush", "iceshard", "iciclecrash", "earthquake"], "ability": "Thermal Exchange", "evs": {"hp": 81, "atk": 85, "def": 85, "spa": 85, "spd": 85, "spe": 85}, "ivs": {"hp": 31, "atk": 31, "def": 31, "spa": 31, "spd": 31, "spe": 31}, "item": "Choice Band", "teraType": "Dragon", "role": "Fast Attacker", "bvs": {"hp": 115, "atk": 145, "def": 92, "spa": 75, "spd": 86, "spe": 87}, "stats": {"hp": 295, "atk": 261, "def": 182, "spa": 156, "spd": 173, "spe": 174}}}, {"Vivillon": {"name": "Vivillon", "species": "Vivillon-Jungle", "speciesId": "vivillon", "gender": "M", "shiny": false, "level": 83, "moves": ["bugbuzz", "hurricane", "quiverdance", "sleeppowder"], "ability": "Compound Eyes", "evs": {"hp": 85, "atk": 0, "def": 85, "spa": 85, "spd": 85, "spe": 85}, "ivs": {"hp": 31, "atk": 0, "def": 31, "spa": 31, "spd": 31, "spe": 31}, "item": "Heavy-Duty Boots", "teraType": "Flying", "role": "Fast Bulky Setup", "bvs": {"hp": 80, "atk": 52, "def": 50, "spa": 90, "spd": 50, "spe": 89}, "stats": {"hp": 268, "atk": 91, "def": 131, "spa": 197, "spd": 131, "spe": 195}}, "Urshifu": {"name": "Urshifu", "species": "Urshifu-Rapid-Strike", "speciesId": "urshifurapidstrike", "gender": "F", "shiny": false, "level": 75, "moves": ["surgingstrikes", "uturn", "icespinner", "closecombat"], "ability": "Unseen Fist", "evs": {"hp": 85, "atk": 85, "def": 85, "spa": 85, "spd": 85, "spe": 85}, "ivs": {"hp": 31, "atk": 31, "def": 31, "spa": 31, "spd": 31, "spe": 31}, "item": "Choice Scarf", "teraType": "Water", "role": "Fast Attacker", "bvs": {"hp": 100, "atk": 130, "def": 100, "spa": 63, "spd": 60, "spe": 97}, "stats": {"hp": 274, "atk": 239, "def": 194, "spa": 138, "spd": 134, "spe": 189}}, "Dusknoir": {"name": "Dusknoir", "species": "Dusknoir", "speciesId": "dusknoir", "gender": "M", "shiny": false, "level": 89, "moves": ["shadowsneak", "poltergeist", "trick", "earthquake"], "ability": "Frisk", "evs": {"hp": 85, "atk": 85, "def": 85, "spa": 85, "spd": 85, "spe": 85}, "ivs": {"hp": 31, "atk": 31, "def": 31, "spa": 31, "spd": 31, "spe": 31}, "item": "Choice Band", "teraType": "Ground", "role": "Wallbreaker", "bvs": {"hp": 45, "atk": 100, "def": 135, "spa": 65, "spd": 135, "spe": 45}, "stats": {"hp": 225, "atk": 229, "def": 291, "spa": 166, "spd": 291, "spe": 131}}, "Tentacruel": {"name": "Tentacruel", "species": "Tentacruel", "speciesId": "tentacruel", "gender": "M", "shiny": false, "level": 84, "moves": ["surf", "rapidspin", "toxicspikes", "sludgebomb"], "ability": "Liquid Ooze", "evs": {"hp": 85, "atk": 85, "def": 85, "spa": 85, "spd": 85, "spe": 85}, "ivs": {"hp": 31, "atk": 31, "def": 31, "spa": 31, "spd": 31, "spe": 31}, "item": "Leftovers", "teraType": "Flying", "role": "Bulky Support", "bvs": {"hp": 80, "atk": 70, "def": 65, "spa": 80, "spd": 120, "spe": 100}, "stats": {"hp": 272, "atk": 166, "def": 157, "spa": 183, "spd": 250, "spe": 216}}, "Exeggutor": {"name": "Exeggutor", "species": "Exeggutor-Alola", "speciesId": "exeggutoralola", "gender": "M", "shiny": false, "level": 89, "moves": ["flamethrower", "gigadrain", "leafstorm", "dracometeor"], "ability": "Frisk", "evs": {"hp": 85, "atk": 0, "def": 85, "spa": 85, "spd": 85, "spe": 85}, "ivs": {"hp": 31, "atk": 0, "def": 31, "spa": 31, "spd": 31, "spe": 31}, "item": "Choice Specs", "teraType": "Fire", "role": "Wallbreaker", "bvs": {"hp": 95, "atk": 105, "def": 85, "spa": 125, "spd": 75, "spe": 45}, "stats": {"hp": 314, "atk": 191, "def": 202, "spa": 273, "spd": 184, "spe": 131}}, "Dunsparce": {"name": "Dunsparce", "species": "Dunsparce", "speciesId": "dunsparce", "gender": "M", "shiny": false, "level": 86, "moves": ["bodyslam", "earthquake", "roost", "coil"], "ability": "Serene Grace", "evs": {"hp": 85, "atk": 85, "def": 85, "spa": 85, "spd": 85, "spe": 85}, "ivs": {"hp": 31, "atk": 31, "def": 31, "spa": 31, "spd": 31, "spe": 31}, "item": "Eviolite", "teraType": "Ground", "role": "Bulky Setup", "bvs": {"hp": 100, "atk": 70, "def": 70, "spa": 65, "spd": 65, "spe": 45}, "stats": {"hp": 312, "atk": 170, "def": 170, "spa": 161, "spd": 161, "spe": 127}}}]}