{"id": "gen9randombattle-2631516749", "format": "[Gen 9] Random Battle", "players": ["crimdawgx2", "tom the genie"], "log": "|j|\u203dcrimdawgx2\n|j|\u2606tom the genie\n|t:|1781395325\n|gametype|singles\n|player|p1|crimdawgx2|102|1550\n|player|p2|tom the genie|harlequin|1502\n|gen|9\n|tier|[Gen 9] Random Battle\n|rated|\n|rule|Species Clause: Limit one of each Pok\u00e9mon\n|rule|HP Percentage Mod: HP is shown in percentages\n|rule|Sleep Clause Mod: Limit one foe put to sleep\n|rule|Illusion Level Mod: Illusion disguises the Pok\u00e9mon's true level\n|\n|t:|1781395325\n|teamsize|p1|6\n|teamsize|p2|6\n|start\n|switch|p1a: Skeledirge|Skeledirge, L79, F|294/294\n|switch|p2a: Golem|Golem-Alola, L93, F|300/300\n|turn|1\n|inactive|Battle timer is ON: inactive players will automatically lose when time's up. (requested by tom the genie)\n|inactive|crimdawgx2 also wants the timer to be on.\n|inactive|crimdawgx2 has 120 seconds left.\n|\n|t:|1781395370\n|switch|p1a: Furret|Furret, L94, F|312/312\n|-item|p2a: Golem|Life Orb|[from] ability: Frisk|[of] p1a: Furret\n|switch|p2a: Sableye|Sableye, L88, M|231/231\n|\n|upkeep\n|turn|2\n|\n|t:|1781395389\n|move|p2a: Sableye|Thunder Wave|p1a: Furret|[miss]\n|-miss|p2a: Sableye|p1a: Furret\n|move|p1a: Furret|Knock Off|p2a: Sableye\n|-damage|p2a: Sableye|130/231\n|-enditem|p2a: Sableye|Leftovers|[from] move: Knock Off|[of] p1a: Furret\n|-damage|p1a: Furret|281/312|[from] item: Life Orb\n|\n|upkeep\n|turn|3\n|\n|t:|1781395403\n|switch|p1a: Groudon|Groudon, L72|263/263\n|-weather|SunnyDay|[from] ability: Drought|[of] p1a: Groudon\n|move|p2a: Sableye|Thunder Wave|p1a: Groudon\n|-immune|p1a: Groudon\n|\n|-weather|SunnyDay|[upkeep]\n|upkeep\n|turn|4\n|\n|t:|1781395414\n|move|p2a: Sableye|Recover|p2a: Sableye\n|-heal|p2a: Sableye|231/231\n|move|p1a: Groudon|Stealth Rock|p2a: Sableye\n|-sidestart|p2: tom the genie|move: Stealth Rock\n|\n|-weather|SunnyDay|[upkeep]\n|upkeep\n|turn|5\n|\n|t:|1781395421\n|move|p2a: Sableye|Encore|p1a: Groudon\n|-start|p1a: Groudon|Encore\n|move|p1a: Groudon|Stealth Rock||[still]\n|-fail|p1a: Groudon\n|\n|-weather|SunnyDay|[upkeep]\n|upkeep\n|turn|6\n|\n|t:|1781395440\n|switch|p1a: Mimikyu|Mimikyu, L79, M|216/216\n|move|p2a: Sableye|Knock Off|p1a: Mimikyu\n|-activate|p1a: Mimikyu|ability: Disguise\n|-damage|p1a: Mimikyu|216/216\n|-enditem|p1a: Mimikyu|Life Orb|[from] move: Knock Off|[of] p2a: Sableye\n|detailschange|p1a: Mimikyu|Mimikyu-Busted, L79, M\n|-damage|p1a: Mimikyu|189/216|[from] pokemon: Mimikyu-Busted\n|\n|-weather|SunnyDay|[upkeep]\n|upkeep\n|turn|7\n|\n|t:|1781395452\n|move|p2a: Sableye|Thunder Wave|p1a: Mimikyu\n|-status|p1a: Mimikyu|par\n|move|p1a: Mimikyu|Play Rough|p2a: Sableye\n|-supereffective|p2a: Sableye\n|-damage|p2a: Sableye|61/231\n|\n|-weather|none\n|upkeep\n|turn|8\n|\n|t:|1781395470\n|switch|p2a: Arbok|Arbok, L87, M|246/246\n|-damage|p2a: Arbok|216/246|[from] Stealth Rock\n|-ability|p2a: Arbok|Intimidate|boost\n|-unboost|p1a: Mimikyu|atk|1\n|move|p1a: Mimikyu|Play Rough|p2a: Arbok\n|-resisted|p2a: Arbok\n|-damage|p2a: Arbok|186/246\n|\n|-heal|p2a: Arbok|201/246|[from] item: Leftovers\n|upkeep\n|turn|9\n|\n|t:|1781395484\n|switch|p1a: Groudon|Groudon, L72|263/263\n|-weather|SunnyDay|[from] ability: Drought|[of] p1a: Groudon\n|move|p2a: Arbok|Coil|p2a: Arbok\n|-boost|p2a: Arbok|atk|1\n|-boost|p2a: Arbok|def|1\n|-boost|p2a: Arbok|accuracy|1\n|\n|-weather|SunnyDay|[upkeep]\n|-heal|p2a: Arbok|216/246|[from] item: Leftovers\n|upkeep\n|turn|10\n|\n|t:|1781395498\n|-terastallize|p2a: Arbok|Dark\n|move|p2a: Arbok|Sucker Punch||[still]\n|-fail|p2a: Arbok\n|move|p1a: Groudon|Will-O-Wisp|p2a: Arbok\n|-status|p2a: Arbok|brn\n|\n|-weather|SunnyDay|[upkeep]\n|-heal|p2a: Arbok|231/246 brn|[from] item: Leftovers\n|-damage|p2a: Arbok|216/246 brn|[from] brn\n|upkeep\n|turn|11\n|\n|t:|1781395510\n|move|p2a: Arbok|Earthquake|p1a: Groudon\n|-damage|p1a: Groudon|219/263\n|move|p1a: Groudon|Heat Crash|p2a: Arbok\n|-damage|p2a: Arbok|121/246 brn\n|\n|-weather|SunnyDay|[upkeep]\n|-heal|p2a: Arbok|136/246 brn|[from] item: Leftovers\n|-heal|p1a: Groudon|235/263|[from] item: Leftovers\n|-damage|p2a: Arbok|121/246 brn|[from] brn\n|upkeep\n|turn|12\n|-message|tom the genie forfeited.\n|\n|win|crimdawgx2\n|raw|crimdawgx2's rating: 1550 &rarr; <strong>1567</strong><br />(+17 for winning)\n|raw|tom the genie's rating: 1502 &rarr; <strong>1485</strong><br />(-17 for losing)\n|l|\u2606tom the genie\n|player|p2|\n", "inputlog": ">version a8376a258c1d4662feba110a92103f3664a72141\n>start {\"formatid\":\"gen9randombattle\",\"seed\":\"sodium,6c0a41c2ba3e5097eead242553adfc36\",\"rated\":\"Rated battle\"}\n>player p1 {\"name\":\"crimdawgx2\",\"avatar\":\"102\",\"rating\":1550,\"seed\":\"sodium,e1877cab217d5ab3144fa45e7543db95\"}\n>player p2 {\"name\":\"tom the genie\",\"avatar\":\"harlequin\",\"rating\":1502,\"seed\":\"sodium,48743aa9bd90fd1d3b40131977a28188\"}\n>p1 switch 3\n>p2 switch 2\n>p1 move knockoff\n>p2 move thunderwave\n>p1 switch 6\n>p2 move thunderwave\n>p1 move stealthrock\n>p2 move recover\n>p1 move precipiceblades\n>p2 move encore\n>p1 switch 5\n>p2 move knockoff\n>p1 move playrough\n>p2 move thunderwave\n>p1 move playrough\n>p2 switch 5\n>p1 switch 5\n>p2 move coil\n>p1 move willowisp\n>p2 move suckerpunch terastallize\n>p1 move heatcrash\n>p2 move earthquake\n>forcelose p2", "uploadtime": 1781395519, "views": 7, "formatid": "gen9randombattle", "rating": 1485, "private": 0, "password": null, "player_dets": [{"name": "crimdawgx2", "avatar": "102", "rating": 1550, "seed": "sodium,e1877cab217d5ab3144fa45e7543db95"}, {"name": "tom the genie", "avatar": "harlequin", "rating": 1502, "seed": "sodium,48743aa9bd90fd1d3b40131977a28188"}], "teams_full": [{"Skeledirge": {"name": "Skeledirge", "species": "Skeledirge", "speciesId": "skeledirge", "gender": "F", "shiny": false, "level": 79, "moves": ["hex", "slackoff", "torchsong", "willowisp"], "ability": "Unaware", "evs": {"hp": 85, "atk": 0, "def": 85, "spa": 85, "spd": 85, "spe": 85}, "ivs": {"hp": 31, "atk": 0, "def": 31, "spa": 31, "spd": 31, "spe": 31}, "item": "Heavy-Duty Boots", "teraType": "Fairy", "role": "Bulky Support", "bvs": {"hp": 104, "atk": 75, "def": 100, "spa": 110, "spd": 75, "spe": 66}, "stats": {"hp": 294, "atk": 123, "def": 204, "spa": 219, "spd": 164, "spe": 150}}, "Tinkaton": {"name": "Tinkaton", "species": "Tinkaton", "speciesId": "tinkaton", "gender": "F", "shiny": false, "level": 82, "moves": ["gigatonhammer", "knockoff", "swordsdance", "playrough"], "ability": "Mold Breaker", "evs": {"hp": 85, "atk": 85, "def": 85, "spa": 85, "spd": 85, "spe": 85}, "ivs": {"hp": 31, "atk": 31, "def": 31, "spa": 31, "spd": 31, "spe": 31}, "item": "Leftovers", "teraType": "Steel", "role": "Bulky Setup", "bvs": {"hp": 85, "atk": 75, "def": 77, "spa": 70, "spd": 105, "spe": 94}, "stats": {"hp": 274, "atk": 170, "def": 173, "spa": 162, "spd": 219, "spe": 201}}, "Furret": {"name": "Furret", "species": "Furret", "speciesId": "furret", "gender": "F", "shiny": false, "level": 94, "moves": ["knockoff", "brickbreak", "tidyup", "doubleedge"], "ability": "Frisk", "evs": {"hp": 85, "atk": 85, "def": 85, "spa": 85, "spd": 85, "spe": 85}, "ivs": {"hp": 31, "atk": 31, "def": 31, "spa": 31, "spd": 31, "spe": 31}, "item": "Life Orb", "teraType": "Ghost", "role": "Setup Sweeper", "bvs": {"hp": 85, "atk": 76, "def": 64, "spa": 45, "spd": 55, "spe": 90}, "stats": {"hp": 312, "atk": 196, "def": 174, "spa": 138, "spd": 157, "spe": 223}}, "Quaquaval": {"name": "Quaquaval", "species": "Quaquaval", "speciesId": "quaquaval", "gender": "F", "shiny": false, "level": 79, "moves": ["aquastep", "swordsdance", "closecombat", "encore"], "ability": "Moxie", "evs": {"hp": 85, "atk": 85, "def": 85, "spa": 85, "spd": 85, "spe": 85}, "ivs": {"hp": 31, "atk": 31, "def": 31, "spa": 31, "spd": 31, "spe": 31}, "item": "Life Orb", "teraType": "Fighting", "role": "Setup Sweeper", "bvs": {"hp": 85, "atk": 120, "def": 80, "spa": 85, "spd": 75, "spe": 85}, "stats": {"hp": 264, "atk": 235, "def": 172, "spa": 180, "spd": 164, "spe": 180}}, "Mimikyu": {"name": "Mimikyu", "species": "Mimikyu", "speciesId": "mimikyu", "gender": "M", "shiny": false, "level": 79, "moves": ["playrough", "shadowclaw", "swordsdance", "shadowsneak"], "ability": "Disguise", "evs": {"hp": 85, "atk": 85, "def": 85, "spa": 85, "spd": 85, "spe": 85}, "ivs": {"hp": 31, "atk": 31, "def": 31, "spa": 31, "spd": 31, "spe": 31}, "item": "Life Orb", "teraType": "Ghost", "role": "Fast Bulky Setup", "bvs": {"hp": 55, "atk": 90, "def": 80, "spa": 50, "spd": 105, "spe": 96}, "stats": {"hp": 216, "atk": 188, "def": 172, "spa": 125, "spd": 211, "spe": 197}}, "Groudon": {"name": "Groudon", "species": "Groudon", "speciesId": "groudon", "gender": "N", "shiny": false, "level": 72, "moves": ["heatcrash", "stealthrock", "precipiceblades", "willowisp"], "ability": "Drought", "evs": {"hp": 85, "atk": 85, "def": 85, "spa": 85, "spd": 85, "spe": 85}, "ivs": {"hp": 31, "atk": 31, "def": 31, "spa": 31, "spd": 31, "spe": 31}, "item": "Leftovers", "teraType": "Fire", "role": "Bulky Attacker", "bvs": {"hp": 100, "atk": 150, "def": 140, "spa": 100, "spd": 90, "spe": 90}, "stats": {"hp": 263, "atk": 258, "def": 244, "spa": 186, "spd": 172, "spe": 172}}}, {"Golem": {"name": "Golem", "species": "Golem-Alola", "speciesId": "golemalola", "gender": "F", "shiny": false, "level": 93, "moves": ["doubleedge", "stoneedge", "earthquake", "rockpolish"], "ability": "Galvanize", "evs": {"hp": 85, "atk": 85, "def": 85, "spa": 85, "spd": 85, "spe": 85}, "ivs": {"hp": 31, "atk": 31, "def": 31, "spa": 31, "spd": 31, "spe": 31}, "item": "Life Orb", "teraType": "Grass", "role": "Setup Sweeper", "bvs": {"hp": 80, "atk": 120, "def": 130, "spa": 55, "spd": 65, "spe": 45}, "stats": {"hp": 300, "atk": 276, "def": 295, "spa": 155, "spd": 174, "spe": 137}}, "Sableye": {"name": "Sableye", "species": "Sableye", "speciesId": "sableye", "gender": "M", "shiny": false, "level": 88, "moves": ["thunderwave", "knockoff", "recover", "encore"], "ability": "Prankster", "evs": {"hp": 85, "atk": 85, "def": 85, "spa": 85, "spd": 85, "spe": 85}, "ivs": {"hp": 31, "atk": 31, "def": 31, "spa": 31, "spd": 31, "spe": 31}, "item": "Leftovers", "teraType": "Steel", "role": "Bulky Support", "bvs": {"hp": 50, "atk": 75, "def": 75, "spa": 65, "spd": 65, "spe": 50}, "stats": {"hp": 231, "atk": 182, "def": 182, "spa": 165, "spd": 165, "spe": 138}}, "Hatterene": {"name": "Hatterene", "species": "Hatterene", "speciesId": "hatterene", "gender": "F", "shiny": false, "level": 85, "moves": ["drainingkiss", "nuzzle", "psychicnoise", "mysticalfire"], "ability": "Magic Bounce", "evs": {"hp": 85, "atk": 85, "def": 85, "spa": 85, "spd": 85, "spe": 85}, "ivs": {"hp": 31, "atk": 31, "def": 31, "spa": 31, "spd": 31, "spe": 31}, "item": "Assault Vest", "teraType": "Fairy", "role": "AV Pivot", "bvs": {"hp": 57, "atk": 90, "def": 95, "spa": 136, "spd": 103, "spe": 29}, "stats": {"hp": 236, "atk": 202, "def": 210, "spa": 280, "spd": 224, "spe": 98}}, "Mew": {"name": "Mew", "species": "Mew", "speciesId": "mew", "gender": "N", "shiny": false, "level": 82, "moves": ["psychicnoise", "stealthrock", "encore", "toxicspikes"], "ability": "Synchronize", "evs": {"hp": 85, "atk": 0, "def": 85, "spa": 85, "spd": 85, "spe": 85}, "ivs": {"hp": 31, "atk": 0, "def": 31, "spa": 31, "spd": 31, "spe": 31}, "item": "Leftovers", "teraType": "Steel", "role": "Bulky Support", "bvs": {"hp": 100, "atk": 100, "def": 100, "spa": 100, "spd": 100, "spe": 100}, "stats": {"hp": 298, "atk": 169, "def": 211, "spa": 211, "spd": 211, "spe": 211}}, "Arbok": {"name": "Arbok", "species": "Arbok", "speciesId": "arbok", "gender": "M", "shiny": false, "level": 87, "moves": ["earthquake", "gunkshot", "suckerpunch", "coil"], "ability": "Intimidate", "evs": {"hp": 85, "atk": 85, "def": 85, "spa": 85, "spd": 85, "spe": 85}, "ivs": {"hp": 31, "atk": 31, "def": 31, "spa": 31, "spd": 31, "spe": 31}, "item": "Leftovers", "teraType": "Dark", "role": "Bulky Attacker", "bvs": {"hp": 60, "atk": 95, "def": 69, "spa": 65, "spd": 79, "spe": 80}, "stats": {"hp": 246, "atk": 215, "def": 170, "spa": 163, "spd": 187, "spe": 189}}, "Crawdaunt": {"name": "Crawdaunt", "species": "Crawdaunt", "speciesId": "crawdaunt", "gender": "F", "shiny": false, "level": 84, "moves": ["knockoff", "dragondance", "aquajet", "crabhammer"], "ability": "Adaptability", "evs": {"hp": 85, "atk": 85, "def": 85, "spa": 85, "spd": 85, "spe": 85}, "ivs": {"hp": 31, "atk": 31, "def": 31, "spa": 31, "spd": 31, "spe": 31}, "item": "Life Orb", "teraType": "Water", "role": "Setup Sweeper", "bvs": {"hp": 63, "atk": 120, "def": 85, "spa": 90, "spd": 55, "spe": 55}, "stats": {"hp": 243, "atk": 250, "def": 191, "spa": 199, "spd": 141, "spe": 141}}}]}