{"id": "gen9randombattle-2631848323", "format": "[Gen 9] Random Battle", "players": ["IceColdAcer", "bimiuchiratnhieu"], "log": "|j|\u2606IceColdAcer\n|j|\u2606bimiuchiratnhieu\n|t:|1781447764\n|gametype|singles\n|player|p1|IceColdAcer|acetrainer|2033\n|player|p2|bimiuchiratnhieu|hilda|2085\n|gen|9\n|tier|[Gen 9] Random Battle\n|rated|\n|rule|Species Clause: Limit one of each Pok\u00e9mon\n|rule|HP Percentage Mod: HP is shown in percentages\n|rule|Sleep Clause Mod: Limit one foe put to sleep\n|rule|Illusion Level Mod: Illusion disguises the Pok\u00e9mon's true level\n|\n|t:|1781447764\n|teamsize|p1|6\n|teamsize|p2|6\n|start\n|switch|p1a: Oricorio|Oricorio-Pom-Pom, L82, M|257/257\n|switch|p2a: Furret|Furret, L94, M|312/312\n|-item|p1a: Oricorio|Heavy-Duty Boots|[from] ability: Frisk|[of] p2a: Furret\n|turn|1\n|inactive|Battle timer is ON: inactive players will automatically lose when time's up. (requested by bimiuchiratnhieu)\n|\n|t:|1781447775\n|switch|p1a: Avalugg|Avalugg-Hisui, L90, M|317/317\n|move|p2a: Furret|Tidy Up|p2a: Furret\n|-boost|p2a: Furret|atk|1\n|-boost|p2a: Furret|spe|1\n|\n|upkeep\n|turn|2\n|\n|t:|1781447784\n|move|p2a: Furret|Brick Break|p1a: Avalugg\n|-supereffective|p1a: Avalugg\n|-damage|p1a: Avalugg|83/317\n|-damage|p2a: Furret|281/312|[from] item: Life Orb\n|move|p1a: Avalugg|Avalanche|p2a: Furret\n|-damage|p2a: Furret|94/312\n|\n|upkeep\n|turn|3\n|\n|t:|1781447792\n|-terastallize|p1a: Avalugg|Ghost\n|move|p2a: Furret|Brick Break|p1a: Avalugg\n|-immune|p1a: Avalugg\n|move|p1a: Avalugg|Recover|p1a: Avalugg\n|-heal|p1a: Avalugg|242/317\n|\n|upkeep\n|turn|4\n|\n|t:|1781447802\n|move|p2a: Furret|Tidy Up|p2a: Furret\n|-boost|p2a: Furret|atk|1\n|-boost|p2a: Furret|spe|1\n|move|p1a: Avalugg|Recover|p1a: Avalugg\n|-heal|p1a: Avalugg|317/317\n|\n|upkeep\n|turn|5\n|\n|t:|1781447806\n|move|p2a: Furret|Knock Off|p1a: Avalugg\n|-supereffective|p1a: Avalugg\n|-damage|p1a: Avalugg|132/317\n|-enditem|p1a: Avalugg|Heavy-Duty Boots|[from] move: Knock Off|[of] p2a: Furret\n|-damage|p2a: Furret|63/312|[from] item: Life Orb\n|move|p1a: Avalugg|Avalanche|p2a: Furret\n|-damage|p2a: Furret|0 fnt\n|faint|p2a: Furret\n|\n|upkeep\n|\n|t:|1781447816\n|switch|p2a: Bruxish|Bruxish, L85, F|254/254\n|turn|6\n|\n|t:|1781447825\n|move|p2a: Bruxish|Psychic Fangs|p1a: Avalugg\n|-crit|p1a: Avalugg\n|-damage|p1a: Avalugg|12/317\n|move|p1a: Avalugg|Recover|p1a: Avalugg\n|-heal|p1a: Avalugg|171/317\n|\n|upkeep\n|turn|7\n|\n|t:|1781447853\n|switch|p2a: Dudunsparce|Dudunsparce, L83, M|343/343\n|move|p1a: Avalugg|Recover|p1a: Avalugg\n|-heal|p1a: Avalugg|317/317\n|\n|upkeep\n|turn|8\n|\n|t:|1781447870\n|switch|p1a: Glimmora|Glimmora, L75, M|248/248\n|move|p2a: Dudunsparce|Glare|p1a: Glimmora\n|-status|p1a: Glimmora|par\n|\n|upkeep\n|turn|9\n|\n|t:|1781447893\n|move|p2a: Dudunsparce|Earthquake|p1a: Glimmora\n|-supereffective|p1a: Glimmora\n|-damage|p1a: Glimmora|0 fnt\n|-activate|p1a: Glimmora|ability: Toxic Debris\n|-sidestart|p2: bimiuchiratnhieu|move: Toxic Spikes\n|faint|p1a: Glimmora\n|\n|upkeep\n|\n|t:|1781447902\n|switch|p1a: Avalugg|Avalugg-Hisui, L90, M, tera:Ghost|317/317\n|turn|10\n|inactive|bimiuchiratnhieu has 120 seconds left.\n|\n|t:|1781447927\n|move|p2a: Dudunsparce|Glare|p1a: Avalugg\n|-status|p1a: Avalugg|par\n|move|p1a: Avalugg|Stone Edge|p2a: Dudunsparce\n|-crit|p2a: Dudunsparce\n|-damage|p2a: Dudunsparce|93/343\n|\n|-heal|p2a: Dudunsparce|114/343|[from] item: Leftovers\n|upkeep\n|turn|11\n|\n|t:|1781447936\n|move|p2a: Dudunsparce|Roost|p2a: Dudunsparce\n|-heal|p2a: Dudunsparce|286/343\n|-singleturn|p2a: Dudunsparce|move: Roost\n|move|p1a: Avalugg|Stone Edge|p2a: Dudunsparce\n|-damage|p2a: Dudunsparce|109/343\n|\n|-heal|p2a: Dudunsparce|130/343|[from] item: Leftovers\n|upkeep\n|turn|12\n|\n|t:|1781447942\n|move|p2a: Dudunsparce|Roost|p2a: Dudunsparce\n|-heal|p2a: Dudunsparce|302/343\n|-singleturn|p2a: Dudunsparce|move: Roost\n|move|p1a: Avalugg|Stone Edge|p2a: Dudunsparce\n|-damage|p2a: Dudunsparce|134/343\n|\n|-heal|p2a: Dudunsparce|155/343|[from] item: Leftovers\n|upkeep\n|turn|13\n|\n|t:|1781447948\n|move|p2a: Dudunsparce|Roost|p2a: Dudunsparce\n|-heal|p2a: Dudunsparce|327/343\n|-singleturn|p2a: Dudunsparce|move: Roost\n|move|p1a: Avalugg|Stone Edge|p2a: Dudunsparce\n|-damage|p2a: Dudunsparce|171/343\n|\n|-heal|p2a: Dudunsparce|192/343|[from] item: Leftovers\n|upkeep\n|turn|14\n|\n|t:|1781447953\n|move|p2a: Dudunsparce|Roost|p2a: Dudunsparce\n|-heal|p2a: Dudunsparce|343/343\n|-singleturn|p2a: Dudunsparce|move: Roost\n|move|p1a: Avalugg|Stone Edge|p2a: Dudunsparce\n|-damage|p2a: Dudunsparce|187/343\n|\n|-heal|p2a: Dudunsparce|208/343|[from] item: Leftovers\n|upkeep\n|turn|15\n|\n|t:|1781447963\n|move|p2a: Dudunsparce|Roost|p2a: Dudunsparce\n|-heal|p2a: Dudunsparce|343/343\n|-singleturn|p2a: Dudunsparce|move: Roost\n|move|p1a: Avalugg|Avalanche|p2a: Dudunsparce\n|-damage|p2a: Dudunsparce|243/343\n|\n|-heal|p2a: Dudunsparce|264/343|[from] item: Leftovers\n|upkeep\n|turn|16\n|\n|t:|1781447984\n|switch|p2a: Feraligatr|Feraligatr, L79, M|264/264\n|-status|p2a: Feraligatr|psn\n|move|p1a: Avalugg|Stone Edge|p2a: Feraligatr\n|-damage|p2a: Feraligatr|126/264 psn\n|\n|-damage|p2a: Feraligatr|93/264 psn|[from] psn\n|upkeep\n|turn|17\n|\n|t:|1781447991\n|move|p2a: Feraligatr|Liquidation|p1a: Avalugg\n|-damage|p1a: Avalugg|242/317 par\n|move|p1a: Avalugg|Avalanche|p2a: Feraligatr\n|-resisted|p2a: Feraligatr\n|-damage|p2a: Feraligatr|8/264 psn\n|\n|-damage|p2a: Feraligatr|0 fnt|[from] psn\n|faint|p2a: Feraligatr\n|upkeep\n|inactive|bimiuchiratnhieu has 120 seconds left.\n|\n|t:|1781448016\n|switch|p2a: Ribombee|Ribombee, L83, M|235/235\n|turn|18\n|inactive|bimiuchiratnhieu has 120 seconds left.\n|\n|t:|1781448032\n|-terastallize|p2a: Ribombee|Ground\n|move|p2a: Ribombee|Tera Blast|p1a: Avalugg|[anim] Tera Blast Ground\n|-damage|p1a: Avalugg|100/317 par\n|move|p1a: Avalugg|Stone Edge|p2a: Ribombee\n|-resisted|p2a: Ribombee\n|-damage|p2a: Ribombee|137/235\n|\n|upkeep\n|turn|19\n|inactive|bimiuchiratnhieu has 120 seconds left.\n|\n|t:|1781448040\n|switch|p1a: Hoopa|Hoopa, L85|275/275\n|move|p2a: Ribombee|Moonblast|p1a: Hoopa\n|-damage|p1a: Hoopa|205/275\n|-unboost|p1a: Hoopa|spa|1\n|\n|upkeep\n|turn|20\n|inactive|bimiuchiratnhieu has 120 seconds left.\n|inactive|bimiuchiratnhieu has 90 seconds left.\n|\n|t:|1781448098\n|switch|p2a: Dudunsparce|Dudunsparce, L83, M|264/343\n|-status|p2a: Dudunsparce|psn\n|move|p1a: Hoopa|Psyshock|p2a: Dudunsparce\n|-damage|p2a: Dudunsparce|139/343 psn\n|-damage|p1a: Hoopa|178/275|[from] item: Life Orb\n|\n|-heal|p2a: Dudunsparce|160/343 psn|[from] item: Leftovers\n|-damage|p2a: Dudunsparce|118/343 psn|[from] psn\n|upkeep\n|turn|21\n|\n|t:|1781448108\n|move|p1a: Hoopa|Psyshock|p2a: Dudunsparce\n|-damage|p2a: Dudunsparce|1/343 psn\n|-damage|p1a: Hoopa|151/275|[from] item: Life Orb\n|move|p2a: Dudunsparce|Earthquake|p1a: Hoopa\n|-damage|p1a: Hoopa|52/275\n|\n|-heal|p2a: Dudunsparce|22/343 psn|[from] item: Leftovers\n|-damage|p2a: Dudunsparce|0 fnt|[from] psn\n|faint|p2a: Dudunsparce\n|upkeep\n|inactive|bimiuchiratnhieu has 60 seconds left.\n|\n|t:|1781448134\n|switch|p2a: Bruxish|Bruxish, L85, F|254/254\n|-status|p2a: Bruxish|psn\n|turn|22\n|\n|t:|1781448139\n|move|p2a: Bruxish|Psychic Fangs|p1a: Hoopa\n|-resisted|p1a: Hoopa\n|-damage|p1a: Hoopa|0 fnt\n|faint|p1a: Hoopa\n|\n|-damage|p2a: Bruxish|223/254 psn|[from] psn\n|upkeep\n|\n|t:|1781448145\n|switch|p1a: Masquerain|Masquerain, L87, F|264/264\n|-ability|p1a: Masquerain|Intimidate|boost\n|-unboost|p2a: Bruxish|atk|1\n|turn|23\n|\n|t:|1781448152\n|move|p2a: Bruxish|Psychic Fangs|p1a: Masquerain\n|-damage|p1a: Masquerain|143/264\n|move|p1a: Masquerain|Quiver Dance|p1a: Masquerain\n|-boost|p1a: Masquerain|spa|1\n|-boost|p1a: Masquerain|spd|1\n|-boost|p1a: Masquerain|spe|1\n|\n|-damage|p2a: Bruxish|192/254 psn|[from] psn\n|upkeep\n|turn|24\n|\n|t:|1781448156\n|move|p2a: Bruxish|Psychic Fangs|p1a: Masquerain\n|-damage|p1a: Masquerain|26/264\n|move|p1a: Masquerain|Bug Buzz|p2a: Bruxish\n|-supereffective|p2a: Bruxish\n|-damage|p2a: Bruxish|0 fnt\n|faint|p2a: Bruxish\n|\n|upkeep\n|inactive|bimiuchiratnhieu has 90 seconds left.\n|\n|t:|1781448162\n|switch|p2a: Baxcalibur|Baxcalibur, L75, M|295/295\n|-status|p2a: Baxcalibur|psn\n|turn|25\n|\n|t:|1781448165\n|move|p2a: Baxcalibur|Ice Shard|p1a: Masquerain\n|-supereffective|p1a: Masquerain\n|-damage|p1a: Masquerain|0 fnt\n|faint|p1a: Masquerain\n|\n|-damage|p2a: Baxcalibur|259/295 psn|[from] psn\n|upkeep\n|\n|t:|1781448172\n|switch|p1a: Avalugg|Avalugg-Hisui, L90, M, tera:Ghost|100/317 par\n|turn|26\n|\n|t:|1781448175\n|switch|p2a: Ribombee|Ribombee, L83, M, tera:Ground|137/235\n|move|p1a: Avalugg|Avalanche|p2a: Ribombee\n|-supereffective|p2a: Ribombee\n|-damage|p2a: Ribombee|0 fnt\n|faint|p2a: Ribombee\n|\n|upkeep\n|\n|t:|1781448178\n|switch|p2a: Baxcalibur|Baxcalibur, L75, M|259/295 psn\n|turn|27\n|\n|t:|1781448187\n|move|p2a: Baxcalibur|Icicle Crash|p1a: Avalugg\n|-damage|p1a: Avalugg|28/317 par\n|move|p1a: Avalugg|Stone Edge|p2a: Baxcalibur\n|-supereffective|p2a: Baxcalibur\n|-damage|p2a: Baxcalibur|0 fnt\n|faint|p2a: Baxcalibur\n|\n|win|IceColdAcer\n|raw|IceColdAcer's rating: 2033 &rarr; <strong>2055</strong><br />(+22 for winning)\n|raw|bimiuchiratnhieu's rating: 2067 &rarr; <strong>2045</strong><br />(-22 for losing)\n", "inputlog": ">version a8376a258c1d4662feba110a92103f3664a72141\n>start {\"formatid\":\"gen9randombattle\",\"seed\":\"sodium,ca4cdc01918f12f3b327e369c54c46fa\",\"rated\":\"Rated battle\"}\n>player p1 {\"name\":\"IceColdAcer\",\"avatar\":\"acetrainer\",\"rating\":2033,\"seed\":\"sodium,bcab80bc3e11ae40c5c32d4b17397022\"}\n>player p2 {\"name\":\"bimiuchiratnhieu\",\"avatar\":\"hilda\",\"rating\":2085,\"seed\":\"sodium,b2ab26494327e1dc864b5ba6aa8fa45d\"}\n>p1 switch 5\n>p2 move tidyup\n>p1 move avalanche\n>p2 move brickbreak\n>p1 move recover terastallize\n>p2 move brickbreak\n>p1 move recover\n>p2 move tidyup\n>p1 move avalanche\n>p2 move knockoff\n>p2 switch 6\n>p1 move recover\n>p2 move psychicfangs\n>p1 move recover\n>p2 switch 4\n>p1 switch 6\n>p2 move glare\n>p1 move stealthrock\n>p2 move earthquake\n>p1 switch 6\n>p1 move stoneedge\n>p2 move glare\n>p1 move stoneedge\n>p2 move roost\n>p1 move stoneedge\n>p2 move roost\n>p1 move stoneedge\n>p2 move roost\n>p1 move stoneedge\n>p2 move roost\n>p1 move avalanche\n>p2 move roost\n>p1 move stoneedge\n>p2 switch 3\n>p1 move avalanche\n>p2 move liquidation\n>p2 switch 5\n>p1 move stoneedge\n>p2 move terablast terastallize\n>p1 switch 2\n>p2 move moonblast\n>p1 move psyshock\n>p2 switch 3\n>p1 move psyshock\n>p2 move earthquake\n>p2 switch 4\n>p1 move shadowball\n>p2 move psychicfangs\n>p1 switch 3\n>p1 move quiverdance\n>p2 move psychicfangs\n>p1 move bugbuzz\n>p2 move psychicfangs\n>p2 switch 2\n>p1 move bugbuzz\n>p2 move iceshard\n>p1 switch 2\n>p1 move avalanche\n>p2 switch 3\n>p2 switch 3\n>p1 move stoneedge\n>p2 move iciclecrash", "uploadtime": 1781447765, "views": 7, "formatid": "gen9randombattle", "rating": 2045, "private": 0, "password": null, "player_dets": [{"name": "IceColdAcer", "avatar": "acetrainer", "rating": 2033, "seed": "sodium,bcab80bc3e11ae40c5c32d4b17397022"}, {"name": "bimiuchiratnhieu", "avatar": "hilda", "rating": 2085, "seed": "sodium,b2ab26494327e1dc864b5ba6aa8fa45d"}], "teams_full": [{"Oricorio": {"name": "Oricorio", "species": "Oricorio-Pom-Pom", "speciesId": "oricoriopompom", "gender": "M", "shiny": false, "level": 82, "moves": ["revelationdance", "hurricane", "quiverdance", "roost"], "ability": "Dancer", "evs": {"hp": 85, "atk": 0, "def": 85, "spa": 85, "spd": 85, "spe": 85}, "ivs": {"hp": 31, "atk": 0, "def": 31, "spa": 31, "spd": 31, "spe": 31}, "item": "Heavy-Duty Boots", "teraType": "Ground", "role": "Setup Sweeper", "bvs": {"hp": 75, "atk": 70, "def": 70, "spa": 98, "spd": 70, "spe": 93}, "stats": {"hp": 257, "atk": 119, "def": 162, "spa": 208, "spd": 162, "spe": 200}}, "Hoopa": {"name": "Hoopa", "species": "Hoopa", "speciesId": "hoopa", "gender": "N", "shiny": false, "level": 85, "moves": ["focusblast", "nastyplot", "psyshock", "shadowball"], "ability": "Magician", "evs": {"hp": 85, "atk": 0, "def": 85, "spa": 85, "spd": 85, "spe": 85}, "ivs": {"hp": 31, "atk": 0, "def": 31, "spa": 31, "spd": 31, "spe": 31}, "item": "Life Orb", "teraType": "Ghost", "role": "Fast Attacker", "bvs": {"hp": 80, "atk": 110, "def": 60, "spa": 150, "spd": 130, "spe": 70}, "stats": {"hp": 275, "atk": 192, "def": 151, "spa": 304, "spd": 270, "spe": 168}}, "Masquerain": {"name": "Masquerain", "species": "Masquerain", "speciesId": "masquerain", "gender": "F", "shiny": false, "level": 87, "moves": ["hurricane", "quiverdance", "hydropump", "bugbuzz"], "ability": "Intimidate", "evs": {"hp": 85, "atk": 0, "def": 85, "spa": 85, "spd": 85, "spe": 85}, "ivs": {"hp": 31, "atk": 0, "def": 31, "spa": 31, "spd": 31, "spe": 31}, "item": "Heavy-Duty Boots", "teraType": "Water", "role": "Setup Sweeper", "bvs": {"hp": 70, "atk": 60, "def": 62, "spa": 100, "spd": 82, "spe": 80}, "stats": {"hp": 264, "atk": 109, "def": 158, "spa": 224, "spd": 192, "spe": 189}}, "Granbull": {"name": "Granbull", "species": "Granbull", "speciesId": "granbull", "gender": "F", "shiny": false, "level": 88, "moves": ["roar", "thunderwave", "playrough", "earthquake"], "ability": "Intimidate", "evs": {"hp": 85, "atk": 85, "def": 85, "spa": 85, "spd": 85, "spe": 85}, "ivs": {"hp": 31, "atk": 31, "def": 31, "spa": 31, "spd": 31, "spe": 31}, "item": "Leftovers", "teraType": "Ground", "role": "Bulky Support", "bvs": {"hp": 90, "atk": 120, "def": 75, "spa": 60, "spd": 60, "spe": 45}, "stats": {"hp": 302, "atk": 261, "def": 182, "spa": 156, "spd": 156, "spe": 129}}, "Avalugg": {"name": "Avalugg", "species": "Avalugg-Hisui", "speciesId": "avalugghisui", "gender": "M", "shiny": false, "level": 90, "moves": ["avalanche", "stoneedge", "rapidspin", "recover"], "ability": "Sturdy", "evs": {"hp": 85, "atk": 85, "def": 85, "spa": 85, "spd": 85, "spe": 85}, "ivs": {"hp": 31, "atk": 31, "def": 31, "spa": 31, "spd": 31, "spe": 31}, "item": "Heavy-Duty Boots", "teraType": "Ghost", "role": "Bulky Attacker", "bvs": {"hp": 95, "atk": 127, "def": 184, "spa": 34, "spd": 36, "spe": 38}, "stats": {"hp": 317, "atk": 280, "def": 383, "spa": 113, "spd": 116, "spe": 120}}, "Glimmora": {"name": "Glimmora", "species": "Glimmora", "speciesId": "glimmora", "gender": "M", "shiny": false, "level": 75, "moves": ["sludgewave", "earthpower", "stealthrock", "mortalspin"], "ability": "Toxic Debris", "evs": {"hp": 85, "atk": 85, "def": 85, "spa": 85, "spd": 85, "spe": 85}, "ivs": {"hp": 31, "atk": 31, "def": 31, "spa": 31, "spd": 31, "spe": 31}, "item": "Heavy-Duty Boots", "teraType": "Ground", "role": "Fast Support", "bvs": {"hp": 83, "atk": 55, "def": 90, "spa": 130, "spd": 81, "spe": 86}, "stats": {"hp": 248, "atk": 126, "def": 179, "spa": 239, "spd": 165, "spe": 173}}}, {"Furret": {"name": "Furret", "species": "Furret", "speciesId": "furret", "gender": "M", "shiny": false, "level": 94, "moves": ["knockoff", "doubleedge", "brickbreak", "tidyup"], "ability": "Frisk", "evs": {"hp": 85, "atk": 85, "def": 85, "spa": 85, "spd": 85, "spe": 85}, "ivs": {"hp": 31, "atk": 31, "def": 31, "spa": 31, "spd": 31, "spe": 31}, "item": "Life Orb", "teraType": "Ghost", "role": "Setup Sweeper", "bvs": {"hp": 85, "atk": 76, "def": 64, "spa": 45, "spd": 55, "spe": 90}, "stats": {"hp": 312, "atk": 196, "def": 174, "spa": 138, "spd": 157, "spe": 223}}, "Baxcalibur": {"name": "Baxcalibur", "species": "Baxcalibur", "speciesId": "baxcalibur", "gender": "M", "shiny": false, "level": 75, "moves": ["earthquake", "iciclecrash", "glaiverush", "iceshard"], "ability": "Thermal Exchange", "evs": {"hp": 81, "atk": 85, "def": 85, "spa": 85, "spd": 85, "spe": 85}, "ivs": {"hp": 31, "atk": 31, "def": 31, "spa": 31, "spd": 31, "spe": 31}, "item": "Choice Band", "teraType": "Ground", "role": "Fast Attacker", "bvs": {"hp": 115, "atk": 145, "def": 92, "spa": 75, "spd": 86, "spe": 87}, "stats": {"hp": 295, "atk": 261, "def": 182, "spa": 156, "spd": 173, "spe": 174}}, "Feraligatr": {"name": "Feraligatr", "species": "Feraligatr", "speciesId": "feraligatr", "gender": "M", "shiny": false, "level": 79, "moves": ["liquidation", "trailblaze", "dragondance", "icepunch"], "ability": "Sheer Force", "evs": {"hp": 85, "atk": 85, "def": 85, "spa": 85, "spd": 85, "spe": 85}, "ivs": {"hp": 31, "atk": 31, "def": 31, "spa": 31, "spd": 31, "spe": 31}, "item": "Life Orb", "teraType": "Water", "role": "Setup Sweeper", "bvs": {"hp": 85, "atk": 105, "def": 100, "spa": 79, "spd": 83, "spe": 78}, "stats": {"hp": 264, "atk": 211, "def": 204, "spa": 170, "spd": 177, "spe": 169}}, "Dudunsparce": {"name": "Dudunsparce", "species": "Dudunsparce", "speciesId": "dudunsparce", "gender": "M", "shiny": false, "level": 83, "moves": ["glare", "roost", "headbutt", "earthquake"], "ability": "Serene Grace", "evs": {"hp": 85, "atk": 85, "def": 85, "spa": 85, "spd": 85, "spe": 85}, "ivs": {"hp": 31, "atk": 31, "def": 31, "spa": 31, "spd": 31, "spe": 31}, "item": "Leftovers", "teraType": "Ground", "role": "Bulky Support", "bvs": {"hp": 125, "atk": 100, "def": 80, "spa": 85, "spd": 75, "spe": 55}, "stats": {"hp": 343, "atk": 214, "def": 180, "spa": 189, "spd": 172, "spe": 139}}, "Ribombee": {"name": "Ribombee", "species": "Ribombee", "speciesId": "ribombee", "gender": "M", "shiny": false, "level": 83, "moves": ["moonblast", "terablast", "quiverdance", "bugbuzz"], "ability": "Shield Dust", "evs": {"hp": 85, "atk": 0, "def": 85, "spa": 85, "spd": 85, "spe": 85}, "ivs": {"hp": 31, "atk": 0, "def": 31, "spa": 31, "spd": 31, "spe": 31}, "item": "Heavy-Duty Boots", "teraType": "Ground", "role": "Tera Blast user", "bvs": {"hp": 60, "atk": 55, "def": 60, "spa": 95, "spd": 70, "spe": 124}, "stats": {"hp": 235, "atk": 96, "def": 147, "spa": 205, "spd": 164, "spe": 254}}, "Bruxish": {"name": "Bruxish", "species": "Bruxish", "speciesId": "bruxish", "gender": "F", "shiny": false, "level": 85, "moves": ["wavecrash", "psychicfangs", "crunch", "flipturn"], "ability": "Strong Jaw", "evs": {"hp": 85, "atk": 85, "def": 85, "spa": 85, "spd": 85, "spe": 85}, "ivs": {"hp": 31, "atk": 31, "def": 31, "spa": 31, "spd": 31, "spe": 31}, "item": "Choice Scarf", "teraType": "Psychic", "role": "Fast Attacker", "bvs": {"hp": 68, "atk": 105, "def": 70, "spa": 70, "spd": 70, "spe": 92}, "stats": {"hp": 254, "atk": 227, "def": 168, "spa": 168, "spd": 168, "spe": 205}}}]}