{"id": "gen9randombattle-2631372660", "format": "[Gen 9] Random Battle", "players": ["nano jump", "Teres bahji"], "log": "|badge|p2|bronze|gen9randombattle|100-9\n|uhtml|medal-msg|<div class=\"broadcast-blue\">Curious what those medals under the avatar are? PS now has Ladder Seasons! For more information, check out the <a href=\"https://www.smogon.com/forums/threads/3740067/\">thread on Smogon.</a></div>\n|j|\u2606nano jump\n|j|\u2606Teres bahji\n|t:|1781376929\n|gametype|singles\n|player|p1|nano jump|steven-masters|2297\n|player|p2|Teres bahji|#rbtt6teamzarudef|2379\n|gen|9\n|tier|[Gen 9] Random Battle\n|rated|\n|rule|Species Clause: Limit one of each Pok\u00e9mon\n|rule|HP Percentage Mod: HP is shown in percentages\n|rule|Sleep Clause Mod: Limit one foe put to sleep\n|rule|Illusion Level Mod: Illusion disguises the Pok\u00e9mon's true level\n|\n|t:|1781376929\n|teamsize|p1|6\n|teamsize|p2|6\n|start\n|switch|p1a: Mamoswine|Mamoswine, L81, M|311/311\n|switch|p2a: Golem|Golem-Alola, L93, M|300/300\n|turn|1\n|inactive|Battle timer is ON: inactive players will automatically lose when time's up. (requested by nano jump)\n|inactive|Teres bahji also wants the timer to be on.\n|c|\u2606nano jump|hi\n|\n|t:|1781376943\n|move|p1a: Mamoswine|Knock Off|p2a: Golem\n|-damage|p2a: Golem|220/300\n|-enditem|p2a: Golem|Choice Band|[from] move: Knock Off|[of] p1a: Mamoswine\n|move|p2a: Golem|Earthquake|p1a: Mamoswine\n|-damage|p1a: Mamoswine|199/311\n|\n|upkeep\n|turn|2\n|\n|t:|1781376955\n|switch|p1a: Lurantis|Lurantis, L87, M|264/264\n|move|p2a: Golem|Double-Edge|p1a: Lurantis\n|-resisted|p1a: Lurantis\n|-damage|p1a: Lurantis|156/264\n|-damage|p2a: Golem|184/300|[from] Recoil\n|\n|upkeep\n|turn|3\n|\n|t:|1781376963\n|move|p2a: Golem|Explosion|p1a: Lurantis\n|-resisted|p1a: Lurantis\n|-damage|p1a: Lurantis|0 fnt\n|faint|p2a: Golem\n|faint|p1a: Lurantis\n|\n|upkeep\n|\n|t:|1781376971\n|switch|p2a: Overqwil|Overqwil, L82, M|274/274\n|switch|p1a: Mamoswine|Mamoswine, L81, M|199/311\n|-ability|p2a: Overqwil|Intimidate|boost\n|-unboost|p1a: Mamoswine|atk|1\n|turn|4\n|\n|t:|1781376979\n|switch|p2a: Swanna|Swanna, L89, M|278/278\n|move|p1a: Mamoswine|Earthquake|p2a: Swanna\n|-immune|p2a: Swanna\n|\n|upkeep\n|turn|5\n|\n|t:|1781376986\n|switch|p1a: Staraptor|Staraptor, L79, M|263/263\n|move|p2a: Swanna|Brave Bird|p1a: Staraptor\n|-damage|p1a: Staraptor|109/263\n|-damage|p2a: Swanna|227/278|[from] Recoil\n|\n|upkeep\n|turn|6\n|\n|t:|1781376996\n|switch|p1a: Sudowoodo|Sudowoodo, L94, F|284/284\n|move|p2a: Swanna|Brave Bird|p1a: Sudowoodo\n|-resisted|p1a: Sudowoodo\n|-damage|p1a: Sudowoodo|234/284\n|-damage|p2a: Swanna|210/278|[from] Recoil\n|\n|-heal|p1a: Sudowoodo|251/284|[from] item: Leftovers\n|upkeep\n|turn|7\n|\n|t:|1781377001\n|-terastallize|p1a: Sudowoodo|Grass\n|move|p2a: Swanna|Hydro Pump|p1a: Sudowoodo\n|-resisted|p1a: Sudowoodo\n|-damage|p1a: Sudowoodo|189/284\n|move|p1a: Sudowoodo|Head Smash|p2a: Swanna\n|-supereffective|p2a: Swanna\n|-damage|p2a: Swanna|0 fnt\n|faint|p2a: Swanna\n|\n|-heal|p1a: Sudowoodo|206/284|[from] item: Leftovers\n|upkeep\n|\n|t:|1781377009\n|switch|p2a: Scovillain|Scovillain, L91, M|266/266\n|turn|8\n|\n|t:|1781377017\n|switch|p1a: Staraptor|Staraptor, L79, M|109/263\n|move|p2a: Scovillain|Flamethrower|p1a: Staraptor\n|-damage|p1a: Staraptor|0 fnt\n|faint|p1a: Staraptor\n|\n|upkeep\n|\n|t:|1781377023\n|switch|p1a: Mamoswine|Mamoswine, L81, M|199/311\n|turn|9\n|\n|t:|1781377027\n|move|p2a: Scovillain|Protect|p2a: Scovillain\n|-singleturn|p2a: Scovillain|Protect\n|move|p1a: Mamoswine|Earthquake|p2a: Scovillain\n|-activate|p2a: Scovillain|move: Protect\n|\n|upkeep\n|turn|10\n|\n|t:|1781377033\n|move|p2a: Scovillain|Flamethrower|p1a: Mamoswine\n|-supereffective|p1a: Mamoswine\n|-damage|p1a: Mamoswine|31/311\n|move|p1a: Mamoswine|Earthquake|p2a: Scovillain\n|-damage|p2a: Scovillain|49/266\n|\n|-heal|p2a: Scovillain|65/266|[from] item: Leftovers\n|upkeep\n|turn|11\n|\n|t:|1781377038\n|move|p2a: Scovillain|Flamethrower|p1a: Mamoswine\n|-supereffective|p1a: Mamoswine\n|-damage|p1a: Mamoswine|0 fnt\n|faint|p1a: Mamoswine\n|\n|-heal|p2a: Scovillain|81/266|[from] item: Leftovers\n|upkeep\n|\n|t:|1781377044\n|switch|p1a: Iron Valiant|Iron Valiant, L78|244/244\n|turn|12\n|\n|t:|1781377059\n|move|p1a: Iron Valiant|Knock Off|p2a: Scovillain\n|-damage|p2a: Scovillain|0 fnt\n|-enditem|p2a: Scovillain|Leftovers|[from] move: Knock Off|[of] p1a: Iron Valiant\n|faint|p2a: Scovillain\n|-damage|p1a: Iron Valiant|220/244|[from] item: Life Orb\n|\n|upkeep\n|\n|t:|1781377068\n|switch|p2a: Overqwil|Overqwil, L82, M|274/274\n|-ability|p2a: Overqwil|Intimidate|boost\n|-unboost|p1a: Iron Valiant|atk|1\n|turn|13\n|\n|t:|1781377075\n|move|p1a: Iron Valiant|Moonblast|p2a: Overqwil\n|-damage|p2a: Overqwil|101/274\n|-damage|p1a: Iron Valiant|196/244|[from] item: Life Orb\n|move|p2a: Overqwil|Gunk Shot|p1a: Iron Valiant\n|-supereffective|p1a: Iron Valiant\n|-damage|p1a: Iron Valiant|0 fnt\n|faint|p1a: Iron Valiant\n|-end|p1a: Iron Valiant|Quark Drive|[silent]\n|\n|upkeep\n|\n|t:|1781377078\n|switch|p1a: Vileplume|Vileplume, L85, M|266/266\n|turn|14\n|\n|t:|1781377087\n|move|p2a: Overqwil|Swords Dance|p2a: Overqwil\n|-boost|p2a: Overqwil|atk|2\n|move|p1a: Vileplume|Strength Sap|p2a: Overqwil\n|-unboost|p2a: Overqwil|atk|1\n|\n|upkeep\n|turn|15\n|\n|t:|1781377102\n|move|p2a: Overqwil|Swords Dance|p2a: Overqwil\n|-boost|p2a: Overqwil|atk|2\n|move|p1a: Vileplume|Strength Sap|p2a: Overqwil\n|-unboost|p2a: Overqwil|atk|1\n|\n|upkeep\n|turn|16\n|\n|t:|1781377117\n|move|p2a: Overqwil|Swords Dance|p2a: Overqwil\n|-boost|p2a: Overqwil|atk|2\n|move|p1a: Vileplume|Leech Seed|p2a: Overqwil\n|-start|p2a: Overqwil|move: Leech Seed\n|\n|-damage|p2a: Overqwil|67/274|[from] Leech Seed|[of] p1a: Vileplume\n|upkeep\n|turn|17\n|\n|t:|1781377128\n|move|p2a: Overqwil|Gunk Shot|p1a: Vileplume\n|-damage|p1a: Vileplume|0 fnt\n|faint|p1a: Vileplume\n|\n|upkeep\n|\n|t:|1781377130\n|switch|p1a: Sudowoodo|Sudowoodo, L94, F, tera:Grass|206/284\n|turn|18\n|\n|t:|1781377159\n|move|p1a: Sudowoodo|Sucker Punch|p2a: Overqwil\n|-resisted|p2a: Overqwil\n|-damage|p2a: Overqwil|38/274\n|move|p2a: Overqwil|Gunk Shot|p1a: Sudowoodo|[miss]\n|-miss|p2a: Overqwil|p1a: Sudowoodo\n|\n|-heal|p1a: Sudowoodo|223/284|[from] item: Leftovers\n|-damage|p2a: Overqwil|4/274|[from] Leech Seed|[of] p1a: Sudowoodo\n|-heal|p1a: Sudowoodo|257/284|[silent]\n|upkeep\n|turn|19\n|\n|t:|1781377164\n|move|p1a: Sudowoodo|Sucker Punch|p2a: Overqwil\n|-resisted|p2a: Overqwil\n|-damage|p2a: Overqwil|0 fnt\n|faint|p2a: Overqwil\n|\n|-heal|p1a: Sudowoodo|274/284|[from] item: Leftovers\n|upkeep\n|\n|t:|1781377170\n|switch|p2a: Mamoswine|Mamoswine, L81, F|311/311\n|turn|20\n|\n|t:|1781377175\n|move|p2a: Mamoswine|Icicle Crash|p1a: Sudowoodo\n|-supereffective|p1a: Sudowoodo\n|-damage|p1a: Sudowoodo|53/284\n|-damage|p2a: Mamoswine|280/311|[from] item: Life Orb\n|move|p1a: Sudowoodo|Wood Hammer|p2a: Mamoswine\n|-supereffective|p2a: Mamoswine\n|-damage|p2a: Mamoswine|0 fnt\n|faint|p2a: Mamoswine\n|\n|-heal|p1a: Sudowoodo|70/284|[from] item: Leftovers\n|upkeep\n|\n|t:|1781377187\n|switch|p2a: Cetitan|Cetitan, L82, M|412/412\n|turn|21\n|\n|t:|1781377192\n|-terastallize|p2a: Cetitan|Ice\n|move|p2a: Cetitan|Ice Spinner|p1a: Sudowoodo\n|-supereffective|p1a: Sudowoodo\n|-damage|p1a: Sudowoodo|0 fnt\n|faint|p1a: Sudowoodo\n|\n|win|Teres bahji\n", "inputlog": ">version a8376a258c1d4662feba110a92103f3664a72141\n>start {\"formatid\":\"gen9randombattle\",\"seed\":\"sodium,c50e4f44e2c1361773de5a65bcb29639\",\"rated\":\"Rated battle\"}\n>player p1 {\"name\":\"nano jump\",\"avatar\":\"steven-masters\",\"rating\":2297,\"seed\":\"sodium,6d48aaf5a43c9e37ea44a61755ee35cb\"}\n>player p2 {\"name\":\"Teres bahji\",\"avatar\":\"#rbtt6teamzarudef\",\"rating\":2379,\"seed\":\"sodium,60beb4d0bb4865689d2ab21714145a11\"}\n>chat \u2606nano jump|hi\n>p1 move knockoff\n>p2 move earthquake\n>p1 switch 6\n>p2 move doubleedge\n>p1 move leafstorm\n>p2 move explosion\n>p1 switch 6\n>p2 switch 2\n>p1 move earthquake\n>p2 switch 3\n>p1 switch 4\n>p2 move bravebird\n>p1 switch 5\n>p2 move bravebird\n>p1 move headsmash terastallize\n>p2 move hydropump\n>p2 switch 6\n>p1 switch 5\n>p2 move flamethrower\n>p1 switch 4\n>p1 move earthquake\n>p2 move protect\n>p1 move earthquake\n>p2 move flamethrower\n>p1 move earthquake\n>p2 move flamethrower\n>p1 switch 2\n>p1 move knockoff\n>p2 move flamethrower\n>p2 switch 3\n>p1 move moonblast\n>p2 move gunkshot\n>p1 switch 3\n>p1 move strengthsap\n>p2 move swordsdance\n>p1 move strengthsap\n>p2 move swordsdance\n>p1 move leechseed\n>p2 move swordsdance\n>p1 move sludgebomb\n>p2 move gunkshot\n>p1 switch 5\n>p1 move suckerpunch\n>p2 move gunkshot\n>p1 move suckerpunch\n>p2 move crunch\n>p2 switch 4\n>p1 move woodhammer\n>p2 move iciclecrash\n>p2 switch 5\n>p1 move headsmash\n>p2 move icespinner terastallize", "uploadtime": 1781376930, "views": 7, "formatid": "gen9randombattle", "rating": null, "private": 0, "password": null, "player_dets": [{"name": "nano jump", "avatar": "steven-masters", "rating": 2297, "seed": "sodium,6d48aaf5a43c9e37ea44a61755ee35cb"}, {"name": "Teres bahji", "avatar": "#rbtt6teamzarudef", "rating": 2379, "seed": "sodium,60beb4d0bb4865689d2ab21714145a11"}], "teams_full": [{"Mamoswine": {"name": "Mamoswine", "species": "Mamoswine", "speciesId": "mamoswine", "gender": "M", "shiny": false, "level": 81, "moves": ["earthquake", "iciclecrash", "iceshard", "knockoff"], "ability": "Thick Fat", "evs": {"hp": 85, "atk": 85, "def": 85, "spa": 85, "spd": 85, "spe": 85}, "ivs": {"hp": 31, "atk": 31, "def": 31, "spa": 31, "spd": 31, "spe": 31}, "item": "Choice Band", "teraType": "Ice", "role": "Wallbreaker", "bvs": {"hp": 110, "atk": 130, "def": 80, "spa": 70, "spd": 60, "spe": 80}, "stats": {"hp": 311, "atk": 257, "def": 176, "spa": 160, "spd": 144, "spe": 176}, "types": ["Ice", "Ground"]}, "Iron Valiant": {"name": "Iron Valiant", "species": "Iron Valiant", "speciesId": "ironvaliant", "gender": "N", "shiny": false, "level": 78, "moves": ["closecombat", "encore", "knockoff", "moonblast"], "ability": "Quark Drive", "evs": {"hp": 85, "atk": 85, "def": 85, "spa": 85, "spd": 85, "spe": 85}, "ivs": {"hp": 31, "atk": 31, "def": 31, "spa": 31, "spd": 31, "spe": 31}, "item": "Life Orb", "teraType": "Fighting", "role": "Wallbreaker", "bvs": {"hp": 74, "atk": 130, "def": 90, "spa": 120, "spd": 60, "spe": 116}, "stats": {"hp": 244, "atk": 248, "def": 185, "spa": 232, "spd": 139, "spe": 226}, "types": ["Fairy", "Fighting"]}, "Vileplume": {"name": "Vileplume", "species": "Vileplume", "speciesId": "vileplume", "gender": "M", "shiny": false, "level": 85, "moves": ["gigadrain", "sludgebomb", "strengthsap", "leechseed"], "ability": "Effect Spore", "evs": {"hp": 85, "atk": 0, "def": 85, "spa": 85, "spd": 85, "spe": 85}, "ivs": {"hp": 31, "atk": 0, "def": 31, "spa": 31, "spd": 31, "spe": 31}, "item": "Leftovers", "teraType": "Water", "role": "Bulky Attacker", "bvs": {"hp": 75, "atk": 80, "def": 85, "spa": 110, "spd": 90, "spe": 50}, "stats": {"hp": 266, "atk": 141, "def": 193, "spa": 236, "spd": 202, "spe": 134}, "types": ["Grass", "Poison"]}, "Staraptor": {"name": "Staraptor", "species": "Staraptor", "speciesId": "staraptor", "gender": "M", "shiny": false, "level": 79, "moves": ["closecombat", "doubleedge", "bravebird", "quickattack"], "ability": "Reckless", "evs": {"hp": 81, "atk": 85, "def": 85, "spa": 85, "spd": 85, "spe": 85}, "ivs": {"hp": 31, "atk": 31, "def": 31, "spa": 31, "spd": 31, "spe": 31}, "item": "Choice Band", "teraType": "Fighting", "role": "Fast Attacker", "bvs": {"hp": 85, "atk": 120, "def": 70, "spa": 50, "spd": 60, "spe": 100}, "stats": {"hp": 263, "atk": 235, "def": 156, "spa": 125, "spd": 140, "spe": 204}, "types": ["Normal", "Flying"]}, "Sudowoodo": {"name": "Sudowoodo", "species": "Sudowoodo", "speciesId": "sudowoodo", "gender": "F", "shiny": false, "level": 94, "moves": ["woodhammer", "stealthrock", "headsmash", "suckerpunch"], "ability": "Rock Head", "evs": {"hp": 85, "atk": 85, "def": 85, "spa": 85, "spd": 85, "spe": 85}, "ivs": {"hp": 31, "atk": 31, "def": 31, "spa": 31, "spd": 31, "spe": 31}, "item": "Leftovers", "teraType": "Grass", "role": "Bulky Attacker", "bvs": {"hp": 70, "atk": 100, "def": 115, "spa": 30, "spd": 65, "spe": 30}, "stats": {"hp": 284, "atk": 241, "def": 270, "spa": 110, "spd": 176, "spe": 110}, "types": ["Rock"]}, "Lurantis": {"name": "Lurantis", "species": "Lurantis", "speciesId": "lurantis", "gender": "M", "shiny": false, "level": 87, "moves": ["leechlife", "leafstorm", "superpower", "knockoff"], "ability": "Contrary", "evs": {"hp": 85, "atk": 85, "def": 85, "spa": 85, "spd": 85, "spe": 85}, "ivs": {"hp": 31, "atk": 31, "def": 31, "spa": 31, "spd": 31, "spe": 31}, "item": "Assault Vest", "teraType": "Steel", "role": "AV Pivot", "bvs": {"hp": 70, "atk": 105, "def": 90, "spa": 80, "spd": 90, "spe": 45}, "stats": {"hp": 264, "atk": 232, "def": 206, "spa": 189, "spd": 206, "spe": 128}, "types": ["Grass"]}}, {"Golem": {"name": "Golem", "species": "Golem-Alola", "speciesId": "golemalola", "gender": "M", "shiny": false, "level": 93, "moves": ["explosion", "earthquake", "doubleedge", "stoneedge"], "ability": "Galvanize", "evs": {"hp": 85, "atk": 85, "def": 85, "spa": 85, "spd": 85, "spe": 85}, "ivs": {"hp": 31, "atk": 31, "def": 31, "spa": 31, "spd": 31, "spe": 31}, "item": "Choice Band", "teraType": "Ground", "role": "Wallbreaker", "bvs": {"hp": 80, "atk": 120, "def": 130, "spa": 55, "spd": 65, "spe": 45}, "stats": {"hp": 300, "atk": 276, "def": 295, "spa": 155, "spd": 174, "spe": 137}, "types": ["Rock", "Electric"]}, "Overqwil": {"name": "Overqwil", "species": "Overqwil", "speciesId": "overqwil", "gender": "M", "shiny": false, "level": 82, "moves": ["crunch", "gunkshot", "scaleshot", "swordsdance"], "ability": "Intimidate", "evs": {"hp": 85, "atk": 85, "def": 85, "spa": 85, "spd": 85, "spe": 85}, "ivs": {"hp": 31, "atk": 31, "def": 31, "spa": 31, "spd": 31, "spe": 31}, "item": "Loaded Dice", "teraType": "Dragon", "role": "Setup Sweeper", "bvs": {"hp": 85, "atk": 115, "def": 95, "spa": 65, "spd": 65, "spe": 85}, "stats": {"hp": 274, "atk": 236, "def": 203, "spa": 154, "spd": 154, "spe": 187}, "types": ["Dark", "Poison"]}, "Swanna": {"name": "Swanna", "species": "Swanna", "speciesId": "swanna", "gender": "M", "shiny": false, "level": 89, "moves": ["roost", "hydropump", "bravebird", "defog"], "ability": "Hydration", "evs": {"hp": 85, "atk": 85, "def": 85, "spa": 85, "spd": 85, "spe": 85}, "ivs": {"hp": 31, "atk": 31, "def": 31, "spa": 31, "spd": 31, "spe": 31}, "item": "Heavy-Duty Boots", "teraType": "Ground", "role": "Bulky Support", "bvs": {"hp": 75, "atk": 87, "def": 63, "spa": 87, "spd": 63, "spe": 98}, "stats": {"hp": 278, "atk": 206, "def": 163, "spa": 206, "spd": 163, "spe": 225}, "types": ["Water", "Flying"]}, "Mamoswine": {"name": "Mamoswine", "species": "Mamoswine", "speciesId": "mamoswine", "gender": "F", "shiny": false, "level": 81, "moves": ["iciclecrash", "earthquake", "iceshard", "stealthrock"], "ability": "Thick Fat", "evs": {"hp": 85, "atk": 85, "def": 85, "spa": 85, "spd": 85, "spe": 85}, "ivs": {"hp": 31, "atk": 31, "def": 31, "spa": 31, "spd": 31, "spe": 31}, "item": "Life Orb", "teraType": "Ground", "role": "Wallbreaker", "bvs": {"hp": 110, "atk": 130, "def": 80, "spa": 70, "spd": 60, "spe": 80}, "stats": {"hp": 311, "atk": 257, "def": 176, "spa": 160, "spd": 144, "spe": 176}, "types": ["Ice", "Ground"]}, "Cetitan": {"name": "Cetitan", "species": "Cetitan", "speciesId": "cetitan", "gender": "M", "shiny": false, "level": 82, "moves": ["icespinner", "earthquake", "iceshard", "bellydrum"], "ability": "Thick Fat", "evs": {"hp": 81, "atk": 85, "def": 85, "spa": 85, "spd": 85, "spe": 85}, "ivs": {"hp": 31, "atk": 31, "def": 31, "spa": 31, "spd": 31, "spe": 31}, "item": "Sitrus Berry", "teraType": "Ice", "role": "Bulky Setup", "bvs": {"hp": 170, "atk": 113, "def": 65, "spa": 45, "spd": 55, "spe": 73}, "stats": {"hp": 412, "atk": 232, "def": 154, "spa": 121, "spd": 137, "spe": 167}, "types": ["Ice"]}, "Scovillain": {"name": "Scovillain", "species": "Scovillain", "speciesId": "scovillain", "gender": "M", "shiny": false, "level": 91, "moves": ["protect", "flamethrower", "substitute", "leechseed"], "ability": "Chlorophyll", "evs": {"hp": 85, "atk": 0, "def": 85, "spa": 85, "spd": 85, "spe": 85}, "ivs": {"hp": 31, "atk": 0, "def": 31, "spa": 31, "spd": 31, "spe": 31}, "item": "Leftovers", "teraType": "Steel", "role": "Bulky Attacker", "bvs": {"hp": 65, "atk": 108, "def": 65, "spa": 108, "spd": 65, "spe": 75}, "stats": {"hp": 266, "atk": 201, "def": 170, "spa": 248, "spd": 170, "spe": 188}, "types": ["Grass", "Fire"]}}]}