{"id": "gen9randombattle-2631506550", "format": "[Gen 9] Random Battle", "players": ["bojangles mkII", "pagenfranskane"], "log": "|j|\u2606bojangles mkII\n|j|\u2606pagenfranskane\n|t:|1781393865\n|gametype|singles\n|player|p1|bojangles mkII|unknown|1957\n|player|p2|pagenfranskane|battlegirl|1936\n|gen|9\n|tier|[Gen 9] Random Battle\n|rated|\n|rule|Species Clause: Limit one of each Pok\u00e9mon\n|rule|HP Percentage Mod: HP is shown in percentages\n|rule|Sleep Clause Mod: Limit one foe put to sleep\n|rule|Illusion Level Mod: Illusion disguises the Pok\u00e9mon's true level\n|\n|t:|1781393865\n|teamsize|p1|6\n|teamsize|p2|6\n|start\n|switch|p1a: Florges|Florges-White, L85, F|271/271\n|switch|p2a: Komala|Komala, L88, M|258/258\n|-ability|p2a: Komala|Comatose\n|turn|1\n|inactive|Battle timer is ON: inactive players will automatically lose when time's up. (requested by bojangles mkII)\n|-message|bojangles mkII forfeited.\n|\n|win|pagenfranskane\n", "uploadtime": 1781393867, "views": 5, "formatid": "gen9randombattle", "rating": null, "private": 0, "password": null}