{"id": "gen9randombattle-2631496549", "format": "[Gen 9] Random Battle", "players": ["Mamad_Champion", "ggvrggbrbrhbtbt"], "log": "|j|\u203dMamad_Champion\n|j|\u2606ggvrggbrbrhbtbt\n|t:|1781392460\n|gametype|singles\n|player|p1|Mamad_Champion|wattson|1040\n|player|p2|ggvrggbrbrhbtbt|102|1000\n|gen|9\n|tier|[Gen 9] Random Battle\n|rated|\n|rule|Species Clause: Limit one of each Pok\u00e9mon\n|rule|HP Percentage Mod: HP is shown in percentages\n|rule|Sleep Clause Mod: Limit one foe put to sleep\n|rule|Illusion Level Mod: Illusion disguises the Pok\u00e9mon's true level\n|\n|t:|1781392460\n|teamsize|p1|6\n|teamsize|p2|6\n|start\n|switch|p1a: Torterra|Torterra, L78, F|276/276\n|switch|p2a: Gurdurr|Gurdurr, L85, F|283/283\n|turn|1\n|inactive|Battle timer is ON: inactive players will automatically lose when time's up. (requested by Mamad_Champion)\n|inactive|Mamad_Champion has 120 seconds left.\n|\n|t:|1781392503\n|switch|p1a: Duraludon|Duraludon, L82, F|249/249\n|move|p2a: Gurdurr|Knock Off|p1a: Duraludon\n|-damage|p1a: Duraludon|203/249\n|-enditem|p1a: Duraludon|Eviolite|[from] move: Knock Off|[of] p2a: Gurdurr\n|\n|upkeep\n|turn|2\n|-message|Mamad_Champion forfeited.\n|\n|win|ggvrggbrbrhbtbt\n|raw|Mamad_Champion's rating: 1040 &rarr; <strong>1022</strong><br />(-18 for losing)\n|raw|ggvrggbrbrhbtbt's rating: 1000 &rarr; <strong>1045</strong><br />(+45 for winning)\n|l|\u203dMamad_Champion\n|player|p1|\n", "uploadtime": 1781392513, "views": 3, "formatid": "gen9randombattle", "rating": 1022, "private": 0, "password": null}