{"id": "gen9randombattle-2641714761", "format": "[Gen 9] Random Battle", "players": ["regkjk", "phoenix117"], "log": "|j|\u2606regkjk\n|j|\u2606phoenix117\n|t:|1782833218\n|gametype|singles\n|player|p1|regkjk|caitlin|2113\n|player|p2|phoenix117|alder|2101\n|gen|9\n|tier|[Gen 9] Random Battle\n|rated|\n|rule|Species Clause: Limit one of each Pok\u00e9mon\n|rule|HP Percentage Mod: HP is shown in percentages\n|rule|Sleep Clause Mod: Limit one foe put to sleep\n|rule|Illusion Level Mod: Illusion disguises the Pok\u00e9mon's true level\n|\n|t:|1782833218\n|teamsize|p1|6\n|teamsize|p2|6\n|start\n|switch|p1a: Wugtrio|Wugtrio, L91, M|212/212\n|switch|p2a: Ho-Oh|Ho-Oh, L71|268/268\n|turn|1\n|\n|t:|1782833245\n|-terastallize|p2a: Ho-Oh|Steel\n|move|p1a: Wugtrio|Liquidation|p2a: Ho-Oh\n|-damage|p2a: Ho-Oh|94/268\n|-unboost|p2a: Ho-Oh|def|1\n|move|p2a: Ho-Oh|Brave Bird|p1a: Wugtrio\n|-damage|p1a: Wugtrio|59/212\n|-ability|p1a: Wugtrio|Gooey\n|-unboost|p2a: Ho-Oh|spe|1\n|-damage|p2a: Ho-Oh|44/268|[from] Recoil\n|\n|upkeep\n|turn|2\n|\n|t:|1782833262\n|switch|p2a: Glaceon|Glaceon, L94, F|275/275\n|move|p1a: Wugtrio|Liquidation|p2a: Glaceon\n|-damage|p2a: Glaceon|157/275\n|-unboost|p2a: Glaceon|def|1\n|\n|upkeep\n|turn|3\n|\n|t:|1782833282\n|switch|p2a: Mimikyu|Mimikyu, L79, F|216/216\n|move|p1a: Wugtrio|Liquidation|p2a: Mimikyu\n|-activate|p2a: Mimikyu|ability: Disguise\n|-damage|p2a: Mimikyu|216/216\n|-unboost|p2a: Mimikyu|def|1\n|detailschange|p2a: Mimikyu|Mimikyu-Busted, L79, F\n|-damage|p2a: Mimikyu|189/216|[from] pokemon: Mimikyu-Busted\n|\n|upkeep\n|turn|4\n|inactive|Battle timer is ON: inactive players will automatically lose when time's up. (requested by phoenix117)\n|\n|t:|1782833293\n|switch|p1a: Iron Treads|Iron Treads, L77|265/265\n|move|p2a: Mimikyu|Swords Dance|p2a: Mimikyu\n|-boost|p2a: Mimikyu|atk|2\n|\n|upkeep\n|turn|5\n|\n|t:|1782833308\n|move|p1a: Iron Treads|Iron Head|p2a: Mimikyu\n|-supereffective|p2a: Mimikyu\n|-damage|p2a: Mimikyu|0 fnt\n|faint|p2a: Mimikyu\n|\n|upkeep\n|\n|t:|1782833314\n|switch|p2a: Barraskewda|Barraskewda, L81, M|231/231\n|turn|6\n|\n|t:|1782833320\n|-end|p1a: Iron Treads|Quark Drive|[silent]\n|switch|p1a: Iron Leaves|Iron Leaves, L80|275/275\n|move|p2a: Barraskewda|Flip Turn|p1a: Iron Leaves\n|-resisted|p1a: Iron Leaves\n|-damage|p1a: Iron Leaves|219/275\n|\n|t:|1782833337\n|switch|p2a: Iron Boulder|Iron Boulder, L77|265/265|[from] Flip Turn\n|\n|upkeep\n|turn|7\n|\n|t:|1782833351\n|move|p2a: Iron Boulder|Mighty Cleave|p1a: Iron Leaves\n|-damage|p1a: Iron Leaves|79/275\n|-damage|p2a: Iron Boulder|239/265|[from] item: Life Orb\n|move|p1a: Iron Leaves|Leaf Blade|p2a: Iron Boulder\n|-supereffective|p2a: Iron Boulder\n|-damage|p2a: Iron Boulder|0 fnt\n|faint|p2a: Iron Boulder\n|-end|p2a: Iron Boulder|Quark Drive|[silent]\n|-damage|p1a: Iron Leaves|52/275|[from] item: Life Orb\n|\n|upkeep\n|\n|t:|1782833358\n|switch|p2a: Barraskewda|Barraskewda, L81, M|231/231\n|turn|8\n|\n|t:|1782833364\n|-end|p1a: Iron Leaves|Quark Drive|[silent]\n|switch|p1a: Zapdos|Zapdos, L78|268/268\n|move|p2a: Barraskewda|Flip Turn|p1a: Zapdos\n|-damage|p1a: Zapdos|153/268\n|-status|p2a: Barraskewda|par|[from] ability: Static|[of] p1a: Zapdos\n|\n|t:|1782833368\n|switch|p2a: Ho-Oh|Ho-Oh, L71, tera:Steel|133/268|[from] Flip Turn\n|\n|upkeep\n|turn|9\n|\n|t:|1782833370\n|move|p1a: Zapdos|Heat Wave|p2a: Ho-Oh\n|-supereffective|p2a: Ho-Oh\n|-damage|p2a: Ho-Oh|17/268\n|move|p2a: Ho-Oh|Recover|p2a: Ho-Oh\n|-heal|p2a: Ho-Oh|151/268\n|\n|upkeep\n|turn|10\n|-message|phoenix117 forfeited.\n|\n|win|regkjk\n", "inputlog": ">version f8ac14003a5f27e1bdc8d8c59608a773c1cb96e5\n>start {\"formatid\":\"gen9randombattle\",\"seed\":\"sodium,c914520ea792639dbe8523e502c8338c\",\"rated\":\"Rated battle\"}\n>player p1 {\"name\":\"regkjk\",\"avatar\":\"caitlin\",\"rating\":2113,\"seed\":\"sodium,c45e8a840ec9ea2a9f7b0b36aaec9d22\"}\n>player p2 {\"name\":\"phoenix117\",\"avatar\":\"alder\",\"rating\":2101,\"seed\":\"sodium,9068f4caea70bbda9a73c060999b9584\"}\n>p1 move liquidation\n>p2 move bravebird terastallize\n>p1 move liquidation\n>p2 switch 3\n>p1 move liquidation\n>p2 switch 6\n>p1 switch 6\n>p2 move swordsdance\n>p1 move ironhead\n>p2 move shadowclaw\n>p2 switch 4\n>p1 switch 4\n>p2 move flipturn\n>p2 switch 2\n>p1 move leafblade\n>p2 move mightycleave\n>p2 switch 2\n>p1 switch 5\n>p2 move flipturn\n>p2 switch 3\n>p1 move heatwave\n>p2 move recover\n>forcelose p2", "uploadtime": 1782833220, "views": 3, "formatid": "gen9randombattle", "rating": null, "private": 0, "password": null, "player_dets": [{"name": "regkjk", "avatar": "caitlin", "rating": 2113, "seed": "sodium,c45e8a840ec9ea2a9f7b0b36aaec9d22"}, {"name": "phoenix117", "avatar": "alder", "rating": 2101, "seed": "sodium,9068f4caea70bbda9a73c060999b9584"}], "teams_full": [{"Wugtrio": {"name": "Wugtrio", "species": "Wugtrio", "speciesId": "wugtrio", "gender": "M", "shiny": false, "level": 91, "moves": ["aquajet", "throatchop", "stompingtantrum", "liquidation"], "ability": "Gooey", "evs": {"hp": 85, "atk": 85, "def": 85, "spa": 85, "spd": 85, "spe": 85}, "ivs": {"hp": 31, "atk": 31, "def": 31, "spa": 31, "spd": 31, "spe": 31}, "item": "Choice Band", "teraType": "Water", "role": "Fast Attacker", "bvs": {"hp": 35, "atk": 100, "def": 50, "spa": 50, "spd": 70, "spe": 120}, "stats": {"hp": 212, "atk": 234, "def": 143, "spa": 143, "spd": 179, "spe": 270}, "types": ["Water"]}, "Sylveon": {"name": "Sylveon", "species": "Sylveon", "speciesId": "sylveon", "gender": "F", "shiny": false, "level": 85, "moves": ["protect", "hypervoice", "calmmind", "wish"], "ability": "Pixilate", "evs": {"hp": 85, "atk": 0, "def": 85, "spa": 85, "spd": 85, "spe": 85}, "ivs": {"hp": 31, "atk": 0, "def": 31, "spa": 31, "spd": 31, "spe": 31}, "item": "Leftovers", "teraType": "Steel", "role": "Bulky Setup", "bvs": {"hp": 95, "atk": 65, "def": 65, "spa": 110, "spd": 130, "spe": 60}, "stats": {"hp": 300, "atk": 115, "def": 159, "spa": 236, "spd": 270, "spe": 151}, "types": ["Fairy"]}, "Great Tusk": {"name": "Great Tusk", "species": "Great Tusk", "speciesId": "greattusk", "gender": "N", "shiny": false, "level": 77, "moves": ["closecombat", "bulkup", "stoneedge", "earthquake"], "ability": "Protosynthesis", "evs": {"hp": 85, "atk": 85, "def": 85, "spa": 85, "spd": 85, "spe": 85}, "ivs": {"hp": 31, "atk": 31, "def": 31, "spa": 31, "spd": 31, "spe": 31}, "item": "Booster Energy", "teraType": "Steel", "role": "Fast Bulky Setup", "bvs": {"hp": 115, "atk": 131, "def": 131, "spa": 53, "spd": 53, "spe": 87}, "stats": {"hp": 304, "atk": 246, "def": 246, "spa": 126, "spd": 126, "spe": 179}, "types": ["Ground", "Fighting"]}, "Iron Leaves": {"name": "Iron Leaves", "species": "Iron Leaves", "speciesId": "ironleaves", "gender": "N", "shiny": false, "level": 80, "moves": ["swordsdance", "leafblade", "closecombat", "psyblade"], "ability": "Quark Drive", "evs": {"hp": 85, "atk": 85, "def": 85, "spa": 85, "spd": 85, "spe": 85}, "ivs": {"hp": 31, "atk": 31, "def": 31, "spa": 31, "spd": 31, "spe": 31}, "item": "Life Orb", "teraType": "Fighting", "role": "Wallbreaker", "bvs": {"hp": 90, "atk": 130, "def": 88, "spa": 70, "spd": 108, "spe": 104}, "stats": {"hp": 275, "atk": 254, "def": 187, "spa": 158, "spd": 219, "spe": 213}, "types": ["Grass", "Psychic"]}, "Zapdos": {"name": "Zapdos", "species": "Zapdos", "speciesId": "zapdos", "gender": "N", "shiny": false, "level": 78, "moves": ["roost", "hurricane", "thunderbolt", "heatwave"], "ability": "Static", "evs": {"hp": 85, "atk": 0, "def": 85, "spa": 85, "spd": 85, "spe": 85}, "ivs": {"hp": 31, "atk": 0, "def": 31, "spa": 31, "spd": 31, "spe": 31}, "item": "Heavy-Duty Boots", "teraType": "Electric", "role": "Bulky Attacker", "bvs": {"hp": 90, "atk": 90, "def": 85, "spa": 125, "spd": 90, "spe": 100}, "stats": {"hp": 268, "atk": 145, "def": 178, "spa": 240, "spd": 185, "spe": 201}, "types": ["Electric", "Flying"]}, "Iron Treads": {"name": "Iron Treads", "species": "Iron Treads", "speciesId": "irontreads", "gender": "N", "shiny": false, "level": 77, "moves": ["rapidspin", "voltswitch", "ironhead", "earthquake"], "ability": "Quark Drive", "evs": {"hp": 85, "atk": 85, "def": 85, "spa": 85, "spd": 85, "spe": 85}, "ivs": {"hp": 31, "atk": 31, "def": 31, "spa": 31, "spd": 31, "spe": 31}, "item": "Assault Vest", "teraType": "Dragon", "role": "Bulky Support", "bvs": {"hp": 90, "atk": 112, "def": 120, "spa": 72, "spd": 70, "spe": 106}, "stats": {"hp": 265, "atk": 217, "def": 229, "spa": 155, "spd": 152, "spe": 208}, "types": ["Ground", "Steel"]}}, {"Ho-Oh": {"name": "Ho-Oh", "species": "Ho-Oh", "speciesId": "hooh", "gender": "N", "shiny": false, "level": 71, "moves": ["bravebird", "earthquake", "sacredfire", "recover"], "ability": "Regenerator", "evs": {"hp": 85, "atk": 85, "def": 85, "spa": 85, "spd": 85, "spe": 85}, "ivs": {"hp": 31, "atk": 31, "def": 31, "spa": 31, "spd": 31, "spe": 31}, "item": "Heavy-Duty Boots", "teraType": "Steel", "role": "Bulky Attacker", "bvs": {"hp": 106, "atk": 130, "def": 90, "spa": 110, "spd": 154, "spe": 90}, "stats": {"hp": 268, "atk": 226, "def": 169, "spa": 198, "spd": 260, "spe": 169}, "types": ["Fire", "Flying"]}, "Iron Boulder": {"name": "Iron Boulder", "species": "Iron Boulder", "speciesId": "ironboulder", "gender": "N", "shiny": false, "level": 77, "moves": ["swordsdance", "closecombat", "mightycleave", "zenheadbutt"], "ability": "Quark Drive", "evs": {"hp": 85, "atk": 85, "def": 85, "spa": 85, "spd": 85, "spe": 85}, "ivs": {"hp": 31, "atk": 31, "def": 31, "spa": 31, "spd": 31, "spe": 31}, "item": "Life Orb", "teraType": "Fighting", "role": "Setup Sweeper", "bvs": {"hp": 90, "atk": 120, "def": 80, "spa": 68, "spd": 108, "spe": 124}, "stats": {"hp": 265, "atk": 229, "def": 168, "spa": 149, "spd": 211, "spe": 236}, "types": ["Rock", "Psychic"]}, "Glaceon": {"name": "Glaceon", "species": "Glaceon", "speciesId": "glaceon", "gender": "F", "shiny": false, "level": 94, "moves": ["calmmind", "protect", "wish", "freezedry"], "ability": "Ice Body", "evs": {"hp": 85, "atk": 0, "def": 85, "spa": 85, "spd": 85, "spe": 85}, "ivs": {"hp": 31, "atk": 0, "def": 31, "spa": 31, "spd": 31, "spe": 31}, "item": "Heavy-Duty Boots", "teraType": "Water", "role": "Bulky Setup", "bvs": {"hp": 65, "atk": 60, "def": 110, "spa": 130, "spd": 95, "spe": 65}, "stats": {"hp": 275, "atk": 117, "def": 260, "spa": 298, "spd": 232, "spe": 176}, "types": ["Ice"]}, "Barraskewda": {"name": "Barraskewda", "species": "Barraskewda", "speciesId": "barraskewda", "gender": "M", "shiny": false, "level": 81, "moves": ["closecombat", "flipturn", "psychicfangs", "waterfall"], "ability": "Swift Swim", "evs": {"hp": 85, "atk": 85, "def": 85, "spa": 85, "spd": 85, "spe": 85}, "ivs": {"hp": 31, "atk": 31, "def": 31, "spa": 31, "spd": 31, "spe": 31}, "item": "Choice Band", "teraType": "Fighting", "role": "Wallbreaker", "bvs": {"hp": 61, "atk": 123, "def": 60, "spa": 60, "spd": 50, "spe": 136}, "stats": {"hp": 231, "atk": 246, "def": 144, "spa": 144, "spd": 128, "spe": 267}, "types": ["Water"]}, "Zapdos": {"name": "Zapdos", "species": "Zapdos-Galar", "speciesId": "zapdosgalar", "gender": "N", "shiny": false, "level": 77, "moves": ["uturn", "knockoff", "closecombat", "bravebird"], "ability": "Defiant", "evs": {"hp": 85, "atk": 85, "def": 85, "spa": 85, "spd": 85, "spe": 85}, "ivs": {"hp": 31, "atk": 31, "def": 31, "spa": 31, "spd": 31, "spe": 31}, "item": "Choice Band", "teraType": "Dark", "role": "Fast Attacker", "bvs": {"hp": 90, "atk": 125, "def": 90, "spa": 85, "spd": 90, "spe": 100}, "stats": {"hp": 265, "atk": 237, "def": 183, "spa": 175, "spd": 183, "spe": 199}, "types": ["Fighting", "Flying"]}, "Mimikyu": {"name": "Mimikyu", "species": "Mimikyu", "speciesId": "mimikyu", "gender": "F", "shiny": false, "level": 79, "moves": ["shadowsneak", "swordsdance", "shadowclaw", "playrough"], "ability": "Disguise", "evs": {"hp": 85, "atk": 85, "def": 85, "spa": 85, "spd": 85, "spe": 85}, "ivs": {"hp": 31, "atk": 31, "def": 31, "spa": 31, "spd": 31, "spe": 31}, "item": "Life Orb", "teraType": "Ghost", "role": "Fast Bulky Setup", "bvs": {"hp": 55, "atk": 90, "def": 80, "spa": 50, "spd": 105, "spe": 96}, "stats": {"hp": 216, "atk": 188, "def": 172, "spa": 125, "spd": 211, "spe": 197}, "types": ["Ghost", "Fairy"]}}]}