{"id": "gen9randombattle-2641450655", "format": "[Gen 9] Random Battle", "players": ["After_Sh0ck", "Vikkington"], "log": "|j|\u2606After_Sh0ck\n|j|\u2606Vikkington\n|t:|1782786683\n|gametype|singles\n|player|p1|After_Sh0ck|265|1987\n|player|p2|Vikkington|266|1991\n|gen|9\n|tier|[Gen 9] Random Battle\n|rated|\n|rule|Species Clause: Limit one of each Pok\u00e9mon\n|rule|HP Percentage Mod: HP is shown in percentages\n|rule|Sleep Clause Mod: Limit one foe put to sleep\n|rule|Illusion Level Mod: Illusion disguises the Pok\u00e9mon's true level\n|\n|t:|1782786683\n|teamsize|p1|6\n|teamsize|p2|6\n|start\n|switch|p1a: Skuntank|Skuntank, L84, M|310/310\n|switch|p2a: Regice|Regice, L88|284/284\n|turn|1\n|inactive|Battle timer is ON: inactive players will automatically lose when time's up. (requested by Vikkington)\n|\n|t:|1782786691\n|move|p1a: Skuntank|Gunk Shot|p2a: Regice\n|-damage|p2a: Regice|155/284\n|-damage|p1a: Skuntank|279/310|[from] item: Life Orb\n|move|p2a: Regice|Ice Beam|p1a: Skuntank\n|-damage|p1a: Skuntank|140/310\n|\n|upkeep\n|turn|2\n|\n|t:|1782786703\n|move|p1a: Skuntank|Gunk Shot|p2a: Regice|[miss]\n|-miss|p1a: Skuntank|p2a: Regice\n|move|p2a: Regice|Ice Beam|p1a: Skuntank\n|-damage|p1a: Skuntank|1/310\n|\n|upkeep\n|turn|3\n|\n|t:|1782786723\n|move|p1a: Skuntank|Knock Off|p2a: Regice\n|-damage|p2a: Regice|48/284\n|-enditem|p2a: Regice|Heavy-Duty Boots|[from] move: Knock Off|[of] p1a: Skuntank\n|-damage|p1a: Skuntank|0 fnt|[from] item: Life Orb\n|faint|p1a: Skuntank\n|move|p2a: Regice|Rest|p2a: Regice\n|-status|p2a: Regice|slp|[from] move: Rest\n|-heal|p2a: Regice|284/284 slp|[silent]\n|\n|upkeep\n|\n|t:|1782786736\n|switch|p1a: Keldeo|Keldeo-Resolute, L79|273/273\n|turn|4\n|\n|t:|1782786749\n|move|p1a: Keldeo|Calm Mind|p1a: Keldeo\n|-boost|p1a: Keldeo|spa|1\n|-boost|p1a: Keldeo|spd|1\n|cant|p2a: Regice|slp\n|move|p2a: Regice|Sleep Talk|p2a: Regice\n|move|p2a: Regice|Ice Beam|p1a: Keldeo|[from] move: Sleep Talk\n|-resisted|p1a: Keldeo\n|-damage|p1a: Keldeo|233/273\n|\n|-heal|p1a: Keldeo|250/273|[from] item: Leftovers\n|upkeep\n|turn|5\n|\n|t:|1782786751\n|move|p1a: Keldeo|Calm Mind|p1a: Keldeo\n|-boost|p1a: Keldeo|spa|1\n|-boost|p1a: Keldeo|spd|1\n|cant|p2a: Regice|slp\n|move|p2a: Regice|Sleep Talk|p2a: Regice\n|move|p2a: Regice|Rest||[from] move: Sleep Talk|[still]\n|-fail|p2a: Regice\n|\n|-heal|p1a: Keldeo|267/273|[from] item: Leftovers\n|upkeep\n|turn|6\n|\n|t:|1782786753\n|move|p1a: Keldeo|Secret Sword|p2a: Regice\n|-supereffective|p2a: Regice\n|-crit|p2a: Regice\n|-damage|p2a: Regice|0 fnt\n|faint|p2a: Regice\n|\n|-heal|p1a: Keldeo|273/273|[from] item: Leftovers\n|upkeep\n|\n|t:|1782786765\n|switch|p2a: Lokix|Lokix, L82, M|251/251\n|turn|7\n|\n|t:|1782786782\n|move|p2a: Lokix|First Impression|p1a: Keldeo\n|-resisted|p1a: Keldeo\n|-damage|p1a: Keldeo|148/273\n|-damage|p2a: Lokix|226/251|[from] item: Life Orb\n|move|p1a: Keldeo|Surf|p2a: Lokix\n|-damage|p2a: Lokix|0 fnt\n|faint|p2a: Lokix\n|\n|-heal|p1a: Keldeo|165/273|[from] item: Leftovers\n|upkeep\n|\n|t:|1782786784\n|switch|p2a: Dragapult|Dragapult, L77, M|262/262\n|turn|8\n|\n|t:|1782786791\n|move|p2a: Dragapult|Dragon Dance|p2a: Dragapult\n|-boost|p2a: Dragapult|atk|1\n|-boost|p2a: Dragapult|spe|1\n|move|p1a: Keldeo|Surf|p2a: Dragapult\n|-resisted|p2a: Dragapult\n|-damage|p2a: Dragapult|129/262\n|\n|-heal|p1a: Keldeo|182/273|[from] item: Leftovers\n|upkeep\n|turn|9\n|\n|t:|1782786803\n|-terastallize|p1a: Keldeo|Steel\n|move|p2a: Dragapult|Dragon Darts|p1a: Keldeo\n|-resisted|p1a: Keldeo\n|-damage|p1a: Keldeo|129/273\n|-anim|p2a: Dragapult|Dragon Darts|p1a: Keldeo\n|-resisted|p1a: Keldeo\n|-damage|p1a: Keldeo|74/273\n|-damage|p2a: Dragapult|103/262|[from] item: Life Orb\n|move|p1a: Keldeo|Surf|p2a: Dragapult\n|-resisted|p2a: Dragapult\n|-damage|p2a: Dragapult|0 fnt\n|faint|p2a: Dragapult\n|\n|-heal|p1a: Keldeo|91/273|[from] item: Leftovers\n|upkeep\n|\n|t:|1782786809\n|switch|p2a: Reshiram|Reshiram, L76|277/277\n|-ability|p2a: Reshiram|Turboblaze\n|turn|10\n|\n|t:|1782786818\n|move|p1a: Keldeo|Substitute|p1a: Keldeo\n|-start|p1a: Keldeo|Substitute\n|-damage|p1a: Keldeo|23/273\n|move|p2a: Reshiram|Blue Flare|p1a: Keldeo\n|-supereffective|p1a: Keldeo\n|-end|p1a: Keldeo|Substitute\n|\n|-heal|p1a: Keldeo|40/273|[from] item: Leftovers\n|upkeep\n|turn|11\n|\n|t:|1782786826\n|move|p1a: Keldeo|Secret Sword|p2a: Reshiram\n|-damage|p2a: Reshiram|70/277\n|move|p2a: Reshiram|Earth Power|p1a: Keldeo\n|-supereffective|p1a: Keldeo\n|-damage|p1a: Keldeo|0 fnt\n|faint|p1a: Keldeo\n|\n|upkeep\n|\n|t:|1782786837\n|switch|p1a: Yanmega|Yanmega, L82, F|275/275\n|turn|12\n|\n|t:|1782786840\n|move|p1a: Yanmega|Bug Buzz|p2a: Reshiram\n|-resisted|p2a: Reshiram\n|-damage|p2a: Reshiram|0 fnt\n|faint|p2a: Reshiram\n|\n|upkeep\n|\n|t:|1782786842\n|switch|p2a: Slaking|Slaking, L84, F|389/389\n|turn|13\n|\n|t:|1782786846\n|switch|p1a: Pecharunt|Pecharunt, L77|262/262\n|move|p2a: Slaking|Double-Edge|p1a: Pecharunt\n|-immune|p1a: Pecharunt\n|\n|upkeep\n|turn|14\n|\n|t:|1782786851\n|cant|p2a: Slaking|ability: Truant\n|move|p1a: Pecharunt|Malignant Chain|p2a: Slaking\n|-damage|p2a: Slaking|283/389\n|-status|p2a: Slaking|tox\n|-start|p2a: Slaking|confusion|[from] ability: Poison Puppeteer|[of] p1a: Pecharunt\n|\n|-damage|p2a: Slaking|259/389 tox|[from] psn\n|upkeep\n|turn|15\n|\n|t:|1782786859\n|-activate|p2a: Slaking|confusion\n|move|p2a: Slaking|Double-Edge|p1a: Pecharunt\n|-immune|p1a: Pecharunt\n|move|p1a: Pecharunt|Malignant Chain|p2a: Slaking\n|-damage|p2a: Slaking|160/389 tox\n|\n|-damage|p2a: Slaking|112/389 tox|[from] psn\n|upkeep\n|turn|16\n|\n|t:|1782786865\n|cant|p2a: Slaking|ability: Truant\n|move|p1a: Pecharunt|Shadow Ball|p2a: Slaking\n|-immune|p2a: Slaking\n|\n|-damage|p2a: Slaking|40/389 tox|[from] psn\n|upkeep\n|turn|17\n|\n|t:|1782786867\n|-activate|p2a: Slaking|confusion\n|move|p2a: Slaking|Double-Edge|p1a: Pecharunt\n|-immune|p1a: Pecharunt\n|move|p1a: Pecharunt|Shadow Ball|p2a: Slaking\n|-immune|p2a: Slaking\n|\n|-damage|p2a: Slaking|0 fnt|[from] psn\n|faint|p2a: Slaking\n|upkeep\n|\n|t:|1782786869\n|switch|p2a: Blaziken|Blaziken, L76, F|247/247\n|turn|18\n|\n|t:|1782786878\n|move|p1a: Pecharunt|Malignant Chain|p2a: Blaziken\n|-damage|p2a: Blaziken|147/247\n|-status|p2a: Blaziken|tox\n|-start|p2a: Blaziken|confusion|[from] ability: Poison Puppeteer|[of] p1a: Pecharunt\n|-activate|p2a: Blaziken|confusion\n|move|p2a: Blaziken|Swords Dance|p2a: Blaziken\n|-boost|p2a: Blaziken|atk|2\n|\n|-damage|p2a: Blaziken|132/247 tox|[from] psn\n|-ability|p2a: Blaziken|Speed Boost|boost\n|-boost|p2a: Blaziken|spe|1\n|upkeep\n|turn|19\n|\n|t:|1782786886\n|-terastallize|p2a: Blaziken|Dark\n|-end|p2a: Blaziken|confusion\n|move|p2a: Blaziken|Knock Off|p1a: Pecharunt\n|-supereffective|p1a: Pecharunt\n|-damage|p1a: Pecharunt|0 fnt\n|-enditem|p1a: Pecharunt|Leftovers|[from] move: Knock Off|[of] p2a: Blaziken\n|faint|p1a: Pecharunt\n|-damage|p2a: Blaziken|108/247 tox|[from] item: Life Orb\n|\n|-damage|p2a: Blaziken|78/247 tox|[from] psn\n|-ability|p2a: Blaziken|Speed Boost|boost\n|-boost|p2a: Blaziken|spe|1\n|upkeep\n|\n|t:|1782786900\n|switch|p1a: Oranguru|Oranguru, L92, M|315/315\n|turn|20\n|\n|t:|1782786914\n|move|p2a: Blaziken|Knock Off|p1a: Oranguru\n|-supereffective|p1a: Oranguru\n|-damage|p1a: Oranguru|0 fnt\n|-enditem|p1a: Oranguru|Life Orb|[from] move: Knock Off|[of] p2a: Blaziken\n|faint|p1a: Oranguru\n|-damage|p2a: Blaziken|54/247 tox|[from] item: Life Orb\n|\n|-damage|p2a: Blaziken|9/247 tox|[from] psn\n|-ability|p2a: Blaziken|Speed Boost|boost\n|-boost|p2a: Blaziken|spe|1\n|upkeep\n|\n|t:|1782786918\n|switch|p1a: Ampharos|Ampharos, L88, F|302/302\n|turn|21\n|\n|t:|1782786921\n|move|p2a: Blaziken|Close Combat|p1a: Ampharos\n|-damage|p1a: Ampharos|0 fnt\n|-unboost|p2a: Blaziken|def|1\n|-unboost|p2a: Blaziken|spd|1\n|faint|p1a: Ampharos\n|-damage|p2a: Blaziken|0 fnt|[from] item: Life Orb\n|faint|p2a: Blaziken\n|\n|win|After_Sh0ck\n", "inputlog": ">version f8ac14003a5f27e1bdc8d8c59608a773c1cb96e5\n>start {\"formatid\":\"gen9randombattle\",\"seed\":\"sodium,a3a1550b1221447d6b13f77657f8ddb6\",\"rated\":\"Rated battle\"}\n>player p1 {\"name\":\"After_Sh0ck\",\"avatar\":\"265\",\"rating\":1987,\"seed\":\"sodium,900f316bd293739ad16b23159be70ddd\"}\n>player p2 {\"name\":\"Vikkington\",\"avatar\":\"266\",\"rating\":1991,\"seed\":\"sodium,104846528c2eb78750852400e7f9f0ed\"}\n>p1 move gunkshot\n>p2 move icebeam\n>p1 move gunkshot\n>p2 move icebeam\n>p1 move knockoff\n>p2 move rest\n>p1 switch 4\n>p1 move calmmind\n>p2 move sleeptalk\n>p1 move calmmind\n>p2 move sleeptalk\n>p1 move secretsword\n>p2 move thunderbolt\n>p2 switch 5\n>p1 move surf\n>p2 move firstimpression\n>p2 switch 6\n>p1 move surf\n>p2 move dragondance\n>p1 move surf terastallize\n>p2 move dragondarts\n>p2 switch 3\n>p1 move substitute\n>p2 move blueflare\n>p1 move secretsword\n>p2 move earthpower\n>p1 switch 2\n>p1 move bugbuzz\n>p2 move blueflare\n>p2 switch 2\n>p1 switch 5\n>p2 move doubleedge\n>p1 move malignantchain\n>p2 move doubleedge\n>p1 move malignantchain\n>p2 move doubleedge\n>p1 move shadowball\n>p2 move doubleedge\n>p1 move shadowball\n>p2 move doubleedge\n>p2 switch 4\n>p1 move malignantchain\n>p2 move swordsdance\n>p1 move partingshot\n>p2 move knockoff terastallize\n>p1 switch 3\n>p1 move hypervoice\n>p2 move knockoff\n>p1 switch 6\n>p1 move thunderbolt\n>p2 move closecombat", "uploadtime": 1782786685, "views": 3, "formatid": "gen9randombattle", "rating": null, "private": 0, "password": null, "player_dets": [{"name": "After_Sh0ck", "avatar": "265", "rating": 1987, "seed": "sodium,900f316bd293739ad16b23159be70ddd"}, {"name": "Vikkington", "avatar": "266", "rating": 1991, "seed": "sodium,104846528c2eb78750852400e7f9f0ed"}], "teams_full": [{"Skuntank": {"name": "Skuntank", "species": "Skuntank", "speciesId": "skuntank", "gender": "M", "shiny": false, "level": 84, "moves": ["gunkshot", "fireblast", "taunt", "knockoff"], "ability": "Aftermath", "evs": {"hp": 85, "atk": 85, "def": 85, "spa": 85, "spd": 85, "spe": 85}, "ivs": {"hp": 31, "atk": 31, "def": 31, "spa": 31, "spd": 31, "spe": 31}, "item": "Life Orb", "teraType": "Dark", "role": "Fast Support", "bvs": {"hp": 103, "atk": 93, "def": 67, "spa": 71, "spd": 61, "spe": 84}, "stats": {"hp": 310, "atk": 204, "def": 161, "spa": 167, "spd": 151, "spe": 189}, "types": ["Poison", "Dark"]}, "Yanmega": {"name": "Yanmega", "species": "Yanmega", "speciesId": "yanmega", "gender": "F", "shiny": false, "level": 82, "moves": ["gigadrain", "bugbuzz", "airslash", "uturn"], "ability": "Tinted Lens", "evs": {"hp": 85, "atk": 85, "def": 85, "spa": 85, "spd": 85, "spe": 85}, "ivs": {"hp": 31, "atk": 31, "def": 31, "spa": 31, "spd": 31, "spe": 31}, "item": "Choice Specs", "teraType": "Bug", "role": "Wallbreaker", "bvs": {"hp": 86, "atk": 76, "def": 86, "spa": 116, "spd": 56, "spe": 95}, "stats": {"hp": 275, "atk": 172, "def": 188, "spa": 237, "spd": 139, "spe": 203}, "types": ["Bug", "Flying"]}, "Oranguru": {"name": "Oranguru", "species": "Oranguru", "speciesId": "oranguru", "gender": "M", "shiny": false, "level": 92, "moves": ["hypervoice", "focusblast", "nastyplot", "psyshock"], "ability": "Inner Focus", "evs": {"hp": 85, "atk": 0, "def": 85, "spa": 85, "spd": 85, "spe": 85}, "ivs": {"hp": 31, "atk": 0, "def": 31, "spa": 31, "spd": 31, "spe": 31}, "item": "Life Orb", "teraType": "Psychic", "role": "Wallbreaker", "bvs": {"hp": 90, "atk": 60, "def": 80, "spa": 90, "spd": 110, "spe": 60}, "stats": {"hp": 315, "atk": 115, "def": 200, "spa": 218, "spd": 255, "spe": 163}, "types": ["Normal", "Psychic"]}, "Keldeo": {"name": "Keldeo", "species": "Keldeo-Resolute", "speciesId": "keldeoresolute", "gender": "N", "shiny": false, "level": 79, "moves": ["substitute", "calmmind", "secretsword", "surf"], "ability": "Justified", "evs": {"hp": 85, "atk": 0, "def": 85, "spa": 85, "spd": 85, "spe": 85}, "ivs": {"hp": 31, "atk": 0, "def": 31, "spa": 31, "spd": 31, "spe": 31}, "item": "Leftovers", "teraType": "Steel", "role": "Bulky Setup", "bvs": {"hp": 91, "atk": 72, "def": 90, "spa": 129, "spd": 90, "spe": 108}, "stats": {"hp": 273, "atk": 118, "def": 188, "spa": 249, "spd": 188, "spe": 216}, "types": ["Water", "Fighting"]}, "Pecharunt": {"name": "Pecharunt", "species": "Pecharunt", "speciesId": "pecharunt", "gender": "N", "shiny": false, "level": 77, "moves": ["recover", "shadowball", "malignantchain", "partingshot"], "ability": "Poison Puppeteer", "evs": {"hp": 85, "atk": 0, "def": 85, "spa": 85, "spd": 85, "spe": 85}, "ivs": {"hp": 31, "atk": 0, "def": 31, "spa": 31, "spd": 31, "spe": 31}, "item": "Leftovers", "teraType": "Dark", "role": "Bulky Attacker", "bvs": {"hp": 88, "atk": 88, "def": 160, "spa": 88, "spd": 88, "spe": 88}, "stats": {"hp": 262, "atk": 140, "def": 291, "spa": 180, "spd": 180, "spe": 180}, "types": ["Poison", "Ghost"]}, "Ampharos": {"name": "Ampharos", "species": "Ampharos", "speciesId": "ampharos", "gender": "F", "shiny": false, "level": 88, "moves": ["voltswitch", "thunderbolt", "dazzlinggleam", "focusblast"], "ability": "Static", "evs": {"hp": 85, "atk": 0, "def": 85, "spa": 85, "spd": 85, "spe": 85}, "ivs": {"hp": 31, "atk": 0, "def": 31, "spa": 31, "spd": 31, "spe": 31}, "item": "Choice Specs", "teraType": "Electric", "role": "Wallbreaker", "bvs": {"hp": 90, "atk": 75, "def": 85, "spa": 115, "spd": 90, "spe": 55}, "stats": {"hp": 302, "atk": 137, "def": 200, "spa": 253, "spd": 209, "spe": 147}, "types": ["Electric"]}}, {"Regice": {"name": "Regice", "species": "Regice", "speciesId": "regice", "gender": "N", "shiny": false, "level": 88, "moves": ["rest", "sleeptalk", "thunderbolt", "icebeam"], "ability": "Clear Body", "evs": {"hp": 85, "atk": 0, "def": 85, "spa": 85, "spd": 85, "spe": 85}, "ivs": {"hp": 31, "atk": 0, "def": 31, "spa": 31, "spd": 31, "spe": 31}, "item": "Heavy-Duty Boots", "teraType": "Electric", "role": "Bulky Attacker", "bvs": {"hp": 80, "atk": 50, "def": 100, "spa": 100, "spd": 200, "spe": 50}, "stats": {"hp": 284, "atk": 93, "def": 226, "spa": 226, "spd": 402, "spe": 138}, "types": ["Ice"]}, "Slaking": {"name": "Slaking", "species": "Slaking", "speciesId": "slaking", "gender": "F", "shiny": false, "level": 84, "moves": ["gigaimpact", "knockoff", "doubleedge", "earthquake"], "ability": "Truant", "evs": {"hp": 85, "atk": 85, "def": 85, "spa": 85, "spd": 85, "spe": 85}, "ivs": {"hp": 31, "atk": 31, "def": 31, "spa": 31, "spd": 31, "spe": 31}, "item": "Choice Band", "teraType": "Ghost", "role": "Wallbreaker", "bvs": {"hp": 150, "atk": 160, "def": 100, "spa": 95, "spd": 65, "spe": 100}, "stats": {"hp": 389, "atk": 317, "def": 216, "spa": 208, "spd": 157, "spe": 216}, "types": ["Normal"]}, "Reshiram": {"name": "Reshiram", "species": "Reshiram", "speciesId": "reshiram", "gender": "N", "shiny": false, "level": 76, "moves": ["dracometeor", "blueflare", "earthpower", "willowisp"], "ability": "Turboblaze", "evs": {"hp": 85, "atk": 0, "def": 85, "spa": 85, "spd": 85, "spe": 85}, "ivs": {"hp": 31, "atk": 0, "def": 31, "spa": 31, "spd": 31, "spe": 31}, "item": "Heavy-Duty Boots", "teraType": "Ground", "role": "Fast Attacker", "bvs": {"hp": 100, "atk": 120, "def": 100, "spa": 150, "spd": 120, "spe": 90}, "stats": {"hp": 277, "atk": 187, "def": 196, "spa": 272, "spd": 226, "spe": 181}, "types": ["Dragon", "Fire"]}, "Blaziken": {"name": "Blaziken", "species": "Blaziken", "speciesId": "blaziken", "gender": "F", "shiny": false, "level": 76, "moves": ["flareblitz", "closecombat", "swordsdance", "knockoff"], "ability": "Speed Boost", "evs": {"hp": 85, "atk": 85, "def": 85, "spa": 85, "spd": 85, "spe": 85}, "ivs": {"hp": 31, "atk": 31, "def": 31, "spa": 31, "spd": 31, "spe": 31}, "item": "Life Orb", "teraType": "Dark", "role": "Setup Sweeper", "bvs": {"hp": 80, "atk": 120, "def": 70, "spa": 110, "spd": 70, "spe": 80}, "stats": {"hp": 247, "atk": 226, "def": 150, "spa": 211, "spd": 150, "spe": 166}, "types": ["Fire", "Fighting"]}, "Lokix": {"name": "Lokix", "species": "Lokix", "speciesId": "lokix", "gender": "M", "shiny": false, "level": 82, "moves": ["suckerpunch", "knockoff", "firstimpression", "leechlife"], "ability": "Tinted Lens", "evs": {"hp": 85, "atk": 85, "def": 85, "spa": 85, "spd": 85, "spe": 85}, "ivs": {"hp": 31, "atk": 31, "def": 31, "spa": 31, "spd": 31, "spe": 31}, "item": "Life Orb", "teraType": "Bug", "role": "Wallbreaker", "bvs": {"hp": 71, "atk": 102, "def": 78, "spa": 52, "spd": 55, "spe": 92}, "stats": {"hp": 251, "atk": 214, "def": 175, "spa": 132, "spd": 137, "spe": 198}, "types": ["Bug", "Dark"]}, "Dragapult": {"name": "Dragapult", "species": "Dragapult", "speciesId": "dragapult", "gender": "M", "shiny": false, "level": 77, "moves": ["dragondarts", "dragondance", "fireblast", "terablast"], "ability": "Clear Body", "evs": {"hp": 85, "atk": 85, "def": 85, "spa": 85, "spd": 85, "spe": 85}, "ivs": {"hp": 31, "atk": 31, "def": 31, "spa": 31, "spd": 31, "spe": 31}, "item": "Life Orb", "teraType": "Ghost", "role": "Tera Blast user", "bvs": {"hp": 88, "atk": 120, "def": 75, "spa": 100, "spd": 75, "spe": 142}, "stats": {"hp": 262, "atk": 229, "def": 160, "spa": 199, "spd": 160, "spe": 263}, "types": ["Dragon", "Ghost"]}}]}