{"id": "gen9randombattle-2641350118", "format": "[Gen 9] Random Battle", "players": ["kitkat3927", "testbotcif"], "log": "|j|\u2606kitkat3927\n|j|\u2606testbotcif\n|t:|1782771395\n|gametype|singles\n|player|p1|kitkat3927|beauty-gen4dp|1233\n|player|p2|testbotcif|266|1257\n|gen|9\n|tier|[Gen 9] Random Battle\n|rated|\n|rule|Species Clause: Limit one of each Pok\u00e9mon\n|rule|HP Percentage Mod: HP is shown in percentages\n|rule|Sleep Clause Mod: Limit one foe put to sleep\n|rule|Illusion Level Mod: Illusion disguises the Pok\u00e9mon's true level\n|\n|t:|1782771395\n|teamsize|p1|6\n|teamsize|p2|6\n|start\n|switch|p1a: Mightyena|Mightyena, L96, F|290/290\n|switch|p2a: Kyurem|Kyurem, L77|319/319\n|-ability|p2a: Kyurem|Pressure\n|-ability|p1a: Mightyena|Intimidate|boost\n|-unboost|p2a: Kyurem|atk|1\n|turn|1\n|c|\u2606testbotcif|rlhf\n|inactive|Battle timer is ON: inactive players will automatically lose when time's up. (requested by kitkat3927)\n|inactive|testbotcif also wants the timer to be on.\n|\n|t:|1782771403\n|move|p2a: Kyurem|Ice Beam|p1a: Mightyena\n|-damage|p1a: Mightyena|130/290\n|-status|p1a: Mightyena|frz\n|cant|p1a: Mightyena|frz\n|\n|-heal|p1a: Mightyena|148/290 frz|[from] item: Leftovers\n|upkeep\n|turn|2\n|\n|t:|1782771412\n|switch|p1a: Toxapex|Toxapex, L82, F|216/216\n|move|p2a: Kyurem|Ice Beam|p1a: Toxapex\n|-resisted|p1a: Toxapex\n|-damage|p1a: Toxapex|166/216\n|-status|p1a: Toxapex|frz\n|\n|-heal|p1a: Toxapex|179/216 frz|[from] item: Leftovers\n|upkeep\n|turn|3\n|\n|t:|1782771419\n|switch|p2a: Thundurus|Thundurus-Therian, L80, M|258/258\n|cant|p1a: Toxapex|frz\n|\n|-heal|p1a: Toxapex|192/216 frz|[from] item: Leftovers\n|upkeep\n|turn|4\n|\n|t:|1782771442\n|switch|p1a: Mightyena|Mightyena, L96, F|148/290 frz\n|-ability|p1a: Mightyena|Intimidate|boost\n|-unboost|p2a: Thundurus|atk|1\n|move|p2a: Thundurus|Nasty Plot|p2a: Thundurus\n|-boost|p2a: Thundurus|spa|2\n|\n|-heal|p1a: Mightyena|166/290 frz|[from] item: Leftovers\n|upkeep\n|turn|5\n|\n|t:|1782771450\n|cant|p1a: Mightyena|frz\n|move|p2a: Thundurus|Thunderbolt|p1a: Mightyena\n|-damage|p1a: Mightyena|0 fnt\n|faint|p1a: Mightyena\n|\n|upkeep\n|inactive|kitkat3927 has 120 seconds left.\n|\n|t:|1782771474\n|switch|p1a: Emboar|Emboar, L84, F|322/322\n|turn|6\n|\n|t:|1782771483\n|move|p1a: Emboar|Wild Charge|p2a: Thundurus\n|-immune|p2a: Thundurus|[from] ability: Volt Absorb\n|move|p2a: Thundurus|Psychic|p1a: Emboar\n|-supereffective|p1a: Emboar\n|-damage|p1a: Emboar|0 fnt\n|faint|p1a: Emboar\n|\n|upkeep\n|inactive|kitkat3927 has 120 seconds left.\n|-message|kitkat3927 forfeited.\n|\n|win|testbotcif\n|raw|kitkat3927's rating: 1233 &rarr; <strong>1210</strong><br />(-23 for losing)\n|raw|testbotcif's rating: 1257 &rarr; <strong>1280</strong><br />(+23 for winning)\n", "inputlog": ">version f8ac14003a5f27e1bdc8d8c59608a773c1cb96e5\n>start {\"formatid\":\"gen9randombattle\",\"seed\":\"sodium,f4780b5249153f654688f8c3893ce76e\",\"rated\":\"Rated battle\"}\n>player p1 {\"name\":\"kitkat3927\",\"avatar\":\"beauty-gen4dp\",\"rating\":1233,\"seed\":\"sodium,8498a54dd455f3a92daf3f4fcddb57b3\"}\n>player p2 {\"name\":\"testbotcif\",\"avatar\":\"266\",\"rating\":1257,\"seed\":\"sodium,1a44658f34bebdf30cde8bbf340f8dd4\"}\n>chat \u2606testbotcif|rlhf\n>p1 move playrough\n>p2 move icebeam\n>p1 switch 3\n>p2 move icebeam\n>p1 move toxicspikes\n>p2 switch 5\n>p1 switch 3\n>p2 move nastyplot\n>p1 move suckerpunch\n>p2 move thunderbolt\n>p1 switch 4\n>p1 move wildcharge\n>p2 move psychic\n>forcelose p1", "uploadtime": 1782771495, "views": 8, "formatid": "gen9randombattle", "rating": 1210, "private": 0, "password": null, "player_dets": [{"name": "kitkat3927", "avatar": "beauty-gen4dp", "rating": 1233, "seed": "sodium,8498a54dd455f3a92daf3f4fcddb57b3"}, {"name": "testbotcif", "avatar": "266", "rating": 1257, "seed": "sodium,1a44658f34bebdf30cde8bbf340f8dd4"}], "teams_full": [{"Mightyena": {"name": "Mightyena", "species": "Mightyena", "speciesId": "mightyena", "gender": "F", "shiny": false, "level": 96, "moves": ["playrough", "suckerpunch", "throatchop", "taunt"], "ability": "Intimidate", "evs": {"hp": 85, "atk": 85, "def": 85, "spa": 85, "spd": 85, "spe": 85}, "ivs": {"hp": 31, "atk": 31, "def": 31, "spa": 31, "spd": 31, "spe": 31}, "item": "Leftovers", "teraType": "Fairy", "role": "Bulky Attacker", "bvs": {"hp": 70, "atk": 90, "def": 70, "spa": 60, "spd": 60, "spe": 70}, "stats": {"hp": 290, "atk": 227, "def": 189, "spa": 170, "spd": 170, "spe": 189}, "types": ["Dark"]}, "Hydrapple": {"name": "Hydrapple", "species": "Hydrapple", "speciesId": "hydrapple", "gender": "F", "shiny": false, "level": 83, "moves": ["recover", "ficklebeam", "earthpower", "nastyplot"], "ability": "Regenerator", "evs": {"hp": 85, "atk": 0, "def": 85, "spa": 85, "spd": 85, "spe": 85}, "ivs": {"hp": 31, "atk": 0, "def": 31, "spa": 31, "spd": 31, "spe": 31}, "item": "Leftovers", "teraType": "Steel", "role": "Fast Bulky Setup", "bvs": {"hp": 106, "atk": 80, "def": 110, "spa": 120, "spd": 80, "spe": 44}, "stats": {"hp": 312, "atk": 137, "def": 230, "spa": 247, "spd": 180, "spe": 121}, "types": ["Grass", "Dragon"]}, "Toxapex": {"name": "Toxapex", "species": "Toxapex", "speciesId": "toxapex", "gender": "F", "shiny": false, "level": 82, "moves": ["toxicspikes", "haze", "recover", "liquidation"], "ability": "Regenerator", "evs": {"hp": 85, "atk": 85, "def": 85, "spa": 85, "spd": 85, "spe": 85}, "ivs": {"hp": 31, "atk": 31, "def": 31, "spa": 31, "spd": 31, "spe": 31}, "item": "Leftovers", "teraType": "Steel", "role": "Bulky Support", "bvs": {"hp": 50, "atk": 63, "def": 152, "spa": 53, "spd": 142, "spe": 35}, "stats": {"hp": 216, "atk": 150, "def": 296, "spa": 134, "spd": 280, "spe": 105}, "types": ["Poison", "Water"]}, "Emboar": {"name": "Emboar", "species": "Emboar", "speciesId": "emboar", "gender": "F", "shiny": false, "level": 84, "moves": ["headsmash", "wildcharge", "closecombat", "flareblitz"], "ability": "Reckless", "evs": {"hp": 85, "atk": 85, "def": 85, "spa": 85, "spd": 85, "spe": 85}, "ivs": {"hp": 31, "atk": 31, "def": 31, "spa": 31, "spd": 31, "spe": 31}, "item": "Choice Scarf", "teraType": "Fire", "role": "Fast Attacker", "bvs": {"hp": 110, "atk": 123, "def": 65, "spa": 100, "spd": 65, "spe": 65}, "stats": {"hp": 322, "atk": 255, "def": 157, "spa": 216, "spd": 157, "spe": 157}, "types": ["Fire", "Fighting"]}, "Talonflame": {"name": "Talonflame", "species": "Talonflame", "speciesId": "talonflame", "gender": "M", "shiny": false, "level": 83, "moves": ["swordsdance", "bravebird", "flareblitz", "terablast"], "ability": "Flame Body", "evs": {"hp": 85, "atk": 85, "def": 85, "spa": 85, "spd": 85, "spe": 85}, "ivs": {"hp": 31, "atk": 31, "def": 31, "spa": 31, "spd": 31, "spe": 31}, "item": "Heavy-Duty Boots", "teraType": "Ground", "role": "Tera Blast user", "bvs": {"hp": 78, "atk": 81, "def": 71, "spa": 74, "spd": 69, "spe": 126}, "stats": {"hp": 265, "atk": 182, "def": 166, "spa": 171, "spd": 162, "spe": 257}, "types": ["Fire", "Flying"]}, "Dewgong": {"name": "Dewgong", "species": "Dewgong", "speciesId": "dewgong", "gender": "F", "shiny": false, "level": 94, "moves": ["flipturn", "surf", "encore", "tripleaxel"], "ability": "Thick Fat", "evs": {"hp": 85, "atk": 85, "def": 85, "spa": 85, "spd": 85, "spe": 85}, "ivs": {"hp": 31, "atk": 31, "def": 31, "spa": 31, "spd": 31, "spe": 31}, "item": "Heavy-Duty Boots", "teraType": "Ground", "role": "Bulky Attacker", "bvs": {"hp": 90, "atk": 70, "def": 80, "spa": 70, "spd": 95, "spe": 70}, "stats": {"hp": 322, "atk": 185, "def": 204, "spa": 185, "spd": 232, "spe": 185}, "types": ["Water", "Ice"]}}, {"Kyurem": {"name": "Kyurem", "species": "Kyurem", "speciesId": "kyurem", "gender": "N", "shiny": false, "level": 77, "moves": ["freezedry", "dracometeor", "icebeam", "earthpower"], "ability": "Pressure", "evs": {"hp": 85, "atk": 0, "def": 85, "spa": 85, "spd": 85, "spe": 85}, "ivs": {"hp": 31, "atk": 0, "def": 31, "spa": 31, "spd": 31, "spe": 31}, "item": "Choice Specs", "teraType": "Ground", "role": "Wallbreaker", "bvs": {"hp": 125, "atk": 130, "def": 90, "spa": 130, "spd": 90, "spe": 95}, "stats": {"hp": 319, "atk": 205, "def": 183, "spa": 245, "spd": 183, "spe": 191}, "types": ["Dragon", "Ice"]}, "Iron Hands": {"name": "Iron Hands", "species": "Iron Hands", "speciesId": "ironhands", "gender": "N", "shiny": false, "level": 79, "moves": ["drainpunch", "swordsdance", "icepunch", "wildcharge"], "ability": "Quark Drive", "evs": {"hp": 85, "atk": 85, "def": 85, "spa": 85, "spd": 85, "spe": 85}, "ivs": {"hp": 31, "atk": 31, "def": 31, "spa": 31, "spd": 31, "spe": 31}, "item": "Leftovers", "teraType": "Flying", "role": "Bulky Attacker", "bvs": {"hp": 154, "atk": 140, "def": 108, "spa": 50, "spd": 68, "spe": 50}, "stats": {"hp": 373, "atk": 267, "def": 216, "spa": 125, "spd": 153, "spe": 125}, "types": ["Fighting", "Electric"]}, "Glaceon": {"name": "Glaceon", "species": "Glaceon", "speciesId": "glaceon", "gender": "M", "shiny": false, "level": 94, "moves": ["wish", "mudshot", "freezedry", "protect"], "ability": "Ice Body", "evs": {"hp": 85, "atk": 0, "def": 85, "spa": 85, "spd": 85, "spe": 85}, "ivs": {"hp": 31, "atk": 0, "def": 31, "spa": 31, "spd": 31, "spe": 31}, "item": "Heavy-Duty Boots", "teraType": "Ground", "role": "Bulky Attacker", "bvs": {"hp": 65, "atk": 60, "def": 110, "spa": 130, "spd": 95, "spe": 65}, "stats": {"hp": 275, "atk": 117, "def": 260, "spa": 298, "spd": 232, "spe": 176}, "types": ["Ice"]}, "Gastrodon": {"name": "Gastrodon", "species": "Gastrodon-East", "speciesId": "gastrodon", "gender": "M", "shiny": false, "level": 86, "moves": ["stealthrock", "recover", "surf", "earthquake"], "ability": "Storm Drain", "evs": {"hp": 85, "atk": 85, "def": 85, "spa": 85, "spd": 85, "spe": 85}, "ivs": {"hp": 31, "atk": 31, "def": 31, "spa": 31, "spd": 31, "spe": 31}, "item": "Leftovers", "teraType": "Poison", "role": "Bulky Support", "bvs": {"hp": 111, "atk": 83, "def": 68, "spa": 92, "spd": 82, "spe": 39}, "stats": {"hp": 331, "atk": 192, "def": 166, "spa": 207, "spd": 190, "spe": 116}, "types": ["Water", "Ground"]}, "Thundurus": {"name": "Thundurus", "species": "Thundurus-Therian", "speciesId": "thundurustherian", "gender": "M", "shiny": false, "level": 80, "moves": ["psychic", "sludgewave", "nastyplot", "thunderbolt"], "ability": "Volt Absorb", "evs": {"hp": 85, "atk": 0, "def": 85, "spa": 85, "spd": 85, "spe": 85}, "ivs": {"hp": 31, "atk": 0, "def": 31, "spa": 31, "spd": 31, "spe": 31}, "item": "Heavy-Duty Boots", "teraType": "Poison", "role": "Fast Attacker", "bvs": {"hp": 79, "atk": 105, "def": 70, "spa": 145, "spd": 80, "spe": 101}, "stats": {"hp": 258, "atk": 173, "def": 158, "spa": 278, "spd": 174, "spe": 208}, "types": ["Electric", "Flying"]}, "Ogerpon": {"name": "Ogerpon", "species": "Ogerpon-Cornerstone", "speciesId": "ogerponcornerstone", "gender": "F", "shiny": false, "level": 76, "moves": ["synthesis", "powerwhip", "ivycudgel", "encore"], "ability": "Sturdy", "evs": {"hp": 85, "atk": 85, "def": 85, "spa": 85, "spd": 85, "spe": 85}, "ivs": {"hp": 31, "atk": 31, "def": 31, "spa": 31, "spd": 31, "spe": 31}, "item": "Cornerstone Mask", "teraType": "Rock", "role": "Bulky Attacker", "bvs": {"hp": 80, "atk": 120, "def": 84, "spa": 60, "spd": 96, "spe": 110}, "stats": {"hp": 247, "atk": 226, "def": 172, "spa": 135, "spd": 190, "spe": 211}, "types": ["Grass", "Rock"]}}]}