{"id": "gen9randombattle-2641252287", "format": "[Gen 9] Random Battle", "players": ["Clapadie365", "Merchant threat"], "log": "|j|\u2606Clapadie365\n|j|\u2606Merchant threat\n|t:|1782759315\n|gametype|singles\n|player|p1|Clapadie365|102|1081\n|player|p2|Merchant threat|flannery|1095\n|gen|9\n|tier|[Gen 9] Random Battle\n|rated|\n|rule|Species Clause: Limit one of each Pok\u00e9mon\n|rule|HP Percentage Mod: HP is shown in percentages\n|rule|Sleep Clause Mod: Limit one foe put to sleep\n|rule|Illusion Level Mod: Illusion disguises the Pok\u00e9mon's true level\n|\n|t:|1782759315\n|teamsize|p1|6\n|teamsize|p2|6\n|start\n|switch|p1a: Articuno|Articuno, L86|295/295\n|switch|p2a: Talonflame|Talonflame, L83, F|265/265\n|-ability|p1a: Articuno|Pressure\n|turn|1\n|inactive|Battle timer is ON: inactive players will automatically lose when time's up. (requested by Clapadie365)\n|\n|t:|1782759337\n|switch|p1a: Golduck|Golduck, L90, F|290/290\n|-ability|p1a: Golduck|Cloud Nine\n|move|p2a: Talonflame|Overheat|p1a: Golduck\n|-resisted|p1a: Golduck\n|-damage|p1a: Golduck|232/290\n|-unboost|p2a: Talonflame|spa|2\n|\n|upkeep\n|turn|2\n|c|\u2606Merchant threat|Lets g\n|\n|t:|1782759349\n|move|p2a: Talonflame|Brave Bird|p1a: Golduck\n|-damage|p1a: Golduck|129/290\n|-damage|p2a: Talonflame|231/265|[from] Recoil\n|move|p1a: Golduck|Nasty Plot|p1a: Golduck\n|-boost|p1a: Golduck|spa|2\n|\n|upkeep\n|turn|3\n|\n|t:|1782759358\n|move|p2a: Talonflame|Brave Bird|p1a: Golduck\n|-damage|p1a: Golduck|20/290\n|-damage|p2a: Talonflame|195/265|[from] Recoil\n|move|p1a: Golduck|Hydro Pump|p2a: Talonflame\n|-supereffective|p2a: Talonflame\n|-damage|p2a: Talonflame|0 fnt\n|faint|p2a: Talonflame\n|-damage|p1a: Golduck|0 fnt|[from] item: Life Orb\n|faint|p1a: Golduck\n|\n|upkeep\n|c|\u2606Merchant threat|You talk?\n|\n|t:|1782759383\n|switch|p2a: Indeedee|Indeedee-F, L90, F|272/272\n|switch|p1a: Articuno|Articuno, L86|295/295\n|-fieldstart|move: Psychic Terrain|[from] ability: Psychic Surge|[of] p2a: Indeedee\n|-ability|p1a: Articuno|Pressure\n|turn|4\n|\n|t:|1782759392\n|move|p2a: Indeedee|Shadow Ball|p1a: Articuno\n|-damage|p1a: Articuno|224/295\n|move|p1a: Articuno|Substitute|p1a: Articuno\n|-start|p1a: Articuno|Substitute\n|-damage|p1a: Articuno|151/295\n|\n|upkeep\n|turn|5\n|\n|t:|1782759399\n|switch|p2a: Ariados|Ariados, L95, M|287/287\n|move|p1a: Articuno|Freeze-Dry|p2a: Ariados\n|-damage|p2a: Ariados|208/287\n|\n|upkeep\n|turn|6\n|\n|t:|1782759406\n|move|p2a: Ariados|Sucker Punch|p1a: Articuno\n|-hint|Psychic Terrain doesn't affect airborne Pok\u00e9mon.\n|-activate|p1a: Articuno|move: Substitute|[damage]\n|move|p1a: Articuno|Brave Bird|p2a: Ariados\n|-supereffective|p2a: Ariados\n|-damage|p2a: Ariados|0 fnt\n|faint|p2a: Ariados\n|-damage|p1a: Articuno|82/295|[from] Recoil\n|\n|upkeep\n|\n|t:|1782759413\n|switch|p2a: Indeedee|Indeedee-F, L90, F|272/272\n|turn|7\n|\n|t:|1782759424\n|move|p2a: Indeedee|Hyper Voice|p1a: Articuno\n|-damage|p1a: Articuno|0 fnt\n|faint|p1a: Articuno\n|\n|upkeep\n|\n|t:|1782759434\n|switch|p1a: Magcargo|Magcargo, L95, F|268/268\n|turn|8\n|\n|t:|1782759453\n|switch|p2a: Deoxys|Deoxys-Attack, L72|191/191\n|-ability|p2a: Deoxys|Pressure\n|move|p1a: Magcargo|Stealth Rock|p2a: Deoxys\n|-sidestart|p2: Merchant threat|move: Stealth Rock\n|\n|-fieldend|move: Psychic Terrain\n|upkeep\n|turn|9\n|\n|t:|1782759464\n|switch|p1a: Illumise|Illumise, L91, F|266/266\n|-terastallize|p2a: Deoxys|Fighting\n|move|p2a: Deoxys|Knock Off|p1a: Illumise\n|-damage|p1a: Illumise|148/266\n|-enditem|p1a: Illumise|Heavy-Duty Boots|[from] move: Knock Off|[of] p2a: Deoxys\n|-damage|p2a: Deoxys|172/191|[from] item: Life Orb\n|\n|upkeep\n|turn|10\n|\n|t:|1782759477\n|move|p1a: Illumise|Roost|p1a: Illumise\n|-heal|p1a: Illumise|266/266\n|-singleturn|p1a: Illumise|move: Roost\n|move|p2a: Deoxys|Ice Beam|p1a: Illumise\n|-damage|p1a: Illumise|171/266\n|-damage|p2a: Deoxys|153/191|[from] item: Life Orb\n|\n|upkeep\n|turn|11\n|\n|t:|1782759483\n|move|p1a: Illumise|Thunder Wave|p2a: Deoxys\n|-status|p2a: Deoxys|par\n|cant|p2a: Deoxys|par\n|\n|upkeep\n|turn|12\n|c|\u2606Merchant threat|Move\n|c|\u2606Merchant threat|Now\n|inactive|Clapadie365 has 120 seconds left.\n|\n|t:|1782759514\n|switch|p1a: Pachirisu|Pachirisu, L96, M|271/271\n|switch|p2a: Copperajah|Copperajah, L86, F|350/350\n|-damage|p2a: Copperajah|329/350|[from] Stealth Rock\n|\n|upkeep\n|turn|13\n|inactive|Clapadie365 has 120 seconds left.\n|\n|t:|1782759534\n|move|p1a: Pachirisu|U-turn|p2a: Copperajah\n|-resisted|p2a: Copperajah\n|-damage|p2a: Copperajah|308/350\n|\n|t:|1782759537\n|switch|p1a: Illumise|Illumise, L91, F|171/266|[from] U-turn\n|move|p2a: Copperajah|Heat Crash|p1a: Illumise\n|-supereffective|p1a: Illumise\n|-damage|p1a: Illumise|0 fnt\n|faint|p1a: Illumise\n|\n|upkeep\n|inactive|Clapadie365 has 120 seconds left.\n|\n|t:|1782759544\n|switch|p1a: Greninja|Greninja, L80, M|246/246\n|turn|14\n|\n|t:|1782759558\n|switch|p2a: Deoxys|Deoxys-Attack, L72, tera:Fighting|153/191 par\n|-damage|p2a: Deoxys|142/191 par|[from] Stealth Rock\n|-ability|p2a: Deoxys|Pressure\n|move|p1a: Greninja|Spikes|p2a: Deoxys\n|-start|p1a: Greninja|typechange|Ground|[from] ability: Protean\n|-sidestart|p2: Merchant threat|Spikes\n|\n|upkeep\n|turn|15\n|\n|t:|1782759569\n|switch|p1a: Pachirisu|Pachirisu, L96, M|271/271\n|move|p2a: Deoxys|Ice Beam|p1a: Pachirisu\n|-damage|p1a: Pachirisu|184/271\n|-damage|p2a: Deoxys|123/191 par|[from] item: Life Orb\n|\n|upkeep\n|turn|16\n|\n|t:|1782759579\n|move|p1a: Pachirisu|Discharge|p2a: Deoxys\n|-damage|p2a: Deoxys|0 fnt\n|faint|p2a: Deoxys\n|\n|upkeep\n|\n|t:|1782759593\n|switch|p2a: Copperajah|Copperajah, L86, F|308/350\n|-damage|p2a: Copperajah|287/350|[from] Stealth Rock\n|-damage|p2a: Copperajah|244/350|[from] Spikes\n|turn|17\n|\n|t:|1782759610\n|-terastallize|p1a: Pachirisu|Flying\n|move|p1a: Pachirisu|Discharge|p2a: Copperajah\n|-damage|p2a: Copperajah|171/350\n|move|p2a: Copperajah|Stone Edge|p1a: Pachirisu\n|-supereffective|p1a: Pachirisu\n|-damage|p1a: Pachirisu|0 fnt\n|faint|p1a: Pachirisu\n|\n|upkeep\n|\n|t:|1782759618\n|switch|p1a: Magcargo|Magcargo, L95, F|268/268\n|turn|18\n|\n|t:|1782759624\n|switch|p2a: Indeedee|Indeedee-F, L90, F|272/272\n|-damage|p2a: Indeedee|238/272|[from] Stealth Rock\n|-damage|p2a: Indeedee|204/272|[from] Spikes\n|-fieldstart|move: Psychic Terrain|[from] ability: Psychic Surge|[of] p2a: Indeedee\n|move|p1a: Magcargo|Lava Plume|p2a: Indeedee\n|-damage|p2a: Indeedee|122/272\n|\n|upkeep\n|turn|19\n|\n|t:|1782759641\n|move|p2a: Indeedee|Psychic|p1a: Magcargo\n|-damage|p1a: Magcargo|73/268\n|move|p1a: Magcargo|Lava Plume|p2a: Indeedee\n|-damage|p2a: Indeedee|43/272\n|\n|upkeep\n|turn|20\n|\n|t:|1782759651\n|switch|p1a: Greninja|Greninja, L80, M|246/246\n|move|p2a: Indeedee|Psychic|p1a: Greninja\n|-immune|p1a: Greninja\n|\n|upkeep\n|turn|21\n|\n|t:|1782759663\n|switch|p2a: Copperajah|Copperajah, L86, F|171/350\n|-damage|p2a: Copperajah|150/350|[from] Stealth Rock\n|-damage|p2a: Copperajah|107/350|[from] Spikes\n|move|p1a: Greninja|Hydro Pump|p2a: Copperajah\n|-start|p1a: Greninja|typechange|Water|[from] ability: Protean\n|-damage|p2a: Copperajah|0 fnt\n|faint|p2a: Copperajah\n|-damage|p1a: Greninja|222/246|[from] item: Life Orb\n|\n|upkeep\n|\n|t:|1782759672\n|switch|p2a: Sneasler|Sneasler, L74, F|240/240\n|-damage|p2a: Sneasler|225/240|[from] Stealth Rock\n|-damage|p2a: Sneasler|195/240|[from] Spikes\n|turn|22\n|\n|t:|1782759684\n|move|p1a: Greninja|Hydro Pump|p2a: Sneasler\n|-damage|p2a: Sneasler|0 fnt\n|faint|p2a: Sneasler\n|-damage|p1a: Greninja|198/246|[from] item: Life Orb\n|\n|-fieldend|move: Psychic Terrain\n|upkeep\n|\n|t:|1782759687\n|switch|p2a: Indeedee|Indeedee-F, L90, F|43/272\n|-damage|p2a: Indeedee|9/272|[from] Stealth Rock\n|-damage|p2a: Indeedee|0 fnt|[from] Spikes\n|faint|p2a: Indeedee\n|\n|win|Clapadie365\n|raw|Clapadie365's rating: 1081 &rarr; <strong>1110</strong><br />(+29 for winning)\n|raw|Merchant threat's rating: 1095 &rarr; <strong>1070</strong><br />(-25 for losing)\n|l|\u2606Merchant threat\n|player|p2|\n", "inputlog": ">version f8ac14003a5f27e1bdc8d8c59608a773c1cb96e5\n>start {\"formatid\":\"gen9randombattle\",\"seed\":\"sodium,c7a6d27b8491495789edc07ae1c6632d\",\"rated\":\"Rated battle\"}\n>player p1 {\"name\":\"Clapadie365\",\"avatar\":\"102\",\"rating\":1081,\"seed\":\"sodium,ffb1d83f072af0eef9a524773f80fed0\"}\n>player p2 {\"name\":\"Merchant threat\",\"avatar\":\"flannery\",\"rating\":1095,\"seed\":\"sodium,b9081ab2cdbe13fda28b6a16970708b9\"}\n>p1 switch 5\n>p2 move overheat\n>chat \u2606Merchant threat|Lets g\n>p1 move nastyplot\n>p2 move bravebird\n>p1 move hydropump\n>p2 move bravebird\n>chat \u2606Merchant threat|You talk?\n>p1 switch 5\n>p2 switch 4\n>p1 move substitute\n>p2 move shadowball\n>p1 move freezedry\n>p2 switch 6\n>p1 move bravebird\n>p2 move suckerpunch\n>p2 switch 6\n>p1 move roost\n>p2 move hypervoice\n>p1 switch 3\n>p1 move stealthrock\n>p2 switch 2\n>p1 switch 4\n>p2 move knockoff terastallize\n>p1 move roost\n>p2 move icebeam\n>p1 move thunderwave\n>p2 move knockoff\n>chat \u2606Merchant threat|Move \n>chat \u2606Merchant threat|Now\n>p1 switch 6\n>p2 switch 5\n>p1 move uturn\n>p2 move heatcrash\n>p1 switch 6\n>p1 switch 2\n>p1 move spikes\n>p2 switch 5\n>p1 switch 6\n>p2 move icebeam\n>p1 move discharge\n>p2 move psychoboost\n>p2 switch 5\n>p1 move discharge terastallize\n>p2 move stoneedge\n>p1 switch 4\n>p1 move lavaplume\n>p2 switch 2\n>p1 move lavaplume\n>p2 move psychic\n>p1 switch 6\n>p2 move psychic\n>p1 move hydropump\n>p2 switch 2\n>p2 switch 3\n>p1 move hydropump\n>p2 move closecombat\n>p2 switch 2", "uploadtime": 1782759704, "views": 4, "formatid": "gen9randombattle", "rating": 1070, "private": 0, "password": null, "player_dets": [{"name": "Clapadie365", "avatar": "102", "rating": 1081, "seed": "sodium,ffb1d83f072af0eef9a524773f80fed0"}, {"name": "Merchant threat", "avatar": "flannery", "rating": 1095, "seed": "sodium,b9081ab2cdbe13fda28b6a16970708b9"}], "teams_full": [{"Articuno": {"name": "Articuno", "species": "Articuno", "speciesId": "articuno", "gender": "N", "shiny": false, "level": 86, "moves": ["bravebird", "roost", "freezedry", "substitute"], "ability": "Pressure", "evs": {"hp": 85, "atk": 85, "def": 85, "spa": 85, "spd": 85, "spe": 85}, "ivs": {"hp": 31, "atk": 31, "def": 31, "spa": 31, "spd": 31, "spe": 31}, "item": "Heavy-Duty Boots", "teraType": "Steel", "role": "Bulky Support", "bvs": {"hp": 90, "atk": 85, "def": 100, "spa": 95, "spd": 125, "spe": 85}, "stats": {"hp": 295, "atk": 195, "def": 221, "spa": 213, "spd": 264, "spe": 195}, "types": ["Ice", "Flying"]}, "Greninja": {"name": "Greninja", "species": "Greninja", "speciesId": "greninja", "gender": "M", "shiny": false, "level": 80, "moves": ["gunkshot", "hydropump", "spikes", "grassknot"], "ability": "Protean", "evs": {"hp": 85, "atk": 85, "def": 85, "spa": 85, "spd": 85, "spe": 85}, "ivs": {"hp": 31, "atk": 31, "def": 31, "spa": 31, "spd": 31, "spe": 31}, "item": "Life Orb", "teraType": "Poison", "role": "Wallbreaker", "bvs": {"hp": 72, "atk": 95, "def": 67, "spa": 103, "spd": 71, "spe": 122}, "stats": {"hp": 246, "atk": 198, "def": 153, "spa": 211, "spd": 160, "spe": 241}, "types": ["Water", "Dark"]}, "Magcargo": {"name": "Magcargo", "species": "Magcargo", "speciesId": "magcargo", "gender": "F", "shiny": false, "level": 95, "moves": ["recover", "stealthrock", "lavaplume", "powergem"], "ability": "Flame Body", "evs": {"hp": 85, "atk": 0, "def": 85, "spa": 85, "spd": 85, "spe": 85}, "ivs": {"hp": 31, "atk": 0, "def": 31, "spa": 31, "spd": 31, "spe": 31}, "item": "Heavy-Duty Boots", "teraType": "Grass", "role": "Bulky Support", "bvs": {"hp": 60, "atk": 50, "def": 120, "spa": 90, "spd": 80, "spe": 30}, "stats": {"hp": 268, "atk": 100, "def": 282, "spa": 225, "spd": 206, "spe": 111}, "types": ["Fire", "Rock"]}, "Illumise": {"name": "Illumise", "species": "Illumise", "speciesId": "illumise", "gender": "F", "shiny": false, "level": 91, "moves": ["roost", "bugbuzz", "thunderwave", "encore"], "ability": "Prankster", "evs": {"hp": 85, "atk": 0, "def": 85, "spa": 85, "spd": 85, "spe": 85}, "ivs": {"hp": 31, "atk": 0, "def": 31, "spa": 31, "spd": 31, "spe": 31}, "item": "Heavy-Duty Boots", "teraType": "Steel", "role": "Bulky Support", "bvs": {"hp": 65, "atk": 47, "def": 75, "spa": 73, "spd": 85, "spe": 85}, "stats": {"hp": 266, "atk": 90, "def": 188, "spa": 185, "spd": 207, "spe": 207}, "types": ["Bug"]}, "Golduck": {"name": "Golduck", "species": "Golduck", "speciesId": "golduck", "gender": "F", "shiny": false, "level": 90, "moves": ["grassknot", "nastyplot", "icebeam", "hydropump"], "ability": "Cloud Nine", "evs": {"hp": 85, "atk": 0, "def": 85, "spa": 85, "spd": 85, "spe": 85}, "ivs": {"hp": 31, "atk": 0, "def": 31, "spa": 31, "spd": 31, "spe": 31}, "item": "Life Orb", "teraType": "Water", "role": "Fast Attacker", "bvs": {"hp": 80, "atk": 82, "def": 78, "spa": 95, "spd": 80, "spe": 85}, "stats": {"hp": 290, "atk": 152, "def": 192, "spa": 222, "spd": 195, "spe": 204}, "types": ["Water"]}, "Pachirisu": {"name": "Pachirisu", "species": "Pachirisu", "speciesId": "pachirisu", "gender": "M", "shiny": false, "level": 96, "moves": ["encore", "superfang", "discharge", "uturn"], "ability": "Volt Absorb", "evs": {"hp": 85, "atk": 85, "def": 85, "spa": 85, "spd": 85, "spe": 85}, "ivs": {"hp": 31, "atk": 31, "def": 31, "spa": 31, "spd": 31, "spe": 31}, "item": "Heavy-Duty Boots", "teraType": "Flying", "role": "Fast Support", "bvs": {"hp": 60, "atk": 45, "def": 70, "spa": 45, "spd": 90, "spe": 95}, "stats": {"hp": 271, "atk": 141, "def": 189, "spa": 141, "spd": 227, "spe": 237}, "types": ["Electric"]}}, {"Talonflame": {"name": "Talonflame", "species": "Talonflame", "speciesId": "talonflame", "gender": "F", "shiny": false, "level": 83, "moves": ["roost", "overheat", "bravebird", "defog"], "ability": "Flame Body", "evs": {"hp": 85, "atk": 85, "def": 85, "spa": 85, "spd": 85, "spe": 85}, "ivs": {"hp": 31, "atk": 31, "def": 31, "spa": 31, "spd": 31, "spe": 31}, "item": "Heavy-Duty Boots", "teraType": "Ground", "role": "Bulky Attacker", "bvs": {"hp": 78, "atk": 81, "def": 71, "spa": 74, "spd": 69, "spe": 126}, "stats": {"hp": 265, "atk": 182, "def": 166, "spa": 171, "spd": 162, "spe": 257}, "types": ["Fire", "Flying"]}, "Deoxys": {"name": "Deoxys", "species": "Deoxys-Attack", "speciesId": "deoxysattack", "gender": "N", "shiny": false, "level": 72, "moves": ["icebeam", "knockoff", "psychoboost", "superpower"], "ability": "Pressure", "evs": {"hp": 85, "atk": 85, "def": 85, "spa": 85, "spd": 85, "spe": 85}, "ivs": {"hp": 31, "atk": 31, "def": 31, "spa": 31, "spd": 31, "spe": 31}, "item": "Life Orb", "teraType": "Fighting", "role": "Wallbreaker", "bvs": {"hp": 50, "atk": 180, "def": 20, "spa": 180, "spd": 20, "spe": 150}, "stats": {"hp": 191, "atk": 301, "def": 71, "spa": 301, "spd": 71, "spe": 258}, "types": ["Psychic"]}, "Sneasler": {"name": "Sneasler", "species": "Sneasler", "speciesId": "sneasler", "gender": "F", "shiny": false, "level": 74, "moves": ["closecombat", "acrobatics", "gunkshot", "swordsdance"], "ability": "Unburden", "evs": {"hp": 85, "atk": 85, "def": 85, "spa": 85, "spd": 85, "spe": 85}, "ivs": {"hp": 31, "atk": 31, "def": 31, "spa": 31, "spd": 31, "spe": 31}, "item": "White Herb", "teraType": "Flying", "role": "Setup Sweeper", "bvs": {"hp": 80, "atk": 130, "def": 60, "spa": 40, "spd": 80, "spe": 120}, "stats": {"hp": 240, "atk": 235, "def": 132, "spa": 102, "spd": 161, "spe": 221}, "types": ["Fighting", "Poison"]}, "Indeedee": {"name": "Indeedee", "species": "Indeedee-F", "speciesId": "indeedeef", "gender": "F", "shiny": false, "level": 90, "moves": ["hypervoice", "psychic", "shadowball", "dazzlinggleam"], "ability": "Psychic Surge", "evs": {"hp": 85, "atk": 0, "def": 85, "spa": 85, "spd": 85, "spe": 85}, "ivs": {"hp": 31, "atk": 0, "def": 31, "spa": 31, "spd": 31, "spe": 31}, "item": "Choice Specs", "teraType": "Psychic", "role": "Fast Attacker", "bvs": {"hp": 70, "atk": 55, "def": 65, "spa": 95, "spd": 105, "spe": 85}, "stats": {"hp": 272, "atk": 104, "def": 168, "spa": 222, "spd": 240, "spe": 204}, "types": ["Psychic", "Normal"]}, "Copperajah": {"name": "Copperajah", "species": "Copperajah", "speciesId": "copperajah", "gender": "F", "shiny": false, "level": 86, "moves": ["knockoff", "stoneedge", "heatcrash", "heavyslam"], "ability": "Heavy Metal", "evs": {"hp": 85, "atk": 85, "def": 85, "spa": 85, "spd": 85, "spe": 85}, "ivs": {"hp": 31, "atk": 31, "def": 31, "spa": 31, "spd": 31, "spe": 31}, "item": "Choice Band", "teraType": "Fire", "role": "Bulky Attacker", "bvs": {"hp": 122, "atk": 130, "def": 69, "spa": 80, "spd": 69, "spe": 30}, "stats": {"hp": 350, "atk": 273, "def": 168, "spa": 187, "spd": 168, "spe": 101}, "types": ["Steel"]}, "Ariados": {"name": "Ariados", "species": "Ariados", "speciesId": "ariados", "gender": "M", "shiny": false, "level": 95, "moves": ["poisonjab", "stickyweb", "suckerpunch", "megahorn"], "ability": "Swarm", "evs": {"hp": 85, "atk": 85, "def": 85, "spa": 85, "spd": 85, "spe": 85}, "ivs": {"hp": 31, "atk": 31, "def": 31, "spa": 31, "spd": 31, "spe": 31}, "item": "Heavy-Duty Boots", "teraType": "Ghost", "role": "Fast Support", "bvs": {"hp": 70, "atk": 90, "def": 70, "spa": 60, "spd": 70, "spe": 40}, "stats": {"hp": 287, "atk": 225, "def": 187, "spa": 168, "spd": 187, "spe": 130}, "types": ["Bug", "Poison"]}}]}