{"id": "gen9randombattle-2641074261", "format": "[Gen 9] Random Battle", "players": ["Magus_Magistus", "Dylanea93"], "log": "|j|\u2606Magus_Magistus\n|j|\u2606Dylanea93\n|t:|1782736618\n|gametype|singles\n|player|p1|Magus_Magistus|lucas|1397\n|player|p2|Dylanea93|170|1337\n|gen|9\n|tier|[Gen 9] Random Battle\n|rated|\n|rule|Species Clause: Limit one of each Pok\u00e9mon\n|rule|HP Percentage Mod: HP is shown in percentages\n|rule|Sleep Clause Mod: Limit one foe put to sleep\n|rule|Illusion Level Mod: Illusion disguises the Pok\u00e9mon's true level\n|\n|t:|1782736618\n|teamsize|p1|6\n|teamsize|p2|6\n|start\n|switch|p1a: Corviknight|Corviknight, L80, F|288/288\n|switch|p2a: Orthworm|Orthworm, L88, M|266/266\n|-ability|p1a: Corviknight|Pressure\n|turn|1\n|inactive|Battle timer is ON: inactive players will automatically lose when time's up. (requested by Dylanea93)\n|inactive|Magus_Magistus also wants the timer to be on.\n|\n|t:|1782736635\n|move|p2a: Orthworm|Coil|p2a: Orthworm\n|-boost|p2a: Orthworm|atk|1\n|-boost|p2a: Orthworm|def|1\n|-boost|p2a: Orthworm|accuracy|1\n|move|p1a: Corviknight|Defog|p2a: Orthworm\n|-unboost|p2a: Orthworm|evasion|1\n|\n|upkeep\n|turn|2\n|\n|t:|1782736642\n|move|p2a: Orthworm|Coil|p2a: Orthworm\n|-boost|p2a: Orthworm|atk|1\n|-boost|p2a: Orthworm|def|1\n|-boost|p2a: Orthworm|accuracy|1\n|move|p1a: Corviknight|Body Press|p2a: Orthworm\n|-supereffective|p2a: Orthworm\n|-damage|p2a: Orthworm|232/266\n|\n|upkeep\n|turn|3\n|\n|t:|1782736654\n|switch|p1a: Quaquaval|Quaquaval, L79, M|264/264\n|move|p2a: Orthworm|Coil|p2a: Orthworm\n|-boost|p2a: Orthworm|atk|1\n|-boost|p2a: Orthworm|def|1\n|-boost|p2a: Orthworm|accuracy|1\n|\n|upkeep\n|turn|4\n|\n|t:|1782736663\n|move|p1a: Quaquaval|Close Combat|p2a: Orthworm\n|-supereffective|p2a: Orthworm\n|-damage|p2a: Orthworm|118/266\n|-unboost|p1a: Quaquaval|def|1\n|-unboost|p1a: Quaquaval|spd|1\n|move|p2a: Orthworm|Body Press|p1a: Quaquaval\n|-damage|p1a: Quaquaval|0 fnt\n|faint|p1a: Quaquaval\n|\n|upkeep\n|\n|t:|1782736676\n|switch|p1a: Chimecho|Chimecho, L93, F|290/290\n|turn|5\n|\n|t:|1782736692\n|move|p1a: Chimecho|Thunder Wave|p2a: Orthworm\n|-status|p2a: Orthworm|par\n|move|p2a: Orthworm|Iron Tail|p1a: Chimecho\n|-damage|p1a: Chimecho|25/290\n|\n|-heal|p1a: Chimecho|43/290|[from] item: Leftovers\n|upkeep\n|turn|6\n|\n|t:|1782736703\n|move|p1a: Chimecho|Recover|p1a: Chimecho\n|-heal|p1a: Chimecho|188/290\n|move|p2a: Orthworm|Rest|p2a: Orthworm\n|-status|p2a: Orthworm|slp|[from] move: Rest\n|-heal|p2a: Orthworm|266/266 slp|[silent]\n|-enditem|p2a: Orthworm|Chesto Berry|[eat]\n|-curestatus|p2a: Orthworm|slp|[msg]\n|\n|-heal|p1a: Chimecho|206/290|[from] item: Leftovers\n|upkeep\n|turn|7\n|\n|t:|1782736716\n|move|p1a: Chimecho|Encore|p2a: Orthworm\n|-start|p2a: Orthworm|Encore\n|move|p2a: Orthworm|Rest|p2a: Orthworm\n|-fail|p2a: Orthworm|heal\n|\n|-heal|p1a: Chimecho|224/290|[from] item: Leftovers\n|upkeep\n|turn|8\n|\n|t:|1782736728\n|switch|p1a: Crawdaunt|Crawdaunt, L84, F|243/243\n|move|p2a: Orthworm|Rest|p2a: Orthworm\n|-fail|p2a: Orthworm|heal\n|\n|upkeep\n|turn|9\n|\n|t:|1782736736\n|move|p2a: Orthworm|Rest|p2a: Orthworm\n|-fail|p2a: Orthworm|heal\n|move|p1a: Crawdaunt|Close Combat|p2a: Orthworm\n|-supereffective|p2a: Orthworm\n|-damage|p2a: Orthworm|188/266\n|-unboost|p1a: Crawdaunt|def|1\n|-unboost|p1a: Crawdaunt|spd|1\n|\n|-end|p2a: Orthworm|Encore\n|upkeep\n|turn|10\n|\n|t:|1782736743\n|move|p2a: Orthworm|Body Press|p1a: Crawdaunt\n|-supereffective|p1a: Crawdaunt\n|-damage|p1a: Crawdaunt|0 fnt\n|faint|p1a: Crawdaunt\n|\n|upkeep\n|\n|t:|1782736757\n|switch|p1a: Chimecho|Chimecho, L93, F|224/290\n|turn|11\n|\n|t:|1782736767\n|-terastallize|p2a: Orthworm|Electric\n|move|p1a: Chimecho|Thunder Wave|p2a: Orthworm\n|-immune|p2a: Orthworm\n|move|p2a: Orthworm|Iron Tail|p1a: Chimecho\n|-damage|p1a: Chimecho|0 fnt\n|faint|p1a: Chimecho\n|\n|upkeep\n|\n|t:|1782736790\n|switch|p1a: Stonjourner|Stonjourner, L91, M|330/330\n|turn|12\n|\n|t:|1782736798\n|move|p1a: Stonjourner|Heat Crash|p2a: Orthworm\n|-crit|p2a: Orthworm\n|-damage|p2a: Orthworm|136/266\n|-damage|p1a: Stonjourner|297/330|[from] item: Life Orb\n|move|p2a: Orthworm|Body Press|p1a: Stonjourner\n|-supereffective|p1a: Stonjourner\n|-damage|p1a: Stonjourner|13/330\n|\n|upkeep\n|turn|13\n|\n|t:|1782736809\n|move|p1a: Stonjourner|Stealth Rock|p2a: Orthworm\n|-sidestart|p2: Dylanea93|move: Stealth Rock\n|move|p2a: Orthworm|Iron Tail|p1a: Stonjourner\n|-supereffective|p1a: Stonjourner\n|-damage|p1a: Stonjourner|0 fnt\n|faint|p1a: Stonjourner\n|\n|upkeep\n|\n|t:|1782736813\n|switch|p1a: Corviknight|Corviknight, L80, F|288/288\n|-ability|p1a: Corviknight|Pressure\n|turn|14\n|\n|t:|1782736823\n|move|p2a: Orthworm|Body Press|p1a: Corviknight\n|-damage|p1a: Corviknight|96/288\n|move|p1a: Corviknight|Body Press|p2a: Orthworm\n|-damage|p2a: Orthworm|121/266\n|\n|-heal|p1a: Corviknight|114/288|[from] item: Leftovers\n|upkeep\n|turn|15\n|\n|t:|1782736830\n|move|p2a: Orthworm|Body Press|p1a: Corviknight\n|-damage|p1a: Corviknight|0 fnt\n|faint|p1a: Corviknight\n|\n|upkeep\n|\n|t:|1782736835\n|switch|p1a: Arceus|Arceus-Fighting, L70|284/284\n|turn|16\n|\n|t:|1782736844\n|move|p1a: Arceus|Cosmic Power|p1a: Arceus\n|-boost|p1a: Arceus|def|1\n|-boost|p1a: Arceus|spd|1\n|move|p2a: Orthworm|Body Press|p1a: Arceus\n|-damage|p1a: Arceus|155/284\n|\n|upkeep\n|turn|17\n|\n|t:|1782736854\n|move|p1a: Arceus|Cosmic Power|p1a: Arceus\n|-boost|p1a: Arceus|def|1\n|-boost|p1a: Arceus|spd|1\n|move|p2a: Orthworm|Coil|p2a: Orthworm\n|-boost|p2a: Orthworm|atk|1\n|-boost|p2a: Orthworm|def|1\n|-boost|p2a: Orthworm|accuracy|1\n|\n|upkeep\n|turn|18\n|\n|t:|1782736862\n|move|p1a: Arceus|Cosmic Power|p1a: Arceus\n|-boost|p1a: Arceus|def|1\n|-boost|p1a: Arceus|spd|1\n|move|p2a: Orthworm|Iron Tail|p1a: Arceus\n|-damage|p1a: Arceus|37/284\n|\n|upkeep\n|turn|19\n|\n|t:|1782736865\n|move|p1a: Arceus|Recover|p1a: Arceus\n|-heal|p1a: Arceus|179/284\n|move|p2a: Orthworm|Iron Tail|p1a: Arceus\n|-damage|p1a: Arceus|50/284\n|\n|upkeep\n|turn|20\n|\n|t:|1782736872\n|move|p1a: Arceus|Stored Power|p2a: Orthworm\n|-damage|p2a: Orthworm|14/266\n|move|p2a: Orthworm|Iron Tail|p1a: Arceus\n|-damage|p1a: Arceus|0 fnt\n|faint|p1a: Arceus\n|\n|win|Dylanea93\n|raw|Magus_Magistus's rating: 1397 &rarr; <strong>1374</strong><br />(-23 for losing)\n|raw|Dylanea93's rating: 1337 &rarr; <strong>1360</strong><br />(+23 for winning)\n|l|\u2606Magus_Magistus\n|player|p1|\n", "inputlog": ">version 3f8ef8cf60cebd2b18892af2794d10415e14a302\n>start {\"formatid\":\"gen9randombattle\",\"seed\":\"sodium,02b37dc75b6a5674d03e1576af4e579f\",\"rated\":\"Rated battle\"}\n>player p1 {\"name\":\"Magus_Magistus\",\"avatar\":\"lucas\",\"rating\":1397,\"seed\":\"sodium,c96b309d077bae595900413345ad932b\"}\n>player p2 {\"name\":\"Dylanea93\",\"avatar\":\"170\",\"rating\":1337,\"seed\":\"sodium,798701cd24acb2e428dfd04c94ce7b46\"}\n>p1 move defog\n>p2 move coil\n>p1 move bodypress\n>p2 move coil\n>p1 switch 2\n>p2 move coil\n>p1 move closecombat\n>p2 move bodypress\n>p1 switch 6\n>p1 move thunderwave\n>p2 move irontail\n>p1 move recover\n>p2 move rest\n>p1 move encore\n>p2 move irontail\n>p1 switch 4\n>p2 move rest\n>p1 move closecombat\n>p2 move rest\n>p1 move closecombat\n>p2 move bodypress\n>p1 switch 4\n>p1 move thunderwave\n>p2 move irontail terastallize\n>p1 switch 3\n>p1 move heatcrash\n>p2 move bodypress\n>p1 move stealthrock\n>p2 move irontail\n>p1 switch 2\n>p1 move bodypress\n>p2 move bodypress\n>p1 move bodypress\n>p2 move bodypress\n>p1 switch 5\n>p1 move cosmicpower\n>p2 move bodypress\n>p1 move cosmicpower\n>p2 move coil\n>p1 move cosmicpower\n>p2 move irontail\n>p1 move recover\n>p2 move irontail\n>p1 move storedpower\n>p2 move irontail", "uploadtime": 1782736877, "views": 4, "formatid": "gen9randombattle", "rating": 1360, "private": 0, "password": null, "player_dets": [{"name": "Magus_Magistus", "avatar": "lucas", "rating": 1397, "seed": "sodium,c96b309d077bae595900413345ad932b"}, {"name": "Dylanea93", "avatar": "170", "rating": 1337, "seed": "sodium,798701cd24acb2e428dfd04c94ce7b46"}], "teams_full": [{"Corviknight": {"name": "Corviknight", "species": "Corviknight", "speciesId": "corviknight", "gender": "F", "shiny": false, "level": 80, "moves": ["defog", "roost", "bravebird", "bodypress"], "ability": "Pressure", "evs": {"hp": 85, "atk": 85, "def": 85, "spa": 85, "spd": 85, "spe": 85}, "ivs": {"hp": 31, "atk": 31, "def": 31, "spa": 31, "spd": 31, "spe": 31}, "item": "Leftovers", "teraType": "Dragon", "role": "Bulky Support", "bvs": {"hp": 98, "atk": 87, "def": 105, "spa": 53, "spd": 85, "spe": 67}, "stats": {"hp": 288, "atk": 185, "def": 214, "spa": 131, "spd": 182, "spe": 153}, "types": ["Flying", "Steel"]}, "Quaquaval": {"name": "Quaquaval", "species": "Quaquaval", "speciesId": "quaquaval", "gender": "M", "shiny": false, "level": 79, "moves": ["knockoff", "uturn", "closecombat", "aquastep"], "ability": "Moxie", "evs": {"hp": 85, "atk": 85, "def": 85, "spa": 85, "spd": 85, "spe": 85}, "ivs": {"hp": 31, "atk": 31, "def": 31, "spa": 31, "spd": 31, "spe": 31}, "item": "Choice Band", "teraType": "Water", "role": "Wallbreaker", "bvs": {"hp": 85, "atk": 120, "def": 80, "spa": 85, "spd": 75, "spe": 85}, "stats": {"hp": 264, "atk": 235, "def": 172, "spa": 180, "spd": 164, "spe": 180}, "types": ["Water", "Fighting"]}, "Stonjourner": {"name": "Stonjourner", "species": "Stonjourner", "speciesId": "stonjourner", "gender": "M", "shiny": false, "level": 91, "moves": ["heatcrash", "earthquake", "stoneedge", "stealthrock"], "ability": "Power Spot", "evs": {"hp": 85, "atk": 85, "def": 85, "spa": 85, "spd": 85, "spe": 85}, "ivs": {"hp": 31, "atk": 31, "def": 31, "spa": 31, "spd": 31, "spe": 31}, "item": "Life Orb", "teraType": "Fire", "role": "Fast Attacker", "bvs": {"hp": 100, "atk": 125, "def": 135, "spa": 20, "spd": 20, "spe": 70}, "stats": {"hp": 330, "atk": 279, "def": 298, "spa": 88, "spd": 88, "spe": 179}, "types": ["Rock"]}, "Crawdaunt": {"name": "Crawdaunt", "species": "Crawdaunt", "speciesId": "crawdaunt", "gender": "F", "shiny": false, "level": 84, "moves": ["closecombat", "aquajet", "crabhammer", "knockoff"], "ability": "Adaptability", "evs": {"hp": 85, "atk": 85, "def": 85, "spa": 85, "spd": 85, "spe": 85}, "ivs": {"hp": 31, "atk": 31, "def": 31, "spa": 31, "spd": 31, "spe": 31}, "item": "Choice Band", "teraType": "Fighting", "role": "Fast Attacker", "bvs": {"hp": 63, "atk": 120, "def": 85, "spa": 90, "spd": 55, "spe": 55}, "stats": {"hp": 243, "atk": 250, "def": 191, "spa": 199, "spd": 141, "spe": 141}, "types": ["Water", "Dark"]}, "Arceus": {"name": "Arceus", "species": "Arceus-Fighting", "speciesId": "arceusfighting", "gender": "N", "shiny": false, "level": 70, "moves": ["bodypress", "storedpower", "recover", "cosmicpower"], "ability": "Multitype", "evs": {"hp": 85, "atk": 0, "def": 85, "spa": 85, "spd": 85, "spe": 85}, "ivs": {"hp": 31, "atk": 0, "def": 31, "spa": 31, "spd": 31, "spe": 31}, "item": "Fist Plate", "teraType": "Steel", "role": "Fast Bulky Setup", "bvs": {"hp": 120, "atk": 120, "def": 120, "spa": 120, "spd": 120, "spe": 120}, "stats": {"hp": 284, "atk": 173, "def": 209, "spa": 209, "spd": 209, "spe": 209}, "types": ["Fighting"]}, "Chimecho": {"name": "Chimecho", "species": "Chimecho", "speciesId": "chimecho", "gender": "F", "shiny": false, "level": 93, "moves": ["psychicnoise", "thunderwave", "recover", "encore"], "ability": "Levitate", "evs": {"hp": 85, "atk": 0, "def": 85, "spa": 85, "spd": 85, "spe": 85}, "ivs": {"hp": 31, "atk": 0, "def": 31, "spa": 31, "spd": 31, "spe": 31}, "item": "Leftovers", "teraType": "Poison", "role": "Bulky Support", "bvs": {"hp": 75, "atk": 50, "def": 80, "spa": 95, "spd": 90, "spe": 65}, "stats": {"hp": 290, "atk": 98, "def": 202, "spa": 230, "spd": 220, "spe": 174}, "types": ["Psychic"]}}, {"Orthworm": {"name": "Orthworm", "species": "Orthworm", "speciesId": "orthworm", "gender": "M", "shiny": false, "level": 88, "moves": ["coil", "rest", "bodypress", "irontail"], "ability": "Earth Eater", "evs": {"hp": 85, "atk": 85, "def": 85, "spa": 85, "spd": 85, "spe": 85}, "ivs": {"hp": 31, "atk": 31, "def": 31, "spa": 31, "spd": 31, "spe": 31}, "item": "Chesto Berry", "teraType": "Electric", "role": "Bulky Setup", "bvs": {"hp": 70, "atk": 85, "def": 145, "spa": 60, "spd": 55, "spe": 65}, "stats": {"hp": 266, "atk": 200, "def": 305, "spa": 156, "spd": 147, "spe": 165}, "types": ["Steel"]}, "Lumineon": {"name": "Lumineon", "species": "Lumineon", "speciesId": "lumineon", "gender": "M", "shiny": false, "level": 93, "moves": ["alluringvoice", "icebeam", "encore", "hydropump"], "ability": "Storm Drain", "evs": {"hp": 85, "atk": 0, "def": 85, "spa": 85, "spd": 85, "spe": 85}, "ivs": {"hp": 31, "atk": 0, "def": 31, "spa": 31, "spd": 31, "spe": 31}, "item": "Life Orb", "teraType": "Water", "role": "Fast Attacker", "bvs": {"hp": 69, "atk": 69, "def": 76, "spa": 69, "spd": 86, "spe": 91}, "stats": {"hp": 279, "atk": 133, "def": 194, "spa": 181, "spd": 213, "spe": 222}, "types": ["Water"]}, "Rabsca": {"name": "Rabsca", "species": "Rabsca", "speciesId": "rabsca", "gender": "M", "shiny": false, "level": 91, "moves": ["psychic", "bugbuzz", "earthpower", "revivalblessing"], "ability": "Synchronize", "evs": {"hp": 85, "atk": 0, "def": 85, "spa": 85, "spd": 85, "spe": 85}, "ivs": {"hp": 31, "atk": 0, "def": 31, "spa": 31, "spd": 31, "spe": 31}, "item": "Heavy-Duty Boots", "teraType": "Steel", "role": "Wallbreaker", "bvs": {"hp": 75, "atk": 50, "def": 85, "spa": 115, "spd": 100, "spe": 45}, "stats": {"hp": 284, "atk": 96, "def": 207, "spa": 261, "spd": 234, "spe": 134}, "types": ["Bug", "Psychic"]}, "Typhlosion": {"name": "Typhlosion", "species": "Typhlosion", "speciesId": "typhlosion", "gender": "F", "shiny": false, "level": 84, "moves": ["eruption", "scorchingsands", "fireblast", "focusblast"], "ability": "Blaze", "evs": {"hp": 81, "atk": 0, "def": 85, "spa": 85, "spd": 85, "spe": 85}, "ivs": {"hp": 31, "atk": 0, "def": 31, "spa": 31, "spd": 31, "spe": 31}, "item": "Choice Specs", "teraType": "Fire", "role": "Fast Attacker", "bvs": {"hp": 78, "atk": 84, "def": 78, "spa": 109, "spd": 85, "spe": 100}, "stats": {"hp": 267, "atk": 146, "def": 179, "spa": 231, "spd": 191, "spe": 216}, "types": ["Fire"]}, "Charizard": {"name": "Charizard", "species": "Charizard", "speciesId": "charizard", "gender": "M", "shiny": false, "level": 85, "moves": ["outrage", "dragondance", "earthquake", "flareblitz"], "ability": "Blaze", "evs": {"hp": 85, "atk": 85, "def": 85, "spa": 85, "spd": 85, "spe": 85}, "ivs": {"hp": 31, "atk": 31, "def": 31, "spa": 31, "spd": 31, "spe": 31}, "item": "Heavy-Duty Boots", "teraType": "Dragon", "role": "Setup Sweeper", "bvs": {"hp": 78, "atk": 84, "def": 78, "spa": 109, "spd": 85, "spe": 100}, "stats": {"hp": 271, "atk": 192, "def": 181, "spa": 234, "spd": 193, "spe": 219}, "types": ["Fire", "Flying"]}, "Rillaboom": {"name": "Rillaboom", "species": "Rillaboom", "speciesId": "rillaboom", "gender": "F", "shiny": false, "level": 79, "moves": ["knockoff", "woodhammer", "grassyglide", "uturn"], "ability": "Grassy Surge", "evs": {"hp": 85, "atk": 85, "def": 85, "spa": 85, "spd": 85, "spe": 85}, "ivs": {"hp": 31, "atk": 31, "def": 31, "spa": 31, "spd": 31, "spe": 31}, "item": "Choice Band", "teraType": "Grass", "role": "Wallbreaker", "bvs": {"hp": 100, "atk": 125, "def": 90, "spa": 60, "spd": 70, "spe": 85}, "stats": {"hp": 288, "atk": 243, "def": 188, "spa": 140, "spd": 156, "spe": 180}, "types": ["Grass"]}}]}