{"id": "gen9randombattle-2641426117", "format": "[Gen 9] Random Battle", "players": ["notmetbh102", "torre29"], "log": "|badge|p1|bronze|gen9randombattle|100-9\n|html|<div class=\"broadcast-red\"><strong>This battle is required to be public due to one or more player having a season medal.</strong><br />During the public phase, you can discuss the state of the ladder <a href=\"/seasondiscussion\">in a special chatroom.</a></div>\n|uhtml|medal-msg|<div class=\"broadcast-blue\">Curious what those medals under the avatar are? PS now has Ladder Seasons! For more information, check out the <a href=\"https://www.smogon.com/forums/threads/3740067/\">thread on Smogon.</a></div>\n|j|\u2606notmetbh102\n|j|\u2606torre29\n|t:|1782782973\n|gametype|singles\n|player|p1|notmetbh102|2|2231\n|player|p2|torre29|102|2193\n|gen|9\n|tier|[Gen 9] Random Battle\n|rated|\n|rule|Species Clause: Limit one of each Pok\u00e9mon\n|rule|HP Percentage Mod: HP is shown in percentages\n|rule|Sleep Clause Mod: Limit one foe put to sleep\n|rule|Illusion Level Mod: Illusion disguises the Pok\u00e9mon's true level\n|\n|t:|1782782973\n|teamsize|p1|6\n|teamsize|p2|6\n|start\n|switch|p1a: Houndstone|Houndstone, L86, M|264/264\n|switch|p2a: Okidogi|Okidogi, L77, M|262/262\n|turn|1\n|inactive|Battle timer is ON: inactive players will automatically lose when time's up. (requested by notmetbh102)\n|c|\u2606notmetbh102|hf\n|\n|t:|1782782992\n|switch|p1a: Okidogi|Okidogi, L77, M|262/262\n|move|p2a: Okidogi|Knock Off|p1a: Okidogi\n|-resisted|p1a: Okidogi\n|-damage|p1a: Okidogi|231/262\n|-enditem|p1a: Okidogi|Leftovers|[from] move: Knock Off|[of] p2a: Okidogi\n|\n|upkeep\n|turn|2\n|\n|t:|1782783003\n|move|p1a: Okidogi|Bulk Up|p1a: Okidogi\n|-boost|p1a: Okidogi|atk|1\n|-boost|p1a: Okidogi|def|1\n|move|p2a: Okidogi|Psychic Fangs|p1a: Okidogi\n|-supereffective|p1a: Okidogi\n|-damage|p1a: Okidogi|79/262\n|\n|upkeep\n|turn|3\n|\n|t:|1782783014\n|switch|p1a: Glastrier|Glastrier, L86|312/312\n|move|p2a: Okidogi|Psychic Fangs|p1a: Glastrier\n|-damage|p1a: Glastrier|269/312\n|\n|upkeep\n|turn|4\n|\n|t:|1782783021\n|switch|p2a: Cramorant|Cramorant, L86, F|261/261\n|move|p1a: Glastrier|Swords Dance|p1a: Glastrier\n|-boost|p1a: Glastrier|atk|2\n|\n|upkeep\n|turn|5\n|\n|t:|1782783032\n|move|p2a: Cramorant|Surf|p1a: Glastrier\n|-formechange|p2a: Cramorant|Cramorant-Gulping|\n|-damage|p1a: Glastrier|199/312\n|move|p1a: Glastrier|Icicle Crash|p2a: Cramorant\n|-damage|p2a: Cramorant|0 fnt\n|-damage|p1a: Glastrier|121/312|[from] ability: Gulp Missile|[of] p2a: Cramorant\n|-unboost|p1a: Glastrier|def|1\n|-formechange|p2a: Cramorant|Cramorant|\n|faint|p2a: Cramorant\n|-ability|p1a: Glastrier|Chilling Neigh|boost\n|-boost|p1a: Glastrier|atk|1\n|\n|upkeep\n|\n|t:|1782783053\n|switch|p2a: Quaquaval|Quaquaval, L79, F|264/264\n|turn|6\n|\n|t:|1782783057\n|switch|p1a: Houndstone|Houndstone, L86, M|264/264\n|move|p2a: Quaquaval|Aqua Step|p1a: Houndstone\n|-damage|p1a: Houndstone|225/264\n|-boost|p2a: Quaquaval|spe|1\n|\n|-heal|p1a: Houndstone|241/264|[from] item: Leftovers\n|upkeep\n|turn|7\n|j| log out artist\n|l| log out artist\n|\n|t:|1782783072\n|switch|p2a: Slaking|Slaking, L84, M|389/389\n|move|p1a: Houndstone|Poltergeist|p2a: Slaking\n|-immune|p2a: Slaking\n|\n|-heal|p1a: Houndstone|257/264|[from] item: Leftovers\n|upkeep\n|turn|8\n|\n|t:|1782783082\n|move|p2a: Slaking|Knock Off|p1a: Houndstone\n|-supereffective|p1a: Houndstone\n|-damage|p1a: Houndstone|130/264\n|-enditem|p1a: Houndstone|Leftovers|[from] move: Knock Off|[of] p2a: Slaking\n|move|p1a: Houndstone|Body Press|p2a: Slaking\n|-supereffective|p2a: Slaking\n|-damage|p2a: Slaking|281/389\n|\n|upkeep\n|turn|9\n|\n|t:|1782783091\n|switch|p2a: Okidogi|Okidogi, L77, M|262/262\n|move|p1a: Houndstone|Body Press|p2a: Okidogi\n|-resisted|p2a: Okidogi\n|-damage|p2a: Okidogi|237/262\n|\n|upkeep\n|turn|10\n|\n|t:|1782783102\n|move|p2a: Okidogi|Knock Off|p1a: Houndstone\n|-supereffective|p1a: Houndstone\n|-damage|p1a: Houndstone|89/264\n|move|p1a: Houndstone|Poltergeist|p2a: Okidogi\n|-activate|p2a: Okidogi|move: Poltergeist|Assault Vest\n|-damage|p2a: Okidogi|120/262\n|\n|upkeep\n|turn|11\n|\n|t:|1782783111\n|switch|p2a: Slaking|Slaking, L84, M|281/389\n|move|p1a: Houndstone|Poltergeist|p2a: Slaking\n|-immune|p2a: Slaking\n|\n|upkeep\n|turn|12\n|\n|t:|1782783120\n|switch|p1a: Alomomola|Alomomola, L87, F|429/429\n|move|p2a: Slaking|Knock Off|p1a: Alomomola\n|-damage|p1a: Alomomola|278/429\n|-enditem|p1a: Alomomola|Leftovers|[from] move: Knock Off|[of] p2a: Slaking\n|\n|upkeep\n|turn|13\n|\n|t:|1782783129\n|switch|p2a: Whimsicott|Whimsicott, L84, M|238/238\n|move|p1a: Alomomola|Wish|p1a: Alomomola\n|\n|upkeep\n|turn|14\n|\n|t:|1782783139\n|switch|p1a: Glastrier|Glastrier, L86|121/312\n|move|p2a: Whimsicott|Substitute|p2a: Whimsicott\n|-start|p2a: Whimsicott|Substitute\n|-damage|p2a: Whimsicott|179/238\n|\n|-heal|p1a: Glastrier|312/312|[from] move: Wish|[wisher] Alomomola\n|-heal|p2a: Whimsicott|193/238|[from] item: Leftovers\n|upkeep\n|turn|15\n|\n|t:|1782783150\n|move|p2a: Whimsicott|Leech Seed|p1a: Glastrier\n|-start|p1a: Glastrier|move: Leech Seed\n|move|p1a: Glastrier|Heavy Slam|p2a: Whimsicott\n|-supereffective|p2a: Whimsicott\n|-end|p2a: Whimsicott|Substitute\n|\n|-heal|p2a: Whimsicott|207/238|[from] item: Leftovers\n|-damage|p1a: Glastrier|273/312|[from] Leech Seed|[of] p2a: Whimsicott\n|-heal|p2a: Whimsicott|238/238|[silent]\n|upkeep\n|turn|16\n|\n|t:|1782783160\n|switch|p2a: Quaquaval|Quaquaval, L79, F|264/264\n|switch|p1a: Jolteon|Jolteon, L84, M|246/246\n|\n|upkeep\n|turn|17\n|\n|t:|1782783167\n|switch|p2a: Pachirisu|Pachirisu, L96, M|271/271\n|move|p1a: Jolteon|Thunderbolt|p2a: Pachirisu\n|-immune|p2a: Pachirisu|[from] ability: Volt Absorb\n|\n|upkeep\n|turn|18\n|\n|t:|1782783178\n|switch|p1a: Houndstone|Houndstone, L86, M|89/264\n|move|p2a: Pachirisu|U-turn|p1a: Houndstone\n|-resisted|p1a: Houndstone\n|-crit|p1a: Houndstone\n|-damage|p1a: Houndstone|77/264\n|\n|t:|1782783194\n|switch|p2a: Quaquaval|Quaquaval, L79, F|264/264|[from] U-turn\n|\n|upkeep\n|turn|19\n|\n|t:|1782783198\n|move|p2a: Quaquaval|Swords Dance|p2a: Quaquaval\n|-boost|p2a: Quaquaval|atk|2\n|move|p1a: Houndstone|Roar|p2a: Quaquaval\n|drag|p2a: Slaking|Slaking, L84, M|281/389\n|\n|upkeep\n|turn|20\n|\n|t:|1782783218\n|switch|p2a: Okidogi|Okidogi, L77, M|120/262\n|move|p1a: Houndstone|Body Press|p2a: Okidogi\n|-resisted|p2a: Okidogi\n|-damage|p2a: Okidogi|95/262\n|\n|upkeep\n|turn|21\n|\n|t:|1782783230\n|move|p2a: Okidogi|Knock Off|p1a: Houndstone\n|-supereffective|p1a: Houndstone\n|-damage|p1a: Houndstone|30/264\n|move|p1a: Houndstone|Body Press|p2a: Okidogi\n|-resisted|p2a: Okidogi\n|-damage|p2a: Okidogi|68/262\n|\n|upkeep\n|turn|22\n|\n|t:|1782783237\n|move|p1a: Houndstone|Shadow Sneak|p2a: Okidogi\n|-damage|p2a: Okidogi|25/262\n|move|p2a: Okidogi|Knock Off|p1a: Houndstone\n|-supereffective|p1a: Houndstone\n|-damage|p1a: Houndstone|0 fnt\n|faint|p1a: Houndstone\n|\n|upkeep\n|\n|t:|1782783238\n|switch|p1a: Jolteon|Jolteon, L84, M|246/246\n|turn|23\n|\n|t:|1782783250\n|switch|p2a: Whimsicott|Whimsicott, L84, M|238/238\n|move|p1a: Jolteon|Volt Switch|p2a: Whimsicott\n|-resisted|p2a: Whimsicott\n|-damage|p2a: Whimsicott|163/238\n|\n|t:|1782783251\n|switch|p1a: Alomomola|Alomomola, L87, F|421/429|[from] Volt Switch\n|\n|-heal|p2a: Whimsicott|177/238|[from] item: Leftovers\n|upkeep\n|turn|24\n|\n|t:|1782783262\n|move|p2a: Whimsicott|Substitute|p2a: Whimsicott\n|-start|p2a: Whimsicott|Substitute\n|-damage|p2a: Whimsicott|118/238\n|move|p1a: Alomomola|Flip Turn|p2a: Whimsicott\n|-resisted|p2a: Whimsicott\n|-activate|p2a: Whimsicott|move: Substitute|[damage]\n|\n|t:|1782783263\n|switch|p1a: Jolteon|Jolteon, L84, M|246/246|[from] Flip Turn\n|\n|-heal|p2a: Whimsicott|132/238|[from] item: Leftovers\n|upkeep\n|turn|25\n|\n|t:|1782783274\n|move|p1a: Jolteon|Alluring Voice|p2a: Whimsicott\n|-damage|p2a: Whimsicott|28/238\n|move|p2a: Whimsicott|Moonblast|p1a: Jolteon\n|-damage|p1a: Jolteon|167/246\n|\n|-heal|p2a: Whimsicott|42/238|[from] item: Leftovers\n|upkeep\n|turn|26\n|\n|t:|1782783283\n|switch|p2a: Pachirisu|Pachirisu, L96, M|271/271\n|move|p1a: Jolteon|Alluring Voice|p2a: Pachirisu\n|-damage|p2a: Pachirisu|192/271\n|\n|upkeep\n|turn|27\n|\n|t:|1782783290\n|move|p1a: Jolteon|Alluring Voice|p2a: Pachirisu\n|-damage|p2a: Pachirisu|115/271\n|move|p2a: Pachirisu|Super Fang|p1a: Jolteon\n|-damage|p1a: Jolteon|84/246\n|\n|upkeep\n|turn|28\n|\n|t:|1782783296\n|move|p1a: Jolteon|Alluring Voice|p2a: Pachirisu\n|-damage|p2a: Pachirisu|36/271\n|move|p2a: Pachirisu|U-turn|p1a: Jolteon\n|-damage|p1a: Jolteon|32/246\n|\n|t:|1782783304\n|switch|p2a: Quaquaval|Quaquaval, L79, F|264/264|[from] U-turn\n|\n|upkeep\n|turn|29\n|\n|t:|1782783312\n|-terastallize|p2a: Quaquaval|Steel\n|move|p1a: Jolteon|Alluring Voice|p2a: Quaquaval\n|-resisted|p2a: Quaquaval\n|-damage|p2a: Quaquaval|213/264\n|move|p2a: Quaquaval|Swords Dance|p2a: Quaquaval\n|-boost|p2a: Quaquaval|atk|2\n|\n|-heal|p2a: Quaquaval|229/264|[from] item: Leftovers\n|upkeep\n|turn|30\n|\n|t:|1782783325\n|switch|p1a: Alomomola|Alomomola, L87, F|429/429\n|move|p2a: Quaquaval|Aqua Step|p1a: Alomomola\n|-resisted|p1a: Alomomola\n|-damage|p1a: Alomomola|330/429\n|-boost|p2a: Quaquaval|spe|1\n|\n|-heal|p2a: Quaquaval|245/264|[from] item: Leftovers\n|upkeep\n|turn|31\n|\n|t:|1782783335\n|move|p2a: Quaquaval|Close Combat|p1a: Alomomola\n|-damage|p1a: Alomomola|78/429\n|-unboost|p2a: Quaquaval|def|1\n|-unboost|p2a: Quaquaval|spd|1\n|move|p1a: Alomomola|Scald|p2a: Quaquaval\n|-damage|p2a: Quaquaval|161/264\n|\n|-heal|p2a: Quaquaval|177/264|[from] item: Leftovers\n|upkeep\n|turn|32\n|\n|t:|1782783346\n|switch|p1a: Jolteon|Jolteon, L84, M|32/246\n|move|p2a: Quaquaval|Aqua Step|p1a: Jolteon\n|-damage|p1a: Jolteon|0 fnt\n|-boost|p2a: Quaquaval|spe|1\n|faint|p1a: Jolteon\n|-ability|p2a: Quaquaval|Moxie|boost\n|-boost|p2a: Quaquaval|atk|1\n|\n|-heal|p2a: Quaquaval|193/264|[from] item: Leftovers\n|upkeep\n|\n|t:|1782783346\n|switch|p1a: Glastrier|Glastrier, L86|273/312\n|turn|33\n|\n|t:|1782783364\n|-terastallize|p1a: Glastrier|Ground\n|move|p2a: Quaquaval|Close Combat|p1a: Glastrier\n|-damage|p1a: Glastrier|53/312\n|-unboost|p2a: Quaquaval|def|1\n|-unboost|p2a: Quaquaval|spd|1\n|move|p1a: Glastrier|High Horsepower|p2a: Quaquaval\n|-supereffective|p2a: Quaquaval\n|-damage|p2a: Quaquaval|0 fnt\n|faint|p2a: Quaquaval\n|-ability|p1a: Glastrier|Chilling Neigh|boost\n|-boost|p1a: Glastrier|atk|1\n|\n|upkeep\n|inactive|torre29 has 120 seconds left.\n|\n|t:|1782783390\n|switch|p2a: Okidogi|Okidogi, L77, M|25/262\n|turn|34\n|\n|t:|1782783394\n|switch|p1a: Klefki|Klefki, L84, F|233/233\n|move|p2a: Okidogi|Drain Punch|p1a: Klefki\n|-damage|p1a: Klefki|152/233\n|-heal|p2a: Okidogi|66/262|[from] drain|[of] p1a: Klefki\n|\n|-heal|p1a: Klefki|166/233|[from] item: Leftovers\n|upkeep\n|turn|35\n|\n|t:|1782783405\n|move|p1a: Klefki|Play Rough|p2a: Okidogi\n|-damage|p2a: Okidogi|0 fnt\n|faint|p2a: Okidogi\n|\n|-heal|p1a: Klefki|180/233|[from] item: Leftovers\n|upkeep\n|inactive|torre29 has 120 seconds left.\n|\n|t:|1782783439\n|switch|p2a: Pachirisu|Pachirisu, L96, M|36/271\n|turn|36\n|\n|t:|1782783443\n|move|p1a: Klefki|Spikes|p2a: Pachirisu\n|-sidestart|p2: torre29|Spikes\n|move|p2a: Pachirisu|Discharge|p1a: Klefki\n|-damage|p1a: Klefki|117/233\n|\n|-heal|p1a: Klefki|131/233|[from] item: Leftovers\n|upkeep\n|turn|37\n|\n|t:|1782783453\n|move|p1a: Klefki|Spikes|p2a: Pachirisu\n|-sidestart|p2: torre29|Spikes\n|move|p2a: Pachirisu|Encore|p1a: Klefki\n|-start|p1a: Klefki|Encore\n|\n|-heal|p1a: Klefki|145/233|[from] item: Leftovers\n|upkeep\n|turn|38\n|inactive|torre29 has 120 seconds left.\n|\n|t:|1782783461\n|switch|p1a: Alomomola|Alomomola, L87, F|221/429\n|move|p2a: Pachirisu|Discharge|p1a: Alomomola\n|-supereffective|p1a: Alomomola\n|-damage|p1a: Alomomola|33/429\n|\n|upkeep\n|turn|39\n|\n|t:|1782783468\n|switch|p1a: Klefki|Klefki, L84, F|145/233\n|move|p2a: Pachirisu|Discharge|p1a: Klefki\n|-damage|p1a: Klefki|79/233\n|\n|-heal|p1a: Klefki|93/233|[from] item: Leftovers\n|upkeep\n|turn|40\n|inactive|torre29 has 120 seconds left.\n|\n|t:|1782783506\n|move|p2a: Pachirisu|Discharge|p1a: Klefki\n|-damage|p1a: Klefki|24/233\n|move|p1a: Klefki|Play Rough|p2a: Pachirisu\n|-damage|p2a: Pachirisu|0 fnt\n|faint|p2a: Pachirisu\n|\n|-heal|p1a: Klefki|38/233|[from] item: Leftovers\n|upkeep\n|inactive|torre29 has 90 seconds left.\n|\n|t:|1782783521\n|switch|p2a: Whimsicott|Whimsicott, L84, M|42/238\n|-damage|p2a: Whimsicott|3/238|[from] Spikes\n|turn|41\n|\n|t:|1782783528\n|move|p1a: Klefki|Thunder Wave|p2a: Whimsicott\n|-status|p2a: Whimsicott|par\n|move|p2a: Whimsicott|Moonblast|p1a: Klefki\n|-resisted|p1a: Klefki\n|-damage|p1a: Klefki|0 fnt\n|faint|p1a: Klefki\n|\n|-heal|p2a: Whimsicott|17/238 par|[from] item: Leftovers\n|upkeep\n|\n|t:|1782783528\n|switch|p1a: Alomomola|Alomomola, L87, F|176/429\n|turn|42\n|\n|t:|1782783543\n|move|p1a: Alomomola|Protect|p1a: Alomomola\n|-singleturn|p1a: Alomomola|Protect\n|cant|p2a: Whimsicott|par\n|\n|-heal|p2a: Whimsicott|31/238 par|[from] item: Leftovers\n|upkeep\n|turn|43\n|\n|t:|1782783550\n|move|p2a: Whimsicott|Leech Seed|p1a: Alomomola\n|-start|p1a: Alomomola|move: Leech Seed\n|move|p1a: Alomomola|Wish|p1a: Alomomola\n|\n|-heal|p2a: Whimsicott|45/238 par|[from] item: Leftovers\n|-damage|p1a: Alomomola|123/429|[from] Leech Seed|[of] p2a: Whimsicott\n|-heal|p2a: Whimsicott|98/238 par|[silent]\n|upkeep\n|turn|44\n|\n|t:|1782783565\n|move|p2a: Whimsicott|Substitute|p2a: Whimsicott\n|-start|p2a: Whimsicott|Substitute\n|-damage|p2a: Whimsicott|39/238 par\n|move|p1a: Alomomola|Flip Turn|p2a: Whimsicott\n|-resisted|p2a: Whimsicott\n|-activate|p2a: Whimsicott|move: Substitute|[damage]\n|\n|t:|1782783566\n|switch|p1a: Glastrier|Glastrier, L86, tera:Ground|53/312|[from] Flip Turn\n|\n|-heal|p1a: Glastrier|267/312|[from] move: Wish|[wisher] Alomomola\n|-heal|p2a: Whimsicott|53/238 par|[from] item: Leftovers\n|upkeep\n|turn|45\n|\n|t:|1782783578\n|switch|p1a: Alomomola|Alomomola, L87, F|266/429\n|move|p2a: Whimsicott|Leech Seed|p1a: Alomomola\n|-start|p1a: Alomomola|move: Leech Seed\n|\n|-heal|p2a: Whimsicott|67/238 par|[from] item: Leftovers\n|-damage|p1a: Alomomola|213/429|[from] Leech Seed|[of] p2a: Whimsicott\n|-heal|p2a: Whimsicott|120/238 par|[silent]\n|upkeep\n|turn|46\n|\n|t:|1782783587\n|move|p1a: Alomomola|Flip Turn|p2a: Whimsicott\n|-resisted|p2a: Whimsicott\n|-activate|p2a: Whimsicott|move: Substitute|[damage]\n|\n|t:|1782783588\n|switch|p1a: Okidogi|Okidogi, L77, M|79/262|[from] Flip Turn\n|move|p2a: Whimsicott|Moonblast|p1a: Okidogi\n|-damage|p1a: Okidogi|0 fnt\n|faint|p1a: Okidogi\n|\n|-heal|p2a: Whimsicott|134/238 par|[from] item: Leftovers\n|upkeep\n|\n|t:|1782783589\n|switch|p1a: Alomomola|Alomomola, L87, F|356/429\n|turn|47\n|\n|t:|1782783603\n|move|p1a: Alomomola|Flip Turn|p2a: Whimsicott\n|-resisted|p2a: Whimsicott\n|-end|p2a: Whimsicott|Substitute\n|\n|t:|1782783603\n|switch|p1a: Glastrier|Glastrier, L86, tera:Ground|267/312|[from] Flip Turn\n|cant|p2a: Whimsicott|par\n|\n|-heal|p2a: Whimsicott|148/238 par|[from] item: Leftovers\n|upkeep\n|turn|48\n|\n|t:|1782783615\n|switch|p1a: Alomomola|Alomomola, L87, F|429/429\n|move|p2a: Whimsicott|Substitute|p2a: Whimsicott\n|-start|p2a: Whimsicott|Substitute\n|-damage|p2a: Whimsicott|89/238 par\n|\n|-heal|p2a: Whimsicott|103/238 par|[from] item: Leftovers\n|upkeep\n|turn|49\n|\n|t:|1782783623\n|cant|p2a: Whimsicott|par\n|move|p1a: Alomomola|Wish|p1a: Alomomola\n|\n|-heal|p2a: Whimsicott|117/238 par|[from] item: Leftovers\n|upkeep\n|turn|50\n|\n|t:|1782783629\n|move|p1a: Alomomola|Flip Turn|p2a: Whimsicott\n|-resisted|p2a: Whimsicott\n|-activate|p2a: Whimsicott|move: Substitute|[damage]\n|\n|t:|1782783630\n|switch|p1a: Glastrier|Glastrier, L86, tera:Ground|267/312|[from] Flip Turn\n|move|p2a: Whimsicott|Moonblast|p1a: Glastrier\n|-damage|p1a: Glastrier|200/312\n|\n|-heal|p1a: Glastrier|312/312|[from] move: Wish|[wisher] Alomomola\n|-heal|p2a: Whimsicott|131/238 par|[from] item: Leftovers\n|upkeep\n|turn|51\n|\n|t:|1782783643\n|cant|p2a: Whimsicott|par\n|move|p1a: Glastrier|Heavy Slam|p2a: Whimsicott\n|-supereffective|p2a: Whimsicott\n|-end|p2a: Whimsicott|Substitute\n|\n|-heal|p2a: Whimsicott|145/238 par|[from] item: Leftovers\n|upkeep\n|turn|52\n|\n|t:|1782783651\n|switch|p1a: Alomomola|Alomomola, L87, F|429/429\n|move|p2a: Whimsicott|Leech Seed|p1a: Alomomola\n|-start|p1a: Alomomola|move: Leech Seed\n|\n|-heal|p2a: Whimsicott|159/238 par|[from] item: Leftovers\n|-damage|p1a: Alomomola|376/429|[from] Leech Seed|[of] p2a: Whimsicott\n|-heal|p2a: Whimsicott|212/238 par|[silent]\n|upkeep\n|turn|53\n|l|\u2606torre29\n|inactive|torre29 disconnected and has a minute to reconnect!\n|player|p2|\n|inactive|torre29 has 30 seconds to reconnect!\n|inactive|torre29 has 20 seconds to reconnect!\n|inactive|torre29 has 15 seconds to reconnect!\n|inactive|torre29 has 10 seconds to reconnect!\n|inactive|torre29 has 5 seconds to reconnect!\n|-message|torre29 lost due to inactivity.\n|\n|win|notmetbh102\n|raw|notmetbh102's rating: 2231 &rarr; <strong>2249</strong><br />(+18 for winning)\n|raw|torre29's rating: 2193 &rarr; <strong>2175</strong><br />(-18 for losing)\n|c|\u2606notmetbh102|gg\n", "inputlog": ">version f8ac14003a5f27e1bdc8d8c59608a773c1cb96e5\n>start {\"formatid\":\"gen9randombattle\",\"seed\":\"sodium,53751497f419a7427e19976b72a590bd\",\"rated\":\"Rated battle\"}\n>player p1 {\"name\":\"notmetbh102\",\"avatar\":\"2\",\"rating\":2231,\"seed\":\"sodium,6802c7a47a06e531d38be139cdee85f4\"}\n>player p2 {\"name\":\"torre29\",\"avatar\":\"102\",\"rating\":2193,\"seed\":\"sodium,780c95b4124906ae0d74448423280e93\"}\n>chat \u2606notmetbh102|hf\n>p1 switch 4\n>p2 move knockoff\n>p1 move bulkup\n>p2 move psychicfangs\n>p1 switch 5\n>p2 move psychicfangs\n>p1 move swordsdance\n>p2 switch 2\n>p1 move iciclecrash\n>p2 move surf\n>p2 switch 6\n>p1 switch 4\n>p2 move aquastep\n>p1 move poltergeist\n>p2 switch 5\n>p1 move bodypress\n>p2 move knockoff\n>p1 move bodypress\n>p2 switch 2\n>p1 move poltergeist\n>p2 move knockoff\n>p1 move poltergeist\n>p2 switch 2\n>p1 switch 6\n>p2 move knockoff\n>p1 move wish\n>p2 switch 3\n>p1 switch 4\n>p2 move substitute\n>p1 move heavyslam\n>p2 move leechseed\n>p1 switch 2\n>p2 switch 5\n>p1 move thunderbolt\n>p2 switch 4\n>p1 switch 6\n>p2 move uturn\n>p2 switch 4\n>p1 move roar\n>p2 move swordsdance\n>p1 move bodypress\n>p2 switch 2\n>p1 move bodypress\n>p2 move knockoff\n>p1 move shadowsneak\n>p2 move knockoff\n>p1 switch 6\n>p1 move voltswitch\n>p2 switch 5\n>p1 switch 4\n>p1 move flipturn\n>p2 move substitute\n>p1 switch 4\n>p1 move alluringvoice\n>p2 move moonblast\n>p1 move alluringvoice\n>p2 switch 4\n>p1 move alluringvoice\n>p2 move superfang\n>p1 move alluringvoice\n>p2 move uturn\n>p2 switch 3\n>p1 move alluringvoice\n>p2 move swordsdance terastallize\n>p1 switch 4\n>p2 move aquastep\n>p1 move scald\n>p2 move closecombat\n>p1 switch 4\n>p2 move aquastep\n>p1 switch 2\n>p1 move highhorsepower terastallize\n>p2 move closecombat\n>p2 switch 5\n>p1 switch 3\n>p2 move drainpunch\n>p1 move playrough\n>p2 move drainpunch\n>p2 switch 3\n>p1 move spikes\n>p2 move discharge\n>p1 move spikes\n>p2 move encore\n>p1 switch 4\n>p2 move discharge\n>p1 switch 4\n>p2 move discharge\n>p1 move playrough\n>p2 move discharge\n>p2 switch 4\n>p1 move thunderwave\n>p2 move moonblast\n>p1 switch 4\n>p1 move protect\n>p2 move leechseed\n>p1 move wish\n>p2 move leechseed\n>p1 move flipturn\n>p2 move substitute\n>p1 switch 3\n>p1 switch 3\n>p2 move leechseed\n>p1 move flipturn\n>p2 move moonblast\n>p1 switch 5\n>p1 switch 5\n>p1 move flipturn\n>p2 move moonblast\n>p1 switch 3\n>p1 switch 3\n>p2 move substitute\n>p1 move wish\n>p2 move leechseed\n>p1 move flipturn\n>p2 move moonblast\n>p1 switch 3\n>p1 move heavyslam\n>p2 move leechseed\n>p1 switch 3\n>p2 move leechseed\n>forcelose p2", "uploadtime": 1782782975, "views": 10, "formatid": "gen9randombattle", "rating": 2175, "private": 0, "password": null, "player_dets": [{"name": "notmetbh102", "avatar": "2", "rating": 2231, "seed": "sodium,6802c7a47a06e531d38be139cdee85f4"}, {"name": "torre29", "avatar": "102", "rating": 2193, "seed": "sodium,780c95b4124906ae0d74448423280e93"}], "teams_full": [{"Houndstone": {"name": "Houndstone", "species": "Houndstone", "speciesId": "houndstone", "gender": "M", "shiny": false, "level": 86, "moves": ["roar", "shadowsneak", "bodypress", "poltergeist"], "ability": "Fluffy", "evs": {"hp": 85, "atk": 85, "def": 85, "spa": 85, "spd": 85, "spe": 85}, "ivs": {"hp": 31, "atk": 31, "def": 31, "spa": 31, "spd": 31, "spe": 31}, "item": "Leftovers", "teraType": "Fighting", "role": "Bulky Attacker", "bvs": {"hp": 72, "atk": 101, "def": 100, "spa": 50, "spd": 97, "spe": 68}, "stats": {"hp": 264, "atk": 223, "def": 221, "spa": 135, "spd": 216, "spe": 166}, "types": ["Ghost"]}, "Jolteon": {"name": "Jolteon", "species": "Jolteon", "speciesId": "jolteon", "gender": "M", "shiny": false, "level": 84, "moves": ["thunderbolt", "voltswitch", "shadowball", "alluringvoice"], "ability": "Volt Absorb", "evs": {"hp": 85, "atk": 0, "def": 85, "spa": 85, "spd": 85, "spe": 85}, "ivs": {"hp": 31, "atk": 0, "def": 31, "spa": 31, "spd": 31, "spe": 31}, "item": "Choice Specs", "teraType": "Electric", "role": "Fast Attacker", "bvs": {"hp": 65, "atk": 65, "def": 60, "spa": 110, "spd": 95, "spe": 130}, "stats": {"hp": 246, "atk": 114, "def": 149, "spa": 233, "spd": 208, "spe": 267}, "types": ["Electric"]}, "Klefki": {"name": "Klefki", "species": "Klefki", "speciesId": "klefki", "gender": "F", "shiny": false, "level": 84, "moves": ["spikes", "magnetrise", "thunderwave", "playrough"], "ability": "Prankster", "evs": {"hp": 85, "atk": 85, "def": 85, "spa": 85, "spd": 85, "spe": 85}, "ivs": {"hp": 31, "atk": 31, "def": 31, "spa": 31, "spd": 31, "spe": 31}, "item": "Leftovers", "teraType": "Water", "role": "Bulky Support", "bvs": {"hp": 57, "atk": 80, "def": 91, "spa": 80, "spd": 87, "spe": 75}, "stats": {"hp": 233, "atk": 183, "def": 201, "spa": 183, "spd": 194, "spe": 174}, "types": ["Steel", "Fairy"]}, "Okidogi": {"name": "Okidogi", "species": "Okidogi", "speciesId": "okidogi", "gender": "M", "shiny": false, "level": 77, "moves": ["drainpunch", "bulkup", "gunkshot", "knockoff"], "ability": "Toxic Chain", "evs": {"hp": 85, "atk": 85, "def": 85, "spa": 85, "spd": 85, "spe": 85}, "ivs": {"hp": 31, "atk": 31, "def": 31, "spa": 31, "spd": 31, "spe": 31}, "item": "Leftovers", "teraType": "Dark", "role": "Bulky Setup", "bvs": {"hp": 88, "atk": 128, "def": 115, "spa": 58, "spd": 86, "spe": 80}, "stats": {"hp": 262, "atk": 242, "def": 222, "spa": 134, "spd": 177, "spe": 168}, "types": ["Poison", "Fighting"]}, "Glastrier": {"name": "Glastrier", "species": "Glastrier", "speciesId": "glastrier", "gender": "N", "shiny": false, "level": 86, "moves": ["iciclecrash", "highhorsepower", "swordsdance", "heavyslam"], "ability": "Chilling Neigh", "evs": {"hp": 85, "atk": 85, "def": 85, "spa": 85, "spd": 85, "spe": 85}, "ivs": {"hp": 31, "atk": 31, "def": 31, "spa": 31, "spd": 31, "spe": 31}, "item": "Heavy-Duty Boots", "teraType": "Ground", "role": "Bulky Attacker", "bvs": {"hp": 100, "atk": 145, "def": 130, "spa": 65, "spd": 110, "spe": 30}, "stats": {"hp": 312, "atk": 299, "def": 273, "spa": 161, "spd": 238, "spe": 101}, "types": ["Ice"]}, "Alomomola": {"name": "Alomomola", "species": "Alomomola", "speciesId": "alomomola", "gender": "F", "shiny": false, "level": 87, "moves": ["scald", "wish", "protect", "flipturn"], "ability": "Regenerator", "evs": {"hp": 85, "atk": 85, "def": 85, "spa": 85, "spd": 85, "spe": 85}, "ivs": {"hp": 31, "atk": 31, "def": 31, "spa": 31, "spd": 31, "spe": 31}, "item": "Leftovers", "teraType": "Steel", "role": "Bulky Support", "bvs": {"hp": 165, "atk": 75, "def": 80, "spa": 40, "spd": 45, "spe": 65}, "stats": {"hp": 429, "atk": 180, "def": 189, "spa": 119, "spd": 128, "spe": 163}, "types": ["Water"]}}, {"Okidogi": {"name": "Okidogi", "species": "Okidogi", "speciesId": "okidogi", "gender": "M", "shiny": false, "level": 77, "moves": ["drainpunch", "knockoff", "psychicfangs", "gunkshot"], "ability": "Toxic Chain", "evs": {"hp": 85, "atk": 85, "def": 85, "spa": 85, "spd": 85, "spe": 85}, "ivs": {"hp": 31, "atk": 31, "def": 31, "spa": 31, "spd": 31, "spe": 31}, "item": "Assault Vest", "teraType": "Dark", "role": "AV Pivot", "bvs": {"hp": 88, "atk": 128, "def": 115, "spa": 58, "spd": 86, "spe": 80}, "stats": {"hp": 262, "atk": 242, "def": 222, "spa": 134, "spd": 177, "spe": 168}, "types": ["Poison", "Fighting"]}, "Cramorant": {"name": "Cramorant", "species": "Cramorant", "speciesId": "cramorant", "gender": "F", "shiny": false, "level": 86, "moves": ["roost", "defog", "bravebird", "surf"], "ability": "Gulp Missile", "evs": {"hp": 85, "atk": 85, "def": 85, "spa": 85, "spd": 85, "spe": 85}, "ivs": {"hp": 31, "atk": 31, "def": 31, "spa": 31, "spd": 31, "spe": 31}, "item": "Heavy-Duty Boots", "teraType": "Ground", "role": "Bulky Support", "bvs": {"hp": 70, "atk": 85, "def": 55, "spa": 85, "spd": 95, "spe": 85}, "stats": {"hp": 261, "atk": 195, "def": 144, "spa": 195, "spd": 213, "spe": 195}, "types": ["Flying", "Water"]}, "Whimsicott": {"name": "Whimsicott", "species": "Whimsicott", "speciesId": "whimsicott", "gender": "M", "shiny": false, "level": 84, "moves": ["substitute", "moonblast", "encore", "leechseed"], "ability": "Prankster", "evs": {"hp": 85, "atk": 0, "def": 85, "spa": 85, "spd": 85, "spe": 85}, "ivs": {"hp": 31, "atk": 0, "def": 31, "spa": 31, "spd": 31, "spe": 31}, "item": "Leftovers", "teraType": "Steel", "role": "Bulky Support", "bvs": {"hp": 60, "atk": 67, "def": 85, "spa": 77, "spd": 75, "spe": 116}, "stats": {"hp": 238, "atk": 117, "def": 191, "spa": 178, "spd": 174, "spe": 243}, "types": ["Grass", "Fairy"]}, "Pachirisu": {"name": "Pachirisu", "species": "Pachirisu", "speciesId": "pachirisu", "gender": "M", "shiny": false, "level": 96, "moves": ["encore", "uturn", "discharge", "superfang"], "ability": "Volt Absorb", "evs": {"hp": 85, "atk": 85, "def": 85, "spa": 85, "spd": 85, "spe": 85}, "ivs": {"hp": 31, "atk": 31, "def": 31, "spa": 31, "spd": 31, "spe": 31}, "item": "Heavy-Duty Boots", "teraType": "Flying", "role": "Fast Support", "bvs": {"hp": 60, "atk": 45, "def": 70, "spa": 45, "spd": 90, "spe": 95}, "stats": {"hp": 271, "atk": 141, "def": 189, "spa": 141, "spd": 227, "spe": 237}, "types": ["Electric"]}, "Slaking": {"name": "Slaking", "species": "Slaking", "speciesId": "slaking", "gender": "M", "shiny": false, "level": 84, "moves": ["doubleedge", "earthquake", "knockoff", "gigaimpact"], "ability": "Truant", "evs": {"hp": 85, "atk": 85, "def": 85, "spa": 85, "spd": 85, "spe": 85}, "ivs": {"hp": 31, "atk": 31, "def": 31, "spa": 31, "spd": 31, "spe": 31}, "item": "Choice Band", "teraType": "Ghost", "role": "Wallbreaker", "bvs": {"hp": 150, "atk": 160, "def": 100, "spa": 95, "spd": 65, "spe": 100}, "stats": {"hp": 389, "atk": 317, "def": 216, "spa": 208, "spd": 157, "spe": 216}, "types": ["Normal"]}, "Quaquaval": {"name": "Quaquaval", "species": "Quaquaval", "speciesId": "quaquaval", "gender": "F", "shiny": false, "level": 79, "moves": ["aquastep", "swordsdance", "closecombat", "roost"], "ability": "Moxie", "evs": {"hp": 85, "atk": 85, "def": 85, "spa": 85, "spd": 85, "spe": 85}, "ivs": {"hp": 31, "atk": 31, "def": 31, "spa": 31, "spd": 31, "spe": 31}, "item": "Leftovers", "teraType": "Steel", "role": "Bulky Attacker", "bvs": {"hp": 85, "atk": 120, "def": 80, "spa": 85, "spd": 75, "spe": 85}, "stats": {"hp": 264, "atk": 235, "def": 172, "spa": 180, "spd": 164, "spe": 180}, "types": ["Water", "Fighting"]}}]}